4026 6308
530 241 674 305 3263

1738 237 1803 300 S.
1845 231 2132 297 ANASTA
2143 236 2245 296 SIl
2289 235 2615 298 SlNAITAZ

3679 238 3817 304 1284

528 362 727 416 Crcata
759 357 905 414 enim
947 373 1110 429 quam
1143 357 1442 429 assumpsit
1502 365 1719 420 natura,
1753 363 1808 410 et
1843 369 1986 417 unus
2020 369 2117 407 no-

2235 372 2340 421 τος,
2372 350 2510 411 ἀλλὰ
2542 358 2638 428 τῆς
2678 357 3095 431 ἁνθρωπότητος
3119 378 3131 391 ·
3178 378 3195 410 ι
3232 359 3449 414 Ἕλειον
3481 362 3615 431 γὲιρ,
3658 348 3812 431 ᾠηοὶ,

534 464 710 507 strum
741 453 856 523 ipse
877 454 1126 515 Creator,
1162 450 1259 506 sed
1293 451 1349 505 in
1383 464 1490 519 qua
1529 447 1961 511 sanctilicamur,
2000 460 2132 516 pro-

533 556 724 616 pterea
752 562 861 601 non
896 544 1182 601 erubescit
1204 541 1402 598 fratres
1427 557 1628 598 vocare
1661 540 1889 595 dicens:
1924 559 1943 590 ‹
1972 540 2130 593 Nun-

534 639 688 693 tiabo
722 655 925 693 nomen
963 647 1118 694 tuum
1154 638 1420 693 fratribus
1450 635 1612 701 meis,
1636 634 1691 687 in
1719 631 1900 687 medio
1931 630 2127 685 Eccle-

532 730 634 785 siae
662 730 901 785 laudabo
930 732 1066 787 te".
1110 749 1129 782 ι
1160 731 1228 786 Ει
1252 730 1454 785 lterum
1481 745 1495 783 :
1537 746 1555 779 ι
1589 728 1703 798 Ego
1734 740 1830 780 ero
1861 723 2039 778 fidens
2071 724 2128 776 in

534 823 756 889 eum";
795 842 813 874 ι
860 831 916 877 et
959 823 1197 878 iterum:
1256 841 1275 875 ι
1337 822 1480 878 Ecce
1528 836 1631 891 ego
1678 827 1737 875 et
1794 816 1950 889 pueri
1988 829 2129 886 quos

2230 449 2608 516 ἀγαλλιάσεως
2642 451 2793 521 παρὰ
2826 452 2950 516 τοὺς
2984 453 3245 523 μετόχους
3290 470 3407 506 σου.
3451 473 3469 505 ι
3492 455 3732 523 Μέτοχοι
3759 456 3815 509 δὲ

2227 541 2323 592 καὶ
2370 543 2533 612 ἡμεῖς
2580 545 2675 597 καὶ
2726 544 2997 605 κοινωνοὶ,
3030 544 3089 597 οὐ
3111 546 3207 615 τῆς
3243 545 3518 615 θεότητος,
3552 546 3691 599 ἀλλὰ
3717 547 3814 613 τῆς

2227 631 2672 706 ἁνθρωπότηῖος,
2727 634 2911 703 καθὼς
2956 637 3290 706 γέγραπταιο
3345 656 3363 688 ι
3394 638 3460 692 Ὅ
3486 655 3545 690 τε
3573 639 3814 707 ἁγιάζων

2227 724 2319 774 καὶ
2351 726 2399 777 οἱ
2427 725 2801 795 ἁγιαζόμενοι,
2830 728 2889 794 ἐξ
2916 728 3032 791 ἐνὸς
3066 730 3265 793 πάντες
3288 745 3300 758 ·
3331 748 3349 782 ι
3415 730 3510 783 καὶ
3536 730 3698 783 τοῦτο
3721 731 3813 782 ἁνο

2227 814 2530 886 θρὼπινον·
2568 823 2759 891 κτιστὴ
2787 822 2896 892 γὰρ
2930 825 2962 893 ἡ
2995 822 3261 895 ληφθεῖσα
3312 822 3497 891 φύσις.
3523 818 3602 884 εἷς
3644 823 3703 876 δέ
3750 840 3811 889 γε

536 913 690 967 dedit
722 914 855 968 mihi
892 916 1036 971 Deus
1052 915 1121 969 ⁷⁷.
1151 934 1169 967 ι

2235 909 2319 959 καὶ
2375 910 2532 979 ἡμῶν
2580 913 2673 966 καὶ
2702 914 2865 977 αὐτὸς
2913 916 2942 968 ὁ
2989 915 3259 985 Ποιητήςσ
3309 915 3448 968 ἀλλὰ
3497 915 3565 968 δι’
3599 916 3815 980 ἐκείνης

537 1008 901 1079 ἁγιαζόμεθα,
931 1010 999 1063 δι’
1024 1010 1091 1081 ἢν
1131 1010 1315 1063 αἰτίαν
1362 1008 1462 1062 οὐκ
1508 1003 1899 1075 ἐπαισχύνεται
1932 996 2131 1060 αὐτοὺς
2169 995 2437 1068 ἀδελφοὺς
2480 1004 2664 1057 καλεῖν
2726 1004 2932 1075 λέγωνὲ
2976 1026 2995 1058 ‹
3036 1007 3361 1076 Ἀπαγγελῶ
3401 1007 3462 1060 τὸ
3517 1008 3691 1077 ὄνομα
3723 1025 3811 1060 σου

538 1104 655 1164 τοῖς
686 1102 941 1169 ἀδελφοῖς
968 1120 1094 1173 μου.
1127 1103 1184 1155 ὲν
1231 1101 1380 1172 μέσῳ
1405 1098 1702 1169 ἐκκλησίας
1744 1095 1974 1164 ὑμνήσω
2004 1105 2083 1143 σε.
2110 1106 2128 1139 ι
2175 1088 2285 1141 Καὶ
2340 1095 2530 1149 πάλιν·
2607 1118 2625 1149 r
2653 1098 2890 1170 Ἕσομαι
2960 1099 3071 1168 ἐγὼ
3129 1100 3403 1164 πεποιθὼς
3450 1101 3545 1153 ἐπ’
3591 1101 3805 1172 αὐτῷ.»

538 1198 652 1252 Καὶ
677 1198 840 1251 πάλιν
864 1214 876 1226 ·
916 1215 934 1248 ι
970 1198 1100 1250 Ἰδοὺ
1134 1196 1245 1263 ἐγὼ
1275 1196 1371 1249 καὶ
1410 1194 1478 1249 τὰ
1523 1192 1711 1247 παιδία
1742 1190 1777 1245 ἆ
1807 1206 1896 1261 μοι
1923 1187 2122 1261 ἔδωκεν
2160 1182 2189 1234 ὁ
2221 1182 2375 1251 Θεός.
2399 1208 2416 1241 ι

597 1295 659 1353 Si
688 1302 872 1348 autem
922 1293 1189 1347 Dominus
1236 1301 1292 1347 et
1336 1290 1567 1347 Creator
1594 1288 1865 1349 omnium,
1898 1291 2126 1355 promer

2298 1283 2361 1339 ΕΞ
2403 1286 2460 1340 δὲ
2508 1288 2601 1341 καὶ
2638 1289 2915 1360 Δεσπότης
2970 1290 3064 1344 καὶ
3114 1291 3353 1363 Ποιητὴς
3403 1292 3665 1358 πάντων,
3721 1296 3813 1348 καὶ

536 1402 826 1442 servorum
845 1401 1075 1440 suorum
1098 1386 1331 1439 salutem
1354 1397 1576 1439 carnem
1595 1380 1857 1451 sumpsit,
1880 1388 1936 1432 et
1962 1377 2127 1430 homo

2235 1377 2317 1432 διὰ
2351 1379 2447 1452 τὴν
2481 1380 2589 1434 τῶν
2620 1382 2823 1437 δούλων
2856 1383 3023 1439 αὐτοῦ
3060 1384 3335 1454 σωτηρίαν
3370 1387 3554 1456 σάρκα
3586 1388 3815 1442 ἀνέλαϐε

532 1483 718 1536 factus
747 1489 829 1535 est
856 1480 910 1534 in
944 1478 1205 1534 omnibus
1237 1478 1358 1533 sine
1390 1485 1621 1548 peccato
1650 1490 1716 1529 ex
1752 1480 1942 1529 sancta
1985 1483 2131 1524 sem-

2235 1471 2324 1523 Iul
2377 1471 2667 1545 ἄνθρωπος
2718 1475 2912 1544 γέγονε
2956 1476 3100 1529 κατὰ
3132 1477 3312 1530 πάντα
3341 1479 3511 1548 χωρὶς
3542 1479 3816 1549 ἀμαρτϋις

537 1586 641 1639 per
669 1569 917 1640 Virgine,
953 1578 1011 1624 ct
1041 1584 1167 1624 cum
1201 1568 1382 1623 servis
1413 1566 1531 1637 suis
1564 1566 1737 1621 edens
1765 1573 1820 1619 et
1848 1563 2048 1617 bibens
2074 1568 2130 1615 et

2235 1561 2290 1629 ἐξ
2324 1562 2488 1630 ἁγίας
2516 1565 2905 1637 Ἀειπαρθένου
2923 1608 2938 1631 ,
2982 1567 3077 1620 καὶ
3112 1565 3251 1637 μετὰ
3272 1554 3387 1629 τῶι
3414 1569 3621 1624 δούλων
3651 1573 3814 1625 αὐτοῦ

536 1669 984 1725 conversatus,et
1003 1676 1071 1715 ex
1087 1660 1195 1715 illis
1207 1667 1442 1730 aegrotos
1461 1674 1559 1729 per
1577 1674 1635 1713 se
1655 1658 1831 1728 ipsum
1851 1661 2129 1717 eurans,et

2235 1653 2453 1721 ἐσθίων,
2502 1657 2597 1708 καὶ
2624 1657 2819 1723 πίνων,
2851 1657 2949 1711 καὶ
2999 1656 3476 1728 συγκαταθέμενος
3501 1701 3515 1725 ,
3558 1662 3655 1714 καὶ
3691 1662 3816 1725 τοὶς

534 1770 644 1824 pro
662 1754 819 1809 nobis
851 1754 1165 1824 passionem
1197 1750 1450 1817 subiens,
1492 1766 1601 1805 non
1619 1748 1903 1804 erubescit
1923 1759 2124 1801 vocare

530 1849 745 1902 fratres
770 1846 894 1902 illos
921 1862 1019 1917 pro
1046 1845 1253 1916 quibus
1280 1858 1476 1914 passus
1496 1854 1603 1905 est,
1637 1842 1867 1897 evidens
1883 1848 1968 1895 est
1992 1837 2125 1893 fide-

540 1940 748 1994 lesnon
769 1928 947 1994 solum
982 1937 1184 1992 fratres
1214 1937 1312 1991 sed
1339 1945 1397 1991 et
1427 1935 1570 1990 ﬁlios
1592 1944 1915 1989 vocaturum
1953 1930 2124 1996 «Quia

528 2032 711 2103 igitur
736 2030 893 2102 pueri
932 2030 1491 2086 communicaverunt
1531 2027 1683 2083 carni
1735 2035 1794 2081 et
1841 2021 2122 2095 sanguini,

538 2137 598 2182 et
633 2127 754 2197 ipse
782 2125 1043 2180 similiter
1092 2123 1443 2194 participavit
1473 2120 1705 2181 eisdem,
1740 2124 1801 2173 dt
1847 2133 1947 2187 per
1980 2131 2125 2170 mor-

532 2231 652 2275 tem
683 2235 838 2275 suam
874 2218 1194 2274 destrueret
1221 2232 1347 2271 eum
1376 2214 1471 2286 qui
1521 2213 1762 2269 habebat
1792 2202 1990 2266 mortis
2019 2209 2124 2262 im-

539 2313 797 2384 perium,
845 2311 899 2367 id
950 2319 1038 2367 est
1083 2310 1403 2375 diabolum,
1449 2317 1508 2364 et
1558 2308 1822 2363 liberaret
1867 2298 1995 2368 eos,
2028 2301 2124 2374 qui

541 2409 746 2464 timore
779 2407 975 2463 mortis
1006 2422 1108 2478 per
1143 2413 1314 2461 totam
1346 2404 1515 2459 vitam
1548 2401 1779 2458 obnoxii
1819 2406 1981 2455 erant
2010 2413 2126 2454 ser-

536 2501 701 2556 vituti
726 2499 792 2558 "'.
821 2520 840 2553 ι
874 2498 1239 2570 thuomodo
1266 2498 1344 2553 illi
1373 2495 1638 2569 possibile
1665 2502 1787 2550 erat
1812 2509 1872 2549 se
1895 2492 2125 2549 fratrem

534 2603 789 2648 nostrum
839 2600 1120 2663 praestare,
1174 2601 1271 2646 aut
1298 2590 1443 2646 hiios
1488 2604 1591 2644 nos
1627 2587 1869 2659 legitime
1899 2599 2161 2654 vocare“

538 2686 649 2742 nisi
673 2685 925 2741 eamdem
951 2693 1209 2739 naturam
1237 2682 1560 2738 induisset?
1593 2679 1956 2753 quamobrem
1982 2677 2127 2731 hanc

539 2793 851 2842 assumens,
892 2785 949 2832 et
1001 2776 1195 2832 mortis
1225 2782 1558 2845 potestatem
1590 2771 1892 2835 destruxit,
1935 2779 1992 2824 et
2025 2768 2128 2822 im-

540 2871 845 2925 minentem
881 2868 1045 2924 nobis
1097 2877 1307 2923 metum
1353 2867 1564 2933 solvit;
1621 2869 1934 2919 metuentes
1976 2860 2124 2915 enim

543 2978 766 3033 semper
812 2970 1050 3017 mortem
1093 2960 1451 3032 degebamus.
1497 2978 1516 3010 ι
1541 2957 1663 3014 Non
1706 2958 1859 3021 enim
1893 2970 2124 3025 usquam

2231 1746 2436 1801 τούτοιν
2484 1748 2800 1822 ἀρρώστους
2851 1750 2918 1804 δι’
2959 1749 3155 1804 ἑαυτοῦ
3206 1750 3562 1820 θεραπεύων,
3620 1755 3716 1807 καὶ
3756 1756 3817 1808 τὸ

2234 1839 2374 1909 ὑπὲρ
2427 1840 2585 1912 ἡμῶν
2634 1842 3071 1921 καταδεξάμενος
3115 1845 3327 1908 πάθος.
3392 1847 3495 1899 οὐκ
3553 1848 3817 1918 ἐπαισχύ-

2232 1949 2381 1985 νεται
2433 1932 2619 1987 καλεῖν
2663 1934 2757 1988 καὶ
2801 1933 3064 2004 ἀδελφοὺς
3090 1934 3312 2001 τούτους
3345 1937 3489 2007 ὑπὲρ
3516 1932 3594 1993 ὧν
3629 1940 3692 1992 τὸ
3717 1940 3819 1994 πάι

2233 2022 2325 2088 θος
2376 2024 2671 2096 ὑπέμεινε,
2722 2028 2967 2097 δηλονότι
2998 2030 3123 2091 τοὺς
3158 2030 3382 2090 πιστούς
3405 2048 3419 2063 ·
3471 2032 3537 2083 οὐ
3573 2032 3737 2102 μόνον
3762 2034 3817 2087 δὲ

2231 2117 2525 2186 ἀδελφοὺς,
2577 2118 2714 2172 ἀλλὰ
2754 2120 2848 2173 καλ¹
2894 2120 3084 2175 παιδία
3108 2137 3123 2150 ·
3176 2140 3194 2173 ι
3231 2124 3387 2177 Ἐπεὶ
3409 2120 3506 2179 οὖν
3531 2127 3601 2179 τὰ
3629 2127 3818 2181 παιδία

2232 2214 2602 2285 κεκοινώνηκε
2656 2214 2858 2287 σαρκὸς
2893 2215 2989 2270 καὶ
3022 2216 3271 2288 αἵματος,
3309 2220 3404 2273 καὶ
3435 2220 3602 2284 αὐτὸς
3636 2238 3816 2293 παρα·

2232 2305 2480 2375 πλησὶευς
2533 2307 2765 2378 μετέσχε
2805 2307 2917 2361 τῶν
2956 2308 3163 2375 αὐτῶν,
3217 2310 3302 2364 ἵνα
3334 2310 3424 2364 διὰ
3453 2313 3550 2366 τοῦ
3582 2312 3814 2367 θανάτου

2233 2396 2398 2450 αὑτοῦ
2432 2399 2761 2472 καταργήσῃ
2785 2398 2877 2452 τὸν
2902 2398 2964 2453 τὸ
2991 2400 3191 2471 κράτος
3220 2400 3411 2471 ἔχοντα
3434 2402 3531 2455 τοῦ
3556 2405 3814 2467 θανάτου,

2231 2489 2478 2543 τουτέστι
2525 2490 2618 2543 τὸν
2662 2489 2938 2557 διάϐολον,
2995 2492 3091 2546 καὶ
3132 2493 3417 2565 ἀπαλλάξῃ
3442 2493 3678 2560 τούτους
3704 2496 3815 2549 ὅσοι

2233 2582 2383 2653 φόϐῳ
2418 2582 2651 2639 θανάτου
2696 2583 2784 2637 διὰ
2831 2584 3037 2648 παντὸς
3065 2584 3159 2639 τοῦ
3190 2585 3288 2656 ζῇν
3323 2586 3499 2657 ἔνοχοι
3524 2583 3669 2657 ἦσαν
3696 2588 3813 2642 δον-

2233 2676 2400 2740 λείας.
2426 2695 2445 2729 ι
2507 2677 2618 2731 Kal
2671 2676 2788 2739 πῶς
2819 2670 2932 2731 οἷόν
2956 2694 3016 2731 τε
3049 2678 3210 2731 αὑτὸν
3238 2678 3470 2747 ἀδελφὸν
3493 2680 3657 2752 ἡμῶν
3681 2697 3813 2752 χρη-

2238 2770 2463 2842 ματίσαι
2484 2809 2499 2833 ,
2556 2768 2589 2841 ἦ
2622 2756 2832 2823 “παιδὶα
2869 2771 3018 2841 ἡμᾶς
3048 2771 3288 2840 γνησίως
3317 2772 3568 2834 καλέσαι,
3613 2772 3689 2843 μὴ
3720 2773 3815 2844 τὴν

2235 2864 2405 2935 αὐτὴν
2437 2852 2825 2934 ςτερικείμενος
2859 2862 3049 2933 φύσιν;
3079 2858 3142 2919 οὗ
3169 2865 3233 2937 δὴ
3266 2864 3430 2936 χάριν
3458 2866 3668 2936 ταύτην
3691 2868 3816 2920 ἅναξ

2234 2953 2418 3008 λαϐὼν
2439 2994 2455 3021 ,
2508 2954 2610 3023 τὴν
2656 2953 2752 3008 τοῦ
2785 2954 3019 3009 θανάτου
3055 2956 3322 3009 κατέλυσε
3351 2957 3691 3022 δυναστείαν,
3725 2958 3814 3011 καὶ

542 3057 767 3128 angelos
792 3054 1184 3126 apprehendit,
1212 3053 1306 3109 sed
1339 3067 1529 3109 semen
1555 3049 1793 3106 Abrahae
1820 3048 2128 3121 apprehen-

2235 3048 2321 3103 τὸν
2340 3049 2701 3119 ,ἐπικείμενον
2730 3050 2863 3120 ἡμῖν
2890 3049 3101 3103 διέλυσε
3129 3050 3321 3118 φόϐον·
3359 3051 3685 3121 φοϐούμενοι
3710 3052 3812 3121 γὰρ

542 3149 628 3204 dit
647 3149 694 3182 "
717 3165 733 3215 ;
763 3167 781 3200 ι
811 3147 1018 3203 ctenim
1038 3146 1081 3202 si
1106 3154 1358 3201 naturam
1372 3144 1694 3215 angelorum
1713 3141 2126 3212 assumpsissct,

544 3253 716 3310 supra
740 3242 976 3292 mortem
1007 3238 1191 3292 factus
1218 3245 1366 3292 esset
1392 3252 1406 3303 ;
1445 3249 1579 3290 cum
1603 3242 1789 3288 autem
1822 3233 2128 3288 humanum

543 3339 693 3386 esset
724 3329 873 3400 quod
902 3344 1105 3398 corpus
1132 3328 1449 3399 assumpsit,
1477 3341 1576 3396 per
1602 3324 1922 3396 passionem
1953 3322 2131 3378 homi-

544 3436 681 3476 num
711 3419 965 3475 debitum
1001 3419 1186 3474 solvit.
1225 3419 1284 3473 ln
1320 3434 1552 3489 corpore
1584 3429 1767 3475 autem
1795 3435 1907 3490 quo
1939 3432 2132 3491 passus

545 3520 634 3567 est
654 3526 950 3581 resurgens
975 3510 1254 3580 propriam
1280 3518 1611 3580 potestatem
1637 3509 1903 3565 ostendit.
1947 3510 2131 3567 «Unde

545 3604 745 3660 debuit
773 3618 874 3675 per
901 3602 1088 3658 omnia
1122 3601 1391 3658 fratribus
1431 3603 1666 3658 similari
1689 3604 1775 3671 '°;
1813 3623 1835 3655 ι
1870 3602 2133 3658 similiter

546 3696 696 3756 enim
729 3711 795 3751 ac
831 3709 934 3751 nos
981 3695 1166 3750 cibum
1218 3696 1478 3767 sumpsit,
1536 3696 1786 3751 laborem
1838 3695 2130 3771 sustinuit,

546 3790 743 3855 doluit,
777 3790 1110 3861 lacrymatus
1140 3798 1224 3843 est
1257 3797 1314 3843 et
1339 3798 1571 3843 mortem
1607 3789 1800 3854 subiit,
1833 3772 1895 3844 ut
1917 3789 2135 3849 miseri-

546 3898 674 3946 cors
703 3881 864 3937 fieret
895 3890 953 3938 et
983 3881 1161 3936 fidelis
1206 3882 1452 3952 pontifex
1488 3882 1541 3935 in
1587 3882 1674 3937 his
1708 3898 1831 3952 quae
1859 3881 1927 3936 ad
1958 3868 2132 3937 Deum

546 3975 809 4037 attinent,
880 3982 942 4028 ut
1009 3974 1403 4044 repropitiaret
1462 3973 1663 4027 delicta
1713 3973 1935 4044 populi;
1974 3974 2032 4028 in
2067 3989 2135 4029 co

546 4067 698 4124 enim
728 4067 786 4121 in
818 4081 929 4136 quo
956 4081 1152 4136 passus
1192 4074 1278 4120 est
1325 4065 1441 4135 ipsc
1498 4073 1765 4131 tentatus,
1808 4075 2014 4135 potens
2050 4078 2155 4122 est.

546 4160 632 4216 eis
656 4159 752 4230 qui
785 4167 1071 4214 tentantur
1097 4157 1372 4213 auxiliari.
1413 4158 1539 4212 llaec
1588 4158 1774 4213 omnia
1825 4158 2134 4213 secundum

488 4316 500 4324 _
548 4254 846 4309 humanam
881 4259 1136 4306 naturam
1173 4250 1319 4306 dicta
1351 4260 1512 4317 sunt;
1560 4268 1743 4321 neque
1770 4254 1918 4307 enim
1953 4253 2139 4324 ponti-

2231 3142 2329 3197 ἀεὶι
2351 3140 2701 3213 διατελοῦμεν
2736 3143 2827 3196 τὸν
2852 3141 3113 3196 θάνατον’
3158 3162 3176 3195 ι
3209 3144 3282 3196 ού
3312 3143 3423 3214 γὰρ
3446 3145 3621 3212 δήπου
3642 3144 3814 3213 ἀγτέο

2230 3236 2358 3299 λους
2412 3233 2884 3305 ἐπιλαμϐάνεται,
2939 3234 3076 3287 ἀλλὰ
3126 3235 3349 3306 σπέρμα
3397 3235 3657 3305 Ἀϐραὰμ
3696 3237 3813 3289 ἑπι-

2231 3327 2625 3403 λαμϐἀνεται.»
2658 3327 2720 3380 Εἰ
2744 3325 2851 3398 γὰρ
2880 3327 3132 3395 ἀγγέλων
3155 3327 3416 3397 ἀνείληφε
3444 3328 3627 3397 φύσιν,
3645 3330 3816 3398 κρείτ·

2233 3437 2345 3473 των
2376 3418 2442 3474 ἂν
2486 3418 2731 3488 ἐγεγόνει
2776 3417 3043 3474 θανάτου·
3102 3420 3225 3483 ἐπεὶ
3268 3418 3325 3472 δὲ
3373 3419 3718 3490 ἀνθρώπινον
3749 3416 3813 3488 ἦν

2231 3512 2261 3566 ὃ
2288 3512 2519 3567 ἀνέλαϐε
2551 3512 2741 3582 σῶμα,
2776 3511 2864 3566 διὰ
2899 3511 3123 3581 μὲν·τοῦ
3153 3512 3359 3576 πάθους
3391 3513 3450 3565 τὸ
3476 3514 3589 3567 τῶν
3611 3514 3815 3585 ἀνθρώ-

2235 3621 2355 3657 πων
2380 3601 2632 3657 ἀπέδωκε
2652 3601 2833 3673 χρέος·
2857 3600 2951 3656 διὰ
2977 3602 3034 3656 δὲ
3063 3602 3157 3655 τοῦ
3188 3602 3517 3665 πεπονθότος
3543 3604 3811 3673 σώματος.

2233 3695 2475 3759 ἀναστὰς
2524 3695 2621 3766 τὴν
2667 3694 2876 3750 οἰκείαν
2927 3694 3243 3760 ἐπεδείξατο
3282 3695 3512 3765 δύναμιν
3535 3714 3569 3729 ··
3608 3717 3627 3751 ι
3657 3697 3813 3751 Ὅθεν

2234 3788 2436 3858 ὤφειλε
2508 3787 2651 3843 κατὰ
2706 3789 2885 3842 πάντα
2944 3791 3058 3851 τοῖς
3105 3788 3355 3859 ἀδελφοῖς
3402 3791 3758 3862 ὁμοιωθῆναι.
3790 3812 3843 3845 ι-

2246 3881 2480 3951 Ὄμοὶως
2507 3880 2617 3951 γὰρ
2647 3883 2780 3951 ἡμῖν
2812 3879 2907 3933 καὶ
2932 3880 3141 3950 τροφῆς
3171 3882 3437 3950 μετέλαϐε
3458 3924 3472 3946 ,
3528 3885 3626 3936 καὶ
3659 3885 3815 3938 πόκον

2236 3973 2530 4043 ὑπέμεινε,
2585 3973 2680 4026 καὶ
2726 3973 2979 4043 ἠθύμησε
3008 3973 3108 4025 καὶ
3140 3972 3429 4045 ἐδάκρυσε,
3465 3975 3560 4029 καὶ
3594 3975 3815 4031 θάνατον

2238 4065 2565 4131 κατεδέξατο
2586 4107 2600 4127 .
2657 4066 2743 4119 ἵνα
2766 4066 3029 4137 ,ἐλεήμων
3056 4067 3280 4135 γένηται
3315 4069 3409 4122 καὶ
3434 4073 3632 4134 ’πιστὸς
3682 4073 3814 4142 ἀρχ-

2240 4159 2419 4230 ιερεὺς
2452 4160 2520 4211 τὰ
2553 4158 2686 4223 πρὸς
2717 4159 2810 4248 τξιν
2838 4158 2971 4211 Θεὸν
2993 4161 3069 4222 εἰς
3100 4162 3159 4212 τὸ
3188 4160 3506 4214 ἱλάσκεσθαι
3527 4164 3626 4226 τὰς
3645 4165 3816 4234 ἀμσρο

2236 4251 2358 4315 τίας
2376 4251 2469 4304 τοῦ
2498 4250 2628 4303 λαοῦ
2654 4268 2667 4282 ·
2688 4245 2814 4319 ὲν
2844 4249 2951 4319 γὰρ
2984 4251 3250 4304 πέπονθεν
3280 4252 3439 4314 αὐτὸς
3470 4256 3809 4319 πειρασθεὶς,

546 4344 640 4399 fex
668 4351 861 4398 noster
889 4351 975 4399 est
1004 4342 1257 4409 utDeus,
1312 4342 1408 4397 sed
1465 4353 1524 4398 ut
1568 4343 1773 4411 homo;
1832 4361 2017 4416 nequc
2073 4355 2132 4401 ut

2239 4342 2463 4397 δύναται
2509 4345 2622 4404 τοῖς
2664 4341 3128 4412 ἐπηρεαζομὲνοις
3162 4332 3460 4411 βοηθῆσαι·
3512 4348 3609 4397 καὶ
3651 4346 3814 4399 ταῦτα

546 4436 699 4491 Deus
725 4449 921 4507 passus
958 4442 1065 4501 est,
1120 4434 1217 4490 sed
1271 4444 1335 4489 ut
1383 4434 1593 4502 homo;
1652 4453 1831 4505 neque
1882 4454 1980 4508 per
2032 4456 2133 4494 ex-

549 4526 879 4598 perientiam
904 4525 1101 4581 didicit
1135 4536 1345 4591 nostra,
1385 4527 1482 4581 sed
1534 4535 1595 4581 ut
1633 4528 1779 4584 Deus
1825 4540 1880 4585 et
1908 4529 2137 4607 Greater

549 4619 837 4691 cognoscit
860 4619 1044 4674 omnia
1071 4618 1439 4687 apertissime.

2243 4435 2384 4489 κατὰ
2438 4435 2498 4486 το
2545 4431 2883 4503 ἀνθρώπινον
2930 4433 3175 4505 εἴρηται⁹
3227 4433 3349 4486 οὔτε
3384 4436 3494 4507 γὰρ
3530 4437 3813 4508 ἀρχιερεὺς

2243 4529 2400 4601 ἡμῶν
2433 4527 2508 4590 ὡς
2541 4526 2693 4589 Θεὸς,
2731 4526 2845 4578 ἀλλ’
2872 4526 2947 4589 ὼς
2976 4526 3282 4597 ἄνθρωπος’
3320 4527 3441 4580 οὔτε
3471 4530 3547 4592 ὡς
3571 4532 3702 4593 θεὸς
3726 4532 3814 4583 πέ-

2245 4621 2474 4683 πονθεν,
2525 4613 2642 4671 ἀλλ’
2691 4616 2767 4679 ὡς
2810 4616 3131 4688 ἄνθρωποςτ
3184 4617 3308 4671 οὔτε
3359 4619 3445 4673 διὰ
3486 4621 3587 4692 τῆς
3630 4624 3811 4693 πείρας

553 4712 855 4782 μεμάθηκε
870 4710 939 4765 τὰ
964 4710 1230 4780 ἡμέτεροι,
1259 4708 1375 4762 ἀλλ’
1402 4709 1476 4772 ὡς
1501 4708 1633 4774 Θελς
1663 4711 1757 4763 καὶ
1776 4712 2118 4786 Δημιουργὸς
2147 4718 2408 4791 γινώσκει
2441 4713 2621 4766 πάντα
2648 4708 2863 4779 σαφῶς.

614 4822 636 4858 ι
661 4804 742 4861 Ad
757 4819 919 4876 quem
937 4813 1121 4860 autem
1139 4804 1458 4876 angelorum
1476 4802 1616 4857 dixit
1636 4803 1933 4874 aliquando
1957 4826 1971 4862 :
1999 4809 2140 4868 Sede

550 4913 582 4952 a
615 4894 829 4951 dextris
873 4893 1011 4948 meis
1038 4892 1218 4948 donec
1249 4908 1449 4963 ponam
1479 4891 1737 4949 inimicos
1766 4904 1891 4952 tuos
1923 4899 2137 4954 scabel-

550 4991 666 5046 lum
693 4987 898 5060 pedum
932 4986 1264 5042 tuorum"?
1292 5004 1310 5038 ι
1344 4985 1463 5040 Non
1495 4987 1645 5042 enim
1687 4996 1748 5042 ut
1776 4986 1889 5043 Deo
1914 5000 2133 5047 tantum

551 5081 710 5145 dicit,
750 5062 778 5130 ι’
796 5078 938 5134 Sede
972 5093 1003 5131 a
1028 5075 1239 5133 dextris
1259 5075 1435 5144 meis;
1461 5096 1478 5128 ι
1520 5078 1799 5148 quomodo
1824 5080 1976 5135 enim
1990 5092 2138 5139 esset

553 5175 791 5228 thronus
831 5173 953 5243 ejus
998 5170 1053 5225 in
1087 5169 1289 5225 saecula
1330 5156 1708 5223 saeculorum?
1743 5169 1852 5225 Sed
1879 5178 1940 5238 ut
1970 5172 2139 5227 homo

554 5269 727 5337 igitur
756 5266 908 5327 hunc
954 5265 1223 5319 honorem
1262 5252 1494 5333 recepit,
1548 5272 1609 5317 ut
1646 5263 1815 5327 Deus,
1861 5272 2135 5320 aeternum

553 5361 724 5417 habet
757 5360 1041 5415 thronum.
1094 5357 1161 5412 Et
1193 5356 1395 5413 iterum
1426 5373 1439 5410 :
1477 5373 1496 5406 ι
1524 5354 1658 5423 Quis
1682 5364 1769 5411 est
1798 5357 1964 5412 homo
1990 5359 2139 5427 quod

556 5468 770 5511 memor
814 5469 876 5508 es
925 5452 1087 5524 ejus?
1120 5462 1217 5509 aut
1270 5449 1417 5504 filius
1465 5446 1709 5503 hominis
1761 5451 1893 5521 quia
1951 5452 2145 5506 visitas

621 5631 669 5664 ⁷⁵
691 5631 838 5686 Psal.
868 5646 976 5691 xxi,
1014 5628 1127 5692 εἴη
1158 5627 1329 5682 Hebr.
1355 5644 1413 5685 II.
1442 5627 1529 5680 12.
1605 5628 1651 5659 ⁷⁸
1688 5628 1830 5683 Psal.
1866 5644 1994 5696 xvu,
2029 5629 2103 5689 5',

2235 5647 2306 5683 tr.
2342 5646 2400 5691 tl,
2430 5631 2515 5684 l5.

558 5700 850 5770 n,ll,15.
915 5697 1126 5753 "ibid.
1165 5700 1244 5753 ιο.
1316 5700 1360 5729 ου
1388 5698 1525 5752 ibid.
1564 5698 1646 5754 17.
1724 5699 1939 5755 "Psal.

2325 4828 2344 4862 ι
2379 4807 2522 4879 Πρὸς
2571 4804 2693 4859 τινα
2735 4805 2793 4858 δὲ
2840 4806 2950 4859 τῶν
2987 4806 3237 4873 ἀγγέλων
3270 4800 3392 4860 εἶπέ
3423 4820 3552 4861 ποτε
3574 4827 3589 4841 ·
3642 4809 3811 4863 Κάθου

2245 4906 2310 4958 ἐκ
2354 4899 2544 4965 δεξιῶν
2586 4898 2703 4967 ⁶ἕως
2749 4897 2817 4951 ἂν
2863 4897 2942 4951 θῶ
2980 4900 3108 4962 τοὺς
3148 4898 3377 4971 ἐχθρούς
3406 4916 3503 4953 σου
3535 4902 3812 4955 ὑποπόδιον

2242 4994 2352 5048 τῶν
2372 4992 2553 5051 ποδῶν
2579 5008 2672 5043 σου
2692 5006 2741 5055 ,ι
2757 4990 2819 5043 οὐ
2843 4990 2954 5061 γὰρ
2979 4991 3055 5053 ὡς
3070 4990 3190 5061 Θεῷ
3218 4993 3378 5062 μόνον
3402 4992 3574 5060 λέγει·
3601 5014 3619 5047 ι
3640 4995 3811 5049 Κάθου

2236 5087 2302 5138 ἐκ
2333 5082 2523 5148 δεξιῶν
2589 5098 2689 5151 μου
2722 5098 2737 5111 θ
2809 5098 2829 5132 ο
2875 5063 2991 5143 «is;
3020 5081 3131 5152 γὰρ
3159 5085 3188 5134 ό
3213 5081 3405 5153 θρόνος
3430 5085 3600 5138 αὑτοῦ
3629 5088 3707 5149 εἰς
3732 5086 3811 5136 τὸν

2242 5177 2416 5231 αιῶνα
2452 5176 2545 5228 τοῦ
2578 5175 2809 5242 αἰῶνος;
2859 5173 2974 5229 ἀλλ’
3004 5176 3080 5238 ὡς
3105 5174 3599 5244 ἄνθρωπος-τοίνυν
3626 5179 3809 5247 ταύτης

2249 5268 2514 5341 μετέλαχς
2562 5270 2663 5336 τῆς
2707 5268 2871 5338 τιμῆς
2896 5283 2912 5298 ο
2964 5267 3041 5329 ὡς
3069 5266 3125 5318 δὲ
3159 5266 3312 5331 Θεὸς,
3348 5268 3571 5321 αἰώνιον
3595 5269 3704 5338 ἔχει
3730 5271 3807 5321 τὶν

2247 5360 2458 5432 θρόνονζ
2496 5360 2603 5413 Καὶ
2631 5360 2815 5414 πάλιν·
2850 5378 2869 5412 ι
2901 5360 2996 5423 Ti;
3022 5362 3169 5412 ἐστιν
3198 5359 3487 5429 ἄνθρωπος
3517 5362 3599 5415 ὅτι
3627 5363 3805 5433 pluyg-

2248 5469 2367 5505 σκει
2399 5454 2597 5518 adadv;
2635 5462 2667 5523 η
2698 5454 2811 5516 υἱὸς
2843 5452 3250 5525 ἀιθρώπουῶτι
3280 5453 3606 5509 ὲπισκέπτει
3633 5456 3801 5516 αύτονς

2593 5631 2635 5662 ’⁸
2677 5630 2777 5685 lsa.
2811 5646 2927 5700 vm,
2966 5633 3070 5700 l8;
3107 5631 3276 5690 Hebr.
3309 5650 3369 5701 ιι,
3410 5635 3495 5690 l3.
3586 5634 3634 5669 ⁷⁸
3659 5635 3805 5691 Hebr.

2029 5712 2138 5771 etx,
2168 5702 2191 5755 l
2234 5720 2249 5771 ;
2288 5701 2451 5756 llebr.
2480 5718 2517 5771 ι,
2548 5701 2633 5757 15.
