4026 6308
2036 249 2067 257 κς
2078 250 2121 259 ογ-

1688 364 1750 425 S.
1791 360 2191 423 ANASTASII
2232 356 2564 422 SINAI'L‘E

507 349 639 417 ιετι

3625 351 3766 419 1272

504 468 679 524 Sicuti
742 479 873 528 huic
920 475 999 532 ait
1030 491 1094 533 ex
1126 477 1429 533 innumeris
1456 476 1701 532 millibus
1725 488 1933 546 septem
1965 477 2082 529 mil-

2187 492 2339 543 γονεν
2363 490 2377 505 ·
2411 475 2443 544 ή
2483 473 2541 525 δὲ
2586 471 2744 543 χάρις
2781 470 2963 525 οὐκέτι
3017 470 3077 536 ἐξ
3124 469 3319 541 ἔργων·
3349 467 3472 521 ἐπεὶ
3506 467 3602 521 καὶ
3647 469 3681 538 ἡ
3708 464 3771 533 ἐξ

504 559 579 615 lia
620 562 807 619 relicta
855 582 975 622 esse
1005 569 1181 623 soluat
1217 570 1285 623 ab
1333 569 1613 640 impietate
1664 570 1881 635 libera;
1920 570 1992 622 ita
2028 578 2083 623 et

435 669 448 732 ς
504 670 652 710 nunc
698 659 884 727 plures
930 664 1181 732 suntqui
1217 680 1323 718 non
1356 665 1735 721 crediderunt.
1796 680 1958 733 quam
1987 663 2078 733 qui

444 738 455 747 “
505 747 675 814 gratia
741 747 1162 806 Dei‘fruuntur.
1208 754 1345 807 .Non
1414 754 1562 808 enim
1612 753 1934 823 justilicavit
1979 768 2077 806 eos

505 834 632 889 vita:
678 838 980 892 secundum
1019 841 1193 912 legem
1229 842 1415 898 habita
1466 844 1628 907 ratio,
1687 843 1740 896 id
1793 844 1938 896 enim
1994 843 2081 895 in-

505 924 755 982 dicatcex
776 932 1042 999 operibus
1058 935 1192 1005 legis
1208 953 1222 1000 ;
1239 936 1359 990 »εεό
1376 936 1470 989 Dei
1494 937 1666 1006 gratia
1685 937 1932 990 salvavit.
1953 935 2081 988 Ideo

503 1020 677 1087 gratia
726 1022 876 1078 salus
929 1035 1177 1090 vocatur,
1226 1044 1350 1083 cum
1403 1045 1471 1082 ex
1520 1029 1616 1083 Dei
1666 1044 1852 1082 amore
1883 1028 1937 1080 in
1976 1027 2077 1080 bo-

502 1112 681 1168 ntines
711 1117 980 1183 procedit,
1014 1128 1074 1172 ut
1102 1121 1366 1190 scriptum
1409 1130 1493 1175 est
1522 1139 1541 1174 :
1574 1140 1592 1171 ι
1626 1122 1822 1175 Veniet
1849 1137 1915 1173 ex
1945 1119 2076 1174 Sion

502 1204 597 1271 qui
637 1206 837 1274 eripiat
872 1218 928 1263 et
956 1219 1166 1265 avertat
1212 1212 1547 1281 impietatem
1594 1228 1625 1267 a
1658 1212 1858 1277 Ja‘cob;
1885 1219 1939 1264 et
1974 1211 2078 1265 hoc

503 1308 534 1347 a
581 1310 665 1350 me
710 1297 819 1352 illis
870 1310 1279 1368 testamentum,
1333 1319 1458 1357 cum
1516 1304 1801 1358 abstulero
1854 1315 2076 1373 peccata

501 1401 694 1442 eorum
739 1389 805 1443 ’³.
845 1410 863 1443 ι
916 1393 1013 1447 Sin
1057 1406 1237 1449 autem
1274 1411 1394 1465 quas
1450 1396 1753 1450 secundum
1786 1396 1965 1465 legem
1993 1404 2078 1448 est

500 1480 613 1532 vita
658 1470 886 1551 largitur
914 1495 1265 1553 peccatorum
1296 1502 1490 1541 eorum
1519 1487 1916 1548 remissionem,
1952 1500 2089 1555 pro-7

502 1570 757 1638 pbeticus
796 1590 976 1629 sermo
1027 1576 1275 1632 dixisset.
1306 1577 1465 1643 Quod
1507 1577 1550 1630 si
1602 1577 1795 1646 puniat
1830 1576 1917 1629 lex
1948 1590 2075 1644 pec-

504 1667 714 1726 cantes,
751 1679 969 1734 semper
994 1676 1177 1720 autem
1206 1668 1500 1723 violatores
1532 1669 1668 1739 legis
1694 1667 1866 1723 Judaei
1896 1668 2074 1723 vocati

504 1751 636 1813 sint,
685 1752 893 1805 clarum
943 1764 1029 1809 est
1059 1757 1437 1810 remissionem
1464 1773 1585 1826 qua:
1614 1772 1713 1826 per
1743 1756 2074 1825 baptismum
2110 1794 2139 1826 ,ε

504 1839 771 1894 tribuitur
819 1856 850 1896 a
907 1844 1233 1913 prophetico
1283 1860 1537 1899 sermone
1587 1845 1824 1900 ostendi.
1881 1846 2084 1900 Omnes

504 1932 653 1982 enim
690 1932 979 1988 credentes
1007 1943 1166 1987 vocat
1196 1936 1384 2000 Israel,
1417 1937 1531 1991 sive
1564 1953 1632 1990 ex
1666 1936 1941 2007 gentibus
1966 1937 2083 1991 sive

503 2036 569 2073 cx
590 2020 813 2085 Iudaeis,
834 2038 932 2090 per
956 2022 1079 2078 ﬁdei
1101 2026 1443 2080 nobilitatem
1465 2028 1538 2080 illi
1563 2029 1899 2096 conjunctos.
1927 2027 2081 2093 Quod

504 2129 636 2180 ergo
671 2113 866 2181 qurerit
912 2114 1002 2169 hic
1045 2115 1140 2184 qui
1186 2117 1488 2172 secundum
1524 2133 1744 2173 carnem
1776 2128 1861 2172 est
1893 2119 2083 2183 Israel,

503 2204 611 2259 bne
645 2221 752 2259 non
785 2216 1073 2261 assecutus
1104 2217 1216 2271 est;
1248 2224 1421 2277 quare
1460 2225 1568 2263 non
1591 2210 1912 2264 assecutds?
1935 2210 2080 2278 quod

502 2311 615 2350 non
676 2311 741 2349 ex
774 2295 880 2351 ﬁde
920 2297 1139 2365 qua-rit,
1169 2298 1267 2351 sed
1297 2312 1362 2350 ex
1393 2298 1653 2367 operibus
1684 2300 1838 2369 legis.
1873 2299 2081 2353 Electio

503 2396 690 2441 autem
748 2395 1004 2442 assecuta
1049 2392 1135 2442 est
1189 2403 1288 2457 per
1338 2388 1523 2453 ﬁdem,
1563 2389 1761 2458 reliqui
1814 2405 1945 2444 vero
1990 2406 2083 2444 ex-

501 2479 689 2533 crecati
740 2489 890 2543 sunt,
933 2479 986 2532 id
1045 2487 1132 2534 est
1159 2480 1414 2534 derelieti
1475 2490 1601 2535 sunt
1646 2481 1699 2534 in
1737 2479 2081 2551 inﬁdelitate,

500 2568 646 2622 sicut
698 2556 966 2637 scriptum
1002 2578 1136 2624 est:
1186 2589 1205 2621 ι
1246 2571 1404 2626 Dedit
1457 2571 1566 2625 illis
1622 2572 1767 2627 Deus
1826 2571 2078 2641 spiritum

503 2662 964 2729 campunetionis,
1015 2662 1208 2716 oculos
1262 2673 1324 2717 ut
1375 2679 1482 2716 non
1540 2663 1782 2729 videant,
1823 2680 1983 2718 aures
2022 2674 2082 2719 ut

501 2765 614 2805 non
649 2751 895 2814 audiant,
948 2767 1120 2819 usque
1154 2752 1221 2805 ad
1268 2753 1415 2806 hunc
1447 2753 1593 2806 diem
1626 2753 1692 2803 ".
1732 2773 1750 2802 ι
1789 2753 1907 2807 Non
1933 2755 2079 2809 enim

502 2840 649 2894 Deus
684 2840 786 2894 bos
835 2841 1150 2894 incredulos
1189 2840 1392 2903 eﬂ'ecit,
1445 2841 1538 2894 sed
1588 2843 1870 2899 sustinuit.
1903 2843 1958 2896 id
1998 2855 2082 2898 est

505 2931 737 2997 dimisit,
787 2932 1041 3001 spiritum
1071 2932 1512 3002 compunctionis
1540 2942 1779 2987 mentem
1834 2933 2083 2989 obstina«

2185 567 2381 636 ἔργων,
2430 567 2527 618 οὐκ
2582 564 2695 619 ἔστι
2744 564 2914 636 χάρις·
2963 564 3210 635 καθάπερ
3241 563 3384 623 τότε,
3415 560 3612 631 φησιν,
3656 556 3762 613 ἀπὸ

2188 657 2466 727 μυριάδων
2498 657 2742 726 ἀπείρων
2771 654 3167 725 ἑπτακισχίλιοι
3193 652 3635 721 κατελείφθησαν
3666 651 3761 720 p16-

2183 766 2262 801 νοι
2301 748 2400 816 τῆς
2438 748 2693 810 ἀσεϐείας
2732 746 3028 817 ἐλεύθεροι·
3071 746 3211 798 οὕτω
3252 745 3346 799 καὶ
3395 744 3493 798 νῦν
3542 743 3764 805 πλείους

2187 842 2284 910 μὲν
2350 844 2395 893 oi
2455 841 2858 910 ἀπιστήσαντες
2889 839 2921 911 ἢ
2960 840 3010 892 οἱ
3044 840 3143 909 τῆς
3178 839 3327 900 θείας
3359 838 3589 907 χάριτος
3624 837 3761 888 ἀπο-

2185 931 2584 997 λαύσαντες.οὑ
2621 932 2729 1002 γὰρ
2775 934 2806 1002 ή
2851 932 2994 984 κατὰ
3026 933 3191 1001 νόμον
3225 930 3419 992 αὐτοὺς
3473 928 3762 981 ἐδικαίωσε

2183 1025 2429 1078 πολιτεία
2452 1065 2466 1087 ,
2498 1025 2679 1094 (τοῦτο
2704 1024 2811 1094 γὰρ
2844 1025 2993 1091 λέγει
3019 1023 3101 1089 ob,
3135 1042 3154 1074 ι
3188 1023 3245 1087 ἐξ
3282 1021 3460 1091 ἔργων
3491 1020 3659 1087 νόμου
3690 1016 3760 1087 ι),

2179 1115 2355 1185 ἀλλ’ἢ
2396 1112 2551 1167 Θεοῦι
2576 1114 2803 1167 διέσωσε
2848 1116 3028 1183 χάρις⁹
3074 1112 3164 1165 διὰ
3199 1111 3360 1164 τοῦτο
3407 1110 3506 1162 καὶ
3539 1107 3763 1178 χάριςή

2181 1204 2426 1275 σωτηρία
2456 1203 2725 1266 καλεῖται,
2769 1199 2961 1272 ἐπειδὴ
2995 1202 3137 1255 κατὰ
3167 1201 3317 1254 θείαν
3349 1195 3764 1268 φιλανθρωπίαν

2177 1296 2492 1365 γεγένηται,
2525 1295 2707 1359 καθὼς
2734 1297 3067 1365 γέγραπται·
3094 1313 3115 1347 ι
3152 1292 3314 1359 ’Ἡξει
3342 1290 3407 1344 ὲκ
3433 1290 3575 1343 Σιὼν
3592 1292 3622 1342 6
3640 1288 3763 1358 ῥυό-

2182 1404 2361 1458 μενος.
2403 1388 2497 1442 καὶ
2533 1388 2866 1458 ἀποστρέψει
2913 1384 3173 1447 ἀσεϐείας
3212 1385 3323 1437 ἀπὸ
3383 1380 3585 1434 Ἰακώϐ
3615 1396 3630 1409 ·
3668 1368 3763 1431 καὶ

2178 1479 2316 1550 αὕτη
2345 1480 2529 1542 αὐτοῖς
2573 1480 2606 1549 ἡ
2638 1481 2782 1549 ⁷παρ’
2810 1477 2947 1548 ἐμοῦ
2997 1478 3229 1546 διαθήκη
3261 1516 3276 1536 ,
3307 1476 3436 1528 ὅταν
3472 1473 3766 1542 ἀφέλωμαι

2178 1570 2280 1635 τὰς
2320 1570 2598 1641 ἁμαρτίας
2632 1568 2834 1621 αὐτῶν.
2869 1587 2889 1620 ι
2927 1568 2989 1621 Εἰ
3032 1565 3263 1637 ήκατὰ
3307 1564 3471 1634 νόμον
3520 1559 3767 1614 πολιτεία

2181 1661 2437 1731 δωρεῖται
2462 1659 2571 1711 τῶν
2609 1658 3026 1729 ἁμαρτημάτων
3053 1656 3236 1708 αὐτῶν
3270 1654 3369 1723 τὴν
3402 1652 3624 1720 ἄφεσιν·
3662 1650 3763 1715 αὐ-

2183 1753 2285 1822 τὴν
2312 1752 2378 1805 ἂν
2403 1753 2432 1804 6
2465 1748 2800 1822 προφητικδς
2830 1746 3199 1818 προεθέσπισε
3227 1745 3404 1811 λόγος·
3429 1746 3482 1795 εί
3509 1742 3568 1795 δὲ
3598 1741 3765 1795 κολά-

2186 1843 2268 1908 ζει
2316 1844 2413 1913 μὲν
2439 1842 2469 1894 6
2494 1842 2660 1909 νόμος
2686 1842 2812 1902 τοὺς
2839 1838 3272 1909 ἁμαρτάνοντας.
3309 1837 3397 1889 ἀεὶ
3422 1834 3483 1888 δὲ
3517 1836 3763 1904 παρανο-

2187 1953 2277 2005 μοι
2303 1934 2609 2004 ἐκλήθησαν
2638 1932 2690 1985 oi
2736 1931 3005 1995 Ἰουδαίοι,
3043 1928 3272 1999 εὔδηλον
3299 1927 3377 1991 ὡς
3412 1927 3513 1994 τὴν
3549 1924 3641 1978 διὰ
3666 1922 3764 1977 τοῦ

2186 2026 2559 2097 βαπτίσματος
2606 2020 3020 2093 χορηγουμένην
3091 2020 3301 2088 ἄφεσιν-
3343 2020 3374 2072 6
3422 2012 3766 2085 προφητικὸς

2182 2122 2337 2189 λόγος
2395 2121 2578 2191 δηλοῖ’
2623 2118 2831 2179 πάντας
2867 2115 2923 2168 δὲ
2987 2113 3205 2183 Ἰσραὴλ
3259 2110 3417 2164 καλεῖ
3470 2109 3601 2170 τοὺς
3671 2122 3766 2157 πι-

2184 2213 2490 2275 στεύοντας,
2543 2210 2653 2263 εἴτε
2693 2208 2753 2274 εξ
2791 2206 2961 2260 ἐθνῶν
3011 2206 3127 2259 εἴτε
3163 2203 3222 2270 ἐξ
3291 2199 3569 2255 Ἰουδαίων
3620 2196 3766 2250 κατὰ

2181 2303 2278 2372 τὴν
2318 2301 2419 2369 τῆς
2454 2303 2696 2362 πίστεως
2735 2296 3014 2365 εὐγένειαν
3043 2295 3191 2365 αὑτῷ
3249 2290 3630 2362 συνηγμένους
3657 2306 3674 2321 ·
3706 2287 3765 2341 τί

2180 2390 2272 2447 οὖν
2301 2390 2608 2461 ἐπιζητείλὸ
2632 2387 2773 2442 κατὰ
2799 2388 2981 2454 σάρκα
3019 2384 3234 2455 Ἰσραὴλ
3258 2424 3273 2448 ,
3317 2382 3508 2435 τούτου
3532 2380 3639 2432 οὑκ
3668 2380 3763 2432 επ·

2181 2485 2363 2553 ἐτυχε.
2387 2458 2484 2535 Δια
2512 2458 2563 2533 τί
2579 2480 2678 2533 οὐκ
2703 2479 2965 2550 ἐπέτυχες
2992 2475 3137 2530 Διότι
3164 2477 3265 2528 οὐκ
3286 2473 3620 2547 Existimo);
3642 2472 3766 2523 ὲπιο-

2181 2574 2370 2642 ζητεῖ,
2406 2571 2613 2636 ἀλλὀὲξ
2670 2569 2856 2640 ἔργων
2894 2569 3081 2639 νόμον·
3126 2567 3160 2637 ή
3197 2566 3255 2618 δὲ
3293 2562 3495 2634 ἐκλογὴ
3532 2562 3764 2645 ἐπέτυχε

2180 2665 2270 2719 διὰ
2297 2660 2395 2735 τῆς
2427 2663 2683 2727 πίστεως,
2714 2662 2764 2714 ol
2818 2660 2874 2713 δὲ
2924 2659 3102 2712 λοιποὶ
3145 2654 3549 2727 ἐπωρώθησαν,
3597 2654 3763 2719 ἤγουν

2181 2756 2612 2826 κατελείφθησαν
2637 2756 2704 2825 τῇ
2725 2752 2973 2824 ἀπιστίᾳ,
2990 2750 3173 2813 καθὼς
3194 2748 3523 2819 γέγραπται·
3553 2764 3573 2797 ‹
3602 2745 3765 2798 Ἔδω-

2181 2868 2276 2903 κεν
2314 2850 2500 2911 αὑτοίς
2527 2850 2555 2901 6
2583 2846 2715 2910 Θεὸς
2766 2845 2983 2914 πνεῦμα
3026 2841 3399 2907 κατανύξεως,
3446 2837 3761 2908 ὀφθαλμοὺς

2180 2939 2272 2993 τοῦ
2312 2938 2385 3010 μὴ
2420 2939 2671 3009 βλέπειν,
2722 2935 2817 2991 καὶ
2844 2928 2958 2988 ὦτα
2994 2932 3087 2988 τοῦ
3120 2932 3194 3004 μὴ
3222 2931 3439 2985 ἀκούειν
3467 2969 3482 2993 ,
3524 2929 3637 2992 ἕως
3664 2928 3763 2997 τῆς

505 3033 615 3077 tam
648 3023 893 3089 vocavit;
932 3034 994 3078 ut
1032 3025 1179 3078 enim
1215 3024 1308 3093 qui
1341 3025 1708 3094 cognitionem
1754 3026 2080 3094 laudabilem

2184 3033 2421 3103 σήμερον
2445 3030 2658 3101 ἡμέρας
2679 3045 2726 3080 Ὶ
2764 3027 2827 3080 οὐ
2855 3026 2966 3097 γὰρ
2992 3028 3020 3079 6
3046 3025 3180 3088 Θεὸς
3219 3023 3417 3085 αὐτοὺς
3460 3019 3763 3087 ἀπιστῆσαι

503 3115 672 3169 habet
700 3128 809 3167 non
839 3116 1004 3169 vertit
1030 3130 1089 3169 se
1128 3115 1196 3170 ad
1235 3118 1409 3185 pejus,
1445 3115 1525 3171 sie
1556 3118 1650 3186 qui
1692 3118 1843 3173 dedit
1879 3136 1939 3175 se
1964 3136 2082 3175 om-

2189 3122 2638 3194 παρεσκεύασεν,
2682 3118 2799 3174 ἀλλ’
2847 3117 3253 3188 ὲσυγχώρησεν,
3303 3114 3472 3183 ἤγουν
3507 3106 3762 3178 παρεχώ-

505 3206 638 3260 nino
672 3206 911 3268 malitiae,
946 3223 1055 3261 non
1110 3207 1178 3262 ad
1232 3209 1429 3263 melius
1462 3212 1824 3267 convertitur.
1854 3213 1922 3267 Et
1946 3213 2082 3269 alius

2191 3232 2344 3286 ρησεο
2390 3212 2608 3284 πνεῦμα
2638 3210 2983 3277 κατανύξεως
3011 3208 3111 3278 τὴν
3138 3204 3516 3277 ἀμετάϐλητον
3538 3200 3764 3254 ἐκάλεσε

503 3296 772 3366 propheta
797 3297 932 3352 dicit
958 3316 971 3351 :
1010 3316 1027 3347 ι
1058 3298 1425 3353 lnerassatum
1458 3309 1542 3355 est
1565 3316 1660 3355 eor
1684 3303 1868 3372 populi
1899 3304 2082 3375 hujus,

2186 3307 2433 3377 γνώμην·
2465 3304 2654 3374 ὥσπερ
2686 3304 2714 3356 6
2740 3304 2839 3372 τὴν
2869 3298 3270 3368 ἐπαινουμένην
3294 3296 3434 3366 ἔχων
3477 3292 3766 3359 κατάγνω-

505 3398 563 3441 et
611 3387 841 3441 auribus
911 3389 1152 3458 graviter
1206 3382 1537 3454 audierunt,
1590 3401 1646 3447 et
1691 3394 1881 3448 oeulos
1936 3411 2082 3449 com-

2188 3416 2273 3453 σιν
2297 3400 2393 3468 τὴν
2423 3397 2516 3451 ἐπὶ
2558 3396 2619 3450 τὸ
2651 3399 2832 3467 χεῖρον
2871 3391 3082 3465 τροπὴν
3109 3392 3211 3444 οὐκ
3245 3387 3570 3456 εἰσδέχεται,
3594 3383 3765 3445 οὕτως

505 3487 848 3549 presserunt,
883 3488 940 3533 et
993 3480 1179 3534 lumen
1214 3480 1402 3535 videre
1432 3481 1732 3537 noluerunt
1754 3484 1822 3537 ³⁸.
1861 3504 1879 3535 ι
1914 3484 2082 3541 David

2185 3491 2214 3543 6
2244 3488 2522 3551 παντελῶς
2555 3488 2747 3541 ἑαυτὸν
2793 3485 2979 3546 ἐκδοὺς
3035 3485 3098 3553 τῇ
3150 3478 3407 3549 πονηρίᾳ,
3433 3476 3534 3546 τὴν
3568 3475 3664 3528 ἐπὶ
3706 3474 3764 3526 τὸ

506 3570 673 3623 etiam
725 3564 894 3624 dicit:
938 3590 957 3621 ι
992 3572 1111 3625 Fiat
1143 3587 1330 3627 mensa
1380 3588 1569 3628 eorum
1629 3576 1685 3629 in
1729 3576 1984 3646 laqueum
2027 3588 2082 3634 et

2187 3583 2434 3651 κρεῖττον
2463 3579 2562 3648 οὐχ
2594 3558 2829 3647 αἱρεῖται
2867 3574 3188 3646 μεταϐολήν.
3222 3572 3332 3624 Καὶ
3362 3569 3522 3632 ἄλλος
3547 3567 3761 3639 προφή-

508 3659 566 3713 in
623 3660 955 3728 captionem,
1016 3669 1072 3716 et
1125 3663 1181 3715 in
1214 3663 1530 3717 scandalum
1583 3666 1726 3720 etin
1757 3668 2084 3723 retributio-

506 3766 637 3805 nem
676 3751 802 3806 illis.
855 3752 1238 3811 Obscurentur
1288 3755 1437 3809 oculi
1474 3772 1687 3822 eorum,
1736 3774 1808 3813 ne
1843 3758 2085 3827 videant,

508 3855 565 3898 et
622 3846 845 3900 dorsum
897 3861 1088 3900 eorum
1146 3861 1363 3917 semper
1395 3847 1622 3903 incurva
1669 3849 1735 3904 “.
1772 3868 1793 3902 ι

2183 3688 2284 3741 της
2299 3671 2474 3738 λέγει’
2497 3689 2515 3721 ι
2541 3666 2849 3738 Ἐπαχύνθη
2875 3669 2984 3736 γὰρ
3002 3666 3035 3735 ή
3055 3662 3251 3733 καρδία
3273 3662 3365 3714 τοῦ
3393 3660 3529 3714 λαοῦ
3552 3658 3761 3721 τούτου,

2189 3762 2285 3814 καὶ
2317 3763 2431 3824 τοῖς
2462 3760 2565 3813 ὠσὶ
2596 3759 2808 3830 βαρέως
2837 3759 3078 3828 ήκουσαν
3101 3795 3115 3818 ,
3145 3756 3238 3806 καὶ
3281 3753 3406 3815 τοὺς
3453 3749 3765 3819 ὀφθαλμοὺς

2194 3853 2424 3923 ἐμυσαν,
2456 3854 2553 3907 καὶ
2575 3853 2636 3905 τὸ
2660 3850 2777 3921 φῶς
2806 3851 2934 3903 ἰδεῖν
2956 3850 3056 3903 οὐκ
3083 3845 3377 3916 ἠθέλησαν.
3414 3864 3432 3895 ι
3462 3844 3577 3897 Καὶ
3607 3839 3764 3895 Δαϐιδ

507 3940 679 4009 λέγει·
724 3963 742 3993 ‹
778 3943 1065 4014 Γενηθήτω
1097 3944 1129 4013 ή
1163 3945 1413 4013 τραπὲζα
1438 3946 1619 3999 αὐτῶν
1650 3948 1728 4010 είς
1768 3948 1991 4017 παγίδα,
2026 3949 2122 4003 καὶ
2153 3950 2233 4013 είς
2268 3951 2464 4021 θήραν,
2513 3949 2608 4003 καί⁵
2660 3950 2742 4013 εἰς
2788 3945 3107 4008 σκάνδαλον,
3153 3942 3247 3997 καὶ
3293 3942 3374 4001 είς
3416 3937 3765 4006 ἀνταπόδομα

510 4037 713 4090 αὐτῶν·
748 4037 1189 4110 σκοτισθήτωσαν
1240 4041 1290 4093 oi
1339 4040 1607 4111 ὀφθαλμοὶ.
1639 4043 1819 4097 αὐτῶν
1870 4044 1965 4097 τοῦ
2009 4045 2084 4117 μή
2123 4043 2364 4115 βλέπειν,
2397 4047 2492 4099 καὶ
2539 4044 2635 4099 τὸν
2673 4044 2843 4098 νῶτον
2901 4039 3080 4096 αὐτῶν
3109 4039 3198 4092 διὰ
3266 4032 3472 4097 παντὸς
3514 4030 3762 4100 σύγκαμ-

510 4133 631 4202 ςνον.
673 4152 689 4184 ι
1770 4144 1771 4147 ‘

584 4249 630 4279 ’³
669 4249 770 4301 Ira.
812 4265 915 4311 ιιι,
970 4249 1071 4313 εος
1131 4249 1289 4304 Rom.
1327 4266 1397 4315 XI,
1433 4250 1527 4315 26,
1562 4253 1678 4307 ‘27.’
1749 4254 1798 4286 ’⁴
1834 4252 2032 4316 lsa.vt,
2072 4249 2132 4319 9;
2183 4251 2342 4307 Rom.
2394 4266 2469 4315 ιιι,
2521 4248 2575 4303 8.
2650 4248 2696 4281 ’⁸
2733 4246 2838 4301 Isa.
2890 4259 2968 4307 vi,
2999 4240 3097 4306 to;
3134 4238 3294 4294 Rom.
3319 4233 3464 4299 11,8.
3543 4234 3592 4268 ⁸⁸
3626 4234 3762 4290 Psal.

515 4334 701 4385 ιιινιιι,
744 4321 801 4382 5,
845 4319 943 4384 24;
978 4319 1134 4374 Rom.
1172 4336 1247 4384 χι,
1291 4321 1344 4385 9,
1394 4320 1474 4373 ιο.

529 4478 3748 4520 ___________________________________________._____._.

1022 4628 1569 4717 ΔΙΑΛΟΓΟΣ
1642 4627 2060 4717 ΜΙΚΡΟΣ
2134 4625 2427 4713 ΠΡΟΣ
2499 4618 3102 4709 ΙΟΥΔΛΙΟΥΣ
3175 4608 3282 4700 (ί).

1182 4920 1775 5014 DIALOGUS
1847 4919 2308 5013 PARVUS
2378 4920 2530 5008 AD
2602 4912 3143 5008 JUDIEOS.

580 5213 959 5284 'lnlerrOgavit
1004 5212 1248 5277 Judxeus,
1280 5228 1452 5283 quare
1479 5211 1789 5267 comeditur
1818 5209 1961 5281 apud
2000 5224 2082 5264 vos

2286 5207 2643 5277 Ἠρώτησενὸ
2673 5206 2946 5270 Ἰουδαῖοςο
2972 5205 3072 5260 Διὰ
3087 5205 3141 5259 τί
3159 5205 3435 5277 τρώγεται
3466 5208 3596 5280 παρ’
3625 5206 3762 5279 ὑμῶν

521 5306 866 5362 Christianos
917 5302 1077 5357 suilla
1125 5303 1293 5358 caro?
1316 5303 1743 5361 ﬁ—Cbristianus
1773 5302 1909 5355 dixit
1937 5318 1950 5354 :
1984 5301 2082 5355 Cm

2203 5299 2312 5353 τῶν
2346 5298 2689 5369 Χριστιανῶν
2721 5297 2781 5351 τὸ
2815 5298 3049 5368 χοίρειον
3082 5298 3282 5369 κρέας;
3309 5328 3379 5338 -
3429 5299 3488 5352 ’0
3513 5300 3758 5369 Χριστια-

524 5399 619 5463 illa
654 5395 827 5451 Judaei
880 5410 989 5448 non
1020 5394 1358 5449 vescuntur?
1381 5394 1622 5459 Iudaeus.
1653 5391 1789 5458 Quia
1816 5391 2082 5446 immunda

2204 5393 2296 5455 νὸς
2323 5387 2464 5444 εἶπε·
2497 5390 2597 5443 Διὰ
2619 5389 2671 5443 τί
2696 5391 2851 5458 ὑμεῖς
2880 5390 2939 5443 οὐ
2973 5390 3211 5461 τρώγετε
3241 5390 3411 5457 αὐτός
3442 5423 3515 5433 —-
3551 5392 3610 5445 '0
3644 5392 3756 5443 ‘lou-

524 5498 628 5545 est.
655 5520 703 5529 -ι
726 5489 1092 5544 Christianus.
1121 5487 1232 5543 Cur
1268 5486 1555 5542 vescimini
1583 5485 1799 5558 gallinis
1834 5500 1954 5554 qum
1985 5499 2082 5539 om-

2207 5482 2353 5546 δαῖος
2373 5499 2386 5512 ·
2426 5482 2550 5535 Ὅτι
2577 5480 2887 5551 ἀκάθαρτον
2917 5482 3085 5536 ἐστιν.
3112 5512 3181 5522 -
3217 5481 3274 5535 'U
3292 5482 3615 5554 Χριστιανός
3633 5501 3644 5511 ·
3666 5480 3761 5533 Καὶ

604 5624 681 5704 (_t)
730 5624 1101 5704 Hic__qui_dem
1152 5625 1403 5704 dialogus
1425 5625 1665 5704 _sta_tim__
1693 5624 2004 5704 subtexitur
2046 5623 2102 5678 in
2211 5622 2423 5704 codice,
2457 5637 2569 5676 non
2600 5592 2687 5678 est
2718 5621 2833 5678 fere
2859 5621 2976 5704 nisi
3003 5621 3615 5704 compendium‘operis
3653 5620 3758 5674 lon-

522 5691 719 5765 eode'm
745 5691 934 5750 codice
961 5693 1243 5765 Vaticano.
1273 5691 1369 5749 A'st
1392 5696 1541 5751 aliud
1562 5695 1901 5763 colloquium
1935 5694 2101 5765 breve
2211 5693 2437 5765 giorisa
2471 5707 2557 5747 me
2599 5708 2767 5763 supra
2786 5693 3012 5763 scripti;
3040 5691 3298 5763 neQue'rd
3348 5691 3518 5747 edere
3555 5704 3761 5761 magno-

530 5764 803 5818 Anastasii
856 5764 1073 5818 abbatis
1116 5779 1269 5834 aeque
1315 5779 1441 5821 cum
1491 5765 1694 5822 Judaeis
1728 5761 1786 5820 in
1838 5765 1946 5820 alio
1976 5761 2098 5820 Vat.
2209 5761 2342 5836 pere
2377 5764 2628 5821 interest.
