4026 6308
255 381 382 447 1273

1240 366 1693 445 DISPUTATIO
1734 380 2131 443 ADVERSUS
2157 376 2488 442 messos.

2220 272 2308 293 ’Ἶρι

3361 367 3503 440 ωτι

252 498 333 552 διὰ
360 496 412 550 τί
438 496 676 566 τρώγετε
707 497 767 552 rb
788 496 1042 569 ὀρνίθιον,
1073 495 1099 549 b
1131 494 1569 566 ἀκαθαρτότατον
1605 496 1807 548 πᾶντωι

1924 492 2078 545 nium
2118 487 2577 545 immundissimae
2611 485 2775 540 sunt?
2829 483 3056 539 Pontica
3081 482 3228 537 enim
3276 497 3502 550 serpen-

254 588 366 641 ἐστί
392 607 405 652 ;
438 588 695 643 Ποντικὸν
744 589 839 642 καὶ
868 588 1021 657 ὄφεις
1044 584 1216 639 ἐσθίει
1245 587 1341 639 καὶ
1374 587 1553 639 πᾶσαν
1577 583 1821 653 ἀκαθαρ-

255 674 386 727 σίαψ
424 674 524 745 τὴν
552 675 608 729 δὲ
639 675 885 745 χελιδόνα
915 676 977 729 οὐ
1007 674 1251 744 -τρὼγετε
1294 673 1686 745 καθαρωτέραν
1731 672 1821 726 εὖ·

253 783 346 819 σαν
376 766 472 834 τῆς
518 766 751 837 ὄρνιθος·
786 764 910 819 οὔτε
956 767 1017 830 τὸ
1069 765 1249 819 σίπιον
1288 764 1530 835 καθαρὸν
1562 764 1660 816 καὶ
1689 763 1821 817 αὐτὸ

249 857 307 911 ὂν
349 859 442 911 καὶ
493 857 833 928 ἀναίμακτον
881 857 978 911 καὶ
1030 856 1419 925 καθαρώτερον
1453 855 1553 926 τῆς
1583 853 1816 925 ὄρνιθος,

248 951 337 1027 καὶ
397 949 731 1020 σκηνώματα
789 947 884 1003 καὶ
939 950 1237 1020 θνησιμαῖα
1291 950 1505 1013 ἐσθίει,
1574 930 1713 999 αὐτᾶ
1761 945 1818 998 δὲ

247 1039 490 1108 οὐδαμῶς
512 1052 529 1068 ’
583 1038 761 1101 θέλεις
809 1039 997 1108 μαθεῖν
1048 1039 1116 1091 δι’
1142 1041 1208 1111 ἦν
1239 1039 1416 1091 αἰτίαν
1462 1034 1614 1090 εἶπεν
1639 1040 1667 1090 ὁ
1686 1037 1816 1098 Θεὸς

244 1129 328 1182 διὰ
361 1130 634 1192 Μωῦσέως
670 1132 782 1193 τοῖς
811 1130 1079 1193 Ἰουδαίοις
1105 1132 1178 1201 μὴ
1200 1131 1433 1201 τρώγειν
1452 1130 1512 1183 τὸ
1533 1129 1813 1200 χοιρίδιον;

243 1222 321 1273 ὅτι
352 1222 409 1273 ἐν
432 1220 692 1291 Αἰγύπτῳ
726 1221 877 1283 ὄντες
919 1223 1057 1291 μετὰ
1083 1225 1192 1276 τῶν
1216 1224 1528 1291 Αἰγυπτίων
1553 1263 1570 1285 ,
1629 1224 1825 1295 ἤσθιον

242 1312 328 1363 τὸν
355 1314 554 1382 χοῖρον,
586 1312 676 1365 τὸν
703 1312 758 1365 δὲ
788 1313 914 1383 βοῦν
940 1315 1032 1367 καὶ
1061 1313 1152 1367 τὸν
1173 1315 1373 1385 τράγον
1419 1316 1513 1368 καὶ
1549 1315 1638 1368 rbv
1675 1313 1814 1367 κύνα

240 1402 481 1455 ἐσέϐοντο
510 1404 559 1455 oi
579 1404 862 1471 Αἰγύπτιοι
888 1406 963 1468 ὡς
992 1407 1174 1466 θεούς·
1209 1408 1272 1459 ἐκ
1300 1406 1488 1460 τούτου
1513 1409 1608 1461 καὶ
1627 1411 1815 1462 Boco-

231 1492 471 1560 ρεῖς,δι5ι
493 1494 555 1547 rb
572 1495 663 1547 rbv
691 1495 819 1564 βοῦν
842 1497 1116 1575 σέϐεσθαιε
1145 1498 1237 1550 καὶ
1260 1497 1503 1553 Κυνῐται
1532 1499 1618 1552 διὰ
1642 1500 1700 1552 rb
1723 1500 1813 1552 τὸν

238 1583 368 1636 κύνα
391 1584 668 1638 σέϐεσθαι·
699 1586 780 1639 διὸ
811 1588 904 1640 καὶ
951 1588 1189 1641 Ἰουδαῖοι
1217 1590 1528 1658 μετάὖτῶν
1552 1591 1721 1655 ὄντες,
1745 1592 1813 1646 τὰ

237 1673 327 1744 ἔθη
359 1675 540 1729 αὐτῶν
571 1678 908 1748 ἐκράτησανο
945 1679 1231 1748 ἐξαγαγὼν
1263 1680 1358 1734 οὖν
1387 1683 1584 1746 αὐτοὺς
1623 1684 1652 1736 ὁ
1680 1684 1811 1745 Θεὸς

235 1766 292 1831 ἐξ
311 1768 611 1836 Αἰγύπτου,
637 1769 808 1823 θέλων
836 1771 1144 1841 ἀποστῆσαι
1169 1773 1268 1835 τὰς
1290 1775 1518 1845 καρδίας
1538 1774 1720 1830 αὐτῶν
1751 1778 1810 1843 ἐξ

1930 585 2077 639 tibus
2123 584 2290 638 alitur
2326 590 2383 635 et
2420 578 2678 635 omnibus
2722 576 3012 641 sordibus;
3064 584 3120 629 et
3148 574 3509 654 hirundinem

1928 692 2035 731 non
2085 676 2374 731 comeditis
2432 673 2781 727 mundiorem
2842 669 2946 722 hac
2991 683 3122 731 ave,
3168 681 3349 734 neque
3412 666 3502 719 σί-

1926 778 2051 822 πιον
2112 768 2261 838 quod
2307 782 2508 837 purum
2559 773 2616 818 et
2674 763 2856 832 ipsum
2931 767 3019 814 est.
3065 767 3122 813 et
3180 758 3499 827 sanguinem

1925 863 2144 931 fugiens
2192 871 2249 916 et
2296 877 2397 915 ave
2437 860 2538 915 ista
2568 856 2852 918 mundius,
2887 863 2943 908 et
2989 853 3188 907 domus
3224 853 3413 906 sordes
3447 861 3525 906 et»

1925 970 2120 1009 carnes
2153 961 2435 1009 emortuas
2494 947 2755 1011 comedit,
2806 948 2899 1001 illa
2946 944 3359 1007 vero‘minime.
3410 944 3502 999 Vis

1924 1048 2138 1101 discere
2184 1059 2348 1115 quam
2396 1043 2468 1096 ob
2504 1056 2722 1097 causam
2748 1038 2951 1092 dixerit
2972 1038 3125 1091 Deus
3152 1053 3252 1106 per
3282 1036 3500 1107 Moysen

1922 1137 2125 1193 Judzeis
2162 1127 2283 1190 non’
2325 1135 2471 1189 vesci
2532 1130 2739 1189 suillo?
2785 1131 2937 1200 quia,
2993 1144 3117 1184 cum
3166 1128 3220 1182 in
3271 1128 3502 1199 Αὲεγριο

1921 1238 2107 1284 essent
2144 1244 2268 1283 cum
2313 1225 2600 1297 Egyptiis,
2654 1224 2849 1277 suibus
2891 1221 3276 1282 vescebantur,
3307 1221 3499 1277 bovem

1921 1328 2109 1374 autem
2171 1327 2227 1373 et
2281 1314 2498 1371 hircum
2571 1326 2626 1368 et
2688 1329 2879 1391 canem
2941 1312 3195 1367 colebant
3258 1324 3317 1366 ut
3368 1313 3503 1368 deos

1920 1410 2199 1483 IEgyptii;
2247 1409 2391 1463 unde
2438 1406 2742 1472 Βοσορεῖς,
2793 1405 2921 1475 quia
2978 1405 3194 1467 bovem,
3231 1413 3286 1457 et
3324 1408 3504 1464 KmZ—

1922 1520 2040 1564 ται,
2089 1502 2218 1571 quia
2246 1494 2439 1554 canem
2474 1498 2773 1553 colebant:
2816 1496 2990 1551 Judaei
3027 1504 3232 1559 autem,
3283 1493 3501 1563 quando

1908 1574 2043 1650 .cum
2091 1595 2201 1650 illis
2248 1600 2424 1655 erant,
2467 1606 2648 1645 mores
2684 1604 2878 1645 eorum
2923 1588 3318 1657 sequebantur.
3356 1587 3501 1642 Deus

1917 1702 2068 1758 ergo,
2097 1702 2221 1741 cum
2251 1683 2571 1755 ex'ZEgypto
2596 1697 2691 1738 eos
2710 1682 3010 1741 eduxisset,
3040 1691 3093 1733 et
3120 1678 3284 1734 corda
3306 1694 3501 1736 eorum

1918 1772 2174 1834 amovere
2206 1777 2373 1832 vellet
2423 1776 2492 1830 ab
2552 1775 2638 1829 his
2668 1766 3122 1844 quadrupedibus
3165 1784 3304 1840 quos
3349 1772 3500 1827 cole-

234 1852 305 1911 ὦν
330 1861 676 1932 τετραπόδων
716 1862 967 1917 ἐσέϐοντο
1008 1864 1389 1943 ἐνΑἰγύπτῳ,
1415 1866 1807 1941 ἐνομοθέτησεν

1914 1869 2048 1923 bant
2094 1867 2358 1938 Egyptii,
2388 1866 2563 1934 legem
2598 1863 2708 1918 illis
2758 1861 2952 1917 statuit
2988 1869 3048 1914 ut
3095 1877 3217 1930 qua:
3260 1860 3370 1915 illic
3397 1860 3497 1915 ha-

231 1951 408 2014 αὐτοῖς
454 1953 525 2005 τὰ
573 1954 717 2024 ἅπερ
760 1952 905 2025 εἶχεν
956 1958 1074 2009 ἐκεῖ
1114 1956 1287 2008 σεπτὰ
1328 1957 1424 2010 καὶ
1454 1962 1806 2031 προσκυνητὰ

232 2041 489 2109 σράττειν
540 2040 773 2098 ἐνταῦθα
830 2046 925 2098 καὶ
972 2045 1195 2099 ἐσθίεινο
1250 2046 1337 2101 ἵνα
1394 2050 1470 2113 ὡς
1511 2051 1805 2119 σφάζοντες

228 2134 367 2187 αὑτά
413 2135 513 2188 καὶ
557 2135 849 2200 ἐσθίοντες,
905 2138 1104 2208 μηκέτι
1150 2138 1338 2192 λοιπον
1366 2140 1598 2211 τιμῶσιν
1624 2143 1764 2196 αὑτά
1790 2160 1803 2173 ·

224 2223 314 2275 τὸν
341 2223 399 2276 δὲ
430 2226 617 2296 χοῖρον
659 2227 829 2296 ὅνπερ
858 2227 1044 2297 ἤσθιον
1075 2230 1156 2292 είς
1178 2231 1474 2297 Αἴγυπτον,
1510 2233 1804 2302 παρήγγει-

222 2311 311 2367 λεν
348 2316 537 2379 αὐτοῖς
561 2317 750 2370 τούτου
789 2319 861 2392 μὴ
891 2320 1171 2387 γεύεσθαι,
1220 2306 1319 2393 οὐχ
1366 2322 1441 2386 ὡς
1490 2324 1803 2396 ἀκαθάρτου

221 2407 383 2461 αὐτοῦ
417 2409 595 2472 ὄντος,
631 2411 744 2464 ἀλλ’
777 2412 862 2465 ἵνα
897 2415 970 2483 μὴ
1002 2417 1339 2484 στρέφωνται
1387 2419 1510 2480 ταῖς
1552 2419 1805 2484 καρδίαις

221 2498 400 2552 αὐτῶν
437 2501 502 2553 ἐν
528 2502 807 2572 Αίγύπτῳο
835 2506 930 2556 καὶ
970 2504 1118 2566 ὅπως
1147 2505 1580 2577 ἀναγκαζόμενοι
1612 2509 1801 2562 τούτου

224 2588 297 2657 μὴ
330 2589 562 2654 ἐσθίειν,
593 2592 703 2645 τῶν
747 2593 919 2648 ἄλλων
950 2595 1103 2659 ζώων
1136 2597 1321 2651 λοιπὸν
1373 2580 1799 2670 καθαπτόμενοι,

220 2677 525 2744 σφάζοντες
552 2679 1020 2752 τρώγωσιν,αοῖον
1065 2684 1157 2741 τὸν
1197 2685 1454 2756 βοῦν,τδν
1476 2689 1696 2760 τράγον,
1744 2693 1803 2745 rb

217 2768 518 2837 πρόϐατον,
559 2772 704 2843 ὅπερ
732 2771 807 2837 ὡς
833 2774 990 2838 θεοὺς
1018 2778 1077 2829 ἐν
1116 2780 1180 2847 τῇ
1208 2778 1467 2850 Αἰγύπτῳ
1493 2780 1645 2845 ὄντες
1677 2782 1800 2835 ἐσέ-

219 2860 394 2915 ϐοντο·
423 2863 523 2917 καὶ
562 2863 650 2917 διὰ
677 2865 775 2937 τὴν
803 2865 1057 2939 τοιαύτην
1087 2870 1267 2923 αἰτίαν
1296 2872 1657 2945 ἐνομοθετήθη
1689 2879 1802 2939 τοῖς

229 2952 513 3018 Ἰουδαῖοις
548 2957 624 3026 μὴ
674 2957 874 3010 ἐσθίειν
921 2960 1013 3013 τὸν
1066 2963 1265 3032 χοῖρον,
1301 2963 1420 3034 οὐχὶ
1467 2965 1523 3017 δέ
1562 2965 1629 3018 δι’
1664 2968 1802 3020 ἀκα-

216 3042 473 3116 θαρσίαν·
509 3047 634 3099 ἐπεί
656 3049 792 3101 εἰσιν
821 3049 1423 3124 ἅλλαάκαθαρτότερα,
1451 3056 1525 3119 ὡς
1554 3058 1797 3127 εἴπομεν,

215 3138 306 3188 καὶ
353 3134 782 3210 βιϐρωσκόμενα
825 3142 922 3195 καὶ
963 3144 1115 3214 παρὰ
1160 3143 1437 3210 Ἰουδαίοις
1462 3163 1476 3176 ·
1506 3147 1620 3209 ἀλλ’
1644 3151 1741 3219 οὐχ
1771 3152 1800 3204 ὁ

1914 1960 2150 2014 buerant
2206 1956 2525 2011 veneranda
2566 1964 2623 2010 et
2670 1953 2971 2017 adoranda,
3024 1951 3115 2005 hic
3149 1951 3499 2019 immolarent

1912 2060 1969 2105 et
2010 2050 2394 2114 comederent;
2448 2047 2523 2100 ita
2557 2054 2620 2099 ut
2658 2044 3005 2100 immolantes
3032 2051 3089 2097 et
3118 2041 3496 2109 comedentes,

1912 2144 2023 2196 u‘on
2070 2140 2313 2210 amplius
2346 2141 2704 2194 honorarent.
2744 2138 2908 2192 Suem
2946 2143 3130 2189 autem
3161 2151 3271 2205 quo
3304 2150 3498 2190 vesce-

1911 2233 2112 2287 bantur
2164 2232 2495 2303 iutEgypto,
2539 2230 2799 2300 prmcepit
2851 2228 2956 2281 illis
3006 2243 3076 2282 ne
3117 2223 3492 2289 comederent,

1912 2341 2022 2378 non
2069 2325 2215 2395 quod
2244 2324 2564 2378 immundus
2597 2329 2770 2385 esset,
2810 2319 2904 2373 sed
2937 2334 3005 2372 ne
3043 2327 3499 2372 converterentur

1912 2416 2175 2470 cordibus
2222 2416 2338 2470 suis
2373 2414 2441 2468 ad
2486 2412 2811 2483 {Egyptuun
2859 2421 2914 2465 et
2957 2418 3018 2463 ut
3048 2409 3222 2464 coacti
3251 2425 3348 2463 sue
3385 2420 3494 2462 non

1911 2506 2084 2577 vesci,
2128 2506 2340 2574 reliqua
2396 2504 2656 2559 animalia
2714 2509 3018 2559 sumentes,
3055 2501 3403 2555 immolarent
3437 2508 3495 2555 et

1910 2599 2306 2663 comederent,
2359 2605 2422 2650 ut
2475 2596 2694 2657 bovem,
2749 2594 2987 2655 hircum,
3048 2607 3230 2654 ovem,
3277 2607 3399 2660 qure
3433 2599 3496 2645 ut

1909 2692 2044 2747 deos
2078 2690 2131 2744 in
2170 2689 2401 2760 [Egypto
2434 2687 2714 2742 colebant.
2772 2685 2898 2740 Haec
2940 2699 3137 2753 nempe
3194 2698 3359 2738 causa
3391 2682 3496 2737 fuit.

1909 2800 2009 2840 cur
2047 2784 2134 2838 lex
2170 2781 2311 2835 facta
2338 2780 2428 2833 'sit
2475 2777 2678 2833 Judaais
2712 2791 2868 2831 suem
2916 2792 3029 2830 non
3083 2775 3270 2838 edere,
3312 2789 3495 2844 neque

1909 2885 2136 2947 propter
2165 2871 2606 2935 immunditiam;
2642 2885 2768 2924 cum
2819 2869 2927 2923 sint
2965 2868 3073 2921 alia
3103 2865 3492 2930 immundiora,

1908 2978 1970 3024 ut
2019 2969 2278 3031 diximus,
2312 2965 2518 3035 quibus
2565 2962 2738 3018 πυόιοί
2784 2968 3124 3020 vescuntur;
3157 2974 3277 3028 qua:
3308 2967 3494 3012 autem

1908 3061 2052 3115 Deus
2078 3075 2188 3112 non
2211 3054 2493 3111 immunda
2521 3053 2652 3108 fecit
2679 3068 2779 3107 nec
2802 3051 3038 3114 vocavit,
3071 3050 3167 3105 sed
3197 3058 3252 3103 et
3273 3048 3493 3103 abunde

1907 3152 2070 3223 nobis
2105 3150 2258 3206 dedit
2315 3149 2383 3203 ad
2441 3145 2799 3208 vescendum,
2838 3152 2895 3199 et
2929 3142 2996 3196 ad
3038 3142 3177 3197 alios
3235 3156 3491 3197 necessa-

214 3226 348 3290 θεὸς
380 3229 564 3282 ταῦτα
616 3231 903 3302 ἀκάθαρτα
945 3235 1219 3305 ἐποίησεν,
1255 3235 1286 3306 ἢ
1326 3235 1630 3306 ὠνόμασεν,
1665 3240 1801 3295 ἀλλὰ

1911 3244 2017 3297 rios
2042 3257 2193 3296 usus.
2227 3239 2467 3302 Etenim,
2518 3247 2718 3307 praeter
2747 3234 3176 3309 imtnolationem
3223 3243 3279 3287 et
3310 3247 3488 3295 esum,

213 3318 307 3370 καὶ
347 3318 474 3395 λίαν
505 3323 642 3391 ἡμῖν
669 3322 809 3375 αὺτά
840 3323 1154 3396 ἐδωρήσατο
1198 3327 1422 3388 ἐσθίειν.
1452 3332 1545 3383 καὶ
1574 3334 1652 3394 εἰς
1682 3334 1801 3385 ἐτέ-

216 3425 315 3473 ρας
341 3413 659 3480 ἀναγκαίας
690 3416 921 3485 χρήσεις
948 3417 1120 3474 ταῦτα
1150 3418 1349 3472 ἔδωκεν
1376 3420 1540 3491 ἔχειν·
1571 3425 1665 3476 καὶ
1691 3425 1802 3496 γὰρ

211 3503 385 3572 χωρὶς
411 3504 513 3557 τοῦ
554 3505 829 3575 σφαγῆναι
866 3509 961 3561 καὶ
991 3507 1267 3581 βρωθῆναι
1297 3513 1390 3565 καὶ
1416 3513 1582 3584 ἕιλλην
1606 3516 1803 3584 χρῆσιν

212 3594 307 3644 καὶ
352 3593 613 3649 δουλείαν
658 3597 790 3666 ἡμῖν
831 3600 1007 3651 ποιεῖν
1063 3598 1287 3655 δύναται
1318 3602 1346 3653 ὁ
1375 3601 1524 3672 βοῦς,
1572 3604 1634 3656 τὸ
1673 3607 1803 3676 ἀρο-

209 3684 372 3754 τριᾷν
416 3687 517 3739 καὶ
566 3688 634 3742 τὰ
682 3688 844 3753 λοιπά
895 3694 1281 3772 μετακομιδῇς,
1315 3695 1547 3748 καὶτῶν
1599 3697 1802 3750 λοιπῶν

208 3776 550 3844 γεωργικῶν
588 3780 1031 3849 συμπονούμενος
1074 3783 1229 3850 ἡμῖν’
1287 3783 1349 3836 τὸ
1400 3784 1706 3855 πρόϐατον,
1742 3787 1804 3840 rb

207 3861 360 3930 ἔριον
400 3864 549 3935 πρὸς
578 3865 787 3920 ἔνδυσιν
831 3868 1009 3949 ᾐμῶψ
1034 3870 1233 3942 ὁμοίως
1258 3872 1352 3926 καὶ
1382 3873 1441 3926 τὸ
1467 3874 1716 3942 αίγίδιον,
1742 3876 1803 3929 τὸ

205 3955 353 4019 γάλα
400 3960 501 4010 καὶ
542 3959 634 4011 τὸν
667 3960 831 4030 τυρὶν
863 3962 956 4015 καὶ
995 3964 1094 4025 τὰς
1139 3964 1350 4034 τρίχας·
1398 3966 1661 4032 ὡσαύτως
1708 3970 1804 4024 καὶ

204 4046 235 4099 ὁ
265 4045 444 4111 κύων,
480 4048 575 4102 διὰ
600 4049 660 4102 rb
688 4050 983 4118 φυλάσσειν
1021 4052 1190 4107 ἐστιν’
1219 4058 1254 4127 ἡ
1283 4057 1444 4122 κάτα,
1480 4059 1568 4112 διὰ
1598 4060 1659 4113 rb
1698 4078 1802 4113 κα-

204 4137 491 4209 θαρίζειν·
530 4141 593 4194 rb
626 4142 880 4225 ὀρνίθιον,
913 4144 1003 4199 διὰ
1033 4146 1094 4200 τὸ
1124 4148 1251 4201 ὠόνο
1290 4150 1409 4202 οὐδὲ
1441 4155 1621 4222 χοῖρος
1648 4128 1803 4206 οὐδε-

206 4229 341 4297 μίαν
369 4229 548 4302 ᾶλλην
572 4234 768 4302 χρῆσιν
791 4233 929 4304 ἔχει,
965 4237 1013 4288 εί
1050 4236 1125 4308 μὴ
1147 4237 1236 4291 διὰ
1259 4239 1321 4292 rb
1348 4240 1647 4312 βρωθῆναι,
1681 4245 1804 4298 ἐπεὶ

201 4321 447 4392 ἄκαιρός
483 4323 640 4376 ἐστιν
668 4314 765 4378 καῖ
796 4326 1186 4397 ἄχρηστος-ἐπὶ
1213 4330 1313 4400 τῆς
1344 4333 1467 4400 γῆς’
1490 4334 1804 4405 ἀκάθαρτον

198 4408 257 4462 δὲ
300 4406 476 4481 ῦμεῖς
506 4413 561 4464 οἱ
602 4413 837 4467 Ἰουδαῖοι
869 4416 1032 4471 αὐτὸν
1074 4421 1299 4483 ποιεῖτε,
1329 4421 1417 4474 διὰ
1459 4423 1557 4493 τὴν
1598 4424 1802 4491 νηπίαν

195 4502 385 4572 ὑμῶν,
447 4505 532 4575 μὴ
575 4506 749 4559 θέλειν
793 4508 981 4563 τοῦτον
1021 4510 1339 4583 ὠνήσασθαι
1391 4516 1487 4568 καὶ
1529 4516 1755 4589 τρέφειν
1782 4536 1796 4552 ⁸

1904 3333 2065 3387 aliam
2114 3330 2409 3384 utilitatem
2463 3337 2541 3384 et‘
2579 3327 2949 3381 ministerium
3010 3324 3172 3378 nobis
3233 3331 3492 3394 prmstar‘:

1903 3430 2084 3494 potest
2120 3422 2239 3481 bos,
2277 3422 2334 3475 in
2387 3419 2616 3483 arando,
2662 3419 2946 3484 vehendo,
2982 3424 3038 3473 et
3093 3417 3219 3470 aliis
3270 3415 3492 3470 rusticis

1903 3512 2169 3582 operibus
2217 3525 2319 3565 nos
2350 3510 2652 3579 adjuvaus;
2685 3509 2828 3571 ovis,
2882 3509 3064 3563 lanam
3096 3507 3165 3562 ad
3190 3506 3490 3562 indumen-

1905 3615 2022 3659 tum
2080 3612 2331 3657 nostrum
2383 3610 2683 3671 praestans;
2742 3600 3001 3655 similiter
3047 3609 3106 3654 et
3157 3615 3346 3670 capra.
3384 3599 3489 3663 lac,

1904 3714 2148 3761 caseum,
2199 3706 2257 3752 et
2287 3696 2463 3766 pilos;
2496 3696 2648 3750 canis
2678 3695 2744 3748 ad
2780 3694 3200 3749 custodiendam
3234 3695 3487 3758 domum;

1904 3791 2028 3846 telis
2073 3790 2140 3843 ad
2195 3788 2598 3863 mundandam;
2647 3786 2846 3856 gallina
2902 3794 3129 3856 propter
3178 3799 3491 3853 ovum,sus
3538 3827 3549 3833 -

1904 3884 2111 3945 nullam
2159 3883 2321 3936 aliam
2351 3880 2647 3936 utilitatem
2689 3879 2875 3944 habet,
2908 3878 3014 3932 nisi
3057 3885 3116 3930 ut
3141 3876 3486 3935 eumedatur.

1905 3989 2030 4030 cum
2063 3973 2274 4027 inutilis
2303 3980 2358 4026 et
2391 3971 2589 4041 noxius
2620 3970 2692 4026 sit
2722 3979 2902 4026 teme.
2926 3967 3274 4022 lmmuudum
3305 3976 3488 4021 autem

1904 4081 2023 4128 vos,
2052 4063 2250 4125 Judaei,
2287 4063 2441 4117 illum
2479 4062 2679 4127 facitis,
2717 4078 2819 4132 per
2856 4060 3185 4125 socordiam,
3238 4059 3490 4116 nolentes

1906 4156 2063 4210 illum
2091 4170 2275 4210 emere
2309 4163 2365 4210 et
2394 4154 2608 4209 nutrire
2630 4172 2659 4220 ;
2680 4169 2806 4208 nam
2842 4138 2887 4209 si
2929 4153 3142 4207 nutrire
3175 4151 3485 4216 volueritis,

1905 4248 2052 4318 quod
2088 4246 2329 4302 comedit
2367 4248 2491 4303 ovis'
2520 4257 2575 4302 et
2604 4264 2793 4318 capra,
2838 4247 2943 4301 hoc
2972 4246 3117 4300 idem
3155 4254 3352 4299 natura
3390 4261 3486 4299 co-

1903 4340 2076 4395 medit
2112 4356 2256 4419 “sus.
2319 4339 2460 4394 Audi
2521 4349 2704 4394 autem
2769 4339 3107 4409 Scripturam
3163 4337 3483 4392 dicentem:

1910 4450 1928 4483 ι
1961 4431 2112 4486 Vidit
2172 4432 2315 4486 Deus
2353 4441 2555 4485 cuneta
2587 4447 2709 4501 qum
2741 4432 2965 4495 fecerat,
3015 4439 3070 4484 et
3114 4438 3272 4483 erant
3327 4428 3487 4484 valde
3548 4486 3551 4487 ν

1905 4523 2049 4578 bona
2098 4524 2168 4578 ³⁷.
2203 4542 2222 4574 ι

199 4596 332 4651 ἐπεὶ
356 4596 491 4649 ’ἐὰν
527 4597 690 4669 θέλῃς
723 4600 944 4671 θρέψειν
982 4603 1168 4667 αὐτὸν,
1206 4605 1260 4658 εί
1286 4624 1337 4659 τι
1370 4572 1576 4678 τρώγεί
1612 4572 1674 4662 rb
1717 4572 2119 4682 πρόϐατον-καὶ
2249 4611 2479 4680 αἰγίδιον
2508 4653 2523 4676 ,
2590 4572 2728 4681 αὕτη
2763 4614 2908 4665 ἐστὶν
2939 4615 3035 4668 καὶ
3077 4617 3109 4687 ἡ
3137 4615 3276 4669 κατά
3322 4572 3485 4683 φῦσιν

190 4688 378 4759 τροφὴ
414 4689 520 4741 τοῦ
553 4691 758 4762 χοίρων
791 4692 1025 4749 ἄκουσον
1050 4696 1105 4750 δὲ
1136 4697 1236 4768 τῆς
1282 4699 1506 4772 Γραφῆς
1545 4703 1810 4774 λεγούσης
1833 4723 1849 4739 -

188 4784 343 4837 καλὰ
374 4783 530 4840 λίαν.
567 4802 588 4835 ι

260 4903 309 4934 ’⁷
353 4902 509 4959 Gen.
555 4918 596 4968 ι,
643 4902 734 4958 3i.

1898 4726 1916 4758 ι
1953 4708 2061 4761 Καὶ
2114 4702 2256 4760 εἶδεν
2296 4706 2326 4759 ὁ
2380 4705 2513 4768 Θεὸς
2571 4707 2748 4760 πάντα
2796 4710 2897 4761 ὅσα
2933 4710 3207 4780 ἐποίησεν,
3247 4708 3343 4769 καὶ
3375 4707 3484 4761 ἱδοό

799 5059 3468 5087 ___________________________________________

1365 5192 1572 5275 ETE
1584 5177 1709 5276 ΡΑ
1780 5190 2346 5276 ΕΡΩΤΗΣΙΣ.

1214 5464 1487 5553 ALIA
1571 5466 2534 5561 IN'I‘ERBOGATIO.

258 5725 403 5784 Ἐὰν
432 5723 581 5798 εἴπῃ
632 5739 714 5776 σοι
771 5723 1042 5796 Ἐϐραῖος,
1077 5729 1199 5793 Πῶς
1228 5727 1281 5783 εἶ
1327 5731 1414 5793 σὺ,
1464 5734 1782 5804 Χριστιανέ,

1962 5731 2018 5788 Si
2053 5731 2257 5789 dixerit
2310 5735 2408 5789 tibi
2445 5735 2710 5791 Hebraeus
2749 5754 2763 5789 :
2799 5736 3086 5805 Quomodo
3110 5754 3172 5796 es
3212 5749 3290 5804 tu,
3322 5738 3485 5795 Chri-

168 5820 373 5877 τέκνον
410 5834 515 5872 τοο
568 5811 846 5887 Ἀϐραὰμ,
869 5816 1076 5882 ἐθνικὸς
1103 5817 1208 5888 (iw;
1243 5821 1385 5894 ἐρεῖς
1409 5823 1558 5899 αὐτῷ
1577 5843 1589 5855 ⁸
1615 5826 1771 5882 Κατὰ

1877 5829 2075 5895 stiane,
2102 5827 2248 5884 ﬁlius
2277 5828 2531 5899 Abrahae,
2565 5830 2785 5903 gentilis
2816 5848 2942 5888 cum
2988 5831 3349 5906 sisi—dices
3370 5829 3476 5885 illi:
