4026 6308
611 351 746 419 1279
1804 365 1865 426 S.
1904 365 2302 428 ANASTASII
2340 368 2664 430 SINAITE
3733 369 3869 433 ίὲὃθ

676 471 865 527 Habeo
891 482 1072 528 autem
1101 474 1200 529 tibi
1221 476 1369 530 aliud
1392 477 1459 532 de
1480 477 1569 532 his
1588 477 1881 533 dicendum
1913 499 1926 535 :
1953 479 2183 546 Quando

2357 482 2507 552 Ἐχω
2536 482 2591 534 δέ
2620 498 2702 534 σοι
2727 481 2820 535 καὶ
2839 478 3028 553 ἕτερον
3052 481 3144 535 ἐπὶ
3172 480 3383 545 τούτοις
3407 480 3590 535 είπεῖν
3614 499 3628 511 ·
3674 484 3819 534 im;
3833 485 3866 551 ἡ

599 561 856 619 Christus
900 565 1179 621 hominem
1207 583 1264 622 se
1301 584 1443 635 esse,
1478 586 1588 625 non
1627 579 1808 627 tamen
1882 572 2075 637 Deum,
2123 565 2182 627 ut

2286 572 2566 642 ὁΧριστὺς
2591 570 2877 644 ἄνθρωπον
2905 571 3120 638 ἑαυτὸν,
3152 572 3214 625 ού
3261 573 3445 642 μέντοι
3486 571 3626 624 θεὸν
3645 614 3660 636 ,
3697 571 3773 634 ὡς
3805 577 3865 626 σὺ

607 667 664 710 ιιι
695 656 934 723 testaris,
969 658 1210 723 diccbat,
1247 675 1349 714 cur
1375 676 1501 716 eum
1527 663 1886 718 crucifixisti?
1906 672 2024 719 'non
2050 682 2181 734 pro-

2286 666 2608 735 μαρτυρεῖς,
2644 663 2831 732 ἔλεγεν
2855 661 3017 732 εἶναι,
3072 665 3190 728 πῶς
3237 666 3402 719 αὑτὸν
3458 663 3864 735 ὲσταύρωσαςς

603 755 727 816 pter
761 747 900 801 hoc?
938 759 992 803 et
1023 764 1195 817 quare
1231 750 1680 820 igitur?—Quia
1720 754 1897 823 legem
1943 755 2182 810 violabat

2286 751 2398 806 ἀλλ’
2450 753 2510 805 ού
2556 751 2646 806 διὰ
2686 752 2877 819 τοῦτο;
2914 753 3006 807 καὶ
3041 753 3198 817 τίνος
3223 752 3452 819 ’ἐνεκεν;
3496 752 3589 817 Ὠς
3625 771 3864 823 παρανο-

602 843 661 891 et
691 837 929 892 Sabbata
953 839 1221 897 solvebat.
1244 872 1314 882 —-
1335 843 1403 897 Et
1434 845 1712 913 quomodo
1744 846 1850 901 hoc
1893 847 2025 917 egit,
2058 847 2182 902 die?

2287 844 2490 914 μούντα
2519 844 2614 897 καὶ
2659 844 2729 898 τὰ
2771 843 3028 898 Σὰδόατα
3056 844 3274 899 λύοντα.
3329 846 3437 899 Καὶ
3462 845 3582 908 πῶς
3622 846 3722 897 καὶ
3750 845 3865 898 τξνα

603 928 750 998 quod
775 930 1134 1001 paralyticum
1166 932 1222 987 in
1252 917 1496 989 Sabbato
1523 936 1805 991 ambulare
1838 937 2005 992 fecit?
2031 938 2179 1007 quod

596 1017 1024 1073 decumbentem
1050 1020 1104 1074 in
1138 1021 1278 1077 lecto
1303 1024 1515 1080 erexit?
1540 1025 1686 1093 quod
1723 1035 2009 1081 mortuum.
2044 1043 2181 1097 qua-

603 1108 923 1164 triduanum
950 1113 1272 1167 suscitavit?
1296 1125 1349 1169 et
1384 1115 1567 1186 qualis
1597 1126 1681 1171 est
1712 1117 1816 1172 hoc
1840 1117 1977 1188 legis
2006 1118 2179 1173 viola-

601 1199 716 1253 tio?
744 1201 837 1269 qui
864 1203 1174 1273 jumentum
1197 1205 1387 1260 educit
1411 1222 1441 1260 e
1463 1206 1607 1262 fossa
1636 1207 1723 1262 die
1751 1207 1975 1263 Sabbati
2006 1209 2183 1280 legem

602 1296 811 1350 violare
854 1313 962 1351 non
997 1299 1218 1365 dicitur,
1247 1310 1304 1354 et
1335 1302 1428 1371 qui
1472 1311 1751 1357 mortuum
1800 1305 2184 1360 maleolcntem

603 1386 671 1441 ad
694 1388 863 1442 vitam
887 1389 1103 1444 reducit
1124 1391 1298 1461 legem
1320 1393 1522 1447 violat?
1541 1393 1585 1448 Ο
1608 1394 1872 1465 injustum
1888 1397 2182 1467 judicium,

603 1492 639 1530 ο
673 1477 1002 1535 dementiam
1052 1485 1320 1536 vestram!
1369 1485 1462 1553 qui
1489 1485 1800 1554 jumentum
1853 1488 2051 1542 melius
2083 1488 2185 1543 ho-

605 1568 755 1621 mine
779 1583 877 1622 vos
912 1570 1013 1640 ipsi
1050 1572 1294 1641 jumenta
1318 1574 1610 1643 iudicatis!
1651 1574 1757 1631 Sed
1794 1577 1929 1647 quid
1971 1588 2182 1633 tantum

606 1654 873 1710 honorem
925 1656 1148 1713 Sabbati
1200 1660 1468 1728 defendis,
1510 1679 1543 1719 ο
1591 1665 1840 1735 improbe
1883 1678 1939 1724 et
1981 1669 2187 1724 stulte?

604 1743 749 1799 Olim
773 1746 919 1801 Deus
942 1750 1267 1819 praecipiens
1292 1752 1901 1824 honorari,Sabbatum,
1924 1768 1980 1813 et
2003 1759 2060 1813 in
2080 1760 2187 1814 hoc

607 1852 772 1893 onine
813 1855 953 1909 opus
979 1843 1137 1898 vobis
1166 1844 1489 1914 prohibens,
1523 1846 1805 1916 infantem,
1837 1851 1883 1905 si
1910 1860 2036 1906 octo
2065 1852 2186 1907 die-

608 1946 744 2017 rum‘
781 1934 1021 1991 Sabbato
1069 1953 1190 1994 esse
1235 1941 1599 2015 contingeret,
1644 1927 1964 2017 circumcidi
2012 1946 2187 2003 libere

607 2012 817 2089 sitiens,
854 2028 1002 2083 clare
1048 2031 1311 2096 ostendit,
1345 2049 1468 2087 cum
1520 2034 1737 2090 tandem
1769 2036 2039 2094 incideret
2079 2040 2189 2094 cir-

607 2117 966 2175 cumcisionis
994 2130 1224 2178 octavus
1254 2123 1391 2189 dies,
1435 2126 1583 2181 hunc
1621 2136 1872 2183 sanctum
1909 2139 1965 2185 et
1999 2131 2187 2187 Domi-

607 2207 793 2261 nicum
819 2225 973 2277 esse;
1004 2227 1131 2268 nam
1158 2224 1283 2284 post
1306 2218 1599 2287 septimum
1628 2219 1731 2275 iste
1758 2230 1863 2285 est,
1889 2222 2014 2278 ideo
2038 2234 2188 2279 octa-

605 2312 711 2352 vus
745 2313 995 2369 vocatur,
1042 2303 1096 2359 in
1148 2321 1259 2375 quo
1305 2307 1532 2364 Sabbati
1566 2311 1743 2366 honor
1770 2314 2034 2370 solvetur.
2064 2316 2185 2370 Cir-

605 2392 874 2447 cumcisio
902 2405 1087 2450 autem
1115 2397 1226 2452 dici
1258 2408 1440 2469 potest
1468 2403 1753 2472 aptissime
1782 2421 1797 2458 :
1826 2406 1882 2460 in
1912 2407 2004 2461 illa
2037 2408 2185 2463 enim

606 2498 638 2537 e
687 2486 919 2541 mortuis
961 2490 1224 2546 suscitato
1272 2491 1504 2548 Domino
1546 2505 1736 2552 nostro
1764 2497 1894 2553 Jesu
1941 2499 2183 2566 Christo,

606 2584 894 2643 peccatum
922 2579 1312 2639 circumcisum
1344 2591 1451 2648 est,
1479 2593 1537 2641 et
1570 2585 1965 2644 demoniorum
1993 2606 2187 2661 super-

607 2666 698 2719 bia
728 2668 939 2738 dejecta
966 2682 1071 2727 est.
1108 2673 1231 2731 Sed.
1259 2674 1393 2744 quid
1433 2679 1606 2737 multa
1633 2680 1856 2737 dicere?
1880 2684 2011 2738 olim
2041 2685 2187 2742 Deus

608 2756 832 2813 Sabbati
862 2762 1192 2819 solutionem
1220 2766 1554 2837 significavit
1577 2785 1721 2838 esse,
1746 2776 2182 2845 translationem,

605 2856 663 2902 et
685 2864 785 2919 per
813 2854 992 2906 octavi
1027 2854 1136 2910 diei
1176 2857 1676 2926 circumcisionem,
1707 2872 1768 2917 ut
1799 2865 1911 2934 jam
1940 2868 2187 2922 ostendi-

607 2957 766 3007 mus,
816 2960 921 3000 nec
946 2947 1129 3003 minus
1176 2959 1362 3005 autem
1416 2968 1517 3022 per
1554 2954 1847 3010 Jeremiam
1888 2957 1929 3023 ⁸,
1963 2961 2186 3028 quando

607 3037 771 3091 statui
820 3037 1233 3096 Testamentum
1282 3043 1495 3099 Novum
1555 3048 1826 3116 promisit.
1886 3050 1966 3105 Ne
2016 3052 2184 3123 igitur

2283 934 2504 1002 τρόπον,
2544 933 2702 1001 είπές
2744 933 2869 988 Ὅτι
2905 933 2997 987 τὸν
3026 935 3341 1006 παράλυτον
3384 936 3441 988 ὲν
3466 936 3740 1006 Σαῧϐάτῳ
3778 937 3865 1007 ﬁ:-

2284 1023 2451 1088 δίζειν
2475 1024 2763 1096 ἐποίησεν;
2815 1026 2898 1080 ὅτι
2944 1027 3043 1097 τὴν
3099 1027 3524 1096 συγκύπτουσαν
3570 1027 3860 1099 ὤρθωσενς

2283 1110 2364 1162 ὅτι
2398 1110 2591 1183 νεκρὸν
2616 1114 2994 1184 τετραήμερον
3019 1113 3208 1185 ἤγειρε
3235 1133 3250 1182 ;
3286 1118 3378 1168 καὶ
3404 1117 3536 1169 ποία
3571 1117 3737 1170 τοῦτο
3768 1137 3867 1171 πα-

2287 1203 2555 1273 ρανομία;
2609 1206 2638 1258 ὁ
2684 1204 2745 1258 τὸ
2784 1206 2979 1275 κτῆνος
3025 1191 3353 1275 ἀνάγωνὲκ
3403 1206 3603 1280 βόθρου
3639 1210 3784 1263 κατὰ
3810 1212 3869 1264 τὸ

2285 1292 2563 1347 Σάϐϐατον
2583 1299 2925 1367 παρανομεῖν
2953 1298 3014 1350 οὐ
3051 1298 3289 1367 λέγεται,
3322 1301 3417 1354 καὶ
3453 1302 3482 1354 ὀ
3509 1302 3712 1374 νεκρὸν
3734 1304 3863 1357 ὀδω-

2284 1383 2412 1438 δότα
2457 1384 2684 1448 ζωὼσας
2718 1391 3063 1460 παρανομεῖς
3102 1390 3167 1443 Ὦ
3214 1391 3313 1460 τῆς
3355 1392 3546 1445 ἀδίκου
3593 1394 3861 1463 κρίσεωςί

2285 1474 2330 1528 ὣ
2356 1470 2459 1543 τῆς
2488 1476 2872 1547 παραπληξίας
2899 1480 3087 1549 ὑμῶνί
3149 1481 3232 1534 ὅτι
3272 1481 3333 1535 τὺ
3376 1483 3580 1554 κτῆνος
3616 1487 3865 1554 κρεῖσσον

2285 1566 2576 1637 ἀνθρώπου
2604 1569 2735 1639 παρ’
2766 1570 2895 1637 ὑμῖν
2918 1574 3032 1635 τοῖς
3056 1573 3280 1642 κτήνεσι
3324 1574 3576 1645 κρίνεται
3598 1594 3612 1609 ο
3646 1575 3786 1630 ἀλλὰ
3817 1578 3864 1629 τί

2284 1658 2539 1714 τοσοῦτον
2567 1658 2769 1731 ἀντέχῃ
2797 1662 2897 1733 τῆς
2927 1662 3021 1716 τοῦ
3057 1650 3342 1719 Σαϐϐάτου
3369 1668 3568 1739 τιμῆς,
3623 1662 3671 1722 ὦ
3717 1662 3862 1724 ἄθλιε

2289 1754 2354 1806 σὺ
2390 1752 2486 1805 καὶ
2513 1753 2747 1825 ἀνόητε;
2785 1755 2952 1809 πάλαι
2976 1758 3004 1810 δ
3035 1758 3167 1822 θεὸς
3190 1760 3576 1830 ἐντειλάμενος
3599 1761 3866 1833 τιμᾶσθαι

2221 1816 2261 1874 Β
2287 1843 2349 1896 τὸ
2369 1816 2663 1911 Σάϐϐατον,
2708 1816 2804 1899 καὶ
2836 1847 2895 1900 ὲν
2921 1848 3069 1919 αὐτῷ
3106 1816 3272 1920 μηδὲν
3300 1816 3448 1924 (iuit;
3479 1816 3819 1922 ἐργάζεσθαι
3848 1903 3861 1925 ,

2285 1934 2499 1988 παιδίον
2525 1933 2582 1988 δὲ
2612 1937 2661 1989 εί
2685 1936 2838 2007 τύχοι
2870 1937 3217 2010 ὀκταήμερον
3238 1939 3405 1999 λύειν.
3423 1942 3749 2011 Σάϐϐατον,
3776 1953 3867 1996 καὶ

2285 2027 2582 2093 ἀκωλύτως
2615 2028 2748 2083 αὐτὸ
2776 2031 3130 2101 περιτέμνειν
3151 2072 3167 2097 ,
3223 2032 3411 2103 σαφῶς
3442 2035 3721 2106 ἐδήλωσεν
3747 2079 3763 2103 ,
3798 2038 3868 2100 ὡς

2286 2117 2552 2190 ἐλθούσης
2610 2118 2709 2189 ὀψέ
2764 2136 2898 2185 ποτε
2950 2122 3052 2190 τῆς
3094 2122 3264 2187 ὅντως
3302 2124 3498 2203 ὀγδδης
3536 2130 3867 2200 περιτομῆς,

2284 2212 2407 2282 ἥτις
2440 2211 2589 2265 ἐστὶν
2625 2211 2757 2280 ἁγία
2788 2212 3069 2285 Κυριακή.
3096 2216 3254 2270 Μετὰ
3281 2216 3391 2287 γὰρ
3425 2217 3670 2290 ἑϐδόμην
3696 2219 3867 2290 αὕτη,

2287 2304 2372 2372 ἐφ’
2466 2303 2561 2357 καὶ
2589 2304 2751 2373 ὀγδόη
2777 2306 3043 2369 καλεῖται,
3078 2307 3113 2378 ἡ
3144 2306 3235 2361 τοῦ
3265 2307 3549 2363 Σαϐϐάτου
3585 2311 3733 2381 τιμὴ
3777 2329 3860 2364 κα-

2284 2392 2650 2464 ταλυθήσεται
2672 2411 2686 2427 ·
2709 2394 2981 2465 περιτομὴ
3011 2394 3069 2449 δὲ
3104 2395 3304 2471 λέγοιτ’
3328 2398 3394 2451 ἂν
3418 2398 3513 2463 καὶ
3543 2399 3704 2467 μάλα
3727 2401 3865 2453 εἰκό-

2284 2498 2425 2547 τως·
2450 2485 2509 2539 ὲν
2535 2486 2672 2557 αὐτῇ
2703 2488 2808 2558 γὰρ
2846 2488 2910 2541 ὲκ
2939 2488 3152 2556 νεκρῶν
3186 2488 3511 2561 ἓγερθέντος
3532 2489 3632 2543 τοῦ
3665 2491 3865 2561 Κυρίου

2284 2574 2445 2645 ἡμῶν
2476 2574 2655 2646 Ἰησοῦ
2688 2576 2949 2647 Χριστοῦ,
2997 2578 3093 2631 καὶ
3125 2579 3159 2647 ἠ
3198 2578 3446 2649 ἁμαρτία
3480 2580 3863 2653 περιετμήθη,

2285 2670 2442 2742 καὶὴ
2479 2656 2590 2725 τῶν
2637 2671 2907 2742 δαιμόνων
2948 2666 3120 2742 ὀφρὺς
3166 2672 3453 2746 καθῃρέθη
3479 2690 3495 2704 ⁸
3521 2675 3621 2729 καὶ
3659 2676 3719 2729 τί
3766 2676 3863 2746 χρὴ

2285 2760 2458 2814 πολλὰ
2496 2760 2908 2829 λέγειν;,πάλαι
2942 2762 2976 2815 ὁ
3010 2762 3144 2827 Θεὸς
3169 2763 3267 2835 τὴν
3308 2767 3406 2819 τοῦ
3457 2765 3747 2820 Σαϐϐάτου
3771 2785 3865 2820 και

2285 2851 2510 2904 τάλυσιν
2541 2852 2763 2923 ᾐνίξατο
2797 2853 3121 2925 μεταϐολὴν,
3155 2855 3250 2909 καὶ
3276 2855 3365 2909 διὰ
3392 2858 3492 2927 τῆς
3518 2856 3861 2929 ὀκταημέρου

2288 2945 2612 3014 περιτομῆς,
2652 2945 2727 3007 ὡς
2760 2945 2860 3015 ήδη
2897 2945 3204 3015 φθάσαντες
3244 2946 3476 3017 εἴπομεν
3501 2964 3515 2978 ·
3558 2950 3659 3020 οὐχ
3709 2946 3862 3023 ἦττον

2284 3034 2345 3087 δὲ
2393 3035 2490 3088 καὶ
2534 3034 2626 3088 διὰ
2669 3035 2766 3088 τοῦ
2800 3037 3068 3109 Ἱερεμίου
3112 3037 3373 3107 ὕστερον,
3416 3040 3582 3109 ἡνίκα
3608 3042 3861 3096 διαθεῖναι

606 3129 835 3184 moleste
858 3130 1025 3198 feras,
1048 3149 1229 3204 neque
1253 3146 1446 3191 contra
1470 3153 1572 3193 nos
1601 3138 1931 3210 disputando
1953 3158 2184 3214 pugnes,

2288 3124 2566 3196 Διαθήκην
2599 3127 2808 3199 Καινὴν
2850 3129 3235 3198 ἐπηγγείλατο.
3263 3127 3473 3199 Μὴεοῦν
3503 3133 3824 3205 δυσχέραινε
3844 3175 3859 3198 ,

607 3221 654 3274 si
693 3237 819 3275 cum
867 3224 1093 3294 reliquis
1141 3225 1369 3282 Sabbati
1404 3229 1582 3285 honor
1630 3227 1984 3290 transfertur.
2030 3236 2184 3291 Novo

606 3313 756 3366 «nim
785 3313 1158 3381 Testamento,
1188 3319 1374 3374 omnia
1406 3337 1548 3377 nova
1577 3338 1700 3379 esse
1733 3325 1939 3381 debent
1979 3337 2036 3383 et
2066 3331 2186 3400 ejus

608 3404 881 3475 dogmata.
930 3408 1144 3463 Novum
1198 3421 1383 3466 autem
1446 3416 1674 3471 omnino
1720 3415 1855 3471 illud
1904 3428 1990 3473 est
2038 3420 2186 3489 quod

607 3515 758 3555 nunc
799 3501 1111 3556 institutum
1141 3513 1245 3570 est,
1279 3521 1380 3561 nec
1406 3506 1486 3561 illi
1515 3508 1694 3564 simile
1723 3510 1869 3580 quod
1900 3513 2185 3581 praileriit,

607 3607 713 3647 nec
757 3606 843 3648 est
888 3609 991 3649 nec
1020 3595 1273 3663 videtur;
1309 3608 1366 3655 et
1419 3599 1524 3655 hoc
1572 3612 1761 3670 aperte
1796 3603 2061 3660 Dominus
2092 3606 2188 3662 de-

608 3684 837 3739 claravit
886 3703 899 3739 :
952 3706 970 3738 ‹
1003 3688 1247 3747 Statuam
1301 3690 1709 3748 Testamentum
1770 3696 2015 3762 Novum,
2075 3708 2188 3752 non

607 3775 767 3842 quale
812 3778 979 3831 statui
1028 3779 1280 3849 patribus
1326 3783 1544 3847 vestris,
1597 3799 1724 3838 cum
1771 3785 1937 3841 eduxi
1980 3802 2077 3843 eos
2119 3804 2187 3843 ex

604 3863 840 3936 [Ευμιο
869 3867 917 3922 ⁸.
952 3887 971 3921 ι

676 4043 731 4100 Si
760 4061 890 4100 vero
921 4046 994 4100 ita
1028 4045 1119 4102 illa
1144 4063 1203 4103 se
1234 4049 1460 4114 habent,
1487 4060 1545 4105 et
1587 4051 1812 4108 Sabbati
1855 4055 2184 4111 solutionem

606 4132 765 4190 decet
790 4137 1000 4202 videre,
1025 4146 1077 4192 et
1108 4138 1546 4197 circnmcisionis
1573 4145 1951 4211 mutationem,
1970 4158 2026 4202 et
2049 4148 2189 4202 mul-

604 4233 785 4281 torum
835 4227 1069 4283 aliorum
1121 4231 1255 4299 legis
1301 4234 1828 4303 praeceptorum.Si
1871 4237 2019 4291 enim
2072 4238 2186 4295 Mo-

603 4318 751 4373 saica
794 4319 885 4374 illa
933 4328 990 4375 et
1035 4332 1229 4377 caetera
1284 4325 1614 4394 praescripta
1649 4342 1866 4396 semper
1912 4328 2187 4385 debebant

604 4426 946 4480 permanere,
982 4423 1038 4468 ct
1081 4430 1254 4484 usque
1288 4415 1355 4469 ad
1407 4416 1570 4471 finem
1612 4418 1930 4474 firmitatem
1975 4431 2182 4486 tenere,

2292 3216 2430 3286 μηδὲ
2464 3216 2588 3271 καθ’
2627 3218 2785 3287 ἡμῶν
2834 3220 3127 3290 ἐριστικῶς
3174 3220 3467 3293 διαμάχου,
3516 3224 3573 3275 εἴ
3616 3242 3682 3292 γε
3735 3225 3860 3296 πρὸς

2286 3310 2399 3372 τοῖς
2428 3308 2609 3373 ἄλλοις
2631 3310 2726 3363 καὶ
2770 3311 2804 3382 ἡ
2840 3310 2934 3365 τοῦ
2971 3312 3251 3367 Σαϐϐάτου
3295 3313 3433 3385 τιμὴ
3479 3316 3824 3386 μετατίθεται
3845 3331 3857 3342 ·

2288 3401 2496 3471 Καινῆς
2524 3401 2632 3473 γὰρ
2664 3400 2831 3473 οὔσης
2878 3403 2978 3474 τῆς
3010 3404 3288 3474 Διαθήκης
3311 3444 3326 3468 ,
3359 3406 3523 3460 καινά
3565 3424 3690 3460 τινα
3729 3401 3860 3460 εἶναι

2286 3488 2561 3557 ὀφείλουσι
2608 3489 2704 3544 καὶ
2750 3491 2818 3547 τὰ
2868 3491 3077 3563 ταύτης
3123 3494 3471 3564 θεσπίσματα
3502 3510 3518 3527 θ
3573 3497 3758 3549 καινὸν
3807 3497 3859 3547 δὲ

2289 3580 2508 3645 πάντως
2548 3578 2728 3637 ἐκεῖνό
2756 3584 2874 3636 ἐστι
2919 3583 2981 3637 τὸ
3026 3584 3121 3639 νῦν
3170 3586 3582 3656 προτιθέμενον,
3638 3587 3732 3641 καὶ
3788 3586 3857 3656 μὴ

2287 3670 2485 3723 ταυτὸν
2528 3670 2607 3741 τῷ
2650 3671 3050 3744 παρεληλυθότι
3075 3713 3091 3739 ,
3132 3673 3229 3726 καὶ
3260 3673 3319 3727 δν
3356 3674 3450 3727 καὶ
3497 3673 3815 3743 φαινόμενον
3842 3689 3855 3703 ·

2289 3761 2384 3814 καὶ
2412 3760 2571 3814 τοῦτο
2599 3760 2774 3833 δηλῶν
2800 3765 2829 3816 ὁ
2858 3762 3064 3834 Κύριος
3093 3763 3269 3833 ἔλεγε·
3314 3783 3334 3816 ι
3360 3764 3705 3834 ᾼιαθὴσομαι
3737 3765 3861 3814 Δια-

2289 3850 2464 3920 θήκην
2497 3851 2708 3923 Καινὴν
2737 3893 2752 3919 ,
2811 3854 2911 3924 οὐχ
2956 3852 3075 3907 οἵαν
3122 3851 3380 3924 διεθέμην
3432 3855 3546 3917 τοῖς
3595 3853 3861 3925 πατράσιν

2213 4005 2216 4007 λ
2291 3943 2467 4012 ὑμῶν,
2501 3926 2712 4011 ἐξάγων
2747 3944 2947 4007 αὐτοὺς
2977 3945 3036 4011 ἐξ
3064 3943 3366 4013 Αἰγύπτου.
3405 3964 3424 3997 ι

2358 4035 2424 4087 Et
2451 4034 2508 4087 δὲ
2536 4033 2710 4089 ταῦτα
2732 4032 2907 4100 οὕτως
2936 4033 3052 4106 ἔχει
3077 4073 3092 4099 ,
3126 4035 3227 4093 καὶ
3252 4033 3536 4093 Σαϐϐάτου
3575 4034 3862 4088 κατάλυσιν

2290 4126 2437 4189 εἰκός
2476 4128 2625 4180 ἐστιν
2683 4127 2833 4194 ἰδεῖν,
2884 4127 2982 4191 καὶ
3028 4126 3333 4198 περιτομῆς
3379 4126 3719 4196 ἐναλλαγὴν,
3774 4126 3865 4179 καὶ

2291 4218 2500 4272 πολλῶν
2537 4218 2741 4290 ἑτέρων
2772 4220 3011 4289 νομικῶν
3045 4218 3347 4286 διατάξεων
3367 4235 3381 4249 ·
3411 4220 3462 4272 εί
3492 4218 3605 4289 γὰρ
3647 4218 3719 4271 τά
3741 4219 3864 4273 Μω-

2292 4312 2457 4365 σαῖκὰ
2493 4312 2679 4365 ἐκεῖνα
2716 4312 2813 4365 καὶ
2845 4311 3055 4366 παλαιὰ
3091 4312 3442 4382 διατάγματα
3467 4312 3665 4377 είςξὰεὶ
3696 4328 3865 4382 παρα-

2295 4405 2476 4476 μένειν
2509 4403 2703 4474 ἔμελλε
2731 4447 2747 4470 ,
2785 4405 2882 4459 καὶ
2919 4405 3083 4477 μέχρι
3110 4405 3299 4468 τέλους
3323 4405 3386 4457 τὸ
3431 4404 3632 4473 πάγιον
3682 4404 3826 4473 ἔχειν
3848 4441 3865 4463 ,

602 4518 715 4558 non
755 4504 966 4560 diceret
993 4506 1138 4562 Deus
1183 4524 1281 4577 per
1312 4508 1604 4563 Jeremiam
1653 4511 1917 4568 transisse
1959 4524 2183 4579 vetera,

2288 4500 2389 4551 οὐκ
2420 4498 2485 4551 ἂν
2519 4497 2675 4567 ἔλεγε
2725 4497 2815 4551 διὰ
2868 4497 2965 4551 τοῦ
3012 4498 3276 4568 Ἰερεμίου
3311 4496 3607 4568 παρελθεῖν
3659 4498 3764 4566 μὲν
3805 4495 3868 4548 τὰ

601 4595 820 4666 aliaque
848 4612 951 4667 pro
994 4597 1102 4653 illis
1147 4614 1283 4653 nova
1316 4602 1636 4656 succedere.
1681 4602 1838 4669 Quod
1885 4604 1957 4660 sit
2000 4615 2184 4661 autem

601 4685 817 4740 Novum
851 4688 999 4742 istud
1027 4689 1474 4757 Testamentum,
1521 4701 1576 4746 et
1620 4693 1674 4747 in
1717 4709 1827 4764 quo
1852 4694 2014 4751 detur
2038 4697 2183 4765 loco,

602 4772 772 4829 Isaias
818 4775 981 4837 docet
1029 4784 1082 4833 te
1117 4777 1348 4833 dicens:
1387 4798 1406 4831 ι
1447 4780 1525 4834 Ex
1571 4779 1700 4836 Sion
1752 4783 1926 4838 exibit
1969 4785 2078 4850 lex,
2129 4798 2186 4842 ct

602 4866 831 4922 verbum
863 4867 1079 4929 Domini
1114 4883 1146 4924 e
1175 4870 1478 4926 Jerusalem
1511 4872 1552 4926 ⁸.
1606 4893 1626 4926 ι
1650 4873 1758 4930 Sed
1790 4876 1917 4932 vide
1961 4878 2057 4933 Dei
2098 4895 2207 4934 sa-'

602 4954 868 5027 pientiam
900 4976 913 5012 :
946 4966 1097 5014 tuam
1133 4960 1281 5016 enim
1328 4964 1639 5031 praevidens
1670 4966 2098 5023 obstinationem
2131 4979 2188 5023 et

603 5048 1067 5115 incredulitatem,
1088 5067 1187 5122 per
1213 5069 1381 5108 unum
1401 5055 1722 5125 prepbetam
1743 5055 1811 5111 de
1833 5057 1986 5112 Novo
2003 5057 2193 5113 Testa-

605 5151 791 5196 mento
818 5141 1139 5211 declaravit,
1176 5160 1274 5215 per
1306 5146 1539 5200 alterum
1571 5156 1753 5203 autem
1798 5148 1977 5218 ipsum
2007 5159 2193 5203 osten-

602 5235 685 5290 dit
710 5234 916 5303 locum,
951 5237 1008 5291 in
1041 5252 1152 5309 quo
1184 5238 1306 5293 talis
1339 5238 1532 5294 locum-
1563 5240 1791 5294 habebit
1826 5240 1963 5311 legis
1993 5239 2188 5296 condi-

605 5327 703 5381 tio.
751 5327 980 5383 Frustra
1029 5329 1268 5400 denique
1318 5330 1542 5385 Sabbati
1594 5331 1860 5386 honorem
1911 5332 2181 5397 defendis,

601 5417 803 5473 frustra
836 5420 1314 5477 circumcisionem
1336 5424 1542 5493 jactas;
1591 5423 2000 5477 Testamentum
2035 5423 2181 5478 enim

602 5507 815 5564 Novum
845 5511 985 5566 Deus
1012 5512 1326 5577 instituens,
1358 5511 1475 5569 haec
1502 5516 1685 5571 omnia
1713 5516 2005 5569 destruxit.
2038 5516 2185 5569 Prae-

600 5605 775 5667 terea,
806 5616 933 5656 cum
959 5605 1112 5659 velut
1134 5606 1351 5678 signum
1375 5606 1723 5662 circumcisio
1764 5607 1890 5662 data
1934 5608 2025 5674 sit,
2054 5608 2185 5679 quid

670 5785 689 5819 ⁸
719 5786 923 5845 Jerem.
954 5803 1099 5857 xxxi,
1135 5791 1222 5847 51.
1302 5791 1321 5822 ⁸
1352 5786 1487 5845 ibid.
1527 5792 1614 5849 52.
1696 5794 1715 5824 ⁸
1745 5791 1850 5849 lsa;
1879 5808 1937 5862 ιι,
1978 5793 2033 5849 5.

2294 4590 2499 4643 παλαιά
2520 4629 2535 4656 ,
2569 4588 2735 4661 ’ἐτερα
2769 4588 2828 4642 δὲ
2868 4589 2993 4642 ἀντὶ
3022 4587 3226 4642 τούτων
3252 4588 3411 4641 καινὰ
3440 4587 3739 4641 εἰσελθεῖν.
3772 4587 3865 4650 Τίς

2290 4681 2346 4733 δὲ
2380 4682 2412 4751 ἡ
2448 4680 2624 4749 Καινὴ
2650 4679 2788 4749 αὕτη
2812 4678 3055 4749 Διαθήκη
3075 4720 3090 4742 ,
3119 4680 3212 4734 καὶ
3239 4682 3295 4733 ὲν
3319 4680 3455 4749 ποίῳ
3474 4680 3679 4734 δίδοται
3702 4682 3865 4750 τόπῳ,

2302 4772 2530 4834 Ἡσαΐας
2553 4772 2754 4837 διδάξει
2784 4789 2842 4824 σε
2882 4771 3055 4839 λέγων
3081 4786 3097 4802 ο
3134 4789 3155 4824 ι
3205 4772 3301 4826 Ἐκ
3341 4770 3482 4824 Σιὼν
3527 4771 3868 4838 ἐξελεύπται

2288 4864 2471 4934 νόμος,
2500 4863 2594 4916 καὶ
2620 4862 2775 4932 λόγος
2803 4864 3010 4933 Κυρίου
3041 4861 3100 4929 ἐξ
3134 4861 3510 4933 Ἰερουσαλήμ.
3542 4880 3562 4913 ι
3608 4862 3749 4914 ‘AD.’
3774 4862 3870 4931 ὅρα

2291 4957 2484 5025 σοφίαν
2512 4953 2647 5008 Θεοῦ
2679 4971 2692 4985 ·
2738 4955 2838 5025 τὴν
2870 4955 2980 5026 γὰρ
3027 4954 3126 5025 σὴν
3166 4951 3431 5024 προειδὼς
3471 4953 3737 5022 ἀνηκοΐαν
3779 4951 3865 5003 καὶ

2289 5049 2570 5113 ἀπιστίαν,
2606 5047 2695 5102 διὰ
2723 5049 2876 5103 τοῦδε
2906 5049 3004 5119 μὲν
3026 5047 3119 5101 τοῦ
3147 5047 3427 5118 προφήτου
3457 5048 3589 5117 περὶ
3616 5048 3717 5114 τῆς
3740 5048 3863 5099 Και-

2288 5140 2385 5210 νῆς
2416 5141 2805 5211 ύπεσημήνατο
2829 5140 3102 5211 Διαθήκης
3121 5158 3135 5172 ·
3166 5140 3235 5193 δι’
3266 5137 3476 5191 ἐκείνου
3515 5138 3573 5190 δὲ
3595 5139 3692 5191 καὶ
3716 5137 3865 5190 αὐτὴν

2290 5234 2555 5304 ἐδήλωσεν
2583 5235 2674 5287 τὸν
2701 5235 2888 5293 τόπον.
2923 5227 3041 5301 ὲνῷ
3077 5235 3110 5303 ἡ
3137 5233 3360 5301 τοιαύτη
3404 5230 3604 5301 ἔμελλε
3655 5231 3860 5298 δοθῆναι

2293 5325 2584 5397 νομοθεσία
2609 5343 2622 5356 ·
2665 5326 2840 5398 μάτην
2871 5326 3056 5379 λοιπὸν
3084 5326 3285 5397 ἀντέχῃ
3311 5323 3414 5394 τῆς
3450 5322 3546 5376 τοῦ
3596 5322 3858 5377 Σαδδάτευ

2290 5421 2455 5490 τιμῆς
2482 5434 2494 5448 ’
2525 5419 2699 5492 μάτην
2744 5419 2902 5491 ἐξέχῃ
2936 5419 3034 5488 τῆς
3080 5417 3383 5488 περιτομῆς
3414 5433 3428 5447 ’
3466 5415 3745 5484 Διαθήχην
3774 5410 3857 5464 καὶ

2291 5513 2400 5583 γὰρ
2428 5514 2454 5566 ὁ
2481 5512 2612 5576 Θεὸς
2641 5512 2844 5580 Καινὴν
2880 5509 3178 5582 πτρασχὼν
3202 5549 3218 5573 ,
3252 5506 3422 5561 ταῦτα
3458 5509 3641 5561 πάντα
3665 5506 3852 5573 κατὴρσ

2294 5623 2460 5678 γησεν
2486 5623 2496 5634 ·
2531 5606 2704 5670 ἄλλως
2736 5622 2816 5671 τε,
2846 5604 3073 5676 σημείου
3104 5603 3285 5656 ἕνεκεν
3309 5599 3557 5670 δ’,θείσης
3584 5599 3683 5667 τῆς
3716 5608 3849 5665 περὶ·
