  <div class='ocr_page' id='page_1' title='image "/cluster/home/n/w/nwhite01/storage/ocr_20150623/89/pst.000005712953/648.png"; bbox 0 0 3910 6300; ppageno 0'>
   <div class='ocr_carea' id='block_1_1' title="bbox 75 226 321 289">
    <p class='ocr_par' dir='ltr' id='par_1_1' title="bbox 75 226 321 289">
     <span class='ocr_line' id='line_1_1' title="bbox 75 226 321 289; baseline 0.004 -1"><span class='ocrx_word' id='word_1_1' title='bbox 75 226 221 289; x_wconf 71' lang='lat'>1331</span> <span class='ocrx_word' id='word_1_2' title='bbox 317 250 321 254; x_wconf 73' lang='lat'>&#39;</span> 
     </span>
    </p>
   </div>
   <div class='ocr_carea' id='block_1_2' title="bbox 1493 213 1979 296">
    <p class='ocr_par' dir='ltr' id='par_1_2' title="bbox 1493 213 1979 296">
     <span class='ocr_line' id='line_1_2' title="bbox 1493 213 1979 296; baseline 0 -1"><span class='ocrx_word' id='word_1_3' title='bbox 1493 213 1979 296; x_wconf 72' lang='lat' dir='ltr'>FRAGMENTA.</span> 
     </span>
    </p>
   </div>
   <div class='ocr_carea' id='block_1_3' title="bbox 3225 240 3362 306">
    <p class='ocr_par' dir='ltr' id='par_1_3' title="bbox 3225 240 3362 306">
     <span class='ocr_line' id='line_1_3' title="bbox 3225 240 3362 306; baseline 0.022 -3"><span class='ocrx_word' id='word_1_4' title='bbox 3225 240 3362 306; x_wconf 68' lang='lat'>1282</span> 
     </span>
    </p>
   </div>
   <div class='ocr_carea' id='block_1_4' title="bbox 68 339 1678 422">
    <p class='ocr_par' dir='ltr' id='par_1_4' title="bbox 68 339 1673 417">
     <span class='ocr_line' id='line_1_4' title="bbox 68 339 1673 417; baseline 0.004 -27"><span class='ocrx_word' id='word_1_5' title='bbox 68 340 284 409; x_wconf 71' lang='grc' dir='ltr'>τομῆς,</span> <span class='ocrx_word' id='word_1_6' title='bbox 326 340 383 393; x_wconf 85' lang='grc' dir='ltr'>τί</span> <span class='ocrx_word' id='word_1_7' title='bbox 413 340 552 412; x_wconf 81' lang='grc' dir='ltr'>μέγα</span> <span class='ocrx_word' id='word_1_8' title='bbox 579 342 752 414; x_wconf 78' lang='grc' dir='ltr'>φυσᾷς</span> <span class='ocrx_word' id='word_1_9' title='bbox 791 339 878 396; x_wconf 73' lang='grc' dir='ltr'>ἐπ’</span> <span class='ocrx_word' id='word_1_10' title='bbox 916 341 1088 414; x_wconf 71' lang='grc' dir='ltr'>αὑτῆς</span> <span class='ocrx_word' id='word_1_11' title='bbox 1130 341 1246 406; x_wconf 80' lang='grc' dir='ltr'>πῶς</span> <span class='ocrx_word' id='word_1_12' title='bbox 1289 342 1347 398; x_wconf 79' lang='grc' dir='ltr'>δὲ</span> <span class='ocrx_word' id='word_1_13' title='bbox 1380 342 1476 398; x_wconf 74' lang='grc' dir='ltr'>καὶ</span> <span class='ocrx_word' id='word_1_14' title='bbox 1513 345 1673 417; x_wconf 80' lang='grc' dir='ltr'>ἡμῶν</span> 
     </span>
    </p>
   </div>
   <div class='ocr_carea' id='block_1_5' title="bbox 1782 339 3362 422">
    <p class='ocr_par' dir='ltr' id='par_1_5' title="bbox 1782 341 3362 422">
     <span class='ocr_line' id='line_1_5' title="bbox 1782 341 3362 422; baseline 0.004 -23"><span class='ocrx_word' id='word_1_15' title='bbox 1782 352 1987 400; x_wconf 83' lang='lat' dir='ltr'><strong>tantum</strong></span> <span class='ocrx_word' id='word_1_16' title='bbox 2014 343 2086 398; x_wconf 91' lang='lat' dir='ltr'>de</span> <span class='ocrx_word' id='word_1_17' title='bbox 2126 341 2221 399; x_wconf 84' lang='lat' dir='ltr'><strong>illa</strong></span> <span class='ocrx_word' id='word_1_18' title='bbox 2263 341 2512 407; x_wconf 79' lang='lat' dir='ltr'><strong>inﬂaris?</strong></span> <span class='ocrx_word' id='word_1_19' title='bbox 2540 345 2818 415; x_wconf 88' lang='lat' dir='ltr'><strong>quomodo</strong></span> <span class='ocrx_word' id='word_1_20' title='bbox 2866 347 2923 403; x_wconf 91' lang='lat' dir='ltr'>in</span> <span class='ocrx_word' id='word_1_21' title='bbox 2970 364 3072 416; x_wconf 76' lang='lat' dir='ltr'>nos</span> <span class='ocrx_word' id='word_1_22' title='bbox 3119 345 3362 422; x_wconf 82' lang='lat' dir='ltr'><strong>insurgis</strong></span> 
     </span>
    </p>
   </div>
   <div class='ocr_carea' id='block_1_6' title="bbox 71 431 1681 506">
    <p class='ocr_par' dir='ltr' id='par_1_6' title="bbox 71 431 1681 506">
     <span class='ocr_line' id='line_1_6' title="bbox 71 431 1681 506; baseline 0.005 -25"><span class='ocrx_word' id='word_1_23' title='bbox 71 431 419 505; x_wconf 71' lang='grc' dir='ltr'>κατεπαίρῃ</span> <span class='ocrx_word' id='word_1_24' title='bbox 436 432 545 486; x_wconf 82' lang='grc' dir='ltr'>τῶν</span> <span class='ocrx_word' id='word_1_25' title='bbox 568 434 993 505; x_wconf 82' lang='grc' dir='ltr'>άπεριτμήτων;</span> <span class='ocrx_word' id='word_1_26' title='bbox 1015 434 1079 487; x_wconf 78' lang='grc' dir='ltr'>σὺ</span> <span class='ocrx_word' id='word_1_27' title='bbox 1102 434 1522 506; x_wconf 78' lang='grc' dir='ltr'>περιτέμνεσθαι</span> <span class='ocrx_word' id='word_1_28' title='bbox 1543 452 1681 491; x_wconf 75' lang='grc' dir='ltr'>κατ-</span> 
     </span>
    </p>
   </div>
   <div class='ocr_carea' id='block_1_7' title="bbox 68 520 1677 596">
    <p class='ocr_par' dir='ltr' id='par_1_7' title="bbox 68 520 1677 596">
     <span class='ocr_line' id='line_1_7' title="bbox 68 520 1677 596; baseline 0.006 -26"><span class='ocrx_word' id='word_1_29' title='bbox 68 520 394 594; x_wconf 76' lang='grc' dir='ltr'>αναγκάζῃ</span> <span class='ocrx_word' id='word_1_30' title='bbox 418 524 609 592; x_wconf 72' lang='grc' dir='ltr'>σαρκὶ,</span> <span class='ocrx_word' id='word_1_31' title='bbox 652 522 762 592; x_wconf 72' lang='grc' dir='ltr'>ἐγὼ</span> <span class='ocrx_word' id='word_1_32' title='bbox 788 523 846 576; x_wconf 82' lang='grc' dir='ltr'>δὲ</span> <span class='ocrx_word' id='word_1_33' title='bbox 892 526 959 594; x_wconf 82' lang='grc' dir='ltr'>τῇ</span> <span class='ocrx_word' id='word_1_34' title='bbox 987 524 1185 596; x_wconf 71' lang='grc' dir='ltr'>καρδίᾳ</span> <span class='ocrx_word' id='word_1_35' title='bbox 1238 525 1638 596; x_wconf 85' lang='grc' dir='ltr'>περιτέμνομαι</span> <span class='ocrx_word' id='word_1_36' title='bbox 1662 568 1677 594; x_wconf 93' lang='grc'>,</span> 
     </span>
    </p>
   </div>
   <div class='ocr_carea' id='block_1_8' title="bbox 70 597 1682 688">
    <p class='ocr_par' dir='ltr' id='par_1_8' title="bbox 70 597 1682 688">
     <span class='ocr_line' id='line_1_8' title="bbox 70 597 1682 688; baseline 0.006 -26"><span class='ocrx_word' id='word_1_37' title='bbox 70 610 167 664; x_wconf 78' lang='grc' dir='ltr'>ἵνα</span> <span class='ocrx_word' id='word_1_38' title='bbox 208 613 293 685; x_wconf 76' lang='grc' dir='ltr'>μὴ</span> <span class='ocrx_word' id='word_1_39' title='bbox 332 615 546 685; x_wconf 78' lang='grc' dir='ltr'>πονηρά</span> <span class='ocrx_word' id='word_1_40' title='bbox 573 615 1028 686; x_wconf 72' lang='grc' dir='ltr'>λογίζωμαι.”οτι</span> <span class='ocrx_word' id='word_1_41' title='bbox 1054 617 1111 669; x_wconf 74' lang='grc' dir='ltr'>δὲ</span> <span class='ocrx_word' id='word_1_42' title='bbox 1136 615 1214 688; x_wconf 83' lang='grc' dir='ltr'>τῷ</span> <span class='ocrx_word' id='word_1_43' title='bbox 1385 619 1682 688; x_wconf 66' lang='grc' dir='ltr'>εὐάρεστος</span> 
     </span>
    </p>
   </div>
   <div class='ocr_carea' id='block_1_9' title="bbox 69 700 1679 777">
    <p class='ocr_par' dir='ltr' id='par_1_9' title="bbox 69 700 1679 777">
     <span class='ocr_line' id='line_1_9' title="bbox 69 700 1679 777; baseline 0.005 -25"><span class='ocrx_word' id='word_1_44' title='bbox 69 700 106 769; x_wconf 80' lang='grc' dir='ltr'>ἡ</span> <span class='ocrx_word' id='word_1_45' title='bbox 130 702 385 773; x_wconf 87' lang='grc' dir='ltr'>τοιαύτη</span> <span class='ocrx_word' id='word_1_46' title='bbox 416 704 689 774; x_wconf 86' lang='grc' dir='ltr'>περιτομὴ</span> <span class='ocrx_word' id='word_1_47' title='bbox 715 744 731 768; x_wconf 89' lang='grc'>,</span> <span class='ocrx_word' id='word_1_48' title='bbox 771 703 937 758; x_wconf 81' lang='grc' dir='ltr'>ἄκουε</span> <span class='ocrx_word' id='word_1_49' title='bbox 976 701 1028 757; x_wconf 86' lang='grc' dir='ltr'>τί</span> <span class='ocrx_word' id='word_1_50' title='bbox 1054 718 1192 774; x_wconf 79' lang='grc' dir='ltr'>φησι</span> <span class='ocrx_word' id='word_1_51' title='bbox 1225 706 1550 777; x_wconf 85' lang='grc' dir='ltr'>κατηγορῶν</span> <span class='ocrx_word' id='word_1_52' title='bbox 1584 707 1679 760; x_wconf 85' lang='grc' dir='ltr'>τοῦ</span> 
     </span>
    </p>
   </div>
   <div class='ocr_carea' id='block_1_10' title="bbox 83 794 1679 867">
    <p class='ocr_par' dir='ltr' id='par_1_10' title="bbox 83 794 1679 867">
     <span class='ocr_line' id='line_1_10' title="bbox 83 794 1679 867; baseline 0.005 -22"><span class='ocrx_word' id='word_1_53' title='bbox 83 794 326 865; x_wconf 76' lang='grc' dir='ltr'>Ἰσραὴλ</span> <span class='ocrx_word' id='word_1_54' title='bbox 363 796 454 850; x_wconf 75' lang='grc' dir='ltr'>διὰ</span> <span class='ocrx_word' id='word_1_55' title='bbox 483 796 576 850; x_wconf 82' lang='grc' dir='ltr'>τοῦ</span> <span class='ocrx_word' id='word_1_56' title='bbox 626 796 893 867; x_wconf 83' lang='grc' dir='ltr'>Ἱερεμίου</span> <span class='ocrx_word' id='word_1_57' title='bbox 940 814 954 830; x_wconf 79' lang='grc' dir='ltr'><strong>ο</strong></span> <span class='ocrx_word' id='word_1_58' title='bbox 999 813 1019 845; x_wconf 71' lang='grc' dir='ltr'>ε</span> <span class='ocrx_word' id='word_1_59' title='bbox 1067 796 1253 851; x_wconf 81' lang='grc' dir='ltr'><strong>Πάντα</strong></span> <span class='ocrx_word' id='word_1_60' title='bbox 1279 799 1347 853; x_wconf 81' lang='grc' dir='ltr'>τά</span> <span class='ocrx_word' id='word_1_61' title='bbox 1382 797 1510 866; x_wconf 72' lang='grc' dir='ltr'>ἔθνη</span> <span class='ocrx_word' id='word_1_62' title='bbox 1541 800 1679 853; x_wconf 87' lang='grc' dir='ltr'>άπε-</span> 
     </span>
    </p>
   </div>
   <div class='ocr_carea' id='block_1_11' title="bbox 71 881 1679 962">
    <p class='ocr_par' dir='ltr' id='par_1_11' title="bbox 71 881 1679 962">
     <span class='ocr_line' id='line_1_11' title="bbox 71 881 1679 962; baseline 0.006 -28"><span class='ocrx_word' id='word_1_63' title='bbox 71 882 343 953; x_wconf 83' lang='grc' dir='ltr'>ρίτμητα</span> <span class='ocrx_word' id='word_1_64' title='bbox 375 884 562 956; x_wconf 76' lang='grc' dir='ltr'>σαρκὶ,</span> <span class='ocrx_word' id='word_1_65' title='bbox 587 886 615 936; x_wconf 89' lang='grc' dir='ltr'><strong>ὁ</strong></span> <span class='ocrx_word' id='word_1_66' title='bbox 636 885 691 938; x_wconf 87' lang='grc' dir='ltr'>δὲ</span> <span class='ocrx_word' id='word_1_67' title='bbox 713 881 862 949; x_wconf 76' lang='grc' dir='ltr'>οἶκος</span> <span class='ocrx_word' id='word_1_68' title='bbox 903 885 1120 958; x_wconf 77' lang='grc' dir='ltr'>Ἰσραὴλ</span> <span class='ocrx_word' id='word_1_69' title='bbox 1143 887 1519 959; x_wconf 80' lang='grc' dir='ltr'>ἀπερίτμητος</span> <span class='ocrx_word' id='word_1_70' title='bbox 1539 905 1679 962; x_wconf 88' lang='grc' dir='ltr'>καρ-</span> 
     </span>
    </p>
   </div>
   <div class='ocr_carea' id='block_1_12' title="bbox 70 975 1679 1054">
    <p class='ocr_par' dir='ltr' id='par_1_12' title="bbox 70 975 1679 1054">
     <span class='ocr_line' id='line_1_12' title="bbox 70 975 1679 1054; baseline 0.006 -28"><span class='ocrx_word' id='word_1_71' title='bbox 70 975 224 1038; x_wconf 81' lang='grc' dir='ltr'>δίαις</span> <span class='ocrx_word' id='word_1_72' title='bbox 260 975 475 1029; x_wconf 84' lang='grc' dir='ltr'>αὐτῶν.</span> <span class='ocrx_word' id='word_1_73' title='bbox 508 995 527 1028; x_wconf 74' lang='grc' dir='ltr'>ι</span> <span class='ocrx_word' id='word_1_74' title='bbox 553 975 646 1048; x_wconf 81' lang='grc' dir='ltr'><strong>Μὴ</strong></span> <span class='ocrx_word' id='word_1_75' title='bbox 675 977 838 1047; x_wconf 81' lang='grc' dir='ltr'>γάρὴ</span> <span class='ocrx_word' id='word_1_76' title='bbox 871 978 971 1046; x_wconf 84' lang='grc' dir='ltr'>τῆς</span> <span class='ocrx_word' id='word_1_77' title='bbox 1005 978 1375 1050; x_wconf 81' lang='grc' dir='ltr'>ἀκροϐυστίας</span> <span class='ocrx_word' id='word_1_78' title='bbox 1408 982 1679 1054; x_wconf 85' lang='grc' dir='ltr'>περιτομῆ</span> 
     </span>
    </p>
   </div>
   <div class='ocr_carea' id='block_1_13' title="bbox 68 1066 1679 1144">
    <p class='ocr_par' dir='ltr' id='par_1_13' title="bbox 68 1066 1679 1144">
     <span class='ocr_line' id='line_1_13' title="bbox 68 1066 1679 1144; baseline 0.005 -25"><span class='ocrx_word' id='word_1_79' title='bbox 68 1066 347 1120; x_wconf 76' lang='grc' dir='ltr'>δικαιοῦν</span> <span class='ocrx_word' id='word_1_80' title='bbox 414 1067 637 1122; x_wconf 85' lang='grc' dir='ltr'>δύναται</span> <span class='ocrx_word' id='word_1_81' title='bbox 695 1084 712 1100; x_wconf 71' lang='grc' dir='ltr'><strong>θ</strong></span> <span class='ocrx_word' id='word_1_82' title='bbox 768 1069 861 1122; x_wconf 76' lang='grc' dir='ltr'>ἐπὶ</span> <span class='ocrx_word' id='word_1_83' title='bbox 921 1070 1013 1123; x_wconf 77' lang='grc' dir='ltr'>τὸν</span> <span class='ocrx_word' id='word_1_84' title='bbox 1076 1071 1426 1144; x_wconf 84' lang='grc' dir='ltr'>πατριάρχην</span> <span class='ocrx_word' id='word_1_85' title='bbox 1491 1073 1679 1127; x_wconf 79' lang='grc' dir='ltr'>ἄνελθε</span> 
     </span>
    </p>
   </div>
   <div class='ocr_carea' id='block_1_14' title="bbox 83 1158 1678 1235">
    <p class='ocr_par' dir='ltr' id='par_1_14' title="bbox 83 1158 1678 1235">
     <span class='ocr_line' id='line_1_14' title="bbox 83 1158 1678 1235; baseline 0.005 -25"><span class='ocrx_word' id='word_1_86' title='bbox 83 1158 366 1229; x_wconf 49' lang='grc' dir='ltr'>Ἀϐραὰμ</span> <span class='ocrx_word' id='word_1_87' title='bbox 391 1202 405 1225; x_wconf 92' lang='grc'>,</span> <span class='ocrx_word' id='word_1_88' title='bbox 440 1160 535 1212; x_wconf 74' lang='grc' dir='ltr'>καὶ</span> <span class='ocrx_word' id='word_1_89' title='bbox 563 1159 685 1229; x_wconf 72' lang='grc' dir='ltr'>ὄψει</span> <span class='ocrx_word' id='word_1_90' title='bbox 709 1160 872 1214; x_wconf 83' lang='grc' dir='ltr'>αὑτὸν</span> <span class='ocrx_word' id='word_1_91' title='bbox 902 1161 1083 1215; x_wconf 79' lang='grc' dir='ltr'>πίστει</span> <span class='ocrx_word' id='word_1_92' title='bbox 1135 1162 1270 1234; x_wconf 82' lang='grc' dir='ltr'>μόνῃ</span> <span class='ocrx_word' id='word_1_93' title='bbox 1300 1203 1316 1229; x_wconf 90' lang='grc'>,</span> <span class='ocrx_word' id='word_1_94' title='bbox 1354 1162 1431 1235; x_wconf 85' lang='grc' dir='ltr'>μὴ</span> <span class='ocrx_word' id='word_1_95' title='bbox 1492 1166 1678 1234; x_wconf 84' lang='grc' dir='ltr'>μέντοι</span> 
     </span>
    </p>
   </div>
   <div class='ocr_carea' id='block_1_15' title="bbox 69 1251 1674 1326">
    <p class='ocr_par' dir='ltr' id='par_1_15' title="bbox 69 1251 1674 1326">
     <span class='ocr_line' id='line_1_15' title="bbox 69 1251 1674 1326; baseline 0.005 -25"><span class='ocrx_word' id='word_1_96' title='bbox 69 1265 141 1316; x_wconf 85' lang='grc' dir='ltr'>γε</span> <span class='ocrx_word' id='word_1_97' title='bbox 177 1253 508 1322; x_wconf 76' lang='grc' dir='ltr'>περιτομῇ,</span> <span class='ocrx_word' id='word_1_98' title='bbox 547 1251 946 1322; x_wconf 84' lang='grc' dir='ltr'>δικαιούμενον.</span> <span class='ocrx_word' id='word_1_99' title='bbox 979 1270 999 1304; x_wconf 78' lang='grc' dir='ltr'>ι</span> <span class='ocrx_word' id='word_1_100' title='bbox 1041 1254 1294 1325; x_wconf 82' lang='grc' dir='ltr'>Ἀϐραάμ</span> <span class='ocrx_word' id='word_1_101' title='bbox 1324 1255 1455 1326; x_wconf 84' lang='grc' dir='ltr'>γὰρ,</span> <span class='ocrx_word' id='word_1_102' title='bbox 1489 1257 1674 1325; x_wconf 64' lang='grc' dir='ltr'>φησιν,</span> 
     </span>
    </p>
   </div>
   <div class='ocr_carea' id='block_1_16' title="bbox 70 1342 1682 1416">
    <p class='ocr_par' dir='ltr' id='par_1_16' title="bbox 70 1342 1682 1416">
     <span class='ocr_line' id='line_1_16' title="bbox 70 1342 1682 1416; baseline 0.004 -22"><span class='ocrx_word' id='word_1_103' title='bbox 70 1344 392 1396; x_wconf 78' lang='grc' dir='ltr'>επίστευσε</span> <span class='ocrx_word' id='word_1_104' title='bbox 416 1382 421 1389; x_wconf 47' lang='grc' dir='ltr'><strong>κ</strong></span> <span class='ocrx_word' id='word_1_105' title='bbox 442 1342 523 1413; x_wconf 81' lang='grc' dir='ltr'>τῷ</span> <span class='ocrx_word' id='word_1_106' title='bbox 585 1342 728 1412; x_wconf 81' lang='grc' dir='ltr'>θεῷ,</span> <span class='ocrx_word' id='word_1_107' title='bbox 793 1344 890 1398; x_wconf 76' lang='grc' dir='ltr'>καὶ</span> <span class='ocrx_word' id='word_1_108' title='bbox 922 1345 1177 1415; x_wconf 77' lang='grc' dir='ltr'>ἐλογίσθη</span> <span class='ocrx_word' id='word_1_109' title='bbox 1200 1345 1351 1416; x_wconf 76' lang='grc' dir='ltr'>αὐτῷ</span> <span class='ocrx_word' id='word_1_110' title='bbox 1372 1349 1453 1409; x_wconf 86' lang='grc' dir='ltr'>είς</span> <span class='ocrx_word' id='word_1_111' title='bbox 1477 1347 1682 1401; x_wconf 83' lang='grc' dir='ltr'>δικαιο-</span> 
     </span>
    </p>
   </div>
   <div class='ocr_carea' id='block_1_17' title="bbox 74 1432 1721 1530">
    <p class='ocr_par' dir='ltr' id='par_1_17' title="bbox 74 1432 1721 1530">
     <span class='ocr_line' id='line_1_17' title="bbox 74 1432 1721 1530; baseline 0.002 -43"><span class='ocrx_word' id='word_1_112' title='bbox 74 1434 285 1497; x_wconf 74' lang='grc' dir='ltr'>σύνην.</span> <span class='ocrx_word' id='word_1_113' title='bbox 327 1456 346 1485; x_wconf 75' lang='grc' dir='ltr'>ι</span> <span class='ocrx_word' id='word_1_114' title='bbox 381 1434 771 1505; x_wconf 84' lang='grc' dir='ltr'>Γνωρίσματος</span> <span class='ocrx_word' id='word_1_115' title='bbox 798 1432 891 1488; x_wconf 78' lang='grc' dir='ltr'>οὖν</span> <span class='ocrx_word' id='word_1_116' title='bbox 911 1435 1069 1506; x_wconf 79' lang='grc' dir='ltr'>χάριν</span> <span class='ocrx_word' id='word_1_117' title='bbox 1092 1436 1322 1509; x_wconf 80' lang='grc' dir='ltr'>ὕστερον</span> <span class='ocrx_word' id='word_1_118' title='bbox 1352 1438 1385 1506; x_wconf 85' lang='grc' dir='ltr'>ὴ</span> <span class='ocrx_word' id='word_1_119' title='bbox 1410 1439 1678 1508; x_wconf 85' lang='grc' dir='ltr'>περιτομὴ</span> <span class='ocrx_word' id='word_1_120' title='bbox 1708 1518 1721 1530; x_wconf 40' lang='grc'><strong>⁸</strong></span> 
     </span>
    </p>
   </div>
   <div class='ocr_carea' id='block_1_18' title="bbox 72 1524 1678 1599">
    <p class='ocr_par' dir='ltr' id='par_1_18' title="bbox 72 1524 1678 1599">
     <span class='ocr_line' id='line_1_18' title="bbox 72 1524 1678 1599; baseline 0.003 -22"><span class='ocrx_word' id='word_1_121' title='bbox 72 1525 559 1597; x_wconf 74' lang='grc' dir='ltr'>νενομοθέτηται,</span> <span class='ocrx_word' id='word_1_122' title='bbox 626 1525 766 1579; x_wconf 83' lang='grc' dir='ltr'>ὥστε</span> <span class='ocrx_word' id='word_1_123' title='bbox 816 1524 886 1579; x_wconf 85' lang='grc' dir='ltr'>δι’</span> <span class='ocrx_word' id='word_1_124' title='bbox 948 1528 1119 1598; x_wconf 85' lang='grc' dir='ltr'>αὑτῆς</span> <span class='ocrx_word' id='word_1_125' title='bbox 1175 1527 1678 1599; x_wconf 75' lang='grc' dir='ltr'>χαρακτηρίζεσθαι</span> 
     </span>
    </p>
   </div>
   <div class='ocr_carea' id='block_1_19' title="bbox 75 1607 1754 1711">
    <p class='ocr_par' dir='ltr' id='par_1_19' title="bbox 75 1607 1754 1711">
     <span class='ocr_line' id='line_1_19' title="bbox 75 1607 1754 1711; baseline 0.003 -43"><span class='ocrx_word' id='word_1_126' title='bbox 75 1617 352 1681; x_wconf 79' lang='grc' dir='ltr'>πιστοὺς,</span> <span class='ocrx_word' id='word_1_127' title='bbox 384 1616 620 1686; x_wconf 84' lang='grc' dir='ltr'>ὁπηνίκα</span> <span class='ocrx_word' id='word_1_128' title='bbox 651 1618 971 1680; x_wconf 65' lang='grc' dir='ltr'>τοϊςέθνεσι</span> <span class='ocrx_word' id='word_1_129' title='bbox 1004 1607 1550 1690; x_wconf 80' lang='grc' dir='ltr'>συναναστρέφοιντο,</span> <span class='ocrx_word' id='word_1_130' title='bbox 1587 1620 1679 1673; x_wconf 59' lang='grc' dir='ltr'>καί⁸</span> <span class='ocrx_word' id='word_1_131' title='bbox 1706 1652 1754 1711; x_wconf 82' lang='grc' dir='ltr'><strong>Β</strong></span> 
     </span>
    </p>
   </div>
   <div class='ocr_carea' id='block_1_20' title="bbox 75 1707 1678 1777">
    <p class='ocr_par' dir='ltr' id='par_1_20' title="bbox 75 1707 1678 1777">
     <span class='ocr_line' id='line_1_20' title="bbox 75 1707 1678 1777; baseline 0.003 -19"><span class='ocrx_word' id='word_1_132' title='bbox 75 1708 162 1768; x_wconf 89' lang='grc' dir='ltr'>εἰς</span> <span class='ocrx_word' id='word_1_133' title='bbox 203 1708 440 1777; x_wconf 81' lang='grc' dir='ltr'>μνήμην</span> <span class='ocrx_word' id='word_1_134' title='bbox 471 1707 705 1775; x_wconf 81' lang='grc' dir='ltr'>ἄγεσθαι</span> <span class='ocrx_word' id='word_1_135' title='bbox 737 1707 829 1761; x_wconf 82' lang='grc' dir='ltr'>τοῦ</span> <span class='ocrx_word' id='word_1_136' title='bbox 860 1708 968 1761; x_wconf 85' lang='grc' dir='ltr'>τῶν</span> <span class='ocrx_word' id='word_1_137' title='bbox 993 1709 1132 1762; x_wconf 84' lang='grc' dir='ltr'>ὅλων</span> <span class='ocrx_word' id='word_1_138' title='bbox 1156 1709 1294 1762; x_wconf 77' lang='grc' dir='ltr'>Θεοῦ</span> <span class='ocrx_word' id='word_1_139' title='bbox 1319 1725 1335 1740; x_wconf 75' lang='grc'><strong><em>⁸</em></strong></span> <span class='ocrx_word' id='word_1_140' title='bbox 1381 1711 1461 1772; x_wconf 83' lang='grc' dir='ltr'>εἰς</span> <span class='ocrx_word' id='word_1_141' title='bbox 1498 1709 1678 1763; x_wconf 85' lang='grc' dir='ltr'>πίστιν</span> 
     </span>
    </p>
   </div>
   <div class='ocr_carea' id='block_1_21' title="bbox 73 1796 1676 1871">
    <p class='ocr_par' dir='ltr' id='par_1_21' title="bbox 73 1796 1676 1871">
     <span class='ocr_line' id='line_1_21' title="bbox 73 1796 1676 1871; baseline 0.003 -23"><span class='ocrx_word' id='word_1_142' title='bbox 73 1796 219 1863; x_wconf 84' lang='grc' dir='ltr'>γοῦν</span> <span class='ocrx_word' id='word_1_143' title='bbox 240 1797 358 1848; x_wconf 84' lang='grc' dir='ltr'>τῶν</span> <span class='ocrx_word' id='word_1_144' title='bbox 378 1796 685 1868; x_wconf 83' lang='grc' dir='ltr'>λεγομένων</span> <span class='ocrx_word' id='word_1_145' title='bbox 701 1799 838 1852; x_wconf 87' lang='grc' dir='ltr'>αὑτά</span> <span class='ocrx_word' id='word_1_146' title='bbox 851 1816 933 1852; x_wconf 90' lang='grc' dir='ltr'>σοι</span> <span class='ocrx_word' id='word_1_147' title='bbox 952 1799 1325 1871; x_wconf 69' lang='grc' dir='ltr'>παραγέτωτὲ</span> <span class='ocrx_word' id='word_1_148' title='bbox 1343 1799 1641 1870; x_wconf 88' lang='grc' dir='ltr'>πράγματα</span> <span class='ocrx_word' id='word_1_149' title='bbox 1660 1817 1676 1834; x_wconf 85' lang='grc'><strong>·</strong></span> 
     </span>
    </p>
   </div>
   <div class='ocr_carea' id='block_1_22' title="bbox 76 1888 1676 1962">
    <p class='ocr_par' dir='ltr' id='par_1_22' title="bbox 76 1888 1676 1962">
     <span class='ocr_line' id='line_1_22' title="bbox 76 1888 1676 1962; baseline 0.001 -20"><span class='ocrx_word' id='word_1_150' title='bbox 76 1888 176 1942; x_wconf 85' lang='grc' dir='ltr'>ὅτε</span> <span class='ocrx_word' id='word_1_151' title='bbox 209 1888 329 1958; x_wconf 77' lang='grc' dir='ltr'>γάρ</span> <span class='ocrx_word' id='word_1_152' title='bbox 359 1889 388 1940; x_wconf 98' lang='lat'>6</span> <span class='ocrx_word' id='word_1_153' title='bbox 424 1888 641 1959; x_wconf 83' lang='grc' dir='ltr'>Ἰσραὴλ</span> <span class='ocrx_word' id='word_1_154' title='bbox 676 1890 733 1941; x_wconf 82' lang='grc' dir='ltr'>ὲν</span> <span class='ocrx_word' id='word_1_155' title='bbox 777 1891 843 1959; x_wconf 76' lang='grc' dir='ltr'>τῇ</span> <span class='ocrx_word' id='word_1_156' title='bbox 895 1890 1088 1961; x_wconf 78' lang='grc' dir='ltr'>ἐρήμῳ</span> <span class='ocrx_word' id='word_1_157' title='bbox 1129 1890 1538 1962; x_wconf 80' lang='grc' dir='ltr'>τεσσαράκοντα</span> <span class='ocrx_word' id='word_1_158' title='bbox 1582 1891 1676 1962; x_wconf 75' lang='grc' dir='ltr'>ἐτη</span> 
     </span>
    </p>
   </div>
   <div class='ocr_carea' id='block_1_23' title="bbox 79 1979 1681 2052">
    <p class='ocr_par' dir='ltr' id='par_1_23' title="bbox 79 1979 1681 2052">
     <span class='ocr_line' id='line_1_23' title="bbox 79 1979 1681 2052; baseline 0.002 -22"><span class='ocrx_word' id='word_1_159' title='bbox 79 1980 258 2049; x_wconf 82' lang='grc' dir='ltr'>μόνος</span> <span class='ocrx_word' id='word_1_160' title='bbox 289 1979 412 2031; x_wconf 86' lang='grc' dir='ltr'>καθ’</span> <span class='ocrx_word' id='word_1_161' title='bbox 443 1980 639 2033; x_wconf 72' lang='grc' dir='ltr'>ἑαυτὸν</span> <span class='ocrx_word' id='word_1_162' title='bbox 665 1980 939 2051; x_wconf 77' lang='grc' dir='ltr'>διέτριψεν</span> <span class='ocrx_word' id='word_1_163' title='bbox 964 2021 980 2047; x_wconf 92' lang='grc'>,</span> <span class='ocrx_word' id='word_1_164' title='bbox 1017 1981 1191 2052; x_wconf 73' lang='grc' dir='ltr'>ἑτέρῳ</span> <span class='ocrx_word' id='word_1_165' title='bbox 1237 1980 1378 2035; x_wconf 78' lang='grc' dir='ltr'>ἔθνει</span> <span class='ocrx_word' id='word_1_166' title='bbox 1420 1980 1496 2051; x_wconf 85' lang='grc' dir='ltr'>μὴ</span> <span class='ocrx_word' id='word_1_167' title='bbox 1559 1998 1681 2034; x_wconf 87' lang='grc' dir='ltr'>συν-</span> 
     </span>
    </p>
   </div>
   <div class='ocr_carea' id='block_1_24' title="bbox 77 2068 1676 2145">
    <p class='ocr_par' dir='ltr' id='par_1_24' title="bbox 77 2068 1676 2145">
     <span class='ocr_line' id='line_1_24' title="bbox 77 2068 1676 2145; baseline 0.001 -19"><span class='ocrx_word' id='word_1_168' title='bbox 77 2071 568 2142; x_wconf 85' lang='grc' dir='ltr'>αναμιγνύμενος,</span> <span class='ocrx_word' id='word_1_169' title='bbox 600 2073 700 2126; x_wconf 87' lang='grc' dir='ltr'>οὑκ</span> <span class='ocrx_word' id='word_1_170' title='bbox 734 2068 1104 2144; x_wconf 77' lang='grc' dir='ltr'>ἦνάναγκαία</span> <span class='ocrx_word' id='word_1_171' title='bbox 1133 2075 1167 2144; x_wconf 82' lang='grc' dir='ltr'><strong>ἡ</strong></span> <span class='ocrx_word' id='word_1_172' title='bbox 1201 2072 1495 2145; x_wconf 82' lang='grc' dir='ltr'>περιτομὴ,</span> <span class='ocrx_word' id='word_1_173' title='bbox 1520 2074 1605 2142; x_wconf 75' lang='grc' dir='ltr'>ἐφ’</span> 
     </span>
    </p>
   </div>
   <div class='ocr_carea' id='block_1_25' title="bbox 77 2161 1675 2234">
    <p class='ocr_par' dir='ltr' id='par_1_25' title="bbox 77 2161 1675 2234">
     <span class='ocr_line' id='line_1_25' title="bbox 77 2161 1675 2234; baseline -0.001 -18"><span class='ocrx_word' id='word_1_174' title='bbox 77 2164 181 2216; x_wconf 73' lang='grc' dir='ltr'>καὶ</span> <span class='ocrx_word' id='word_1_175' title='bbox 239 2161 612 2232; x_wconf 83' lang='grc' dir='ltr'>ἀπερίτμητοι</span> <span class='ocrx_word' id='word_1_176' title='bbox 663 2161 961 2232; x_wconf 74' lang='grc' dir='ltr'>ἐτύγχανον</span> <span class='ocrx_word' id='word_1_177' title='bbox 1010 2162 1364 2232; x_wconf 83' lang='grc' dir='ltr'>γεννηθέντες</span> <span class='ocrx_word' id='word_1_178' title='bbox 1399 2163 1538 2216; x_wconf 81' lang='grc' dir='ltr'>κατὰ</span> <span class='ocrx_word' id='word_1_179' title='bbox 1577 2162 1675 2234; x_wconf 82' lang='grc' dir='ltr'>τὴν</span> 
     </span>
    </p>
   </div>
   <div class='ocr_carea' id='block_1_26' title="bbox 77 2251 1675 2326">
    <p class='ocr_par' dir='ltr' id='par_1_26' title="bbox 77 2251 1675 2326">
     <span class='ocr_line' id='line_1_26' title="bbox 77 2251 1675 2326; baseline 0.003 -22"><span class='ocrx_word' id='word_1_180' title='bbox 77 2251 303 2323; x_wconf 77' lang='grc' dir='ltr'>ἔρημον</span> <span class='ocrx_word' id='word_1_181' title='bbox 343 2268 356 2282; x_wconf 74' lang='grc' dir='ltr'><strong>ο</strong></span> <span class='ocrx_word' id='word_1_182' title='bbox 386 2251 552 2322; x_wconf 82' lang='grc' dir='ltr'>ἡνίκα</span> <span class='ocrx_word' id='word_1_183' title='bbox 584 2252 640 2305; x_wconf 83' lang='grc' dir='ltr'>δὲ</span> <span class='ocrx_word' id='word_1_184' title='bbox 673 2253 701 2305; x_wconf 92' lang='lat'>6</span> <span class='ocrx_word' id='word_1_185' title='bbox 730 2252 822 2305; x_wconf 77' lang='grc' dir='ltr'>τοῦ</span> <span class='ocrx_word' id='word_1_186' title='bbox 847 2251 1006 2322; x_wconf 83' lang='grc' dir='ltr'>Ναυῆ</span> <span class='ocrx_word' id='word_1_187' title='bbox 1043 2252 1250 2324; x_wconf 80' lang='grc' dir='ltr'>Ἰησοῦς</span> <span class='ocrx_word' id='word_1_188' title='bbox 1271 2253 1362 2306; x_wconf 79' lang='grc' dir='ltr'>τ’ὸν</span> <span class='ocrx_word' id='word_1_189' title='bbox 1404 2253 1675 2326; x_wconf 78' lang='grc' dir='ltr'>Ἰορδάνην</span> 
     </span>
    </p>
   </div>
   <div class='ocr_carea' id='block_1_27' title="bbox 77 2337 1672 2412">
    <p class='ocr_par' dir='ltr' id='par_1_27' title="bbox 77 2337 1672 2412">
     <span class='ocr_line' id='line_1_27' title="bbox 77 2337 1672 2412; baseline 0.005 -23"><span class='ocrx_word' id='word_1_190' title='bbox 77 2338 293 2399; x_wconf 76' lang='grc' dir='ltr'>αὐτοὺς</span> <span class='ocrx_word' id='word_1_191' title='bbox 349 2337 644 2403; x_wconf 83' lang='grc' dir='ltr'>διεϐίϐασε,</span> <span class='ocrx_word' id='word_1_192' title='bbox 699 2340 948 2394; x_wconf 77' lang='grc' dir='ltr'>κελεύσει</span> <span class='ocrx_word' id='word_1_193' title='bbox 1001 2340 1122 2412; x_wconf 80' lang='grc' dir='ltr'>θείᾳ</span> <span class='ocrx_word' id='word_1_194' title='bbox 1169 2341 1618 2412; x_wconf 80' lang='grc' dir='ltr'>περιετμήθησαν</span> <span class='ocrx_word' id='word_1_195' title='bbox 1657 2360 1672 2375; x_wconf 77' lang='grc' dir='ltr'><strong><em>ο</em></strong></span> 
     </span>
    </p>
   </div>
   <div class='ocr_carea' id='block_1_28' title="bbox 1782 434 3365 511">
    <p class='ocr_par' dir='ltr' id='par_1_28' title="bbox 1782 434 3365 511">
     <span class='ocr_line' id='line_1_28' title="bbox 1782 434 3365 511; baseline 0.005 -23"><span class='ocrx_word' id='word_1_196' title='bbox 1782 434 2232 493; x_wconf 78' lang='lat' dir='ltr'><strong>incircumcisos?</strong></span> <span class='ocrx_word' id='word_1_197' title='bbox 2277 435 2361 490; x_wconf 89' lang='lat' dir='ltr'><strong>Tu</strong></span> <span class='ocrx_word' id='word_1_198' title='bbox 2406 436 2728 491; x_wconf 79' lang='lat' dir='ltr'>circumcidi</span> <span class='ocrx_word' id='word_1_199' title='bbox 2776 438 2990 510; x_wconf 74' lang='lat' dir='ltr'><strong>juberis</strong></span> <span class='ocrx_word' id='word_1_200' title='bbox 3030 454 3226 506; x_wconf 90' lang='lat' dir='ltr'><strong>carne,</strong></span> <span class='ocrx_word' id='word_1_201' title='bbox 3261 457 3365 511; x_wconf 78' lang='lat' dir='ltr'><strong>ego</strong></span> 
     </span>
    </p>
   </div>
   <div class='ocr_carea' id='block_1_29' title="bbox 1738 516 3362 602">
    <p class='ocr_par' dir='ltr' id='par_1_29' title="bbox 1738 516 3362 602">
     <span class='ocr_line' id='line_1_29' title="bbox 1738 516 3362 602; baseline 0.004 -22"><span class='ocrx_word' id='word_1_202' title='bbox 1738 516 1748 520; x_wconf 60' lang='grc'>’</span> <span class='ocrx_word' id='word_1_203' title='bbox 1781 526 1947 581; x_wconf 88' lang='lat' dir='ltr'><strong>corde</strong></span> <span class='ocrx_word' id='word_1_204' title='bbox 1976 526 2366 594; x_wconf 84' lang='lat' dir='ltr'><strong>circumcidor,</strong></span> <span class='ocrx_word' id='word_1_205' title='bbox 2396 544 2468 584; x_wconf 91' lang='lat' dir='ltr'>ne</span> <span class='ocrx_word' id='word_1_206' title='bbox 2499 545 2664 599; x_wconf 84' lang='lat' dir='ltr'><strong>prava</strong></span> <span class='ocrx_word' id='word_1_207' title='bbox 2701 532 2956 602; x_wconf 76' lang='lat' dir='ltr'>cogitem.</span> <span class='ocrx_word' id='word_1_208' title='bbox 2993 531 3148 599; x_wconf 86' lang='lat' dir='ltr'><strong>Quod</strong></span> <span class='ocrx_word' id='word_1_209' title='bbox 3177 540 3362 587; x_wconf 85' lang='lat' dir='ltr'><strong>autem</strong></span> 
     </span>
    </p>
   </div>
   <div class='ocr_carea' id='block_1_30' title="bbox 1780 620 3362 694">
    <p class='ocr_par' dir='ltr' id='par_1_30' title="bbox 1780 620 3362 694">
     <span class='ocr_line' id='line_1_30' title="bbox 1780 620 3362 694; baseline 0.002 -19"><span class='ocrx_word' id='word_1_210' title='bbox 1780 620 1895 675; x_wconf 83' lang='lat' dir='ltr'><strong>Deo</strong></span> <span class='ocrx_word' id='word_1_211' title='bbox 1948 620 2264 692; x_wconf 73' lang='lat' dir='ltr'><strong>huiusmodi</strong></span> <span class='ocrx_word' id='word_1_212' title='bbox 2318 621 2668 677; x_wconf 84' lang='lat' dir='ltr'><strong>circumcisio</strong></span> <span class='ocrx_word' id='word_1_213' title='bbox 2723 623 3030 694; x_wconf 81' lang='lat' dir='ltr'><strong>gratissima</strong></span> <span class='ocrx_word' id='word_1_214' title='bbox 3080 624 3182 689; x_wconf 92' lang='lat' dir='ltr'><strong>sit,</strong></span> <span class='ocrx_word' id='word_1_215' title='bbox 3232 623 3362 678; x_wconf 90' lang='lat' dir='ltr'><strong>audi</strong></span> 
     </span>
    </p>
   </div>
   <div class='ocr_carea' id='block_1_31' title="bbox 1780 711 3364 787">
    <p class='ocr_par' dir='ltr' id='par_1_31' title="bbox 1780 711 3364 787">
     <span class='ocr_line' id='line_1_31' title="bbox 1780 711 3364 787; baseline 0.004 -22"><span class='ocrx_word' id='word_1_216' title='bbox 1780 711 1911 781; x_wconf 88' lang='lat' dir='ltr'><strong>quid</strong></span> <span class='ocrx_word' id='word_1_217' title='bbox 1947 711 2092 767; x_wconf 89' lang='lat' dir='ltr'><strong>dicat</strong></span> <span class='ocrx_word' id='word_1_218' title='bbox 2125 712 2415 781; x_wconf 82' lang='lat' dir='ltr'><strong>increpans</strong></span> <span class='ocrx_word' id='word_1_219' title='bbox 2447 712 2614 768; x_wconf 85' lang='lat' dir='ltr'><strong>Israel</strong></span> <span class='ocrx_word' id='word_1_220' title='bbox 2647 730 2746 784; x_wconf 89' lang='lat' dir='ltr'>per</span> <span class='ocrx_word' id='word_1_221' title='bbox 2777 715 3071 787; x_wconf 86' lang='lat' dir='ltr'><strong>Jeremiam</strong></span> <span class='ocrx_word' id='word_1_222' title='bbox 3110 733 3124 770; x_wconf 90' lang='lat'><strong>:</strong></span> <span class='ocrx_word' id='word_1_223' title='bbox 3162 735 3180 767; x_wconf 76' lang='grc' dir='ltr'>ι</span> <span class='ocrx_word' id='word_1_224' title='bbox 3227 715 3364 771; x_wconf 91' lang='lat' dir='ltr'>Om-</span> 
     </span>
    </p>
   </div>
   <div class='ocr_carea' id='block_1_32' title="bbox 1779 800 3362 871">
    <p class='ocr_par' dir='ltr' id='par_1_32' title="bbox 1779 800 3362 871">
     <span class='ocr_line' id='line_1_32' title="bbox 1779 800 3362 871; baseline 0.004 -17"><span class='ocrx_word' id='word_1_225' title='bbox 1779 815 1880 855; x_wconf 88' lang='lat' dir='ltr'>nes</span> <span class='ocrx_word' id='word_1_226' title='bbox 1904 810 2094 871; x_wconf 80' lang='lat' dir='ltr'><strong>gentcs</strong></span> <span class='ocrx_word' id='word_1_227' title='bbox 2115 800 2518 855; x_wconf 63' lang='lat' dir='ltr'><strong>incircumcisaa</strong></span> <span class='ocrx_word' id='word_1_228' title='bbox 2546 817 2734 867; x_wconf 87' lang='lat' dir='ltr'><strong>carne,</strong></span> <span class='ocrx_word' id='word_1_229' title='bbox 2756 802 2954 858; x_wconf 90' lang='lat' dir='ltr'><strong>domus</strong></span> <span class='ocrx_word' id='word_1_230' title='bbox 2982 812 3163 858; x_wconf 88' lang='lat' dir='ltr'><strong>autem</strong></span> <span class='ocrx_word' id='word_1_231' title='bbox 3194 804 3362 861; x_wconf 90' lang='lat' dir='ltr'><strong>Israel</strong></span> 
     </span>
    </p>
   </div>
   <div class='ocr_carea' id='block_1_33' title="bbox 1782 890 3415 964">
    <p class='ocr_par' dir='ltr' id='par_1_33' title="bbox 1782 890 3415 964">
     <span class='ocr_line' id='line_1_33' title="bbox 1782 890 3415 964; baseline 0.005 -20"><span class='ocrx_word' id='word_1_232' title='bbox 1782 890 2167 947; x_wconf 86' lang='lat' dir='ltr'><strong>incircumcisa</strong></span> <span class='ocrx_word' id='word_1_233' title='bbox 2211 892 2476 947; x_wconf 87' lang='lat' dir='ltr'><strong>cordibus</strong></span> <span class='ocrx_word' id='word_1_234' title='bbox 2517 908 2711 948; x_wconf 87' lang='lat' dir='ltr'><strong>eorum</strong></span> <span class='ocrx_word' id='word_1_235' title='bbox 2746 894 2788 950; x_wconf 83' lang='lat'>’.</span> <span class='ocrx_word' id='word_1_236' title='bbox 2829 913 2848 945; x_wconf 76' lang='grc' dir='ltr'>ι</span> <span class='ocrx_word' id='word_1_237' title='bbox 2885 894 3007 950; x_wconf 88' lang='lat' dir='ltr'><strong>Non</strong></span> <span class='ocrx_word' id='word_1_238' title='bbox 3040 896 3187 949; x_wconf 88' lang='lat' dir='ltr'><strong>enim</strong></span> <span class='ocrx_word' id='word_1_239' title='bbox 3222 911 3362 964; x_wconf 68' lang='grc' dir='ltr'>ιιι-ιε-</span> <span class='ocrx_word' id='word_1_240' title='bbox 3408 900 3415 903; x_wconf 82' lang='grc'><strong><em>“</em></strong></span> 
     </span>
    </p>
   </div>
   <div class='ocr_carea' id='block_1_34' title="bbox 1780 982 3361 1055">
    <p class='ocr_par' dir='ltr' id='par_1_34' title="bbox 1780 982 3361 1055">
     <span class='ocr_line' id='line_1_34' title="bbox 1780 982 3361 1055; baseline 0.003 -19"><span class='ocrx_word' id='word_1_241' title='bbox 1780 983 1919 1052; x_wconf 78' lang='lat' dir='ltr'><strong>putii</strong></span> <span class='ocrx_word' id='word_1_242' title='bbox 1970 982 2324 1037; x_wconf 86' lang='lat' dir='ltr'><strong>circumcisio</strong></span> <span class='ocrx_word' id='word_1_243' title='bbox 2363 983 2667 1053; x_wconf 80' lang='lat' dir='ltr'><strong>justiﬁeare</strong></span> <span class='ocrx_word' id='word_1_244' title='bbox 2719 994 2932 1055; x_wconf 86' lang='lat' dir='ltr'><strong>potest;</strong></span> <span class='ocrx_word' id='word_1_245' title='bbox 2985 986 3054 1043; x_wconf 84' lang='lat' dir='ltr'>ad</span> <span class='ocrx_word' id='word_1_246' title='bbox 3086 986 3361 1041; x_wconf 85' lang='lat' dir='ltr'><strong>Abraham</strong></span> 
     </span>
    </p>
   </div>
   <div class='ocr_carea' id='block_1_35' title="bbox 1781 1074 3361 1144">
    <p class='ocr_par' dir='ltr' id='par_1_35' title="bbox 1781 1074 3361 1144">
     <span class='ocr_line' id='line_1_35' title="bbox 1781 1074 3361 1144; baseline 0.003 -17"><span class='ocrx_word' id='word_1_247' title='bbox 1781 1074 2150 1144; x_wconf 84' lang='lat' dir='ltr'><strong>patriarcham</strong></span> <span class='ocrx_word' id='word_1_248' title='bbox 2196 1074 2309 1138; x_wconf 84' lang='lat' dir='ltr'><strong>adi,</strong></span> <span class='ocrx_word' id='word_1_249' title='bbox 2356 1084 2413 1130; x_wconf 92' lang='lat' dir='ltr'>et</span> <span class='ocrx_word' id='word_1_250' title='bbox 2459 1075 2671 1131; x_wconf 82' lang='lat' dir='ltr'><strong>videbis</strong></span> <span class='ocrx_word' id='word_1_251' title='bbox 2723 1076 2876 1132; x_wconf 91' lang='lat' dir='ltr'><strong>illum</strong></span> <span class='ocrx_word' id='word_1_252' title='bbox 2925 1078 3038 1143; x_wconf 85' lang='lat' dir='ltr'><strong>sola</strong></span> <span class='ocrx_word' id='word_1_253' title='bbox 3074 1079 3200 1144; x_wconf 76' lang='lat' dir='ltr'><strong>(ide,</strong></span> <span class='ocrx_word' id='word_1_254' title='bbox 3251 1094 3361 1133; x_wconf 86' lang='lat' dir='ltr'>non</span> 
     </span>
    </p>
   </div>
   <div class='ocr_carea' id='block_1_36' title="bbox 1780 1164 3362 1236">
    <p class='ocr_par' dir='ltr' id='par_1_36' title="bbox 1780 1164 3362 1236">
     <span class='ocr_line' id='line_1_36' title="bbox 1780 1164 3362 1236; baseline 0.003 -18"><span class='ocrx_word' id='word_1_255' title='bbox 1780 1174 1963 1219; x_wconf 84' lang='lat' dir='ltr'><strong>autem</strong></span> <span class='ocrx_word' id='word_1_256' title='bbox 1997 1164 2440 1229; x_wconf 85' lang='lat' dir='ltr'><strong>circumcisione,</strong></span> <span class='ocrx_word' id='word_1_257' title='bbox 2464 1166 2851 1236; x_wconf 77' lang='lat' dir='ltr'><strong>justiﬁcatum.</strong></span> <span class='ocrx_word' id='word_1_258' title='bbox 2880 1167 3157 1224; x_wconf 76' lang='lat' dir='ltr'><strong>Abraham</strong></span> <span class='ocrx_word' id='word_1_259' title='bbox 3189 1168 3362 1234; x_wconf 90' lang='lat' dir='ltr'><strong>enim,</strong></span> 
     </span>
    </p>
   </div>
   <div class='ocr_carea' id='block_1_37' title="bbox 1781 1255 3363 1329">
    <p class='ocr_par' dir='ltr' id='par_1_37' title="bbox 1781 1255 3363 1329">
     <span class='ocr_line' id='line_1_37' title="bbox 1781 1255 3363 1329; baseline 0.001 -19"><span class='ocrx_word' id='word_1_260' title='bbox 1781 1255 2008 1320; x_wconf 86' lang='lat' dir='ltr'><strong>dicitur,</strong></span> <span class='ocrx_word' id='word_1_261' title='bbox 2050 1274 2068 1306; x_wconf 85' lang='grc' dir='ltr'>ι</span> <span class='ocrx_word' id='word_1_262' title='bbox 2106 1255 2357 1311; x_wconf 88' lang='lat' dir='ltr'><strong>Credidit</strong></span> <span class='ocrx_word' id='word_1_263' title='bbox 2383 1257 2516 1321; x_wconf 88' lang='lat' dir='ltr'><strong>Deo,</strong></span> <span class='ocrx_word' id='word_1_264' title='bbox 2549 1267 2605 1313; x_wconf 86' lang='lat' dir='ltr'>et</span> <span class='ocrx_word' id='word_1_265' title='bbox 2644 1266 2956 1328; x_wconf 84' lang='lat' dir='ltr'><strong>reputatum</strong></span> <span class='ocrx_word' id='word_1_266' title='bbox 2987 1267 3071 1314; x_wconf 88' lang='lat' dir='ltr'>est</span> <span class='ocrx_word' id='word_1_267' title='bbox 3101 1260 3153 1314; x_wconf 90' lang='lat' dir='ltr'>ei</span> <span class='ocrx_word' id='word_1_268' title='bbox 3183 1259 3239 1313; x_wconf 90' lang='lat' dir='ltr'>in</span> <span class='ocrx_word' id='word_1_269' title='bbox 3268 1260 3363 1329; x_wconf 83' lang='lat' dir='ltr'>ju-</span> 
     </span>
    </p>
   </div>
   <div class='ocr_carea' id='block_1_38' title="bbox 1781 1346 3366 1418">
    <p class='ocr_par' dir='ltr' id='par_1_38' title="bbox 1781 1346 3366 1418">
     <span class='ocr_line' id='line_1_38' title="bbox 1781 1346 3366 1418; baseline 0.003 -19"><span class='ocrx_word' id='word_1_270' title='bbox 1781 1346 1987 1400; x_wconf 83' lang='lat' dir='ltr'><strong>stitiam</strong></span> <span class='ocrx_word' id='word_1_271' title='bbox 2017 1346 2059 1399; x_wconf 80' lang='grc'>⁵.</span> <span class='ocrx_word' id='word_1_272' title='bbox 2099 1366 2117 1398; x_wconf 77' lang='grc' dir='ltr'>ι</span> <span class='ocrx_word' id='word_1_273' title='bbox 2151 1347 2346 1401; x_wconf 87' lang='lat' dir='ltr'><strong>Postea</strong></span> <span class='ocrx_word' id='word_1_274' title='bbox 2373 1349 2690 1418; x_wconf 65' lang='lat' dir='ltr'><strong>praescripta</strong></span> <span class='ocrx_word' id='word_1_275' title='bbox 2718 1357 2803 1403; x_wconf 86' lang='lat' dir='ltr'>est</span> <span class='ocrx_word' id='word_1_276' title='bbox 2832 1350 3182 1404; x_wconf 80' lang='lat' dir='ltr'><strong>circumcisio</strong></span> <span class='ocrx_word' id='word_1_277' title='bbox 3212 1351 3366 1404; x_wconf 80' lang='lat' dir='ltr'><strong>velut</strong></span> 
     </span>
    </p>
   </div>
   <div class='ocr_carea' id='block_1_39' title="bbox 1781 1436 3365 1510">
    <p class='ocr_par' dir='ltr' id='par_1_39' title="bbox 1781 1436 3365 1510">
     <span class='ocr_line' id='line_1_39' title="bbox 1781 1436 3365 1510; baseline 0.001 -20"><span class='ocrx_word' id='word_1_278' title='bbox 1781 1436 2016 1506; x_wconf 77' lang='lat' dir='ltr'><strong>signum,</strong></span> <span class='ocrx_word' id='word_1_279' title='bbox 2044 1444 2104 1490; x_wconf 90' lang='lat' dir='ltr'>ut</span> <span class='ocrx_word' id='word_1_280' title='bbox 2134 1436 2587 1493; x_wconf 87' lang='lat' dir='ltr'><strong>discernerentur</strong></span> <span class='ocrx_word' id='word_1_281' title='bbox 2615 1454 2714 1508; x_wconf 88' lang='lat' dir='ltr'><strong>per</strong></span> <span class='ocrx_word' id='word_1_282' title='bbox 2741 1455 2867 1494; x_wconf 90' lang='lat' dir='ltr'>eum</span> <span class='ocrx_word' id='word_1_283' title='bbox 2898 1439 3110 1504; x_wconf 81' lang='lat' dir='ltr'><strong>ﬁdeles,</strong></span> <span class='ocrx_word' id='word_1_284' title='bbox 3143 1438 3365 1510; x_wconf 86' lang='lat' dir='ltr'><strong>quando</strong></span> 
     </span>
    </p>
   </div>
   <div class='ocr_carea' id='block_1_40' title="bbox 1782 1524 3362 1599">
    <p class='ocr_par' dir='ltr' id='par_1_40' title="bbox 1782 1524 3362 1599">
     <span class='ocr_line' id='line_1_40' title="bbox 1782 1524 3362 1599; baseline 0.003 -16"><span class='ocrx_word' id='word_1_285' title='bbox 1782 1524 1906 1583; x_wconf 84' lang='lat' dir='ltr'>cum</span> <span class='ocrx_word' id='word_1_286' title='bbox 1935 1529 2192 1599; x_wconf 83' lang='lat' dir='ltr'><strong>gentibus</strong></span> <span class='ocrx_word' id='word_1_287' title='bbox 2215 1532 2705 1597; x_wconf 82' lang='lat' dir='ltr'><strong>conversabantur,</strong></span> <span class='ocrx_word' id='word_1_288' title='bbox 2732 1540 2789 1586; x_wconf 84' lang='lat' dir='ltr'>et</span> <span class='ocrx_word' id='word_1_289' title='bbox 2818 1542 2878 1587; x_wconf 91' lang='lat' dir='ltr'>ut</span> <span class='ocrx_word' id='word_1_290' title='bbox 2910 1534 3232 1588; x_wconf 87' lang='lat' dir='ltr'><strong>memoriam</strong></span> <span class='ocrx_word' id='word_1_291' title='bbox 3264 1534 3362 1588; x_wconf 81' lang='lat' dir='ltr'><strong>Dei</strong></span> 
     </span>
    </p>
   </div>
   <div class='ocr_carea' id='block_1_41' title="bbox 1783 1621 3364 1692">
    <p class='ocr_par' dir='ltr' id='par_1_41' title="bbox 1783 1621 3364 1692">
     <span class='ocr_line' id='line_1_41' title="bbox 1783 1621 3364 1692; baseline 0.004 -20"><span class='ocrx_word' id='word_1_292' title='bbox 1783 1627 2086 1674; x_wconf 81' lang='lat' dir='ltr'><strong>revocaret.</strong></span> <span class='ocrx_word' id='word_1_293' title='bbox 2117 1621 2174 1674; x_wconf 93' lang='lat' dir='ltr'>ln</span> <span class='ocrx_word' id='word_1_294' title='bbox 2204 1621 2364 1675; x_wconf 78' lang='lat' dir='ltr'><strong>[idem</strong></span> <span class='ocrx_word' id='word_1_295' title='bbox 2399 1637 2589 1676; x_wconf 87' lang='lat' dir='ltr'><strong>eorum</strong></span> <span class='ocrx_word' id='word_1_296' title='bbox 2627 1638 2748 1692; x_wconf 73' lang='lat' dir='ltr'><strong>quae</strong></span> <span class='ocrx_word' id='word_1_297' title='bbox 2781 1623 3017 1678; x_wconf 88' lang='lat' dir='ltr'><strong>dicimus</strong></span> <span class='ocrx_word' id='word_1_298' title='bbox 3049 1624 3146 1677; x_wconf 87' lang='lat' dir='ltr'><strong>tibi</strong></span> <span class='ocrx_word' id='word_1_299' title='bbox 3187 1639 3275 1678; x_wconf 88' lang='lat' dir='ltr'>res</span> <span class='ocrx_word' id='word_1_300' title='bbox 3305 1638 3364 1677; x_wconf 87' lang='lat' dir='ltr'>se</span> 
     </span>
    </p>
   </div>
   <div class='ocr_carea' id='block_1_42' title="bbox 1785 1709 3367 1782">
    <p class='ocr_par' dir='ltr' id='par_1_42' title="bbox 1785 1709 3367 1782">
     <span class='ocr_line' id='line_1_42' title="bbox 1785 1709 3367 1782; baseline 0.004 -20"><span class='ocrx_word' id='word_1_301' title='bbox 1785 1709 2051 1780; x_wconf 56' lang='lat' dir='ltr'><strong>prmbent.</strong></span> <span class='ocrx_word' id='word_1_302' title='bbox 2088 1709 2225 1764; x_wconf 91' lang='lat' dir='ltr'><strong>Cum</strong></span> <span class='ocrx_word' id='word_1_303' title='bbox 2251 1711 2400 1765; x_wconf 92' lang='lat' dir='ltr'><strong>enim</strong></span> <span class='ocrx_word' id='word_1_304' title='bbox 2442 1712 2608 1766; x_wconf 82' lang='lat' dir='ltr'><strong>Israel</strong></span> <span class='ocrx_word' id='word_1_305' title='bbox 2645 1713 2699 1765; x_wconf 92' lang='lat' dir='ltr'>in</span> <span class='ocrx_word' id='word_1_306' title='bbox 2743 1711 2967 1766; x_wconf 84' lang='lat' dir='ltr'><strong>deserto</strong></span> <span class='ocrx_word' id='word_1_307' title='bbox 3001 1713 3367 1782; x_wconf 80' lang='lat' dir='ltr'><strong>quadraginta</strong></span> 
     </span>
    </p>
   </div>
   <div class='ocr_carea' id='block_1_43' title="bbox 1786 1799 3365 1873">
    <p class='ocr_par' dir='ltr' id='par_1_43' title="bbox 1786 1799 3365 1873">
     <span class='ocr_line' id='line_1_43' title="bbox 1786 1799 3365 1873; baseline 0.004 -21"><span class='ocrx_word' id='word_1_308' title='bbox 1786 1799 1947 1853; x_wconf 87' lang='lat' dir='ltr'><strong>annis</strong></span> <span class='ocrx_word' id='word_1_309' title='bbox 1992 1800 2142 1855; x_wconf 90' lang='lat' dir='ltr'><strong>solus</strong></span> <span class='ocrx_word' id='word_1_310' title='bbox 2190 1817 2377 1855; x_wconf 89' lang='lat' dir='ltr'><strong>secum</strong></span> <span class='ocrx_word' id='word_1_311' title='bbox 2418 1810 2670 1856; x_wconf 79' lang='lat' dir='ltr'><strong>versatus</strong></span> <span class='ocrx_word' id='word_1_312' title='bbox 2715 1809 2818 1866; x_wconf 85' lang='lat' dir='ltr'><strong>est,</strong></span> <span class='ocrx_word' id='word_1_313' title='bbox 2852 1802 3009 1857; x_wconf 85' lang='lat' dir='ltr'><strong>alteri</strong></span> <span class='ocrx_word' id='word_1_314' title='bbox 3058 1804 3207 1873; x_wconf 75' lang='lat' dir='ltr'><strong>genti</strong></span> <span class='ocrx_word' id='word_1_315' title='bbox 3253 1818 3365 1858; x_wconf 90' lang='lat' dir='ltr'>non</span> 
     </span>
    </p>
   </div>
   <div class='ocr_carea' id='block_1_44' title="bbox 1782 1888 3368 1959">
    <p class='ocr_par' dir='ltr' id='par_1_44' title="bbox 1782 1888 3368 1959">
     <span class='ocr_line' id='line_1_44' title="bbox 1782 1888 3368 1959; baseline 0.003 -16"><span class='ocrx_word' id='word_1_316' title='bbox 1782 1888 2103 1959; x_wconf 69' lang='grc' dir='ltr'>ᾖει-ιηὶειυε,</span> <span class='ocrx_word' id='word_1_317' title='bbox 2122 1906 2241 1946; x_wconf 80' lang='lat' dir='ltr'>non</span> <span class='ocrx_word' id='word_1_318' title='bbox 2274 1892 2583 1947; x_wconf 87' lang='lat' dir='ltr'><strong>necessaria</strong></span> <span class='ocrx_word' id='word_1_319' title='bbox 2619 1892 2723 1946; x_wconf 80' lang='lat' dir='ltr'><strong>fuit</strong></span> <span class='ocrx_word' id='word_1_320' title='bbox 2756 1890 3127 1959; x_wconf 84' lang='lat' dir='ltr'><strong>circumcisio,</strong></span> <span class='ocrx_word' id='word_1_321' title='bbox 3160 1894 3368 1949; x_wconf 89' lang='lat' dir='ltr'><strong>idcirco</strong></span> 
     </span>
    </p>
   </div>
   <div class='ocr_carea' id='block_1_45' title="bbox 1784 1980 3365 2054">
    <p class='ocr_par' dir='ltr' id='par_1_45' title="bbox 1784 1980 3365 2054">
     <span class='ocr_line' id='line_1_45' title="bbox 1784 1980 3365 2054; baseline 0.003 -19"><span class='ocrx_word' id='word_1_322' title='bbox 1784 1980 2158 2038; x_wconf 89' lang='lat' dir='ltr'><strong>incircumcisi</strong></span> <span class='ocrx_word' id='word_1_323' title='bbox 2211 1991 2634 2052; x_wconf 76' lang='lat' dir='ltr'><strong>permanserunt</strong></span> <span class='ocrx_word' id='word_1_324' title='bbox 2710 1986 2804 2054; x_wconf 85' lang='lat' dir='ltr'><strong>qui</strong></span> <span class='ocrx_word' id='word_1_325' title='bbox 2880 1986 2936 2039; x_wconf 92' lang='lat' dir='ltr'>in</span> <span class='ocrx_word' id='word_1_326' title='bbox 2984 1985 3209 2040; x_wconf 89' lang='lat' dir='ltr'><strong>deserto</strong></span> <span class='ocrx_word' id='word_1_327' title='bbox 3244 1986 3365 2040; x_wconf 85' lang='lat' dir='ltr'><strong>nati</strong></span> 
     </span>
    </p>
   </div>
   <div class='ocr_carea' id='block_1_46' title="bbox 1782 2074 3365 2143">
    <p class='ocr_par' dir='ltr' id='par_1_46' title="bbox 1782 2074 3365 2143">
     <span class='ocr_line' id='line_1_46' title="bbox 1782 2074 3365 2143; baseline 0.003 -18"><span class='ocrx_word' id='word_1_328' title='bbox 1782 2080 1976 2137; x_wconf 89' lang='lat' dir='ltr'><strong>erant;</strong></span> <span class='ocrx_word' id='word_1_329' title='bbox 2024 2074 2246 2143; x_wconf 87' lang='lat' dir='ltr'><strong>quando</strong></span> <span class='ocrx_word' id='word_1_330' title='bbox 2291 2084 2474 2129; x_wconf 79' lang='lat' dir='ltr'><strong>autem</strong></span> <span class='ocrx_word' id='word_1_331' title='bbox 2518 2075 2647 2130; x_wconf 84' lang='lat' dir='ltr'><strong>Jesu</strong></span> <span class='ocrx_word' id='word_1_332' title='bbox 2693 2075 2839 2131; x_wconf 81' lang='lat' dir='ltr'><strong>(ilius</strong></span> <span class='ocrx_word' id='word_1_333' title='bbox 2881 2076 3028 2131; x_wconf 79' lang='lat' dir='ltr'><strong>Nave</strong></span> <span class='ocrx_word' id='word_1_334' title='bbox 3067 2075 3365 2130; x_wconf 67' lang='lat' dir='ltr'><strong>Iordanem</strong></span> 
     </span>
    </p>
   </div>
   <div class='ocr_carea' id='block_1_47' title="bbox 1783 2165 3362 2237">
    <p class='ocr_par' dir='ltr' id='par_1_47' title="bbox 1783 2165 3362 2237">
     <span class='ocr_line' id='line_1_47' title="bbox 1783 2165 3362 2237; baseline 0.001 -19"><span class='ocrx_word' id='word_1_335' title='bbox 1783 2178 1908 2218; x_wconf 92' lang='lat' dir='ltr'>cum</span> <span class='ocrx_word' id='word_1_336' title='bbox 1956 2165 2064 2220; x_wconf 87' lang='lat' dir='ltr'><strong>illis</strong></span> <span class='ocrx_word' id='word_1_337' title='bbox 2111 2167 2358 2237; x_wconf 75' lang='lat' dir='ltr'><strong>trajecit,</strong></span> <span class='ocrx_word' id='word_1_338' title='bbox 2400 2168 2556 2237; x_wconf 85' lang='lat' dir='ltr'><strong>jussu</strong></span> <span class='ocrx_word' id='word_1_339' title='bbox 2605 2168 2793 2222; x_wconf 81' lang='lat' dir='ltr'><strong>divino</strong></span> <span class='ocrx_word' id='word_1_340' title='bbox 2836 2168 3148 2223; x_wconf 88' lang='lat' dir='ltr'><strong>circumcisi</strong></span> <span class='ocrx_word' id='word_1_341' title='bbox 3194 2175 3362 2224; x_wconf 86' lang='lat' dir='ltr'><strong>sunt:</strong></span> 
     </span>
    </p>
   </div>
   <div class='ocr_carea' id='block_1_48' title="bbox 1787 2256 3366 2328">
    <p class='ocr_par' dir='ltr' id='par_1_48' title="bbox 1787 2256 3366 2328">
     <span class='ocr_line' id='line_1_48' title="bbox 1787 2256 3366 2328; baseline 0.003 -20"><span class='ocrx_word' id='word_1_342' title='bbox 1787 2274 1805 2307; x_wconf 77' lang='grc' dir='ltr'>ι</span> <span class='ocrx_word' id='word_1_343' title='bbox 1838 2256 1964 2319; x_wconf 85' lang='lat' dir='ltr'><strong>Fac,</strong></span> <span class='ocrx_word' id='word_1_344' title='bbox 1996 2256 2131 2313; x_wconf 90' lang='lat' dir='ltr'><strong>dicit</strong></span> <span class='ocrx_word' id='word_1_345' title='bbox 2175 2258 2253 2312; x_wconf 90' lang='lat' dir='ltr'><strong>illi</strong></span> <span class='ocrx_word' id='word_1_346' title='bbox 2288 2258 2453 2322; x_wconf 88' lang='lat' dir='ltr'><strong>Deus,</strong></span> <span class='ocrx_word' id='word_1_347' title='bbox 2499 2259 2706 2313; x_wconf 85' lang='lat' dir='ltr'><strong>cultros</strong></span> <span class='ocrx_word' id='word_1_348' title='bbox 2752 2259 3020 2328; x_wconf 88' lang='lat' dir='ltr'><strong>lapideos,</strong></span> <span class='ocrx_word' id='word_1_349' title='bbox 3061 2265 3117 2313; x_wconf 89' lang='lat' dir='ltr'>et</span> <span class='ocrx_word' id='word_1_350' title='bbox 3167 2258 3366 2313; x_wconf 81' lang='lat' dir='ltr'><strong>sedens</strong></span> 
     </span>
    </p>
   </div>
   <div class='ocr_carea' id='block_1_49' title="bbox 1778 2347 3359 2419">
    <p class='ocr_par' dir='ltr' id='par_1_49' title="bbox 1778 2347 3359 2419">
     <span class='ocr_line' id='line_1_49' title="bbox 1778 2347 3359 2419; baseline 0.003 -17"><span class='ocrx_word' id='word_1_351' title='bbox 1778 2347 2114 2404; x_wconf 88' lang='lat' dir='ltr'><strong>circumcide</strong></span> <span class='ocrx_word' id='word_1_352' title='bbox 2137 2349 2279 2409; x_wconf 81' lang='lat' dir='ltr'><strong>ﬁiios</strong></span> <span class='ocrx_word' id='word_1_353' title='bbox 2299 2350 2464 2405; x_wconf 84' lang='lat' dir='ltr'><strong>Israel</strong></span> <span class='ocrx_word' id='word_1_354' title='bbox 2487 2353 2531 2404; x_wconf 75' lang='grc' dir='ltr'><strong>θ.</strong></span> <span class='ocrx_word' id='word_1_355' title='bbox 2564 2370 2583 2403; x_wconf 72' lang='grc' dir='ltr'>ι</span> <span class='ocrx_word' id='word_1_356' title='bbox 2612 2352 2787 2419; x_wconf 87' lang='lat' dir='ltr'><strong>Quam</strong></span> <span class='ocrx_word' id='word_1_357' title='bbox 2821 2353 2893 2407; x_wconf 93' lang='lat' dir='ltr'>ob</span> <span class='ocrx_word' id='word_1_358' title='bbox 2921 2366 3141 2408; x_wconf 87' lang='lat' dir='ltr'><strong>causam</strong></span> <span class='ocrx_word' id='word_1_359' title='bbox 3162 2358 3359 2406; x_wconf 81' lang='lat' dir='ltr'>et......</span> 
     </span>
    </p>
   </div>
   <div class='ocr_carea' id='block_1_50' title="bbox 83 2429 3361 2517">
    <p class='ocr_par' dir='ltr' id='par_1_50' title="bbox 83 2429 3361 2517">
     <span class='ocr_line' id='line_1_50' title="bbox 83 2429 3361 2517; baseline 0.004 -36"><span class='ocrx_word' id='word_1_360' title='bbox 83 2448 105 2481; x_wconf 73' lang='grc' dir='ltr'>ι</span> <span class='ocrx_word' id='word_1_361' title='bbox 146 2429 395 2499; x_wconf 84' lang='grc' dir='ltr'>Ποίησον</span> <span class='ocrx_word' id='word_1_362' title='bbox 425 2430 534 2502; x_wconf 82' lang='grc' dir='ltr'>γάρ</span> <span class='ocrx_word' id='word_1_363' title='bbox 562 2468 579 2496; x_wconf 85' lang='grc'>,</span> <span class='ocrx_word' id='word_1_364' title='bbox 607 2431 741 2503; x_wconf 75' lang='grc' dir='ltr'>φησὶ</span> <span class='ocrx_word' id='word_1_365' title='bbox 777 2432 914 2505; x_wconf 59' lang='grc' dir='ltr'>πρδς</span> <span class='ocrx_word' id='word_1_366' title='bbox 944 2432 1106 2487; x_wconf 80' lang='grc' dir='ltr'>αὑτὸν</span> <span class='ocrx_word' id='word_1_367' title='bbox 1139 2435 1167 2487; x_wconf 82' lang='grc' dir='ltr'><strong><em>ὁ</em></strong></span> <span class='ocrx_word' id='word_1_368' title='bbox 1194 2432 1324 2496; x_wconf 77' lang='grc' dir='ltr'>Θεὸς</span> <span class='ocrx_word' id='word_1_369' title='bbox 1349 2473 1365 2496; x_wconf 82' lang='grc'><strong>.</strong></span> <span class='ocrx_word' id='word_1_370' title='bbox 1399 2435 1677 2506; x_wconf 84' lang='grc' dir='ltr'>μαχαίρας</span> <span class='ocrx_word' id='word_1_371' title='bbox 1717 2440 1996 2512; x_wconf 81' lang='grc' dir='ltr'>πετρίνας,</span> <span class='ocrx_word' id='word_1_372' title='bbox 2031 2442 2126 2496; x_wconf 75' lang='grc' dir='ltr'>καὶ</span> <span class='ocrx_word' id='word_1_373' title='bbox 2187 2443 2420 2508; x_wconf 84' lang='grc' dir='ltr'>καθίσας</span> <span class='ocrx_word' id='word_1_374' title='bbox 2484 2444 2750 2517; x_wconf 86' lang='grc' dir='ltr'>περίτεμε</span> <span class='ocrx_word' id='word_1_375' title='bbox 2779 2445 2906 2508; x_wconf 79' lang='grc' dir='ltr'>τοὺς</span> <span class='ocrx_word' id='word_1_376' title='bbox 2940 2444 3089 2507; x_wconf 81' lang='grc' dir='ltr'>υἱοὺς</span> <span class='ocrx_word' id='word_1_377' title='bbox 3121 2442 3361 2515; x_wconf 75' lang='grc' dir='ltr'>Ἰσραηλ⁶</span> 
     </span>
    </p>
   </div>
   <div class='ocr_carea' id='block_1_51' title="bbox 77 2521 635 2595">
    <p class='ocr_par' dir='ltr' id='par_1_51' title="bbox 77 2521 635 2595">
     <span class='ocr_line' id='line_1_51' title="bbox 77 2521 635 2595; baseline 0.009 -23"><span class='ocrx_word' id='word_1_378' title='bbox 77 2521 236 2585; x_wconf 88' lang='grc' dir='ltr'>τίνος</span> <span class='ocrx_word' id='word_1_379' title='bbox 266 2521 458 2577; x_wconf 77' lang='grc' dir='ltr'>ἕνεκεν</span> <span class='ocrx_word' id='word_1_380' title='bbox 497 2524 635 2595; x_wconf 74' lang='grc' dir='ltr'>κα“ι,.</span> 
     </span>
    </p>
   </div>
   <div class='ocr_carea' id='block_1_52' title="bbox 1483 2641 1979 2713">
    <p class='ocr_par' dir='ltr' id='par_1_52' title="bbox 1483 2641 1979 2713">
     <span class='ocr_line' id='line_1_52' title="bbox 1483 2641 1979 2713; baseline 0.002 -17"><span class='ocrx_word' id='word_1_381' title='bbox 1483 2641 1711 2713; x_wconf 81' lang='lat' dir='ltr'><strong>Reliqua</strong></span> <span class='ocrx_word' id='word_1_382' title='bbox 1768 2643 1979 2698; x_wconf 75' lang='lat' dir='ltr'><strong>desunt.</strong></span> 
     </span>
    </p>
   </div>
   <div class='ocr_carea' id='block_1_53' title="bbox 152 2749 1678 2826">
    <p class='ocr_par' dir='ltr' id='par_1_53' title="bbox 152 2749 1674 2826">
     <span class='ocr_line' id='line_1_53' title="bbox 152 2749 1674 2826; baseline 0.001 -19"><span class='ocrx_word' id='word_1_383' title='bbox 152 2750 173 2782; x_wconf 81' lang='grc'><strong>⁷</strong></span> <span class='ocrx_word' id='word_1_384' title='bbox 210 2750 426 2806; x_wconf 82' lang='lat' dir='ltr'><strong>Jcrem.</strong></span> <span class='ocrx_word' id='word_1_385' title='bbox 474 2766 549 2815; x_wconf 83' lang='lat' dir='ltr'>Ix,</span> <span class='ocrx_word' id='word_1_386' title='bbox 582 2750 672 2805; x_wconf 78' lang='grc'>26.</span> <span class='ocrx_word' id='word_1_387' title='bbox 751 2749 773 2783; x_wconf 79' lang='grc'><strong><em>⁸</em></strong></span> <span class='ocrx_word' id='word_1_388' title='bbox 801 2750 940 2807; x_wconf 89' lang='lat' dir='ltr'><strong>Gen.</strong></span> <span class='ocrx_word' id='word_1_389' title='bbox 967 2768 1060 2818; x_wconf 75' lang='lat' dir='ltr'><strong>xv,</strong></span> <span class='ocrx_word' id='word_1_390' title='bbox 1090 2753 1153 2820; x_wconf 90' lang='lat'><strong>6;</strong></span> <span class='ocrx_word' id='word_1_391' title='bbox 1185 2752 1362 2811; x_wconf 78' lang='lat' dir='ltr'><strong>Galat.</strong></span> <span class='ocrx_word' id='word_1_392' title='bbox 1405 2770 1486 2826; x_wconf 85' lang='grc' dir='ltr'>ιιι,</span> <span class='ocrx_word' id='word_1_393' title='bbox 1520 2761 1580 2819; x_wconf 84' lang='grc'>6,</span> <span class='ocrx_word' id='word_1_394' title='bbox 1655 2755 1674 2787; x_wconf 83' lang='grc'><strong><em>⁸</em></strong></span> 
     </span>
    </p>
   </div>
   <div class='ocr_carea' id='block_1_54' title="bbox 1782 2749 2055 2826">
    <p class='ocr_par' dir='ltr' id='par_1_54' title="bbox 1782 2755 2055 2823">
     <span class='ocr_line' id='line_1_54' title="bbox 1782 2755 2055 2823; baseline -0.007 -13"><span class='ocrx_word' id='word_1_395' title='bbox 1782 2770 1889 2819; x_wconf 74' lang='lat' dir='ltr'><strong>sue,</strong></span> <span class='ocrx_word' id='word_1_396' title='bbox 1917 2772 1972 2823; x_wconf 74' lang='grc' dir='ltr'>ν,</span> <span class='ocrx_word' id='word_1_397' title='bbox 1999 2755 2055 2810; x_wconf 74' lang='lat'>2.</span> 
     </span>
    </p>
   </div>
   <div class='ocr_carea' id='block_1_55' title="bbox 973 2912 1316 2927">
    <p class='ocr_par' dir='ltr' id='par_1_55' title="bbox 973 2912 1316 2927">
     <span class='ocr_line' id='line_1_55' title="bbox 973 2912 1316 2927; baseline 0 0"><span class='ocrx_word' id='word_1_398' title='bbox 973 2912 1316 2927; x_wconf 63' lang='lat' dir='ltr'>m</span> 
     </span>
    </p>
   </div>
   <div class='ocr_carea' id='block_1_56' title="bbox 1319 2916 1619 2928">
    <p class='ocr_par' dir='ltr' id='par_1_56' title="bbox 1319 2916 1619 2928">
     <span class='ocr_line' id='line_1_56' title="bbox 1319 2916 1619 2928; baseline 0.003 -2"><span class='ocrx_word' id='word_1_399' title='bbox 1319 2916 1619 2928; x_wconf 65' lang='grc' dir='ltr'>..ι-ι...-</span> 
     </span>
    </p>
   </div>
   <div class='ocr_carea' id='block_1_57' title="bbox 1225 3034 2255 3169">
    <p class='ocr_par' dir='ltr' id='par_1_57' title="bbox 1225 3034 2255 3169">
     <span class='ocr_line' id='line_1_57' title="bbox 1225 3034 2255 3169; baseline -0.002 -6"><span class='ocrx_word' id='word_1_400' title='bbox 1225 3034 2255 3169; x_wconf 77' lang='lat' dir='ltr'>FRAGMENTA.</span> 
     </span>
    </p>
   </div>
   <div class='ocr_carea' id='block_1_58' title="bbox 1330 3472 2148 3539">
    <p class='ocr_par' dir='ltr' id='par_1_58' title="bbox 1330 3472 2148 3539">
     <span class='ocr_line' id='line_1_58' title="bbox 1330 3472 2148 3539; baseline -0.007 0"><span class='ocrx_word' id='word_1_401' title='bbox 1330 3478 1436 3539; x_wconf 89' lang='lat' dir='ltr'><strong>DE</strong></span> <span class='ocrx_word' id='word_1_402' title='bbox 1479 3472 2148 3538; x_wconf 80' lang='lat' dir='ltr'>OPERATIONIBUS.</span> 
     </span>
    </p>
   </div>
   <div class='ocr_carea' id='block_1_59' title="bbox 1706 3621 1777 3634">
    <p class='ocr_par' dir='ltr' id='par_1_59' title="bbox 1706 3621 1777 3634">
     <span class='ocr_line' id='line_1_59' title="bbox 1706 3621 1777 3634; baseline -0.028 0"><span class='ocrx_word' id='word_1_403' title='bbox 1706 3621 1777 3634; x_wconf 77' lang='lat'><strong>—</strong></span> 
     </span>
    </p>
   </div>
   <div class='ocr_carea' id='block_1_60' title="bbox 835 3710 2633 3782">
    <p class='ocr_par' dir='ltr' id='par_1_60' title="bbox 835 3710 2633 3782">
     <span class='ocr_line' id='line_1_60' title="bbox 835 3710 2633 3782; baseline 0.001 -18"><span class='ocrx_word' id='word_1_404' title='bbox 835 3711 1225 3765; x_wconf 80' lang='grc' dir='ltr'>Ἀναστασίου</span> <span class='ocrx_word' id='word_1_405' title='bbox 1269 3710 1651 3776; x_wconf 78' lang='grc' dir='ltr'>Ἀντιοχείας,</span> <span class='ocrx_word' id='word_1_406' title='bbox 1681 3711 1749 3763; x_wconf 85' lang='grc' dir='ltr'>ἐκ</span> <span class='ocrx_word' id='word_1_407' title='bbox 1774 3711 1879 3764; x_wconf 83' lang='grc' dir='ltr'>τοῦ</span> <span class='ocrx_word' id='word_1_408' title='bbox 1915 3712 2054 3778; x_wconf 75' lang='grc' dir='ltr'>Περὶ</span> <span class='ocrx_word' id='word_1_409' title='bbox 2082 3710 2395 3782; x_wconf 70' lang='grc' dir='ltr'>ἐνεργειῶν</span> <span class='ocrx_word' id='word_1_410' title='bbox 2429 3712 2633 3781; x_wconf 72' lang='grc' dir='ltr'>λόγου.</span> 
     </span>
    </p>
   </div>
   <div class='ocr_carea' id='block_1_61' title="bbox 1232 3820 2224 3897">
    <p class='ocr_par' dir='ltr' id='par_1_61' title="bbox 1232 3820 2224 3897">
     <span class='ocr_line' id='line_1_61' title="bbox 1232 3820 2224 3897; baseline -0.002 -16"><span class='ocrx_word' id='word_1_411' title='bbox 1232 3824 1386 3893; x_wconf 69' lang='lat' dir='ltr'>(Am.</span> <span class='ocrx_word' id='word_1_412' title='bbox 1429 3824 1553 3878; x_wconf 74' lang='lat' dir='ltr'><strong>nu.</strong></span> <span class='ocrx_word' id='word_1_413' title='bbox 1594 3820 1788 3894; x_wconf 79' lang='lat' dir='ltr'><strong>Script.</strong></span> <span class='ocrx_word' id='word_1_414' title='bbox 1825 3822 1935 3878; x_wconf 70' lang='grc' dir='ltr'>νει.</span> <span class='ocrx_word' id='word_1_415' title='bbox 1971 3825 2079 3890; x_wconf 84' lang='lat' dir='ltr'><strong>vn,</strong></span> <span class='ocrx_word' id='word_1_416' title='bbox 2109 3825 2224 3897; x_wconf 72' lang='lat'>20.)</span> 
     </span>
    </p>
   </div>
   <div class='ocr_carea' id='block_1_62' title="bbox 164 3934 1677 4009">
    <p class='ocr_par' dir='ltr' id='par_1_62' title="bbox 164 3934 1677 4009">
     <span class='ocr_line' id='line_1_62' title="bbox 164 3934 1677 4009; baseline -0.006 -13"><span class='ocrx_word' id='word_1_417' title='bbox 164 3942 296 3996; x_wconf 80' lang='grc' dir='ltr'>Τῶν</span> <span class='ocrx_word' id='word_1_418' title='bbox 331 3939 424 3994; x_wconf 84' lang='grc' dir='ltr'>δύο</span> <span class='ocrx_word' id='word_1_419' title='bbox 454 3937 672 4009; x_wconf 82' lang='grc' dir='ltr'>φύσεων</span> <span class='ocrx_word' id='word_1_420' title='bbox 702 3939 735 4008; x_wconf 84' lang='grc' dir='ltr'><strong>ή</strong></span> <span class='ocrx_word' id='word_1_421' title='bbox 769 3934 1039 4007; x_wconf 85' lang='grc' dir='ltr'>συνδρομὴ</span> <span class='ocrx_word' id='word_1_422' title='bbox 1076 3935 1208 4006; x_wconf 88' lang='grc' dir='ltr'>μίαν</span> <span class='ocrx_word' id='word_1_423' title='bbox 1238 3937 1534 3990; x_wconf 77' lang='grc' dir='ltr'>ὑπόστασιν</span> <span class='ocrx_word' id='word_1_424' title='bbox 1568 3938 1677 3989; x_wconf 86' lang='grc' dir='ltr'>ἀπ-</span> 
     </span>
    </p>
   </div>
   <div class='ocr_carea' id='block_1_63' title="bbox 96 4030 1680 4108">
    <p class='ocr_par' dir='ltr' id='par_1_63' title="bbox 96 4030 1680 4108">
     <span class='ocr_line' id='line_1_63' title="bbox 96 4030 1680 4108; baseline -0.007 -14"><span class='ocrx_word' id='word_1_425' title='bbox 96 4039 369 4095; x_wconf 74' lang='grc' dir='ltr'>ετέλεσενο</span> <span class='ocrx_word' id='word_1_426' title='bbox 384 4032 453 4108; x_wconf 81' lang='grc' dir='ltr'>ἦν</span> <span class='ocrx_word' id='word_1_427' title='bbox 476 4035 573 4105; x_wconf 79' lang='grc' dir='ltr'>μὲν</span> <span class='ocrx_word' id='word_1_428' title='bbox 588 4032 694 4105; x_wconf 84' lang='grc' dir='ltr'>γάρ</span> <span class='ocrx_word' id='word_1_429' title='bbox 712 4035 747 4104; x_wconf 83' lang='grc' dir='ltr'><strong>ἡ</strong></span> <span class='ocrx_word' id='word_1_430' title='bbox 761 4030 1077 4102; x_wconf 78' lang='grc' dir='ltr'>ἀνθρωπεία</span> <span class='ocrx_word' id='word_1_431' title='bbox 1095 4030 1274 4098; x_wconf 84' lang='grc' dir='ltr'>φύσις,</span> <span class='ocrx_word' id='word_1_432' title='bbox 1294 4031 1486 4103; x_wconf 76' lang='grc' dir='ltr'>ἥτοιτὺ</span> <span class='ocrx_word' id='word_1_433' title='bbox 1503 4031 1680 4085; x_wconf 71' lang='grc' dir='ltr'>κοινὸν</span> 
     </span>
    </p>
   </div>
   <div class='ocr_carea' id='block_1_64' title="bbox 97 4118 1682 4194">
    <p class='ocr_par' dir='ltr' id='par_1_64' title="bbox 97 4118 1682 4194">
     <span class='ocr_line' id='line_1_64' title="bbox 97 4118 1682 4194; baseline -0.008 -11"><span class='ocrx_word' id='word_1_434' title='bbox 97 4125 243 4191; x_wconf 77' lang='grc' dir='ltr'>εἶδος</span> <span class='ocrx_word' id='word_1_435' title='bbox 270 4127 329 4193; x_wconf 77' lang='grc' dir='ltr'>ἐξ</span> <span class='ocrx_word' id='word_1_436' title='bbox 352 4118 412 4180; x_wconf 73' lang='grc' dir='ltr'>οὗ</span> <span class='ocrx_word' id='word_1_437' title='bbox 439 4125 500 4193; x_wconf 73' lang='grc' dir='ltr'>τὸ</span> <span class='ocrx_word' id='word_1_438' title='bbox 527 4123 794 4194; x_wconf 80' lang='grc' dir='ltr'>ἡμέτερον</span> <span class='ocrx_word' id='word_1_439' title='bbox 820 4118 1172 4193; x_wconf 79' lang='grc' dir='ltr'>προσελήφθη</span> <span class='ocrx_word' id='word_1_440' title='bbox 1197 4119 1444 4190; x_wconf 81' lang='grc' dir='ltr'>φ’ύραμα·</span> <span class='ocrx_word' id='word_1_441' title='bbox 1473 4119 1535 4172; x_wconf 87' lang='grc' dir='ltr'>τὺ</span> <span class='ocrx_word' id='word_1_442' title='bbox 1553 4120 1682 4190; x_wconf 82' lang='grc' dir='ltr'>πρό-</span> 
     </span>
    </p>
   </div>
   <div class='ocr_carea' id='block_1_65' title="bbox 99 4208 1680 4291">
    <p class='ocr_par' dir='ltr' id='par_1_65' title="bbox 99 4208 1680 4291">
     <span class='ocr_line' id='line_1_65' title="bbox 99 4208 1680 4291; baseline -0.008 -18"><span class='ocrx_word' id='word_1_443' title='bbox 99 4238 261 4291; x_wconf 86' lang='grc' dir='ltr'>τερον</span> <span class='ocrx_word' id='word_1_444' title='bbox 289 4219 388 4271; x_wconf 84' lang='grc' dir='ltr'>οὐκ</span> <span class='ocrx_word' id='word_1_445' title='bbox 414 4216 474 4269; x_wconf 79' lang='grc' dir='ltr'>ὃν</span> <span class='ocrx_word' id='word_1_446' title='bbox 505 4216 562 4267; x_wconf 77' lang='grc' dir='ltr'>ὲν</span> <span class='ocrx_word' id='word_1_447' title='bbox 591 4213 731 4284; x_wconf 85' lang='grc' dir='ltr'>ἰδικῇ</span> <span class='ocrx_word' id='word_1_448' title='bbox 753 4210 1083 4273; x_wconf 86' lang='grc' dir='ltr'>ὑποστάσει,</span> <span class='ocrx_word' id='word_1_449' title='bbox 1131 4208 1478 4280; x_wconf 80' lang='grc' dir='ltr'>προσληφθὲν</span> <span class='ocrx_word' id='word_1_450' title='bbox 1501 4208 1557 4262; x_wconf 81' lang='grc' dir='ltr'>δὲ</span> <span class='ocrx_word' id='word_1_451' title='bbox 1582 4208 1680 4280; x_wconf 81' lang='grc' dir='ltr'>τὴν</span> 
     </span>
    </p>
   </div>
   <div class='ocr_carea' id='block_1_66' title="bbox 100 4298 1681 4381">
    <p class='ocr_par' dir='ltr' id='par_1_66' title="bbox 100 4298 1681 4381">
     <span class='ocr_line' id='line_1_66' title="bbox 100 4298 1681 4381; baseline -0.008 -16"><span class='ocrx_word' id='word_1_452' title='bbox 100 4312 273 4381; x_wconf 82' lang='grc' dir='ltr'>αὑτὴν</span> <span class='ocrx_word' id='word_1_453' title='bbox 297 4309 593 4362; x_wconf 81' lang='grc' dir='ltr'>ὑπόστασιν</span> <span class='ocrx_word' id='word_1_454' title='bbox 615 4303 993 4381; x_wconf 69' lang='grc' dir='ltr'>ὑπογράφεται</span> <span class='ocrx_word' id='word_1_455' title='bbox 1013 4301 1107 4355; x_wconf 78' lang='grc' dir='ltr'>τοῦ</span> <span class='ocrx_word' id='word_1_456' title='bbox 1129 4298 1544 4372; x_wconf 59' lang='grc' dir='ltr'>προσλαϐόντος</span> <span class='ocrx_word' id='word_1_457' title='bbox 1574 4300 1681 4354; x_wconf 78' lang='grc' dir='ltr'>ὥσ⁴</span> 
     </span>
    </p>
   </div>
   <div class='ocr_carea' id='block_1_67' title="bbox 100 4390 1680 4475">
    <p class='ocr_par' dir='ltr' id='par_1_67' title="bbox 100 4390 1680 4475">
     <span class='ocr_line' id='line_1_67' title="bbox 100 4390 1680 4475; baseline -0.009 -19"><span class='ocrx_word' id='word_1_458' title='bbox 100 4420 209 4471; x_wconf 82' lang='grc' dir='ltr'>περ</span> <span class='ocrx_word' id='word_1_459' title='bbox 232 4402 340 4471; x_wconf 79' lang='grc' dir='ltr'>γάρ</span> <span class='ocrx_word' id='word_1_460' title='bbox 360 4399 437 4469; x_wconf 82' lang='grc' dir='ltr'>τῷ</span> <span class='ocrx_word' id='word_1_461' title='bbox 454 4396 630 4469; x_wconf 77' lang='grc' dir='ltr'>Πατρὶ</span> <span class='ocrx_word' id='word_1_462' title='bbox 656 4393 898 4475; x_wconf 72' lang='grc' dir='ltr'>φυσικῷς</span> <span class='ocrx_word' id='word_1_463' title='bbox 920 4394 947 4446; x_wconf 90' lang='lat'>6</span> <span class='ocrx_word' id='word_1_464' title='bbox 971 4393 1142 4461; x_wconf 81' lang='grc' dir='ltr'>Λόγος</span> <span class='ocrx_word' id='word_1_465' title='bbox 1169 4392 1394 4462; x_wconf 87' lang='grc' dir='ltr'>ἥνωται,</span> <span class='ocrx_word' id='word_1_466' title='bbox 1417 4390 1559 4444; x_wconf 73' lang='grc' dir='ltr'>οὕτω</span> <span class='ocrx_word' id='word_1_467' title='bbox 1586 4390 1680 4445; x_wconf 78' lang='grc' dir='ltr'>καὶ</span> 
     </span>
    </p>
   </div>
   <div class='ocr_carea' id='block_1_68' title="bbox 101 4484 1677 4566">
    <p class='ocr_par' dir='ltr' id='par_1_68' title="bbox 101 4484 1677 4566">
     <span class='ocr_line' id='line_1_68' title="bbox 101 4484 1677 4566; baseline -0.008 -17"><span class='ocrx_word' id='word_1_468' title='bbox 101 4498 235 4566; x_wconf 81' lang='grc' dir='ltr'>ἡμῖν</span> <span class='ocrx_word' id='word_1_469' title='bbox 254 4512 267 4524; x_wconf 87' lang='grc'>·</span> <span class='ocrx_word' id='word_1_470' title='bbox 318 4494 411 4547; x_wconf 78' lang='grc' dir='ltr'>καὶ</span> <span class='ocrx_word' id='word_1_471' title='bbox 441 4486 486 4560; x_wconf 81' lang='grc' dir='ltr'><strong>ᾧ</strong></span> <span class='ocrx_word' id='word_1_472' title='bbox 515 4490 673 4559; x_wconf 85' lang='grc' dir='ltr'>Λόγῳ</span> <span class='ocrx_word' id='word_1_473' title='bbox 701 4485 797 4543; x_wconf 84' lang='grc' dir='ltr'>τοῦ</span> <span class='ocrx_word' id='word_1_474' title='bbox 826 4485 1044 4557; x_wconf 79' lang='grc' dir='ltr'>Πατρδς</span> <span class='ocrx_word' id='word_1_475' title='bbox 1071 4485 1355 4557; x_wconf 77' lang='grc' dir='ltr'>διῄρηταιο</span> <span class='ocrx_word' id='word_1_476' title='bbox 1390 4485 1514 4538; x_wconf 79' lang='grc' dir='ltr'>καθ’</span> <span class='ocrx_word' id='word_1_477' title='bbox 1543 4484 1677 4537; x_wconf 89' lang='grc' dir='ltr'>ὑπό-</span> 
     </span>
    </p>
   </div>
   <div class='ocr_carea' id='block_1_69' title="bbox 104 4581 1678 4659">
    <p class='ocr_par' dir='ltr' id='par_1_69' title="bbox 104 4581 1678 4659">
     <span class='ocr_line' id='line_1_69' title="bbox 104 4581 1678 4659; baseline -0.006 -16"><span class='ocrx_word' id='word_1_478' title='bbox 104 4606 294 4645; x_wconf 82' lang='grc' dir='ltr'>στασιν</span> <span class='ocrx_word' id='word_1_479' title='bbox 323 4587 453 4659; x_wconf 83' lang='grc' dir='ltr'>γὰρ,</span> <span class='ocrx_word' id='word_1_480' title='bbox 486 4587 546 4640; x_wconf 85' lang='grc' dir='ltr'>οὑ</span> <span class='ocrx_word' id='word_1_481' title='bbox 578 4583 760 4655; x_wconf 77' lang='grc' dir='ltr'>ταυτῷ</span> <span class='ocrx_word' id='word_1_482' title='bbox 794 4584 890 4637; x_wconf 71' lang='grc' dir='ltr'>καὶ</span> <span class='ocrx_word' id='word_1_483' title='bbox 919 4582 1075 4654; x_wconf 81' lang='grc' dir='ltr'>ἡμῶν</span> <span class='ocrx_word' id='word_1_484' title='bbox 1096 4598 1110 4613; x_wconf 88' lang='grc'><strong>·</strong></span> <span class='ocrx_word' id='word_1_485' title='bbox 1151 4582 1213 4636; x_wconf 85' lang='grc' dir='ltr'>οὑ</span> <span class='ocrx_word' id='word_1_486' title='bbox 1239 4581 1347 4653; x_wconf 85' lang='grc' dir='ltr'>γάρ</span> <span class='ocrx_word' id='word_1_487' title='bbox 1373 4582 1523 4635; x_wconf 76' lang='grc' dir='ltr'>ἐστιν</span> <span class='ocrx_word' id='word_1_488' title='bbox 1549 4582 1678 4652; x_wconf 74' lang='grc' dir='ltr'>ἡμῖν</span> 
     </span>
    </p>
   </div>
   <div class='ocr_carea' id='block_1_70' title="bbox 101 4673 1679 4751">
    <p class='ocr_par' dir='ltr' id='par_1_70' title="bbox 101 4673 1679 4751">
     <span class='ocr_line' id='line_1_70' title="bbox 101 4673 1679 4751; baseline -0.005 -16"><span class='ocrx_word' id='word_1_489' title='bbox 101 4683 292 4751; x_wconf 80' lang='grc' dir='ltr'>ὥσπερ</span> <span class='ocrx_word' id='word_1_490' title='bbox 319 4678 599 4749; x_wconf 84' lang='grc' dir='ltr'>ὁμοφυὴς,</span> <span class='ocrx_word' id='word_1_491' title='bbox 651 4676 793 4730; x_wconf 85' lang='grc' dir='ltr'>οὑτω</span> <span class='ocrx_word' id='word_1_492' title='bbox 826 4674 920 4729; x_wconf 75' lang='grc' dir='ltr'>καὶ</span> <span class='ocrx_word' id='word_1_493' title='bbox 962 4673 1390 4745; x_wconf 84' lang='grc' dir='ltr'>ὁμοὺπόστατος,</span> <span class='ocrx_word' id='word_1_494' title='bbox 1426 4673 1506 4727; x_wconf 80' lang='grc' dir='ltr'>δτι</span> <span class='ocrx_word' id='word_1_495' title='bbox 1547 4674 1679 4743; x_wconf 75' lang='grc' dir='ltr'>μηδὲ</span> 
     </span>
    </p>
   </div>
   <div class='ocr_carea' id='block_1_71' title="bbox 99 4762 1676 4841">
    <p class='ocr_par' dir='ltr' id='par_1_71' title="bbox 99 4762 1676 4841">
     <span class='ocr_line' id='line_1_71' title="bbox 99 4762 1676 4841; baseline -0.006 -18"><span class='ocrx_word' id='word_1_496' title='bbox 99 4772 180 4841; x_wconf 77' lang='grc' dir='ltr'>τῷ</span> <span class='ocrx_word' id='word_1_497' title='bbox 228 4770 342 4840; x_wconf 82' lang='grc' dir='ltr'>ἰδίῳ</span> <span class='ocrx_word' id='word_1_498' title='bbox 382 4767 594 4837; x_wconf 84' lang='grc' dir='ltr'>Πατρί·</span> <span class='ocrx_word' id='word_1_499' title='bbox 649 4767 708 4819; x_wconf 89' lang='grc' dir='ltr'>οὑ</span> <span class='ocrx_word' id='word_1_500' title='bbox 752 4765 861 4836; x_wconf 78' lang='grc' dir='ltr'>γὰρ</span> <span class='ocrx_word' id='word_1_501' title='bbox 904 4762 1099 4817; x_wconf 80' lang='grc' dir='ltr'>ταυτὸν</span> <span class='ocrx_word' id='word_1_502' title='bbox 1131 4762 1290 4832; x_wconf 86' lang='grc' dir='ltr'>φύσις</span> <span class='ocrx_word' id='word_1_503' title='bbox 1319 4780 1378 4816; x_wconf 85' lang='grc' dir='ltr'>τε</span> <span class='ocrx_word' id='word_1_504' title='bbox 1414 4762 1510 4816; x_wconf 75' lang='grc' dir='ltr'>καὶ</span> <span class='ocrx_word' id='word_1_505' title='bbox 1542 4762 1676 4815; x_wconf 63' lang='grc' dir='ltr'>ὑπό-ί</span> 
     </span>
    </p>
   </div>
   <div class='ocr_carea' id='block_1_72' title="bbox 105 4852 1678 4929">
    <p class='ocr_par' dir='ltr' id='par_1_72' title="bbox 105 4852 1678 4929">
     <span class='ocr_line' id='line_1_72' title="bbox 105 4852 1678 4929; baseline -0.004 -17"><span class='ocrx_word' id='word_1_506' title='bbox 105 4876 316 4922; x_wconf 76' lang='grc' dir='ltr'>στασις·</span> <span class='ocrx_word' id='word_1_507' title='bbox 351 4857 530 4927; x_wconf 80' lang='grc' dir='ltr'>ἑαυτῷ</span> <span class='ocrx_word' id='word_1_508' title='bbox 556 4857 612 4909; x_wconf 83' lang='grc' dir='ltr'>δὲ</span> <span class='ocrx_word' id='word_1_509' title='bbox 642 4856 764 4911; x_wconf 85' lang='grc' dir='ltr'>καθ’</span> <span class='ocrx_word' id='word_1_510' title='bbox 793 4856 1089 4908; x_wconf 82' lang='grc' dir='ltr'>ὑπόστασιν</span> <span class='ocrx_word' id='word_1_511' title='bbox 1117 4854 1343 4925; x_wconf 82' lang='grc' dir='ltr'>ἥνωται,</span> <span class='ocrx_word' id='word_1_512' title='bbox 1363 4855 1538 4929; x_wconf 71' lang='grc' dir='ltr'>ἐκεῖνο</span> <span class='ocrx_word' id='word_1_513' title='bbox 1563 4872 1624 4923; x_wconf 87' lang='grc' dir='ltr'>με</span> <span class='ocrx_word' id='word_1_514' title='bbox 1636 4852 1678 4905; x_wconf 89' lang='grc' dir='ltr'>ί-</span> 
     </span>
    </p>
   </div>
   <div class='ocr_carea' id='block_1_73' title="bbox 104 4942 1676 5019">
    <p class='ocr_par' dir='ltr' id='par_1_73' title="bbox 104 4942 1676 5019">
     <span class='ocr_line' id='line_1_73' title="bbox 104 4942 1676 5019; baseline -0.004 -18"><span class='ocrx_word' id='word_1_515' title='bbox 104 4967 201 5013; x_wconf 82' lang='grc' dir='ltr'>νας</span> <span class='ocrx_word' id='word_1_516' title='bbox 232 4950 369 5019; x_wconf 85' lang='grc' dir='ltr'>ὅπερ</span> <span class='ocrx_word' id='word_1_517' title='bbox 396 4946 503 5018; x_wconf 80' lang='grc' dir='ltr'>πρὸ</span> <span class='ocrx_word' id='word_1_518' title='bbox 528 4944 636 4999; x_wconf 88' lang='grc' dir='ltr'>τῶν</span> <span class='ocrx_word' id='word_1_519' title='bbox 663 4943 875 4999; x_wconf 87' lang='grc' dir='ltr'>αίὼνων</span> <span class='ocrx_word' id='word_1_520' title='bbox 904 4945 1150 5015; x_wconf 79' lang='grc' dir='ltr'>ὑπῆρχεν</span> <span class='ocrx_word' id='word_1_521' title='bbox 1181 4943 1327 5005; x_wconf 76' lang='grc' dir='ltr'>Υἱόςο</span> <span class='ocrx_word' id='word_1_522' title='bbox 1364 4943 1431 5015; x_wconf 80' lang='grc' dir='ltr'>ἢν</span> <span class='ocrx_word' id='word_1_523' title='bbox 1455 4944 1511 4996; x_wconf 83' lang='grc' dir='ltr'>δὲ</span> <span class='ocrx_word' id='word_1_524' title='bbox 1542 4942 1676 5014; x_wconf 77' lang='grc' dir='ltr'>πρὸς</span> 
     </span>
    </p>
   </div>
   <div class='ocr_carea' id='block_1_74' title="bbox 106 5034 1677 5108">
    <p class='ocr_par' dir='ltr' id='par_1_74' title="bbox 106 5034 1677 5108">
     <span class='ocr_line' id='line_1_74' title="bbox 106 5034 1677 5108; baseline -0.004 -16"><span class='ocrx_word' id='word_1_525' title='bbox 106 5039 299 5092; x_wconf 68' lang='grc' dir='ltr'>ἑαυτὸν</span> <span class='ocrx_word' id='word_1_526' title='bbox 337 5038 480 5108; x_wconf 79' lang='grc' dir='ltr'>ἔχειν</span> <span class='ocrx_word' id='word_1_527' title='bbox 512 5037 708 5089; x_wconf 80' lang='grc' dir='ltr'>ἒνωσιν</span> <span class='ocrx_word' id='word_1_528' title='bbox 739 5035 832 5089; x_wconf 80' lang='grc' dir='ltr'>τοῦ</span> <span class='ocrx_word' id='word_1_529' title='bbox 863 5054 922 5089; x_wconf 88' lang='grc' dir='ltr'>τε</span> <span class='ocrx_word' id='word_1_530' title='bbox 950 5036 1094 5108; x_wconf 82' lang='grc' dir='ltr'>πρὸς</span> <span class='ocrx_word' id='word_1_531' title='bbox 1126 5036 1218 5089; x_wconf 77' lang='grc' dir='ltr'>τὸν</span> <span class='ocrx_word' id='word_1_532' title='bbox 1248 5034 1468 5106; x_wconf 76' lang='grc' dir='ltr'>Πατέρα</span> <span class='ocrx_word' id='word_1_533' title='bbox 1498 5035 1593 5087; x_wconf 76' lang='grc' dir='ltr'>τοῦ</span> <span class='ocrx_word' id='word_1_534' title='bbox 1618 5051 1677 5086; x_wconf 86' lang='grc' dir='ltr'>τε</span> 
     </span>
    </p>
   </div>
   <div class='ocr_carea' id='block_1_75' title="bbox 106 5125 1678 5200">
    <p class='ocr_par' dir='ltr' id='par_1_75' title="bbox 106 5125 1678 5200">
     <span class='ocr_line' id='line_1_75' title="bbox 106 5125 1678 5200; baseline -0.003 -18"><span class='ocrx_word' id='word_1_535' title='bbox 106 5131 245 5199; x_wconf 72' lang='grc' dir='ltr'>πρὸς</span> <span class='ocrx_word' id='word_1_536' title='bbox 276 5131 420 5200; x_wconf 81' lang='grc' dir='ltr'>ἡμᾶς</span> <span class='ocrx_word' id='word_1_537' title='bbox 451 5127 595 5198; x_wconf 74' lang='grc' dir='ltr'>ἔχειν</span> <span class='ocrx_word' id='word_1_538' title='bbox 624 5125 877 5181; x_wconf 76' lang='grc' dir='ltr'>δύναταιο</span> <span class='ocrx_word' id='word_1_539' title='bbox 913 5127 1032 5181; x_wconf 81' lang='grc' dir='ltr'>καθ’</span> <span class='ocrx_word' id='word_1_540' title='bbox 1064 5127 1366 5181; x_wconf 82' lang='grc' dir='ltr'>ὑπόστασιν</span> <span class='ocrx_word' id='word_1_541' title='bbox 1394 5126 1503 5199; x_wconf 87' lang='grc' dir='ltr'>γάρ</span> <span class='ocrx_word' id='word_1_542' title='bbox 1531 5128 1678 5179; x_wconf 75' lang='grc' dir='ltr'>ἐστιν</span> 
     </span>
    </p>
   </div>
   <div class='ocr_carea' id='block_1_76' title="bbox 105 5216 1677 5293">
    <p class='ocr_par' dir='ltr' id='par_1_76' title="bbox 105 5216 1677 5293">
     <span class='ocr_line' id='line_1_76' title="bbox 105 5216 1677 5293; baseline -0.002 -20"><span class='ocrx_word' id='word_1_543' title='bbox 105 5225 138 5293; x_wconf 80' lang='grc' dir='ltr'>ἠ</span> <span class='ocrx_word' id='word_1_544' title='bbox 175 5220 281 5273; x_wconf 82' lang='grc' dir='ltr'>τῶν</span> <span class='ocrx_word' id='word_1_545' title='bbox 309 5219 521 5289; x_wconf 83' lang='grc' dir='ltr'>φύσεων</span> <span class='ocrx_word' id='word_1_546' title='bbox 553 5218 746 5282; x_wconf 76' lang='grc' dir='ltr'>ἓνωσις</span> <span class='ocrx_word' id='word_1_547' title='bbox 764 5259 780 5284; x_wconf 94' lang='grc'>,</span> <span class='ocrx_word' id='word_1_548' title='bbox 826 5217 921 5271; x_wconf 68' lang='grc' dir='ltr'>καὶ</span> <span class='ocrx_word' id='word_1_549' title='bbox 948 5220 984 5289; x_wconf 85' lang='grc' dir='ltr'><strong>ἡ</strong></span> <span class='ocrx_word' id='word_1_550' title='bbox 1013 5217 1152 5290; x_wconf 85' lang='grc' dir='ltr'>αὑτὴ</span> <span class='ocrx_word' id='word_1_551' title='bbox 1179 5217 1346 5273; x_wconf 79' lang='grc' dir='ltr'>αὑτοδ</span> <span class='ocrx_word' id='word_1_552' title='bbox 1371 5220 1517 5270; x_wconf 77' lang='grc' dir='ltr'>ἐστιν</span> <span class='ocrx_word' id='word_1_553' title='bbox 1543 5216 1677 5270; x_wconf 84' lang='grc' dir='ltr'>ὑπό-</span> 
     </span>
    </p>
   </div>
   <div class='ocr_carea' id='block_1_77' title="bbox 108 5308 1677 5380">
    <p class='ocr_par' dir='ltr' id='par_1_77' title="bbox 108 5308 1677 5380">
     <span class='ocr_line' id='line_1_77' title="bbox 108 5308 1677 5380; baseline -0.004 -14"><span class='ocrx_word' id='word_1_554' title='bbox 108 5328 327 5375; x_wconf 81' lang='grc' dir='ltr'>στασις·</span> <span class='ocrx_word' id='word_1_555' title='bbox 366 5310 493 5373; x_wconf 83' lang='grc' dir='ltr'>Υἱὸς</span> <span class='ocrx_word' id='word_1_556' title='bbox 524 5308 633 5380; x_wconf 77' lang='grc' dir='ltr'>γὰρ</span> <span class='ocrx_word' id='word_1_557' title='bbox 662 5308 758 5375; x_wconf 84' lang='grc' dir='ltr'>ὣν,</span> <span class='ocrx_word' id='word_1_558' title='bbox 807 5308 970 5363; x_wconf 80' lang='grc' dir='ltr'>πάλιν</span> <span class='ocrx_word' id='word_1_559' title='bbox 1006 5309 1134 5373; x_wconf 79' lang='grc' dir='ltr'>Υξός</span> <span class='ocrx_word' id='word_1_560' title='bbox 1162 5310 1279 5363; x_wconf 82' lang='grc' dir='ltr'>ἐστι</span> <span class='ocrx_word' id='word_1_561' title='bbox 1322 5309 1416 5360; x_wconf 78' lang='grc' dir='ltr'>καὶ</span> <span class='ocrx_word' id='word_1_562' title='bbox 1452 5308 1552 5377; x_wconf 75' lang='grc' dir='ltr'>τὴν</span> <span class='ocrx_word' id='word_1_563' title='bbox 1583 5308 1677 5360; x_wconf 85' lang='grc' dir='ltr'>ἁν-</span> 
     </span>
    </p>
   </div>
   <div class='ocr_carea' id='block_1_78' title="bbox 107 5399 1682 5476">
    <p class='ocr_par' dir='ltr' id='par_1_78' title="bbox 107 5399 1682 5476">
     <span class='ocr_line' id='line_1_78' title="bbox 107 5399 1682 5476; baseline -0.003 -18"><span class='ocrx_word' id='word_1_564' title='bbox 107 5404 384 5476; x_wconf 65' lang='grc' dir='ltr'>θρωπείαν</span> <span class='ocrx_word' id='word_1_565' title='bbox 429 5400 635 5465; x_wconf 84' lang='grc' dir='ltr'>ένώσας</span> <span class='ocrx_word' id='word_1_566' title='bbox 669 5401 845 5472; x_wconf 79' lang='grc' dir='ltr'>ἑαυτῷ</span> <span class='ocrx_word' id='word_1_567' title='bbox 878 5400 1072 5470; x_wconf 85' lang='grc' dir='ltr'>φύσιν·</span> <span class='ocrx_word' id='word_1_568' title='bbox 1137 5400 1197 5454; x_wconf 85' lang='grc' dir='ltr'>οὐ</span> <span class='ocrx_word' id='word_1_569' title='bbox 1235 5399 1344 5471; x_wconf 76' lang='grc' dir='ltr'>γὰρ</span> <span class='ocrx_word' id='word_1_570' title='bbox 1383 5400 1682 5455; x_wconf 82' lang='grc' dir='ltr'>ὑπόστασιν</span> 
     </span>
    </p>
   </div>
   <div class='ocr_carea' id='block_1_79' title="bbox 108 5491 1683 5566">
    <p class='ocr_par' dir='ltr' id='par_1_79' title="bbox 108 5491 1683 5566">
     <span class='ocr_line' id='line_1_79' title="bbox 108 5491 1683 5566; baseline -0.003 -17"><span class='ocrx_word' id='word_1_571' title='bbox 108 5498 295 5566; x_wconf 69' lang='grc' dir='ltr'>ἑτέραν</span> <span class='ocrx_word' id='word_1_572' title='bbox 344 5492 523 5563; x_wconf 77' lang='grc' dir='ltr'>ἑαυτῷ</span> <span class='ocrx_word' id='word_1_573' title='bbox 566 5491 744 5545; x_wconf 82' lang='grc' dir='ltr'>λαϐὼν</span> <span class='ocrx_word' id='word_1_574' title='bbox 784 5492 1025 5563; x_wconf 83' lang='grc' dir='ltr'>ἥνωσεν,</span> <span class='ocrx_word' id='word_1_575' title='bbox 1075 5491 1211 5546; x_wconf 75' lang='grc' dir='ltr'>ἀλλὰ</span> <span class='ocrx_word' id='word_1_576' title='bbox 1248 5492 1408 5562; x_wconf 81' lang='grc' dir='ltr'>φύσιν</span> <span class='ocrx_word' id='word_1_577' title='bbox 1440 5493 1683 5564; x_wconf 77' lang='grc' dir='ltr'>ἥρμοσεν</span> 
     </span>
    </p>
   </div>
   <div class='ocr_carea' id='block_1_80' title="bbox 110 5582 1683 5657">
    <p class='ocr_par' dir='ltr' id='par_1_80' title="bbox 110 5582 1683 5657">
     <span class='ocr_line' id='line_1_80' title="bbox 110 5582 1683 5657; baseline -0.004 -15"><span class='ocrx_word' id='word_1_578' title='bbox 110 5587 397 5657; x_wconf 78' lang='grc' dir='ltr'>ἀφθάρτως</span> <span class='ocrx_word' id='word_1_579' title='bbox 430 5587 495 5654; x_wconf 82' lang='grc' dir='ltr'>τῇ</span> <span class='ocrx_word' id='word_1_580' title='bbox 513 5584 719 5637; x_wconf 79' lang='grc' dir='ltr'>,ἐαυτοῦ</span> <span class='ocrx_word' id='word_1_581' title='bbox 753 5584 1079 5637; x_wconf 77' lang='grc' dir='ltr'>ὑποστάσει·</span> <span class='ocrx_word' id='word_1_582' title='bbox 1130 5585 1222 5636; x_wconf 73' lang='grc' dir='ltr'>καὶ</span> <span class='ocrx_word' id='word_1_583' title='bbox 1251 5584 1369 5636; x_wconf 78' lang='grc' dir='ltr'>ἔστι</span> <span class='ocrx_word' id='word_1_584' title='bbox 1399 5588 1491 5637; x_wconf 76' lang='grc' dir='ltr'>καὶ</span> <span class='ocrx_word' id='word_1_585' title='bbox 1523 5582 1683 5636; x_wconf 79' lang='grc' dir='ltr'>τοῦτο</span> 
     </span>
    </p>
   </div>
   <div class='ocr_carea' id='block_1_81' title="bbox 108 5675 1683 5750">
    <p class='ocr_par' dir='ltr' id='par_1_81' title="bbox 108 5675 1683 5750">
     <span class='ocr_line' id='line_1_81' title="bbox 108 5675 1683 5750; baseline -0.005 -14"><span class='ocrx_word' id='word_1_586' title='bbox 108 5681 235 5748; x_wconf 67' lang='grc' dir='ltr'>Θεὸς</span> <span class='ocrx_word' id='word_1_587' title='bbox 262 5681 356 5735; x_wconf 73' lang='grc' dir='ltr'>καὶ</span> <span class='ocrx_word' id='word_1_588' title='bbox 377 5678 661 5750; x_wconf 82' lang='grc' dir='ltr'>ά.θρωπος</span> <span class='ocrx_word' id='word_1_589' title='bbox 691 5677 814 5734; x_wconf 79' lang='grc' dir='ltr'>κατ’</span> <span class='ocrx_word' id='word_1_590' title='bbox 836 5677 1023 5732; x_wconf 75' lang='grc' dir='ltr'>οὐσίαν</span> <span class='ocrx_word' id='word_1_591' title='bbox 1040 5693 1052 5707; x_wconf 79' lang='grc'><strong><em>⁸</em></strong></span> <span class='ocrx_word' id='word_1_592' title='bbox 1083 5679 1111 5732; x_wconf 91' lang='lat'>6</span> <span class='ocrx_word' id='word_1_593' title='bbox 1138 5677 1296 5743; x_wconf 74' lang='grc' dir='ltr'>αὐτὸς</span> <span class='ocrx_word' id='word_1_594' title='bbox 1322 5677 1378 5731; x_wconf 75' lang='grc' dir='ltr'>δὲ</span> <span class='ocrx_word' id='word_1_595' title='bbox 1405 5676 1526 5732; x_wconf 81' lang='grc' dir='ltr'>καθ’</span> <span class='ocrx_word' id='word_1_596' title='bbox 1549 5675 1683 5730; x_wconf 86' lang='grc' dir='ltr'>ὑπό-</span> 
     </span>
    </p>
   </div>
   <div class='ocr_carea' id='block_1_82' title="bbox 1334 5774 1419 5809">
    <p class='ocr_par' dir='ltr' id='par_1_82' title="bbox 1334 5774 1419 5809">
     <span class='ocr_line' id='line_1_82' title="bbox 1334 5774 1419 5809; baseline 0 0"><span class='ocrx_word' id='word_1_597' title='bbox 1334 5774 1419 5809; x_wconf 50' lang='grc' dir='ltr'>’κ</span> 
     </span>
    </p>
   </div>
   <div class='ocr_carea' id='block_1_83' title="bbox 1788 3936 3365 4008">
    <p class='ocr_par' dir='ltr' id='par_1_83' title="bbox 1788 3936 3365 4008">
     <span class='ocr_line' id='line_1_83' title="bbox 1788 3936 3365 4008; baseline 0.001 -16"><span class='ocrx_word' id='word_1_598' title='bbox 1788 3956 1978 3992; x_wconf 86' lang='grc' dir='ltr'>στασιν</span> <span class='ocrx_word' id='word_1_599' title='bbox 2009 3939 2169 4007; x_wconf 82' lang='grc' dir='ltr'>μόνος</span> <span class='ocrx_word' id='word_1_600' title='bbox 2194 3938 2344 4000; x_wconf 78' lang='grc' dir='ltr'>Υἱὸς,</span> <span class='ocrx_word' id='word_1_601' title='bbox 2374 3936 2470 3991; x_wconf 78' lang='grc' dir='ltr'>καὶ</span> <span class='ocrx_word' id='word_1_602' title='bbox 2494 3936 2752 4007; x_wconf 75' lang='grc' dir='ltr'>Χριστὸς,</span> <span class='ocrx_word' id='word_1_603' title='bbox 2790 3937 2884 3991; x_wconf 79' lang='grc' dir='ltr'>καὶ</span> <span class='ocrx_word' id='word_1_604' title='bbox 2913 3936 3119 4008; x_wconf 85' lang='grc' dir='ltr'>Κύριος</span> <span class='ocrx_word' id='word_1_605' title='bbox 3141 3953 3155 3968; x_wconf 86' lang='grc'><strong>·</strong></span> <span class='ocrx_word' id='word_1_606' title='bbox 3190 3936 3365 4004; x_wconf 77' lang='grc' dir='ltr'>οὕτως</span> 
     </span>
    </p>
   </div>
   <div class='ocr_carea' id='block_1_84' title="bbox 1783 4028 3362 4101">
    <p class='ocr_par' dir='ltr' id='par_1_84' title="bbox 1783 4028 3362 4101">
     <span class='ocr_line' id='line_1_84' title="bbox 1783 4028 3362 4101; baseline 0 -18"><span class='ocrx_word' id='word_1_607' title='bbox 1783 4030 1882 4083; x_wconf 87' lang='grc' dir='ltr'>οὑκ</span> <span class='ocrx_word' id='word_1_608' title='bbox 1905 4029 2021 4081; x_wconf 75' lang='grc' dir='ltr'>ἔστι</span> <span class='ocrx_word' id='word_1_609' title='bbox 2070 4030 2241 4101; x_wconf 73' lang='grc' dir='ltr'>χωρὶς</span> <span class='ocrx_word' id='word_1_610' title='bbox 2279 4029 2632 4093; x_wconf 82' lang='grc' dir='ltr'>ὑποστάσεως</span> <span class='ocrx_word' id='word_1_611' title='bbox 2658 4030 2838 4095; x_wconf 82' lang='grc' dir='ltr'>οὐσία,</span> <span class='ocrx_word' id='word_1_612' title='bbox 2862 4028 2967 4083; x_wconf 74' lang='grc' dir='ltr'>κᾶν</span> <span class='ocrx_word' id='word_1_613' title='bbox 2994 4030 3022 4081; x_wconf 91' lang='lat'>6</span> <span class='ocrx_word' id='word_1_614' title='bbox 3054 4028 3226 4098; x_wconf 72' lang='grc' dir='ltr'>Λόγος</span> <span class='ocrx_word' id='word_1_615' title='bbox 3263 4030 3362 4100; x_wconf 74' lang='grc' dir='ltr'>τῆς</span> 
     </span>
    </p>
   </div>
   <div class='ocr_carea' id='block_1_85' title="bbox 1782 4120 3360 4197">
    <p class='ocr_par' dir='ltr' id='par_1_85' title="bbox 1782 4120 3360 4197">
     <span class='ocr_line' id='line_1_85' title="bbox 1782 4120 3360 4197; baseline 0 -23"><span class='ocrx_word' id='word_1_616' title='bbox 1782 4121 1970 4183; x_wconf 82' lang='grc' dir='ltr'>οὐσίας</span> <span class='ocrx_word' id='word_1_617' title='bbox 1993 4120 2178 4197; x_wconf 76' lang='grc' dir='ltr'>ἕτερός</span> <span class='ocrx_word' id='word_1_618' title='bbox 2212 4122 2382 4187; x_wconf 73' lang='grc' dir='ltr'>ἔστιν,</span> <span class='ocrx_word' id='word_1_619' title='bbox 2398 4120 2557 4184; x_wconf 72' lang='grc' dir='ltr'>ἄλλος</span> <span class='ocrx_word' id='word_1_620' title='bbox 2572 4120 2626 4173; x_wconf 81' lang='grc' dir='ltr'>δὲ</span> <span class='ocrx_word' id='word_1_621' title='bbox 2645 4120 2744 4189; x_wconf 78' lang='grc' dir='ltr'>τῆς</span> <span class='ocrx_word' id='word_1_622' title='bbox 2767 4120 3116 4183; x_wconf 81' lang='grc' dir='ltr'>ὑποστάσεως</span> <span class='ocrx_word' id='word_1_623' title='bbox 3137 4138 3150 4152; x_wconf 75' lang='grc' dir='ltr'>ο</span> <span class='ocrx_word' id='word_1_624' title='bbox 3173 4121 3360 4193; x_wconf 81' lang='grc' dir='ltr'>κοινὴν</span> 
     </span>
    </p>
   </div>
   <div class='ocr_carea' id='block_1_86' title="bbox 1780 4211 3362 4283">
    <p class='ocr_par' dir='ltr' id='par_1_86' title="bbox 1780 4211 3362 4283">
     <span class='ocr_line' id='line_1_86' title="bbox 1780 4211 3362 4283; baseline -0.001 -16"><span class='ocrx_word' id='word_1_625' title='bbox 1780 4213 1888 4283; x_wconf 72' lang='grc' dir='ltr'>γὰρ</span> <span class='ocrx_word' id='word_1_626' title='bbox 1908 4211 2005 4283; x_wconf 86' lang='grc' dir='ltr'>τὴν</span> <span class='ocrx_word' id='word_1_627' title='bbox 2037 4212 2164 4282; x_wconf 90' lang='grc' dir='ltr'>μίαν</span> <span class='ocrx_word' id='word_1_628' title='bbox 2187 4211 2403 4282; x_wconf 24' lang='grc' dir='ltr'>καὶγτὴν</span> <span class='ocrx_word' id='word_1_629' title='bbox 2424 4211 2591 4281; x_wconf 82' lang='grc' dir='ltr'>αὑτὴν</span> <span class='ocrx_word' id='word_1_630' title='bbox 2611 4212 2910 4264; x_wconf 83' lang='grc' dir='ltr'>ὑπόστασιν</span> <span class='ocrx_word' id='word_1_631' title='bbox 2929 4214 2984 4265; x_wconf 90' lang='grc' dir='ltr'>αἱ</span> <span class='ocrx_word' id='word_1_632' title='bbox 3003 4211 3362 4282; x_wconf 86' lang='grc' dir='ltr'>συναφθεῖσαι</span> 
     </span>
    </p>
   </div>
   <div class='ocr_carea' id='block_1_87' title="bbox 1782 4303 3362 4377">
    <p class='ocr_par' dir='ltr' id='par_1_87' title="bbox 1782 4303 3362 4377">
     <span class='ocr_line' id='line_1_87' title="bbox 1782 4303 3362 4377; baseline -0.002 -18"><span class='ocrx_word' id='word_1_633' title='bbox 1782 4305 1917 4377; x_wconf 77' lang='grc' dir='ltr'>πρὸς</span> <span class='ocrx_word' id='word_1_634' title='bbox 1937 4305 2033 4376; x_wconf 82' lang='grc' dir='ltr'>τὴν</span> <span class='ocrx_word' id='word_1_635' title='bbox 2051 4306 2289 4376; x_wconf 70' lang='grc' dir='ltr'>ἄρρητον</span> <span class='ocrx_word' id='word_1_636' title='bbox 2311 4303 2506 4357; x_wconf 73' lang='grc' dir='ltr'>ἕνωσιν</span> <span class='ocrx_word' id='word_1_637' title='bbox 2527 4303 2710 4374; x_wconf 81' lang='grc' dir='ltr'>έχουσι</span> <span class='ocrx_word' id='word_1_638' title='bbox 2737 4303 2829 4357; x_wconf 89' lang='grc' dir='ltr'>δύο</span> <span class='ocrx_word' id='word_1_639' title='bbox 2856 4303 3068 4373; x_wconf 83' lang='grc' dir='ltr'>φύσεις·</span> <span class='ocrx_word' id='word_1_640' title='bbox 3090 4304 3170 4358; x_wconf 80' lang='grc' dir='ltr'>διὸ</span> <span class='ocrx_word' id='word_1_641' title='bbox 3191 4321 3362 4373; x_wconf 86' lang='grc' dir='ltr'>προσ-</span> 
     </span>
    </p>
   </div>
   <div class='ocr_carea' id='block_1_88' title="bbox 1783 4392 3360 4466">
    <p class='ocr_par' dir='ltr' id='par_1_88' title="bbox 1783 4392 3360 4466">
     <span class='ocr_line' id='line_1_88' title="bbox 1783 4392 3360 4466; baseline -0.002 -18"><span class='ocrx_word' id='word_1_642' title='bbox 1783 4395 1924 4465; x_wconf 84' lang='grc' dir='ltr'>θήκη</span> <span class='ocrx_word' id='word_1_643' title='bbox 1951 4396 2015 4465; x_wconf 86' lang='grc' dir='ltr'>τῇ</span> <span class='ocrx_word' id='word_1_644' title='bbox 2043 4395 2174 4466; x_wconf 66' lang='grc' dir='ltr'>ἁγίᾳ.</span> <span class='ocrx_word' id='word_1_645' title='bbox 2196 4392 2389 4465; x_wconf 85' lang='grc' dir='ltr'>Τριάδι</span> <span class='ocrx_word' id='word_1_646' title='bbox 2420 4392 2523 4446; x_wconf 76' lang='grc' dir='ltr'>οὑκ</span> <span class='ocrx_word' id='word_1_647' title='bbox 2548 4394 2784 4462; x_wconf 76' lang='grc' dir='ltr'>ἐγένετο·</span> <span class='ocrx_word' id='word_1_648' title='bbox 2808 4393 3122 4465; x_wconf 82' lang='grc' dir='ltr'>προσθήκης</span> <span class='ocrx_word' id='word_1_649' title='bbox 3139 4395 3247 4464; x_wconf 81' lang='grc' dir='ltr'>γὰρ</span> <span class='ocrx_word' id='word_1_650' title='bbox 3263 4394 3360 4448; x_wconf 86' lang='grc' dir='ltr'>ἀν-</span> 
     </span>
    </p>
   </div>
   <div class='ocr_carea' id='block_1_89' title="bbox 1779 4482 3363 4555">
    <p class='ocr_par' dir='ltr' id='par_1_89' title="bbox 1779 4482 3363 4555">
     <span class='ocr_line' id='line_1_89' title="bbox 1779 4482 3363 4555; baseline -0.002 -16"><span class='ocrx_word' id='word_1_651' title='bbox 1779 4485 2054 4547; x_wconf 76' lang='grc' dir='ltr'>επίδεκτός</span> <span class='ocrx_word' id='word_1_652' title='bbox 2074 4486 2243 4538; x_wconf 79' lang='grc' dir='ltr'>ἐστιν.</span> <span class='ocrx_word' id='word_1_653' title='bbox 2268 4484 2478 4546; x_wconf 76' lang='grc' dir='ltr'>Ἀλλως</span> <span class='ocrx_word' id='word_1_654' title='bbox 2496 4500 2556 4537; x_wconf 87' lang='grc' dir='ltr'>τε</span> <span class='ocrx_word' id='word_1_655' title='bbox 2583 4483 2637 4536; x_wconf 83' lang='grc' dir='ltr'>δὲ</span> <span class='ocrx_word' id='word_1_656' title='bbox 2656 4483 2796 4554; x_wconf 76' lang='grc' dir='ltr'>καὶὴ</span> <span class='ocrx_word' id='word_1_657' title='bbox 2819 4483 2988 4555; x_wconf 83' lang='grc' dir='ltr'>Τριάς</span> <span class='ocrx_word' id='word_1_658' title='bbox 3012 4482 3363 4536; x_wconf 79' lang='grc' dir='ltr'>ὑποστάσεών</span> 
     </span>
    </p>
   </div>
   <div class='ocr_carea' id='block_1_90' title="bbox 1780 4571 3364 4647">
    <p class='ocr_par' dir='ltr' id='par_1_90' title="bbox 1780 4571 3364 4647">
     <span class='ocr_line' id='line_1_90' title="bbox 1780 4571 3364 4647; baseline -0.001 -17"><span class='ocrx_word' id='word_1_659' title='bbox 1780 4582 1959 4631; x_wconf 79' lang='grc' dir='ltr'>ἐστιν·</span> <span class='ocrx_word' id='word_1_660' title='bbox 1993 4578 2025 4647; x_wconf 84' lang='grc' dir='ltr'><strong>ή</strong></span> <span class='ocrx_word' id='word_1_661' title='bbox 2052 4577 2162 4645; x_wconf 83' lang='grc' dir='ltr'>γὰρ</span> <span class='ocrx_word' id='word_1_662' title='bbox 2186 4576 2342 4629; x_wconf 84' lang='grc' dir='ltr'>οὐσία</span> <span class='ocrx_word' id='word_1_663' title='bbox 2375 4574 2668 4647; x_wconf 82' lang='grc' dir='ltr'>μοναδικῆς</span> <span class='ocrx_word' id='word_1_664' title='bbox 2697 4577 2833 4629; x_wconf 82' lang='grc' dir='ltr'>ἐστι.</span> <span class='ocrx_word' id='word_1_665' title='bbox 2867 4575 2978 4647; x_wconf 84' lang='grc' dir='ltr'>Τῆς</span> <span class='ocrx_word' id='word_1_666' title='bbox 3007 4571 3101 4629; x_wconf 78' lang='grc' dir='ltr'>οὖν</span> <span class='ocrx_word' id='word_1_667' title='bbox 3130 4575 3364 4628; x_wconf 82' lang='grc' dir='ltr'>ὑποστά-</span> 
     </span>
    </p>
   </div>
   <div class='ocr_carea' id='block_1_91' title="bbox 1781 4652 3363 4739">
    <p class='ocr_par' dir='ltr' id='par_1_91' title="bbox 1781 4652 3363 4739">
     <span class='ocr_line' id='line_1_91' title="bbox 1781 4652 3363 4739; baseline -0.003 -15"><span class='ocrx_word' id='word_1_668' title='bbox 1781 4687 1918 4733; x_wconf 89' lang='grc' dir='ltr'>σεως</span> <span class='ocrx_word' id='word_1_669' title='bbox 1947 4669 2045 4739; x_wconf 83' lang='grc' dir='ltr'>τῆς</span> <span class='ocrx_word' id='word_1_670' title='bbox 2066 4668 2235 4738; x_wconf 77' lang='grc' dir='ltr'>αὐτῆς</span> <span class='ocrx_word' id='word_1_671' title='bbox 2269 4652 2535 4738; x_wconf 81' lang='grc' dir='ltr'>μεινάσης</span> <span class='ocrx_word' id='word_1_672' title='bbox 2565 4667 2656 4720; x_wconf 83' lang='grc' dir='ltr'>τοῦ</span> <span class='ocrx_word' id='word_1_673' title='bbox 2681 4667 2836 4731; x_wconf 75' lang='grc' dir='ltr'>Υἰοῦ,</span> <span class='ocrx_word' id='word_1_674' title='bbox 2859 4668 2979 4731; x_wconf 85' lang='grc' dir='ltr'>πῶς</span> <span class='ocrx_word' id='word_1_675' title='bbox 3003 4665 3260 4736; x_wconf 85' lang='grc' dir='ltr'>ἀμάθητα</span> <span class='ocrx_word' id='word_1_676' title='bbox 3277 4665 3363 4720; x_wconf 75' lang='grc' dir='ltr'>λα-</span> 
     </span>
    </p>
   </div>
   <div class='ocr_carea' id='block_1_92' title="bbox 1777 4758 3362 4831">
    <p class='ocr_par' dir='ltr' id='par_1_92' title="bbox 1777 4758 3362 4831">
     <span class='ocr_line' id='line_1_92' title="bbox 1777 4758 3362 4831; baseline -0.003 -16"><span class='ocrx_word' id='word_1_677' title='bbox 1777 4762 1931 4815; x_wconf 83' lang='grc' dir='ltr'>λοῦσί</span> <span class='ocrx_word' id='word_1_678' title='bbox 1956 4774 2102 4822; x_wconf 82' lang='grc' dir='ltr'>τινες</span> <span class='ocrx_word' id='word_1_679' title='bbox 2130 4759 2555 4831; x_wconf 83' lang='grc' dir='ltr'>τερατευόμενοι</span> <span class='ocrx_word' id='word_1_680' title='bbox 2578 4759 2814 4831; x_wconf 84' lang='grc' dir='ltr'>τετράδα</span> <span class='ocrx_word' id='word_1_681' title='bbox 2840 4758 3017 4828; x_wconf 78' lang='grc' dir='ltr'>λέγειν</span> <span class='ocrx_word' id='word_1_682' title='bbox 3046 4760 3166 4812; x_wconf 71' lang='grc' dir='ltr'>ἀντὶ</span> <span class='ocrx_word' id='word_1_683' title='bbox 3191 4758 3362 4828; x_wconf 80' lang='grc' dir='ltr'>Τριά-</span> 
     </span>
    </p>
   </div>
   <div class='ocr_carea' id='block_1_93' title="bbox 1779 4847 3363 4923">
    <p class='ocr_par' dir='ltr' id='par_1_93' title="bbox 1779 4847 3363 4923">
     <span class='ocr_line' id='line_1_93' title="bbox 1779 4847 3363 4923; baseline -0.003 -17"><span class='ocrx_word' id='word_1_684' title='bbox 1779 4852 1866 4913; x_wconf 86' lang='grc' dir='ltr'>δος</span> <span class='ocrx_word' id='word_1_685' title='bbox 1898 4855 2031 4916; x_wconf 86' lang='grc' dir='ltr'>τοὺς</span> <span class='ocrx_word' id='word_1_686' title='bbox 2063 4854 2164 4922; x_wconf 80' lang='grc' dir='ltr'>τὴν</span> <span class='ocrx_word' id='word_1_687' title='bbox 2196 4851 2457 4923; x_wconf 81' lang='grc' dir='ltr'>ἀλήθειαν</span> <span class='ocrx_word' id='word_1_688' title='bbox 2484 4851 2882 4922; x_wconf 78' lang='grc' dir='ltr'>ὁμολογοῦντας</span> <span class='ocrx_word' id='word_1_689' title='bbox 2913 4850 3023 4903; x_wconf 83' lang='grc' dir='ltr'>τῶν</span> <span class='ocrx_word' id='word_1_690' title='bbox 3058 4852 3115 4905; x_wconf 82' lang='grc' dir='ltr'>ἐν</span> <span class='ocrx_word' id='word_1_691' title='bbox 3142 4847 3363 4921; x_wconf 81' lang='grc' dir='ltr'>Χριστῷ</span> 
     </span>
    </p>
   </div>
   <div class='ocr_carea' id='block_1_94' title="bbox 1780 4936 3361 5015">
    <p class='ocr_par' dir='ltr' id='par_1_94' title="bbox 1780 4936 3361 5015">
     <span class='ocr_line' id='line_1_94' title="bbox 1780 4936 3361 5015; baseline -0.003 -17"><span class='ocrx_word' id='word_1_692' title='bbox 1780 4944 2016 5014; x_wconf 81' lang='grc' dir='ltr'>φύσεων,</span> <span class='ocrx_word' id='word_1_693' title='bbox 2054 4945 2087 5015; x_wconf 83' lang='grc' dir='ltr'>ἢ</span> <span class='ocrx_word' id='word_1_694' title='bbox 2125 4943 2233 4997; x_wconf 85' lang='grc' dir='ltr'>τῶν</span> <span class='ocrx_word' id='word_1_695' title='bbox 2262 4945 2319 4996; x_wconf 81' lang='grc' dir='ltr'>ὲν</span> <span class='ocrx_word' id='word_1_696' title='bbox 2350 4936 2438 5006; x_wconf 76' lang='grc' dir='ltr'>αἷς</span> <span class='ocrx_word' id='word_1_697' title='bbox 2468 4943 2618 4995; x_wconf 78' lang='grc' dir='ltr'>ἐστιν</span> <span class='ocrx_word' id='word_1_698' title='bbox 2651 4945 2678 4996; x_wconf 85' lang='lat'>6</span> <span class='ocrx_word' id='word_1_699' title='bbox 2703 4942 2978 5013; x_wconf 84' lang='grc' dir='ltr'>Χριστός;</span> <span class='ocrx_word' id='word_1_700' title='bbox 3016 4943 3065 4995; x_wconf 86' lang='grc' dir='ltr'>εί</span> <span class='ocrx_word' id='word_1_701' title='bbox 3098 4943 3196 5012; x_wconf 75' lang='grc' dir='ltr'>μὲν</span> <span class='ocrx_word' id='word_1_702' title='bbox 3228 4942 3361 4994; x_wconf 83' lang='grc' dir='ltr'>ὑπο·-</span> 
     </span>
    </p>
   </div>
   <div class='ocr_carea' id='block_1_95' title="bbox 1780 5033 3362 5107">
    <p class='ocr_par' dir='ltr' id='par_1_95' title="bbox 1780 5033 3362 5107">
     <span class='ocr_line' id='line_1_95' title="bbox 1780 5033 3362 5107; baseline -0.003 -17"><span class='ocrx_word' id='word_1_703' title='bbox 1780 5037 1974 5107; x_wconf 76' lang='grc' dir='ltr'>στῆναι</span> <span class='ocrx_word' id='word_1_704' title='bbox 2007 5035 2229 5089; x_wconf 83' lang='grc' dir='ltr'>πώποτε</span> <span class='ocrx_word' id='word_1_705' title='bbox 2260 5034 2382 5089; x_wconf 86' lang='grc' dir='ltr'>καθ’</span> <span class='ocrx_word' id='word_1_706' title='bbox 2411 5035 2611 5106; x_wconf 77' lang='grc' dir='ltr'>ἑαυτὴν</span> <span class='ocrx_word' id='word_1_707' title='bbox 2639 5035 2738 5103; x_wconf 80' lang='grc' dir='ltr'>τὴν</span> <span class='ocrx_word' id='word_1_708' title='bbox 2769 5033 3010 5105; x_wconf 79' lang='grc' dir='ltr'>ἔμψυχον</span> <span class='ocrx_word' id='word_1_709' title='bbox 3036 5033 3130 5087; x_wconf 87' lang='grc' dir='ltr'>τοὺ</span> <span class='ocrx_word' id='word_1_710' title='bbox 3154 5033 3362 5104; x_wconf 81' lang='grc' dir='ltr'>Κυρίου</span> 
     </span>
    </p>
   </div>
   <div class='ocr_carea' id='block_1_96' title="bbox 1782 5122 3363 5201">
    <p class='ocr_par' dir='ltr' id='par_1_96' title="bbox 1782 5122 3363 5201">
     <span class='ocr_line' id='line_1_96' title="bbox 1782 5122 3363 5201; baseline -0.004 -17"><span class='ocrx_word' id='word_1_711' title='bbox 1782 5130 1960 5201; x_wconf 85' lang='grc' dir='ltr'>σάρκα</span> <span class='ocrx_word' id='word_1_712' title='bbox 2007 5127 2310 5197; x_wconf 76' lang='grc' dir='ltr'>ἐλέγομεν,</span> <span class='ocrx_word' id='word_1_713' title='bbox 2364 5127 2398 5197; x_wconf 80' lang='grc' dir='ltr'>ἢ</span> <span class='ocrx_word' id='word_1_714' title='bbox 2453 5127 2563 5198; x_wconf 74' lang='grc' dir='ltr'>ἰδίᾳ</span> <span class='ocrx_word' id='word_1_715' title='bbox 2607 5127 2702 5179; x_wconf 75' lang='grc' dir='ltr'>καὶ</span> <span class='ocrx_word' id='word_1_716' title='bbox 2742 5128 2846 5180; x_wconf 85' lang='grc' dir='ltr'>ἀνὰ</span> <span class='ocrx_word' id='word_1_717' title='bbox 2881 5127 3045 5195; x_wconf 81' lang='grc' dir='ltr'>μέρος</span> <span class='ocrx_word' id='word_1_718' title='bbox 3076 5122 3244 5195; x_wconf 83' lang='grc' dir='ltr'>αὑτὴν</span> <span class='ocrx_word' id='word_1_719' title='bbox 3277 5127 3363 5178; x_wconf 81' lang='grc' dir='ltr'>ὲν-</span> 
     </span>
    </p>
   </div>
   <div class='ocr_carea' id='block_1_97' title="bbox 1779 5208 3363 5291">
    <p class='ocr_par' dir='ltr' id='par_1_97' title="bbox 1779 5208 3363 5291">
     <span class='ocr_line' id='line_1_97' title="bbox 1779 5208 3363 5291; baseline -0.004 -18"><span class='ocrx_word' id='word_1_720' title='bbox 1779 5223 1960 5291; x_wconf 87' lang='grc' dir='ltr'>εργεῖν</span> <span class='ocrx_word' id='word_1_721' title='bbox 2015 5216 2504 5287; x_wconf 84' lang='grc' dir='ltr'>διεϐεϐαιούμεθα,</span> <span class='ocrx_word' id='word_1_722' title='bbox 2542 5208 2723 5280; x_wconf 79' lang='grc' dir='ltr'>καλῶς</span> <span class='ocrx_word' id='word_1_723' title='bbox 2766 5218 2915 5286; x_wconf 77' lang='grc' dir='ltr'>ἡμᾶς</span> <span class='ocrx_word' id='word_1_724' title='bbox 2958 5216 3192 5287; x_wconf 81' lang='grc' dir='ltr'>τετράδα</span> <span class='ocrx_word' id='word_1_725' title='bbox 3243 5215 3363 5268; x_wconf 70' lang='grc' dir='ltr'>ἀντὶ</span> 
     </span>
    </p>
   </div>
   <div class='ocr_carea' id='block_1_98' title="bbox 1712 5305 3361 5398">
    <p class='ocr_par' dir='ltr' id='par_1_98' title="bbox 1712 5305 3361 5398">
     <span class='ocr_line' id='line_1_98' title="bbox 1712 5305 3361 5398; baseline -0.004 -31"><span class='ocrx_word' id='word_1_726' title='bbox 1712 5343 1756 5398; x_wconf 65' lang='grc' dir='ltr'>ὓ</span> <span class='ocrx_word' id='word_1_727' title='bbox 1784 5313 1827 5365; x_wconf 84' lang='grc' dir='ltr'>Τ</span> <span class='ocrx_word' id='word_1_728' title='bbox 1832 5311 2014 5384; x_wconf 85' lang='grc' dir='ltr'>ριάδος</span> <span class='ocrx_word' id='word_1_729' title='bbox 2041 5310 2223 5378; x_wconf 88' lang='grc' dir='ltr'>λέγειν</span> <span class='ocrx_word' id='word_1_730' title='bbox 2254 5308 2642 5378; x_wconf 84' lang='grc' dir='ltr'>ὑπελάμϐανον</span> <span class='ocrx_word' id='word_1_731' title='bbox 2663 5323 2678 5337; x_wconf 89' lang='grc'><strong>·</strong></span> <span class='ocrx_word' id='word_1_732' title='bbox 2721 5309 2769 5381; x_wconf 73' lang='grc' dir='ltr'>εί</span> <span class='ocrx_word' id='word_1_733' title='bbox 2799 5308 2855 5360; x_wconf 82' lang='grc' dir='ltr'>δὲ</span> <span class='ocrx_word' id='word_1_734' title='bbox 2892 5309 3028 5377; x_wconf 82' lang='grc' dir='ltr'>μετὰ</span> <span class='ocrx_word' id='word_1_735' title='bbox 3053 5305 3149 5360; x_wconf 83' lang='grc' dir='ltr'>τοῦ</span> <span class='ocrx_word' id='word_1_736' title='bbox 3179 5324 3361 5361; x_wconf 84' lang='grc' dir='ltr'>συντι-</span> 
     </span>
    </p>
   </div>
   <div class='ocr_carea' id='block_1_99' title="bbox 1790 5399 3448 5474">
    <p class='ocr_par' dir='ltr' id='par_1_99' title="bbox 1790 5399 3448 5474">
     <span class='ocr_line' id='line_1_99' title="bbox 1790 5399 3448 5474; baseline -0.002 -18"><span class='ocrx_word' id='word_1_737' title='bbox 1790 5402 2019 5474; x_wconf 84' lang='grc' dir='ltr'>θεμένου</span> <span class='ocrx_word' id='word_1_738' title='bbox 2079 5401 2174 5454; x_wconf 79' lang='grc' dir='ltr'>καὶ</span> <span class='ocrx_word' id='word_1_739' title='bbox 2224 5399 2640 5469; x_wconf 78' lang='grc' dir='ltr'>συνυφεστῶτος</span> <span class='ocrx_word' id='word_1_740' title='bbox 2693 5400 2830 5470; x_wconf 82' lang='grc' dir='ltr'>αὑτῇ</span> <span class='ocrx_word' id='word_1_741' title='bbox 2888 5399 3063 5469; x_wconf 84' lang='grc' dir='ltr'>Λόγου</span> <span class='ocrx_word' id='word_1_742' title='bbox 3118 5400 3364 5469; x_wconf 82' lang='grc' dir='ltr'>ἐνεργεῖν</span> <span class='ocrx_word' id='word_1_743' title='bbox 3436 5412 3448 5423; x_wconf 77' lang='lat'>‘</span> 
     </span>
    </p>
   </div>
   <div class='ocr_carea' id='block_1_100' title="bbox 1790 5489 3376 5564">
    <p class='ocr_par' dir='ltr' id='par_1_100' title="bbox 1790 5489 3376 5564">
     <span class='ocr_line' id='line_1_100' title="bbox 1790 5489 3376 5564; baseline -0.002 -16"><span class='ocrx_word' id='word_1_744' title='bbox 1790 5493 1960 5564; x_wconf 82' lang='grc' dir='ltr'>αὐτὴν</span> <span class='ocrx_word' id='word_1_745' title='bbox 2011 5493 2243 5546; x_wconf 85' lang='grc' dir='ltr'>πάντοτε</span> <span class='ocrx_word' id='word_1_746' title='bbox 2290 5490 2665 5561; x_wconf 76' lang='grc' dir='ltr'>ὁμολογοῦμεν</span> <span class='ocrx_word' id='word_1_747' title='bbox 2704 5490 3058 5561; x_wconf 72' lang='grc' dir='ltr'>ἀχωρίστως,</span> <span class='ocrx_word' id='word_1_748' title='bbox 3114 5491 3207 5544; x_wconf 70' lang='grc' dir='ltr'>καὶ</span> <span class='ocrx_word' id='word_1_749' title='bbox 3240 5489 3376 5545; x_wconf 75' lang='grc' dir='ltr'>οὔτε</span> 
     </span>
    </p>
   </div>
   <div class='ocr_carea' id='block_1_101' title="bbox 1795 5580 3363 5656">
    <p class='ocr_par' dir='ltr' id='par_1_101' title="bbox 1795 5580 3363 5656">
     <span class='ocr_line' id='line_1_101' title="bbox 1795 5580 3363 5656; baseline -0.004 -18"><span class='ocrx_word' id='word_1_750' title='bbox 1795 5584 2207 5656; x_wconf 79' lang='grc' dir='ltr'>προὺφεστάναι</span> <span class='ocrx_word' id='word_1_751' title='bbox 2258 5581 2492 5649; x_wconf 82' lang='grc' dir='ltr'>λέγομεν</span> <span class='ocrx_word' id='word_1_752' title='bbox 2550 5582 2650 5651; x_wconf 78' lang='grc' dir='ltr'>τῆς</span> <span class='ocrx_word' id='word_1_753' title='bbox 2701 5580 2838 5650; x_wconf 85' lang='grc' dir='ltr'>πρὸς</span> <span class='ocrx_word' id='word_1_754' title='bbox 2882 5580 3048 5633; x_wconf 63' lang='grc' dir='ltr'>ἀὑτὸν</span> <span class='ocrx_word' id='word_1_755' title='bbox 3095 5580 3363 5644; x_wconf 79' lang='grc' dir='ltr'>ἐνωσεως,</span> 
     </span>
    </p>
   </div>
   <div class='ocr_carea' id='block_1_102' title="bbox 1791 5666 3363 5742">
    <p class='ocr_par' dir='ltr' id='par_1_102' title="bbox 1791 5666 3363 5742">
     <span class='ocr_line' id='line_1_102' title="bbox 1791 5666 3363 5742; baseline -0.005 -12"><span class='ocrx_word' id='word_1_756' title='bbox 1791 5674 1916 5730; x_wconf 56' lang='grc' dir='ltr'>ἀλλ’</span> <span class='ocrx_word' id='word_1_757' title='bbox 1959 5675 2017 5727; x_wconf 72' lang='grc' dir='ltr'>ἐν</span> <span class='ocrx_word' id='word_1_758' title='bbox 2051 5670 2200 5742; x_wconf 65' lang='grc' dir='ltr'>αὐτῷ</span> <span class='ocrx_word' id='word_1_759' title='bbox 2231 5669 2292 5724; x_wconf 81' lang='grc' dir='ltr'>τὸ</span> <span class='ocrx_word' id='word_1_760' title='bbox 2321 5666 2459 5723; x_wconf 82' lang='grc' dir='ltr'>εἶναι</span> <span class='ocrx_word' id='word_1_761' title='bbox 2500 5667 2772 5723; x_wconf 78' lang='grc' dir='ltr'>λαϐοῦσαν</span> <span class='ocrx_word' id='word_1_762' title='bbox 2801 5668 2970 5741; x_wconf 75' lang='grc' dir='ltr'>αὐτὴν</span> <span class='ocrx_word' id='word_1_763' title='bbox 2998 5668 3363 5740; x_wconf 82' lang='grc' dir='ltr'>γινώσκομεν,</span> 
     </span>
    </p>
   </div>
  </div>
