3910 6300
207 242 3406 325 M

1450 462 1625 508 ANNO
1667 461 1900 507 DOMINI
1941 458 2167 503 DXCIX.

860 661 2538 881 ANASTASIUS
2690 662 2791 868 Ι

721 1036 1879 1191 ANTIOCHENUS
1974 1022 2900 1152 EPISCOPUS.

2714 1304 2731 1337 δ

1556 1431 2065 1527 ΝΟΤΙΤΙΑ

1792 1627 1846 1687 Ι.

1012 1792 1092 1848 Ex
1123 1790 1401 1848 GALLAND.
1442 1786 1559 1843 νει.
1607 1784 1840 1841 Patrum
1877 1783 2135 1841 Biblioth.
2171 1793 2211 1840 t.
2242 1785 2357 1855 XII,
2394 1802 2450 1860 p.
2478 1802 2611 1847 xm.

254 2101 296 2156 l.
356 2098 716 2164 Anastasius,
776 2111 978 2169 genere
1016 2093 1376 2159 Palaestinas,
1432 2093 1777 2164 professione
1813 2094 2155 2163 monachus,
2202 2111 2329 2152 cum
2365 2096 2723 2155 eruditorum
2754 2097 3043 2173 plerisque
3075 2113 3219 2173 quos
3243 2101 3435 2162 laudat

187 2194 475 2250 Fabricius
507 2194 569 2266 (1
593 2192 610 2264 )
631 2234 644 2258 ,
688 2186 1119 2261 disting'uendus
1149 2188 1376 2243 omnino
1402 2187 1628 2243 videtur
1656 2188 1724 2244 ab
1749 2189 2044 2243 Anastasio
2070 2188 2282 2245 Sinaita
2314 2189 2409 2260 qui
2437 2191 2679 2262 Μωῢσῆς
2705 2190 2825 2256 νέος
2857 2207 2889 2248 a
2915 2190 3124 2251 Graecis
3154 2197 3436 2252 recentio-

183 2285 338 2340 ribus
370 2285 581 2340 dicitur
601 2325 616 2349 ,
666 2291 727 2338 ut
753 2282 925 2336 refert
957 2281 1246 2336 Simonius
1280 2280 1398 2350 (2).
1461 2279 1814 2350 Quapropter
1841 2281 2069 2335 minime
2098 2281 2415 2336 audiendus
2438 2288 2525 2336 est
2547 2276 2926 2351 Nicephorus,‘
2955 2285 3053 2354 qui
3077 2283 3436 2341 Anastasium

179 2375 252 2431 de
279 2392 387 2446 quo
420 2376 703 2445 loquimur
745 2388 859 2427 non
888 2373 1067 2427 solum
1109 2386 1236 2427 cum
1265 2370 1478 2425 Sinaita
1505 2370 1819 2437 confundit,
1862 2371 1959 2426 sed
1989 2378 2045 2425 et
2071 2388 2199 2426 cum
2228 2373 2403 2427 altero
2426 2368 2721 2427 Anastasio
2741 2372 2988 2443 juniore,
3019 2374 3115 2444 qui
3139 2374 3435 2429 Anastasio

178 2468 250 2522 de
290 2483 400 2535 quo
447 2466 540 2521 hic
581 2466 863 2534 loquimur
912 2464 969 2517 in
1002 2463 1327 2532 episcopatu
1395 2462 1693 2527 successit,
1743 2471 1800 2515 et
1831 2476 1979 2516 anno
2012 2461 2117 2516 609
2139 2461 2349 2518 Christi
2380 2471 2591 2534 martyr
2615 2463 2885 2518 occubuit
2924 2463 3052 2535 (5).
3107 2463 3435 2520 Anastasius

175 2562 365 2629 itaque
414 2571 540 2629 post
571 2560 846 2612 Domnum
875 2557 991 2611 sive
1019 2555 1356 2609 Domninum
1398 2554 1467 2608 ad
1501 2555 1687 2609 sedem
1719 2554 2178 2624 Theopolitanam
2214 2567 2310 2610 seu
2338 2555 2746 2611 Antiochenam
2781 2556 2890 2612 fuit
2914 2565 3164 2612 evectus.
3205 2556 3431 2612 Initium

171 2656 297 2723 ejus
326 2652 682 2721 pontificatus
705 2655 862 2721 juxta
890 2648 1189 2717 Nicephori
1218 2646 1516 2703 Cltronicon
1548 2662 1613 2702 ac
1645 2645 2003 2717 Theophanis
2033 2648 2284 2714 Tabulas,
2316 2664 2384 2705 ex
2410 2648 2561 2720 Pagii
2594 2648 2670 2721 (4)
2702 2658 2759 2704 et
2781 2647 3075 2718 Lequienii
3105 2649 3181 2720 (5)
3208 2657 3433 2703 senten-

174 2749 273 2809 tia,
312 2745 636 2815 illigandum
670 2758 816 2797 anno
847 2743 973 2807 559,
1013 2756 1172 2796 secus
1203 2750 1370 2810 atque
1401 2741 1493 2795 alii
1528 2740 1625 2809 qui
1653 2748 1906 2795 statuunt
1935 2756 2144 2795 annum
2174 2741 2300 2796 56L
2357 2741 2490 2812 Ejus
2514 2743 2666 2796 enim
2694 2741 2986 2807 decessor,
3025 2740 3121 2811 qui
3151 2754 3299 2795 anno
3327 2740 3434 2797 545

168 2841 573 2897 Antiochenam
605 2838 792 2893 sedem
826 2836 1093 2900 obtinuit,
1135 2851 1313 2891 annos
1348 2837 1412 2890 14
1445 2852 1565 2890 eam
1591 2836 1896 2890 Ecclesiam
1931 2836 2166 2903 rexisse,
2203 2836 2456 2906 adeoque
2489 2833 2843 2890 Anastasium
2871 2841 3124 2889 nostrum
3152 2822 3301 2889 anno
3324 2833 3430 2889 559

169 2948 553 2988 successorem
606 2931 867 2986 habuisse
921 2929 1283 2999 comperitur.
1344 2930 1455 2984 Res
1484 2930 1553 2984 ab
1582 2945 1650 2984 eo
1677 2930 1943 2999 praeclare
1970 2938 2155 2999 gestas
2184 2928 2485 2999 descripsit
2514 2928 2786 2999 Evagrius
2813 2925 2913 3002 (6).
2954 2926 3050 2985 Vir
3080 2926 3295 2982 scilicet
3324 2926 3431 2982 fuit

167 3037 291 3082 tum
332 3026 403 3079 ob
446 3026 781 3080 eminentem
810 3024 939 3078 vitae
973 3024 1330 3077 sanctitatem
1358 3062 1372 3087 ,
1428 3031 1545 3076 tum
1580 3023 1652 3077 ob
1676 3022 1935 3076 eximiam
1963 3022 2277 3075 doctrinam
2312 3022 2521 3091 ubique
2552 3020 2609 3075 in
2634 3020 2862 3076 Oriente
2888 3027 3193 3092 spectatus.
3230 3020 3424 3091 Magna

165 3121 405 3193 insuper
437 3121 749 3175 constantia
780 3127 836 3174 et
859 3117 1032 3172 animi
1060 3117 1396 3171 celsitudine
1428 3117 1485 3170 in
1511 3125 1677 3171 recta:
1705 3116 1831 3171 fidei
1858 3116 2185 3171 defensione
2211 3118 2480 3187 praeditus
2504 3117 2675 3173 fuisse
2702 3116 3052 3187 perhibetur.
3100 3116 3429 3188 Imperatori

162 3227 410 3282 namque
439 3213 756 3268 Justiniano
788 3213 845 3265 in
874 3210 1132 3265 haeresim
1156 3209 1787 3278 Aphthartodocitarum
1812 3210 1968 3278 lapso
2006 3209 2240 3264 firmiter
2266 3210 2487 3266 obstitit
2528 3227 2542 3264 :
2578 3211 2675 3280 qui
2699 3217 2996 3281 propterea
3022 3210 3202 3282 ipsum
3228 3209 3427 3265 exsilio

158 3309 420 3377 relegare
451 3309 816 3375 decreverat;
855 3306 976 3371 sed,
1010 3305 1316 3375 improviso
1344 3303 1459 3358 fato
1491 3304 1784 3374 perculsus
1816 3319 1964 3358 anno
1990 3304 2115 3367 565,
2143 3306 2397 3375 iniquum
2425 3306 2724 3361 consilium
2754 3305 3026 3377 perﬁcere
3049 3305 3198 3361 haud
3221 3306 3429 3376 potuit.

163 3404 315 3459 Illud
345 3414 532 3461 tamen
566 3407 778 3477 aliquot
806 3413 931 3476 post
960 3420 1137 3459 annos
1174 3404 1476 3474 perfecisse
1508 3404 1873 3473 intelligimus
1906 3404 2085 3457 nihilo
2111 3405 2412 3473 aequiorem
2446 3406 2501 3459 in
2532 3414 2788 3462 sanctum
2818 3405 3129 3461 antistitem
3154 3403 3429 3461 Justinia~

160 3499 227 3553 ni
281 3510 579 3569 cognatum
634 3500 916 3556 Iustinum
968 3500 1250 3569 iuniorem
1275 3538 1291 3564 ,
1348 3497 1444 3567 qui
1479 3512 1607 3551 eum
1640 3507 1835 3552 octavo
1866 3498 2087 3568 imperii
2114 3514 2261 3553 anno
2291 3499 2640 3555 Antiochena
2665 3502 2795 3555 sede
2822 3500 3166 3564 deturbavit,
3205 3500 3429 3573 ipsique

154 3592 501 3660 Gregorium
551 3592 773 3646 suﬁ‘ecit
827 3592 1085 3647 asceterii
1135 3592 1341 3645 montis
1372 3590 1506 3644 Sina
1540 3591 1884 3660 praefectum.
1943 3593 2020 3646 De
2053 3592 2142 3647 his
2180 3609 2248 3647 ex
2279 3593 2516 3664 Evagrio
2546 3594 2866 3661 erudimur,
2906 3596 3001 3665 qui
3034 3596 3291 3666 pluribus
3324 3596 3430 3654 ista

160 3685 531 3755 prosequitur
564 3685 679 3752 (7).
725 3685 876 3737 Hanc
906 3683 1186 3737 Anastasii
1218 3682 1628 3751 depositioncm
1667 3698 1810 3751 aegre
1840 3682 2138 3737 admodum
2169 3684 2297 3738 tulit
2327 3684 2633 3755 Gregorius
2661 3686 2908 3756 Magnus.
2949 3687 3185 3742 Exstant
3215 3688 3431 3759 aliquot

159 3778 294 3846 ejus
322 3777 575 3845 epistolae
603 3776 701 3846 (8)
736 3775 804 3828 ad
837 3776 1095 3829 eumdem
1129 3774 1539 3829 Antiochenum
1568 3776 1884 3843 praesulem,
1922 3776 1978 3830 in
1996 3775 2210 3853 quibus
2241 3777 2422 3847 ipsum
2454 3777 2701 3846 impense
2726 3777 2916 3832 laudat
2961 3795 2976 3831 :
3020 3786 3253 3834 testatus
3283 3796 3428 3849 prm-

157 3874 321 3921 terea
379 3883 438 3922 se
493 3868 639 3937 apud
689 3865 1078 3921 serenissimos
1123 3864 1385 3919 dominos
1433 3864 1784 3935 (Mauritium
1815 3866 2045 3935 ejusque
2078 3865 2250 3920 filium
2281 3865 2701 3937 Theodosium)
2746 3867 2983 3923 summis
3006 3868 3268 3938 precibus
3294 3885 3427 3942 sug-

155 3962 480 4031 gestionem
512 3961 735 4022 fecisse,
772 3969 835 4015 ut
863 3960 987 4015 viro
1014 3959 1340 4013 beatissimo
1378 3973 1514 4012 suus
1540 3958 1721 4013 honor
1747 3960 2164 4015 restitueretur.

237 4051 305 4105 ll.
341 4052 676 4106 Pontilicatu
703 4053 873 4106 cessit
898 4051 1225 4106 Anastasius
1254 4066 1402 4105 anno
1429 4051 1533 4106 569
1556 4061 1821 4118 ‘exeunte
1850 4053 1939 4107 vel
1963 4061 2180 4118 exacto,
2210 4060 2502 4125 postquam
2527 4054 2709 4126 prima
2731 4054 2856 4114 vice
2880 4056 3119 4114 sedisset
3137 4074 3318 4117 annos
3335 4062 3428 4132 11,

148 4142 261 4210 ἔτη
302 4140 398 4207 ια’,
432 4151 493 4196 ut
522 4143 764 4197 habetur
796 4142 850 4195 in
880 4142 1185 4210 Nicephori
1209 4140 1465 4195 Chronico
1498 4157 1566 4196 ac
1590 4141 1949 4213 Theophanis
1982 4143 2230 4210 Tabulis;
2264 4146 2425 4216 cujus
2453 4154 2753 4216 propterea
2783 4148 3040 4205 exsilium
3067 4151 3253 4207 minus
3276 4162 3427 4209 recte

148 4233 346 4287 refert
376 4234 579 4303 Pagius
606 4232 699 4303 (9)
734 4234 802 4288 ad
834 4249 1043 4287 annum
1074 4233 1198 4287 565.
1264 4233 1439 4287 Porro
1478 4233 1802 4303 Gregorius,
1833 4235 2013 4291 eidem
2043 4236 2311 4292 suffectus
2340 4252 2488 4293 anno
2517 4238 2651 4305 570,
2684 4239 2991 4298 Ecclesiam
3022 4245 3425 4302 Antiochenam

147 4325 382 4380 rexisse
437 4342 611 4396 usque
648 4326 715 4380 ad
754 4327 1039 4380 ineuntem
1072 4342 1277 4380 annum
1313 4327 1418 4381 595
1453 4336 1799 4396 compertum
1856 4329 1917 4383 fit
1965 4344 2035 4384 ex
2074 4330 2440 4400 inscriptione
2484 4331 2766 4390 Orationis
2811 4351 2974 4406 quam
3009 4338 3206 4394 habuit
3234 4348 3426 4398 noster

142 4417 515 4481 Anastasius,
538 4433 664 4472 cum
694 4427 820 4486 post
844 4432 1023 4472 annos
1053 4428 1165 4472 tres
1190 4426 1249 4472 et
1267 4418 1484 4488 viginti,
1503 4418 1768 4473 thronum
1793 4435 1956 4475 suum
1986 4421 2418 4491 patriarchalem
2447 4440 2646 4481 rursus
2668 4428 2904 4498 recepit.
2938 4426 3180 4501 Hujusce
3202 4430 3425 4490 Oratio-

136 4507 248 4563 nis
305 4508 734 4577 inscriptionem
789 4510 871 4564 sic
917 4510 1092 4564 refert
1136 4509 1471 4565 Lambecius
1512 4510 1649 4580 (t0)

1896 4514 2063 4567 αὑτοῦ
2101 4515 2457 4570 Ἀναστασίου
2501 4520 2846 4592 πατριάρχου
2885 4522 3219 4595 Ἀντιοχείας
3246 4525 3422 4595 Λόγος

137 4599 405 4667 ὁπηνίκα
435 4601 743 4667 ἐπανῆλθεν
774 4604 869 4655 ἐπὶ
898 4603 989 4655 τὸν
1016 4603 1207 4673 θρόνον
1239 4602 1328 4656 διὰ
1356 4602 1526 4674 τριῶν
1556 4604 1653 4656 καὶ
1678 4628 1681 4651 ς

1880 4606 2113 4675 χρόνων,
2145 4625 2200 4661 κ.
2231 4626 2283 4661 τ.
2309 4608 2360 4662 λ.
2393 4609 2651 4680 Ejusdem
2675 4613 2953 4670 Anastasii
2974 4620 3424 4687 patriam/itemt-

132 4688 393 4741 tiae/teni
442 4688 656 4757 Oratio,
705 4708 825 4745 cum
850 4701 967 4762 post
999 4710 1170 4747 annos
1201 4694 1387 4762 viginti
1417 4704 1522 4747 tres
1577 4695 1646 4749 ad
1671 4696 1849 4750 sedem
1881 4698 2062 4752 rediit.
2123 4697 2240 4765 Qua
2290 4700 2359 4755 de
2402 4702 2766 4773 inscriptione
2806 4707 3031 4782 Pagium
3063 4710 3173 4781 (11)
3204 4720 3260 4768 et
3284 4713 3420 4772 Bos-

135 4777 351 4871 eliium
383 4779 512 4848 (12)
544 4784 801 4840 consulas
828 4785 1019 4837 velim.
1057 4785 1319 4840 Eamdcm
1352 4801 1576 4855 quoque
1605 4789 1805 4843 recitat
1832 4790 2151 4859 Lequienus
2183 4792 2313 4864 (15)
2355 4812 2369 4848 :
2409 4796 2503 4850 sed
2539 4798 2688 4852 aliud
2719 4777 2907 4871 egisse
2927 4777 3263 4860 videturvvir
3286 4795 3421 4863 erit-

129 4868 310 4924 ditus
330 4911 345 4935 ,
399 4871 530 4925 dum
558 4875 831 4930 scriberet
855 4878 1204 4933 Anastasium
1236 4879 1413 4934 fuisse
1444 4892 1475 4931 a
1502 4881 1760 4937 Mauritio
1788 4884 2124 4953 imperatore
2157 4885 2517 4943 Antiochense
2544 4890 2662 4945 sedi
2692 4868 3013 4949 restitutum
3043 4897 3280 4952 vicesimo
3306 4908 3419 4953 ter-

226 5044 310 5136 i!)
344 5048 565 5136 Ξρβτίο·
591 5050 728 5136 Ῑέἱξζ·
755 5053 921 5136 σΤ-,ί-
951 5054 1194 5136 βιρδς-
1217 5057 1366 5136 51ρλ
1571 5128 1638 5136 η
1840 5060 2001 5136 epist.
2024 5062 2098 5136 ξε)
2118 5079 2150 5136 ;_
2170 5072 2230 5118 et
2257 5064 2356 5136 lib.
2380 5082 2474 5128 vn,
2500 5067 2665 5135 epist.
2687 5070 2777 5135 27,
2815 5072 2952 5128 edit.
2977 5072 3081 5128 BB.

291 5127 309 5208 θ
344 5116 559 5208 signa.
592 5121 730 5208 ait};
760 5125 919 5208 c'h'ois.
954 5131 993 5178 t.
1020 5116 1238 5208 Ill;‘t:_‘ttp.
1265 5129 1290 5180 ι
1310 5126 1389 5190 I2,
1421 5128 1659 5208 pag._2_7.
1874 5116 1892 5130 ⁵
1912 5116 2711 5208 (91_p9gi.ga3pﬁ:'sé§;§'at

242 5186 305 5251 5)
346 5188 578 5256 Niceph.
606 5190 743 5243 Call.
776 5192 910 5246 Hist.
941 5186 1200 5250 eccl.ilib.'
1219 5186 1523 5266 “uncam:
1541 5198 1631 5252 44.

344 5255 592 5332 Ρίιςὶᾳιᾶ
620 5275 750 5332 ann.
774 5261 897 5332 561,
923 5262 949 5332 §
972 5266 1024 5317 ‘2.

1865 5186 2041 5325 ,⁸
2064 5186 2269 5257 1.3me
2300 5186 2714 5263 'caiitizéh’zféé
2756 5209 2897 5265 Bibl.
2936 5212 3143 5293 Caesar.
3181 5216 3279 5273 lib.
3316 5234 3409 5285 τη,

391 5275 494 5324 agi.
525 5275 592 5311 ad
620 5275 750 5313 ann.
774 5275 897 5322 obl,
923 5275 949 5324 ᾗ
972 5275 1024 5317 '2.
1834 5275 1935 5324 0.1

1834 5285 1891 5324 ι).
1919 5275 2041 5324 159.
3138 5292 3142 5293 ⁷

1834 5285 1891 5339 ν’

244 5392 304 5492 ἐξ
342 5395 543 5492 Ξνειιξξῖ.
572 5398 716 5492 {iisti
726 5398 872 5492 Eccl;
890 5401 1002 5492 lib;3
1007 5419 1079 5468 1v,
1107 5392 1342 5474 capt-40.
1844 5487 1854 5492 Δ
2576 5392 3025 5492 βάὶῗῗᾼῖίῶϊὴη
3064 5424 3131 5480 ad
3161 5425 3283 5484 Act.
3311 5427 3410 5485 SS.

215 5463 303 5552 s22
341 5465 1022 5552 Ln-_ub;,v.,q-,pp.s..6,
1067 5463 1110 5552 v_
1174 5463 1242 5552 ;__
1302 5543 1367 5552 η
1838 5463 2757 5552 ιοιὶιιξιξΪυϊῖρῖόέζὲιιῖῐηῖῐέἐ.

215 5532 305 5605 (8)
338 5533 599 5634 GregLM.
648 5532 825 5600 lib—ft,
872 5541 1038 5608 epist.
1079 5543 1131 5606 7,
1173 5542 1264 5611 25,
1299 5543 1407 5613 26;
1455 5552 1512 5602 et
1548 5546 1649 5603 lib.
1672 5563 1728 5615 ν,
2045 5532 2845 5623 ἴδω.
2874 5563 2941 5630 Il,
2973 5580 3027 5634 p.
3053 5564 3175 5623 756.

478 5630 752 5691 Pnaon.
795 5634 909 5695 Gn.
929 5635 1256 5698 LXXXIX.
2786 5656 2790 5661 '
2955 5630 3029 5718 lit
