4026 6308
482 169 632 236 1ἱῖῑ’ῖ5’
1541 179 1602 242 S.
1640 176 2072 238 ANASTASIU

2160 177 2597 238 ΛΝΤΙΟΕΙΙΕΝ
2607 178 2720 240 US.
3611 176 3746 241 1296

477 301 545 349 ﬁt
597 297 828 364 σώματα
873 294 1034 364 ἡμῶν
1083 295 1178 348 ἐπὶ
1219 295 1281 348 τὸ
1323 297 1696 364 πνευματικὸν
1743 298 1836 350 καὶ
1873 296 2172 366 ἄφθαρτον.
2230 297 2339 350 Καὶ
2373 300 2419 349 εἰ
2451 296 2507 350 ὲν
2535 299 2819 368 καινότητι
2852 297 2998 366 ζωῆς
3029 297 3525 368 περιπατήσωμεν,
3560 296 3744 370 ἁρπα-

477 387 546 456 γη
559 387 763 456 σόμεθα
798 387 856 438 ὲν
885 386 1138 455 νεφέλαις
1169 389 1250 450 εἰς
1275 388 1581 456 ἀπάντησιν
1609 385 1704 438 τοῦ
1735 387 1941 456 Κυρίου
1971 389 2053 449 εἰς
2079 386 2238 457 ἀέρα,
2272 388 2367 440 καὶ
2395 389 2568 450 οὕτως
2598 390 2830 442 πάντοτε
2865 389 2964 442 σὺν
2990 389 3182 456 Κυρίῳ
3209 388 3470 458 ἐσόμεθα,
3493 381 3538 456 ᾧ
3560 389 3596 457 ὴ
3617 387 3745 451 δόξει

479 483 572 532 καὶ
621 479 684 532 τὸ
735 479 940 550 κράτος
990 481 1071 542 εἰς
1113 481 1240 542 τοὺς
1285 481 1488 542 αἰῶνας
1521 479 1632 532 τῶν
1665 479 1902 532 αἰώνων.
1949 481 2069 550 Ἀμι

2183 479 2470 543 Lambec.,
2504 481 2644 547 VIII,
2672 497 2726 550 p.
2755 481 2858 533 117
2893 480 2970 551 [p.
2993 479 3100 534 250
3128 495 3246 550 seq.
3277 495 3332 534 ιι.
3359 479 3449 544 15,
3481 477 3737 550 Kollar.].

476 573 634 628 FABR.
671 572 728 627 V.
757 587 944 643 supra,
981 573 1035 626 in
1065 574 1121 626 h.
1147 574 1255 627 vol.
1281 589 1334 643 p.
1375 572 1638 628 244.-Ιιι
1667 575 1792 629 cod.
1819 575 2051 630 Coislin.

2151 576 2199 629 4.
2231 574 2287 630 ν.
2313 575 2689 630 Montfaucon.
2723 574 2862 630 Bibl.
2883 575 3108 630 Coislin.
3133 591 3187 645 p.
3215 576 3340 640 419,
3367 591 3425 629 ιι.
3449 574 3541 628 44.
3572 573 3735 628 Ηιιιι..

545 677 580 723 4
620 669 878 732 "li-465m;
907 669 1174 740 σύντομος
1194 669 1296 738 τῆς
1338 669 1624 740 ὀρθοδόξου
1655 669 1892 734 πίστεως
1929 670 2066 742 (55).
2099 671 2135 725 Ε

2141 671 2376 742 Γετροδὶιὶο
2401 671 2803 742 compendiaria
2831 670 3137 724 orthodoxa:
3167 669 3312 738 ﬁdei,
3347 684 3450 740 per
3477 667 3731 738 quaestio-

478 782 573 819 nes
613 773 670 820 ct
716 767 1130 836 responsiones.
1169 765 1367 834 Incipit
1395 783 1407 819 :
1436 766 1603 829 Ποίας
1627 766 1937 839 θρησκείας
1970 764 2042 834 εἳ,

2145 767 2360 839 θρωπες
2391 768 2722 836 Χριστιανός
2769 770 2908 838 εἶμι.
2947 768 3060 820 Καὶ
3085 767 3136 819 τί
3176 769 3292 820 ἐστι
3320 765 3650 836 Χριστιανός
3672 782 3687 827 ;
3710 765 3735 817 ὁ

477 859 618 913 κατὰ
649 859 780 910 Θεὸν
807 857 934 922 ζῶν.
957 857 1080 912 Lat.
1111 865 1246 912 tom.
1276 857 1369 912 XII
1391 855 1530 910 Bibl.
1560 857 1672 912 PP.
1702 858 1792 913 ed.
1818 858 2020 928 Lugd.,
2050 875 2067 928 ι

2146 876 2173 926 ς.
2212 859 2376 913 1045.
2409 859 2596 914 Graece
2631 859 2810 913 edidit
2838 857 3266 928 versionemque
3300 857 3555 912 Latinam
3585 857 3736 913 addi-

475 954 558 1007 dit
591 953 918 1006 Theodorus
945 950 1107 1014 Beza,
1133 948 1342 1005 Genev.
1381 950 1537 1010 I570.
1564 951 1618 1016 8,
1654 967 1766 1004 una
1796 966 1922 1005 cum
1955 952 2117 1006 libris
2141 952 2184 1006 V
2209 938 2498 1006 Athanasii
2529 952 2607 1005 De
2637 951 2916 1015 Trinitate,
2945 950 3150 1005 Basilio
3183 961 3377 1006 contra
3405 949 3734 1005 Eunomium

474 1056 530 1100 ct
557 1043 879 1099 Piimbadio.
907 1043 985 1097 Ex
1015 1043 1292 1098 Anastasii
1315 1043 1650 1098 Antiocheni
1686 1052 1744 1098 et
1783 1044 1972 1116 Cyrilli
2000 1044 2157 1099 Alex.
2193 1045 2415 1115 scriptis
2449 1045 2518 1099 ab
2550 1044 2740 1114 aliquo
2773 1043 2852 1114 (S.
2893 1042 3164 1107 Maximo,
3197 1051 3260 1097 ut
3293 1051 3453 1098 notat
3473 1042 3730 1112 Car-atus),

474 1140 767 1194 conﬂatam
817 1139 961 1192 hanc
991 1137 1230 1202 ἔκθεσιν,
1259 1153 1372 1192 non
1395 1138 1616 1194 dubitat
1645 1138 2034 1194 Henschenius
2058 1147 2192 1192 tom.
2213 1137 2258 1192 II
2293 1137 2468 1207 April.
2505 1153 2560 1206 p.
2589 1137 2713 1192 854.
2743 1136 2905 1190 Edita
2939 1151 3162 1206 quoque
3188 1137 3485 1204 separatim
3509 1141 3731 1188 curante

473 1230 523 1284 J.
558 1227 870 1283 Fuchtenio
897 1236 1005 1292 est,
1039 1225 1348 1281 Helmstad.
1389 1227 1551 1292 1615,
1600 1228 1672 1290 8;
1707 1235 1765 1282 et
1799 1243 1932 1283 mss.
1964 1236 2235 1282 memorat
2261 1227 2455 1282 Lamb.
2490 1226 2630 1292 V'Ill,
2665 1243 2721 1296 p.
2749 1227 2876 1280 471.
2929 1225 3012 1298 [3.
3048 1241 3103 1296 p.
3139 1225 3265 1290 986,
3301 1241 3360 1281 n.
3393 1224 3427 1277 9
3455 1223 3544 1278 ed.
3575 1221 3732 1294 Koll.]

475 1324 637 1378 FABR.
665 1323 725 1377 In
746 1321 870 1377 eod.
893 1322 1004 1376 vol.
1032 1303 1237 1391 p.752,
1258 1323 1382 1377 cod.
1403 1321 1494 1387 55,
1520 1338 1576 1376 ιι.
1602 1322 1656 1388 4,
1687 1323 2123 1376 suntvariorum
2147 1330 2445 1376 auctorum
2473 1320 2549 1388 (in
2580 1319 2669 1375 his
2682 1321 2987 1385 Anastasii,
3012 1317 3348 1388 patriarchae
3379 1315 3732 1382 Antiooheni)

473 1415 831 1484 (pastiones,
873 1415 1270 1484 responsiones
1291 1423 1348 1469 et
1379 1405 1737 1468 definitiones
1771 1414 2103 1485 theologicae
2136 1414 2511 1468 miscellaneae
2547 1411 2616 1467 de
2645 1412 2774 1467 ﬁde.
2809 1412 2918 1468 Sed
2944 1427 3067 1468 esse
3087 1411 3279 1484 Cyrilli
3303 1409 3732 1479 disputationem

473 1529 598 1568 cum
631 1511 908 1577 Nestorio,
935 1526 1058 1580 quae
1083 1510 1290 1582 Cyrillo
1315 1511 1523 1580 passim
1553 1509 1838 1575 tribuitur,
1869 1525 1938 1564 ex
1964 1509 2322 1564 Antirrhetico
2353 1508 2475 1578 ejus
2503 1505 2574 1560 ab
2605 1520 2882 1576 anonymo
2907 1504 3094 1560 forsan
3127 1505 3524 1574 conscriptam,
3555 1505 3736 1556 monet

473 1603 679 1664 Kollar.
713 1609 767 1662 in
806 1615 935 1660 nota
966 1606 1028 1660 Α.
1067 1605 1230 1661 Conl.
1258 1621 1444 1676 supra,
1475 1606 1588 1660 vol.
1625 1605 1718 1670 IX,
1752 1621 1808 1676 p.
1841 1605 1966 1670 491,
2005 1621 2062 1659 n.
2101 1604 2224 1669 197,
2251 1611 2308 1658 et
2341 1618 2464 1672 quae
2490 1603 2567 1657 ibi
2599 1602 2656 1656 in
2685 1602 2834 1657 notis
2865 1619 2933 1673 yy
2967 1611 3024 1656 et
3056 1619 3116 1655 zz
3145 1601 3374 1670 ascripsi
3411 1618 3424 1654 :
3465 1599 3737 1670 prascipue

473 1702 540 1754 de
567 1698 808 1759 Oudino,
845 1695 937 1765 qui
974 1703 1104 1749 tom.
1138 1693 1180 1758 I,
1208 1709 1262 1764 p.
1297 1695 1437 1748 1665
1466 1709 1612 1764 seq.,
1644 1693 1711 1748 ad
1741 1708 1792 1748 a.
1833 1693 1959 1756 685,
1985 1693 2133 1747 illam
2162 1693 2422 1762 epellam,
2458 1693 2512 1746 in
2541 1707 2654 1762 qua
2684 1700 2880 1746 auctor
2907 1691 2977 1747 de
3000 1692 3413 1755 Monotheletis.
3443 1703 3575 1748 ante
3604 1709 3654 1747 a.
3675 1692 3734 1749 ϐ.

473 1791 579 1844 625
609 1790 690 1843 vel
727 1789 832 1842 650
879 1803 989 1842 non
1050 1787 1215 1850 natis,
1253 1786 1498 1850 disserit,
1527 1785 1821 1868 Anastasio
1843 1787 2000 1840 tertio
2027 1785 2248 1851 asserit,
2278 1794 2333 1840 et
2368 1785 2437 1840 de
2459 1785 2666 1840 Oudini
2695 1800 2908 1850 errore,
2941 1803 2972 1841 a
2997 1787 3242 1842 Kollario
3271 1787 3580 1858 castigato:
3613 1786 3736 1841 add.

473 1887 676 1941 Oudin.
709 1895 842 1940 tom.
875 1883 942 1946 II,
980 1899 1104 1953 pag.
1138 1883 1266 1949 574,
1303 1898 1359 1936 ιι.
1395 1882 1496 1948 10;
1535 1881 1603 1937 de
1638 1882 1800 1937 codd.
1831 1882 1980 1937 conf.
2013 1883 2180 1937 etiam
2213 1882 2479 1936 Lambec.
2510 1888 2566 1936 et
2589 1883 2794 1937 Kollar.
2833 1883 2942 1938 vol.
2971 1883 3064 1948 Ill,
3088 1899 3146 1954 p.
3176 1883 3301 1949 264,
3335 1899 3393 1937 ιι.
3424 1884 3529 1948 10;
3565 1891 3621 1938 et
3646 1898 3740 1937 su-

475 1995 596 2050 pra,
631 1979 698 2032 de
729 1977 931 2047 Hodegi
961 1975 1126 2030 codd.
1150 2003 1218 2016 --
1241 1975 1430 2029 Roma:
1451 1975 1507 2028 in
1537 1974 1664 2029 cod.
1693 1975 2017 2029 monasterii
2049 1974 2106 2030 S.
2138 1975 2302 2029 Basil.
2341 1973 2544 2043 Belide
2569 1974 2862 2029 orthodoxa
2892 1993 2908 2030 :
2939 1975 3069 2032 init.
3088 1975 3255 2047 Ἀρχὴ
3278 1976 3388 2030 τῶν
3421 1975 3599 2044 λόγων
3622 1992 3738 2038 σου,

473 2072 696 2144 Χριστέ.
729 2069 786 2124 V.
806 2068 1109 2123 Montlauc.
1137 2068 1291 2122 Diar.
1323 2067 1443 2122 ital.
1470 2083 1524 2137 p.
1552 2067 1678 2122 2l5.
1713 2067 1918 2122 Eadem
1944 2067 2000 2121 in
2029 2067 2154 2122 cod.
2193 2067 2426 2139 August.
2453 2066 2672 2122 Vindel.
2702 2067 2818 2121 Vid.
2847 2067 3064 2122 Reiseri
3090 2067 3214 2122 Ind.
3245 2083 3378 2122 mss.
3413 2068 3649 2138 August.
3683 2081 3736 2136 p.

474 2167 580 2231 1'2;
610 2175 666 2221 et
693 2165 923 2219 Taurini
962 2164 1017 2219 in
1047 2163 1173 2219 cod.
1211 2163 1346 2234 Reg.
1372 2163 1497 2226 200,
1531 2180 1586 2217 ιι.
1618 2163 1709 2217 24.
1744 2163 1800 2218 γ.
1846 2179 2035 2234 supra,

2141 2173 2181 2220 t.
2211 2163 2280 2220 ad
2315 2170 2456 2219 sect.
2493 2164 2547 2222 6.
2582 2180 2636 2218 ιι.
2666 2164 2718 2219 1.
2751 2195 2820 2206 —-
2843 2165 3098 2228 Ἐκθεσις
3125 2173 3234 2219 etc.
3265 2163 3510 2233 Mosquae
3535 2164 3590 2218 in
3613 2161 3731 2216 cod.

474 2264 671 2334 syuml.
710 2261 832 2317 I50.
866 2261 1183 2316 V.Matthaei
1213 2301 1228 2326 ,
1255 2260 1430 2315 Notit.
1458 2276 1592 2315 mss.
1627 2259 1723 2316 Gr.
1768 2259 1944 2330 Mosq.
1983 2277 2040 2331 p.
2080 2261 2150 2316 85
2177 2302 2190 2326 ,
2228 2279 2284 2316 n.
2317 2261 2408 2326 20,
2441 2261 2532 2316 ed.
2559 2261 2615 2314 in
2650 2261 2704 2316 8.
2731 2291 2801 2302 --
2833 2261 2893 2316 In
2917 2261 3044 2317 cod.
3077 2261 3285 2316 Bodlei.
3320 2260 3412 2324 94,
3437 2274 3496 2313 ιι.
3537 2261 3590 2323 7,
3625 2259 3736 2314 sive

473 2374 529 2410 ιι.
563 2357 723 2420 2377,
749 2354 868 2410 Cat.
898 2370 1028 2410 mss.
1061 2354 1291 2425 Angliaa,
1316 2362 1424 2409 etc.
1454 2353 1497 2420 I,
1526 2363 1584 2407 et
1611 2361 1746 2407 tom.
1782 2353 1846 2418 ll,
1880 2370 1936 2408 ιι.
1969 2353 2134 2420 5955,
2164 2353 2220 2408 in
2248 2354 2374 2410 cod.
2405 2355 2509 2409 Th.
2549 2354 2682 2410 Gale
2714 2354 2833 2412 I25.
2869 2356 3036 2410 11Αιιι..

544 2450 596 2504 5.
631 2449 770 2519 Περὶ
795 2449 902 2502 τῶν
936 2447 1108 2516 ἁγίων
1130 2445 1299 2518 τριῶν
1327 2445 1806 2516 τεσσαρακοστῶν.
1854 2444 1934 2499 De
1967 2449 2134 2502 sancti

2146 2463 2170 2501 s
2207 2448 2374 2502 tribus
2404 2447 2853 2518 quadragesimis,
2890 2462 3089 2517 nempe
3122 2445 3576 2510 resurrectionis,
3601 2445 3736 2500 nati-

476 2541 665 2597 vitatis
691 2540 825 2596 Jcsu
862 2549 918 2595 et
947 2538 1004 2595 S.
1035 2537 1241 2594 Marite.
1267 2537 1469 2607 Incipit
1499 2554 1512 2590 :
1542 2536 1691 2590 Ἔδει
1725 2537 1824 2608 μὲν
1853 2539 2022 2609 ἡμᾶς.
2054 2541 2066 2591 t

2145 2554 2242 2594 ece
2273 2549 2330 2594 et
2361 2539 2558 2594 Latine
2586 2538 2766 2594 edidit
2787 2538 3122 2604 Colclerius,
3151 2547 3286 2592 tom.
3321 2537 3392 2592 III
3414 2527 3735 2594 Monuinent.

475 2653 529 2706 p.
549 2635 803 2696 425-451,
839 2634 1014 2688 Paris.
1044 2632 1218 2694 1686,
1248 2633 1280 2686 4
1304 2673 1318 2696 ,
1353 2646 1458 2685 ms.
1489 2631 1682 2686 codice
1715 2631 1888 2699 Regio
1917 2647 2072 2686 usus.
2106 2631 2268 2686 Eum.
2299 2632 2474 2686 Paris.
2503 2631 2558 2686 in
2589 2633 2728 2689 bibl.
2765 2633 2921 2702 publ.
2964 2629 3510 2696 cod.I220,I7.—-V.
3537 2629 3732 2684 Oudin.

475 2731 512 2784 1.
550 2744 599 2784 c.
634 2737 766 2782 tom.
801 2727 866 2792 Il,
896 2743 950 2797 p.
981 2727 1084 2782 566
1115 2736 1170 2781 et
1199 2727 1322 2788 582,
1356 2727 1450 2796 qui
1487 2727 1639 2782 illum
1663 2727 1914 2782 libellum
1941 2728 2142 2783 asserit
2169 2727 2461 2783 Anastasio
2484 2737 2696 2800 quarto.
2721 2759 2791 2770 -—
2813 2729 2910 2782 Ms.
2941 2729 3199 2794 Nanian.,
3231 2727 3358 2782 cod.
3378 2725 3506 2782 226.
3532 2724 3592 2779 V.
3620 2723 3734 2780 Cat.

477 2819 639 2873 codd.
675 2818 848 2872 (haec.
877 2817 1040 2879 Nam,
1085 2832 1140 2885 p.
1175 2815 1281 2870 278
1307 2855 1320 2877 ,
1369 2831 1424 2869 n.
1466 2817 1517 2869 7.
1543 2847 1611 2858 —
1646 2815 1704 2869 In
1740 2817 1865 2871 cod.
1889 2815 2124 2872 Coislin.
2159 2818 2284 2872 112.
2323 2819 2376 2875 γ.
2410 2819 2786 2876 hlontl’aucon.
2816 2819 2955 2874 Bibl.
2981 2819 3204 2876 Coislin.
3253 2833 3310 2890 p.
3347 2818 3472 2874 186.
3501 2835 3575 2859 -ι-
3600 2818 3732 2874 Add.

479 2926 643 2980 supra
671 2909 736 2963 ad
789 2917 928 2963 sect.
959 2909 1015 2972 2,
1055 2908 1147 2964 tin.
1177 2907 1244 2961 ad
1279 2912 1396 2961 not.
1429 2909 1466 2961 '.
1499 2908 1731 2978 Insuper
1763 2909 2090 2964 Anastasius
2118 2911 2323 2966 citatur
2359 2912 2412 2965 in
2447 2923 2641 2968 catena
2673 2913 2730 2967 in
2766 2913 2970 2968 Lucam
3007 2923 3063 2968 et
3101 2913 3278 2984 Epist.
3327 2915 3396 2967 ad
3439 2913 3733 2968 Romanos.

480 3004 538 3058 ν.
595 3003 852 3058 Lambcc.
910 3001 999 3063 III.
1027 3017 1080 3072 p.
1122 3001 1226 3056 I65
1269 3010 1327 3055 et
1374 3002 1499 3056 174.
1539 3001 1679 3056 Add.
1713 3017 1880 3072 supra
1933 3003 2042 3057 vol.
2078 3001 2218 3069 VIII,
2259 3021 2314 3074 p.
2341 3005 2480 3069 686;
2513 3013 2569 3060 et
2619 3006 2994 3061 Montfaucon.
3025 3005 3165 3060 Bibl.
3199 3003 3424 3060 Coislin.
3459 3019 3584 3074 pag.
3612 3002 3731 3057 251.

475 3129 547 3136 —-
581 3098 636 3151 In
663 3097 872 3151 Catena
903 3097 968 3151 ad
1000 3096 1270 3158 Psalmos,
1299 3095 1352 3149 in
1385 3105 1630 3164 quatuor
1660 3095 2036 3166 evangelistas
2064 3107 2119 3152 et
2153 3099 2208 3151 in
2253 3099 2379 3154 aliis
2417 3113 2548 3168 opp.
2585 3098 2643 3152 V.
2669 3099 2880 3153 Bandin
2922 3098 3099 3154 Calai.
3139 3097 3304 3153 codd.
3345 3096 3443 3152 Gr.
3471 3095 3732 3150 Laurent.

479 3191 531 3252 1,
568 3205 620 3256 p.
653 3189 742 3253 91,
775 3187 865 3250 98,
900 3187 1019 3246 161,
1050 3187 1176 3252 547,
1205 3188 1331 3249 558,
1364 3186 1470 3240 452
1495 3202 1510 3251 ;
1539 3195 1596 3241 et.
1628 3201 1684 3256 p.
1715 3186 1839 3250 295,
1867 3202 1924 3239 ιι.
1960 3187 2069 3242 8.1.

2161 3187 2368 3243 Catena
2421 3189 2476 3244 in
2535 3191 2740 3260 Evang.
2773 3191 3022 3246 Joannis.
3059 3190 3116 3244 V.
3161 3191 3543 3245 Montfaucon.
3599 3185 3728 3242 Bibl.

479 3277 702 3332 eorum.
729 3292 784 3346 p.
817 3279 886 3332 δι
910 3294 924 3342 ;
949 3277 1075 3331 add.
1103 3293 1159 3347 ιι.
1193 3277 1283 3342 66,
1315 3276 1440 3342 l86,
1475 3276 1890 3343 191,412,414
1925 3276 2069 3346 (cod.

2143 3277 2254 3347 97),
2289 3278 2414 3333 420.
2440 3309 2512 3319 -
2540 3279 2682 3334 Ibid.
2706 3295 2761 3350 p.
2787 3279 2912 3345 574,
2953 3278 3228 3335 Anastasii
3260 3279 3490 3335 Sinaitae
3537 3277 3730 3348 capita.

478 3374 534 3426 in
565 3372 689 3426 cod.
727 3371 832 3424 570
865 3370 962 3424 Iln.
988 3394 1054 3410 -ο
1111 3370 1186 3424 Ex
1217 3371 1510 3429 Anastasio
1558 3381 1617 3427 et
1647 3370 1771 3426 aliis
1814 3371 1874 3426 in
1918 3371 2048 3427 cod.
2101 3372 2335 3443 August.
2369 3375 2586 3430 Vindel.
2623 3375 2660 3430 V
2694 3373 2910 3431 Reiser.
2944 3375 3119 3430 Indic.
3157 3391 3292 3432 mss.
3321 3384 3434 3431 etc.
3464 3391 3518 3446 p.
3551 3375 3640 3430 59.
3669 3401 3734 3413 --

479 3469 894 3536 Fragmentum,
924 3465 1018 3520 ubi
1079 3465 1148 3521 de
1203 3467 1336 3530 illis,
1367 3469 1462 3536 qui
1497 3467 1853 3535 arctioribus,
1888 3485 2054 3540 quam
2114 3469 2293 3537 decet,
2333 3470 2621 3534 limitibus,
2657 3471 2758 3526 Dei
2795 3471 3095 3540 potentiam
3153 3471 3451 3538 deﬁniunt,
3479 3473 3655 3528 Paris.
3681 3472 3734 3528 in

475 3561 615 3618 bibl.
655 3561 806 3630 publ.
840 3561 965 3616 cod.
991 3561 1154 3625 2086,
1184 3561 1233 3614 1.
1259 3588 1330 3600 -—-
1373 3560 1450 3615 De
1482 3563 1817 3632 prazscientia
1845 3573 1956 3618 etc.
1989 3563 2110 3627 Dei,
2140 3563 2415 3619 Anastasii
2455 3571 2512 3618 et
2550 3563 2790 3618 aliorum
2822 3563 3206 3629 auctoritates,
3239 3563 3489 3620 Floreat.
3526 3566 3581 3620 in
3611 3565 3728 3620 cod.

477 3655 747 3710 Laurent.
782 3653 838 3718 6,
897 3670 952 3710 ιι.
998 3653 1051 3718 8,
1091 3653 1231 3724 plut.
1263 3653 1355 3708 86.
1386 3653 1444 3708 V.
1477 3653 1712 3708 Bandin.
1757 3653 1934 3710 Catal.
1964 3655 2128 3710 codd.
2164 3653 2263 3710 Gr.
2297 3655 2462 3710 Laur.
2499 3657 2554 3720 5,
2589 3672 2646 3726 p.
2678 3655 2804 3710 295.
2840 3655 3010 3710 ΒΑΜ..
3037 3655 3318 3712 Anastasii
3351 3655 3642 3714 Orationes
3669 3656 3730 3721 ιτ,

480 3769 766 3812 sermones
789 3753 881 3818 111,
912 3761 969 3808 et
1015 3759 1285 3808 tractatus
1333 3751 1412 3806 De
1439 3755 1640 3808 sanctis
1676 3755 1804 3809 trib.
1837 3755 2116 3824 Quadrag.
2160 3753 2404 3824 (exclusa
2437 3753 2778 3824 Expositione
2805 3751 2976 3824 ﬁdei),
3010 3753 3274 3824 leguntur
3304 3753 3476 3808 etiam
3519 3769 3590 3808 ex
3620 3752 3733 3809 Ste-

481 3846 668 3909 vartii,
703 3843 1021 3900 Combeiisii
1051 3848 1199 3911 (cum
1235 3842 1448 3897 Fabric.
1481 3843 1700 3914 Suppl.)
1729 3853 1785 3898 et
1810 3843 2076 3900 Cotelerii
2107 3843 2236 3899 edd.
2267 3845 2321 3898 in
2349 3843 2625 3899 Gallandii
2653 3843 2790 3898 Bibl.
2823 3852 2950 3898 vett.
2978 3842 3090 3898 PP.
3121 3851 3254 3898 tom.
3280 3843 3400 3908 XII,
3423 3859 3480 3914 p.
3500 3843 3605 3900 232
3626 3859 3728 3912 sq.,

420 3944 428 3953 '
479 3941 538 3996 in
569 3937 809 4009 prolcgg.
839 3952 893 4006 p.
928 3952 1037 3990 xvu
1066 3955 1080 4001 ;
1109 3933 1206 3990 sed
1240 3951 1412 4004 pauca
1439 3936 1526 3999 iis,
1553 3951 1677 4006 quae
1707 3937 1994 3993 Fabricius
2022 3936 2090 3991 de
2121 3935 2412 3992 Anastasio
2439 3936 2699 3991 Antioch.
2733 3935 3022 4002 disseruit,
3049 3935 3266 4008 adjecta
3291 3946 3444 3992 sunt.
3479 3936 3638 3992 Βιισιι.
3785 3934 3794 4009 ζ

1202 4224 1482 4267 EJUSDEM
1525 4224 1850 4269 ANASTASII
1905 4225 2156 4270 SCRIPTA
2200 4224 2458 4268 INEDITA
2495 4223 2609 4266 νει.
2650 4222 3023 4266 DEPERDITA.

551 4359 604 4414 6.
639 4353 846 4410 Relalio
881 4352 951 4406 ad
974 4349 1340 4406 Iustinianum
1373 4353 1503 4421 imp.
1543 4351 1742 4407 Contra
1775 4353 2306 4424 Aplttltartodocetas.
2338 4354 2533 4425 Evagr.
2561 4353 2652 4418 IV,
2685 4350 2775 4407 40.

547 4453 600 4507 7.
629 4447 709 4504 Ad
734 4446 1014 4500 monachos
1037 4446 1226 4514 prima:
1253 4454 1301 4497 et
1323 4447 1568 4499 secundae
1594 4443 1784 4516 Syriae,
1817 4446 1886 4500 dc
1919 4446 2114 4500 eodem
2143 4453 2492 4515 argumento.
2520 4444 2602 4500 Id.

463 4553 470 4558 ‘
552 4544 606 4599 8.
639 4541 810 4607 Λόγος
873 4540 1288 4608 συντακτήριος,
1331 4538 1449 4594 sive
1479 4536 1665 4592 Sermo
1690 4538 2053 4593 valedictorim

2141 4538 2160 4591 1
2183 4539 2554 4605 Antiochenos,
2585 4553 2710 4593 cum
2741 4553 2769 4592 a
2790 4537 3106 4594 Justiuiano
3145 4536 3204 4593 in
3233 4535 3492 4592 exsilium
3519 4539 3731 4594 mitten-

480 4636 587 4692 dus
619 4641 788 4688 esset.
823 4630 898 4684 Id.

552 4729 604 4781 9.
642 4724 798 4779 Alius
833 4723 1156 4790 εἰσιτήριος,
1181 4721 1299 4776 sive
1325 4724 1740 4793 (.uspicatorius,
1775 4724 1997 4794 quando
2021 4725 2087 4780 ad
2123 4741 2221 4780 eos
2252 4739 2398 4779 anno
2429 4741 2479 4778 ιιι
2518 4721 2796 4788 Mauricii,
2828 4722 3035 4778 Christi
3067 4723 3194 4786 595,
3221 4723 3290 4776 ab
3323 4724 3526 4778 exsilio
3551 4721 3725 4786 rediit,

481 4833 649 4891 quem
677 4816 876 4886 legisse
925 4829 984 4868 se
1015 4823 1253 4870 testatur
1278 4816 1631 4885 Nicephorus
1659 4833 1787 4872 xvm
1813 4858 1827 4882 ,
1856 4819 1944 4873 44.
1979 4818 2238 4874 Labbcus
2267 4819 2322 4873 in
2356 4818 2493 4872 Bibl.
2528 4835 2664 4872 nova
2701 4834 2827 4872 mas.
2865 4833 2921 4887 p.
2950 4817 3039 4884 82,
3070 4824 3308 4872 testatur
3334 4819 3394 4870 in
3424 4816 3564 4871 bibl.
3592 4815 3731 4885 regis

465 4913 674 4973 'Gailize
702 4918 920 4962 exstare
958 4922 1062 4960 ms.
1090 4907 1368 4962 Anastasii
1405 4923 1741 4974 sermonem,
1777 4927 1897 4964 cum
1925 4911 1995 4964 ad
2028 4927 2182 4965 suam
2218 4911 2414 4964 rediret
2441 4909 2639 4964 sedem.

556 5003 642 5056 10.
677 5002 832 5056 Aiius
858 4999 1156 5070 εἰρηνικὸς,
1179 4999 1253 5052 De
1289 5017 1440 5071 pace,
1483 5000 1707 5056 habitus
1723 5002 1873 5056 circa
1899 5001 2042 5056 idem
2073 5011 2292 5070 tempus
2320 4999 2456 5055 feria
2486 5007 2681 5068 quarta
2701 4997 2915 5053 Sancte
2941 4997 3311 5054 hebdomadis
3329 5005 3386 5052 et
3419 4997 3599 5053 eidem
3628 5011 3735 5050 me-

465 5106 734 5176 num-atus
787 5092 1120 5164 l\'iccpliuro.
1161 5095 1262 5150 llic
1309 5096 1491 5150 adhuc
1521 5105 1774 5151 servatur
1803 5113 1904 5152 ius.
1936 5097 1990 5151 in
2015 5096 2150 5152 bibl.
2185 5095 2454 5163 Caesarea,
2497 5105 2634 5151 teste
2676 5093 2972 5150 Lambecio
3002 5094 3136 5160 VII,
3168 5110 3292 5165 pag.
3329 5093 3432 5148 I68
3453 5095 3562 5164 (36)
3598 5109 3614 5146 :
3643 5089 3733 5160 qui

557 5253 669 5322 (333;)
699 5251 952 5306 Oiulinus
978 5269 1032 5322 p.
1056 5253 1177 5316 liii,
1209 5253 1280 5305 De
1299 5254 1483 5323 script.
1511 5252 1691 5308 ert-les.
1725 5253 2060 5322 suspicatur,
2171 5253 2384 5317 eundo;
2421 5252 2518 5307 sed
2569 5253 2924 5308 Anastasium
2950 5251 2995 5306 II
3017 5247 3386 5323 patriarcham
3414 5247 3587 5303 libros
3609 5244 3736 5300 scri-

486 5320 797 5396 1ιίεξιιιέῄδδίε
845 5320 1174 5396 opus'euluin
1228 5320 1526 5396 Anastasii,
1577 5325 1726 5391 quod
1786 5320 1964 5396 cistat
2006 5325 2061 5378 in
2171 5337 2266 5396 pto
2287 5320 3166 5396 consignassc,negatWaleh.in
3189 5320 3734 5396 IIist.Iiwre_sum,etf.

488 5395 621 5446 lilii.
658 5387 976 5448 Florentino
1010 5395 1111 5448 sub
1145 5395 1326 5458 titulo,
1357 5387 1608 5450 Dercetis
1632 5399 1870 5450 veritatis
1898 5393 2066 5465 placi-
2170 5387 2268 5450 cit.
2304 5387 2608 5453 tomelIl,
2638 5410 2693 5464 p.
2727 5387 2850 5448 830.
2877 5395 3042 5448 Plura
3071 5391 3183 5445 vid.
3221 5406 3391 5465 supra
3419 5389 3487 5444 ad
3509 5397 3657 5465 _sect.
3686 5387 3734 5442 l.

487 5467 574 5518 τὶς·
1898 5460 1909 5465 ’
2153 5475 2290 5524 ,ιιοι.
2329 5483 2378 5520 ε.
2409 5460 2666 5532 ascripta.
2703 5465 2830 5518 Haec
2857 5479 2964 5518 una
2995 5471 3137 5517 orat.
3169 5462 3236 5516 ad
3266 5460 3622 5532 Anastasiuin
3656 5472 3736 5510 sr-

557 5533 668 5604 il'u’i)
711 5532 836 5604 Sive
870 5549 924 5602 p.
963 5533 1066 5588 356
1104 5549 1235 5602 seqq
1291 5535 1382 5588 rd.
1408 5535 1613 5588 Kollar.
1650 5537 1704 5590 in
1741 5536 1977 5595 οοι1.90,
2008 5553 2064 5590 n.
2173 5537 2424 5599 niorcm,
2457 5530 2764 5588 Antiochiae
2819 5535 3162 5604 episcopum,
3188 5541 3474 5604 “spectare
3532 5530 3736 5584 videtur

495 5603 576 5654 16.
611 5601 885 5656 LanibecI
921 5621 1041 5656 caui
1107 5601 1347 5675 assignat
1399 5606 1689 5662 Anastasio
1719 5608 1941 5672 Sitiaitae
1983 5626 2068 5662 ss-

1763 5608 1941 5672 inaitae
1983 5626 2068 5662 δε·
2155 5607 2412 5672 _UtItIIIIO,
2451 5608 2486 5659 1.
2518 5623 2569 5660 e.
2608 5615 2740 5661 lout.
2779 5601 3353 5676 11,”ρειε.’585.11.ιιιι..
