4026 6308
449 5453 460 5482 l

481 409 638 488 ’1299

1663 448 1727 507 S.
1767 447 2168 512 ANASTASII
2228 452 2699 517 ANTIOCHENI

3623 457 3754 526 1300

495 537 592 601 eti,
625 537 842 636 oﬁicina
887 545 1181 615 prodiisse.
1223 547 1434 607 Monuit
1475 551 1644 608 etiam
1690 553 2079 616 Hensclienius
2130 570 2267 617 tom.
2294 562 2340 617 li
2367 563 2570 634 April.,
2604 581 2659 635 p.
2691 564 2816 628 854,
2844 561 2997 620 illius
3043 570 3298 636 tempore
3344 562 3564 622 nullum
3589 565 3755 623 fuisse

495 642 682 702 regem
716 633 1008 732 Persarum
1032 638 1336 696 Arenatum
1357 684 1370 709 ,
1398 644 1494 700 sed
1531 655 1653 717 post
1679 645 1985 716 Chosroen,
2013 653 2108 722 qui
2148 655 2309 721 annis
2342 633 2928 728 duodequinquaginta
2955 633 3201 728 praefuit,
3235 657 3594 716 Hormisdam
3622 675 3746 732 reg-

491 736 659 781 nasse
686 729 849 786 annis
877 732 1232 804 quindecim.|

560 819 982 914 2l.7Anastasii,
1021 829 1343 887 Damasceni
1375 840 1434 889 et
1463 833 1702 890 aliorum
1747 838 2051 908 ἐρωτήσεις
2085 857 2107 892 τ

2180 840 2214 894 ἡ
2255 842 2517 907 πίστεως.
2549 841 2677 900 Mss.
2709 843 2970 900 Lambec.
3003 841 3139 910 Vlll,
3170 858 3226 914 p.
3258 842 3384 900 556.
3416 842 3624 914 Incipit
3649 861 3664 898 :
3692 843 3756 897 Tt

491 913 792 980 πιστεύεις,
829 917 1144 988 Χριστιανὲ,
1181 923 1278 976 καὶ
1312 923 1450 988 πῶς.
1481 915 1667 997 [0th
1692 937 1810 983 not.
1843 929 1911 983 ad
1947 939 2086 984 sect.

2207 947 2264 986 η.
2301 931 2383 1004 η.
3157 951 3160 954 ~

560 1006 650 1060 22.
683 1008 971 1077 Κεφάλαια
1000 1012 1116 1067 sive
1147 1015 1325 1084 capita
1371 1025 1596 1072 centum
1643 1020 1712 1074 ad
1745 1019 1997 1092 Sergium
2021 1022 2429 1080 Scholasticum
2459 1026 2708 1082 citantur
2733 1025 2788 1083 in
2814 1027 3044 1084 Joannis
3071 1026 3407 1083 Antiocheni
3431 1027 3640 1098 eclogis
3673 1041 3757 1081 as-

491 1100 686 1157 ceticis
721 1119 852 1158 mss.
885 1107 1030 1174 apud
1057 1107 1412 1166 Lambecium
1443 1113 1506 1178 V,
1540 1130 1594 1185 p.
1633 1115 1752 1170 105.
1791 1115 1874 1188 [Ρ.
1896 1117 2004 1172 225
2029 1118 2120 1174 ed.
2170 1119 2433 1194 Kollar.].

557 1194 648 1250 25.
679 1197 1059 1267 Dcﬁnitiones,
1079 1204 1372 1272 Κεφάλαιτι
1395 1208 1737 1278 ὲμφιλόσοφα
1763 1211 1874 1282 ρνβ’
1894 1210 2062 1285 (162),
2091 1213 2249 1270 ἅτινα
2272 1219 2330 1271 ὲν
2353 1220 2467 1280 τοῖς
2493 1216 2660 1282 θείοις
2683 1216 2919 1289 δόγμασι
2946 1217 3241 1281 διαπαντὸς
3266 1216 3597 1288 ἐμφέρεται.
3624 1215 3750 1270 Mss.

487 1288 541 1372 in
569 1291 706 1345 bibl.
732 1293 1000 1350 Cmsarea.
1040 1298 1278 1369 Incipit:
1317 1302 1653 1377 Ἐπειδήπερ
1692 1307 1864 1378 χωρὶς
1888 1308 2107 1380 ’ὀρθοδόξ

2180 1339 2204 1364 ι.
2240 1311 2378 1367 Vide
2412 1313 2743 1379 Nesselium,
2767 1321 2924 1383 parte
2944 1329 3016 1377 iv,
3051 1329 3107 1382 p.
3139 1313 3230 1376 45,
3256 1327 3313 1366 n.
3343 1290 3428 1364 14.
3465 1310 3624 1364 ΕΑιιιι.
3651 1309 3752 1362 De-

488 1387 771 1446 ﬁnitiones
809 1407 876 1447 ex
926 1392 1219 1451 Anastasio
1267 1397 1523 1469 aliisque.
1579 1403 1656 1457 De
1687 1403 1850 1458 codd.
1883 1403 2201 1461 Vindobon.
2253 1408 2489 1478 aliisque
2549 1409 2662 1462 vid.
2697 1408 2765 1462 ad
2802 1408 2828 1480 §
2859 1408 2895 1461 2
2939 1407 3032 1461 ﬁn.
3068 1407 3259 1460 adnot.
3307 1436 3378 1445 —
3423 1405 3662 1474 Mosqure
3702 1402 3752 1456 in

485 1481 609 1534 cod.
641 1481 729 1547 46,
755 1482 1054 1550 Anastasii,
1079 1487 1411 1556 patriarchae
1431 1491 1692 1548 Antioch.
1719 1494 2107 1563 Deﬁnitiones;

2180 1499 2374 1568 ncipit.
2407 1501 2631 1564 Ἰστέον,
2655 1501 2751 1554 καὶ
2779 1501 2854 1570 μὴ
2879 1498 3198 1567 ἁγνοητέον.
3236 1496 3294 1552 γ.
3322 1496 3565 1550 Matthxi
3593 1495 3751 1549 notit.

484 1573 638 1628 citat.
701 1591 756 1644 p.

487 1663 531 1726 l,
561 1679 614 1735 p.
652 1666 755 1721 144
784 1683 900 1739 seq.
930 1669 1097 1724 Hann.

814 1575 938 1641 521,
995 1593 1052 1631 n.
1089 1577 1144 1632 8.
1172 1607 1246 1620 —-
1277 1577 1525 1637 Venetiis
1569 1583 1625 1637 in
1677 1584 1800 1638 cod.
1862 1584 2141 1642 Marciano
2199 1587 2326 1643 257.
2390 1588 2448 1644 V.
2506 1590 2579 1644 cl.
2634 1589 2848 1646 Morelli
2901 1587 3041 1643 Bibl.
3069 1604 3197 1642 mss.
3236 1586 3331 1642 Gr.
3363 1594 3421 1640 et
3448 1585 3592 1648 Lat.,
3623 1593 3751 1639 tom.

496 1866 2525 1902 Μ

1070 2036 1694 2137 ANASTASII
1776 2039 2535 2138 ANTIOCHENI
2612 2043 3162 2139 EPISCOPI

1929 2281 2324 2416 VITA

1301 2517 1453 2593 (Acta
1478 2527 1806 2591 sanctorum,
1833 2520 2009 2592 April.
2052 2527 2095 2578 t.
2128 2522 2198 2590 ll,
2221 2539 2277 2594 p.
2315 2523 2414 2580 851
2440 2539 2455 2591 ;
2487 2522 2594 2581 Jul.
2629 2531 2669 2581 t.
2695 2524 2786 2596 ιν,
2809 2524 2927 2597 97.)

1494 2836 1549 2883 Β.
1593 2837 1916 2885 ANAS’I‘ASII
1957 2840 2076 2884 RES
2107 2840 2318 2886 GESTAE
2352 2843 2430 2887 ΕΤ
2457 2843 2719 2890 CULTUS.

1679 2982 1765 3054 (Α.
1804 2981 1904 3039 SS.
1939 2992 1980 3040 t.
2015 2985 2060 3041 li
2087 2987 2290 3058 April.,
2324 3003 2379 3058 p.
2412 2989 2564 3060 851.)

558 3139 772 3198 Seculo
825 3149 983 3213 sexto
1035 3149 1093 3198 et
1145 3140 1306 3196 initio
1346 3139 1624 3210 sequenti,
1670 3138 1901 3197 luerunt
1953 3141 2067 3196 duo
2098 3149 2140 3206 Α
2171 3153 2228 3198 et
2253 3144 2536 3214 ponderis,
2574 3153 2633 3200 et
2681 3163 2806 3217 quae
2853 3147 3034 3218 ipsum
3077 3147 3251 3204 Deum
3299 3147 3628 3207 viderentur
3668 3160 3752 3207 at-

487 3233 818 3291 Antiocheni
846 3250 944 3293 seu
985 3233 1375 3304 Theopolitani
1403 3232 1754 3304 patriarchaz,
1794 3235 2071 3291 Anastasii

487 3323 768 3393 appellati.
803 3322 1012 3378 ﬂorum
1049 3323 1263 3393 primus
1303 3323 1373 3378 ab
1405 3322 1708 3392 aliquibus,
1748 3323 2074 3399 sedlperpe-

487 3425 626 3476 ram,
653 3409 861 3466 Sinaita
881 3411 1084 3478 dictus,
1103 3412 1293 3468 sedem
1314 3413 1464 3467 illam
1482 3412 1551 3469 ab
1565 3427 1656 3466 an.
1680 3413 1778 3468 56l
1802 3414 2070 3480 obtinuit,

489 3504 592 3560 sub
625 3515 878 3561 extrema
923 3506 1222 3563 Iustiniani
1263 3508 1612 3578 imperatoris
1653 3515 1943 3579 tempora;
1977 3509 2074 3564 sed

488 3612 518 3650 a
552 3597 774 3654 Justino
799 3599 1028 3656 Juniore
1059 3615 1090 3655 a
1129 3600 1260 3656 sede
1286 3601 1616 3656 deturbatus
1644 3608 1730 3656 est
1767 3616 1912 3656 anno
1946 3601 2070 3665 572,

490 3689 792 3747 substituto
821 3690 1081 3764 Georgio,
1113 3694 1271 3764 cujus
1307 3702 1434 3763 post
1474 3704 1734 3760 mortem,
1762 3695 2073 3766 imperante

488 3783 740 3842 Mauritio
761 3827 776 3850 ,
794 3785 1083 3856 pristinam
1107 3786 1435 3858 dignitatem
1453 3788 1827 3858 recuperavit,
1855 3798 1913 3844 et
1936 3788 1991 3842 in
2009 3803 2074 3843 ea

488 3877 627 3933 vixit
665 3893 838 3949 usque
878 3878 947 3934 ad
1007 3894 1137 3934 ann.
1173 3879 1298 3945 598,
1333 3889 1431 3936 aut
1461 3889 1818 3952 sequentem;
1852 3881 2074 3952 quando

489 3966 567 4024 illi
598 3979 818 4026 mortuo
843 3971 1113 4028 successit
1137 3971 1279 4028 alter
1301 3971 1651 4040 Anastasius,
1686 3975 1894 4045 Martyr
1931 3990 2077 4029 nun-

488 4072 746 4133 cupatus,
775 4064 922 4133 quod
942 4079 974 4119 a
997 4065 1206 4121 Iudaeis
1227 4065 1656 4123 excarniﬁcatus
1673 4066 1747 4122 sit
1761 4066 1907 4122 circa
1936 4082 2070 4122 ann.

489 4154 616 4219 608,
648 4163 745 4210 aut
769 4164 1118 4226 sequentem,
1152 4157 1548 4230 Martyrologio
1593 4159 1846 4214 Romano
1877 4156 2076 4213 inseri-

490 4254 621 4316 ptus
648 4246 716 4301 ad
740 4247 889 4303 diem
914 4248 986 4304 25
1018 4249 1365 4318 Decembris,
1401 4251 1484 4305 uti
1519 4251 1674 4322 prior
1701 4250 1772 4306 ad
1815 4251 1966 4307 hunc
2006 4251 2070 4306 21

489 4341 701 4412 Aprilis
743 4340 833 4397 his
871 4341 1063 4400 verbis
1103 4360 1118 4397 :
1157 4362 1177 4396 ί
1213 4342 1526 4398 Antiochiae
1573 4343 1752 4399 sancti
1799 4342 2077 4398 Anastasii

493 4433 722 4490 Sinaitae
752 4435 1023 4506 episcopi,
1057 4455 1075 4488 ο
1111 4443 1169 4491 et
1194 4435 1249 4490 in
1283 4436 1433 4492 notis
1476 4435 1754 4491 indicatur
1783 4436 1852 4492 de
1878 4436 2077 4490 eodem

493 4542 656 4598 agere
681 4527 905 4584 Graecos
927 4527 1033 4584 hac
1067 4527 1158 4584 die
1193 4527 1248 4583 in
1279 4528 1593 4600 Menologio
1615 4530 1743 4599 :qui
1767 4545 1900 4585 sane
1929 4529 2078 4585 Ana-

495 4619 650 4674 stasii
693 4618 922 4676 Sinaita
952 4619 1346 4686 meminerunt,
1397 4619 1494 4676 sed
1541 4621 1692 4675 nulla
1747 4621 1889 4676 facta
1922 4637 2080 4676 men-

495 4712 646 4768 tione
670 4711 980 4768 Antiochiae
994 4721 1091 4767 aut
1108 4712 1484 4784 episcopatus.
1507 4712 1656 4768 Idem
1686 4711 1834 4768 inter
1857 4722 2081 4770 sanctos

493 4805 686 4860 Patres
721 4811 1046 4860 recensetur
1078 4804 1135 4858 in
1167 4802 1380 4876 synodo
1408 4803 1628 4860 Nicaena
1660 4819 1696 4858 ιι
1718 4843 1733 4868 ,
1774 4813 1833 4858 et
1877 4805 2082 4874 passim

493 4893 552 4951 in
600 4895 778 4951 titulis
824 4893 1066 4967 praeﬁxis
1106 4903 1235 4951 ante
1270 4896 1392 4967 ejus
1425 4910 1595 4965 opera
1627 4895 1769 4950 infra
1820 4895 2080 4952 indicata.

497 4988 675 5060 Hujus
701 4988 969 5059 temporis
991 4988 1231 5060 scriptor
1255 4988 1360 5043 fuit
1384 4988 1654 5060 Evagrius
1680 4988 2079 5056 Scholasticus,

495 5080 593 5152 qui
649 5081 685 5136 I.
737 5097 790 5137 IV
818 5080 1071 5138 Historia:
1120 5079 1528 5146 Ecclesiasticaz,
1561 5096 1682 5150 cap.
1721 5081 1811 5147 58,
1857 5082 2079 5148 asserit,

497 5186 625 5250 post
655 5178 991 5234 Domninum
1020 5177 1344 5248 episcopum
1378 5175 1855 5246 Theopolitarum,
1889 5176 1944 5230 id
1996 5184 2082 5231 est

496 5269 994 5336 Antiochenorum,
1039 5278 1290 5326 creatum
1341 5268 1715 5335 Anastasium,
1771 5275 1827 5322 et
1862 5283 1982 5338 cap.
2016 5267 2084 5322 59

499 5358 621 5429 ejus
647 5359 833 5414 studia
867 5368 925 5415 et
966 5373 1056 5414 res
1105 5367 1287 5431 gestas
1326 5359 1555 5428 exponit
1589 5358 1675 5413 his
1705 5357 1914 5413 verbis.

578 5469 597 5502 ι
631 5449 958 5508 Anastasius
1002 5451 1090 5506 vir
1116 5460 1237 5507 erat
1265 5466 1390 5506 cum
1425 5451 1481 5505 in
1527 5465 1810 5505 sacrarum
1842 5449 2082 5506 Littera-

431 5550 450 5587 ἰ
499 5556 626 5598 rum
666 5542 982 5614 cognitione
1007 5542 1254 5613 apprime
1289 5542 1552 5606 disertus,
1596 5552 1711 5596 tum
1748 5542 1806 5597 in
1835 5542 2086 5598 moribus

449 5630 462 5677 z‘
502 5652 566 5694 ac
600 5643 713 5692 tota
762 5636 890 5692 vita:
953 5636 1166 5690 ratione
1217 5634 1359 5691 adeo
1409 5635 1743 5707 exquisitus,
1796 5641 1857 5688 ut
1915 5634 2081 5689 etiam

503 5746 688 5787 rerum
717 5728 1086 5785 levicularum
1120 5743 1374 5799 magnam
1401 5742 1590 5782 curam
1618 5725 1872 5790 haberet,
1903 5741 2084 5794 neque

2173 3237 2408 3308 tingere.
2443 3237 2588 3306 Quin
2611 3240 2780 3294 etiam
2809 3241 2882 3295 ita
2908 3257 3069 3297 suum
3097 3241 3426 3313 temperavit
3452 3244 3749 3316 ingenium,

2177 3341 2238 3388 ut
2278 3348 2476 3404 neque
2501 3342 2736 3403 propter
2764 3335 3049 3392 lenitatem
3095 3336 3268 3392 animi
3306 3345 3475 3408 atque
3527 3340 3753 3395 comita-

2175 3433 2309 3490 tem,
2363 3425 2531 3481 nimis
2581 3425 2746 3482 facile
2802 3426 2892 3482 his
2949 3428 3118 3483 rebus
3155 3444 3279 3499 quae
3318 3429 3506 3485 minus
3557 3430 3754 3486 rationi

2175 3518 2592 3574 consentientes
2620 3529 2803 3584 erant,
2835 3519 3089 3587 cederet;
3128 3535 3308 3591 neque
3345 3529 3577 3592 propter
3605 3537 3757 3577 seve-

2175 3608 2395 3664 ritatem
2423 3618 2480 3663 et
2505 3607 2940 3676 inclementiam,
2972 3625 3117 3678 aegre
3146 3609 3232 3664 his
3271 3624 3394 3678 qua:
3423 3619 3575 3665 recta
3617 3609 3753 3664 ratio

2175 3697 2491 3768 postulabat
2550 3698 2938 3754 assentiretur.
3001 3698 3189 3754 Rebus
3247 3698 3411 3753 seriis
3468 3698 3758 3754 audiendis

2175 3790 2298 3859 ejus
2335 3789 2599 3858 patebant
2631 3804 2816 3856 aures,
2847 3798 2905 3845 et
2947 3800 3009 3846 ut
3061 3805 3317 3845 sermone
3348 3789 3652 3860 proﬂuens,
3685 3791 3754 3846 ita

2177 3880 2236 3936 in
2277 3882 2683 3952 quaestionibus
2727 3881 3098 3938 dissolvendis
3141 3892 3339 3938 acutus
3390 3891 3447 3938 et
3472 3883 3757 3954 perspicax

2176 3972 2302 4039 fuit,
2359 3975 2528 4030 rebus
2584 3985 2771 4031 autem
2838 3974 3042 4045 ineptis
3097 3983 3156 4031 et
3211 3974 3426 4031 nullius
3493 3975 3756 4030 momenti

2178 4063 2413 4119 occlusit
2469 4080 2636 4122 aures
2692 4083 2707 4120 :
2770 4066 3014 4137 linguam
3061 4081 3200 4122 vero
3251 4066 3334 4121 sic
3391 4069 3552 4138 quasi
3603 4066 3758 4125 freno

2179 4155 2435 4210 cohibuit
2507 4165 2568 4210 ut
2619 4164 2678 4211 et
2731 4171 3046 4212 sermonem
3087 4157 3302 4212 ratione
3352 4157 3755 4220 moderaretur,

2178 4255 2237 4302 et
2283 4247 2568 4302 silentium
2611 4249 2832 4319 loquela
2867 4247 3244 4320 praestabilius
3272 4247 3540 4306 eﬁiceret.
3591 4249 3755 4304 Istum

2181 4345 2442 4408 tanquam
2495 4348 2708 4393 turrem
2759 4341 3196 4396 munitissimam
3243 4356 3567 4413 oppugnare
3610 4343 3758 4398 omni

2181 4431 2566 4486 machinarum
2632 4447 2836 4503 genere
2885 4449 3178 4504 aggressus
3239 4443 3327 4490 est
3391 4434 3755 4500 Justinianus,

2183 4523 2320 4578 illud
2353 4523 2566 4579 scilicet
2585 4525 2960 4594 complectens
2998 4525 3206 4592 animo,
3236 4541 3296 4582 se
3335 4527 3381 4582 si
3412 4526 3580 4583 istum
3607 4543 3760 4582 ever-

2183 4626 2346 4684 teret,
2395 4616 2549 4671 nullo
2590 4617 2780 4672 labore
2810 4617 3090 4673 civitatem
3135 4625 3306 4673 totam
3337 4627 3754 4689 occupaturum,

2183 4721 2338 4765 recta
2382 4708 2813 4780 ﬁdei-dogmata
2863 4709 3216 4765 redacturum
3251 4722 3509 4780 tanquam
3552 4711 3609 4765 in
3643 4726 3758 4766 ser-

2181 4803 2438 4866 vitutem,
2490 4809 2549 4855 et
2580 4816 2713 4856 oves
2741 4799 2948 4855 Christi
2999 4800 3242 4872 denique
3275 4802 3522 4871 captivas
3568 4801 3638 4856 ab
3665 4801 3760 4856 Ee-

2183 4888 2352 4947 clesia
2385 4892 2778 4948 abducturum.
2823 4892 3028 4948 Verum
3077 4893 3403 4950 Anastasius
3454 4893 3536 4949 sic
3577 4893 3756 4948 divina

2183 4983 2420 5054 quadam
2457 4983 2628 5037 animi
2677 4983 3010 5038 celsitudine
3056 4984 3236 5039 elatus
3264 4983 3369 5038 fuit
3400 4984 3549 5052 (nam
3597 4997 3758 5050 supra

2184 5076 2397 5131 ﬁrmam
2437 5069 2568 5129 fidei
2622 5082 2837 5145 petram
2874 5074 3149 5145 constitit)
3196 5083 3260 5129 ut
3312 5074 3628 5130 Justiniano
3663 5088 3759 5143 per

2183 5169 2398 5225 litteras
2450 5183 2581 5224 suas
2640 5167 2817 5223 libere
2865 5177 2922 5223 et
2959 5177 3149 5239 aperte
3187 5166 3618 5231 contradiceret,
3649 5175 3756 5221 tum

2184 5262 2477 5333 perspicue
2493 5260 2812 5327 admodum,
2836 5268 2954 5315 tum
2978 5260 3185 5315 diserte
3201 5259 3522 5325 ostendens,
3546 5259 3756 5314 divinos

2183 5352 2466 5424 apostolos
2514 5360 2571 5406 et
2605 5358 2828 5404 sanctos
2861 5349 3055 5404 Patres
3102 5349 3387 5404 confessos
3441 5364 3566 5405 esse
3598 5358 3755 5418 atque

2185 5445 2324 5500 adeo
2375 5442 2690 5508 tradidisse,
2739 5456 2946 5512 corpus
2995 5442 3213 5497 Domini
3265 5441 3632 5498 internecioni
3660 5441 3755 5496 ob-

2187 5537 2414 5592 noxium
2445 5536 2637 5601 fuisse,
2668 5542 2724 5591 et
2750 5533 3107 5589 aﬁ‘ectionum
3155 5549 3279 5604 quae
3316 5541 3448 5588 sunt
3475 5541 3672 5588 natura
3702 5532 3754 5586 in

2185 5629 2388 5685 animis
2432 5629 2731 5699 impressaa,
2789 5642 3023 5698 quaeque
3062 5624 3498 5697 reprehensione
3550 5631 3752 5686 carent,

2186 5723 2483 5793 particeps.
2529 5719 2739 5775 Eodem
2786 5717 2951 5773 modo
2995 5717 3164 5772 etiam
3199 5717 3488 5772 monachis
3542 5714 3755 5787 Majoris

505 5824 562 5878 in
609 5823 716 5878 illis
751 5837 782 5875 a
833 5820 1111 5874 constanti
1149 5829 1207 5876 et
1238 5819 1423 5875 stabili
1472 5819 1641 5874 animi
1672 5819 1759 5874 sui
1799 5820 2085 5890 proposito
2113 5836 2157 5897 ρ
2189 5824 2245 5871 et
2295 5813 2522 5869 Minoris
2580 5811 2769 5884 Syriae,
2817 5815 2938 5886 ejus
2985 5814 3053 5870 de
3088 5815 3190 5868 hac
3243 5825 3302 5865 re
3350 5806 3753 5864 sciscitantibus

506 5916 774 5973 decedere
804 5913 988 5979 vellet,
1019 5912 1225 5968 nedum
1265 5911 1322 5967 in
1350 5911 1519 5968 rebus
1557 5911 1780 5968 maximi
1812 5911 2074 5968 momenti

2183 5907 2543 5977 sententiam,
2567 5906 2932 5978 respondens,
2957 5906 3206 5964 omnium
3237 5901 3588 5959 conﬁrmavit
3614 5915 3762 5957 men-
