3910 6300
258 317 389 382 1301

1778 319 1976 380 νιΤΑ.

3368 305 3512 377 13.ιῖ

253 443 357 499 tes,
401 441 565 504 atque
622 432 691 490 ad
737 444 1021 492 certamen
1090 432 1394 490 ineundum
1456 431 1785 503 praeparavit
1820 449 1834 484 :
1867 437 1911 491 A
1940 431 2204 503 Gregorio
2240 431 2608 504 Antiocheno,
2655 429 2850 500 Joanni
2903 427 3425 499 Hierosolymi’tano,
3459 437 3521 484 et

253 523 311 578 in
352 523 599 580 Ecclesia
644 525 884 596 denique
918 526 1189 583 lectitavit
1216 524 1468 594 quotidie
1499 524 1648 578 illam
1686 523 1839 578 Pauli

253 615 399 670 vasis
439 615 733 671 electionis
783 618 1114 672 sententiam
1157 635 1170 670 :
1210 615 1265 670 Si
1298 616 1414 685 quis
1445 615 1584 668 vobis
1618 629 1842 684 evange-

255 705 494 760 lizaoerit
532 716 726 778 prwter
768 707 823 766 id
856 707 996 777 quod
1027 697 1321 777 accepistis,
1371 706 1580 758 etiamsi
1621 702 1842 773 angelus

253 799 318 851 de
342 797 467 852 caelo
512 800 601 862 sit,
637 800 924 854 anathema
976 807 1083 852 esto
1119 797 1322 858 (Galat.
1376 813 1415 861 ι,
1473 796 1584 865 19).
1629 794 1842 860 Quibus

252 902 466 953 ctnnes,
515 890 707 959 paucis
763 891 1034 960 exceptis,
1093 890 1327 954 assensi,
1370 888 1551 944 simile
1596 887 1840 943 studium

255 994 382 1050 erga
418 979 546 1034 fidei
579 979 958 1034 defensionem
995 979 1368 1035 declararunt.

333 1089 352 1122 ί
377 1071 526 1125 [dem
549 1087 716 1140 porro
737 1071 1061 1127 Anastasius
1081 1087 1206 1126 cum
1225 1069 1554 1142 accepisset,
1575 1070 1842 1127 Iustinia-

251 1179 386 1218 num
418 1164 558 1218 velle
584 1165 762 1227 ipsum
784 1163 838 1217 in
857 1164 1116 1219 exsilium
1142 1164 1383 1230 mittere,
1408 1164 1627 1233 scripsit
1649 1163 1715 1218 ad
1734 1165 1847 1218 An-

257 1253 549 1306 tiochenos
565 1253 899 1314 orationem,
928 1269 1037 1321 qua
1057 1269 1250 1308 eorum
1268 1253 1482 1308 animos
1500 1254 1556 1306 in
1584 1253 1689 1308 fide
1712 1268 1845 1308 con-

252 1342 552 1398 ﬁrmaret:
586 1358 709 1411 quae
749 1350 864 1396 tum
905 1344 977 1398 ob
1017 1344 1293 1399 sermonis
1332 1343 1683 1414 elegantiam,
1725 1353 1842 1398 tum

252 1432 327 1488 ob
349 1431 706 1486 crebritatem
724 1432 1144 1497 sententiarum,
1171 1440 1283 1486 tum
1301 1431 1373 1486 ob
1391 1431 1838 1486 testimoniorum

251 1533 284 1575 e
305 1520 477 1575 sacris
499 1521 724 1577 Litteris
740 1523 1037 1591 petitorum
1053 1523 1444 1592 frequentiam,
1473 1532 1587 1578 tum
1606 1523 1845 1592 denique

253 1612 326 1668 ob
353 1612 661 1677 historiam,
684 1629 806 1682 qum
839 1621 947 1668 tam
979 1614 1270 1668 commode
1299 1614 1354 1668 in
1384 1629 1448 1669 ea
1486 1622 1707 1669 narrata
1737 1620 1844 1676 est,

253 1703 464 1772 optimo
481 1703 607 1773 jure
637 1718 768 1757 sane
799 1705 1348 1775 permagnifacienda
1373 1713 1478 1760 est.
1496 1705 1698 1760 Verum
1718 1705 1844 1760 Jus-

1942 524 2234 578 Anastasio
2283 523 2612 593 patriarchae
2661 521 3027 588 Antiocheuo,
3060 538 3078 571 ι
3123 520 3304 574 adhuc
3329 535 3359 574 a
3385 522 3520 576 sede

1941 617 2172 685 depulso
2198 616 2319 670 :cui
2344 615 2574 671 seorsim
2599 621 2920 685 sequentem
2942 612 3228 683 epistolam
3253 613 3323 667 25
3344 613 3514 680 misit,

1942 716 1997 762 et
2025 708 2078 761 in
2108 707 2198 761 bis
2227 708 2340 777 agit
2388 707 2457 762 de
2494 721 2664 760 onere
2697 705 2955 775 pastorali
2983 704 3088 758 sibi
3140 704 3432 774 imposito;
3462 713 3518 759 et

1941 811 2066 865 cap.
2123 796 2191 850 27
2235 795 2432 854 scribit
2497 794 2819 850 Sebastiano
2874 793 3135 863 episcopo
3193 793 3516 853 Risiniensi.

1944 887 2200 942 indicans
2251 887 2654 958 suggestionem
2690 900 2748 940 se
2779 884 2924 955 apud
2959 885 3235 955 piissimos
3264 885 3518 942 dominos

1943 979 2172 1033 summis
2197 978 2455 1048 precibus
2503 978 2721 1047 plenam
2753 976 2972 1040 fecisse,
3017 983 3078 1029 ut
3110 974 3291 1028 virum
3318 973 3520 1029 beatis-

1943 1067 2166 1134 simum,
2213 1069 2497 1124 dominum
2538 1068 2888 1123 Anastasium
2940 1066 3334 1136 patriarcham,
3381 1079 3518 1121 con-

1943 1175 2101 1216 cesso
2152 1176 2255 1215 usu
2299 1161 2474 1230 pallii,
2506 1159 2572 1213 ad
2602 1159 2750 1217 beati
2783 1159 2934 1213 Petri
2961 1156 3340 1227 apostolorum
3365 1149 3491 1226 prin

1944 1253 2083 1326 cipis
2115 1253 2304 1306 limina
2346 1266 2532 1306 secum
2565 1251 2973 1305 celebraturum
3028 1248 3294 1304 solemnia
3327 1247 3522 1303 Missa-

1945 1360 2090 1406 rum,
2144 1342 2518 1399 transmittere
2570 1341 2918 1404 debuissent,
2955 1347 3230 1410 quatenus
3264 1339 3308 1394 si
3351 1337 3401 1394 ei
3451 1338 3526 1393 ad

1945 1436 2131 1491 sedem
2179 1450 2335 1489 suam
2361 1434 2591 1488 minime
2635 1433 2837 1488 reverti
2865 1433 3075 1497 liceret,
3109 1431 3301 1506 saltem
3331 1445 3518 1485 secum

1944 1526 2000 1580 in
2049 1526 2262 1581 honore
2313 1539 2414 1580 suo
2455 1525 2687 1580 viveret.
2718 1523 2977 1593 Ejusdem
3007 1521 3214 1577 domini
3247 1520 3523 1576 Anastasii

1947 1615 2192 1670 animum
2243 1615 2500 1684 cognosci
2554 1622 2610 1668 et
2658 1613 2929 1684 quidquid
2963 1613 3014 1668 ei
3053 1612 3121 1668 de
3161 1611 3265 1666 hac
3299 1627 3358 1666 re
3403 1612 3527 1681 pla-

1949 1706 2146 1770 cuerit,
2197 1705 2302 1760 sibi
2353 1705 2584 1759 indicari
2629 1705 2801 1776 cupit.
2836 1725 2858 1756 ι
2910 1705 2979 1758 At
3004 1703 3147 1758 libro
3190 1719 3243 1758 tv
3289 1703 3527 1772 epistola

257 1793 453 1849 ti’niani
483 1793 727 1847 edictum
755 1794 944 1848 divina
965 1773 1340 1860 Providentia,
1362 1811 1469 1864 qua
1509 1796 1708 1851 melius
1737 1811 1838 1850 no-
1873 1773 1914 1826 Β
1942 1797 2030 1861 57,
2091 1798 2217 1853 data
2268 1796 2570 1851 indictione
2611 1773 2871 1862 l5,ﬁanno
2919 1795 3047 1859 594,
3098 1792 3521 1862 congratulatur

256 1885 346 1939 bis
369 1892 722 1954 prospectum
750 1885 876 1950 fuit,
929 1885 1154 1940 minime
1177 1886 1516 1957 divulgatum
1547 1896 1649 1941 est.
1702 1887 1838 1941 Nam

255 1976 626 2039 Justinianus,
681 1976 776 2046 qui
819 1977 1112 2032 Anastasio
1164 1986 1220 2032 et
1279 1978 1397 2032 suis
1458 1977 1840 2034 sacerdotibus

254 2067 512 2122 exsilium
564 2066 859 2132 indixerat,
905 2083 971 2122 ex
1023 2069 1326 2138 improviso
1370 2072 1678 2139 perculsus,
1714 2085 1839 2124 cum

258 2158 483 2228 triginta
540 2167 666 2213 octo
712 2175 890 2214 annos
937 2161 1182 2230 integros
1211 2169 1268 2216 et
1314 2177 1532 2217 menses
1579 2172 1706 2218 octo
1751 2178 1839 2217 re-

256 2257 500 2322 gnasset,
540 2266 608 2304 ex
653 2251 776 2307 luce
832 2251 1112 2322 migravit.
1139 2272 1157 2305 ι
1204 2253 1332 2308 Haec
1369 2253 1467 2307 ibi.
1516 2255 1840 2310 Eustathius

257 2347 451 2394 auctor
481 2355 720 2407 coaevus,
755 2341 811 2395 in
841 2341 960 2395 Vita
991 2344 1164 2397 sancti
1208 2343 1454 2414 Eutychii
1511 2345 1842 2414 patriarchas
1897 2359 1899 2362 ‘

256 2429 877 2500 Constantinopolitani,
926 2432 1118 2487 eadem
1154 2433 1223 2488 de
1267 2450 1433 2491 causa
1464 2451 1494 2491 a
1527 2436 1840 2492 Justiniano

259 2519 315 2576 iu
365 2522 624 2576 exsilium
657 2522 786 2580 acti.
821 2520 926 2576 ista
954 2522 1257 2592 interponit
1305 2539 1461 2578 num.
1495 2524 1557 2578 51
1601 2525 1668 2579 ad
1693 2525 1839 2579 diem

258 2629 311 2669 vr
371 2614 598 2684 Aprilis.
658 2634 676 2668 ι
727 2615 864 2670 Nam
925 2631 1121 2671 omnes
1176 2618 1500 2686 patriarchae
1569 2619 1840 2688 multique

261 2705 508 2775 episcopi
534 2708 922 2777 praecipueque
971 2709 1274 2763 orientales
1305 2719 1630 2764 recusarunt
1663 2709 1834 2779 impe—

261 2799 480 2851 ratoriae
518 2797 764 2866 opinioni
814 2797 1190 2864 subscribere,
1247 2800 1408 2870 eique
1465 2809 1579 2854 tum
1631 2801 1840 2872 synodo

265 2892 383 2938 tum
423 2886 648 2954 scriptis
702 2885 1053 2951 restiterunt,
1104 2896 1231 2942 ante
1273 2904 1467 2943 omnes
1505 2899 1688 2944 autem
1722 2904 1842 2946 san-

264 2977 545 3032 ctissimus
598 2977 896 3048 Theopolis
966 2979 1279 3048 patriarcha
1332 2981 1674 3044 Anastasius,
1742 2983 1838 3057 qui

1940 1889 2143 1955 eidem,
2185 1890 2332 1959 quod
2377 1889 2491 1945 sedi
2527 1904 2642 1944 sua:
2693 1886 3050 1943 Antiochense
3089 1887 3161 1940 sit
3205 1883 3520 1948 restitutus,

1941 1980 1996 2034 in
2041 1997 2148 2050 qua
2192 1981 2295 2036 sub
2354 1981 2518 2036 finem
2565 1981 2668 2036 ista
2718 1979 2889 2034 habet
2941 1995 2955 2030 :
3015 1996 3032 2028 ‹
3067 1975 3518 2031 Benedictionem

1939 2083 2175 2128 vestram
2210 2090 2318 2142 qua
2366 2073 2681 2136 debuimus,
2732 2079 2916 2126 mente
2975 2069 3342 2139 suscepimus,
3376 2069 3519 2123 bene

1941 2166 2304 2232 redolentem,
2347 2166 2492 2222 bene
2528 2164 2834 2235 sapientem
2868 2182 2883 2219 :
2919 2171 2978 2218 ct
3007 2161 3374 2232 omnipotenti
3404 2161 3518 2216 Deo

1939 2257 2146 2329 gratias
2188 2258 2421 2329 agimus,
2452 2259 2582 2328 quia
2615 2266 2670 2312 et
2695 2257 2869 2312 odora
2901 2263 3033 2310 sunt
3061 2262 3116 2310 et
3149 2268 3364 2323 sapora,
3396 2267 3518 2322 quae

1940 2349 2119 2419 agitis,
2153 2365 2274 2418 quae
2309 2349 2517 2413 dicitis,
2546 2364 2668 2418 quae
2691 2348 2853 2402 datis.
2885 2348 2962 2401 De
2990 2345 3102 2400 vita
3137 2344 3304 2414 igitur
3335 2350 3518 2398 vestra

1941 2441 2190 2496 dicamus
2212 2441 2438 2510 pariter,
2463 2440 2713 2494 dicamus
2735 2453 2929 2494 omnes
2958 2455 2971 2492 :
3005 2435 3189 2494 Gloria
3215 2436 3271 2489 in
3300 2432 3516 2487 excelsis

1944 2532 2070 2596 Deo,
2102 2541 2150 2584 et
2180 2533 2232 2585 in
2268 2541 2412 2586 terra
2453 2547 2560 2604 pax
2606 2531 2902 2586 hominibus
2936 2528 3085 2583 bona:
3135 2527 3441 2582 voluntatis.
3491 2543 3512 2577 ι

1939 2622 2132 2677 Eidem
2171 2622 2301 2677 dein
2350 2622 2522 2676 variis
2559 2621 2949 2676 occasionibus
3025 2618 3252 2688 scripsit
3295 2626 3519 2671 sanctus

1939 2711 2262 2782 Gregorius,
2310 2728 2375 2766 ex
2421 2712 2624 2781 quibus
2672 2711 2917 2780 epistolae
2946 2709 3017 2764 ει
3068 2718 3124 2763 et
3156 2709 3220 2764 51
3280 2708 3409 2762 libri
3464 2724 3516 2762 vl

1941 2801 2082 2856 data:
2123 2811 2254 2857 sunt
2296 2817 2441 2856 anno
2485 2802 2611 2867 597,
2637 2800 2828 2856 indict.
2862 2801 3024 2864 l5,et
3066 2799 3100 2853 5
3133 2799 3262 2854 libri
3290 2815 3360 2854 vn
3392 2798 3518 2852 data

1941 2909 2085 2948 anno
2118 2895 2242 2960 598,
2277 2895 2471 2948 indict.
2496 2896 2546 2958 l,
2586 2909 2695 2963 qua
2727 2893 3045 2948 consolatur
3077 2908 3206 2947 eum
3243 2893 3387 2947 inter
3421 2891 3519 2945 ad-

1942 2987 2236 3051 versitates
2266 2986 2434 3057 hujus
2455 2985 2672 3039 mundi.
2699 3003 2717 3036 ‹
2739 2985 2901 3049 Ecce,
2927 2983 3128 3054 inquit,
3154 2982 3210 3036 in
3232 2990 3518 3038 senectute

265 3068 486 3123 easdem
516 3083 654 3138 quas
677 3085 906 3140 magnus
931 3070 1255 3142 Eutychius,
1284 3089 1630 3129 :erumnasne
1659 3075 1836 3129 dicam
1869 3095 1913 3154 ρ
1949 3087 2138 3134 saneta
2206 3086 2391 3133 vestra
2470 3076 2758 3132 beatitudo
2813 3076 3006 3131 multis
3066 3071 3521 3129 tribulationibus

265 3173 334 3212 an
364 3160 642 3214 coronas?
693 3161 942 3229 pertulit.
973 3180 990 3212 ι
1050 3162 1175 3218 Haec
1209 3164 1551 3219 Eustathius.
1592 3165 1839 3221 Mortuus

266 3255 350 3302 est
369 3245 713 3304 Justinianus
748 3250 814 3304 M
835 3250 1063 3306 Novem.
1088 3268 1218 3306 ann.
1250 3254 1372 3317 5‘76,
1406 3269 1531 3309 cum
1561 3262 1841 3324 regnasset

266 3357 442 3398 annos
481 3342 571 3408 59,
606 3359 827 3399 menses
865 3345 921 3409 7,
957 3344 1079 3399 dies
1122 3345 1212 3400 25.
1265 3345 1545 3401 Successit
1591 3347 1841 3402 Justinus

265 3431 482 3499 Junior,
519 3435 668 3490 illius
717 3451 784 3490 ex
841 3451 1034 3492 sorore
1085 3437 1377 3507 Vigilantia
1408 3453 1600 3506 nepos.
1658 3439 1734 3494 De
1775 3454 1842 3492 eo

266 3534 326 3582 et
371 3526 664 3582 Anastasio
716 3528 862 3582 idem
919 3530 1188 3600 Evagrius
1241 3529 1340 3584 lib.
1385 3547 1440 3595 v,
1486 3545 1609 3599 cap.
1639 3530 1693 3595 5,
1736 3531 1843 3586 ista

269 3614 440 3669 tradit
482 3631 497 3668 :
535 3633 553 3666 ι
579 3615 832 3671 Justinus
867 3633 1034 3686 porro
1080 3618 1450 3680 Anastasium.
1487 3619 1575 3674 his
1621 3620 1698 3673 illi
1747 3621 1846 3675 ob-

264 3703 428 3775 jectis
479 3705 830 3770 criminibus,
866 3705 1104 3775 primum
1157 3708 1304 3776 quod
1361 3723 1577 3762 sacrum
1621 3709 1842 3764 thesau-

269 3810 391 3850 rum
433 3803 588 3851 extra
613 3795 838 3850 modum
871 3806 928 3851 et
957 3797 1011 3850 in
1038 3797 1250 3851 nullum
1283 3815 1442 3853 usum
1469 3800 1842 3854 necessarium

272 3887 614 3955 profuderat,
642 3887 843 3944 deinde
869 3888 1018 3958 quod
1043 3891 1293 3946 convicia
1335 3891 1389 3945 in
1421 3893 1604 3962 ipsum
1631 3895 1853 3965 jecerat'

274 3977 642 4049 (Anastasium
672 3979 842 4040 enim,
875 3995 1000 4034 cum
1037 3990 1323 4050 rogaretur
1343 3982 1475 4052 quid
1501 3998 1678 4038 causa}
1701 3994 1848 4039 esset

274 4085 372 4125 cur
409 4070 731 4125 thesaurum
785 4087 1005 4126 sacrum
1053 4082 1161 4127 tam
1207 4075 1380 4130 efl'use
1428 4075 1842 4146 absumpsisset,

271 4176 510 4234 Ingenue
547 4163 902 4232 respondisse
933 4164 1120 4220 ferunt
1161 4183 1174 4220 :
1216 4167 1295 4220 Ne
1323 4181 1354 4220 a
1404 4165 1642 4232 Justino,
1692 4183 1842 4224 com-

273 4254 427 4308 muni
461 4254 633 4308 totius
677 4255 830 4311 orbis
859 4257 1120 4325 pernicie,
1153 4257 1534 4328 diriperetur),
1572 4260 1701 4315 sede
1732 4260 1848 4315 An-

275 4347 532 4404 tiochena
562 4350 896 4405 exturbaVit.
947 4351 1090 4417 Quin
1125 4353 1292 4407 etiam
1337 4353 1543 4409 dicitur
1569 4354 1845 4410 Justinum

1944 3171 2180 3227 laborat.
2222 3189 2241 3221 ›
2301 3170 2372 3224 Et
2406 3177 2597 3239 postea
2650 3185 2666 3222 :
2706 3187 2724 3220 ι
2752 3167 2966 3223 lndicat
3014 3166 3148 3221 mihi
3196 3166 3520 3220 suavissima

1947 3264 2210 3317 sanctitas
2259 3271 2465 3326 vestra,
2516 3260 2665 3331 quod
2718 3275 2957 3327 mecum,
2987 3258 3034 3314 si
3071 3257 3344 3330 potuisset
3377 3257 3518 3319 fieri.

1947 3356 2079 3410 sine
2120 3354 2315 3408 charta
2361 3363 2418 3408 et
2464 3353 2676 3408 calamo
2725 3352 2875 3423 loqui
2915 3351 3208 3412 voluisset,
3259 3360 3316 3404 et
3369 3349 3522 3404 dolet

1948 3446 2096 3516 quod
2142 3445 2305 3500 nobis
2355 3444 2602 3500 Orientis
2645 3460 2786 3514 pene
2823 3452 2880 3499 et
2919 3442 3239 3499 Occidentis
3283 3441 3517 3511 spatium

1948 3537 2258 3607 interiacet.
2307 3535 2415 3590 Sed
2465 3537 2571 3590 hoc
2623 3534 2770 3604 quod
2806 3535 2988 3589 sentio
3037 3550 3228 3589 verum
3261 3532 3384 3586 dico
3419 3549 3432 3586 :
3467 3538 3522 3587 et

1950 3628 2008 3683 in
2058 3628 2248 3682 charta
2279 3627 2417 3681 mihi
2449 3641 2606 3681 mens
2639 3633 2822 3680 vestra
2847 3626 2966 3680 sine
3000 3626 3186 3680 charta
3224 3625 3473 3694 loquitur
3503 3641 3518 3678 :

1948 3717 2081 3789 quia
2107 3719 2164 3772 in
2185 3717 2354 3772 verba
2378 3725 2574 3772 vestrae
2596 3716 2903 3771 sanctitatis
2925 3717 3042 3771 sola
3068 3716 3306 3772 charitas
3329 3724 3518 3781 sonat;

1950 3817 2008 3866 et
2053 3809 2218 3865 divisi
2252 3809 2392 3866 locis
2434 3825 2546 3863 non
2580 3824 2794 3873 sumus,
2827 3809 2922 3878 qui
2978 3825 3045 3864 ex
3087 3809 3235 3862 dono
3266 3809 3521 3877 omnipo-

1951 3902 2122 3958 tentis
2149 3901 2372 3956 Domini
2403 3901 2720 3956 dilectionis
2748 3900 2970 3961 vinculo
3000 3900 3142 3954 uniti
3175 3915 3386 3954 sumus.
3412 3899 3526 3954 Cur

1953 3997 2121 4067 igitur
2149 3995 2402 4065 accipere
2438 4009 2647 4064 pennas
2673 3993 2942 4049 columbae
2971 3993 3339 4063 deargentatae
3372 4009 3524 4064 quaa-

1953 4083 2095 4148 ritis,
2129 4098 2266 4152 quas
2302 4083 2413 4153 jam
2452 4082 2704 4136 habetis?
2733 4083 2932 4136 Pennze
2979 4082 3183 4152 quippe
3230 4083 3351 4153 ejus
3395 4091 3526 4137 sunt

1954 4175 2197 4244 charitas
2242 4173 2341 4228 Dei
2387 4182 2444 4229 et
2487 4173 2746 4243 proximi.
2783 4172 2889 4227 Per
2939 4173 3085 4243 ipsas
3130 4173 3278 4228 enim
3335 4185 3524 4229 sancta

1953 4267 2200 4322 Ecclesia
2232 4264 2436 4330 evolat,
2468 4279 2567 4334 per
2594 4265 2742 4334 ipsas
2771 4273 2990 4322 terrena
3024 4267 3208 4321 omnia
3242 4277 3526 4322 transcen-

1955 4358 2076 4414 dit:
2107 4374 2246 4428 quas
2287 4358 2332 4414 si
2365 4366 2548 4414 vestra
2595 4359 2862 4414 sanctitas
2900 4373 3014 4412 non
3051 4357 3302 4422 haberet,
3338 4359 3405 4413 ad
3437 4374 3525 4413 me

273 4437 565 4494 Anastasio
610 4442 1014 4506 succensuisse,
1064 4443 1211 4512 quod
1261 4445 1561 4514 postulanti
1598 4446 1648 4499 ei
1680 4461 1846 4514 pecu-
1882 4441 2078 4505 Deum
2139 4459 2286 4506 tanta
2346 4451 2614 4506 cbaritate
2668 4467 2770 4521 per
2830 4450 3046 4505 litteras
3096 4466 3208 4505 non
3255 4450 3522 4506 venisset.

274 4529 443 4595 niam,
473 4546 600 4585 cum
629 4531 925 4600 episc0pus
963 4541 1110 4587 esset
1145 4533 1488 4604 designatus,
1525 4535 1849 4592 Anastasius

275 4617 406 4674 dare
448 4621 711 4675 noluerit.
748 4621 868 4676 Alia
924 4631 1189 4691 przetereo
1237 4625 1490 4690 crimina,
1548 4625 1762 4696 objecta
1817 4643 1848 4682 a

276 4709 631 4778 quibusdam,
671 4713 766 4781 qui
815 4713 1166 4782 imperatoris
1208 4716 1489 4780 instituto,
1535 4718 1723 4779 credo,
1761 4719 1846 4772 in-

278 4801 486 4875 servire
516 4803 834 4858 studebant.
866 4806 994 4859 Post
1029 4806 1183 4859 illum
1216 4807 1513 4877 Gregorius
1537 4809 1604 4862 ad
1632 4824 1849 4869 sacrum

277 4890 626 4959 episcopatus
656 4893 886 4960 gradum
910 4894 1088 4947 elatus
1113 4901 1216 4948 est.
1243 4895 1362 4960 Quo
1391 4905 1629 4961 mortuo,
1672 4897 1850 4967 inquit

279 4981 425 5037 idem
461 4983 730 5053 Evagrius
764 4999 885 5052 cap.
943 4984 1035 5047 25,
1086 5000 1154 5038 eo
1207 4994 1455 5054 tempore
1509 5003 1618 5055 quo
1642 4987 1850 5059 Grego-

281 5073 400 5126 rius
445 5071 671 5142 Magnus
713 5073 1094 5142 episcopatum
1141 5075 1383 5143 antiquae
1441 5076 1629 5131 Romae
1660 5077 1848 5147 gessit,

279 5163 603 5217 Anastasius
629 5172 756 5232 post
799 5164 992 5234 viginti
1025 5175 1139 5219 tres
1183 5181 1358 5220 annos
1401 5167 1518 5221 sedi
1597 5182 1710 5223 sua:
1737 5168 1850 5223 An-

282 5254 555 5310 tiocltente
596 5256 890 5311 restitutus
935 5264 1040 5312 est.
1076 5275 1094 5309 ι
1136 5258 1213 5312 Ac
1261 5267 1377 5312 tum
1437 5259 1702 5331 Evagrius
1733 5263 1852 5318 linit

282 5359 436 5398 suam
492 5345 787 5400 Historiam
841 5362 986 5401 anno
1038 5347 1105 5401 12
1143 5349 1296 5419 regni
1349 5349 1586 5405 Mauritii
1619 5351 1853 5422 impera-

283 5437 439 5500 toris,
489 5437 583 5505 qui
628 5437 835 5506 incepit
868 5438 934 5492 15
983 5437 1234 5510 Augusti,
1288 5457 1433 5496 anno
1482 5443 1604 5498 595.

353 5525 590 5581 Sanctus
629 5527 924 5597 Gregorius
957 5528 1182 5600 Magnus
1209 5531 1353 5586 inter
1399 5533 1661 5602 epistolas
1700 5549 1849 5601 suas,

284 5618 504 5688 scripsit
545 5619 808 5690 aliquam,
852 5621 1076 5677 relatam
1136 5624 1232 5679 lib.
1270 5642 1286 5679 ι
1333 5625 1560 5697 Registri
1586 5644 1707 5697 cap.
1759 5629 1849 5693 24,

291 5727 309 5759 ς
363 5709 558 5765 Joanni
625 5711 886 5781 episcopo
949 5713 1092 5781 CP.,
1148 5714 1377 5782 Eulogio
1441 5718 1848 5784 Alexandrino,

1949 4539 2104 4610 Rogo
2138 4549 2344 4605 autem,
2375 4549 2433 4596 ul
2478 4557 2577 4610 pro
2607 4541 2716 4595 mei
2753 4541 2939 4596 cordis
2959 4541 3282 4597 infirmitate
3305 4542 3526 4598 enixius

1950 4634 2179 4703 rogetis,
2213 4640 2490 4702 quatenus
2515 4632 2866 4702 omnipotens
2897 4634 3043 4688 Deus
3069 4642 3308 4708 mentem
3345 4650 3533 4689 meatu~

1950 4738 2052 4792 pro
2089 4731 2270 4777 vestra
2321 4722 2720 4778 intercessione
2761 4730 3010 4790 tueatur,
3040 4732 3094 4780 et
3125 4725 3292 4780 citius
3332 4740 3420 4779 me
3453 4724 3529 4781 de

1952 4821 2034 4866 tot
2069 4813 2333 4881 procellis
2386 4812 2551 4881 hujus
2600 4811 2949 4882 tempestatis
2983 4812 3204 4882 eripiat,
3249 4822 3415 4884 atque
3463 4813 3531 4868 in;

1950 4909 2154 4956 aeterna
2183 4901 2391 4970 quietis
2411 4901 2600 4956 littora
2627 4901 2914 4971 perducat.
2946 4901 3369 4958 Benedictiones
3389 4886 3523 4956 vero

1953 4991 2419 5061 locupletissimas
2476 5007 2672 5048 omnes
2701 5007 2823 5061 quae
2862 4991 3089 5047 directae
3117 5003 3248 5047 sunt
3279 4992 3520 5061 suscepi,

1951 5099 2074 5152 quae
2121 5083 2256 5137 mihi
2307 5083 2393 5136 vir
2437 5084 2532 5138 Dei
2570 5099 2784 5153 pauper
2817 5084 3016 5154 spiritu
3049 5083 3424 5150 trausmisisti,
3451 5085 3527 5140 de

1952 5171 2154 5240 quibus
2184 5171 2405 5227 dicitis:
2431 5172 2575 5238 Quid
2605 5173 2753 5226 enim
2781 5172 2877 5228 det
2910 5188 3143 5244 pauper,
3169 5173 3274 5228 nisi
3309 5189 3373 5229 ea
3402 5191 3524 5244 quae

1952 5263 2214 5333 pauperis
2241 5264 2414 5318 sunt?
2444 5263 2550 5319 Sed
2588 5263 2697 5318 nisi
2741 5279 2841 5318 vos
2869 5280 2970 5334 per
2997 5265 3327 5320 humilitatis
3354 5263 3524 5335 spiri-

1953 5363 2069 5409 tum
2121 5371 2396 5426 pauperes
2441 5357 2663 5422 essetis,
2691 5357 3111 5414 benedictiones
3137 5365 3336 5413 vestrae
3365 5358 3524 5413 locu~

1953 5447 2127 5516 pletes
2173 5463 2284 5501 non
2331 5432 2591 5503 fuissent.
2625 5450 2985 5518 Omnipotens
3024 5451 3172 5504 Deus
3205 5466 3302 5504 sua
3347 5465 3444 5504 vos
3491 5466 3523 5505 a

1954 5537 2114 5592 malis
2155 5539 2416 5594 omnibus
2467 5541 2814 5610 protectione
2843 5540 3143 5598 defendat:
3175 5543 3522 5612 etquoniam

1953 5630 2066 5684 vita
2110 5640 2290 5686 vestra
2345 5631 2506 5687 bonis
2556 5633 2815 5687 omnibus
2859 5633 3018 5688 valde
3067 5642 3153 5690 est
3184 5634 3520 5694 necessaria,

1955 5731 2078 5788 post
2125 5723 2288 5789 long-.1
2322 5723 2503 5778 adhuc
2540 5733 2786 5793 tempora
2824 5739 2920 5780 vos
2954 5724 3019 5778 a:l
3058 5725 3298 5780 coelestia
3333 5726 3523 5789 patriai
