4026 6308
408 319 545 389 1303

1552 332 1614 392 S.
1657 334 2059 397 ANASTASII
2105 339 2580 402 ANTIOCHENI

3515 325 3649 389 130$

403 435 603 507 gaudia
638 435 926 507 perducat.
961 458 980 492 ι
1014 438 1142 496 Haec
1174 439 1250 496 ibi
1275 439 1342 496 ad
1371 441 1723 498 Anastasium
1752 445 1974 515 episco-
2001 453 2046 512 Α
2075 449 2390 519 patriarcha
2423 449 2628 515 occiso,
2655 446 2837 503 virilia
2863 445 2920 500 in
2951 443 3070 515 ejus
3096 457 3158 498 os
3187 441 3566 502 inseruerunt,
3595 446 3651 493 et

403 543 537 597 pum
559 529 1122 600 scripm;qutevideri
1150 542 1384 604 possunt
1401 534 1502 589 lib.
1527 551 1566 601 ι,
1592 551 1650 589 n.
1679 536 1778 602 L9;
1803 536 1900 591 lib.
1919 553 1976 602 ιι,

401 613 464 674 n.
521 621 584 676 15
631 628 688 676 et
733 621 836 689 49;
883 631 938 677 et
973 623 1077 678 lib.
1129 641 1202 690 ιν,
1256 641 1312 681 ιι.
1361 627 1388 681 1
1429 637 1486 682 et
1534 623 1634 682 25?

321 729 324 748 ι
413 699 426 714 “
473 713 590 769 Nec
623 713 721 769 diu
753 715 1261 785 vixitpostmodum
1289 717 1616 776 Anastasius
1643 722 1976 792 patriarcha,

402 806 500 875 qui
531 805 640 861 hoc
663 805 851 862 forsan
874 807 1057 864 adhuc
1079 825 1226 865 anno
1251 811 1356 867 598
1385 819 1482 866 aut
1504 812 1666 869 initio
1697 817 1982 885 sequentis

402 901 516 960 vita
565 899 810 966 functus,
860 916 1022 957 suum
1083 902 1520 972 patriarchatnm
1587 906 1752 962 cessit
1819 907 1979 962 alteri

401 993 712 1060 Anastasio,
753 1009 784 1048 a
834 1010 946 1064 quo
980 1011 1104 1050 cum
1137 1006 1362 1052 sanctus
1395 996 1692 1069 Gregorius
1740 1015 1882 1070 papa
1910 1017 1978 1056 ex

401 1099 558 1141 more
605 1085 1004 1156 professionem
1066 1088 1195 1142 ﬁdei
1241 1091 1568 1158 accepisset,
1621 1093 1846 1162 scripsit
1897 1094 1976 1149 illi

401 1177 692 1246 epistolam
741 1177 1049 1234 indictione
1083 1181 1138 1246 2,
1167 1195 1313 1235 anno
1338 1183 1462 1246 599,
1489 1199 1610 1252 qua:
1652 1191 1740 1238 est
1769 1184 1866 1240 lib.
1907 1202 1978 1241 vn

399 1268 630 1340 Registri
672 1285 794 1341 cap.
847 1273 938 1326 47.
985 1272 1286 1344 Utriusque
1340 1275 1619 1331 Anastasii
1653 1279 1860 1334 mentio
1895 1286 1980 1334 est

398 1360 458 1415 in
507 1361 713 1417 tabulis
743 1363 967 1419 insertis
1013 1365 1472 1436 chronographiae
1519 1368 1894 1438 Theophanis,
1923 1382 1980 1426 et

400 1453 646 1524 catalogo
668 1453 1057 1524 episcoporum
1071 1456 1543 1513 Antiochenorum
1567 1461 1711 1530 apud
1729 1471 1978 1522 sanctum

397 1544 778 1614 Nicephorum
845 1547 1214 1616 patriarcham
1273 1548 1974 1621 Constantinopolitanum,

398 1639 567 1702 atque
606 1633 666 1687 in
701 1633 937 1688 Historia
982 1635 1336 1692 ecclesiastica
1385 1639 1685 1710 Nicephori
1736 1642 1974 1708 Callisti,

399 1719 500 1793 qui
545 1737 616 1777 ex
662 1722 919 1793 Evagrio,
965 1740 1089 1794 qua:
1139 1741 1308 1796 supra
1368 1727 1659 1794 dedimus,
1715 1731 1978 1788 describit

396 1791 438 1865 l.
473 1826 607 1876 xvu,
639 1826 763 1883 cap.
785 1791 854 1868 99
884 1791 1358 1887 ευιίίίηθιῐιίοεψ.
1382 1817 1454 1874 59
1483 1791 1722 1890 integro,
1756 1823 1824 1876 de
1857 1825 1978 1894 ejus
2011 1791 2050 1845 Β

400 1901 748 1973 depositione
800 1919 923 1975 cap.
980 1905 1070 1973 56,
1113 1915 1170 1962 et
1213 1909 1282 1963 de
1310 1911 1656 1968 restitutione
1695 1914 1796 1970 lib.
1828 1933 1974 1982 xvm,

401 2009 524 2066 cap.
571 1995 662 2052 26.
692 1996 898 2052 Verum
943 1997 1248 2056 destitutus
1315 2002 1467 2058 dicto
1515 2005 1658 2061 duce
1717 2007 1973 2078 Evagrio,

400 2084 565 2156 plane
594 2084 833 2150 aberrat,
867 2087 1000 2142 dum
1027 2104 1146 2160 cap.
1177 2091 1247 2144 41
1279 2090 1412 2146 dicti
1446 2093 1573 2148 libri
1601 2111 1731 2150 xvm
1761 2097 1975 2162 scribit,

401 2172 758 2230 Anastasium
787 2174 989 2231 vixisse
1023 2176 1092 2231 ad
1143 2185 1392 2248 tempora
1423 2195 1598 2250 usque
1649 2181 1845 2237 Phocae
1873 2183 1978 2236 im-

402 2264 708 2335 peratoris;
733 2281 970 2336 eumque
997 2267 1348 2323 interfectum
1377 2285 1408 2324 a
1432 2270 1638 2326 Iudaeis
1665 2288 1678 2324 :
1705 2271 1811 2327 hoc
1831 2273 1978 2327 enim

407 2355 530 2426 ejus
579 2358 910 2422 successori,
961 2359 1128 2414 etiam
1170 2360 1464 2416 Anastasio
1514 2362 1685 2428 dicto,
1749 2365 1982 2434 contigit

405 2461 500 2502 an.
550 2449 582 2503 7
619 2449 836 2520 imperii
883 2451 1102 2515 Phocaa,
1159 2453 1227 2506 ad
1279 2469 1449 2523 quem
1495 2454 1860 2524 Theophanes
1906 2457 1982 2513 ita

407 2537 644 2594 scribit:
671 2559 690 2591 ι
711 2540 828 2596 Hoc
847 2557 1015 2606 anno,
1037 2542 1312 2597 seditione
1337 2553 1506 2610 mota,
1538 2544 1755 2601 Hebraei
1785 2547 1982 2602 Antio-

409 2631 571 2687 cheni
588 2633 906 2688 tumultuati
923 2641 1071 2699 sunt,
1088 2643 1143 2690 et
1162 2634 1451 2691 Anastasio
1471 2637 1664 2708 Magno
1681 2637 1986 2695 Antiochia:

2079 557 2180 613 per
2231 542 2442 597 medias
2475 541 2630 596 urbis
2682 539 2802 595 vias
2857 545 3135 608 raptatum
3181 532 3643 588 interfecerunt.»

2081 633 2371 691 Secundus
2431 635 2536 690 iste
2591 632 2916 688 Anastasius
2949 631 3008 684 in
3039 627 3246 683 tabulis
3295 623 3652 693 Theophanis

2081 727 2440 784 substituitur
2472 727 2648 797 priori
2702 726 2772 780 ad
2807 740 2938 778 ann.
3003 723 3069 778 19
3119 719 3336 790 imperii
3371 716 3650 772 Mauritii:

2079 818 2351 875 Caeterum
2381 819 2472 874 hic
2501 833 2680 883 error,
2721 832 2833 886 quo
2871 817 3011 870 duos
3038 810 3362 868 Anastasios
3393 810 3450 863 in
3483 823 3652 862 unum

2081 911 2342 967 conﬂavit
2387 911 2754 979 Nicephorus,
2790 907 2970 978 potuit
3015 921 3046 960 a
3077 903 3270 958 multis
3293 901 3516 955 facilius
3549 915 3653 953 no-

2083 1005 2208 1068 tari,
2260 1019 2424 1074 quam
2458 1003 2600 1057 alius
2636 1002 2704 1056 ab
2750 1000 2944 1055 eodem
2997 996 3328 1052 commissus
3368 994 3424 1048 in
3471 992 3655 1061 priore

2082 1097 2393 1159 Anastasio,
2449 1094 2672 1164 quando
2714 1109 2839 1146 eum
2885 1098 2944 1144 et
2998 1095 3254 1143 sanctum
3301 1081 3654 1138 Anastasium

2083 1187 2416 1241 monachum
2473 1184 2740 1240 Sinaitam
2787 1168 3376 1245 unum'eumdemque
3411 1173 3564 1228 fecit.
3597 1170 3654 1225 ιιι

2079 1287 2264 1334 autem
2297 1277 2447 1342 fecit,
2502 1285 2562 1330 ut
2586 1277 2720 1346 jam
2763 1273 3102 1336 monuimus,
3133 1269 3267 1324 dum
3298 1265 3568 1321 describit
3592 1279 3658 1318 ex

2081 1369 2301 1440 Evagrii
2349 1368 2587 1422 Historia
2643 1372 2808 1434 caput
2854 1363 2920 1418 59
2979 1360 3108 1415 libri
3154 1375 3206 1413 1v
3234 1399 3250 1424 ,
3309 1354 3659 1411 immutando

2083 1459 2333 1523 titulum;
2381 1465 2436 1511 et
2469 1471 2592 1511 cum
2646 1453 2918 1524 Evagrius
2949 1451 3098 1505 hunc
3126 1457 3498 1519 praeponeret,
3523 1445 3658 1514 Περὶ

2092 1551 2446 1603 ’Δναστασίου
2486 1545 2922 1618 ἀρχιεπισκόπου
2971 1541 3324 1611 Ἀντιοχείας,
3345 1539 3465 1608 ipse
3492 1537 3657 1591 istum

2079 1641 2178 1696 lib.
2230 1657 2338 1694 xvu
2377 1655 2502 1709 cap.
2551 1639 2621 1694 29
2654 1637 2890 1693 collocat
2933 1653 2948 1692 :
2983 1633 3122 1704 Περὶ
3167 1629 3528 1684 Ἀναστασίου
3564 1628 3658 1680 τοῦ

2079 1732 2432 1794 Θεουπόλεως
2461 1729 2555 1783 τοῦ
2581 1729 2850 1782 Σιναϊτου.
2901 1725 3108 1780 Eodem
3143 1719 3307 1774 modo
3331 1718 3480 1772 libro
3509 1731 3658 1780 xvut,

2079 1837 2204 1892 cap.
2251 1821 2318 1876 16
2348 1821 2500 1875 hunc
2546 1819 2770 1874 titulum
2817 1815 3029 1870 habet:
3065 1811 3334 1878 Quomodo
3365 1816 3482 1879 post
3529 1807 3661 1863 Gre-

2079 1913 2288 1983 gorium
2318 1912 2635 1965 Anastasius
2677 1907 2906 1962 Sinaites
2951 1904 3124 1958 sedem
3175 1917 3331 1955 suam
3384 1897 3660 1968 receperit.

2080 2002 2188 2063 Sed
2206 2002 2292 2056 vel
2321 2001 2556 2056 maxime
2577 1999 2682 2054 hoc
2704 1997 2836 2053 fecit
2857 2010 2979 2065 cap.
3001 1994 3070 2048 Η
3113 1990 3362 2062 ejusdem
3381 1987 3482 2042 lib.
3507 1999 3659 2049 xvm,

2080 2095 2175 2150 ubi
2232 2102 2534 2162 utrumque
2581 2105 2833 2146 errorem
2895 2101 3056 2142 suum
3112 2079 3488 2138 combinando
3542 2078 3658 2130 ait:

2087 2205 2106 2238 c
2133 2185 2274 2241 Huic
2313 2182 2623 2246 Anastasio,
2659 2189 2952 2252 pr0pterea
2993 2175 3141 2246 quod
3171 2175 3224 2228 in
3257 2172 3441 2227 Sinam
3471 2177 3663 2223 monte

2081 2276 2504 2346 philos0phatus
2538 2275 2630 2339 sit,
2665 2282 2724 2328 et
2756 2263 2981 2328 sensum
3017 2271 3094 2325 ibi
3141 2268 3327 2324 carnis
3353 2261 3658 2325 domuerit,

2083 2367 2308 2422 Sinaita:
2351 2381 2658 2436 cognomen
2715 2363 2947 2418 inditum
2974 2369 3077 2416 est.
3111 2360 3290 2428 Atque
3320 2357 3412 2410 ille
3435 2353 3663 2424 quidem

2085 2458 2141 2514 in
2193 2441 2383 2528 po‘puli
2432 2458 2676 2512 tumultu
2717 2463 3044 2526 peremptus
3074 2454 3246 2506 vitam
3283 2449 3445 2503 ﬁniit.
3474 2467 3494 2498 ι
3527 2445 3663 2512 Quae

2087 2549 2282 2605 ultima
2317 2559 2447 2605 sunt
2473 2547 2780 2604 successori
2811 2548 2931 2617 ejus
2958 2544 3249 2600 Anastasio
3277 2535 3660 2596 attribuenda.

2088 2653 2145 2697 et
2172 2641 2358 2712 priora
2388 2651 2580 2697 sancto
2611 2639 2904 2695 Anastasio
2934 2635 3206 2692 monacho
3245 2631 3450 2688 montis
3481 2627 3632 2684 Sina.

1605 2773 1757 2845 (Acta
1791 2773 1887 2830 ss.
1922 2776 2032 2832 Jul.
2066 2786 2106 2833 t.
2142 2779 2230 2846 IV,
2265 2781 2469 2852 p.97.)

478 2907 716 2965 Sanctus
739 2907 1086 2973 Anastasius,
1111 2923 1276 2979 quem
1317 2907 1587 2969 Baronius
1621 2908 1826 2979 aliique
1855 2910 1981 2980 plu-

407 3000 536 3055 rimi
566 3015 693 3054 cum
723 3007 915 3054 sancto
943 2998 1236 3054 Anastasio
1261 2999 1471 3054 Sinaita
1517 3013 1630 3054 non
1678 3007 1826 3056 recte
1849 3015 1984 3056 con-

408 3091 670 3157 fundunt,
710 3092 1054 3163 professione
1077 3092 1384 3146 monachus
1410 3091 1536 3154 fuit,
1571 3105 1771 3162 genere
1803 3093 1979 3148 Palae-

410 3185 610 3249 stinus,
645 3193 782 3240 teste
827 3194 1019 3240 sancto
1071 3184 1340 3255 Symeone
1371 3184 1594 3256 juniore
1639 3183 1856 3256 Stylita,
1887 3183 1984 3254 qui

409 3276 568 3332 illum
603 3276 878 3332 Domnino
925 3292 1315 3332 successurum
1367 3275 1696 3346 praedixerat
1724 3277 1784 3331 in
1834 3276 1986 3332 Actis

411 3377 732 3425 sanctorum
773 3368 863 3425 die
891 3368 961 3424 25
983 3369 1128 3434 Maii,
1157 3383 1278 3439 pag.
1311 3368 1438 3434 579,
1466 3383 1620 3423 num.
1666 3367 1790 3424 192.
1816 3369 1987 3440 Egre-

411 3461 533 3532 gias
569 3461 690 3533 ejus
721 3460 981 3526 virtutes,
1007 3459 1338 3525 doctrinam,
1365 3461 1594 3532 scripta,
1626 3477 1825 3532 resque
1850 3477 1990 3532 prat-

410 3553 565 3611 clare
632 3560 815 3623 gestas
862 3560 919 3607 et
975 3553 1186 3608 cultum
1237 3567 1402 3622 supra
1448 3552 1706 3608 dedimus
1735 3553 1789 3608 in
1839 3553 1990 3610 Actis

414 3649 734 3700 sanctorum
757 3641 847 3697 die
875 3642 945 3698 26
969 3642 1197 3712 Aprilis.
1230 3641 1363 3714 Legi
1418 3643 1586 3698 etiam
1614 3651 1850 3714 possunt
1874 3643 1992 3714 epi-

415 3735 572 3793 stola:
597 3737 775 3790 sancti
799 3734 1050 3806 Gregorii
1095 3734 1276 3806 Magni
1315 3734 1442 3790 istic
1469 3738 1652 3790 citatas
1681 3751 1746 3790 ex
1785 3735 1992 3805 quibus

415 3827 582 3884 datur
608 3826 864 3898 intelligi,
901 3833 957 3881 et
1015 3833 1225 3896 quanto
1249 3826 1542 3896 praesulem
1595 3826 1746 3882 hunc
1800 3840 1991 3882 amore

415 3918 665 3990 pontifex
691 3919 784 3974 ille
806 3919 1174 3990 undequaque
1198 3919 1469 3974 maximus
1501 3929 1832 3988 prosecutus
1859 3919 1991 3973 olim

417 4009 606 4076 fuerit,
633 4016 693 4064 et
721 4025 885 4079 quam
914 4010 1212 4066 sublimem
1237 4009 1305 4064 de
1339 4010 1539 4066 eximia
1560 4011 1680 4082 ejus
1715 4025 1842 4067 cum
1890 4009 1994 4066 do-

2089 2919 2302 2990 phanes
2335 2917 2405 2974 ad
2435 2932 2642 2972 annum
2671 2915 2877 2971 divinae
2913 2907 3328 2990 lncarnationis
3353 2903 3664 2963 secundum

2085 3011 2493 3068 Alexandrinos
2516 3008 2641 3072 562,
2677 3009 2774 3078 qui
2804 3021 2982 3076 usque
3022 3005 3090 3060 ad
3125 2989 3514 3071 Septémbrem
3545 2995 3664 3050 fere

2010 3127 2056 3189 ρ
2085 3121 2212 3161 cum
2243 3121 2390 3161 anno
2424 3102 2630 3160 Christi
2660 3101 2762 3158 570
2791 3098 3059 3155 decurrit.

2155 3197 2303 3252 Idem
2329 3204 2520 3252 narrat
2557 3193 2827 3264 Evagrius
2859 3191 2960 3245 lib.
3003 3206 3060 3252 v,
3102 3201 3223 3257 cap.
3249 3187 3324 3240 5:
3363 3192 3422 3239 et
3451 3183 3524 3237 ab
3560 3179 3664 3234 hac

2086 3289 2413 3360 depulsione
2436 3302 2614 3359 usque
2632 3287 2700 3342 ad
2732 3288 2854 3358 ejus
2879 3281 3289 3340 revocationem
3316 3285 3466 3332 recte
3492 3288 3664 3329 annos

2086 3383 2446 3438 numeratﬁﬁ.
2469 3381 2777 3453 Eutychius
2795 3388 2932 3434 tom.
2958 3376 3025 3443 ll,
3046 3392 3170 3447 pag.
3197 3372 3298 3428 183
3313 3372 3391 3428 ait
3415 3368 3660 3439 quidem,

2087 3489 2217 3531 eum
2264 3481 2392 3528 ante
2432 3474 2691 3528 exsilium
2735 3487 2830 3526 sex
2877 3477 3092 3524 tantum
3143 3467 3305 3520 annis
3341 3463 3664 3532 episcopum

2089 3567 2300 3632 fuisse;
2327 3566 2423 3622 sed
2456 3580 2707 3620 errorem
2737 3565 2888 3618 hunc
2923 3566 3182 3632 arguent,
3211 3571 3334 3627 qua:
3360 3569 3520 3608 num.
3549 3565 3662 3620 seq.

2091 3658 2160 3714 de
2183 3657 2460 3712 Anastasii
2503 3656 2858 3711 restitutione
2889 3651 3125 3708 dicenda
3171 3657 3324 3710 sunt,
3359 3661 3430 3700 ex
3468 3643 3666 3714 quibus

2091 3749 2256 3803 etiam
2287 3747 2648 3804 ehronotaxis
2670 3745 2982 3800 Baroniana
3014 3737 3428 3799 emendabitur,
3461 3748 3525 3789 ac
3553 3741 3662 3788 sta-

2093 3841 2322 3896 bilietur
2357 3847 2564 3894 nostra.
2590 3837 2873 3893 Credibile
2903 3849 3039 3890 vero
3077 3847 3187 3886 non
3220 3837 3326 3892 est,
3358 3825 3512 3898 quod
3549 3825 3666 3878 loco

2094 3933 2264 3990 citato
2286 3939 2479 3986 narrat
2496 3929 2819 4002 Eutychius,
2847 3931 3270 3981 exauctoratum
3295 3916 3665 3976 Anastasium,

2103 4046 2120 4078 ι
2151 4022 2504 4080 dissimulato
2545 4021 2764 4084 habitu,
2793 4017 3171 4086 Hierosolyma
3191 4011 3502 4082 profectum
3525 4019 3664 4068 esse,

419 4103 598 4158 cum“
649 4110 768 4157 mm
805 4103 1099 4158 Sancum”
1149 4113 1476 4176 θοηοθριθιη
1512 4107 1701 4161 animo
1762 4109 1997 4178 gesserit
2098 4117 2194 4172 ubi
2228 4116 2286 4170 in
2346 4113 2552 4182 templo
2608 4108 3059 4166 Resurrectionis
3108 4103 3434 4171 candelapta
3469 4099 3664 4159 factus.

419 4194 760 4266 opinionem.
799 4194 986 4250 Solam
1011 4196 1104 4250 hic
1133 4211 1266 4267 ergo
1305 4197 1724 4270 chronologiam
1765 4182 1887 4270 ejils
1910 4207 1990 4253 at-

2097 4207 2356 4262 lucernas
2383 4202 2723 4268 accenderit,
2751 4213 2932 4268 eoque
2957 4210 3187 4250 munere
3223 4193 3294 4248 2L
3324 4190 3488 4246 annis
3543 4187 3666 4242 fun-

419 4289 650 4359 tingam.
683 4287 989 4344 Ecclesiam
1015 4287 1203 4357 itaque
1225 4287 1664 4347 Antiochensem
1685 4291 1990 4362 gubernan-

2099 4305 2222 4352 ctus
2245 4295 2387 4351 sit...
2411 4293 2632 4349 nemine
2665 4290 2887 4346 interim
2917 4288 3097 4358 ipsum
3140 4281 3516 4354 patriarchatu
3544 4275 3668 4330 fun-

420 4380 550 4436 dam
602 4380 872 4450 suscepit.
923 4396 1072 4435 ³ηηο
1127 4369 1342 4437 (Πηίεῐῖ
1371 4382 1496 4448 559.
1531 4399 1722 4439 mense
1774 4383 1998 4440 circiter
2101 4396 2250 4442 ctum
2278 4400 2400 4440 esse
2423 4383 2784 4454 dignoscente
2818 4398 2831 4434 :
2867 4397 2886 4432 ι
2924 4378 3044 4432 haec
3062 4374 3211 4429 enim
3239 4383 3351 4426 non
3389 4369 3674 4424 coha-rent

419 4471 672 4544 Augusto
692 4470 1116 4543 autSeptembri
1141 4471 1556 4544 :obtinuitque,
1573 4475 1728 4544 juxta
1744 4467 2074 4528 sanctum'D
2104 4491 2231 4534 cum
2259 4473 2512 4544 epistolis
2551 4471 2728 4527 sancti
2757 4465 3012 4538 Gregorii
3059 4461 3239 4534 Magni
3267 4471 3384 4515 tum
3419 4457 3488 4513 de
3527 4457 3668 4526 ipso.

421 4565 798 4637 Nicephorum
825 4581 891 4622 ac
916 4565 1338 4635 Theophanem,
1369 4582 1468 4636 per
1491 4582 1667 4622 annos
1698 4566 1957 4620 undecim
1982 4583 1998 4632 ;
2101 4579 2218 4626 tum
2245 4566 2314 4622 ad
2371 4566 2550 4634 ipsum
2600 4561 2850 4617 nondum
2883 4565 3206 4614 revocatum
3261 4551 3502 4621 scriptis,
3553 4564 3672 4618 quae

421 4666 592 4728 atque
623 4657 764 4714 adeo
805 4673 983 4728 usque
1016 4659 1085 4713 ad
1124 4673 1330 4713 annum
1359 4657 1568 4714 Christi
1623 4657 1748 4723 570,
1780 4659 2002 4728 quando
2099 4673 2230 4715 sane
2265 4663 2374 4710 tam
2403 4653 2652 4724 ignotum
2683 4649 2814 4722 tingi
2846 4664 2946 4719 per
2991 4647 3046 4702 id
3082 4653 3300 4714 tempus
3323 4637 3671 4695 Anastasium

432 4767 453 4802 ι
491 4763 724 4821 magnus
759 4749 852 4805 ille
879 4749 1210 4805 Anastasius
1237 4749 1548 4804 Antiochia:
1581 4749 1999 4820 episcopus.....

425 4841 629 4901 Justini
664 4842 926 4899 mandato
959 4841 1394 4917 sede‘depulsus
1417 4851 1522 4908 est,
1545 4861 1561 4894 ι
1602 4842 1787 4912 inquit
1818 4843 2002 4898 Theo-

2099 4749 2428 4818 neutiquam
2453 4744 2767 4815 patiuntur.

1664 4975 1816 5030 (Λεία
1855 4973 1951 5030 SS.
1985 4975 2090 5029 loc.
2119 4971 2212 5026 cit.
2244 4984 2300 5030 ι).
2333 4965 2452 5034 99.)

497 5126 806 5181 Reversum
831 5121 898 5177 ad
920 5119 1212 5190 pristinam
1235 5117 1561 5188 dignitatem
1585 5121 1838 5171 sanctum
1855 5114 2003 5168 Ana-

429 5217 664 5276 stasium
695 5231 818 5273 esse
849 5228 997 5269 anno
1027 5210 1234 5268 Christi
1263 5209 1384 5274 595,
1426 5223 1619 5263 mense
1651 5207 1867 5269 Martio,
1891 5205 2006 5274 jam

431 5309 800 5368 ostendimus.
836 5306 1043 5374 Quare,
1074 5319 1200 5361 cum
1227 5303 1383 5358 illum
1404 5301 1608 5356 deinde
1629 5298 2010 5355 EcclesiaeAn-

433 5401 711 5458 tiochenae
751 5397 1083 5470 praesedisse
1127 5411 1222 5451 sex
1265 5395 1426 5450 annis
1477 5399 1733 5447 asserant
1786 5396 2012 5443 sanctus
2060 5433 2072 5442 .

432 5491 784 5562 Nicephorus
815 5489 872 5544 in
901 5489 1098 5544 chron.
1127 5496 1184 5542 et
1231 5486 1290 5540 in
1333 5483 1570 5540 lamellis
1617 5481 2008 5551 Theophanes,

435 5584 505 5640 ad
531 5588 761 5640 'annum
787 5579 995 5637 Christi
1022 5579 1124 5636 599
1163 5576 1389 5633 circiter
1447 5573 1739 5646 pertigisse
1784 5586 2013 5626 necesse

437 5683 545 5734 est.
565 5673 803 5730 Vivebat
827 5678 978 5727 certe
999 5669 1202 5732 adhuc,
1225 5667 1358 5720 dum
1383 5681 1511 5721 eum
1543 5680 1641 5734 per
1661 5663 1956 5734 epistolam
1981 5661 2014 5713 5

439 5767 572 5822 libri
627 5781 736 5833 vn,
783 5767 1008 5819 sanctus
1071 5757 1379 5828 Gregorius
1425 5754 1678 5827 pontifex
1740 5752 2013 5809 maximus

2106 5114 2345 5163 exeunte
2369 5118 2514 5158 anno
2551 5099 2758 5158 Christi
2782 5099 2883 5154 597
2927 5095 3248 5152 consolatus
3283 5100 3406 5148 est:
3441 5107 3543 5148 nec
3583 5092 3672 5146 diu

2109 5198 2408 5254 admodum
2437 5195 2648 5251 obiisse
2667 5191 2908 5263 p'oterat,
2937 5205 3064 5245 cum
3087 5188 3382 5242 Anastasio
3410 5188 3673 5246 secundo,

2111 5289 2208 5360 qui
2239 5285 2531 5342 Anastasio
2563 5285 2745 5354 primo
2770 5295 2967 5338 recens
2984 5284 3354 5342 successerat,
3383 5276 3675 5346 statimque

2113 5378 2515 5452 professionem
2548 5375 2677 5430 fidei
2699 5373 2804 5429 sub
2859 5373 3170 5442 ingressum
3221 5369 3583 5440 episcopatus
3613 5365 3674 5420 ad

2111 5481 2366 5530 sanctum
2412 5466 2740 5540 Gregorium
2797 5465 3192 5526 destinaverat,
3245 5475 3347 5530 per
3386 5459 3674 5530 epistolam

2113 5569 2202 5633 47,
2245 5567 2384 5621 alias
2437 5565 2528 5628 48,
2555 5563 2657 5616 lib.
2712 5577 2806 5625 vn,
2844 5557 3171 5629 respondit;
3223 5568 3392 5624 quam
3433 5548 3674 5618 Gregorii

2114 5658 2405 5728 epistolam
2435 5655 2636 5726 Pagius
2665 5653 2722 5708 in
2751 5651 2892 5708 Crit.
2932 5651 3135 5706 Baron.
3161 5647 3232 5702 ad
3255 5658 3461 5701 annum
3481 5638 3676 5698 Christi

2116 5750 2241 5818 599,
2277 5764 2432 5804 num.
2466 5747 2520 5813 9,
2549 5745 2732 5802 datam
2763 5743 2842 5798 ait
2880 5761 2897 5796 ε
2941 5739 3248 5798 lndictione
3278 5751 3355 5848 ιιἲ
3368 5748 3560 5792 mense
3598 5731 3678 5788 Ja-
