3910 6300
109 435 245 502 1305

1618 458 1818 521 VITA.

3204 457 3336 522 1306

102 547 340 615 nuario;
415 549 658 622 indeque
723 562 917 612 contra
979 555 1283 614 Baronium
1356 561 1677 630 concludit,
1721 613 1742 635 Α
1781 563 2102 620 Januarium
2157 563 2449 635 redigitur,
2480 579 2646 634 quam
2700 565 2767 622 ad
2816 580 3061 620 mensem
3089 567 3361 625 Junium?

100 639 379 697 Anastasii
425 643 593 714 primi
645 645 864 702 obitum
893 647 963 704 ad
999 665 1207 706 annum
1267 655 1679 723 praecedentem

97 733 402 802 pertinere.

167 821 340 876 Recte
384 822 439 876 id
491 824 738 894 quidem,
788 826 836 882 si
887 829 1127 900 epistola
1180 831 1275 886 illa
1332 834 1542 902 scripta
1605 815 1679 892 sit

96 927 291 968 mense
316 915 613 982 Januario;
679 935 875 974 verum
937 923 1085 978 unde
1119 924 1175 978 id
1231 928 1484 980 constat?
1535 926 1676 984 Sane

95 1005 374 1062 editiones
425 1023 528 1078 ego
579 1025 809 1080 operum
859 1015 1039 1068 sancti
1105 1015 1360 1086 Gregorii
1416 1019 1674 1073 consului

95 1107 358 1166 quatuor,
394 1114 632 1169 quarum
662 1102 784 1157 dua:
813 1105 1080 1172 epistolas
1106 1121 1322 1173 omnes,
1375 1123 1497 1178 quae
1527 1109 1673 1162 reci-

93 1195 288 1242 tantur
315 1204 347 1244 a
381 1205 571 1246 mense
589 1193 856 1248 Januario
890 1211 1066 1264 usque
1103 1196 1174 1250 ad
1209 1197 1376 1252 tinem
1411 1198 1673 1254 indictio-

89 1280 180 1334 nis
208 1295 266 1345 ιι,
291 1281 446 1336 ιιιιΠο
463 1283 702 1352 amplius
728 1285 1055 1354 interposito
1075 1302 1263 1342 mense
1289 1287 1664 1358 distinguunt;

87 1370 214 1426 aliae
246 1372 392 1437 duae,
427 1389 625 1443 nempe
655 1375 910 1430 Duacena
942 1377 1076 1431 anni
1103 1377 1260 1444 i615,
1290 1389 1346 1435 et
1373 1380 1667 1436 Labbeana

52 1541 60 1548 _
87 1468 224 1514 tom.
261 1460 306 1515 ν
331 1461 568 1529 Concil.,
599 1481 630 1520 a
655 1465 919 1522 Januario
947 1483 1124 1537 usque
1177 1470 1244 1523 ad
1293 1485 1542 1526 mensem
1563 1455 1664 1526 ιυέ

81 1551 243 1617 lium,
276 1555 490 1609 nullum
533 1557 784 1626 epistolis
813 1573 1060 1614 mensem
1092 1560 1454 1632 interjiciunt.
1515 1563 1665 1616 Inter

81 1643 350 1711 epistolas
373 1661 508 1700 vero
540 1647 664 1702 illas
689 1649 932 1703 medium
961 1649 1080 1705 fere
1113 1650 1298 1706 locum
1327 1653 1544 1707 obtinet
1571 1668 1658 1716 ea,

79 1730 150 1786 de
175 1749 285 1802 qua
306 1735 471 1792 nobis
495 1735 589 1791 hic
605 1753 787 1793 sermo
815 1746 920 1795 est.
953 1739 1066 1795 Cur
1113 1741 1282 1811 igitur
1307 1743 1540 1812 prOpius
1589 1743 1659 1797 ad

1711 613 1750 667 A

1785 655 2054 724 Equidem
2086 657 2192 711 hoc
2215 672 2386 710 unum
2425 656 2670 712 arbitror
2715 656 2913 711 conﬁci
2946 674 3012 712 ex
3069 657 3176 714 hoc
3213 661 3355 722 loco.

1783 761 1970 816 posse,
1999 745 2286 816 epistolam
2311 747 2458 801 illam
2517 763 2697 818 neque
2743 756 2868 802 ante
2912 751 3232 804 Januarium
3265 753 3351 805 in-

1781 837 2042 893 dictionis
2095 855 2131 892 ιι
2163 839 2387 892 missam
2417 821 2560 904 esse,
2608 855 2785 908 neque
2841 850 2964 910 post
2993 841 3240 896 Junium.
3283 842 3354 899 At

1779 929 1908 982 inde
1937 944 2280 998 consequens
2305 930 2459 982 nullo
2487 929 2651 983 modo
2677 939 2761 984 est
2815 939 2879 983 nt
2925 947 3037 985 non
3076 933 3206 986 totis
3232 933 3351 988 fere

1783 1035 1878 1074 sex
1909 1020 2066 1074 annis
2093 1021 2418 1074 Anastasius
2454 1020 2692 1089 primum
2719 1021 2991 1082 redditam
3024 1023 3213 1076 sedem
3251 1038 3351 1076 oe-

1775 1110 2021 1180 cuparit;
2057 1111 2367 1180 vixeritque
2402 1110 2658 1179 proinde,
2713 1119 2773 1165 ut
2809 1111 3024 1180 putavit
3053 1114 3346 1176 Baronius,

1771 1217 1948 1282 usque
1980 1202 2048 1256 ad
2076 1218 2282 1256 annum
2314 1202 2520 1256 Christi
2545 1203 2670 1267 599,
2733 1218 3090 1274 menscmque
3121 1205 3348 1260 circiter

1772 1293 2046 1348 Martium.
2081 1294 2258 1348 Porro
2283 1309 2348 1346 ex
2385 1293 2474 1347 his
2500 1293 2677 1362 liquet
2731 1291 2990 1365 Eutychii
3038 1296 3343 1365 prolapsio,

1767 1382 1861 1452 qui
1921 1391 2110 1436 sancto
2132 1382 2424 1438 Anastasio
2465 1385 2576 1453 jam
2602 1384 2858 1438 restituto
2909 1400 3086 1440 annos
3142 1399 3344 1442 novem

1767 1473 2006 1541 assignat
2047 1481 2183 1527 tom.
2211 1472 2276 1537 ll,
2314 1488 2438 1542 pag.
2483 1473 2602 1528 192.
2633 1473 2874 1543 Turpius
2901 1475 3123 1529 aberrat
3174 1475 3340 1528 Nice-

1765 1563 1978 1630 phorus
2001 1561 2283 1624 Callistus,
2320 1563 2439 1630 qui,
2475 1563 2659 1616 omnia
2683 1563 3049 1632 permiscens,
3103 1564 3338 1618 Anasta-

1764 1652 1910 1707 sium
1946 1653 2186 1722 primum
2227 1669 2399 1722 usque
2450 1653 2518 1707 ad
2548 1653 2745 1708 Phocae
2772 1662 3020 1724 tempora
3073 1655 3338 1725 relinquit

1763 1761 1818 1798 ιιι
1853 1760 2012 1798 νιγιε.

1220 1879 1376 1951 (Acta
1540 1880 1717 1950 April.
1751 1889 1790 1934 t.
1827 1881 1894 1945 ll,
1926 1897 1981 1950 p.
2018 1880 2168 1950 855.)

1554 1981 1585 2017 «Ι

147 2011 273 2068 Non
327 2013 527 2068 minori
584 2015 836 2071 doctrina
859 2018 932 2072 ob
957 2017 1133 2074 libros
1166 2018 1404 2090 scriptos
1452 2001 1643 2077 clar'uit

1753 2021 2046 2092 praeposito
2086 2020 2249 2074 titulo
2279 2038 2293 2074 :
2318 2019 2422 2073 Τοῦ
2449 2021 2507 2073 ἐν
2539 2021 2712 2088 ἁγίοις
2741 2001 2954 2089 Πατρῦς
2979 2020 3134 2091 ἡμῶν
3177 2021 3332 2076 Ἀνα-

73 2113 302 2159 sanctus
323 2105 650 2162 Anastasius
695 2110 1012 2178 patriarcha
1051 2111 1456 2178 Antiochenus,
1492 2115 1654 2185 cujus

71 2197 292 2252 utinam
343 2197 608 2266 epistolas
635 2198 705 2252 ad
747 2209 1000 2254 sanctum
1033 2201 1359 2272 Gregorium
1398 2204 1650 2274 Magnum

69 2293 130 2341 et
179 2287 322 2341 alios
374 2287 526 2341 viros
589 2287 838 2344 illustres
891 2291 1238 2360 conscriptas
1293 2293 1646 2348 haberemus.

67 2376 348 2432 Nonnulla
393 2393 462 2432 ex
491 2379 666 2434 sancti
699 2379 954 2451 Gregorii
991 2384 1272 2452 responsis
1297 2395 1354 2440 et
1399 2386 1650 2458 epistolis

68 2467 140 2522 ad
183 2468 347 2522 illum
403 2485 570 2538 supra
607 2471 953 2542 collegimus.
1000 2473 1142 2538 Quin
1195 2475 1248 2528 in
1293 2476 1526 2544 epistola
1555 2478 1647 2540 2‘2,

69 2559 201 2614 libri
232 2577 268 2614 ι
288 2602 302 2627 ,
335 2561 404 2614 ad
429 2561 698 2616 Joannem
726 2563 1129 2620 subdiaconum
1165 2567 1471 2622 Romanum
1495 2609 1508 2632 ,
1544 2569 1647 2623 ista

67 2649 241 2708 habet
287 2650 590 2723 Gregorius
630 2673 643 2708 :
697 2655 1124 2712 «Dilectissimae
1173 2659 1454 2714 memoriae
1504 2660 1648 2714 Ana-

67 2745 240 2801 tolius
305 2746 615 2814 diaconus,
666 2752 934 2818 quaerenti
975 2767 1070 2807 -ac
1115 2753 1334 2823 jubenti
1399 2754 1646 2810 Romano

67 2833 394 2907 imperatori
424 2838 626 2893 librum
656 2839 880 2910 Regulae
907 2843 1220 2910 pastoralis,
1259 2843 1445 2910 dedit;
1480 2861 1644 2914 quem

66 2928 457 2983 sanctissimus
498 2929 670 2985 frater
720 2941 778 2987 et
825 2934 1192 3004 cocpiscopus
1220 2950 1378 2991 meus
1406 2935 1642 2991 Anasta-

65 3019 184 3074 sius
221 3020 603 3078 Antiochenus
634 3023 689 3078 in
741 3023 988 3080 Graecum
1039 3028 1340 3092 transtulit,
1370 3047 1388 3078 ι
1431 3027 1644 3084 scilicet

63 3109 271 3182 lingua:
315 3113 484 3168 etiam
524 3113 736 3170 Latinae
782 3133 1006 3184 gnarus.
1061 3117 1433 3174 Meminerant
1476 3120 1643 3190 hujus

69 3201 454 3257 translationis
491 3203 732 3259 Joannes
761 3206 1043 3262 Diaconus
1071 3208 1169 3263 lib.
1224 3225 1278 3263 IV
1322 3207 1450 3264 Vitae
1469 3211 1641 3263 sancti

64 3291 324 3362 Gregorii,
371 3285 691 3364 Sigebértus
713 3305 768 3351 et
807 3299 1010 3366 passim
1049 3301 1403 3355 recentiores.
1459 3302 1516 3354 In
1543 3302 1637 3356 Ni-

63 3399 215 3442 ctena
240 3403 274 3440 ιι
299 3388 511 3458 synodo
539 3389 904 3454 oecumeniea,
931 3405 1078 3445 anno
1103 3391 1209 3446 787
1253 3393 1460 3456 habita,
1494 3397 1638 3447 inter

59 3476 203 3533 alios
237 3486 458 3534 sanctos
503 3480 696 3536 Patres
729 3496 831 3550 pro
867 3484 1024 3536 cultu
1065 3490 1122 3536 et
1165 3483 1518 3538 veneratione
1552 3498 1640 3538 sa-

59 3579 282 3621 crarum
335 3567 635 3636 imaginum
683 3570 950 3638 prolatos,
1004 3571 1242 3626 Joannes
1268 3573 1557 3642 presbyter
1583 3581 1638 3626 et

60 3655 306 3710 vicarius
348 3657 638 3724 apostolici
691 3659 872 3713 throni
896 3659 1140 3716 Orientis
1168 3661 1370 3716 obtulit
1411 3663 1634 3728 librum,

57 3743 119 3798 in
157 3761 270 3816 quo
304 3746 500 3803 beatus
541 3749 866 3804 Anastasius
905 3750 1068 3805 docet
1099 3751 1166 3806 de
1193 3752 1410 3808 diversa
1438 3753 1635 3808 adora-

59 3833 236 3898 tionc,
265 3851 332 3889 ex
361 3850 472 3905 quo
489 3836 645 3904 jussu
677 3847 879 3894 sancta:
895 3825 1086 3910 synodi
1107 3841 1420 3910 Stephanus
1449 3857 1636 3897 mona-

57 3923 198 3979 chus
214 3925 314 3980 ista
339 3925 536 3998 legisse
556 3927 760 3982 ibidem
781 3928 1049 3984 traditur:
1070 3929 1176 3983 Τοῦ
1189 3930 1346 3999 ἁγίου
1377 3933 1634 3985 Ἀναστα-

55 4014 174 4068 σίου
225 4017 522 4070 ἐπισκόπου
549 4001 906 4082 ’Θεουπόλεως
979 4020 1260 4092 ἐπιστολή,
1289 4030 1398 4076 etc.
1451 4021 1632 4076 Sancti

54 4108 332 4166 Anastasii
359 4113 585 4182 episcopi
639 4110 954 4182 TheOpoteos
989 4111 1212 4183 epistola
1243 4113 1312 4167 ad
1349 4115 1631 4184 quemdam

51 4203 448 4259 scholasticam.
501 4203 904 4260 Constantinus
951 4205 1144 4272 etiam,
1171 4204 1468 4275 episcopus
1489 4204 1632 4260 Con-

53 4295 276 4351 stantia:
319 4295 507 4366 Cypri,
575 4295 781 4349 librum
842 4293 1074 4348 tradidit
1122 4293 1300 4350 sancti
1353 4295 1626 4348 Anastasii

53 4385 299 4456 episcopi
353 4385 720 4455 Theopoleos,
775 4400 844 4439 ex
871 4400 982 4454 quo
1026 4383 1338 4452 Stephanus
1365 4383 1629 4439 diaconus

53 4483 111 4530 et
143 4478 398 4532 notarius
437 4477 543 4531 ista
567 4475 701 4546 legit
735 4493 748 4528 :
791 4495 808 4527 ι
841 4473 1028 4530 Sancti
1061 4474 1239 4529 Patris
1271 4473 1447 4529 nostri
1481 4475 1626 4528 Ana-

54 4569 208 4622 stasii
259 4567 328 4622 ad
381 4567 696 4622 Simeonem
729 4566 1053 4636 epiSCOpum
1083 4565 1291 4618 Bostrae
1340 4579 1522 4618 sermo
1558 4565 1627 4618 de

1665 3352 1705 3408 C

1755 2113 1974 2166 πασίου
2018 2111 2447 2181 ἀρχιεπισκόπου
2501 2112 2828 2181 Ἀντιοχείας
2873 2115 2953 2174 εἰς
2982 2113 3072 2164 τὸν
3101 2112 3330 2181 εὐαγγε-

1752 2200 1942 2270 λισμδν
1961 2200 2062 2270 τῆς
2078 2200 2453 2272 παναχράντου
2472 2201 2564 2252 καὶ
2575 2201 2838 2254 Θεοτόκου
2856 2201 3074 2267 Μαρίας
3091 2201 3240 2269 λόγοι
3259 2202 3326 2272 β’.

1751 2293 2051 2361 Utramque
2079 2307 2110 2346 a
2141 2277 2291 2345 dicto
2314 2290 2554 2346 Meursio
2588 2292 2816 2357 editam,
2861 2291 3056 2347 Latine
3089 2292 3333 2348 reddidit

1750 2383 2082 2438 Franciscus
2117 2381 2420 2446 Combelis,
2454 2381 2801 2450 inseruitque
2829 2381 3084 2435 Auctario
3115 2369 3326 2436 cim-

1749 2475 1943 2530 Latino
1979 2475 2298 2530 bibliothecae
2327 2474 2550 2527 Patrum
2573 2482 2630 2528 et
2664 2482 2824 2526 .tomo
2863 2471 2930 2527 Vl
2988 2471 3326 2526 Bibliotheca?

1747 2567 1974 2622 Patrum
2001 2567 2409 2621 concionatorice
2455 2565 2525 2618 ad
2559 2564 2630 2619 25
2663 2564 2862 2628 Martii,
2895 2557 3222 2632 addiditque
3257 2577 3324 2615 ex

1747 2659 1940 2713 codice
1990 2657 2163 2728 Regio
2195 2657 2356 2710 aliam
2389 2656 2491 2710 sub
2520 2656 2626 2709 hoc
2669 2654 2830 2708 titulo
2868 2648 2886 2707 ἓ
2922 2653 3108 2708 Sancti
3137 2653 3323 2710 Patris

1747 2751 1917 2805 nostri
1965 2749 2255 2810 Anastasii,
2293 2748 2669 2818 archiepiscopi
2699 2747 3030 2811 Antiocheni,
3063 2763 3235 2799 sermo
3267 2747 3320 2798 in

1747 2841 2294 2912 Transﬁgurationem
2319 2840 2526 2897 Domini
2547 2841 2716 2893 nostri
2738 2839 2864 2892 Jesu
2891 2837 3084 2892 Christi
3114 2855 3128 2892 :
3156 2849 3361 2906 quam;

1743 2935 1915 3010 etiam
1939 2933 2192 2988 eamdem
2224 2931 2399 2986 edidit
2433 2931 2626 2986 Latine
2661 2940 2810 2985 tomo
2858 2929 2944 2984 Vll
2983 2929 3320 2982 BibliOtheca:

1742 3027 1968 3081 Patrum
1999 3025 2406 3079 concionatoriaz
2457 3022 2522 3077 ad
2569 3023 2716 3096 diem
2762 3023 2794 3076 6
2831 3021 3081 3091 Augusti.
3114 3021 3320 3089 Estque

1741 3133 1805 3172 ea
1844 3119 2004 3187 plane
2035 3115 2255 3170 diversa
2309 3114 2377 3168 ab
2417 3129 2480 3168 ea
2523 3130 2686 3182 quam
2719 3129 2748 3166 a
2794 3120 2984 3166 sancto
3031 3111 3318 3164 Anastasio

1743 3209 1953 3264 Sinaita
2012 3197 2386 3276 consc‘riptam
2432 3205 2606 3259 fuisse
2660 3218 2825 3272 supra
2882 3201 3140 3255 diximus.
3184 3200 3320 3255 Aliae

1743 3310 1855 3354 tres
1885 3299 2168 3354 orationes
2195 3299 2314 3367 «jus
2343 3305 2560 3350 exstant
2591 3311 2620 3348 a
2660 3293 2952 3349 Francisco
2976 3292 3248 3346 Turriano
3285 3308 3318 3346 e
3353 3311 3356 3314 ί

1739 3393 1930 3447 Graeco
1967 3389 2248 3444 translata:
2287 3386 2632 3456 lngolstadii,
2691 3396 2748 3439 et
2779 3401 2809 3438 a
2852 3385 3015 3438 Petro
3044 3382 3317 3436 Stevartio

1739 3491 1889 3536 tomo
1935 3479 2201 3549 singulari
2261 3477 2556 3546 insignium
2614 3486 2904 3529 auctorum
2959 3474 3197 3535 insertae,
3253 3487 3319 3526 ac

1736 3577 1928 3640 postea
1961 3583 2171 3622 recusa:
2190 3565 2433 3620 Coloniae
2455 3573 2602 3618 tomo
2629 3565 2696 3620 Vl
2724 3563 3055 3617 Bibliotheca:
3078 3571 3314 3615 veterum

1737 3659 1984 3722 Patrum,
2033 3672 2155 3728 quae
2211 3663 2341 3710 ante
2387 3671 2453 3710 ex
2509 3653 2974 3722 interpretatione
3029 3652 3313 3707 Codefridi

1737 3745 2014 3800 Tilmanni
2066 3744 2356 3799 exstabant
2387 3744 2440 3796 in
2477 3741 2800 3795 Bibliotheca
2836 3741 3061 3794 Patrum
3086 3740 3314 3794 Parisiis

1734 3852 1938 3892 excusa
1957 3854 1969 3888 :
1991 3836 2238 3890 omnium
2265 3841 2449 3888 autem
2470 3833 2665 3887 titulus
2690 3830 2962 3900 generalis
2995 3837 3100 3895 est,
3129 3827 3315 3882 Sancti

1733 3928 2006 3984 Anastasii
2051 3927 2368 3998 patriarcha:
2401 3923 2729 3986 Antiocheni,
2777 3923 2840 3976 de
2872 3920 3026 3974 rectis
3053 3919 3313 3988 dogmati-

1733 4021 1828 4074 bus
1859 4020 2142 4072 verissima:
2174 4017 2297 4084 ﬁdei
2333 4024 2568 4078 nostrae;
2609 4023 2665 4068 et
2699 4013 2854 4077 dein,
2883 4010 3074 4065 Oratio
3110 4007 3308 4078 prima,

1731 4109 1812 4164 De
1849 4116 2038 4164 sancta
2084 4107 2383 4172 Trinitate;
2437 4105 2702 4166 secunda,
2738 4103 2815 4157 De
2855 4101 3310 4166 iucircumscripta

1735 4200 1828 4254 Dei
1862 4198 2136 4270 essentia;
2165 4197 2344 4261 tertia,
2401 4195 2478 4249 De
2531 4195 2711 4248 divina
2756 4192 3066 4256 oeconomia,
3112 4188 3168 4242 id
3203 4196 3340 4252 estV

1732 4290 2133 4346 incarnatione.
2179 4289 2319 4343 Ante
2354 4297 2696 4342 memoratus
2729 4286 2842 4341 Leo
2879 4283 3114 4339 Allatius
3145 4282 3310 4336 aliam

1729 4383 2006 4440 Anastasii
2047 4380 2453 4451 archiepiscopi
2483 4378 2866 4448 Thcopolitani
2893 4377 3199 4431 orationem
3227 4373 3340 4428 in--

1729 4475 1896 4538 dicat,
1937 4489 2060 4543 pag.
2099 4471 2218 4537 104,
2249 4471 2324 4524 De
2358 4471 2676 4541 Hypapante
2700 4467 2816 4523 sive
2839 4466 3070 4522 Occursu
3095 4465 3312 4518 Domini

1730 4567 1836 4621 hoc
1882 4565 2149 4621 exordio:
2186 4563 2361 4616 Πάλαι
2393 4561 2618 4630 Συμεὼν
2644 4562 2702 4613 ὲν
2740 4559 3010 4628 ἀγκάλαις
3045 4555 3308 4627 βαστάζει

54 4655 318 4723 Sabbato,
354 4669 462 4714 etc.
493 4678 512 4710 δ
557 4657 688 4724 Quae
719 4657 933 4720 eadem,
979 4656 1144 4710 citato
1185 4655 1474 4710 Anastasio
1509 4655 1628 4722 epi-
1659 4676 1703 4730 υ
1729 4660 1818 4710 τὸν
1843 4656 2143 4726 Δεσπότην.
2175 4653 2524 4723 Nicephorus
2567 4650 2830 4706 Callistus
2867 4651 3036 4703 citato
3087 4663 3210 4716 cap.
3238 4647 3308 4700 Η

52 4760 224 4816 scopo
271 4747 580 4802 Antiochiae
605 4747 672 4800 ad
717 4746 1035 4802 Simeonem
1071 4744 1391 4798 Bostrorum
1413 4744 1628 4813 episco-

51 4851 208 4906 pum,
227 4840 486 4909 leguntur
502 4838 646 4906 apud
671 4845 922 4892 sanctum
943 4837 1206 4892 Joannem
1228 4837 1627 4889 Damascenum

52 4929 109 4984 in
132 4932 380 4986 oratione
408 4930 566 4984 tertia
594 4929 669 4982 De
703 4929 1054 5000 imaginibus,
1089 4927 1390 4983 clarissime
1429 4927 1630 4981 distin-

51 5031 226 5090 guunt
271 5038 301 5077 a
348 5023 696 5092 Damasceno.
728 5021 1049 5076 Anastasios
1093 5021 1252 5076 duos.

122 5113 236 5168 Leo
274 5114 528 5174 Allatius,
593 5112 646 5165 in
704 5127 871 5180 supra
923 5121 1220 5166 memorata
1277 5111 1516 5165 Diatriba
1565 5111 1628 5164 de

50 5198 356 5256 Simeonum
389 5201 618 5270 scriptis,
647 5201 783 5255 duas
804 5200 1095 5255 Orationes
1119 5201 1285 5255 habet
1312 5201 1369 5255 in
1396 5201 1627 5255 Annuu-

52 5293 342 5350 tiationem
391 5295 639 5362 Deiparte
665 5291 906 5362 Virginis
943 5311 956 5346 :
991 5294 1194 5363 prioris
1233 5293 1452 5346 initium
1487 5294 1628 5348 indi-

51 5391 211 5438 catur
233 5401 356 5456 pag.
385 5385 506 5448 109,
532 5384 620 5438 his
640 5385 826 5438 verbis
850 5403 862 5438 :
890 5385 1138 5455 Σήμερον
1167 5385 1315 5454 ὑμῖν,
1343 5379 1386 5438 ὦ
1415 5387 1624 5454 ἄριστοι

50 5477 263 5544 παῖδες,
293 5478 451 5545 λόγον
497 5476 1015 5546 ὲρῶ.Α1ιρι·ἰιιδιιοο
1064 5478 1322 5542 traditur,
1351 5494 1474 5549 pag.
1499 5479 1622 5543 ill,

53 5567 339 5623 exordium
375 5585 389 5622 :
432 5567 496 5619 Ti
527 5567 689 5620 πάλιν
717 5568 812 5618 ἐπὶ
847 5567 996 5634 γῆςὸ
1035 5569 1208 5638 μέγας
1234 5568 1481 5638 βούλεται
1517 5571 1623 5622 Γα⁴

55 5655 214 5730 ϐριὴλ
237 5663 390 5737 ἡμζν.
420 5660 720 5729 Utramque
756 5659 1059 5714 orationem
1091 5664 1233 5732 typis
1265 5662 1624 5716 Elzcvirianis

53 5745 224 5803 edidit
245 5749 431 5806 (ἔναιρε
455 5749 703 5818 Lugduni
735 5749 1064 5805 Batavorum
1092 5752 1330 5806 Joannes
1353 5753 1624 5807 Meursius

56 5834 112 5892 in
144 5840 286 5900 libro
321 5843 597 5898 Variorum
649 5845 968 5909 divinorum,
1018 5860 1143 5898 cum
1195 5845 1299 5898 hoc
1351 5861 1378 5897 a
1421 5843 1624 5897 Gratis

1726 4749 1854 4804 libri
1902 4764 2054 4812 xvm,
2102 4745 2300 4801 asserit
2355 4764 2372 4795 ι
2414 4759 2472 4798 se
2501 4745 2808 4798 orationem
2839 4740 3130 4811 quamdam
3157 4739 3307 4794 Ana-

1729 4841 1882 4897 stasii
1916 4840 2115 4911 legisse
2152 4838 2220 4893 a‘d
2269 4837 2645 4892 Antiochenos
2682 4835 2741 4889 in
2775 4834 3009 4888 introitu
3037 4848 3140 4887 suo
3170 4831 3328 4885 seri--

1727 4941 1898 5002 ptam,
1916 4939 1972 4986 et
1995 4929 2422 5000 paciﬁcatoriam
2456 4929 2642 4990 aliam,
2663 4933 2826 4992 quam
2847 4929 3113 4984 vicesimo
3139 4927 3304 4984 tertio

1729 5039 1872 5077 anno
1899 5023 1954 5076 in
1997 5023 2256 5076 thronum
2291 5034 2452 5073 suum
2484 5020 2822 5089 postliminio
2867 5036 3123 5074 reversus
3152 5035 3303 5074 com-

1730 5114 1934 5183 posuit,
1976 5112 2232 5167 Mauritio
2278 5111 2568 5188 imperium
2601 5112 2910 5177 obtinente,
2943 5105 3106 5183 quem
3137 5115 3304 5168 etiam

1735 5207 1789 5259 in
1813 5221 1878 5260 eo
1912 5204 2140 5274 scripto,
2165 5203 2316 5273 quod
2347 5204 2418 5256 ab
2441 5203 2634 5257 exsilio
2667 5213 2958 5259 revocatus
3002 5205 3094 5267 sit,
3125 5205 3304 5258 laudi-

1733 5298 1837 5352 bus
1852 5298 2030 5352 eﬂ‘crt.
2052 5316 2070 5347 ›
2097 5296 2227 5363 Quae
2243 5295 2360 5349 sine
2383 5295 2413 5347 d
2426 5295 2572 5356 ubio,
2595 5294 2636 5347 si
2657 5295 2968 5348 exstiterint
2989 5293 3306 5363 aliquando,

1730 5388 1957 5443 fuerunt
1998 5387 2173 5442 sancti
2227 5385 2501 5440 Anastasii
2551 5385 2882 5438 Antiocheni
2921 5403 2934 5438 :
2967 5401 3132 5454 quem
3181 5400 3306 5438 cum

1733 5477 1942 5548 synodo
1995 5493 2032 5530 ιι
2090 5475 2434 5531 mcumcnica
2486 5475 2707 5529 Nicama
2767 5483 2824 5528 et
2882 5475 3006 5528 aliis
3063 5473 3308 5542 antiquis

1731 5569 2098 5637 scriptoribus
2119 5578 2362 5621 sumtum
2391 5567 2803 5635 compellamus.
2844 5567 3110 5637 Evagrius
3143 5583 3308 5635 supra

1728 5661 1918 5716 laudat
1937 5660 2244 5714 orationem
2275 5661 2396 5728 ejus
2423 5659 2707 5727 scriptam,
2733 5676 2856 5713 eum
2879 5659 3308 5713 subJustiniauo

1731 5754 2063 5820 imperatore
2096 5760 2214 5807 erat
2251 5751 2301 5804 ei
2334 5751 2586 5803 exsiiium
2631 5751 3044 5804 demandatum.

1796 5845 1944 5897 Inter
1976 5843 2112 5896 alias
2152 5843 2314 5912 hujus
2361 5840 2628 5895 Anastasii
2677 5844 3092 5905 lucubrationes
3119 5847 3308 5894 (restet
