3910 6300
559 393 698 461 1307

559 597 788 656 Perside
833 594 1000 667 gestis
1061 605 1188 646 cum
1238 588 1346 642 hoc
1407 580 1634 638 exordio
1682 595 1696 632 :
1748 574 2142 637 Βασιλεύοντος

572 663 872 762 ’Δρηνάτοῖδ
895 685 993 751 τῆς
1022 677 1298 748 Περσικῆς
1327 674 1532 746 χώρας,
1585 670 1775 762 γέγογε
1806 663 2142 762 φιλονειγῐα.

1695 375 1758 437 S.
1797 367 2203 441 ANASTASll
2245 362 2719 429 ANTIOCHENI

559 511 673 568 Leo
719 503 998 568 Allatlus,
1048 513 1174 572 pag.
1231 495 1330 562 83,
1378 488 1702 547 relationem
1752 486 1822 540 de
1872 483 2046 538 rebus
2083 479 2137 532 in
2167 479 2214 535 A
2242 477 2398 572 stasii
2431 485 2662 572 mortem
2706 493 2719 527 :

2246 565 2565 638 patriarcha
2621 560 3294 629 Constantinopolitanus,
3336 572 3521 627 quem
3571 567 3848 609 mortuus;

3732 353 3854 417 13ft!

3799 405 3826 416 ν

2765 471 2969 527 citatur
3001 469 3167 526 etiam
3215 476 3458 524 sanctus
3501 465 3854 535 Nicephms

2248 674 2369 716 esse
2391 673 2541 713 anno
2563 656 2666 712 828
2690 655 3036 712 ostendimus
3061 652 3128 706 ad
3153 651 3274 723 ejus
3303 651 3501 706 Vitam
3537 649 3617 703 l3
3652 648 3846 702 Martii:

561 740 1122 842 Awsse‘ri‘tGretnserus
1185 740 1622 825 in'VPra‘l'atione
1670 761 1738 816 ad
1790 757 2148 815 Anastasium
2249 751 2495 806 citantur
2524 749 2766 818 denique
2815 744 3274 818 Olympiodorus,
3309 741 3412 812 qui
3466 742 3543 795 ad
3586 740 3844 794 decimare

567 871 834 928 Sinaitam
869 864 937 920 de
985 864 1093 918 Via:
1129 861 1277 923 duce,
1309 872 1369 912 se
1408 870 1534 910 eam
1580 851 1682 907 sub
1712 850 1991 906 Anastasii
2026 848 2149 919 epi-

566 961 721 1029 scopi
769 951 1163 1026 Theopolitani
1230 948 1458 1004 nomine
1514 944 1787 1014 reperisse
1840 942 1896 994 in
1959 941 2152 996 codice

568 1069 674 1109 ms.
710 1052 1056 1120 Augustano,
1113 1044 1169 1098 in
1226 1056 1402 1110 eaque
1443 1039 1529 1108 agi
1588 1035 1698 1091 «de
1748 1035 2153 1105 disceptatione

569 1142 1015 1202 Christianorum
1054 1136 1352 1208 praesulum
1388 1147 1514 1188 cum
1546 1127 1815 1188 Ethnicis,
1863 1124 2074 1180 Graecis
2101 1132 2157 1176 et

550 1223 798 1298 'Judaais,
844 1231 1031 1302 judice
1080 1224 1489 1296 Aphrodisiano
1544 1220 1690 1291 regis
1721 1220 2018 1273 Persarum
2067 1233 2158 1270 ar-

574 1321 900 1392 chimagiro,
923 1319 1013 1374 cui
1039 1317 1206 1371 etiam
1233 1330 1291 1369 se
1313 1310 1636 1367 Anastasius
1654 1307 1982 1362 interfuisse
2002 1306 2156 1369 dicit,

576 1425 634 1470 et
663 1413 889 1483 quidem
918 1410 1096 1465 solum
1124 1423 1193 1462 ex
1223 1403 1455 1459 Romani
1482 1399 1698 1470 imperii
1720 1398 2020 1468 episcopis.
2054 1395 2162 1451 Sed

568 1505 760 1576 oratio
785 1502 877 1558 illa
923 1502 1028 1574 (uti
1071 1496 1270 1568 addit),
1299 1496 1414 1550 olet
1440 1492 1628 1547 nescio
1660 1489 1792 1559 quid
1824 1489 2162 1553 fabularum,

2253 845 2516 900 saeculum
2553 849 2802 910 spectat;
2848 847 3071 893 sanctus
3112 835 3388 890 Maximus
3453 835 3777 888 monachus
3807 847 3843 886 εί

2253 944 2484 1006 martyr,
2517 932 2774 987 Moschus
2807 939 2863 984 et
2905 928 3020 991 alii,
3062 927 3316 998 juniores
3347 939 3588 978 omnes.
3643 925 3840 979 nomen

2255 1028 2320 1082 ad
2356 1025 2724 1095 quaestionem
2755 1022 2852 1076 117
2900 1017 3270 1088 respondetur
3320 1016 3434 1070 sub
3488 1015 3695 1078 ﬁnem,
3740 1027 3838 1069 tunc

2257 1115 2810 1187 septingentesimum
2883 1125 3089 1164 annum
3136 1108 3247 1178 agi,
3299 1107 3463 1177 quod
3518 1107 3722 1161 Ariani
3758 1111 3838 1160 siet

2258 1208 2472 1277 expulsi
2521 1222 2588 1260 ex
2636 1205 2774 1258 locis
2827 1201 3054 1264 sanctis,
3108 1215 3285 1268 eaque
3336 1215 3368 1252 a
3423 1198 3703 1252 Barbaris
3747 1214 3836 1252 esse

2261 1308 2548 1369 occupata,
2578 1308 2640 1352 ut
2677 1299 2880 1351 mirum
2922 1311 3033 1348 non
3065 1292 3137 1347 sit
3179 1293 3225 1347 si
3271 1300 3356 1346 tot
3402 1307 3649 1346 errores
3692 1302 3837 1361 posts-

2265 1407 2452 1444 rorum
2485 1389 2800 1444 Graecorum
2837 1387 2949 1443 sint
2977 1383 3168 1438 infarsi
3216 1382 3308 1437 his
3357 1381 3761 1447 Quaestioniéus
3803 1393 3836 1433 et

2262 1479 2726 1550 Responsionibns,
2768 1491 2905 1547 quas
2945 1473 3319 1530 eliminandas
3354 1473 3610 1527 omnino
3666 1472 3838 1540 judica-

569 1569 646 1654 ἔω
675 1595 898 1653 ditlicile
933 1567 1170 1648 “creditu
1225 1567 1298 1643 sit
1350 1596 1419 1640 ex
1450 1581 1724 1639 Anastasii
1773 1578 1992 1635 otlicina
2033 1595 2166 1649 pro-
2266 1586 2390 1626 mus
2423 1586 2453 1624 θ
2482 1571 2729 1639 catalogo
2774 1567 3154 1628 Tractatuum.
3183 1573 3294 1619 tam
3321 1578 3541 1618 eorum
3576 1577 3717 1632 quos
3745 1578 3840 1616 saa-

569 1687 778 1746 ~diisse.
813 1707 832 1739 ι
865 1685 1122 1754 Cmperat
1174 1680 1290 1749 ipse
1337 1691 1462 1731 eam
1511 1674 1566 1727 in
1622 1672 1874 1742 linguam
1917 1670 2166 1725 Latinam
2267 1672 2391 1718 ctus
2427 1661 2752 1716 Anastasius
2811 1658 3042 1722 Sinaita,
3100 1671 3266 1727 quam
3328 1670 3492 1726 quos
3558 1655 3838 1710 Anastasis:

574 1785 810 1834 Vertere
851 1791 866 1827 :
917 1749 1014 1827 sed
1070 1788 1088 1821 ι
1119 1765 1477 1822 multitudine
1509 1761 1843 1817 mendorum
1873 1770 1928 1815 et
1955 1760 2169 1814 fabula-
2203 1809 2243 1834 η
2271 1753 2652 1809 Antiochenus
2697 1749 3028 1819 composuit.

581 1883 714 1922 rum
745 1865 942 1936 pedem
988 1860 1262 1917 retraxit:
1295 1867 1476 1926 neque
1520 1853 1616 1908 ulli
1674 1862 1851 1921 putat
1894 1855 2037 1906 hanc
2087 1852 2168 1904 δι-

593 1960 792 2028 ήγησιν
818 1955 936 2008 fore
955 1951 1224 2022 perviam,
1247 1947 1355 2002 nisi
1385 1943 1829 2000 emendatiorem
1858 1951 1953 1996 aut
1982 1942 2170 2011 plures

588 2043 1006 2112 manuscriptos
1042 2040 1264 2095 codices
1294 2035 1560 2105 acquirat.
1595 2053 1613 2084 ›
1641 2032 1814 2100 Quale
1838 2042 2032 2087 nactus
2052 2031 2173 2086 fue-

595 2136 672 2191 rit
709 2132 1088 2203 apograpbum
1144 2126 1378 2182 All‘atius
1422 2123 1725 2179 nescimus.
1773 2121 1976 2177 Saltem
2044 2122 2173 2176 vivo

595 2224 887 2282 Anastasio
930 2220 1281 2276 Antiocheno
1329 2216 1516 2272 nullus
1567 2213 1675 2269 fuit
1727 2231 1824 2269 rex
1883 2215 2173 2268 Persarum

591 2324 769 2386 supra
821 2313 1101 2368 indicatus
1154 2309 1447 2370 Arenatus,
1481 2304 1581 2359 sed
1620 2306 1782 2360 annis
1833 2321 1990 2358 xum
2033 2303 2176 2359 Cho-

591 2409 778 2470 fsroes,
806 2410 864 2458 et
899 2389 1032 2458 dein
1058 2397 1382 2456 Hormisdas
1412 2396 1575 2453 annis
1597 2406 1692 2462 xv,
1718 2395 1799 2450 uti
1824 2411 1923 2451 eos
1951 2395 2180 2452 exhibet

603 2495 994 2565 Theophanes.

673 2587 864 2642 Exstat
899 2585 1184 2655 Responsio
1213 2576 1484 2638 Anastasii
1517 2582 1738 2652 episcopi
1775 2579 1843 2634 ad
1872 2581 2184 2634 orthodoxa-

593 2693 726 2730 .rum
784 2677 1089 2746 aliquorum
1145 2669 1576 2729 Christianorum
1635 2674 2073 2744 interrogationes
2121 2673 2184 2726 de

597 2768 825 2822 diuersis
895 2765 1151 2835 capitibus
1199 2764 1600 2828 ecclesiasticis;
1667 2779 1830 2832 quam
1883 2761 2186 2818 Gcntianus

613 2857 884 2911 llervetus
907 2856 1156 2910 Latinam
1174 2853 1324 2918 fecit,
1351 2853 1656 2920 tribuitque
1682 2852 1899 2905 cuidam
1927 2851 2187 2920 episcopo

611 2948 832 3003 Nicaano
863 2944 1154 3000 Anastasio
1190 2943 1359 3006 dicto,
1405 2942 1462 2996 in
1493 2941 1812 2995 Bibliotheca
1848 2940 2072 2995 Patrum
2099 2956 2188 2995 se-

613 3037 797 3092 cundo
831 3036 1093 3091 editionis
1142 3033 1474 3090 Parisiensis
1508 3041 1658 3085 torno
1701 3032 1880 3100 primo
1907 3048 2186 3090 excusam.

2345 1843 2621 1900 Anastasii
2647 1841 2974 1912 patriarchae
3005 1839 3408 1909 Theopolitani
3446 1846 3513 1894 et
3541 1837 3725 1908 Cyrilli
3751 1837 3840 1890 Ale-

2275 1937 2533 1994 xandrini
2576 1936 2989 2006 compendiaria
3024 1934 3151 1988 fidei
3183 1933 3536 1988 orthodoxa
3583 1932 3839 2000 Explicaba

2277 2038 2458 2085 exstat
2513 2037 2662 2083 tomo
2707 2027 2774 2082 ιγ
2820 2025 3156 2080 Bibliotheca:
3187 2023 3431 2077 Patrum
3474 2023 3538 2077 in
3591 2020 3840 2076 editione!

2278 2120 2602 2183 Parisiensi,
2650 2135 2772 2188 qua:
2818 2118 2875 2172 in
2923 2116 3169 2172 editione
3216 2112 3569 2168 Coloniensi
3624 2121 3761 2182 parte
3801 2126 3838 2166 π.

2282 2213 2416 2269 tomi
2461 2211 2531 2267 Vl
2577 2211 2843 2266 tribuitur
2885 2207 3095 2278 juniori
3172 2204 3502 2259 Anastasio
3569 2202 3839 2273 patriarcha

2285 2303 2683 2365 Antiocheno,’
2709 2315 2739 2354 a
2763 2298 2966 2354 Judmis
2993 2295 3290 2351 interfecto
3333 2312 3348 2348 :
3384 2293 3556 2364 quod
3594 2295 3728 2347 ide
3751 2292 3838 2343 feci:

2284 2397 2588 2452 Autbertus
2631 2392 2849 2449 Miratus
2917 2389 2997 2444 De
3049 2387 3403 2459 scriptoribus
3485 2386 3836 2440 ecclaiwicis.

2285 2505 2410 2561 pag.
2455 2487 2579 2542 215.
2613 2484 2721 2541 Sed
2755 2499 2863 2554 qua
2906 2482 2975 2538 de
3004 2496 3170 2537 causa
3214 2481 3294 2534 ita
3340 2479 3700 2541 censuerint,
3729 2492 3837 2544 prst-

2287 2601 2384 2642 sus
2434 2591 2640 2638 tacent.
2693 2579 2928 2634 Videtur
2970 2577 3061 2630 illa
3093 2572 3532 2643 compendiaria
3564 2571 3688 2625 ﬁdei
3713 2567 3834 2635 esse.

2288 2676 2437 2732 catio
2476 2674 2662 2744 potius
2701 2687 2770 2726 ex
2819 2668 2979 2724 libris
3025 2665 3123 2720 SS.
3175 2663 3377 2735 Cyrilli
3413 2669 3479 2718 et
3514 2659 3765 2718 Anastasii
3794 2657 3835 2708 al

2290 2764 2479 2835 aliquo
2515 2761 2680 2816 tertio
2704 2764 2972 2814 extracta.
3000 2753 3349 2823 Margarinus
3399 2751 3478 2805 de
3514 2751 3572 2804 la
3603 2750 3748 2818 Bigne
3772 2746 3834 2798 ἑο

2293 2872 2400 2925 qua
2432 2852 2794 2908 Anastasiana
2830 2862 3000 2918 opera
3024 2844 3237 2900 inedita
3274 2850 3713 2902 commemorat,
3734 2837 3836 2889 ride

2293 2951 2424 3004 licet
2443 2965 2455 3000 :
2472 2946 2551 3001 Ad
2567 2947 2892 3012 interrogata
2910 2937 3358 2993 monasteriorum
3377 2936 3584 3004 prima:
3600 2941 3648 2986 et
3661 2932 3836 2986 seces-il

2297 3039 2466 3112 Syria:
2505 3033 2917 3104 Responsiones;
2945 3027 3042 3083 sed
3077 3027 3161 3080 ha!
3187 3025 3385 3079 forsan
3413 3033 3558 3079 sunt
3589 3025 3657 3077 de
3695 3021 3836 3090 quibat

615 3130 819 3186 Contra
847 3129 1000 3183 hunc
1033 3135 1353 3188 tractatum,
1400 3125 1632 3195 ejusque
1673 3131 1879 3176 textum
1927 3122 2191 3191 plurimas
2218 3152 2262 3210 ο
2293 3133 2406 3204 jam
2433 3137 2559 3183 ante
2575 3125 2808 3196 egimus,
2834 3121 2916 3176 Ad
2938 3119 3288 3175 Antiocheno:
3334 3117 3735 3186 συντακτῇρωλι
3763 3112 3836 3165 sive

619 3220 906 3274 cautiones
936 3217 1276 3287 praescripsit
1320 3216 1560 3270 Joannes
1590 3214 1754 3268 Maria
1788 3213 2192 3269 Brasichellen-

619 3312 718 3375 sis,
757 3310 897 3364 sacri
935 3308 1124 3378 palatii
1176 3305 1465 3376 apostolici
1518 3305 1778 3374 magister
1835 3313 1982 3357 tomo
2016 3303 2195 3373 primo

622 3401 824 3456 Indicis
872 3399 1143 3454 librorum
1203 3397 1639 3467 prohibitorum;
1668 3396 1881 3464 aliquas
1904 3396 2071 3450 etiam
2103 3395 2200 3449 ad-

621 3491 755 3561 jecit
796 3489 1054 3543 Nicolaus
1084 3489 1443 3552 Alamannus,
1473 3488 1606 3542 olim
1641 3487 1994 3541 bibliothecae
2045 3484 2198 3539 Vati-

627 3595 778 3634 canze
819 3580 1146 3650 pmfectus:
1180 3594 1318 3650 quas
1348 3594 1541 3634 omnes
1567 3578 1732 3634 simul
1757 3577 1933 3633 edidit
1963 3577 2202 3633 Jacobus

629 3672 972 3727 Gretserus:
1009 3673 1105 3742 qui
1147 3671 1325 3727 dictas
1375 3669 1700 3735 Quwstiones
1744 3678 1793 3723 et
1823 3668 2203 3740 Responsiones

630 3763 805 3816 multo
845 3763 1124 3818 auctiores
1153 3761 1329 3816 edidit
1383 3759 1859 3824 Graeco-Latinas;
1899 3758 1996 3814 sed
2027 3757 2208 3815 fallaci

635 3851 797 3906 titulo
845 3851 1120 3918 suﬂ‘ultas,
1169 3850 1257 3906 his
1309 3848 1540 3904 verbis:
1578 3867 1596 3900 ‹
1632 3847 1802 3902 Liber
1846 3845 1942 3916 qui
1980 3853 2210 3900 vocatur

649 3943 913 4011 Ὀδηγὸς,
955 3943 1061 3997 hoc
1101 3949 1218 4008 est,
1261 3940 1383 3994 Dux
1411 3941 1529 3993 vite.
1582 3937 1767 3992 Sancti
1806 3937 1985 3992 Patris
2034 3936 2212 3991 nostri

634 4034 910 4088 Anastasii
957 4033 1204 4097 Sinaitae,
1245 4030 1489 4101 episcopi
1525 4029 1878 4094 Antiocheni,
1903 4028 2214 4098 Interroga-

641 4128 804 4180 tiones
836 4135 885 4179 et
923 4125 1302 4195 Responsiones
1361 4121 1431 4177 de
1473 4121 1712 4176 diversis
1742 4119 2019 4190 capitibus
2055 4136 2086 4174 a
2127 4119 2216 4174 di-

638 4217 819 4272 versis
855 4215 1171 4286 propositae.
1218 4213 1537 4268 Solutiones
1585 4228 1698 4266 non
1749 4227 1824 4266 ex
1868 4211 2073 4282 seipso,
2121 4211 2217 4266 sed

638 4307 709 4361 ab
741 4307 1084 4377 experientia
1128 4313 1185 4361 et
1221 4321 1289 4360 ex
1327 4306 1502 4360 sacris
1559 4303 1787 4359 Litteris
1830 4303 2160 4372 desumpsit.
2194 4321 2211 4354 ›

642 4399 722 4452 lta
749 4399 949 4469 aliquis
970 4398 1215 4463 Grmcus,
1242 4396 1430 4451 forsan
1453 4395 1803 4465 Nicephorus
1823 4395 2100 4458 Callistus,
2127 4403 2221 4449 aut

2295 3224 2370 3278 De
2405 3220 2797 3275 coordinatione
2839 3221 2931 3267 aut
2985 3208 3483 3280 disciplina.——De
3520 3207 3840 3262 constructam

2295 3314 2519 3368 hominis
2536 3310 2664 3365 libri
2683 3308 2815 3362 duo.
2833 3301 3314 3373 —Contemplatio
3338 3303 3575 3371 mystica
3601 3300 3839 3369 passiam-

2297 3399 2922 3461 Christi.—Encomium
2989 3394 3228 3466 Egypti.
3260 3391 3594 3457 -ρειαεειῙο
3651 3393 3839 3444 get-mu

2299 3511 2406 3560 eos,
2455 3493 2543 3564 qui
2578 3492 2757 3544 dicunt
2799 3495 2904 3540 tres
2943 3485 3193 3538 essentias
3230 3483 3287 3535 in
3321 3483 3548 3540 diuinis.
3583 3489 3755 3535 contra
3782 3475 3841 3530 Ja-

2303 3585 2470 3648 daeos,
2519 3581 2648 3636 libri
2699 3579 2832 3634 duo.
2869 3576 2936 3631 Hi
2967 3574 3148 3630 ultimi
3197 3571 3397 3627 Latine
3431 3571 3645 3626 redditi
3675 3587 3702 3623 a
3724 3567 3838 3621 Fraa—

2305 3677 2454 3730 cisco
2479 3671 2775 3732 Turriano,
2796 3667 2932 3723 editi
2957 3671 3090 3719 sunt
3115 3674 3264 3718 tomo
3289 3661 3361 3715 lll
3391 3661 3650 3731 Antiqui:
3667 3657 3839 3712 lect-iere

2305 3764 2530 3821 Henrici
2579 3760 2808 3823 Canisii,
2881 3756 2978 3812 sed
3029 3764 3224 3810 auctor
3283 3753 3522 3817 citatur,
3581 3748 3840 3807 Anausis:

2310 3857 2480 3910 abbas
2521 3860 2712 3908 contra
2758 3849 2999 3911 Judaeos,
3027 3847 3124 3916 qui
3152 3852 3372 3898 atatem
3420 3858 3588 3896 suam
3621 3840 3839 3909 exprimi

2313 3946 2443 4000 dum
2473 3943 2572 4008 ait,
2620 3961 2637 3993 ι
2657 3944 2767 4012 jam
2793 3935 3312 4003 octingentesimum
3341 3949 3563 3986 annum
3595 3945 3649 3986 et
3670 3933 3840 3998 arripias

2262 4083 2266 4086 .
2313 4036 2420 4104 agi,
2447 4049 2515 4088 ex
2542 4048 2652 4102 quo
2674 4030 2892 4086 Judteos
2916 4029 3061 4082 Deus
3103 4024 3392 4095 dispersit,
3423 4032 3480 4077 et
3525 4023 3706 4076 Titum
3733 4033 3839 4087 atas:

2319 4121 2712 4191 Vespasianum
2755 4117 2821 4171 ad
2847 4114 3172 4170 vastandam
3202 4113 3404 4168 urbem
3440 4114 3688 4167 vocavit.
3718 4131 3733 4163 ι
3763 4110 3839 4163 Fx-

2319 4215 2431 4269 ruit
2470 4229 2600 4282 ergo
2639 4212 2730 4266 hic
2780 4210 2954 4265 abbas
2997 4207 3326 4262 Anastasius
3353 4206 3462 4260 sub
3506 4205 3676 4259 linem

2319 4322 2393 4360 ιι.
2429 4305 2560 4370 Qua:
2589 4303 2755 4357 citata
2791 4311 2879 4356 est
2905 4299 3296 4368 Contemplatio
3332 4297 3563 4368 mystico
3604 4298 3839 4365 passis-am

2322 4391 2516 4448 Christi
2544 4390 2768 4444 videtur
2811 4403 2935 4442 esse
2985 4385 3260 4439 Anastasii
3299 4383 3529 4438 Sinaita:
3569 4382 3643 4436 De
3667 4383 3840 4450 possiet!

641 4487 786 4543 alius
817 4502 947 4542 eum
971 4495 1218 4550 secutus,
1243 4485 1350 4540 nisi
1381 4483 1673 4539 aberrandi
1707 4484 2054 4538 occasionem
2080 4499 2218 4553 prae-
2247 4483 2291 4539 D
2325 4493 2372 4537 et
2403 4479 2826 4552 impossibilitate
2856 4477 3086 4544 Christi;
3117 4487 3174 4532 et
3222 4475 3304 4531 sic
3339 4473 3436 4529 alii
3473 4472 3614 4527 libri
3654 4473 3747 4527 sub
3770 4470 3842 4524 IE5

642 4578 835 4634 buerit
856 4579 1144 4648 aliquanto
1176 4578 1383 4642 senior,
1404 4576 1717 4632 Graecorum
1743 4591 1960 4629 errores
1981 4575 2215 4630 infarsit.

643 4670 856 4739 Nempe
890 4670 1024 4739 quia
1058 4669 1385 4725 Anastasius
1431 4668 1643 4722 Sinaita
1690 4667 1960 4720 illustrem
2018 4675 2219 4720 tracta-

645 4765 769 4811 tum
814 4765 1226 4827 composuerat,
1270 4757 1366 4826 qui
1419 4757 1663 4826 Ὀδηγὸς,
1701 4755 1806 4809 hoc
1837 4763 1920 4809 est
1966 4754 2085 4808 Dux
2124 4757 2220 4809 vite

644 4859 876 4904 vocatus
918 4848 1046 4913 fuit,
1087 4849 1343 4903 eumdem
1375 4849 1594 4903 titulum
1623 4847 1779 4916 operi
1810 4847 1941 4900 huic
1974 4845 2222 4901 furfureo

647 4948 843 4994 auctor
882 4940 1160 5010 adaptavit
1198 4957 1211 4993 :
1261 4941 1355 5010 qui
1403 4940 1531 5010 quia
1579 4940 1925 5008 Nicephorus
1965 4939 2223 4994 Callistus

644 5033 905 5088 eumdem
953 5033 1300 5088 Anastasium
1346 5032 1612 5087 Sinaitam
1661 5046 1948 5100 perperam
2004 5039 2226 5085 vocarat

645 5126 973 5195 episcopum
1012 5124 1437 5188 Antiochenam,
1473 5137 1618 5177 unus
1645 5121 1902 5190 idemque
1931 5130 1987 5175 et
2016 5121 2227 5176 Sinaita

535 5279 540 5298 ἶ
647 5225 710 5271 et
742 5216 1124 5272 Antiochenus
1163 5215 1341 5270 videri
1381 5214 1578 5274 voluit.
1625 5229 1692 5267 ex
1726 5213 2227 5268 Constitutionibus

543 5351 550 5360 .
650 5308 1052 5376 apostolorum,
1088 5322 1210 5376 qua:
1250 5306 1353 5360 sub
1388 5306 1614 5359 nomine
1661 5303 1962 5359 Clementis
1993 5305 2227 5359 Romani

652 5414 683 5451 a
716 5399 954 5467 posteris
999 5404 1272 5466 protrusae
1305 5404 1453 5460 sunt,
1491 5396 1665 5449 multa
1707 5409 2028 5463 excerpens,
2061 5410 2229 5463 seque

550 5559 555 5565 η
656 5490 764 5544 hoc
805 5491 924 5560 ipso
965 5489 1357 5544 demonstrans
1403 5501 1524 5542 esse
1577 5487 1956 5556 impostorem.
2007 5486 2067 5540 In
2123 5487 2232 5540 illis

653 5584 823 5637 etiam
856 5581 1266 5648 Quaestionibns
1299 5582 1542 5635 citantur
1583 5579 1835 5634 Canones
1866 5578 2061 5650 synodi
2093 5577 2232 5644 Qui-

660 5674 889 5726 nisextae
939 5673 1052 5726 sive
1079 5672 1375 5734 Trullanze,
1417 5669 1891 5739 Constantinopoli
1941 5684 2085 5722 anno
2130 5667 2231 5722 707

662 5761 891 5826 conditi,
919 5761 1132 5832 integro
1156 5761 1364 5816 scilicet
1393 5761 1590 5816 sacculo
1622 5767 1746 5830 post
1774 5759 2062 5829 utriusque
2090 5759 2236 5814 Ana--

2325 4576 2510 4630 forsan
2563 4573 2740 4628 titulis
2787 4572 2980 4626 latent.

2394 4667 2699 4723 Occasione
2732 4665 2914 4718 oblata
2951 4661 3078 4716 misi
3112 4659 3389 4732 Synopsin
3420 4660 3598 4730 hujus
3616 4660 3838 4716 Comm

2327 4759 2451 4814 tarii
2484 4759 2712 4812 Romam
2743 4753 2810 4809 ad
2836 4754 2953 4808 R...
2979 4753 3203 4807 Petrum
3230 4749 3550 4812 Possinum,
3588 4752 3680 4818 qui
3711 4744 3841 4818 pasti

2327 4851 2418 4905 die
2464 4848 2744 4903 Kalendas
2793 4845 2917 4900 Maii
2954 4845 3084 4898 anni
3117 4842 3240 4896 (67!
3279 4842 3354 4894 ita
3397 4841 3689 4909 respondit
3723 4835 3836 4892 :ci-J

2327 4959 2390 4998 ca
2424 4957 2546 5012 quae
2583 4940 2652 4994 de
2692 4937 2999 4993 Anastasiis
3032 4943 3087 4990 et
3127 4949 3320 4988 eorum
3362 4934 3599 5000 scriptis
3655 4931 3840 4997 disser-

2329 5040 2666 5100 annotatque
2720 5028 2941 5082 erudite
2977 5027 3043 5079 lt.
3090 5023 3156 5079 V.
3205 5031 3266 5076 ut
3290 5023 3500 5091 aliquid
3560 5031 3838 5092 reponet-sa.

2331 5124 2582 5182 consului
2621 5122 2916 5177 Vaticanus
2947 5117 3162 5171 lndices
3202 5125 3260 5170 et
3301 5115 3464 5184 plura
3513 5113 3703 5186 longe,
3741 5121 3838 5180 qui

2330 5217 2489 5270 vobis
2534 5222 2666 5268 nota
2695 5220 2824 5266 sunt
2872 5211 2926 5264 in
2977 5210 3045 5263 iis
3074 5207 3278 5277 reperi.
3320 5205 3504 5260 Solius
3554 5198 3839 5260 Sinaita-20

2335 5309 2549 5375 talogus
2596 5303 2722 5358 istic
2771 5309 3119 5356 servatorum
3167 5311 3399 5367 operum
3447 5289 3839 5364 quatuorimp‘?

2335 5411 2561 5468 magnas
2625 5393 2872 5464 paginas.
2918 5387 3156 5443 Omnino
3220 5393 3407 5456 posset
3463 5383 3836 5438 lucubratioeﬁ

2336 5491 2456 5560 ejus
2489 5486 2671 5541 Patris
2701 5484 2783 5539 uti
2838 5491 2894 5538 et
2945 5482 3180 5536 aliorum
3216 5476 3462 5547 plurium
3512 5477 3764 5545 ιιι-πάθη
3783 5475 3839 5519 δικ

2337 5584 2464 5638 liter
2493 5577 2664 5633 editio
2713 5572 2926 5644 vulgari
2957 5589 2970 5626 :
3005 5570 3101 5624 sed
3135 5567 3229 5622 ubi
3269 5567 3586 5636 reperietur
3626 5564 3715 5644 qni
3739 5565 3841 5629 passi

2339 5678 2395 5723 et
2431 5667 2562 5723 velit
2598 5682 2721 5722 eam
2759 5679 2985 5736 cperam
3037 5658 3335 5730 praestare?
3373 5655 3471 5710 ubi
3499 5657 3601 5724 qui
3643 5657 3840 5717 suturis"

2344 5761 2398 5814 in
2442 5759 2747 5833 editionem
2803 5751 3086 5811 conferat?
3120 5770 3136 5802 ι
3192 5749 3318 5804 Ηεεο
3376 5747 3672 5802 Pessinus.
3713 5741 3838 5792 Vmi-
