4026 6308
237 580 349 636 fuit
379 584 555 638 otium
586 585 732 641 inter
765 603 888 644 sese
925 591 1249 648 conferendi
1293 596 1422 662 alia,
1455 599 1500 653 si
1535 599 1665 656 hinc
1699 602 1826 660 inde

237 689 272 728 a
315 689 450 730 vero
477 675 826 745 deﬂeximus,
879 685 1200 741 meminerit
1238 688 1469 746 criticus
1517 693 1718 762 lector,
1768 697 1822 753 id

238 765 426 820 solum
477 783 580 822 nos
631 785 796 840 agere
845 773 1110 841 voluisse,
1157 793 1269 848 quo
1310 779 1824 844 demonstraremus

238 855 640 922 distinguenda
677 876 805 917 esse
852 864 1080 921 Sinaitae
1123 878 1181 922 et
1222 870 1558 930 Antiocheni
1610 893 1820 947 opera:

238 947 448 1016 quibus
494 952 878 1010 examinandis
928 955 1382 1030 illustrandisque
1440 966 1584 1021 alius
1636 945 1822 1039 quivis

241 1036 370 1105 plus
414 1039 516 1094 otii
546 1050 746 1098 nactus
773 1043 992 1099 laudem
1035 1055 1226 1116 posset
1253 1053 1477 1108 mereri.
1517 1036 1825 1114 Videbatur

1855 537 1898 592 Α
1929 521 2060 619 olim
2111 523 2168 579 in
2211 527 2360 586 hunc
2408 531 2654 589 laborem
2701 536 2881 596 Lucas
2909 540 3229 601 Holstenius
3257 562 3504 619 propen-

1925 611 2058 708 dere
2088 633 2102 669 :
2137 619 2232 673 sed
2264 620 2396 676 dum
2430 624 2590 682 libris
2621 630 2881 697 parandis
2931 611 3274 708 edendisque
3313 611 3507 696 moro-

1926 706 2041 800 sius
2066 708 2357 778 incumbit,
2377 731 2408 769 e
2424 716 2538 771 vita
2557 719 2806 776 sublatus
2832 731 2917 778 est
2933 739 3080 781 anno
3106 706 3259 795 1661,
3279 732 3508 800 quando
3603 744 3607 750 '

1927 797 2108 852 eidem
2143 803 2475 861 moribundo
2518 818 2820 866 extremam
2864 827 2984 868 eam
3016 830 3240 886 cperam
3287 797 3502 889 impen~
3593 811 3602 861 ἶ

1927 887 2132 956 dimus,
2153 908 2320 962 quam
2355 897 2410 951 in
2431 899 2702 969 ejusmodi
2729 904 2964 960 articulo
2991 918 3226 977 possunt
3244 919 3301 966 et
3317 887 3502 968 solent

1925 981 2122 1037 amicis
2153 983 2478 1057 impendere
2509 991 2754 1064 religiosi
2803 999 3138 1057 sacerdotes.

3549 1065 3559 1104 l

256 1247 3491 1334 Ἢ

861 1457 1602 1672 ‘SANCTI
1716 1472 1828 1626 A

1909 1476 2804 1694 lASTASII,

1336 1754 1873 1825 PATRIARCHE
1915 1762 2439 1850 ANTIOCHENI,

375 1959 527 2054 DE
631 1963 1143 2060 NOSTBIS
1245 1971 1659 2068 BECTIS
1759 1979 2530 2080 DOGMATIBUS
2627 1989 3342 2126 VERITATIS,

823 2207 1870 2349 ORATIONES
1985 2223 2842 2377 QUINQUE.

1396 2473 1694 2549 Interprete
1721 2477 2003 2540 Francisco
2034 2484 2318 2543 Turriana.

1485 2990 1596 3053 DE
1631 2991 1738 3056 SS.
1787 2992 2256 3058 TRINITATE.

298 3297 342 3354 ι.
363 3277 526 3352 Ὸιιιιι
572 3293 682 3365 iam
713 3289 931 3362 pridem
971 3288 1041 3346 de
1073 3287 1180 3346 ﬁde
1216 3296 1407 3346 nostra
1436 3305 1570 3347 sana
1593 3331 1610 3358 ,
1644 3299 1704 3348 et
1738 3293 1808 3348 de
1837 3300 1880 3355 Β
1908 3292 2248 3360 studuimus,
2272 3295 2443 3350 nullis
2475 3294 2716 3350 aliorum
2737 3294 2986 3368 vestigiis
3013 3296 3354 3366 insistentes,
3384 3303 3485 3358 sed

223 3390 382 3445 veris
426 3384 690 3442 Ecclesiae
731 3380 1088 3452 dogmatibus
1127 3379 1448 3451 incorrupte
1487 3389 1545 3438 et
1578 3382 1810 3452 probate

229 3477 614 3535 tractavissem
644 3473 818 3529 variis
837 3470 1200 3526 Orationibus
1219 3471 1276 3525 in
1307 3470 1553 3526 Ecclesia
1575 3471 1809 3539 habitis,

226 3579 287 3625 et
306 3567 556 3624 recitatis
587 3575 721 3621 tunc
746 3578 873 3618 cum
891 3562 1142 3618 scribere
1163 3569 1222 3618 et
1239 3561 1479 3618 fidenter
1497 3563 1650 3634 loqui
1672 3564 1809 3620 lice-

228 3663 346 3722 bat.
369 3676 496 3716 cum
517 3673 683 3715 nemo
711 3655 1069 3727 impudenter
1098 3654 1346 3711 audebat
1380 3655 1570 3712 dicere
1608 3673 1622 3710 :
1653 3655 1806 3723 Tace,

230 3763 281 3809 et
305 3767 366 3805 ne
389 3750 629 3823 loquaris
651 3752 708 3815 ¹;
736 3747 1123 3804 existimabam
1154 3763 1278 3818 qua:
1299 3756 1432 3803 tunc
1452 3749 1805 3818 scripseram,

228 3844 366 3900 satis
401 3857 524 3898 esse
561 3835 619 3897 εἰ
661 3839 731 3897 ad
783 3836 1202 3908 coarguendam
1237 3838 1615 3903 mendacium,
1653 3846 1709 3894 et
1737 3839 1807 3894 ad

227 3934 669 4010 patefaciendam
697 3931 992 3988 veritatem
1017 3947 1031 3984 :
1055 3944 1159 3985 nec
1180 3929 1494 3986 arbitrabar
1523 3945 1665 4000 opus
1685 3945 1808 3986 esse

226 4028 468 4098 amplius
493 4026 777 4089 laborare,
805 4038 917 4078 non
946 4021 1127 4077 solum
1161 4021 1290 4090 quia
1321 4021 1522 4075 vitium
1554 4020 1808 4091 loquaci-

228 4119 362 4174 tatis
391 4117 730 4181 metuebam,
749 4113 846 4170 sed
860 4113 989 4184 quia
1007 4111 1294 4184 putabam,
1331 4121 1394 4166 ut
1421 4111 1556 4176 dixi,
1585 4111 1807 4167 abunde

227 4209 482 4267 sufﬁcere
515 4207 779 4266 omnibus
809 4205 1016 4277 quibus
1048 4203 1297 4260 studium
1316 4203 1566 4258 discendi
1598 4217 1806 4272 propo-

226 4303 399 4358 situm
421 4309 590 4366 esset,
621 4314 745 4370 qua:
769 4298 976 4354 litteris
1004 4296 1355 4352 mandassem
1385 4301 1443 4350 et
1473 4293 1802 4349 edidissem:

223 4409 349 4465 quae
391 4393 488 4463 qui
535 4391 750 4448 vellent
782 4391 966 4462 legere
994 4429 1011 4455 ,
1050 4389 1423 4460 cognitionem
1485 4386 1806 4458 dogmatum

222 4484 528 4556 perfectam
553 4482 760 4538 habere
781 4489 1046 4552 possent;
1079 4489 1136 4536 et
1161 4480 1256 4550 qui
1275 4480 1386 4550 jam
1405 4493 1574 4549 perse
1599 4494 1809 4549 cogno-

222 4583 482 4640 scerent,
511 4574 602 4630 vel
636 4573 948 4637 discerent,
976 4572 1066 4626 vel
1096 4572 1292 4626 saltem
1317 4570 1541 4626 labores
1581 4579 1806 4624 nostros

221 4665 491 4736 suffragio
524 4678 628 4718 suo
652 4661 1119 4731 comprobarent,
1151 4661 1200 4715 si
1235 4660 1372 4715 tales
1394 4674 1516 4714 esse
1544 4659 1805 4714 videren-
1833 4641 1875 4700 ο
1910 4641 2210 4734 legitimos
2235 4679 2266 4718 a
2305 4663 2562 4734 patribus
2599 4641 3021 4734 spiritual'ibus;
3058 4680 3200 4734 quos
3235 4674 3514 4731 secutus,-.

1909 4764 1966 4811 et
1994 4755 2077 4811 eis
2101 4757 2412 4812 asscntiens
2447 4757 2514 4812 ad
2548 4757 2666 4812 haec
2692 4757 3048 4813 scribendum
3081 4759 3330 4823 accessi,
3359 4759 3515 4830 jura-2

1909 4852 2129 4915 patrum
2187 4860 2439 4901 meorum
2493 4846 2631 4900 mihi
2678 4846 2970 4901 vindicans
3027 4845 3168 4915 (haec
3203 4845 3353 4900 enim
3399 4855 3506 4901 est:

1906 4936 1997 4992 lex
2014 4937 2222 5007 optime
2244 4937 2594 5009 constituta),
2625 4946 2682 4994 et
2705 4952 2899 4993 eorum
2923 4937 3208 4993 laboribus
3224 4945 3488 5007 tanquam
3509 4971 3513 4977 ι

1907 5029 2151 5101 propriis
2173 5030 2336 5085 bonis
2373 5029 2620 5101 glorians
2652 5046 2666 5084 :
2696 5038 2754 5085 et
2783 5030 2837 5084 id
2866 5029 3093 5100 quidem
3133 5043 3245 5083 non
3281 5029 3505 5099 injuria.

223 4765 353 4824 tur;
398 4755 654 4812 fortassis
706 4753 855 4810 enim
899 4753 993 4808 alii
1041 4751 1421 4823 improbarent
1453 4767 1466 4806 :
1496 4766 1609 4806 non
1653 4749 1806 4805 enim

221 4853 412 4916 potest
435 4858 558 4900 esse
582 4859 694 4898 una
724 4842 975 4898 omnium
998 4841 1302 4907 sententia,
1345 4839 1477 4910 quia
1507 4847 1637 4894 sunt
1665 4837 1806 4895 alle-

220 4936 442 4992 ctiones
465 4944 673 4992 nostra:
703 4933 1027 4990 dill‘erentes
1048 4951 1064 5000 ;
1088 4942 1146 4988 et
1165 4947 1279 4988 non
1301 4946 1495 4987 omnes
1515 4930 1585 4987 de
1608 4930 1804 4986 eadem

221 5043 289 5084 re
315 5043 425 5084 uno
451 5028 620 5083 modo
640 5026 934 5083 sentimus.

295 5116 363 5173 ll.
394 5117 670 5174 Caaterum
707 5125 992 5187 utcunque
1018 5115 1277 5187 judicent
1307 5113 1404 5185 qui
1432 5114 1551 5170 haec
1571 5113 1799 5184 scripta,

217 5218 289 5264 ut
311 5211 600 5280 probabile
623 5219 710 5266 est
729 5249 744 5274 ,
774 5207 978 5265 lecturi
1005 5216 1165 5274 sunt,
1198 5207 1242 5262 si
1276 5207 1421 5264 forte
1455 5207 1667 5279 integra
1695 5223 1760 5264 ea
1781 5249 1796 5272 ,

216 5309 280 5356 et
308 5315 420 5356 non
471 5301 542 5359 ab
593 5299 840 5356 inimicis
868 5298 1166 5368 depravata
1213 5299 1365 5354 nacti
1411 5297 1626 5353 fuerint
1657 5315 1670 5352 :
1701 5313 1804 5370 ego

219 5401 410 5448 tamen
454 5393 548 5448 illa
601 5405 941 5464 magnopere
975 5390 1179 5446 conlidi
1222 5392 1372 5446 nulla
1429 5408 1498 5446 ex
1558 5402 1716 5463 parte
1772 5408 1804 5448 a

217 5481 460 5538 veritate
476 5483 822 5553 discrepare,
859 5481 958 5536 sed
981 5483 1166 5552 potius
1190 5498 1314 5537 cum
1340 5483 1674 5554 incorruptis
1704 5484 1804 5539 do-

219 5574 428 5630 ctrinis
472 5575 699 5631 Patrum
745 5574 1060 5629 consentire
1109 5589 1174 5628 ac
1212 5589 1539 5641 consonare,
1595 5591 1733 5645 quas
1770 5590 1802 5630 a

221 5665 490 5737 pueritia,
513 5677 570 5722 et
599 5675 663 5722 ut
691 5665 929 5728 dicitur,
977 5680 1007 5718 a
1040 5665 1250 5720 teneris
1280 5667 1595 5736 unguiculis
1639 5667 1792 5737 sequi

301 5826 316 5857 ⁸
345 5825 529 5881 Amos.
557 5842 632 5886 γι.
671 5827 754 5879 ll.

1912 3385 2132 3440 illorum
2197 3395 2412 3441 tantum
2449 3387 2544 3456 qui
2588 3403 2620 3441 a
2675 3387 2888 3457 Spiritu
2935 3398 3129 3445 sancto
3181 3391 3495 3449 illuminati‘

1911 3483 2081 3542 sunt;
2115 3476 2356 3546 primum
2381 3477 2607 3546 quidem
2636 3479 2897 3547 apostoli,
2921 3479 3150 3536 secundi
3175 3483 3484 3553 prophetae,

1910 3565 2062 3620 tertii
2099 3566 2376 3622 doctores.
2431 3566 2761 3638 Quicunque
2811 3570 2982 3641 igitur
3014 3571 3372 3644 incorrupte,
3423 3583 3486 3630 ut

1908 3656 2174 3722 diximus,
2199 3657 2418 3728 legerit,
2449 3672 2561 3712 non
2584 3666 2971 3730 estarrogans,
2997 3663 3043 3718 si
3065 3662 3266 3730 dicam,
3293 3681 3482 3735 reper-

1909 3757 2095 3803 turum
2120 3748 2359 3804 lucidam
2388 3748 2818 3805 declarationem
2843 3751 3095 3807 veritatis
3139 3761 3197 3806 et
3228 3755 3486 3810 falsitatis

1907 3839 2341 3896 confutationem
2378 3858 2391 3894 :
2431 3839 2567 3895 fides
2593 3841 2745 3895 enim
2767 3849 2854 3896 est
2876 3881 2892 3908 ,
2938 3857 3063 3911 qure
3103 3843 3390 3913 praedicat,
3425 3854 3486 3900 et

1904 3948 2035 3988 vera
2065 3940 2241 3998 est,et
2269 3947 2381 3987 non
2406 3943 2491 3989 est
2521 3933 2575 3986 in
2604 3933 2688 3988 eis
2721 3934 3096 3989 mendacium.
3124 3935 3277 3990 Hanc
3296 3944 3484 3991 autem

1907 4024 2033 4080 dico
2061 4038 2247 4079 veram
2268 4067 2282 4089 ,
2311 4040 2425 4079 non
2453 4025 2583 4095 quia
2629 4040 2661 4079 a
2701 4039 2790 4080 me
2818 4025 3026 4094 scripta
3054 4033 3141 4081 est
3175 4045 3188 4080 :
3223 4042 3338 4081 non
3378 4027 3485 4083 boc

1906 4116 2054 4179 dico,
2084 4130 2158 4170 ne
2181 4115 2308 4186 quis
2335 4116 2444 4172 hoc
2476 4124 2654 4186 putet,
2679 4132 2786 4172 nec
2829 4117 3116 4174 existimet
3167 4134 3256 4174 me
3290 4119 3360 4174 de
3397 4135 3502 4175 me-

1906 4207 2136 4271 sentire,
2206 4215 2569 4277 praeterquam
2615 4208 2821 4264 sentire
2863 4217 3101 4279 oportet.
3153 4209 3278 4264 Scio
3308 4210 3502 4277 enim,

1906 4313 2031 4354 cum
2064 4293 2168 4354 s‘im
2207 4306 2353 4353 terra
2384 4307 2440 4354 et
2473 4298 2633 4364 cinis,
2655 4314 2838 4370 neque
2866 4315 3049 4356 sermo
3078 4301 3152 4356 sit
3180 4301 3340 4366 mihi,
3373 4317 3506 4372 quo.

1906 4389 2073 4460 digna
2103 4397 2189 4445 est
2221 4388 2578 4460 praedicatio;
2615 4389 2712 4445 sed
2741 4390 2872 4470 quia
2900 4390 3158 4446 doctrina
3196 4400 3283 4447 est
3321 4393 3502 4447 theo--

1905 4480 2157 4551 logorum
2182 4480 2456 4545 virorum,
2485 4488 2544 4535 et
2565 4479 2789 4562 traditio
2811 4480 3060 4552 perfecta
3081 4521 3098 4546 ,
3123 4498 3247 4553 quae
3280 4483 3348 4538 ad
3383 4499 3494 4539 nos

1907 4580 2170 4642 tanquam
2192 4581 2425 4643 paterna
2457 4573 2754 4628 hereditas
2787 4573 3032 4644 legitime
3059 4574 3213 4630 venit
3244 4574 3318 4629 ad
3341 4574 3497 4631 ﬁlios

1909 5132 1967 5179 et
1991 5122 2290 5178 immerito.
2329 5122 2504 5177 Nemo
2549 5122 2720 5193 igitur
2747 5122 3155 5178 contumeliose
3190 5119 3328 5174 vitio
3352 5134 3489 5174 vcr-

1909 5224 1990 5271 tat
2021 5232 2035 5269 :
2067 5214 2323 5270 Parentes
2349 5213 2498 5269 enim
2525 5215 2887 5269 thesaurizant
2917 5214 3045 5284 ﬁliis
3074 5214 3132 5280 ¹;
3163 5213 3244 5270 sic
3265 5212 3438 5267 Paulo
3461 5213 3498 5244 ³

1905 5308 1963 5364 in
1997 5323 2108 5379 quo
2135 5293 2397 5363 Christus
2422 5307 2778 5377 loquebatur,
2797 5307 2978 5363 visum
2997 5315 3102 5362 est.
3127 5306 3197 5361 Et
3226 5305 3493 5362 Salomon.

1905 5400 1984 5455 ait
2009 5417 2022 5453 :
2051 5398 2316 5455 Gloriatio
2353 5397 2591 5467 ﬁliorum
2615 5403 2795 5467 patres
2819 5413 3002 5452 eorum
3029 5397 3072 5451 ⁸.

1975 5491 2067 5545 lll.
2099 5490 2372 5557 Quoniam
2417 5490 2586 5561 igitur
2610 5495 2834 5558 oportet
2871 5505 3001 5544 eum
3038 5489 3132 5559 qui
3173 5488 3355 5543 factus
3394 5494 3491 5542 est

1902 5581 2186 5651 particeps
2249 5581 2543 5645 sermonis,
2579 5580 2885 5651 praesertim
2925 5581 2994 5636 de
3048 5580 3154 5634 llde
3209 5581 3349 5650 (lucc
3393 5589 3492 5633 est

1905 5668 2106 5738 reliqui
2164 5668 2384 5724 mdiﬁcii
2445 5667 2896 5740 firmamentum),
2932 5666 3207 5738 impartiri
3273 5665 3484 5720 libera»

835 5826 856 5856 '
883 5824 925 5878 ll
953 5822 1076 5880 Cor.
1112 5841 1204 5892 xtl,
1239 5827 1321 5881 H.
1401 5826 1420 5858 ⁸
1450 5827 1493 5881 II
1524 5827 1649 5882 Cor.
1676 5845 1788 5892 xm,
1819 5828 1870 5882 3.
1952 5830 1969 5861 ⁵
2000 5829 2162 5885 Prov.
2191 5847 2322 5897 xui,
2347 5831 2399 5884 6.
