4026 6308
565 351 699 416 1311

1685 351 1758 418 ει
1771 343 2164 408 ANASTASH
2198 346 2241 402 A
2249 342 2470 402 NTIOC
2478 339 2665 401 lIENI

3713 329 3854 396 I312

561 461 782 519 literiis
813 457 1290 531 quiindigentvel
1322 459 1486 513 etiam
1523 466 1740 528 petunt,
1771 455 2000 512 eLnihil
2037 469 2131 508 oc-
2165 463 2204 511 Α
2237 453 2290 505 in
2323 451 2553 504 humilia
2583 445 2949 501 humanitatis
2985 453 3206 509 nostrae,
3240 453 3296 498 et
3339 451 3582 514 propter
3617 460 3729 498 nos
3761 461 3851 499 as-

559 554 773 609 eltltare
801 566 869 606 ex
911 551 980 605 iis
1023 566 1143 619 qua:
1171 549 1404 613 didicit,
1438 559 1772 604 metuentem
1816 546 2131 615 exemplum

559 646 686 715 ejus
705 643 799 713 qui
829 643 1090 696 talentum
1117 641 1364 706 defodit;
1391 641 1600 695 idcirco
1634 655 1912 708 nunquam
1943 637 2135 692 destiti

566 736 719 806 loqui
746 745 799 789 et
822 734 1067 788 scribere
1098 749 1220 787 cum
1263 741 1479 802 tempus
1499 739 1640 796 erat,
1673 747 1798 786 cum
1824 730 2032 798 alioqui
2067 728 2136 783 ad

567 827 714 881 nihil
768 824 920 878 aliud
971 824 1194 892 penitus
1245 824 1481 877 idoneus
1541 839 1757 883 essem,
1801 823 2004 890 quippe
2043 819 2137 889 qui

568 931 766 986 expers
797 931 975 969 essem
1007 913 1347 983 disciplinae,
1381 923 1436 968 et
1477 914 1687 967 nullum
1717 914 2036 982 magistrum
2073 928 2137 964 ex

564 1004 814 1060 externis
839 1003 1183 1072 sapientibus
1200 1003 1333 1055 mihi
1363 1001 1660 1070 professus.
1695 1001 1808 1054 lloc
1834 1010 2015 1053 autem
2045 1014 2142 1051 au-

571 1095 677 1151 deo
696 1095 902 1157 dicere,
939 1109 1026 1148 me
1058 1109 1088 1146 a
1120 1093 1351 1146 veritate
1372 1107 1654 1159 nunquam
1677 1092 1985 1152 aberrasse,
2010 1090 2142 1142 licet

573 1182 641 1237 ad
665 1197 785 1236 eam
825 1179 1306 1234 demonstrandam
1327 1193 1509 1230 sermo
1541 1177 1791 1230 iutirmus
1816 1176 2016 1241 fuerit;
2043 1191 2143 1229 nec

577 1273 632 1328 in
671 1271 1022 1341 dogmatibus
1075 1271 1242 1324 verba
1291 1269 1388 1322 Dei
1419 1269 1600 1322 libens
1634 1266 1928 1330 recusavi,
1964 1281 2144 1334 neque

575 1366 728 1412 retro
757 1355 1158 1411 confessionem
1189 1355 1418 1423 reliqui;
1450 1355 1544 1408 sed
1568 1355 1752 1422 potius
1781 1363 2052 1422 quantum
2090 1353 2144 1404 in

576 1466 664 1505 me
703 1448 830 1512 fuit,
859 1447 1085 1502 semitas
1120 1447 1342 1500 Patrum
1371 1461 1620 1500 meorum
1648 1455 1972 1515 persecutus
1999 1461 2144 1508 sum,

577 1542 671 1611 qui
707 1539 953 1603 aiebant,
981 1553 1180 1606 meque
1205 1538 1476 1593 docebant
1508 1555 1520 1591 :
1551 1558 1569 1588 ι
1604 1539 1820 1592 Nitatur
1843 1553 2024 1592 sermo
2047 1553 2149 1591 no-

578 1638 693 1685 ster
729 1631 786 1683 in
810 1637 992 1683 mente
1029 1637 1150 1691 tua;
1182 1643 1336 1682 serva
1365 1628 1620 1681 mandata
1647 1643 1766 1680 mea
1792 1667 1806 1691 ,
1835 1642 1904 1681 ne
1946 1628 2148 1682 oblivi-

578 1721 772 1786 scaris,
813 1735 916 1774 nec
960 1720 1208 1790 negligas
1250 1719 1364 1774 oris
1389 1720 1566 1773 nostri
1625 1720 1815 1774 verba.
1852 1738 1870 1770 ι
1904 1721 2147 1790 Vestigia

2238 553 2490 612 sumptae.
2522 541 2590 596 Ut
2627 546 2810 592 autem
2847 537 2902 590 in
2934 537 3022 590 his
3057 535 3488 605 progrediamur
3513 576 3528 598 ,
3558 536 3854 603 supplice-

2238 652 2362 692 mus
2387 636 2543 704 prius
2571 633 2682 686 Deo
2707 671 2720 692 ,
2759 631 2840 684 sic
2881 643 3006 682 eum
3055 636 3346 696 precantes
3378 643 3393 680 ε
3423 626 3624 680 Revela
3657 627 3849 682 acula

2239 745 2380 784 meos
2407 767 2422 792 ,
2455 735 2502 780 et
2533 721 2874 777 considerabo
2907 719 3176 773 mirabilia
3211 720 3275 772 de
3308 719 3425 788 lege
3457 727 3551 772 tua
3576 719 3631 783 ’ς
3669 721 3847 774 intel-

2239 821 2473 884 ligentes
2502 815 2724 870 nomine
2751 812 2877 882 legis
2929 825 3146 864 omnem
3177 819 3430 863 sanctam
3473 819 3530 864 et
3562 811 3846 864 divinitus

2243 907 2478 964 :itllatam
2509 907 2872 974 Scripturam,
2901 919 2967 955 ex
2997 917 3103 971 qua
3147 910 3412 970 tanquam
3455 918 3523 954 ex
3567 904 3844 954 thesauro

2245 999 2482 1061 Umnini,
2508 1004 2825 1066 prementes
2845 1008 2984 1046 nova
3013 1002 3068 1045 et
3087 999 3296 1052 vetera,
3324 991 3684 1056 studebimus
3710 1008 3844 1043 mn-

2245 1089 2422 1144 servis
2459 1085 2834 1140 distribuere:
2885 1083 3000 1136 lucc
3045 1090 3228 1135 autem
3273 1081 3602 1133 distributio
3643 1082 3840 1133 divina

2247 1179 2420 1246 gratia
2445 1185 2501 1231 ct
2527 1175 2818 1244 sapientia,
2843 1189 2907 1226 ac
2935 1171 3231 1241 prudentia
3256 1171 3484 1239 indiget.
3505 1170 3837 1236 Qnisenitn.

2250 1271 2450 1337 inquit,
2481 1267 2778 1334 estsapiens
2803 1265 3136 1331 dispensator
3157 1271 3204 1314 et
3227 1262 3486 1331 prudens,
3521 1279 3680 1330 quem
3712 1281 3844 1313 con-

2248 1362 2414 1414 stituit
2446 1358 2686 1410 dominus
2713 1371 2870 1424 super
2902 1353 3165 1423 [antiliam
3182 1369 3338 1406 suam
3367 1362 3424 1406 ut
3457 1354 3541 1405 det—
3578 1356 3757 1406 ritum:
3790 1355 3844 1406 in

2253 1460 2485 1520 tempore
2519 1449 2582 1502 7?
2607 1447 2796 1502 Divina
2825 1447 2992 1516 igitur
3018 1445 3432 1500 illuminatione
3465 1461 3612 1513 opus
3637 1459 3731 1498 est
3765 1447 3832 1497 In

2253 1541 2444 1610 qucuti
2462 1539 2530 1594 de
2551 1539 2664 1592 Deo
2690 1557 2702 1591 :
2732 1539 2940 1604 absque
2976 1535 3126 1590 enim
3153 1551 3219 1590 ca
3245 1534 3456 1604 aliquid
3486 1535 3556 1589 de
3579 1551 3649 1590 eo
3680 1536 3843 1604 loqui

2245 1632 2409 1702 valde
2438 1629 2812 1698 periculosum
2843 1639 2946 1681 est.

2325 1722 2392 1775 ν.
2424 1722 2662 1790 Purgato
2697 1719 2863 1789 igitur
2909 1717 3059 1771 omni
3091 1732 3257 1771 sensu
3281 1758 3297 1782 ,
3332 1717 3417 1770 vel
3463 1717 3654 1786 potius
3680 1717 3842 1770 omni

579 1808 781 1878 pedum
816 1823 1008 1861 eorum
1039 1809 1094 1861 in
1125 1807 1331 1862 divinis
1363 1807 1714 1876 dogmatibus
1751 1817 1975 1862 secutus
2006 1823 2149 1872 sum,
2183 1809 2224 1863 Β
2254 1826 2417 1866 sensu
2445 1811 2662 1874 relicto,
2690 1819 2746 1863 et
2775 1824 2939 1878 supra
2969 1817 3172 1862 terram
3208 1808 3262 1861 in
3296 1808 3472 1861 altum
3501 1808 3743 1870 sublati,
3777 1824 3842 1861 ac

579 1913 685 1953 nec
716 1897 785 1952 ad
811 1897 1058 1954 dextram
1089 1907 1194 1953 nec"
1227 1899 1292 1953 ad
1330 1899 1610 1952 sinistram
1649 1915 1891 1968 unquam
1925 1899 2144 1954 deﬂexi.

576 1987 974 2055 Quamobrem,
1003 1989 1122 2043 Non
1172 1991 1420 2044 abscondi
1468 1992 1888 2045 misericordiam
1927 1991 2046 2055 Dei,
2099 2000 2148 2045 et

581 2081 855 2133 ceritatem
883 2080 996 2148 ejus
1037 2098 1069 2133 a
1104 2097 1374 2150 synagoga
1416 2082 1704 2135 multorum
1728 2083 1771 2145 ⁸,
1807 2093 1869 2138 ut
1893 2083 2149 2152 loquerer

582 2167 641 2222 in
669 2171 900 2224 ecclesia
923 2172 1250 2240 populorum
1283 2173 1582 2226 multorum
1607 2174 2024 2242 iustificationes
2044 2176 2150 2229 Do-

581 2258 926 2330 mini,quas
961 2277 994 2314 a
1037 2261 1296 2316 Patribus
1356 2263 1549 2316 didici.
1601 2263 1790 2332 Itaque
1843 2267 2150 2334 comperics

580 2359 770 2420 patres
815 2366 916 2420 per
944 2367 1032 2406 me
1073 2352 1328 2407 docuisse
1373 2352 1503 2422 (nisi
1546 2353 1768 2408 audacis
1797 2361 1884 2408 est
1921 2355 2028 2410 hoc
2062 2355 2149 2408 di-

583 2440 734 2510 cere)
761 2441 908 2511 quod
940 2443 995 2497 in
1018 2443 1088 2498 iis
1112 2460 1234 2513 qua:
1257 2444 1386 2498 olim
1421 2459 1451 2498 a
1497 2460 1582 2498 me
1614 2446 1818 2514 scripta
1848 2453 1978 2500 sunt
1999 2487 2015 2510 ,
2059 2447 2149 2499 in-

583 2543 845 2602 corrupte
881 2533 1056 2604 legis:
1089 2551 1156 2590 ex
1193 2537 1417 2606 copioso
1443 2537 1590 2590 enim
1628 2537 1782 2592 fonte
1811 2537 2062 2592 laborum
2089 2539 2154 2591 il-

585 2623 766 2676 lorum
825 2631 912 2678 est
953 2625 1070 2680 haec
1122 2629 1369 2696 guttula,
1419 2638 1476 2682 et
1519 2644 1588 2682 ex
1643 2631 1875 2698 perenni
1925 2629 2151 2684 ﬂumine

585 2711 818 2780 exiguus
857 2719 1116 2768 torrens:
1148 2715 1324 2769 instar
1361 2731 1597 2784 namque
1649 2719 1987 2786 aspersionis
2026 2735 2150 2773 cum

587 2816 752 2856 amne
775 2812 1087 2870 comparata
1117 2813 1244 2858 sunt
1273 2822 1392 2860 mea
1417 2823 1542 2860 cum
1568 2808 1675 2862 illis
1696 2809 1914 2872 collata,
1933 2811 2152 2864 tametsi

587 2899 819 2960 cognata
857 2891 966 2946 illis
992 2901 1152 2957 sunt;
1183 2893 1389 2962 quibus
1424 2893 1532 2964 iam
1563 2895 1730 2950 editis
1778 2896 1848 2950 iis
1890 2899 1984 2966 qui
2025 2905 2154 2952 tunc

589 2996 654 3036 ea
683 2982 1000 3048 voluerunt,
1037 2999 1480 3054 supervacaneus
1500 2996 1614 3040 erat
1643 2987 1735 3042 hic
1755 3003 1910 3043 meus
1939 2989 1993 3042 in
2017 3007 2154 3060 pree-

592 3071 735 3126 senti
765 3072 940 3136 labor,
973 3073 1021 3128 si
1050 3075 1138 3127 illa
1163 3073 1437 3127 adessent.
1471 3075 1700 3129 Possent
1735 3078 1880 3132 enim
1910 3077 2024 3147 ipsa
2054 3095 2154 3148 pro

593 3176 654 3215 se
678 3161 1035 3230 respondere,
1057 3172 1112 3216 et
1138 3163 1404 3217 studiosis
1429 3163 1639 3228 nostri,
1674 3175 1730 3219 et
1761 3144 1971 3221 sciendi
1998 3144 2154 3236 cupi-
2185 3144 2226 3199 θ

593 3247 680 3302 dis
703 3247 950 3303 debitum
978 3249 1191 3303 solvere
1225 3265 1238 3302 :
1269 3249 1398 3318 quia
1428 3265 1558 3304 vero
1590 3267 1742 3306 nunc
1785 3253 1877 3308 illa
1922 3271 2032 3308 non
2062 3271 2158 3311 su-

591 3350 823 3410 persunt
875 3349 1102 3410 propter
1155 3342 1400 3396 divinam
1460 3343 1834 3400 visitationem
1889 3363 1995 3416 qua
2055 3364 2160 3403 nos

592 3439 843 3486 amanter
862 3439 923 3485 et
951 3431 1186 3503 benigne
1224 3434 1469 3500 instruit,
1500 3444 1557 3490 et
1576 3436 1642 3490 ad
1669 3445 2042 3508 contemptum
2075 3455 2160 3494 re-

595 3536 718 3575 rum
742 3531 1086 3578 terrenarum
1119 3541 1240 3594 quae
1264 3527 1422 3583 ﬂuxa:
1458 3536 1516 3582 et
1543 3529 1765 3584 caducae
1799 3541 1948 3596 sunt,
1999 3549 2157 3588 exer-

596 3621 706 3676 cet,
731 3621 790 3668 ut
819 3613 910 3668 illa
929 3615 1092 3686 digna
1114 3633 1232 3672 esse
1257 3619 1601 3688 possessione
1617 3622 2014 3688 existimemus,
2041 3641 2162 3694 quae

597 3703 762 3774 dirigi
785 3720 894 3762 non
912 3718 1162 3777 possunt.
1195 3710 1274 3764 Tu
1319 3727 1451 3766 vero
1497 3713 1798 3767 amicorum
1831 3715 2036 3783 optime
2057 3756 2071 3777 ,
2107 3723 2163 3770 et

595 3794 840 3851 virorum
873 3797 1296 3856 honoratissime
1321 3841 1336 3866 ,
1385 3801 1702 3872 frequenter
1735 3820 1888 3896 a‘me
1927 3806 2069 3876 petis
2107 3817 2164 3862 et

597 3902 780 3954 rogas,
809 3898 866 3944 et
885 3891 1137 3961 plerique
1167 3893 1262 3948 alii
1294 3903 1476 3949 tecum
1502 3935 1518 3960 ,
1553 3906 1614 3950 ut
1635 3891 1834 3954 scribis
1858 3941 1872 3965 ,
1909 3907 1970 3953 ut
1998 3915 2161 3970 quam

595 3974 710 4029 vim
747 3977 840 4031 illa
875 3978 1162 4045 haberent,
1197 3982 1297 4036 tibi
1322 3999 1616 4052 exponam.

668 4069 757 4124 IV.
794 4068 1161 4136 Quamobrem
1194 4087 1450 4144 Oportere
1476 4078 1784 4132 existimavi
1807 4119 1820 4139 ,
1850 4087 1912 4132 ut
1940 4089 2164 4137 senten-

587 4160 729 4213 tiam
754 4161 975 4216 illorum
1008 4163 1065 4219 in
1099 4180 1270 4234 pauca
1300 4169 1668 4233 contrahens,
1701 4171 1921 4225 brevem
1961 4174 2162 4242 repeti-

586 4251 805 4306 tionem
832 4257 1149 4311 summatim
1192 4257 1462 4324 facerem,
1493 4261 1664 4316 multa
1695 4263 1884 4330 paucis
1917 4251 2166 4334 comple-

587 4351 787 4408 ctens;
825 4353 882 4399 et
911 4345 1158 4403 fortassis
1203 4351 1613 4407 accommodate
1653 4353 1719 4406 ad
1757 4361 1970 4423 tempus
2015 4357 2164 4424 quod

2255 1919 2452 1958 rursus
2479 1918 2663 1958 aerem
2690 1903 2869 1971 ipsum
2896 1915 3119 1954 sursum
3147 1909 3600 1960 transeuntes,et
3625 1903 3694 1954 ad
3724 1915 3839 1954 cae-

2255 1997 2366 2050 lum
2401 1995 2623 2058 elevati,
2651 2003 2707 2047 et
2730 1993 2774 2047 si
2826 1991 2946 2046 ﬁeri
2993 1999 3220 2060 potest,
3258 2005 3422 2059 supra
3479 1991 3666 2060 ipsum
3714 2006 3844 2058 pro-

2255 2087 2426 2148 vecti,
2454 2093 2510 2139 et
2541 2093 2727 2138 mente
2759 2083 2828 2136 ab
2862 2081 3013 2136 onmi
3034 2081 3367 2151 cogitatione
3403 2096 3608 2135 sensus
3636 2097 3842 2150 corpo-

2257 2178 2338 2232 rei
2369 2174 2730 2241 libera,nuda
2749 2171 3111 2243 intelligentia
3138 2173 3478 2240 incorporeis
3507 2186 3614 2224 nos
3643 2171 3842 2238 adjun-

2257 2280 2470 2336 gamus,
2504 2280 2532 2316 a
2567 2262 2773 2332 quibus
2809 2262 2965 2330 quasi
2997 2275 3160 2314 manu
3184 2261 3337 2314 ducti
3361 2270 3416 2313 et
3445 2259 3634 2313 edocti
3668 2271 3838 2313 natu-

2258 2371 2374 2409 ram
2422 2369 2544 2424 quae
2591 2363 2800 2407 natura:
2847 2352 3152 2417 antecellit,
3203 2361 3261 2405 et
3301 2351 3674 2405 substantiam
3715 2366 3836 2420 qua:

2258 2442 2604 2506 substantiae,
2659 2441 3122 2509 contemplemur,
3169 2441 3446 2511 cognitam
3490 2441 3722 2509 quidem
3770 2457 3834 2493 ex

2258 2535 2642 2599 afﬁrmatione,
2675 2548 2786 2587 non
2817 2533 2952 2602 quid
2981 2541 3088 2597 est,
3125 2533 3218 2588 sed
3245 2533 3393 2602 quod
3417 2543 3536 2596 est;
3567 2550 3638 2587 ex
3669 2549 3833 2604 nega-

2262 2627 2410 2681 tione
2442 2641 2574 2679 vero
2605 2625 2808 2678 dictam
2840 2624 2974 2693 quid
3000 2639 3114 2678 non
3141 2632 3244 2678 est.
3278 2625 3398 2678 Non
3422 2625 3574 2678 enim
3602 2641 3733 2679 vera
3750 2634 3833 2678 est

2259 2715 2483 2785 positio,
2498 2730 2618 2784 quae
2633 2713 2701 2767 de
2723 2713 3032 2767 substantia
3048 2729 3168 2781 quae
3193 2713 3406 2768 ratione
3434 2714 3832 2784 comprehendi

2259 2823 2371 2862 non
2404 2813 2607 2875 potest,
2647 2803 3014 2874 pradicatur;
3043 2805 3250 2858 ablatio
3276 2814 3459 2860 autem
3495 2809 3673 2876 magis
3702 2823 3828 2860 vera

2260 2909 2347 2954 est
2368 2940 2382 2963 ,
2415 2913 2535 2968 quae
2569 2904 2734 2966 negat
2767 2913 2780 2948 :
2813 2895 2858 2950 si
2889 2896 3112 2964 quando
3153 2912 3286 2950 vero
3317 2913 3446 2950 vera
3477 2897 3588 2950 erit
3630 2898 3830 2966 positio

2261 3005 2382 3060 quae
2412 2989 2530 3057 ipsa
2558 2987 2785 3050 dicitur,
2823 3002 2934 3039 non
2964 2985 3269 3040 declarabit
3305 2987 3670 3040 audientibus
3697 2989 3830 3056 quid

2261 3089 2366 3144 est,
2397 3095 2504 3134 nec
2534 3079 2748 3148 aperiet
2772 3090 3028 3132 naturam
3069 3078 3339 3148 ignotam;
3374 3079 3470 3132 sed
3508 3079 3829 3149 patefaciet.

2258 3171 2535 3242 quomodo
2561 3187 2616 3225 se
2637 3170 2924 3224 habeatad
2955 3185 3020 3224 ea
3052 3185 3173 3238 quae
3197 3185 3262 3224 ex
3291 3170 3409 3238 ipsa
3439 3169 3723 3239 pendent:
3755 3169 3833 3222 id-

2259 3279 2367 3334 que
2397 3263 2555 3317 valde
2586 3263 2830 3317 tenuiter
2869 3268 2927 3314 et
2969 3260 3220 3325 minute;
3251 3269 3312 3314 ut
3335 3260 3380 3314 si
3406 3262 3534 3328 quis
3563 3261 3742 3314 solem
3775 3262 3828 3314 in

2261 3371 2403 3424 aqua
2431 3363 2487 3410 et
2515 3355 2570 3408 in
2611 3352 2837 3423 speculo
2863 3350 3127 3406 ostendit.
3175 3351 3470 3416 Quomodo
3497 3352 3670 3422 igitur
3713 3353 3827 3406 ﬁeri

2259 3455 2462 3516 potest,
2488 3454 2549 3498 ut
2579 3459 2834 3499 sermone
2857 3442 3138 3505 laudetur,
3163 3445 3258 3511 qui
3289 3442 3562 3498 rationem
3586 3455 3644 3498 et
3667 3445 3827 3497 intel-

2261 3537 2546 3607 ligentiam
2573 3535 2835 3604 superat?
2860 3533 3107 3602 autquid
3137 3534 3245 3588 diei
3287 3543 3491 3603 potest,
3526 3544 3588 3588 ut
3622 3552 3653 3589 a
3689 3551 3825 3604 quo-

2262 3629 2406 3714 piam
2429 3643 2531 3697 pro
2559 3626 2829 3696 dignitate
2848 3625 3262 3679 demonstretur
3282 3625 3532 3689 notione,
3551 3628 3645 3696 qui
3665 3643 3825 3696 supra

2262 3721 2542 3778 notionem
2600 3719 2726 3772 est?
2781 3718 2881 3771 llic
2934 3726 3019 3772 est
3066 3717 3313 3772 omnium
3381 3717 3824 3776 firmamentum,

2264 3811 2512 3866 omnium
2539 3810 2732 3875 robur,
2763 3807 3012 3863 omnium
3041 3807 3377 3878 principium
3405 3847 3419 3868 ,
3451 3810 3599 3862 unde
3645 3810 3825 3862 omnia

2264 3909 2512 3965 manant,
2535 3911 2591 3955 et
2610 3915 2718 3970 quo
2735 3899 2920 3953 omnia
2945 3907 3218 3967 spectant,
3245 3898 3580 3968 principium
3608 3909 3666 3952 et
3685 3899 3822 3961 finis,

2263 4005 2320 4048 et
2334 3993 2504 4063 Alpha
2525 3991 2748 4062 (inquit)
2767 3999 2817 4044 et
2835 3990 3054 4059 Omega,
3077 3990 3220 4042 sicut
3237 3988 3380 4042 dixit
3401 3990 3722 4058 theologans
3737 3991 3823 4058 qui

2265 4086 2582 4154 theologum
2607 4081 2875 4146 docuit';
2909 4081 3006 4150 qui
3045 4079 3198 4142 facit,
3233 4087 3296 4133 ut
3318 4095 3442 4149 quae
3475 4090 3627 4140 sunt,
3660 4081 3822 4143 sint’;

2265 4187 2319 4232 et
2347 4192 2468 4246 quae
2491 4173 2743 4228 nondum
2765 4180 2896 4227 sunt
2920 4212 2934 4233 ,
2981 4181 3044 4226 ut
3089 4171 3308 4240 capiant
3334 4180 3520 4225 ortum
3551 4213 3566 4234 ,
3615 4173 3707 4241 qui
3747 4182 3825 4224 est

2264 4271 2402 4324 ordo
2432 4283 2625 4324 eorum
2651 4283 2773 4337 qua:
2804 4283 2872 4322 ex
2899 4265 3076 4320 nihilo
3104 4266 3244 4320 facta
3275 4275 3424 4328 sunt,
3449 4273 3510 4320 et
3529 4265 3746 4320 duratio
3767 4281 3823 4319 ac

2267 4359 2635 4420 conservatio,
2662 4365 2859 4412 natura
2893 4358 3129 4412 creatrix
3151 4397 3166 4420 ,
3210 4357 3391 4412 virtus
3435 4356 3679 4412 etliciens
3700 4398 3714 4419 ,
3749 4357 3824 4410 iu-

596 4433 758 4488 ¹¹⁰Ῑ³ί⁵
782 4439 1044 4534 suppetit.
1076 4449 1132 4494 οι
1163 4441 1234 4494 ad
1281 4441 1524 4511 inopiam
1555 4443 1824 4498 librorum
1857 4461 1964 4514 qua
2007 4447 2162 4501 labo-
2197 4479 2241 4534 Β
2271 4463 2433 4508 tuens
2463 4460 2517 4506 et
2547 4449 2866 4520 providens,
2889 4449 3002 4502 vita
3021 4448 3234 4508 vivens,
3265 4455 3319 4501 ct
3339 4447 3556 4500 viviﬁca
3579 4449 3820 4502 substan-

598 4541 807 4581 ramus.
840 4527 908 4582 Et
937 4529 1068 4598 quia
1111 4531 1226 4586 scio
1257 4533 1550 4602 plerosque
1578 4536 1994 4590 multitudinem
2025 4539 2166 4592 scri-

593 4608 822 4686 ptorum
839 4619 1090 4676 fastidire
1117 4624 1290 4677 veluti
1313 4641 1550 4678 nausean
1560 4635 1661 4688 tes,
1677 4625 1820 4680 sicut
1836 4627 1930 4696 qui
1949 4637 2164 4682 vastum

591 4724 750 4763 mare
787 4712 1140 4782 navigarunt,
1171 4725 1226 4770 et
1247 4717 1313 4770 ad
1341 4717 1516 4770 solum
1540 4727 1821 4786 aspectum
1857 4721 2034 4791 magni
2068 4737 2167 4775 vo-

595 4799 825 4856 luminis
851 4802 1230 4872 desperantes;
1261 4816 1485 4877 propter
1518 4809 1620 4863 hos
1655 4812 1856 4866 melius
1874 4829 1994 4868 esse
2015 4814 2168 4868 arbi-

598 4899 778 4947 tratus
802 4909 944 4959 sum,
975 4895 1219 4952 breviter
1243 4899 1488 4954 scribere
1505 4941 1520 4965 ,
1551 4909 1607 4955 et
1627 4901 1936 4957 satietatem
1961 4905 2166 4959 oratio-

597 4983 687 5038 nis
718 4985 907 5055 lugere
927 5025 942 5048 ,
969 4998 1026 5042 et
1051 5003 1148 5057 per
1185 4997 1237 5044 te
1277 4991 1540 5047 omnibus
1570 5009 1880 5062 proponere
1915 4996 2162 5051 limatam

589 5077 910 5146 dogmatum
935 5082 1352 5150 expositionem,
1375 5100 1496 5154 qua:
1522 5087 1654 5140 satis
1674 5089 1744 5142 sit
1766 5087 1834 5142 ad
1853 5089 2164 5142 docendum

585 5182 694 5222 eos
721 5169 816 5236 qui
847 5186 912 5224 ea
945 5180 1191 5239 utantur,
1223 5191 1345 5244 quae
1371 5177 1578 5232 sentire
1611 5179 1677 5232 de
1709 5179 1776 5234 iis
1804 5195 1926 5248 quae
1963 5180 2160 5234 dicun-

590 5268 712 5322 tur,
737 5269 794 5315 et
823 5278 946 5330 qua:
974 5279 1168 5320 cavere
1195 5276 1448 5336 Oporteat
1473 5286 1487 5322 :
1521 5271 1783 5338 procedet
1811 5281 1995 5324 autem
2037 5285 2163 5324 ora-

593 5350 677 5404 tio
703 5353 846 5408 serie
873 5363 930 5409 ct
955 5356 1148 5412 ordine
1172 5400 1186 5424 ,
1217 5369 1485 5428 quantum
1525 5362 1786 5431 consequi
1833 5371 2046 5431 potero,
2095 5362 2164 5416 ab

591 5445 890 5502 altioribus
907 5463 962 5502 et
989 5467 1110 5518 quae
1137 5468 1301 5521 supra
1325 5470 1425 5508 nos
1440 5465 1568 5509 sunt
1586 5471 1800 5519 exorsa,
1827 5465 1881 5510 et
1908 5455 2166 5510 desinens

669 5565 690 5596 ³
739 5564 883 5622 Psal.
925 5583 1102 5632 χχχιιι,
1159 5571 1242 5624 ll.

1321 5573 1339 5603 ⁸
1363 5572 1500 5626 Psal.
1545 5590 1720 5638 cxvtu,
1745 5573 1824 5628 l8.
1897 5575 1915 5605 "
1939 5572 2071 5626 Luc.
2106 5589 2196 5638 xu,
2219 5573 2304 5626 ω.

2271 4541 2364 4594 tia.
2397 4539 2522 4597 Sola
2552 4547 2748 4592 natura
2785 4537 3106 4606 μεθεκτικὴ,
3151 4537 3204 4590 id
3233 4545 3318 4592 est
3342 4577 3356 4601 ,
3389 4538 3819 4599 communicans,

2267 4647 2366 4700 per
2397 4629 2582 4685 omnia
2613 4643 2806 4683 means
2835 4669 2848 4692 ,
2895 4627 3100 4682 nullius
3128 4628 3418 4696 complexu
3451 4637 3706 4682 contenta
3734 4647 3746 4680 :
3772 4638 3820 4682 et

2267 4720 2400 4792 quid
2433 4721 2577 4774 ullus
2608 4727 2788 4788 potest
2810 4718 2998 4773 dicere
3027 4717 3094 4772 de
3122 4717 3390 4772 inetlabili
3415 4718 3628 4773 infinita
3648 4719 3814 4773 dicere

2269 4810 2534 4865 molitus?
2564 4809 2724 4875 Quod
2752 4809 2900 4862 enim
2928 4807 3180 4877 expromi
3219 4822 3328 4861 non
3372 4817 3577 4877 potest,
3603 4826 3706 4862 non
3729 4825 3824 4863 ex-

2269 4901 2599 4971 plicabitur;
2633 4907 2690 4954 et
2743 4898 2890 4968 quod
2939 4906 3026 4952 est
3071 4913 3240 4967 supra
3294 4913 3518 4952 omnem
3571 4910 3812 4960 mentem,

2267 4994 2419 5046 nulla
2437 5007 2592 5046 mens
2623 4989 3076 5060 comprehendet,
3106 4989 3359 5058 quamvis
3385 4989 3459 5042 sit
3479 4990 3811 5044 subtilissima

2266 5083 2334 5137 ad
2359 5081 2782 5151 penetrandum,
2811 5089 2867 5134 et
2891 5081 3206 5134 acutissima
3227 5080 3293 5133 ad
3317 5081 3809 5150 contemplandum:

2269 5189 2434 5228 nemo
2466 5174 2634 5243 igitur
2665 5180 2823 5241 putet
2847 5188 2908 5226 se
2937 5171 3476 5240 comprehensurum
3505 5173 3650 5242 quod
3681 5188 3807 5226 eom-

2270 5268 2538 5338 prcliendi
2578 5283 2687 5320 non
2719 5272 2918 5336 potest,
2951 5280 3056 5319 nec
3094 5272 3448 5332 reperturum
3498 5265 3644 5334 quod
3677 5281 3809 5332 rcpe

2271 5362 2368 5414 riri
2405 5375 2516 5414 non
2546 5367 2752 5428 potest.
2799 5357 3033 5411 Frustra
3081 5353 3208 5424 quia
3254 5365 3642 5426 persequetur,
3687 5355 3806 5422 quod

2273 5453 2490 5523 assequi
2521 5467 2630 5506 non
2657 5450 2885 5520 poterit.
2917 5449 3048 5502 Post
3086 5447 3327 5503 infinitas
3346 5465 3480 5520 ergo
3505 5449 3807 5520 excogitatas

2383 5571 2404 5602 ⁸
2430 5571 2597 5639 Apoc.
2619 5585 2658 5634 ι,
2689 5567 2738 5621 8.
2817 5567 2837 5598 ’
2869 5566 3023 5620 Rom.
3055 5580 3128 5630 tv,
3166 5563 3246 5616 l7.

1902 5689 2133 5743 VARL’XC
2171 5687 2568 5744 lJIC'l'llii-(I'LS.

672 5766 700 5792 ι
743 5755 845 5817 Qui

851 5774 877 5804 ..-
916 5753 952 5803 l"
979 5765 1092 5814 .rtc,
1130 5757 1262 5820 quis.
