  <div class='ocr_page' id='page_1' title='image "/cluster/home/n/w/nwhite01/storage/ocr_20150623/89/pst.000005712953/664.png"; bbox 0 0 3910 6300; ppageno 0'>
   <div class='ocr_carea' id='block_1_1' title="bbox 24 201 189 265">
    <p class='ocr_par' dir='ltr' id='par_1_1' title="bbox 24 201 189 265">
     <span class='ocr_line' id='line_1_1' title="bbox 24 201 189 265; baseline 0.012 -3"><span class='ocrx_word' id='word_1_1' title='bbox 24 201 189 265; x_wconf 74' lang='lat'><strong>1313</strong></span> 
     </span>
    </p>
   </div>
   <div class='ocr_carea' id='block_1_2' title="bbox 1053 202 2277 268">
    <p class='ocr_par' dir='ltr' id='par_1_2' title="bbox 1053 202 2277 268">
     <span class='ocr_line' id='line_1_2' title="bbox 1053 202 2277 268; baseline 0 0"><span class='ocrx_word' id='word_1_2' title='bbox 1053 207 1337 268; x_wconf 83' lang='lat' dir='ltr'><strong>ORATIO</strong></span> <span class='ocrx_word' id='word_1_3' title='bbox 1378 207 1425 266; x_wconf 93' lang='grc' dir='ltr'><strong>Ι.</strong></span> <span class='ocrx_word' id='word_1_4' title='bbox 1452 231 1521 240; x_wconf 91' lang='grc'><strong><em>-</em></strong></span> <span class='ocrx_word' id='word_1_5' title='bbox 1551 203 1650 264; x_wconf 85' lang='lat' dir='ltr'><strong>DE</strong></span> <span class='ocrx_word' id='word_1_6' title='bbox 1692 202 1795 263; x_wconf 91' lang='lat' dir='ltr'><strong>SS.</strong></span> <span class='ocrx_word' id='word_1_7' title='bbox 1837 204 2277 268; x_wconf 82' lang='lat' dir='ltr'><strong>TRINITATE.</strong></span> 
     </span>
    </p>
   </div>
   <div class='ocr_carea' id='block_1_3' title="bbox 3181 220 3319 286">
    <p class='ocr_par' dir='ltr' id='par_1_3' title="bbox 3181 220 3319 286">
     <span class='ocr_line' id='line_1_3' title="bbox 3181 220 3319 286; baseline 0 -2"><span class='ocrx_word' id='word_1_8' title='bbox 3181 220 3319 286; x_wconf 75' lang='lat' dir='ltr'><strong>13M</strong></span> 
     </span>
    </p>
   </div>
   <div class='ocr_carea' id='block_1_4' title="bbox 21 310 3321 390">
    <p class='ocr_par' dir='ltr' id='par_1_4' title="bbox 21 310 3321 390">
     <span class='ocr_line' id='line_1_4' title="bbox 21 310 3321 390; baseline 0.005 -19"><span class='ocrx_word' id='word_1_9' title='bbox 21 328 86 372; x_wconf 84' lang='lat' dir='ltr'><strong>et.</strong></span> <span class='ocrx_word' id='word_1_10' title='bbox 146 320 481 375; x_wconf 82' lang='lat' dir='ltr'><strong>adinventas</strong></span> <span class='ocrx_word' id='word_1_11' title='bbox 512 321 761 377; x_wconf 83' lang='lat' dir='ltr'><strong>rationes</strong></span> <span class='ocrx_word' id='word_1_12' title='bbox 788 362 800 385; x_wconf 94' lang='lat'><strong>,</strong></span> <span class='ocrx_word' id='word_1_13' title='bbox 852 321 1029 375; x_wconf 90' lang='lat' dir='ltr'><strong>solum</strong></span> <span class='ocrx_word' id='word_1_14' title='bbox 1062 320 1381 375; x_wconf 84' lang='lat' dir='ltr'><strong>videbimur</strong></span> <span class='ocrx_word' id='word_1_15' title='bbox 1413 327 1629 379; x_wconf 89' lang='lat' dir='ltr'><strong>ventos,</strong></span> <span class='ocrx_word' id='word_1_16' title='bbox 1661 319 1704 375; x_wconf 81' lang='grc' dir='ltr'><strong>Α</strong></span> <span class='ocrx_word' id='word_1_17' title='bbox 1736 316 1807 370; x_wconf 86' lang='grc' dir='ltr'><strong>Ει</strong></span> <span class='ocrx_word' id='word_1_18' title='bbox 1833 324 1953 371; x_wconf 90' lang='lat' dir='ltr'><strong>erat</strong></span> <span class='ocrx_word' id='word_1_19' title='bbox 1978 318 2032 371; x_wconf 93' lang='lat' dir='ltr'><strong>in</strong></span> <span class='ocrx_word' id='word_1_20' title='bbox 2058 319 2220 373; x_wconf 80' lang='lat' dir='ltr'><strong>Patre</strong></span> <span class='ocrx_word' id='word_1_21' title='bbox 2242 327 2298 373; x_wconf 90' lang='lat' dir='ltr'><strong>et</strong></span> <span class='ocrx_word' id='word_1_22' title='bbox 2321 320 2466 389; x_wconf 87' lang='lat' dir='ltr'><strong>apud</strong></span> <span class='ocrx_word' id='word_1_23' title='bbox 2502 321 2718 378; x_wconf 88' lang='lat' dir='ltr'><strong>Patrem</strong></span> <span class='ocrx_word' id='word_1_24' title='bbox 2742 364 2755 389; x_wconf 95' lang='lat'><strong>,</strong></span> <span class='ocrx_word' id='word_1_25' title='bbox 2778 310 2889 381; x_wconf 79' lang='lat' dir='ltr'><strong>non</strong></span> <span class='ocrx_word' id='word_1_26' title='bbox 2914 325 3098 386; x_wconf 77' lang='lat' dir='ltr'><strong>ferens</strong></span> <span class='ocrx_word' id='word_1_27' title='bbox 3118 347 3321 390; x_wconf 86' lang='lat' dir='ltr'><strong>secun-</strong></span> 
     </span>
    </p>
   </div>
   <div class='ocr_carea' id='block_1_5' title="bbox 24 412 1634 482">
    <p class='ocr_par' dir='ltr' id='par_1_5' title="bbox 24 412 1634 482">
     <span class='ocr_line' id='line_1_5' title="bbox 24 412 1634 482; baseline 0.001 -20"><span class='ocrx_word' id='word_1_28' title='bbox 24 421 96 463; x_wconf 91' lang='lat' dir='ltr'><strong>ut</strong></span> <span class='ocrx_word' id='word_1_29' title='bbox 131 412 193 464; x_wconf 91' lang='lat' dir='ltr'><strong>in</strong></span> <span class='ocrx_word' id='word_1_30' title='bbox 225 412 530 468; x_wconf 89' lang='lat' dir='ltr'><strong>Proverbio</strong></span> <span class='ocrx_word' id='word_1_31' title='bbox 555 414 780 479; x_wconf 88' lang='lat' dir='ltr'><strong>dicitur,</strong></span> <span class='ocrx_word' id='word_1_32' title='bbox 806 413 862 467; x_wconf 91' lang='lat' dir='ltr'><strong>in</strong></span> <span class='ocrx_word' id='word_1_33' title='bbox 887 413 1012 468; x_wconf 86' lang='lat' dir='ltr'><strong>sinu</strong></span> <span class='ocrx_word' id='word_1_34' title='bbox 1042 413 1329 482; x_wconf 81' lang='lat' dir='ltr'><strong>colligere,</strong></span> <span class='ocrx_word' id='word_1_35' title='bbox 1355 420 1411 465; x_wconf 87' lang='lat' dir='ltr'><strong>et</strong></span> <span class='ocrx_word' id='word_1_36' title='bbox 1433 425 1634 481; x_wconf 88' lang='lat' dir='ltr'><strong>aquam</strong></span> 
     </span>
    </p>
   </div>
   <div class='ocr_carea' id='block_1_6' title="bbox 25 496 1635 571">
    <p class='ocr_par' dir='ltr' id='par_1_6' title="bbox 25 496 1635 571">
     <span class='ocr_line' id='line_1_6' title="bbox 25 496 1635 571; baseline 0.002 -21"><span class='ocrx_word' id='word_1_37' title='bbox 25 496 92 551; x_wconf 90' lang='lat' dir='ltr'><strong>in</strong></span> <span class='ocrx_word' id='word_1_38' title='bbox 132 499 308 568; x_wconf 83' lang='lat' dir='ltr'><strong>pallio</strong></span> <span class='ocrx_word' id='word_1_39' title='bbox 343 516 541 571; x_wconf 81' lang='lat' dir='ltr'><strong>cogere</strong></span> <span class='ocrx_word' id='word_1_40' title='bbox 573 510 630 555; x_wconf 90' lang='lat' dir='ltr'><strong>et</strong></span> <span class='ocrx_word' id='word_1_41' title='bbox 661 501 1011 571; x_wconf 86' lang='lat' dir='ltr'><strong>conglobare.</strong></span> <span class='ocrx_word' id='word_1_42' title='bbox 1041 500 1098 556; x_wconf 91' lang='lat' dir='ltr'><strong>Si</strong></span> <span class='ocrx_word' id='word_1_43' title='bbox 1131 501 1279 554; x_wconf 89' lang='lat' dir='ltr'><strong>enim</strong></span> <span class='ocrx_word' id='word_1_44' title='bbox 1311 508 1556 554; x_wconf 82' lang='lat' dir='ltr'><strong>extrema</strong></span> <span class='ocrx_word' id='word_1_45' title='bbox 1579 500 1635 553; x_wconf 92' lang='lat' dir='ltr'><strong>in</strong></span> 
     </span>
    </p>
   </div>
   <div class='ocr_carea' id='block_1_7' title="bbox 21 591 1633 662">
    <p class='ocr_par' dir='ltr' id='par_1_7' title="bbox 21 591 1633 662">
     <span class='ocr_line' id='line_1_7' title="bbox 21 591 1633 662; baseline 0.001 -19"><span class='ocrx_word' id='word_1_46' title='bbox 21 593 325 647; x_wconf 85' lang='lat' dir='ltr'><strong>creaturis</strong></span> <span class='ocrx_word' id='word_1_47' title='bbox 337 595 501 649; x_wconf 91' lang='lat' dir='ltr'><strong>nobis</strong></span> <span class='ocrx_word' id='word_1_48' title='bbox 517 593 846 648; x_wconf 84' lang='lat' dir='ltr'><strong>mortalibus</strong></span> <span class='ocrx_word' id='word_1_49' title='bbox 871 592 1148 661; x_wconf 88' lang='lat' dir='ltr'><strong>incognita</strong></span> <span class='ocrx_word' id='word_1_50' title='bbox 1169 601 1298 645; x_wconf 91' lang='lat' dir='ltr'><strong>sunt</strong></span> <span class='ocrx_word' id='word_1_51' title='bbox 1322 593 1470 662; x_wconf 84' lang='lat' dir='ltr'><strong>(quis</strong></span> <span class='ocrx_word' id='word_1_52' title='bbox 1484 591 1633 645; x_wconf 89' lang='lat' dir='ltr'><strong>enim</strong></span> 
     </span>
    </p>
   </div>
   <div class='ocr_carea' id='block_1_8' title="bbox 21 668 1633 753">
    <p class='ocr_par' dir='ltr' id='par_1_8' title="bbox 21 668 1633 753">
     <span class='ocr_line' id='line_1_8' title="bbox 21 668 1633 753; baseline 0.002 -19"><span class='ocrx_word' id='word_1_53' title='bbox 21 668 404 739; x_wconf 81' lang='lat' dir='ltr'><strong>altitudinem</strong></span> <span class='ocrx_word' id='word_1_54' title='bbox 434 686 558 739; x_wconf 73' lang='lat' dir='ltr'><strong>caeli</strong></span> <span class='ocrx_word' id='word_1_55' title='bbox 591 701 817 740; x_wconf 89' lang='lat' dir='ltr'><strong>mensus</strong></span> <span class='ocrx_word' id='word_1_56' title='bbox 845 685 972 739; x_wconf 88' lang='lat' dir='ltr'><strong>est?</strong></span> <span class='ocrx_word' id='word_1_57' title='bbox 1009 690 1104 738; x_wconf 86' lang='lat' dir='ltr'><strong>aut</strong></span> <span class='ocrx_word' id='word_1_58' title='bbox 1131 684 1258 752; x_wconf 86' lang='lat' dir='ltr'><strong>quis</strong></span> <span class='ocrx_word' id='word_1_59' title='bbox 1296 683 1633 753; x_wconf 81' lang='lat' dir='ltr'><strong>profundum</strong></span> 
     </span>
    </p>
   </div>
   <div class='ocr_carea' id='block_1_9' title="bbox 21 774 1634 846">
    <p class='ocr_par' dir='ltr' id='par_1_9' title="bbox 21 774 1634 846">
     <span class='ocr_line' id='line_1_9' title="bbox 21 774 1634 846; baseline 0.001 -19"><span class='ocrx_word' id='word_1_60' title='bbox 21 776 216 830; x_wconf 86' lang='lat' dir='ltr'><strong>maris</strong></span> <span class='ocrx_word' id='word_1_61' title='bbox 241 776 860 846; x_wconf 87' lang='lat' dir='ltr'><strong>comprehcndit?aeris</strong></span> <span class='ocrx_word' id='word_1_62' title='bbox 890 775 1117 841; x_wconf 78' lang='lat' dir='ltr'><strong>tlumm,</strong></span> <span class='ocrx_word' id='word_1_63' title='bbox 1144 786 1435 829; x_wconf 85' lang='lat' dir='ltr'><strong>ventorum</strong></span> <span class='ocrx_word' id='word_1_64' title='bbox 1457 774 1634 843; x_wconf 90' lang='lat' dir='ltr'><strong>impc-</strong></span> 
     </span>
    </p>
   </div>
   <div class='ocr_carea' id='block_1_10' title="bbox 21 865 1634 937">
    <p class='ocr_par' dir='ltr' id='par_1_10' title="bbox 21 865 1634 937">
     <span class='ocr_line' id='line_1_10' title="bbox 21 865 1634 937; baseline -0.001 -16"><span class='ocrx_word' id='word_1_65' title='bbox 21 876 156 931; x_wconf 86' lang='lat' dir='ltr'><strong>tus,</strong></span> <span class='ocrx_word' id='word_1_66' title='bbox 195 875 356 922; x_wconf 69' lang='lat' dir='ltr'><strong>terra:</strong></span> <span class='ocrx_word' id='word_1_67' title='bbox 381 868 734 937; x_wconf 78' lang='lat' dir='ltr'><strong>gravitatem,</strong></span> <span class='ocrx_word' id='word_1_68' title='bbox 765 876 822 921; x_wconf 91' lang='lat' dir='ltr'><strong>et</strong></span> <span class='ocrx_word' id='word_1_69' title='bbox 844 867 1056 935; x_wconf 89' lang='lat' dir='ltr'><strong>reliqua</strong></span> <span class='ocrx_word' id='word_1_70' title='bbox 1085 865 1408 919; x_wconf 74' lang='lat' dir='ltr'><strong>substantiae</strong></span> <span class='ocrx_word' id='word_1_71' title='bbox 1436 879 1634 935; x_wconf 90' lang='lat' dir='ltr'><strong>corpo-</strong></span> 
     </span>
    </p>
   </div>
   <div class='ocr_carea' id='block_1_11' title="bbox 21 959 1634 1030">
    <p class='ocr_par' dir='ltr' id='par_1_11' title="bbox 21 959 1634 1030">
     <span class='ocr_line' id='line_1_11' title="bbox 21 959 1634 1030; baseline -0.001 -17"><span class='ocrx_word' id='word_1_72' title='bbox 21 962 199 1028; x_wconf 74' lang='lat' dir='ltr'><strong>reze),</strong></span> <span class='ocrx_word' id='word_1_73' title='bbox 230 961 275 1015; x_wconf 90' lang='lat' dir='ltr'><strong>si</strong></span> <span class='ocrx_word' id='word_1_74' title='bbox 304 961 441 1024; x_wconf 80' lang='lat' dir='ltr'><strong>haec,</strong></span> <span class='ocrx_word' id='word_1_75' title='bbox 476 960 726 1030; x_wconf 88' lang='lat' dir='ltr'><strong>inquam,</strong></span> <span class='ocrx_word' id='word_1_76' title='bbox 760 959 1023 1029; x_wconf 81' lang='lat' dir='ltr'><strong>cognosci</strong></span> <span class='ocrx_word' id='word_1_77' title='bbox 1064 974 1177 1012; x_wconf 88' lang='lat' dir='ltr'><strong>non</strong></span> <span class='ocrx_word' id='word_1_78' title='bbox 1210 967 1465 1026; x_wconf 90' lang='lat' dir='ltr'><strong>possunt,</strong></span> <span class='ocrx_word' id='word_1_79' title='bbox 1496 972 1634 1026; x_wconf 88' lang='lat' dir='ltr'><strong>quo-</strong></span> 
     </span>
    </p>
   </div>
   <div class='ocr_carea' id='block_1_12' title="bbox 21 1048 1633 1124">
    <p class='ocr_par' dir='ltr' id='par_1_12' title="bbox 21 1048 1633 1124">
     <span class='ocr_line' id='line_1_12' title="bbox 21 1048 1633 1124; baseline -0.002 -19"><span class='ocrx_word' id='word_1_80' title='bbox 21 1052 210 1105; x_wconf 90' lang='lat' dir='ltr'><strong>modo</strong></span> <span class='ocrx_word' id='word_1_81' title='bbox 255 1053 428 1121; x_wconf 89' lang='lat' dir='ltr'><strong>ipsam</strong></span> <span class='ocrx_word' id='word_1_82' title='bbox 488 1063 746 1109; x_wconf 87' lang='lat' dir='ltr'><strong>naturam</strong></span> <span class='ocrx_word' id='word_1_83' title='bbox 774 1069 896 1124; x_wconf 69' lang='lat' dir='ltr'><strong>qua:</strong></span> <span class='ocrx_word' id='word_1_84' title='bbox 937 1049 1124 1104; x_wconf 81' lang='lat' dir='ltr'><strong>omnia</strong></span> <span class='ocrx_word' id='word_1_85' title='bbox 1162 1048 1391 1111; x_wconf 87' lang='lat' dir='ltr'><strong>creavit,</strong></span> <span class='ocrx_word' id='word_1_86' title='bbox 1430 1048 1633 1103; x_wconf 87' lang='lat' dir='ltr'><strong>intelli-</strong></span> 
     </span>
    </p>
   </div>
   <div class='ocr_carea' id='block_1_13' title="bbox 21 1139 1630 1215">
    <p class='ocr_par' dir='ltr' id='par_1_13' title="bbox 21 1139 1630 1215">
     <span class='ocr_line' id='line_1_13' title="bbox 21 1139 1630 1215; baseline -0.001 -19"><span class='ocrx_word' id='word_1_87' title='bbox 21 1143 230 1212; x_wconf 82' lang='lat' dir='ltr'><strong>gentia</strong></span> <span class='ocrx_word' id='word_1_88' title='bbox 264 1143 659 1212; x_wconf 86' lang='lat' dir='ltr'><strong>comprehendi</strong></span> <span class='ocrx_word' id='word_1_89' title='bbox 692 1159 855 1215; x_wconf 86' lang='lat' dir='ltr'><strong>posse</strong></span> <span class='ocrx_word' id='word_1_90' title='bbox 884 1139 1236 1202; x_wconf 81' lang='lat' dir='ltr'><strong>existimare,</strong></span> <span class='ocrx_word' id='word_1_91' title='bbox 1273 1153 1383 1193; x_wconf 91' lang='lat' dir='ltr'><strong>non</strong></span> <span class='ocrx_word' id='word_1_92' title='bbox 1415 1153 1630 1194; x_wconf 89' lang='lat' dir='ltr'><strong>summa</strong></span> 
     </span>
    </p>
   </div>
   <div class='ocr_carea' id='block_1_14' title="bbox 21 1231 477 1287">
    <p class='ocr_par' dir='ltr' id='par_1_14' title="bbox 21 1231 477 1287">
     <span class='ocr_line' id='line_1_14' title="bbox 21 1231 477 1287; baseline 0 -2"><span class='ocrx_word' id='word_1_93' title='bbox 21 1231 325 1287; x_wconf 89' lang='lat' dir='ltr'><strong>dementia</strong></span> <span class='ocrx_word' id='word_1_94' title='bbox 348 1240 432 1285; x_wconf 88' lang='lat' dir='ltr'><strong>est</strong></span> <span class='ocrx_word' id='word_1_95' title='bbox 454 1232 477 1284; x_wconf 86' lang='lat'><strong>?</strong></span> 
     </span>
    </p>
   </div>
   <div class='ocr_carea' id='block_1_15' title="bbox 102 1319 1629 1393">
    <p class='ocr_par' dir='ltr' id='par_1_15' title="bbox 102 1319 1629 1393">
     <span class='ocr_line' id='line_1_15' title="bbox 102 1319 1629 1393; baseline -0.002 -17"><span class='ocrx_word' id='word_1_96' title='bbox 102 1323 199 1376; x_wconf 81' lang='lat' dir='ltr'><strong>Vl.</strong></span> <span class='ocrx_word' id='word_1_97' title='bbox 235 1323 542 1378; x_wconf 90' lang='lat' dir='ltr'><strong>Taceamus</strong></span> <span class='ocrx_word' id='word_1_98' title='bbox 574 1322 891 1393; x_wconf 90' lang='lat' dir='ltr'><strong>igiturnos,</strong></span> <span class='ocrx_word' id='word_1_99' title='bbox 921 1331 982 1377; x_wconf 92' lang='lat' dir='ltr'><strong>ut</strong></span> <span class='ocrx_word' id='word_1_100' title='bbox 1006 1337 1237 1378; x_wconf 90' lang='lat' dir='ltr'><strong>necesse</strong></span> <span class='ocrx_word' id='word_1_101' title='bbox 1263 1330 1387 1388; x_wconf 90' lang='lat' dir='ltr'><strong>est,</strong></span> <span class='ocrx_word' id='word_1_102' title='bbox 1424 1319 1629 1388; x_wconf 90' lang='lat' dir='ltr'><strong>quibus</strong></span> 
     </span>
    </p>
   </div>
   <div class='ocr_carea' id='block_1_16' title="bbox 21 1408 1629 1480">
    <p class='ocr_par' dir='ltr' id='par_1_16' title="bbox 21 1408 1629 1480">
     <span class='ocr_line' id='line_1_16' title="bbox 21 1408 1629 1480; baseline -0.002 -15"><span class='ocrx_word' id='word_1_103' title='bbox 21 1425 227 1465; x_wconf 82' lang='lat' dir='ltr'><strong>sermo</strong></span> <span class='ocrx_word' id='word_1_104' title='bbox 255 1426 366 1465; x_wconf 89' lang='lat' dir='ltr'><strong>non</strong></span> <span class='ocrx_word' id='word_1_105' title='bbox 398 1411 664 1480; x_wconf 87' lang='lat' dir='ltr'><strong>suppetit,</strong></span> <span class='ocrx_word' id='word_1_106' title='bbox 704 1420 761 1466; x_wconf 90' lang='lat' dir='ltr'><strong>et</strong></span> <span class='ocrx_word' id='word_1_107' title='bbox 787 1420 944 1465; x_wconf 87' lang='lat' dir='ltr'><strong>tonet</strong></span> <span class='ocrx_word' id='word_1_108' title='bbox 969 1427 1163 1466; x_wconf 89' lang='lat' dir='ltr'><strong>rursus</strong></span> <span class='ocrx_word' id='word_1_109' title='bbox 1208 1425 1449 1479; x_wconf 86' lang='lat' dir='ltr'><strong>superne</strong></span> <span class='ocrx_word' id='word_1_110' title='bbox 1480 1408 1629 1463; x_wconf 90' lang='lat' dir='ltr'><strong>ﬁlius</strong></span> 
     </span>
    </p>
   </div>
   <div class='ocr_carea' id='block_1_17' title="bbox 21 1499 1625 1571">
    <p class='ocr_par' dir='ltr' id='par_1_17' title="bbox 21 1499 1625 1571">
     <span class='ocr_line' id='line_1_17' title="bbox 21 1499 1625 1571; baseline -0.001 -17"><span class='ocrx_word' id='word_1_111' title='bbox 21 1502 302 1566; x_wconf 89' lang='lat' dir='ltr'><strong>tonitrui,</strong></span> <span class='ocrx_word' id='word_1_112' title='bbox 333 1517 363 1555; x_wconf 89' lang='lat' dir='ltr'><strong>e</strong></span> <span class='ocrx_word' id='word_1_113' title='bbox 394 1501 612 1571; x_wconf 88' lang='lat' dir='ltr'><strong>superis</strong></span> <span class='ocrx_word' id='word_1_114' title='bbox 644 1500 791 1555; x_wconf 91' lang='lat' dir='ltr'><strong>unde</strong></span> <span class='ocrx_word' id='word_1_115' title='bbox 817 1500 1074 1556; x_wconf 90' lang='lat' dir='ltr'><strong>eruditus</strong></span> <span class='ocrx_word' id='word_1_116' title='bbox 1109 1501 1236 1565; x_wconf 86' lang='lat' dir='ltr'><strong>fuit,</strong></span> <span class='ocrx_word' id='word_1_117' title='bbox 1282 1499 1497 1555; x_wconf 77' lang='lat' dir='ltr'><strong>ccnlesti</strong></span> <span class='ocrx_word' id='word_1_118' title='bbox 1535 1515 1625 1554; x_wconf 83' lang='lat' dir='ltr'><strong>sa-</strong></span> 
     </span>
    </p>
   </div>
   <div class='ocr_carea' id='block_1_18' title="bbox 21 1591 1622 1662">
    <p class='ocr_par' dir='ltr' id='par_1_18' title="bbox 21 1591 1622 1662">
     <span class='ocr_line' id='line_1_18' title="bbox 21 1591 1622 1662; baseline -0.002 -15"><span class='ocrx_word' id='word_1_119' title='bbox 21 1594 254 1662; x_wconf 87' lang='lat' dir='ltr'><strong>pientia</strong></span> <span class='ocrx_word' id='word_1_120' title='bbox 280 1594 517 1662; x_wconf 89' lang='lat' dir='ltr'><strong>loquens</strong></span> <span class='ocrx_word' id='word_1_121' title='bbox 547 1610 559 1645; x_wconf 89' lang='lat'>:</span> <span class='ocrx_word' id='word_1_122' title='bbox 591 1592 685 1647; x_wconf 89' lang='lat' dir='ltr'><strong>det</strong></span> <span class='ocrx_word' id='word_1_123' title='bbox 713 1592 1007 1648; x_wconf 85' lang='lat' dir='ltr'><strong>exordium</strong></span> <span class='ocrx_word' id='word_1_124' title='bbox 1038 1593 1329 1662; x_wconf 83' lang='lat' dir='ltr'><strong>proposito</strong></span> <span class='ocrx_word' id='word_1_125' title='bbox 1356 1591 1622 1655; x_wconf 87' lang='lat' dir='ltr'><strong>sermoni,</strong></span> 
     </span>
    </p>
   </div>
   <div class='ocr_carea' id='block_1_19' title="bbox 1736 406 3319 493">
    <p class='ocr_par' dir='ltr' id='par_1_19' title="bbox 1736 406 3319 493">
     <span class='ocr_line' id='line_1_19' title="bbox 1736 406 3319 493; baseline 0.013 -33"><span class='ocrx_word' id='word_1_126' title='bbox 1736 406 1855 471; x_wconf 89' lang='lat' dir='ltr'><strong>das,</strong></span> <span class='ocrx_word' id='word_1_127' title='bbox 1888 410 2005 463; x_wconf 84' lang='lat' dir='ltr'><strong>sive</strong></span> <span class='ocrx_word' id='word_1_128' title='bbox 2038 412 2327 480; x_wconf 90' lang='lat' dir='ltr'><strong>temporis,</strong></span> <span class='ocrx_word' id='word_1_129' title='bbox 2361 413 2477 468; x_wconf 89' lang='lat' dir='ltr'><strong>sive</strong></span> <span class='ocrx_word' id='word_1_130' title='bbox 2507 416 2728 483; x_wconf 71' lang='lat' dir='ltr'><strong>saeculi;</strong></span> <span class='ocrx_word' id='word_1_131' title='bbox 2763 428 2827 473; x_wconf 91' lang='lat' dir='ltr'><strong>ut</strong></span> <span class='ocrx_word' id='word_1_132' title='bbox 2860 435 2973 475; x_wconf 91' lang='lat' dir='ltr'><strong>non</strong></span> <span class='ocrx_word' id='word_1_133' title='bbox 3007 422 3195 493; x_wconf 89' lang='lat' dir='ltr'><strong>aliquo</strong></span> <span class='ocrx_word' id='word_1_134' title='bbox 3230 429 3319 482; x_wconf 87' lang='lat' dir='ltr'><strong>in-</strong></span> 
     </span>
    </p>
   </div>
   <div class='ocr_carea' id='block_1_20' title="bbox 1737 500 3324 580">
    <p class='ocr_par' dir='ltr' id='par_1_20' title="bbox 1737 500 3324 580">
     <span class='ocr_line' id='line_1_20' title="bbox 1737 500 3324 580; baseline 0.013 -29"><span class='ocrx_word' id='word_1_135' title='bbox 1737 500 2041 568; x_wconf 90' lang='lat' dir='ltr'><strong>terposito,</strong></span> <span class='ocrx_word' id='word_1_136' title='bbox 2079 518 2108 556; x_wconf 90' lang='lat' dir='ltr'><strong>a</strong></span> <span class='ocrx_word' id='word_1_137' title='bbox 2149 503 2425 572; x_wconf 90' lang='lat' dir='ltr'><strong>principio</strong></span> <span class='ocrx_word' id='word_1_138' title='bbox 2460 506 2517 559; x_wconf 91' lang='lat' dir='ltr'><strong>in</strong></span> <span class='ocrx_word' id='word_1_139' title='bbox 2555 521 2667 574; x_wconf 92' lang='lat' dir='ltr'><strong>quo</strong></span> <span class='ocrx_word' id='word_1_140' title='bbox 2701 517 2821 561; x_wconf 90' lang='lat' dir='ltr'><strong>erat</strong></span> <span class='ocrx_word' id='word_1_141' title='bbox 2844 549 2857 572; x_wconf 94' lang='lat'><strong>,</strong></span> <span class='ocrx_word' id='word_1_142' title='bbox 2896 521 3214 580; x_wconf 84' lang='lat' dir='ltr'><strong>separetur,</strong></span> <span class='ocrx_word' id='word_1_143' title='bbox 3263 525 3324 571; x_wconf 89' lang='lat' dir='ltr'><strong>et</strong></span> 
     </span>
    </p>
   </div>
   <div class='ocr_carea' id='block_1_21' title="bbox 1733 586 3324 666">
    <p class='ocr_par' dir='ltr' id='par_1_21' title="bbox 1733 586 3324 666">
     <span class='ocr_line' id='line_1_21' title="bbox 1733 586 3324 666; baseline 0.012 -29"><span class='ocrx_word' id='word_1_144' title='bbox 1733 600 1834 654; x_wconf 89' lang='lat' dir='ltr'><strong>per</strong></span> <span class='ocrx_word' id='word_1_145' title='bbox 1880 586 2175 641; x_wconf 86' lang='lat' dir='ltr'><strong>absurdam</strong></span> <span class='ocrx_word' id='word_1_146' title='bbox 2224 590 2531 659; x_wconf 92' lang='lat' dir='ltr'><strong>posituram</strong></span> <span class='ocrx_word' id='word_1_147' title='bbox 2574 593 2914 661; x_wconf 87' lang='lat' dir='ltr'><strong>principium</strong></span> <span class='ocrx_word' id='word_1_148' title='bbox 2942 596 3126 666; x_wconf 83' lang='lat' dir='ltr'><strong>capiat</strong></span> <span class='ocrx_word' id='word_1_149' title='bbox 3167 599 3324 658; x_wconf 80' lang='lat' dir='ltr'><strong>istud</strong></span> 
     </span>
    </p>
   </div>
   <div class='ocr_carea' id='block_1_22' title="bbox 1734 679 3325 757">
    <p class='ocr_par' dir='ltr' id='par_1_22' title="bbox 1734 679 3325 757">
     <span class='ocr_line' id='line_1_22' title="bbox 1734 679 3325 757; baseline 0.01 -27"><span class='ocrx_word' id='word_1_150' title='bbox 1734 694 1839 730; x_wconf 89' lang='lat' dir='ltr'><strong>non</strong></span> <span class='ocrx_word' id='word_1_151' title='bbox 1872 688 2008 733; x_wconf 86' lang='lat' dir='ltr'><strong>erat.</strong></span> <span class='ocrx_word' id='word_1_152' title='bbox 2038 679 2194 746; x_wconf 87' lang='lat' dir='ltr'><strong>Quod</strong></span> <span class='ocrx_word' id='word_1_153' title='bbox 2215 680 2285 734; x_wconf 86' lang='lat' dir='ltr'><strong>ab</strong></span> <span class='ocrx_word' id='word_1_154' title='bbox 2307 681 2416 736; x_wconf 89' lang='lat' dir='ltr'><strong>alio</strong></span> <span class='ocrx_word' id='word_1_155' title='bbox 2445 684 2805 753; x_wconf 89' lang='lat' dir='ltr'><strong>anticipatur,</strong></span> <span class='ocrx_word' id='word_1_156' title='bbox 2828 701 2939 740; x_wconf 90' lang='lat' dir='ltr'><strong>non</strong></span> <span class='ocrx_word' id='word_1_157' title='bbox 2963 697 3148 757; x_wconf 86' lang='lat' dir='ltr'><strong>potest</strong></span> <span class='ocrx_word' id='word_1_158' title='bbox 3168 704 3325 745; x_wconf 79' lang='lat' dir='ltr'><strong>sem-</strong></span> 
     </span>
    </p>
   </div>
   <div class='ocr_carea' id='block_1_23' title="bbox 1733 770 3319 850">
    <p class='ocr_par' dir='ltr' id='par_1_23' title="bbox 1733 770 3319 850">
     <span class='ocr_line' id='line_1_23' title="bbox 1733 770 3319 850; baseline 0.011 -29"><span class='ocrx_word' id='word_1_159' title='bbox 1733 770 1955 839; x_wconf 88' lang='lat' dir='ltr'><strong>piterne</strong></span> <span class='ocrx_word' id='word_1_160' title='bbox 1990 772 2049 825; x_wconf 90' lang='lat' dir='ltr'><strong>in</strong></span> <span class='ocrx_word' id='word_1_161' title='bbox 2106 772 2385 844; x_wconf 88' lang='lat' dir='ltr'><strong>principio</strong></span> <span class='ocrx_word' id='word_1_162' title='bbox 2434 775 2619 843; x_wconf 90' lang='lat' dir='ltr'><strong>cerni;</strong></span> <span class='ocrx_word' id='word_1_163' title='bbox 2681 793 2863 848; x_wconf 88' lang='lat' dir='ltr'><strong>neque</strong></span> <span class='ocrx_word' id='word_1_164' title='bbox 2917 780 3119 850; x_wconf 89' lang='lat' dir='ltr'><strong>recipit</strong></span> <span class='ocrx_word' id='word_1_165' title='bbox 3177 782 3319 838; x_wconf 86' lang='lat' dir='ltr'><strong>illud</strong></span> 
     </span>
    </p>
   </div>
   <div class='ocr_carea' id='block_1_24' title="bbox 1734 870 1869 916">
    <p class='ocr_par' dir='ltr' id='par_1_24' title="bbox 1734 870 1869 916">
     <span class='ocr_line' id='line_1_24' title="bbox 1734 870 1869 916; baseline 0.007 -1"><span class='ocrx_word' id='word_1_166' title='bbox 1734 870 1869 916; x_wconf 86' lang='lat' dir='ltr'><strong>erat.</strong></span> 
     </span>
    </p>
   </div>
   <div class='ocr_carea' id='block_1_25' title="bbox 1803 952 3317 1029">
    <p class='ocr_par' dir='ltr' id='par_1_25' title="bbox 1803 952 3317 1029">
     <span class='ocr_line' id='line_1_25' title="bbox 1803 952 3317 1029; baseline 0.008 -22"><span class='ocrx_word' id='word_1_167' title='bbox 1803 952 1915 1007; x_wconf 72' lang='grc' dir='ltr'><strong>γη.</strong></span> <span class='ocrx_word' id='word_1_168' title='bbox 1954 952 2050 1007; x_wconf 91' lang='lat' dir='ltr'><strong>Sin</strong></span> <span class='ocrx_word' id='word_1_169' title='bbox 2080 964 2266 1009; x_wconf 89' lang='lat' dir='ltr'><strong>autem</strong></span> <span class='ocrx_word' id='word_1_170' title='bbox 2292 964 2413 1010; x_wconf 90' lang='lat' dir='ltr'><strong>erat</strong></span> <span class='ocrx_word' id='word_1_171' title='bbox 2441 956 2497 1011; x_wconf 93' lang='lat' dir='ltr'><strong>in</strong></span> <span class='ocrx_word' id='word_1_172' title='bbox 2532 958 2814 1029; x_wconf 90' lang='lat' dir='ltr'><strong>principio</strong></span> <span class='ocrx_word' id='word_1_173' title='bbox 2838 960 3081 1016; x_wconf 78' lang='lat' dir='ltr'><strong>Verbum</strong></span> <span class='ocrx_word' id='word_1_174' title='bbox 3103 1002 3118 1027; x_wconf 97' lang='lat'><strong>,</strong></span> <span class='ocrx_word' id='word_1_175' title='bbox 3168 972 3225 1017; x_wconf 86' lang='lat' dir='ltr'><strong>et</strong></span> <span class='ocrx_word' id='word_1_176' title='bbox 3265 962 3317 1019; x_wconf 76' lang='lat' dir='ltr'><strong>si</strong></span> 
     </span>
    </p>
   </div>
   <div class='ocr_carea' id='block_1_26' title="bbox 1730 1042 3317 1120">
    <p class='ocr_par' dir='ltr' id='par_1_26' title="bbox 1730 1042 3317 1120">
     <span class='ocr_line' id='line_1_26' title="bbox 1730 1042 3317 1120; baseline 0.008 -25"><span class='ocrx_word' id='word_1_177' title='bbox 1730 1042 1875 1111; x_wconf 88' lang='lat' dir='ltr'><strong>apud</strong></span> <span class='ocrx_word' id='word_1_178' title='bbox 1898 1043 2069 1097; x_wconf 87' lang='lat' dir='ltr'><strong>Deum</strong></span> <span class='ocrx_word' id='word_1_179' title='bbox 2097 1055 2185 1100; x_wconf 91' lang='lat' dir='ltr'><strong>est</strong></span> <span class='ocrx_word' id='word_1_180' title='bbox 2204 1046 2471 1112; x_wconf 85' lang='lat' dir='ltr'><strong>Verbum,</strong></span> <span class='ocrx_word' id='word_1_181' title='bbox 2505 1049 2719 1103; x_wconf 85' lang='lat' dir='ltr'><strong>scilicet</strong></span> <span class='ocrx_word' id='word_1_182' title='bbox 2742 1050 2889 1120; x_wconf 89' lang='lat' dir='ltr'><strong>apud</strong></span> <span class='ocrx_word' id='word_1_183' title='bbox 2917 1052 3135 1106; x_wconf 86' lang='lat' dir='ltr'><strong>Patrem</strong></span> <span class='ocrx_word' id='word_1_184' title='bbox 3160 1070 3176 1117; x_wconf 94' lang='lat'><strong>;</strong></span> <span class='ocrx_word' id='word_1_185' title='bbox 3202 1068 3317 1108; x_wconf 89' lang='lat' dir='ltr'><strong>non</strong></span> 
     </span>
    </p>
   </div>
   <div class='ocr_carea' id='block_1_27' title="bbox 1731 1137 3315 1206">
    <p class='ocr_par' dir='ltr' id='par_1_27' title="bbox 1731 1137 3315 1206">
     <span class='ocr_line' id='line_1_27' title="bbox 1731 1137 3315 1206; baseline 0.008 -19"><span class='ocrx_word' id='word_1_186' title='bbox 1731 1148 2029 1203; x_wconf 89' lang='lat' dir='ltr'><strong>possumus</strong></span> <span class='ocrx_word' id='word_1_187' title='bbox 2062 1137 2428 1206; x_wconf 86' lang='lat' dir='ltr'><strong>contemplari</strong></span> <span class='ocrx_word' id='word_1_188' title='bbox 2464 1139 2637 1192; x_wconf 89' lang='lat' dir='ltr'><strong>Deum</strong></span> <span class='ocrx_word' id='word_1_189' title='bbox 2661 1181 2675 1204; x_wconf 92' lang='lat'><strong>,</strong></span> <span class='ocrx_word' id='word_1_190' title='bbox 2706 1141 2815 1195; x_wconf 92' lang='lat' dir='ltr'><strong>nisi</strong></span> <span class='ocrx_word' id='word_1_191' title='bbox 2845 1142 3012 1195; x_wconf 91' lang='lat' dir='ltr'><strong>simul</strong></span> <span class='ocrx_word' id='word_1_192' title='bbox 3060 1152 3315 1199; x_wconf 86' lang='lat' dir='ltr'><strong>contem-</strong></span> 
     </span>
    </p>
   </div>
   <div class='ocr_carea' id='block_1_28' title="bbox 1728 1226 3315 1304">
    <p class='ocr_par' dir='ltr' id='par_1_28' title="bbox 1728 1226 3315 1304">
     <span class='ocr_line' id='line_1_28' title="bbox 1728 1226 3315 1304; baseline 0.006 -25"><span class='ocrx_word' id='word_1_193' title='bbox 1728 1226 1947 1295; x_wconf 85' lang='lat' dir='ltr'><strong>plemur</strong></span> <span class='ocrx_word' id='word_1_194' title='bbox 1976 1226 2220 1281; x_wconf 82' lang='lat' dir='ltr'><strong>Verbum</strong></span> <span class='ocrx_word' id='word_1_195' title='bbox 2249 1230 2396 1297; x_wconf 90' lang='lat' dir='ltr'><strong>apud</strong></span> <span class='ocrx_word' id='word_1_196' title='bbox 2422 1246 2549 1284; x_wconf 90' lang='lat' dir='ltr'><strong>eum</strong></span> <span class='ocrx_word' id='word_1_197' title='bbox 2606 1231 2678 1284; x_wconf 87' lang='lat' dir='ltr'><strong>Et.</strong></span> <span class='ocrx_word' id='word_1_198' title='bbox 2725 1232 2771 1286; x_wconf 89' lang='lat' dir='ltr'><strong>si</strong></span> <span class='ocrx_word' id='word_1_199' title='bbox 2802 1235 2983 1287; x_wconf 84' lang='lat' dir='ltr'><strong>omnia</strong></span> <span class='ocrx_word' id='word_1_200' title='bbox 3013 1250 3107 1303; x_wconf 90' lang='lat' dir='ltr'><strong>per</strong></span> <span class='ocrx_word' id='word_1_201' title='bbox 3138 1236 3315 1304; x_wconf 78' lang='lat' dir='ltr'><strong>ipsum</strong></span> 
     </span>
    </p>
   </div>
   <div class='ocr_carea' id='block_1_29' title="bbox 1728 1318 3308 1392">
    <p class='ocr_par' dir='ltr' id='par_1_29' title="bbox 1728 1318 3308 1392">
     <span class='ocr_line' id='line_1_29' title="bbox 1728 1318 3308 1392; baseline 0.006 -22"><span class='ocrx_word' id='word_1_202' title='bbox 1728 1318 1874 1387; x_wconf 81' lang='lat' dir='ltr'><strong>facta</strong></span> <span class='ocrx_word' id='word_1_203' title='bbox 1897 1325 2044 1383; x_wconf 80' lang='lat' dir='ltr'><strong>sunt,</strong></span> <span class='ocrx_word' id='word_1_204' title='bbox 2073 1327 2130 1373; x_wconf 90' lang='lat' dir='ltr'><strong>et</strong></span> <span class='ocrx_word' id='word_1_205' title='bbox 2154 1320 2337 1389; x_wconf 82' lang='lat' dir='ltr'><strong>ipsum</strong></span> <span class='ocrx_word' id='word_1_206' title='bbox 2378 1322 2592 1391; x_wconf 85' lang='lat' dir='ltr'><strong>quando</strong></span> <span class='ocrx_word' id='word_1_207' title='bbox 2635 1337 2735 1391; x_wconf 92' lang='lat' dir='ltr'><strong>per</strong></span> <span class='ocrx_word' id='word_1_208' title='bbox 2780 1338 2908 1377; x_wconf 90' lang='lat' dir='ltr'><strong>eum</strong></span> <span class='ocrx_word' id='word_1_209' title='bbox 2941 1324 3145 1379; x_wconf 78' lang='lat' dir='ltr'><strong>factum</strong></span> <span class='ocrx_word' id='word_1_210' title='bbox 3178 1335 3264 1380; x_wconf 90' lang='lat' dir='ltr'><strong>est</strong></span> <span class='ocrx_word' id='word_1_211' title='bbox 3294 1343 3308 1392; x_wconf 91' lang='lat'><strong>;</strong></span> 
     </span>
    </p>
   </div>
   <div class='ocr_carea' id='block_1_30' title="bbox 1727 1410 3312 1488">
    <p class='ocr_par' dir='ltr' id='par_1_30' title="bbox 1727 1410 3312 1488">
     <span class='ocr_line' id='line_1_30' title="bbox 1727 1410 3312 1488; baseline 0.006 -26"><span class='ocrx_word' id='word_1_212' title='bbox 1727 1424 1858 1478; x_wconf 90' lang='lat' dir='ltr'><strong>pars</strong></span> <span class='ocrx_word' id='word_1_213' title='bbox 1906 1410 2057 1464; x_wconf 91' lang='lat' dir='ltr'><strong>enim</strong></span> <span class='ocrx_word' id='word_1_214' title='bbox 2104 1412 2374 1480; x_wconf 91' lang='lat' dir='ltr'><strong>temporis</strong></span> <span class='ocrx_word' id='word_1_215' title='bbox 2421 1419 2505 1467; x_wconf 91' lang='lat' dir='ltr'><strong>est</strong></span> <span class='ocrx_word' id='word_1_216' title='bbox 2548 1415 2783 1483; x_wconf 83' lang='lat' dir='ltr'><strong>quando.</strong></span> <span class='ocrx_word' id='word_1_217' title='bbox 2817 1416 2886 1470; x_wconf 89' lang='lat' dir='ltr'><strong>Et</strong></span> <span class='ocrx_word' id='word_1_218' title='bbox 2912 1418 3108 1471; x_wconf 63' lang='lat' dir='ltr'><strong>saecula</strong></span> <span class='ocrx_word' id='word_1_219' title='bbox 3140 1418 3312 1488; x_wconf 80' lang='lat' dir='ltr'><strong>igitur</strong></span> 
     </span>
    </p>
   </div>
   <div class='ocr_carea' id='block_1_31' title="bbox 1726 1499 3310 1575">
    <p class='ocr_par' dir='ltr' id='par_1_31' title="bbox 1726 1499 3310 1575">
     <span class='ocr_line' id='line_1_31' title="bbox 1726 1499 3310 1575; baseline 0.008 -24"><span class='ocrx_word' id='word_1_220' title='bbox 1726 1512 1828 1567; x_wconf 88' lang='lat' dir='ltr'><strong>per</strong></span> <span class='ocrx_word' id='word_1_221' title='bbox 1877 1513 2005 1552; x_wconf 90' lang='lat' dir='ltr'><strong>eum</strong></span> <span class='ocrx_word' id='word_1_222' title='bbox 2061 1499 2204 1553; x_wconf 81' lang='lat' dir='ltr'><strong>facta</strong></span> <span class='ocrx_word' id='word_1_223' title='bbox 2236 1509 2408 1555; x_wconf 90' lang='lat' dir='ltr'><strong>sunt:</strong></span> <span class='ocrx_word' id='word_1_224' title='bbox 2455 1503 2736 1571; x_wconf 91' lang='lat' dir='ltr'><strong>quomodo</strong></span> <span class='ocrx_word' id='word_1_225' title='bbox 2792 1505 2964 1575; x_wconf 81' lang='lat' dir='ltr'><strong>igitur</strong></span> <span class='ocrx_word' id='word_1_226' title='bbox 3010 1507 3146 1561; x_wconf 90' lang='lat' dir='ltr'><strong>illud</strong></span> <span class='ocrx_word' id='word_1_227' title='bbox 3202 1508 3310 1562; x_wconf 79' lang='lat' dir='ltr'><strong>ali-</strong></span> 
     </span>
    </p>
   </div>
   <div class='ocr_carea' id='block_1_32' title="bbox 1727 1589 3315 1668">
    <p class='ocr_par' dir='ltr' id='par_1_32' title="bbox 1727 1589 3315 1668">
     <span class='ocr_line' id='line_1_32' title="bbox 1727 1589 3315 1668; baseline 0.009 -28"><span class='ocrx_word' id='word_1_228' title='bbox 1727 1589 1961 1657; x_wconf 84' lang='lat' dir='ltr'><strong>quando,</strong></span> <span class='ocrx_word' id='word_1_229' title='bbox 1996 1590 2281 1659; x_wconf 89' lang='lat' dir='ltr'><strong>antiquius</strong></span> <span class='ocrx_word' id='word_1_230' title='bbox 2312 1600 2537 1647; x_wconf 87' lang='lat' dir='ltr'><strong>auctore</strong></span> <span class='ocrx_word' id='word_1_231' title='bbox 2567 1596 2899 1649; x_wconf 81' lang='lat' dir='ltr'><strong>saeculorum</strong></span> <span class='ocrx_word' id='word_1_232' title='bbox 2928 1612 3052 1651; x_wconf 86' lang='lat' dir='ltr'><strong>esse</strong></span> <span class='ocrx_word' id='word_1_233' title='bbox 3081 1600 3315 1668; x_wconf 76' lang='lat' dir='ltr'><strong>potest?</strong></span> 
     </span>
    </p>
   </div>
   <div class='ocr_carea' id='block_1_33' title="bbox 21 1671 3308 1756">
    <p class='ocr_par' dir='ltr' id='par_1_33' title="bbox 21 1671 3308 1756">
     <span class='ocr_line' id='line_1_33' title="bbox 21 1671 3308 1756; baseline 0.001 -17"><span class='ocrx_word' id='word_1_234' title='bbox 21 1695 79 1739; x_wconf 88' lang='lat' dir='ltr'><strong>et</strong></span> <span class='ocrx_word' id='word_1_235' title='bbox 109 1687 193 1741; x_wconf 86' lang='lat' dir='ltr'><strong>sit</strong></span> <span class='ocrx_word' id='word_1_236' title='bbox 226 1685 339 1739; x_wconf 80' lang='lat' dir='ltr'><strong>dux</strong></span> <span class='ocrx_word' id='word_1_237' title='bbox 368 1685 531 1739; x_wconf 91' lang='lat' dir='ltr'><strong>nobis</strong></span> <span class='ocrx_word' id='word_1_238' title='bbox 553 1685 618 1739; x_wconf 84' lang='lat' dir='ltr'><strong>in</strong></span> <span class='ocrx_word' id='word_1_239' title='bbox 646 1685 750 1739; x_wconf 90' lang='lat' dir='ltr'><strong>hac</strong></span> <span class='ocrx_word' id='word_1_240' title='bbox 784 1685 872 1739; x_wconf 87' lang='lat' dir='ltr'><strong>via</strong></span> <span class='ocrx_word' id='word_1_241' title='bbox 899 1700 1025 1739; x_wconf 91' lang='lat' dir='ltr'><strong>cum</strong></span> <span class='ocrx_word' id='word_1_242' title='bbox 1073 1684 1284 1754; x_wconf 88' lang='lat' dir='ltr'><strong>Spiritu</strong></span> <span class='ocrx_word' id='word_1_243' title='bbox 1327 1682 1622 1753; x_wconf 88' lang='lat' dir='ltr'><strong>principali</strong></span> <span class='ocrx_word' id='word_1_244' title='bbox 1658 1671 1696 1725; x_wconf 79' lang='grc' dir='ltr'><strong>Β</strong></span> <span class='ocrx_word' id='word_1_245' title='bbox 1724 1681 1943 1736; x_wconf 90' lang='lat' dir='ltr'><strong>Vanum</strong></span> <span class='ocrx_word' id='word_1_246' title='bbox 1973 1682 2145 1751; x_wconf 86' lang='lat' dir='ltr'><strong>igitur</strong></span> <span class='ocrx_word' id='word_1_247' title='bbox 2168 1691 2253 1736; x_wconf 90' lang='lat' dir='ltr'><strong>est</strong></span> <span class='ocrx_word' id='word_1_248' title='bbox 2275 1682 2463 1738; x_wconf 86' lang='lat' dir='ltr'><strong>dicere</strong></span> <span class='ocrx_word' id='word_1_249' title='bbox 2484 1724 2498 1747; x_wconf 94' lang='lat'><strong>,</strong></span> <span class='ocrx_word' id='word_1_250' title='bbox 2526 1684 2825 1754; x_wconf 89' lang='lat' dir='ltr'><strong>aliquando</strong></span> <span class='ocrx_word' id='word_1_251' title='bbox 2864 1702 2977 1739; x_wconf 88' lang='lat' dir='ltr'><strong>non</strong></span> <span class='ocrx_word' id='word_1_252' title='bbox 3009 1703 3129 1741; x_wconf 88' lang='lat' dir='ltr'><strong>esse</strong></span> <span class='ocrx_word' id='word_1_253' title='bbox 3150 1728 3164 1751; x_wconf 93' lang='lat'><strong>,</strong></span> <span class='ocrx_word' id='word_1_254' title='bbox 3211 1687 3308 1756; x_wconf 90' lang='lat' dir='ltr'><strong>qui</strong></span> 
     </span>
    </p>
   </div>
   <div class='ocr_carea' id='block_1_34' title="bbox 21 1772 1623 1846">
    <p class='ocr_par' dir='ltr' id='par_1_34' title="bbox 21 1772 1623 1846">
     <span class='ocr_line' id='line_1_34' title="bbox 21 1772 1623 1846; baseline -0.002 -17"><span class='ocrx_word' id='word_1_255' title='bbox 21 1792 206 1846; x_wconf 88' lang='lat' dir='ltr'><strong>quem</strong></span> <span class='ocrx_word' id='word_1_256' title='bbox 237 1774 622 1845; x_wconf 87' lang='lat' dir='ltr'><strong>participavit,</strong></span> <span class='ocrx_word' id='word_1_257' title='bbox 659 1784 767 1829; x_wconf 90' lang='lat' dir='ltr'><strong>eta</strong></span> <span class='ocrx_word' id='word_1_258' title='bbox 798 1789 910 1844; x_wconf 89' lang='lat' dir='ltr'><strong>quo</strong></span> <span class='ocrx_word' id='word_1_259' title='bbox 938 1774 1129 1829; x_wconf 90' lang='lat' dir='ltr'><strong>didicit</strong></span> <span class='ocrx_word' id='word_1_260' title='bbox 1164 1774 1220 1828; x_wconf 90' lang='lat' dir='ltr'><strong>id</strong></span> <span class='ocrx_word' id='word_1_261' title='bbox 1254 1774 1323 1827; x_wconf 90' lang='lat' dir='ltr'><strong>ad</strong></span> <span class='ocrx_word' id='word_1_262' title='bbox 1356 1773 1506 1843; x_wconf 89' lang='lat' dir='ltr'><strong>quod</strong></span> <span class='ocrx_word' id='word_1_263' title='bbox 1541 1772 1623 1827; x_wconf 85' lang='lat' dir='ltr'><strong>fe-</strong></span> 
     </span>
    </p>
   </div>
   <div class='ocr_carea' id='block_1_35' title="bbox 21 1864 1622 1936">
    <p class='ocr_par' dir='ltr' id='par_1_35' title="bbox 21 1864 1622 1936">
     <span class='ocr_line' id='line_1_35' title="bbox 21 1864 1622 1936; baseline -0.003 -15"><span class='ocrx_word' id='word_1_264' title='bbox 21 1868 334 1931; x_wconf 88' lang='lat' dir='ltr'><strong>stinamus,</strong></span> <span class='ocrx_word' id='word_1_265' title='bbox 373 1874 429 1921; x_wconf 90' lang='lat' dir='ltr'><strong>et</strong></span> <span class='ocrx_word' id='word_1_266' title='bbox 463 1865 610 1919; x_wconf 83' lang='lat' dir='ltr'><strong>dicat</strong></span> <span class='ocrx_word' id='word_1_267' title='bbox 651 1882 665 1918; x_wconf 89' lang='lat'><strong>:</strong></span> <span class='ocrx_word' id='word_1_268' title='bbox 708 1865 773 1920; x_wconf 85' lang='lat' dir='ltr'><strong>In</strong></span> <span class='ocrx_word' id='word_1_269' title='bbox 805 1867 1066 1936; x_wconf 84' lang='lat' dir='ltr'><strong>principio</strong></span> <span class='ocrx_word' id='word_1_270' title='bbox 1103 1875 1220 1919; x_wconf 86' lang='lat' dir='ltr'><strong>erat</strong></span> <span class='ocrx_word' id='word_1_271' title='bbox 1276 1864 1496 1919; x_wconf 86' lang='lat' dir='ltr'><strong>Verbum</strong></span> <span class='ocrx_word' id='word_1_272' title='bbox 1521 1903 1535 1928; x_wconf 93' lang='lat'><strong>,</strong></span> <span class='ocrx_word' id='word_1_273' title='bbox 1573 1871 1622 1926; x_wconf 75' lang='lat' dir='ltr'><strong>et</strong></span> 
     </span>
    </p>
   </div>
   <div class='ocr_carea' id='block_1_36' title="bbox 21 1955 1622 2026">
    <p class='ocr_par' dir='ltr' id='par_1_36' title="bbox 21 1955 1622 2026">
     <span class='ocr_line' id='line_1_36' title="bbox 21 1955 1622 2026; baseline -0.002 -15"><span class='ocrx_word' id='word_1_274' title='bbox 21 1957 267 2011; x_wconf 82' lang='lat' dir='ltr'><strong>Verbum</strong></span> <span class='ocrx_word' id='word_1_275' title='bbox 300 1965 415 2010; x_wconf 86' lang='lat' dir='ltr'><strong>erat</strong></span> <span class='ocrx_word' id='word_1_276' title='bbox 446 1956 588 2026; x_wconf 86' lang='lat' dir='ltr'><strong>apud</strong></span> <span class='ocrx_word' id='word_1_277' title='bbox 620 1955 823 2022; x_wconf 84' lang='lat' dir='ltr'><strong>Deum;</strong></span> <span class='ocrx_word' id='word_1_278' title='bbox 856 1966 903 2009; x_wconf 84' lang='lat' dir='ltr'><strong>et</strong></span> <span class='ocrx_word' id='word_1_279' title='bbox 928 1956 1069 2010; x_wconf 78' lang='lat' dir='ltr'><strong>Deus</strong></span> <span class='ocrx_word' id='word_1_280' title='bbox 1098 1965 1214 2010; x_wconf 83' lang='lat' dir='ltr'><strong>erat</strong></span> <span class='ocrx_word' id='word_1_281' title='bbox 1250 1955 1622 2010; x_wconf 85' lang='lat' dir='ltr'><strong>Verbum.Hoc</strong></span> 
     </span>
    </p>
   </div>
   <div class='ocr_carea' id='block_1_37' title="bbox 21 2046 1620 2118">
    <p class='ocr_par' dir='ltr' id='par_1_37' title="bbox 21 2046 1620 2118">
     <span class='ocr_line' id='line_1_37' title="bbox 21 2046 1620 2118; baseline 0.001 -19"><span class='ocrx_word' id='word_1_282' title='bbox 21 2057 148 2102; x_wconf 75' lang='lat' dir='ltr'><strong>erat</strong></span> <span class='ocrx_word' id='word_1_283' title='bbox 184 2050 241 2101; x_wconf 87' lang='lat' dir='ltr'><strong>in</strong></span> <span class='ocrx_word' id='word_1_284' title='bbox 279 2049 539 2117; x_wconf 83' lang='lat' dir='ltr'><strong>principio</strong></span> <span class='ocrx_word' id='word_1_285' title='bbox 578 2048 720 2117; x_wconf 85' lang='lat' dir='ltr'><strong>apud</strong></span> <span class='ocrx_word' id='word_1_286' title='bbox 743 2048 931 2101; x_wconf 86' lang='lat' dir='ltr'><strong>Deum.</strong></span> <span class='ocrx_word' id='word_1_287' title='bbox 956 2047 1145 2102; x_wconf 80' lang='lat' dir='ltr'><strong>Omnia</strong></span> <span class='ocrx_word' id='word_1_288' title='bbox 1160 2064 1252 2118; x_wconf 83' lang='lat' dir='ltr'><strong>per</strong></span> <span class='ocrx_word' id='word_1_289' title='bbox 1275 2048 1450 2117; x_wconf 85' lang='lat' dir='ltr'><strong>ipsum</strong></span> <span class='ocrx_word' id='word_1_290' title='bbox 1477 2046 1620 2116; x_wconf 84' lang='lat' dir='ltr'><strong>facta</strong></span> 
     </span>
    </p>
   </div>
   <div class='ocr_carea' id='block_1_38' title="bbox 21 2137 1620 2209">
    <p class='ocr_par' dir='ltr' id='par_1_38' title="bbox 21 2137 1620 2209">
     <span class='ocr_line' id='line_1_38' title="bbox 21 2137 1620 2209; baseline 0.001 -18"><span class='ocrx_word' id='word_1_291' title='bbox 21 2148 152 2191; x_wconf 74' lang='lat' dir='ltr'><strong>sunt</strong></span> <span class='ocrx_word' id='word_1_292' title='bbox 171 2138 237 2191; x_wconf 76' lang='lat'><strong>‘°.</strong></span> <span class='ocrx_word' id='word_1_293' title='bbox 262 2137 359 2193; x_wconf 85' lang='lat' dir='ltr'><strong>His</strong></span> <span class='ocrx_word' id='word_1_294' title='bbox 381 2137 529 2192; x_wconf 89' lang='lat' dir='ltr'><strong>enim</strong></span> <span class='ocrx_word' id='word_1_295' title='bbox 554 2138 744 2207; x_wconf 88' lang='lat' dir='ltr'><strong>paucis</strong></span> <span class='ocrx_word' id='word_1_296' title='bbox 765 2139 1262 2208; x_wconf 87' lang='lat' dir='ltr'><strong>propositionibus,</strong></span> <span class='ocrx_word' id='word_1_297' title='bbox 1280 2140 1419 2209; x_wconf 86' lang='lat' dir='ltr'><strong>quod</strong></span> <span class='ocrx_word' id='word_1_298' title='bbox 1436 2148 1620 2193; x_wconf 88' lang='lat' dir='ltr'><strong>notum</strong></span> 
     </span>
    </p>
   </div>
   <div class='ocr_carea' id='block_1_39' title="bbox 21 2228 1620 2297">
    <p class='ocr_par' dir='ltr' id='par_1_39' title="bbox 21 2228 1620 2297">
     <span class='ocr_line' id='line_1_39' title="bbox 21 2228 1620 2297; baseline 0.001 -13"><span class='ocrx_word' id='word_1_299' title='bbox 21 2240 102 2285; x_wconf 80' lang='lat' dir='ltr'><strong>est</strong></span> <span class='ocrx_word' id='word_1_300' title='bbox 134 2228 481 2296; x_wconf 81' lang='lat' dir='ltr'><strong>Dei“,dignis</strong></span> <span class='ocrx_word' id='word_1_301' title='bbox 498 2231 611 2284; x_wconf 90' lang='lat' dir='ltr'><strong>Deo</strong></span> <span class='ocrx_word' id='word_1_302' title='bbox 646 2231 1001 2285; x_wconf 80' lang='lat' dir='ltr'><strong>manifestum</strong></span> <span class='ocrx_word' id='word_1_303' title='bbox 1038 2231 1197 2297; x_wconf 79' lang='lat' dir='ltr'><strong>fecit;</strong></span> <span class='ocrx_word' id='word_1_304' title='bbox 1240 2239 1434 2285; x_wconf 88' lang='lat' dir='ltr'><strong>notum</strong></span> <span class='ocrx_word' id='word_1_305' title='bbox 1485 2246 1620 2286; x_wconf 87' lang='lat' dir='ltr'><strong>vero</strong></span> 
     </span>
    </p>
   </div>
   <div class='ocr_carea' id='block_1_40' title="bbox 21 2319 1619 2390">
    <p class='ocr_par' dir='ltr' id='par_1_40' title="bbox 21 2319 1619 2390">
     <span class='ocr_line' id='line_1_40' title="bbox 21 2319 1619 2390; baseline 0.001 -17"><span class='ocrx_word' id='word_1_306' title='bbox 21 2320 185 2380; x_wconf 83' lang='lat' dir='ltr'><strong>dico,</strong></span> <span class='ocrx_word' id='word_1_307' title='bbox 215 2319 365 2387; x_wconf 88' lang='lat' dir='ltr'><strong>quod</strong></span> <span class='ocrx_word' id='word_1_308' title='bbox 392 2327 448 2373; x_wconf 91' lang='lat' dir='ltr'><strong>et</strong></span> <span class='ocrx_word' id='word_1_309' title='bbox 470 2334 537 2372; x_wconf 80' lang='lat' dir='ltr'><strong>ex</strong></span> <span class='ocrx_word' id='word_1_310' title='bbox 559 2319 729 2374; x_wconf 87' lang='lat' dir='ltr'><strong>Paulo</strong></span> <span class='ocrx_word' id='word_1_311' title='bbox 761 2319 956 2384; x_wconf 88' lang='lat' dir='ltr'><strong>didici,</strong></span> <span class='ocrx_word' id='word_1_312' title='bbox 982 2321 1078 2390; x_wconf 91' lang='lat' dir='ltr'><strong>qui</strong></span> <span class='ocrx_word' id='word_1_313' title='bbox 1109 2335 1177 2374; x_wconf 79' lang='lat' dir='ltr'><strong>ex</strong></span> <span class='ocrx_word' id='word_1_314' title='bbox 1201 2331 1336 2375; x_wconf 89' lang='lat' dir='ltr'><strong>noto</strong></span> <span class='ocrx_word' id='word_1_315' title='bbox 1367 2321 1484 2385; x_wconf 87' lang='lat' dir='ltr'><strong>Dei,</strong></span> <span class='ocrx_word' id='word_1_316' title='bbox 1515 2321 1619 2375; x_wconf 89' lang='lat' dir='ltr'><strong>ali-</strong></span> 
     </span>
    </p>
   </div>
   <div class='ocr_carea' id='block_1_41' title="bbox 21 2408 1618 2480">
    <p class='ocr_par' dir='ltr' id='par_1_41' title="bbox 21 2408 1618 2480">
     <span class='ocr_line' id='line_1_41' title="bbox 21 2408 1618 2480; baseline 0.002 -19"><span class='ocrx_word' id='word_1_317' title='bbox 21 2408 169 2478; x_wconf 88' lang='lat' dir='ltr'><strong>quid</strong></span> <span class='ocrx_word' id='word_1_318' title='bbox 204 2409 454 2478; x_wconf 86' lang='lat' dir='ltr'><strong>ignotum</strong></span> <span class='ocrx_word' id='word_1_319' title='bbox 476 2408 571 2463; x_wconf 89' lang='lat' dir='ltr'><strong>Dei</strong></span> <span class='ocrx_word' id='word_1_320' title='bbox 600 2422 724 2463; x_wconf 90' lang='lat' dir='ltr'><strong>esse</strong></span> <span class='ocrx_word' id='word_1_321' title='bbox 751 2409 1102 2479; x_wconf 78' lang='lat' dir='ltr'><strong>significavit.</strong></span> <span class='ocrx_word' id='word_1_322' title='bbox 1138 2408 1310 2480; x_wconf 85' lang='lat' dir='ltr'><strong>Igitur</strong></span> <span class='ocrx_word' id='word_1_323' title='bbox 1339 2410 1485 2478; x_wconf 90' lang='lat' dir='ltr'><strong>quod</strong></span> <span class='ocrx_word' id='word_1_324' title='bbox 1516 2426 1618 2465; x_wconf 87' lang='lat' dir='ltr'><strong>no-</strong></span> 
     </span>
    </p>
   </div>
   <div class='ocr_carea' id='block_1_42' title="bbox 21 2498 1620 2570">
    <p class='ocr_par' dir='ltr' id='par_1_42' title="bbox 21 2498 1620 2570">
     <span class='ocr_line' id='line_1_42' title="bbox 21 2498 1620 2570; baseline 0.003 -16"><span class='ocrx_word' id='word_1_325' title='bbox 21 2511 148 2554; x_wconf 91' lang='lat' dir='ltr'><strong>tum</strong></span> <span class='ocrx_word' id='word_1_326' title='bbox 174 2508 261 2555; x_wconf 90' lang='lat' dir='ltr'><strong>est</strong></span> <span class='ocrx_word' id='word_1_327' title='bbox 294 2502 434 2570; x_wconf 83' lang='lat' dir='ltr'><strong>ejus,</strong></span> <span class='ocrx_word' id='word_1_328' title='bbox 471 2508 532 2554; x_wconf 87' lang='lat' dir='ltr'><strong>ut</strong></span> <span class='ocrx_word' id='word_1_329' title='bbox 569 2498 706 2563; x_wconf 85' lang='lat' dir='ltr'><strong>dixi,</strong></span> <span class='ocrx_word' id='word_1_330' title='bbox 734 2499 821 2553; x_wconf 91' lang='lat' dir='ltr'><strong>his</strong></span> <span class='ocrx_word' id='word_1_331' title='bbox 854 2500 1355 2569; x_wconf 89' lang='lat' dir='ltr'><strong>propositionibus,</strong></span> <span class='ocrx_word' id='word_1_332' title='bbox 1378 2502 1620 2558; x_wconf 86' lang='lat' dir='ltr'><strong>Joannes</strong></span> 
     </span>
    </p>
   </div>
   <div class='ocr_carea' id='block_1_43' title="bbox 21 2591 1618 2663">
    <p class='ocr_par' dir='ltr' id='par_1_43' title="bbox 21 2591 1618 2663">
     <span class='ocr_line' id='line_1_43' title="bbox 21 2591 1618 2663; baseline 0 -16"><span class='ocrx_word' id='word_1_333' title='bbox 21 2593 217 2663; x_wconf 78' lang='lat' dir='ltr'><strong>ampla</strong></span> <span class='ocrx_word' id='word_1_334' title='bbox 250 2593 503 2647; x_wconf 87' lang='lat' dir='ltr'><strong>oratione</strong></span> <span class='ocrx_word' id='word_1_335' title='bbox 536 2591 780 2646; x_wconf 87' lang='lat' dir='ltr'><strong>declarat</strong></span> <span class='ocrx_word' id='word_1_336' title='bbox 808 2610 820 2645; x_wconf 95' lang='lat'>:</span> <span class='ocrx_word' id='word_1_337' title='bbox 858 2592 1183 2647; x_wconf 85' lang='lat' dir='ltr'><strong>Illuminans</strong></span> <span class='ocrx_word' id='word_1_338' title='bbox 1213 2610 1298 2646; x_wconf 80' lang='lat' dir='ltr'><strong>eos</strong></span> <span class='ocrx_word' id='word_1_339' title='bbox 1338 2595 1429 2663; x_wconf 87' lang='lat' dir='ltr'><strong>qui</strong></span> <span class='ocrx_word' id='word_1_340' title='bbox 1452 2595 1507 2647; x_wconf 85' lang='lat' dir='ltr'><strong>in</strong></span> <span class='ocrx_word' id='word_1_341' title='bbox 1539 2603 1618 2647; x_wconf 86' lang='lat' dir='ltr'><strong>te-</strong></span> 
     </span>
    </p>
   </div>
   <div class='ocr_carea' id='block_1_44' title="bbox 21 2681 1618 2751">
    <p class='ocr_par' dir='ltr' id='par_1_44' title="bbox 21 2681 1618 2751">
     <span class='ocr_line' id='line_1_44' title="bbox 21 2681 1618 2751; baseline 0.001 -16"><span class='ocrx_word' id='word_1_342' title='bbox 21 2683 209 2735; x_wconf 83' lang='lat' dir='ltr'><strong>nebris</strong></span> <span class='ocrx_word' id='word_1_343' title='bbox 235 2685 276 2714; x_wconf 82' lang='grc'>¹²</span> <span class='ocrx_word' id='word_1_344' title='bbox 303 2682 635 2751; x_wconf 58' lang='lat' dir='ltr'><strong>ignorantia</strong></span> <span class='ocrx_word' id='word_1_345' title='bbox 663 2689 814 2745; x_wconf 89' lang='lat' dir='ltr'><strong>sunt,</strong></span> <span class='ocrx_word' id='word_1_346' title='bbox 843 2696 910 2735; x_wconf 90' lang='lat' dir='ltr'><strong>eo</strong></span> <span class='ocrx_word' id='word_1_347' title='bbox 932 2682 1142 2737; x_wconf 90' lang='lat' dir='ltr'><strong>lumine</strong></span> <span class='ocrx_word' id='word_1_348' title='bbox 1170 2682 1320 2751; x_wconf 91' lang='lat' dir='ltr'><strong>quod</strong></span> <span class='ocrx_word' id='word_1_349' title='bbox 1344 2681 1618 2737; x_wconf 83' lang='lat' dir='ltr'><strong>illuminat</strong></span> 
     </span>
    </p>
   </div>
   <div class='ocr_carea' id='block_1_45' title="bbox 21 2772 1615 2838">
    <p class='ocr_par' dir='ltr' id='par_1_45' title="bbox 21 2772 1615 2838">
     <span class='ocr_line' id='line_1_45' title="bbox 21 2772 1615 2838; baseline 0 -10"><span class='ocrx_word' id='word_1_350' title='bbox 21 2790 246 2828; x_wconf 87' lang='lat' dir='ltr'><strong>omnem</strong></span> <span class='ocrx_word' id='word_1_351' title='bbox 282 2774 549 2827; x_wconf 82' lang='lat' dir='ltr'><strong>hominem</strong></span> <span class='ocrx_word' id='word_1_352' title='bbox 585 2773 880 2825; x_wconf 77' lang='lat' dir='ltr'><strong>venientem</strong></span> <span class='ocrx_word' id='word_1_353' title='bbox 912 2773 967 2825; x_wconf 84' lang='lat' dir='ltr'><strong>in</strong></span> <span class='ocrx_word' id='word_1_354' title='bbox 1007 2774 1144 2826; x_wconf 79' lang='lat' dir='ltr'><strong>hunc</strong></span> <span class='ocrx_word' id='word_1_355' title='bbox 1184 2772 1442 2826; x_wconf 83' lang='lat' dir='ltr'><strong>mundum</strong></span> <span class='ocrx_word' id='word_1_356' title='bbox 1466 2774 1534 2838; x_wconf 84' lang='grc'><strong>¹³,</strong></span> <span class='ocrx_word' id='word_1_357' title='bbox 1558 2782 1615 2828; x_wconf 88' lang='lat' dir='ltr'><strong>et</strong></span> 
     </span>
    </p>
   </div>
   <div class='ocr_carea' id='block_1_46' title="bbox 21 2865 1611 2929">
    <p class='ocr_par' dir='ltr' id='par_1_46' title="bbox 21 2865 1611 2929">
     <span class='ocr_line' id='line_1_46' title="bbox 21 2865 1611 2929; baseline 0.001 -10"><span class='ocrx_word' id='word_1_358' title='bbox 21 2866 371 2921; x_wconf 87' lang='lat' dir='ltr'><strong>necessitate</strong></span> <span class='ocrx_word' id='word_1_359' title='bbox 413 2881 478 2919; x_wconf 91' lang='lat' dir='ltr'><strong>ac</strong></span> <span class='ocrx_word' id='word_1_360' title='bbox 512 2865 564 2918; x_wconf 91' lang='lat' dir='ltr'><strong>vi</strong></span> <span class='ocrx_word' id='word_1_361' title='bbox 612 2865 886 2919; x_wconf 88' lang='lat' dir='ltr'><strong>orationis</strong></span> <span class='ocrx_word' id='word_1_362' title='bbox 935 2865 1238 2920; x_wconf 90' lang='lat' dir='ltr'><strong>obstruens</strong></span> <span class='ocrx_word' id='word_1_363' title='bbox 1294 2882 1457 2921; x_wconf 91' lang='lat' dir='ltr'><strong>omne</strong></span> <span class='ocrx_word' id='word_1_364' title='bbox 1509 2880 1611 2929; x_wconf 94' lang='lat' dir='ltr'><strong>os,</strong></span> 
     </span>
    </p>
   </div>
   <div class='ocr_carea' id='block_1_47' title="bbox 21 2957 1614 3029">
    <p class='ocr_par' dir='ltr' id='par_1_47' title="bbox 21 2957 1614 3029">
     <span class='ocr_line' id='line_1_47' title="bbox 21 2957 1614 3029; baseline -0.001 -16"><span class='ocrx_word' id='word_1_365' title='bbox 21 2958 180 3029; x_wconf 89' lang='lat' dir='ltr'><strong>quod</strong></span> <span class='ocrx_word' id='word_1_366' title='bbox 215 2966 408 3012; x_wconf 89' lang='lat' dir='ltr'><strong>contra</strong></span> <span class='ocrx_word' id='word_1_367' title='bbox 440 2958 614 3011; x_wconf 92' lang='lat' dir='ltr'><strong>Deum</strong></span> <span class='ocrx_word' id='word_1_368' title='bbox 660 2957 908 3026; x_wconf 89' lang='lat' dir='ltr'><strong>loquitur</strong></span> <span class='ocrx_word' id='word_1_369' title='bbox 948 2957 1275 3027; x_wconf 88' lang='lat' dir='ltr'><strong>injustitiam</strong></span> <span class='ocrx_word' id='word_1_370' title='bbox 1319 2965 1377 3011; x_wconf 91' lang='lat' dir='ltr'><strong>et</strong></span> <span class='ocrx_word' id='word_1_371' title='bbox 1410 2958 1614 3027; x_wconf 83' lang='lat' dir='ltr'><strong>sempi-</strong></span> 
     </span>
    </p>
   </div>
   <div class='ocr_carea' id='block_1_48' title="bbox 1726 1773 3305 1845">
    <p class='ocr_par' dir='ltr' id='par_1_48' title="bbox 1726 1773 3305 1845">
     <span class='ocr_line' id='line_1_48' title="bbox 1726 1773 3305 1845; baseline 0.004 -19"><span class='ocrx_word' id='word_1_372' title='bbox 1726 1783 1846 1838; x_wconf 92' lang='lat' dir='ltr'><strong>est;</strong></span> <span class='ocrx_word' id='word_1_373' title='bbox 1876 1781 1998 1826; x_wconf 87' lang='lat' dir='ltr'><strong>erat</strong></span> <span class='ocrx_word' id='word_1_374' title='bbox 2022 1773 2171 1826; x_wconf 91' lang='lat' dir='ltr'><strong>enim</strong></span> <span class='ocrx_word' id='word_1_375' title='bbox 2198 1789 2419 1843; x_wconf 86' lang='lat' dir='ltr'><strong>semper</strong></span> <span class='ocrx_word' id='word_1_376' title='bbox 2442 1776 2536 1844; x_wconf 90' lang='lat' dir='ltr'><strong>qui</strong></span> <span class='ocrx_word' id='word_1_377' title='bbox 2563 1784 2647 1830; x_wconf 90' lang='lat' dir='ltr'><strong>est</strong></span> <span class='ocrx_word' id='word_1_378' title='bbox 2668 1793 2682 1842; x_wconf 91' lang='lat'><strong>;</strong></span> <span class='ocrx_word' id='word_1_379' title='bbox 2701 1778 2897 1845; x_wconf 91' lang='lat' dir='ltr'><strong>quiest</strong></span> <span class='ocrx_word' id='word_1_380' title='bbox 2920 1786 3047 1832; x_wconf 86' lang='lat' dir='ltr'><strong>ante</strong></span> <span class='ocrx_word' id='word_1_381' title='bbox 3069 1778 3305 1845; x_wconf 72' lang='lat' dir='ltr'><strong>saecula;</strong></span> 
     </span>
    </p>
   </div>
   <div class='ocr_carea' id='block_1_49' title="bbox 1723 1863 3306 1937">
    <p class='ocr_par' dir='ltr' id='par_1_49' title="bbox 1723 1863 3306 1937">
     <span class='ocr_line' id='line_1_49' title="bbox 1723 1863 3306 1937; baseline 0.005 -21"><span class='ocrx_word' id='word_1_382' title='bbox 1723 1863 1821 1932; x_wconf 90' lang='lat' dir='ltr'><strong>qui</strong></span> <span class='ocrx_word' id='word_1_383' title='bbox 1856 1864 1975 1917; x_wconf 89' lang='lat' dir='ltr'><strong>sine</strong></span> <span class='ocrx_word' id='word_1_384' title='bbox 2006 1864 2211 1929; x_wconf 87' lang='lat' dir='ltr'><strong>medio,</strong></span> <span class='ocrx_word' id='word_1_385' title='bbox 2244 1880 2312 1919; x_wconf 82' lang='lat' dir='ltr'><strong>ex</strong></span> <span class='ocrx_word' id='word_1_386' title='bbox 2340 1866 2499 1919; x_wconf 87' lang='lat' dir='ltr'><strong>Patre</strong></span> <span class='ocrx_word' id='word_1_387' title='bbox 2525 1882 2625 1935; x_wconf 92' lang='lat' dir='ltr'><strong>per</strong></span> <span class='ocrx_word' id='word_1_388' title='bbox 2639 1869 3052 1936; x_wconf 86' lang='lat' dir='ltr'><strong>generationem</strong></span> <span class='ocrx_word' id='word_1_389' title='bbox 3075 1884 3306 1937; x_wconf 88' lang='lat' dir='ltr'><strong>proces-</strong></span> 
     </span>
    </p>
   </div>
   <div class='ocr_carea' id='block_1_50' title="bbox 1724 1952 3307 2027">
    <p class='ocr_par' dir='ltr' id='par_1_50' title="bbox 1724 1952 3307 2027">
     <span class='ocr_line' id='line_1_50' title="bbox 1724 1952 3307 2027; baseline 0.003 -20"><span class='ocrx_word' id='word_1_390' title='bbox 1724 1952 1815 2007; x_wconf 92' lang='lat' dir='ltr'><strong>sit.</strong></span> <span class='ocrx_word' id='word_1_391' title='bbox 1844 1952 1993 2006; x_wconf 83' lang='lat' dir='ltr'><strong>Nihil</strong></span> <span class='ocrx_word' id='word_1_392' title='bbox 2020 1952 2171 2006; x_wconf 90' lang='lat' dir='ltr'><strong>cnim</strong></span> <span class='ocrx_word' id='word_1_393' title='bbox 2194 1952 2592 2008; x_wconf 89' lang='lat' dir='ltr'><strong>intermedium</strong></span> <span class='ocrx_word' id='word_1_394' title='bbox 2617 1954 2819 2010; x_wconf 80' lang='lat' dir='ltr'><strong>divinae</strong></span> <span class='ocrx_word' id='word_1_395' title='bbox 2846 1965 2903 2010; x_wconf 91' lang='lat' dir='ltr'><strong>et</strong></span> <span class='ocrx_word' id='word_1_396' title='bbox 2930 1956 3195 2012; x_wconf 70' lang='lat' dir='ltr'><strong>ineffabili</strong></span> <span class='ocrx_word' id='word_1_397' title='bbox 3216 1973 3307 2027; x_wconf 87' lang='lat' dir='ltr'><strong>ge-</strong></span> 
     </span>
    </p>
   </div>
   <div class='ocr_carea' id='block_1_51' title="bbox 1722 2044 3309 2118">
    <p class='ocr_par' dir='ltr' id='par_1_51' title="bbox 1722 2044 3309 2118">
     <span class='ocr_line' id='line_1_51' title="bbox 1722 2044 3309 2118; baseline 0.005 -22"><span class='ocrx_word' id='word_1_398' title='bbox 1722 2044 1998 2098; x_wconf 90' lang='lat' dir='ltr'><strong>nerationi</strong></span> <span class='ocrx_word' id='word_1_399' title='bbox 2026 2044 2275 2109; x_wconf 80' lang='lat' dir='ltr'><strong>exstitit;</strong></span> <span class='ocrx_word' id='word_1_400' title='bbox 2313 2060 2495 2115; x_wconf 89' lang='lat' dir='ltr'><strong>neque</strong></span> <span class='ocrx_word' id='word_1_401' title='bbox 2523 2047 2747 2115; x_wconf 90' lang='lat' dir='ltr'><strong>penitus</strong></span> <span class='ocrx_word' id='word_1_402' title='bbox 2774 2048 3076 2118; x_wconf 89' lang='lat' dir='ltr'><strong>quidquam</strong></span> <span class='ocrx_word' id='word_1_403' title='bbox 3106 2050 3309 2104; x_wconf 62' lang='lat' dir='ltr'><strong>divina:</strong></span> 
     </span>
    </p>
   </div>
   <div class='ocr_carea' id='block_1_52' title="bbox 1722 2136 3303 2205">
    <p class='ocr_par' dir='ltr' id='par_1_52' title="bbox 1722 2136 3303 2205">
     <span class='ocr_line' id='line_1_52' title="bbox 1722 2136 3303 2205; baseline 0.004 -16"><span class='ocrx_word' id='word_1_404' title='bbox 1722 2145 1935 2190; x_wconf 62' lang='lat' dir='ltr'><strong>naturae</strong></span> <span class='ocrx_word' id='word_1_405' title='bbox 1967 2136 2167 2201; x_wconf 84' lang='lat' dir='ltr'><strong>adfuit,</strong></span> <span class='ocrx_word' id='word_1_406' title='bbox 2208 2146 2270 2191; x_wconf 91' lang='lat' dir='ltr'><strong>ut</strong></span> <span class='ocrx_word' id='word_1_407' title='bbox 2296 2137 2686 2205; x_wconf 90' lang='lat' dir='ltr'><strong>interpositum</strong></span> <span class='ocrx_word' id='word_1_408' title='bbox 2718 2149 2902 2205; x_wconf 88' lang='lat' dir='ltr'><strong>esset,</strong></span> <span class='ocrx_word' id='word_1_409' title='bbox 2929 2156 3039 2194; x_wconf 93' lang='lat' dir='ltr'><strong>non</strong></span> <span class='ocrx_word' id='word_1_410' title='bbox 3070 2142 3303 2196; x_wconf 85' lang='lat' dir='ltr'><strong>materia</strong></span> 
     </span>
    </p>
   </div>
   <div class='ocr_carea' id='block_1_53' title="bbox 1723 2223 3305 2309">
    <p class='ocr_par' dir='ltr' id='par_1_53' title="bbox 1723 2223 3305 2309">
     <span class='ocr_line' id='line_1_53' title="bbox 1723 2223 3305 2309; baseline 0.003 -32"><span class='ocrx_word' id='word_1_411' title='bbox 1723 2223 1956 2279; x_wconf 89' lang='lat' dir='ltr'><strong>rationis</strong></span> <span class='ocrx_word' id='word_1_412' title='bbox 2006 2232 2065 2278; x_wconf 91' lang='lat' dir='ltr'><strong>et</strong></span> <span class='ocrx_word' id='word_1_413' title='bbox 2115 2224 2331 2279; x_wconf 89' lang='lat' dir='ltr'><strong>ordinis</strong></span> <span class='ocrx_word' id='word_1_414' title='bbox 2357 2240 2580 2294; x_wconf 84' lang='lat' dir='ltr'><strong>expers,</strong></span> <span class='ocrx_word' id='word_1_415' title='bbox 2612 2232 2677 2309; x_wconf 72' lang='lat' dir='ltr'><strong>ut</strong></span> <span class='ocrx_word' id='word_1_416' title='bbox 2714 2227 3005 2282; x_wconf 88' lang='lat' dir='ltr'><strong>dementes</strong></span> <span class='ocrx_word' id='word_1_417' title='bbox 3038 2228 3215 2292; x_wconf 91' lang='lat' dir='ltr'><strong>aiunt,</strong></span> <span class='ocrx_word' id='word_1_418' title='bbox 3246 2236 3305 2283; x_wconf 90' lang='lat' dir='ltr'><strong>et</strong></span> 
     </span>
    </p>
   </div>
   <div class='ocr_carea' id='block_1_54' title="bbox 1721 2315 3302 2385">
    <p class='ocr_par' dir='ltr' id='par_1_54' title="bbox 1721 2315 3302 2385">
     <span class='ocr_line' id='line_1_54' title="bbox 1721 2315 3302 2385; baseline 0.002 -16"><span class='ocrx_word' id='word_1_419' title='bbox 1721 2316 1934 2370; x_wconf 88' lang='lat' dir='ltr'><strong>ratione</strong></span> <span class='ocrx_word' id='word_1_420' title='bbox 1966 2330 2198 2385; x_wconf 89' lang='lat' dir='ltr'><strong>prorsus</strong></span> <span class='ocrx_word' id='word_1_421' title='bbox 2224 2323 2277 2370; x_wconf 92' lang='lat' dir='ltr'><strong>et</strong></span> <span class='ocrx_word' id='word_1_422' title='bbox 2298 2315 2496 2369; x_wconf 89' lang='lat' dir='ltr'><strong>ordine</strong></span> <span class='ocrx_word' id='word_1_423' title='bbox 2524 2326 2805 2383; x_wconf 84' lang='lat' dir='ltr'><strong>carentes;</strong></span> <span class='ocrx_word' id='word_1_424' title='bbox 2836 2333 2948 2372; x_wconf 91' lang='lat' dir='ltr'><strong>non</strong></span> <span class='ocrx_word' id='word_1_425' title='bbox 2977 2318 3144 2372; x_wconf 84' lang='lat' dir='ltr'><strong>chaos</strong></span> <span class='ocrx_word' id='word_1_426' title='bbox 3172 2318 3302 2373; x_wconf 83' lang='lat' dir='ltr'><strong>inti-</strong></span> 
     </span>
    </p>
   </div>
   <div class='ocr_carea' id='block_1_55' title="bbox 1720 2407 3302 2478">
    <p class='ocr_par' dir='ltr' id='par_1_55' title="bbox 1720 2407 3302 2478">
     <span class='ocr_line' id='line_1_55' title="bbox 1720 2407 3302 2478; baseline 0.001 -17"><span class='ocrx_word' id='word_1_427' title='bbox 1720 2407 1920 2473; x_wconf 90' lang='lat' dir='ltr'><strong>nitum,</strong></span> <span class='ocrx_word' id='word_1_428' title='bbox 1957 2415 2013 2462; x_wconf 88' lang='lat' dir='ltr'><strong>et</strong></span> <span class='ocrx_word' id='word_1_429' title='bbox 2051 2407 2459 2476; x_wconf 90' lang='lat' dir='ltr'><strong>inseparabile;</strong></span> <span class='ocrx_word' id='word_1_430' title='bbox 2485 2423 2597 2462; x_wconf 90' lang='lat' dir='ltr'><strong>non</strong></span> <span class='ocrx_word' id='word_1_431' title='bbox 2623 2408 2899 2475; x_wconf 73' lang='lat' dir='ltr'><strong>tenebrae;</strong></span> <span class='ocrx_word' id='word_1_432' title='bbox 2930 2424 3039 2463; x_wconf 90' lang='lat' dir='ltr'><strong>non</strong></span> <span class='ocrx_word' id='word_1_433' title='bbox 3067 2411 3302 2478; x_wconf 81' lang='lat' dir='ltr'><strong>profun-</strong></span> 
     </span>
    </p>
   </div>
   <div class='ocr_carea' id='block_1_56' title="bbox 1720 2498 3303 2570">
    <p class='ocr_par' dir='ltr' id='par_1_56' title="bbox 1720 2498 3303 2570">
     <span class='ocr_line' id='line_1_56' title="bbox 1720 2498 3303 2570; baseline 0.002 -17"><span class='ocrx_word' id='word_1_434' title='bbox 1720 2498 1891 2565; x_wconf 91' lang='lat' dir='ltr'><strong>dum;</strong></span> <span class='ocrx_word' id='word_1_435' title='bbox 1919 2515 2030 2554; x_wconf 91' lang='lat' dir='ltr'><strong>non</strong></span> <span class='ocrx_word' id='word_1_436' title='bbox 2061 2499 2380 2565; x_wconf 89' lang='lat' dir='ltr'><strong>silentium;</strong></span> <span class='ocrx_word' id='word_1_437' title='bbox 2423 2514 2536 2553; x_wconf 90' lang='lat' dir='ltr'><strong>non</strong></span> <span class='ocrx_word' id='word_1_438' title='bbox 2564 2513 2910 2569; x_wconf 70' lang='lat' dir='ltr'><strong>quaecunque</strong></span> <span class='ocrx_word' id='word_1_439' title='bbox 2951 2499 3108 2570; x_wconf 88' lang='lat' dir='ltr'><strong>ﬁngit</strong></span> <span class='ocrx_word' id='word_1_440' title='bbox 3144 2516 3303 2556; x_wconf 85' lang='lat' dir='ltr'><strong>mens</strong></span> 
     </span>
    </p>
   </div>
   <div class='ocr_carea' id='block_1_57' title="bbox 1719 2588 3302 2660">
    <p class='ocr_par' dir='ltr' id='par_1_57' title="bbox 1719 2588 3302 2660">
     <span class='ocr_line' id='line_1_57' title="bbox 1719 2588 3302 2660; baseline 0.003 -17"><span class='ocrx_word' id='word_1_441' title='bbox 1719 2605 1841 2659; x_wconf 67' lang='lat' dir='ltr'><strong>quae</strong></span> <span class='ocrx_word' id='word_1_442' title='bbox 1863 2597 2146 2644; x_wconf 88' lang='lat' dir='ltr'><strong>auctorem</strong></span> <span class='ocrx_word' id='word_1_443' title='bbox 2175 2605 2337 2644; x_wconf 90' lang='lat' dir='ltr'><strong>suum</strong></span> <span class='ocrx_word' id='word_1_444' title='bbox 2369 2588 2605 2660; x_wconf 86' lang='lat' dir='ltr'><strong>ignorat,</strong></span> <span class='ocrx_word' id='word_1_445' title='bbox 2644 2600 2700 2644; x_wconf 94' lang='lat' dir='ltr'><strong>et</strong></span> <span class='ocrx_word' id='word_1_446' title='bbox 2726 2591 2936 2645; x_wconf 84' lang='lat' dir='ltr'><strong>ﬁctioni</strong></span> <span class='ocrx_word' id='word_1_447' title='bbox 2971 2608 3085 2646; x_wconf 67' lang='lat' dir='ltr'><strong>suae</strong></span> <span class='ocrx_word' id='word_1_448' title='bbox 3107 2608 3302 2648; x_wconf 88' lang='lat' dir='ltr'><strong>errans</strong></span> 
     </span>
    </p>
   </div>
   <div class='ocr_carea' id='block_1_58' title="bbox 1718 2679 3297 2749">
    <p class='ocr_par' dir='ltr' id='par_1_58' title="bbox 1718 2679 3297 2749">
     <span class='ocr_line' id='line_1_58' title="bbox 1718 2679 3297 2749; baseline 0.003 -15"><span class='ocrx_word' id='word_1_449' title='bbox 1718 2679 1919 2744; x_wconf 90' lang='lat' dir='ltr'><strong>credit,</strong></span> <span class='ocrx_word' id='word_1_450' title='bbox 1945 2679 2173 2734; x_wconf 88' lang='lat' dir='ltr'><strong>minime</strong></span> <span class='ocrx_word' id='word_1_451' title='bbox 2199 2680 2494 2735; x_wconf 87' lang='lat' dir='ltr'><strong>advertens</strong></span> <span class='ocrx_word' id='word_1_452' title='bbox 2526 2682 2831 2735; x_wconf 88' lang='lat' dir='ltr'><strong>absurdum</strong></span> <span class='ocrx_word' id='word_1_453' title='bbox 2853 2721 2867 2746; x_wconf 96' lang='lat'><strong>,</strong></span> <span class='ocrx_word' id='word_1_454' title='bbox 2899 2683 3013 2737; x_wconf 90' lang='lat' dir='ltr'><strong>imo</strong></span> <span class='ocrx_word' id='word_1_455' title='bbox 3033 2684 3297 2749; x_wconf 79' lang='lat' dir='ltr'><strong>absurda,</strong></span> 
     </span>
    </p>
   </div>
   <div class='ocr_carea' id='block_1_59' title="bbox 1717 2770 3297 2843">
    <p class='ocr_par' dir='ltr' id='par_1_59' title="bbox 1717 2770 3297 2843">
     <span class='ocr_line' id='line_1_59' title="bbox 1717 2770 3297 2843; baseline 0.002 -18"><span class='ocrx_word' id='word_1_456' title='bbox 1717 2788 1840 2841; x_wconf 62' lang='lat' dir='ltr'><strong>qua:</strong></span> <span class='ocrx_word' id='word_1_457' title='bbox 1869 2787 1935 2826; x_wconf 82' lang='lat' dir='ltr'><strong>ex</strong></span> <span class='ocrx_word' id='word_1_458' title='bbox 1970 2770 2095 2825; x_wconf 87' lang='lat' dir='ltr'><strong>ﬁcta</strong></span> <span class='ocrx_word' id='word_1_459' title='bbox 2124 2778 2181 2825; x_wconf 89' lang='lat' dir='ltr'><strong>et</strong></span> <span class='ocrx_word' id='word_1_460' title='bbox 2225 2772 2604 2826; x_wconf 89' lang='lat' dir='ltr'><strong>commentitia</strong></span> <span class='ocrx_word' id='word_1_461' title='bbox 2650 2772 2912 2840; x_wconf 88' lang='lat' dir='ltr'><strong>opinione</strong></span> <span class='ocrx_word' id='word_1_462' title='bbox 2964 2783 3297 2843; x_wconf 89' lang='lat' dir='ltr'><strong>sequuntur.</strong></span> 
     </span>
    </p>
   </div>
   <div class='ocr_carea' id='block_1_60' title="bbox 1716 2861 3296 2936">
    <p class='ocr_par' dir='ltr' id='par_1_60' title="bbox 1716 2861 3296 2936">
     <span class='ocr_line' id='line_1_60' title="bbox 1716 2861 3296 2936; baseline 0.003 -20"><span class='ocrx_word' id='word_1_463' title='bbox 1716 2862 1934 2917; x_wconf 86' lang='lat' dir='ltr'><strong>Etenim</strong></span> <span class='ocrx_word' id='word_1_464' title='bbox 1966 2861 2012 2916; x_wconf 92' lang='lat' dir='ltr'><strong>si</strong></span> <span class='ocrx_word' id='word_1_465' title='bbox 2045 2862 2181 2931; x_wconf 88' lang='lat' dir='ltr'><strong>quid</strong></span> <span class='ocrx_word' id='word_1_466' title='bbox 2202 2862 2491 2931; x_wconf 88' lang='lat' dir='ltr'><strong>generanti</strong></span> <span class='ocrx_word' id='word_1_467' title='bbox 2516 2870 2572 2917; x_wconf 89' lang='lat' dir='ltr'><strong>et</strong></span> <span class='ocrx_word' id='word_1_468' title='bbox 2597 2864 2788 2932; x_wconf 87' lang='lat' dir='ltr'><strong>genito</strong></span> <span class='ocrx_word' id='word_1_469' title='bbox 2817 2864 3172 2935; x_wconf 86' lang='lat' dir='ltr'><strong>interjectum</strong></span> <span class='ocrx_word' id='word_1_470' title='bbox 3197 2881 3296 2936; x_wconf 57' lang='lat' dir='ltr'><strong>po.</strong></span> 
     </span>
    </p>
   </div>
   <div class='ocr_carea' id='block_1_61' title="bbox 1714 2953 3296 3023">
    <p class='ocr_par' dir='ltr' id='par_1_61' title="bbox 1714 2953 3296 3023">
     <span class='ocr_line' id='line_1_61' title="bbox 1714 2953 3296 3023; baseline 0.003 -15"><span class='ocrx_word' id='word_1_471' title='bbox 1714 2954 1897 3019; x_wconf 88' lang='lat' dir='ltr'><strong>nitur,</strong></span> <span class='ocrx_word' id='word_1_472' title='bbox 1935 2953 2030 3023; x_wconf 90' lang='lat' dir='ltr'><strong>qui</strong></span> <span class='ocrx_word' id='word_1_473' title='bbox 2059 2953 2163 3008; x_wconf 94' lang='lat' dir='ltr'><strong>hoc</strong></span> <span class='ocrx_word' id='word_1_474' title='bbox 2194 2953 2378 3008; x_wconf 80' lang='lat' dir='ltr'><strong>facere</strong></span> <span class='ocrx_word' id='word_1_475' title='bbox 2410 2954 2600 3017; x_wconf 90' lang='lat' dir='ltr'><strong>audet,</strong></span> <span class='ocrx_word' id='word_1_476' title='bbox 2637 2955 3004 3010; x_wconf 87' lang='lat' dir='ltr'><strong>substantiam</strong></span> <span class='ocrx_word' id='word_1_477' title='bbox 3030 2955 3296 3012; x_wconf 84' lang='lat' dir='ltr'><strong>indecen-</strong></span> 
     </span>
    </p>
   </div>
   <div class='ocr_carea' id='block_1_62' title="bbox 22 3027 3294 3119">
    <p class='ocr_par' dir='ltr' id='par_1_62' title="bbox 22 3027 3294 3119">
     <span class='ocr_line' id='line_1_62' title="bbox 22 3027 3294 3119; baseline 0 -17"><span class='ocrx_word' id='word_1_478' title='bbox 22 3027 249 3104; x_wconf 79' lang='lat' dir='ltr'><strong>ternam</strong></span> <span class='ocrx_word' id='word_1_479' title='bbox 277 3048 555 3117; x_wconf 84' lang='lat' dir='ltr'><strong>Unigeniti</strong></span> <span class='ocrx_word' id='word_1_480' title='bbox 583 3048 934 3110; x_wconf 82' lang='lat' dir='ltr'><strong>divinitatem</strong></span> <span class='ocrx_word' id='word_1_481' title='bbox 959 3057 1145 3119; x_wconf 88' lang='lat' dir='ltr'><strong>negat,</strong></span> <span class='ocrx_word' id='word_1_482' title='bbox 1173 3065 1240 3103; x_wconf 79' lang='lat' dir='ltr'><strong>ex</strong></span> <span class='ocrx_word' id='word_1_483' title='bbox 1274 3065 1387 3119; x_wconf 90' lang='lat' dir='ltr'><strong>quo</strong></span> <span class='ocrx_word' id='word_1_484' title='bbox 1418 3048 1610 3119; x_wconf 89' lang='lat' dir='ltr'><strong>cogni-</strong></span> <span class='ocrx_word' id='word_1_485' title='bbox 1638 3027 1681 3086; x_wconf 65' lang='grc' dir='ltr'><strong>(ἶ</strong></span> <span class='ocrx_word' id='word_1_486' title='bbox 1714 3048 1800 3095; x_wconf 75' lang='grc' dir='ltr'>ιεῐ·</span> <span class='ocrx_word' id='word_1_487' title='bbox 1833 3037 2068 3107; x_wconf 68' lang='lat' dir='ltr'><strong>SCihdil;</strong></span> <span class='ocrx_word' id='word_1_488' title='bbox 2112 3050 2167 3095; x_wconf 69' lang='grc' dir='ltr'><strong>ει</strong></span> <span class='ocrx_word' id='word_1_489' title='bbox 2198 3057 2318 3096; x_wconf 73' lang='lat' dir='ltr'><strong>eam</strong></span> <span class='ocrx_word' id='word_1_490' title='bbox 2370 3058 2400 3096; x_wconf 72' lang='lat'><strong>3</strong></span> <span class='ocrx_word' id='word_1_491' title='bbox 2454 3057 2512 3097; x_wconf 81' lang='lat' dir='ltr'><strong>Se</strong></span> <span class='ocrx_word' id='word_1_492' title='bbox 2548 3043 2664 3111; x_wconf 78' lang='lat' dir='ltr'><strong>ipsa</strong></span> <span class='ocrx_word' id='word_1_493' title='bbox 2720 3045 2963 3115; x_wconf 76' lang='lat' dir='ltr'><strong>seiungit</strong></span> <span class='ocrx_word' id='word_1_494' title='bbox 2992 3084 3006 3108; x_wconf 78' lang='lat'><strong>.</strong></span> <span class='ocrx_word' id='word_1_495' title='bbox 3047 3048 3294 3103; x_wconf 87' lang='lat' dir='ltr'><strong>sectione</strong></span> 
     </span>
    </p>
   </div>
   <div class='ocr_carea' id='block_1_63' title="bbox 22 3140 1608 3197">
    <p class='ocr_par' dir='ltr' id='par_1_63' title="bbox 22 3140 1608 3197">
     <span class='ocr_line' id='line_1_63' title="bbox 22 3140 1608 3197; baseline 0 -3"><span class='ocrx_word' id='word_1_496' title='bbox 22 3142 107 3196; x_wconf 89' lang='lat' dir='ltr'><strong>tio</strong></span> <span class='ocrx_word' id='word_1_497' title='bbox 160 3140 257 3195; x_wconf 86' lang='lat' dir='ltr'><strong>Dei</strong></span> <span class='ocrx_word' id='word_1_498' title='bbox 317 3140 496 3194; x_wconf 87' lang='lat' dir='ltr'><strong>Patris</strong></span> <span class='ocrx_word' id='word_1_499' title='bbox 542 3140 611 3194; x_wconf 88' lang='lat' dir='ltr'><strong>ad</strong></span> <span class='ocrx_word' id='word_1_500' title='bbox 664 3155 767 3193; x_wconf 91' lang='lat' dir='ltr'><strong>nos</strong></span> <span class='ocrx_word' id='word_1_501' title='bbox 818 3141 1080 3195; x_wconf 90' lang='lat' dir='ltr'><strong>manavit.</strong></span> <span class='ocrx_word' id='word_1_502' title='bbox 1141 3140 1196 3196; x_wconf 90' lang='lat' dir='ltr'><strong>Si</strong></span> <span class='ocrx_word' id='word_1_503' title='bbox 1226 3140 1375 3195; x_wconf 90' lang='lat' dir='ltr'><strong>enim</strong></span> <span class='ocrx_word' id='word_1_504' title='bbox 1405 3140 1608 3197; x_wconf 90' lang='lat' dir='ltr'><strong>eratin</strong></span> 
     </span>
    </p>
   </div>
   <div class='ocr_carea' id='block_1_64' title="bbox 23 3232 1610 3302">
    <p class='ocr_par' dir='ltr' id='par_1_64' title="bbox 23 3232 1610 3302">
     <span class='ocr_line' id='line_1_64' title="bbox 23 3232 1610 3302; baseline 0.003 -16"><span class='ocrx_word' id='word_1_505' title='bbox 23 3233 308 3302; x_wconf 88' lang='lat' dir='ltr'><strong>principio</strong></span> <span class='ocrx_word' id='word_1_506' title='bbox 326 3232 468 3302; x_wconf 83' lang='lat' dir='ltr'><strong>apud</strong></span> <span class='ocrx_word' id='word_1_507' title='bbox 490 3233 662 3286; x_wconf 90' lang='lat' dir='ltr'><strong>Deum</strong></span> <span class='ocrx_word' id='word_1_508' title='bbox 687 3234 832 3288; x_wconf 86' lang='lat' dir='ltr'><strong>Deus</strong></span> <span class='ocrx_word' id='word_1_509' title='bbox 851 3233 1091 3288; x_wconf 88' lang='lat' dir='ltr'><strong>Verbum</strong></span> <span class='ocrx_word' id='word_1_510' title='bbox 1114 3250 1129 3300; x_wconf 92' lang='lat'><strong>;</strong></span> <span class='ocrx_word' id='word_1_511' title='bbox 1150 3234 1412 3288; x_wconf 90' lang='lat' dir='ltr'><strong>omnibus</strong></span> <span class='ocrx_word' id='word_1_512' title='bbox 1427 3242 1610 3290; x_wconf 88' lang='lat' dir='ltr'><strong>mente</strong></span> 
     </span>
    </p>
   </div>
   <div class='ocr_carea' id='block_1_65' title="bbox 24 3323 1611 3394">
    <p class='ocr_par' dir='ltr' id='par_1_65' title="bbox 24 3323 1611 3394">
     <span class='ocr_line' id='line_1_65' title="bbox 24 3323 1611 3394; baseline 0.002 -18"><span class='ocrx_word' id='word_1_513' title='bbox 24 3324 282 3393; x_wconf 68' lang='lat' dir='ltr'><strong>praeditis</strong></span> <span class='ocrx_word' id='word_1_514' title='bbox 313 3323 665 3378; x_wconf 79' lang='lat' dir='ltr'><strong>manifestum</strong></span> <span class='ocrx_word' id='word_1_515' title='bbox 695 3333 802 3390; x_wconf 90' lang='lat' dir='ltr'><strong>est,</strong></span> <span class='ocrx_word' id='word_1_516' title='bbox 838 3324 988 3394; x_wconf 90' lang='lat' dir='ltr'><strong>quod</strong></span> <span class='ocrx_word' id='word_1_517' title='bbox 1014 3332 1134 3378; x_wconf 89' lang='lat' dir='ltr'><strong>erat</strong></span> <span class='ocrx_word' id='word_1_518' title='bbox 1164 3324 1441 3393; x_wconf 89' lang='lat' dir='ltr'><strong>quoddam</strong></span> <span class='ocrx_word' id='word_1_519' title='bbox 1459 3325 1611 3394; x_wconf 88' lang='lat' dir='ltr'><strong>prin-</strong></span> 
     </span>
    </p>
   </div>
   <div class='ocr_carea' id='block_1_66' title="bbox 23 3412 1609 3485">
    <p class='ocr_par' dir='ltr' id='par_1_66' title="bbox 23 3412 1609 3485">
     <span class='ocr_line' id='line_1_66' title="bbox 23 3412 1609 3485; baseline -0.002 -14"><span class='ocrx_word' id='word_1_520' title='bbox 23 3415 240 3485; x_wconf 89' lang='lat' dir='ltr'><strong>cipium</strong></span> <span class='ocrx_word' id='word_1_521' title='bbox 266 3414 320 3466; x_wconf 90' lang='lat' dir='ltr'><strong>in</strong></span> <span class='ocrx_word' id='word_1_522' title='bbox 335 3429 444 3483; x_wconf 90' lang='lat' dir='ltr'><strong>quo</strong></span> <span class='ocrx_word' id='word_1_523' title='bbox 459 3422 579 3467; x_wconf 87' lang='lat' dir='ltr'><strong>erat</strong></span> <span class='ocrx_word' id='word_1_524' title='bbox 594 3413 872 3479; x_wconf 84' lang='lat' dir='ltr'><strong>Verbum;</strong></span> <span class='ocrx_word' id='word_1_525' title='bbox 900 3413 1045 3482; x_wconf 91' lang='lat' dir='ltr'><strong>quod</strong></span> <span class='ocrx_word' id='word_1_526' title='bbox 1060 3412 1395 3481; x_wconf 77' lang='lat' dir='ltr'><strong>principium</strong></span> <span class='ocrx_word' id='word_1_527' title='bbox 1414 3428 1609 3468; x_wconf 84' lang='lat' dir='ltr'><strong>neces-</strong></span> 
     </span>
    </p>
   </div>
   <div class='ocr_carea' id='block_1_67' title="bbox 23 3499 1611 3568">
    <p class='ocr_par' dir='ltr' id='par_1_67' title="bbox 23 3499 1611 3568">
     <span class='ocr_line' id='line_1_67' title="bbox 23 3499 1611 3568; baseline -0.003 -12"><span class='ocrx_word' id='word_1_528' title='bbox 23 3502 179 3557; x_wconf 88' lang='lat' dir='ltr'><strong>sario</strong></span> <span class='ocrx_word' id='word_1_529' title='bbox 213 3509 333 3555; x_wconf 89' lang='lat' dir='ltr'><strong>erat</strong></span> <span class='ocrx_word' id='word_1_530' title='bbox 372 3501 517 3554; x_wconf 86' lang='lat' dir='ltr'><strong>Deus</strong></span> <span class='ocrx_word' id='word_1_531' title='bbox 564 3500 709 3568; x_wconf 86' lang='lat' dir='ltr'><strong>apud</strong></span> <span class='ocrx_word' id='word_1_532' title='bbox 755 3515 922 3568; x_wconf 89' lang='lat' dir='ltr'><strong>quem</strong></span> <span class='ocrx_word' id='word_1_533' title='bbox 962 3506 1084 3553; x_wconf 88' lang='lat' dir='ltr'><strong>erat</strong></span> <span class='ocrx_word' id='word_1_534' title='bbox 1134 3499 1398 3554; x_wconf 87' lang='lat' dir='ltr'><strong>Verbum.</strong></span> <span class='ocrx_word' id='word_1_535' title='bbox 1455 3499 1611 3554; x_wconf 86' lang='lat' dir='ltr'><strong>Sicut</strong></span> 
     </span>
    </p>
   </div>
   <div class='ocr_carea' id='block_1_68' title="bbox 25 3590 1611 3663">
    <p class='ocr_par' dir='ltr' id='par_1_68' title="bbox 25 3590 1611 3663">
     <span class='ocr_line' id='line_1_68' title="bbox 25 3590 1611 3663; baseline -0.001 -16"><span class='ocrx_word' id='word_1_536' title='bbox 25 3593 202 3663; x_wconf 88' lang='lat' dir='ltr'><strong>igitur</strong></span> <span class='ocrx_word' id='word_1_537' title='bbox 229 3607 342 3646; x_wconf 91' lang='lat' dir='ltr'><strong>non</strong></span> <span class='ocrx_word' id='word_1_538' title='bbox 370 3600 557 3661; x_wconf 88' lang='lat' dir='ltr'><strong>potest</strong></span> <span class='ocrx_word' id='word_1_539' title='bbox 590 3590 1069 3660; x_wconf 87' lang='lat' dir='ltr'><strong>comprehendere</strong></span> <span class='ocrx_word' id='word_1_540' title='bbox 1089 3591 1425 3660; x_wconf 89' lang='lat' dir='ltr'><strong>principium</strong></span> <span class='ocrx_word' id='word_1_541' title='bbox 1454 3607 1611 3657; x_wconf 86' lang='lat' dir='ltr'><strong>mens</strong></span> 
     </span>
    </p>
   </div>
   <div class='ocr_carea' id='block_1_69' title="bbox 25 3681 1609 3751">
    <p class='ocr_par' dir='ltr' id='par_1_69' title="bbox 25 3681 1609 3751">
     <span class='ocr_line' id='line_1_69' title="bbox 25 3681 1609 3751; baseline -0.001 -12"><span class='ocrx_word' id='word_1_542' title='bbox 25 3700 255 3739; x_wconf 90' lang='lat' dir='ltr'><strong>sursum</strong></span> <span class='ocrx_word' id='word_1_543' title='bbox 291 3683 525 3737; x_wconf 88' lang='lat' dir='ltr'><strong>tendens</strong></span> <span class='ocrx_word' id='word_1_544' title='bbox 551 3723 566 3747; x_wconf 95' lang='lat'><strong>,</strong></span> <span class='ocrx_word' id='word_1_545' title='bbox 608 3697 828 3751; x_wconf 89' lang='lat' dir='ltr'><strong>semper</strong></span> <span class='ocrx_word' id='word_1_546' title='bbox 861 3682 1014 3736; x_wconf 90' lang='lat' dir='ltr'><strong>enim</strong></span> <span class='ocrx_word' id='word_1_547' title='bbox 1055 3682 1301 3751; x_wconf 82' lang='lat' dir='ltr'><strong>reperiet</strong></span> <span class='ocrx_word' id='word_1_548' title='bbox 1349 3681 1519 3736; x_wconf 89' lang='lat' dir='ltr'><strong>altius</strong></span> <span class='ocrx_word' id='word_1_549' title='bbox 1550 3697 1609 3738; x_wconf 90' lang='lat' dir='ltr'><strong>se</strong></span> 
     </span>
    </p>
   </div>
   <div class='ocr_carea' id='block_1_70' title="bbox 25 3772 1607 3847">
    <p class='ocr_par' dir='ltr' id='par_1_70' title="bbox 25 3772 1607 3847">
     <span class='ocr_line' id='line_1_70' title="bbox 25 3772 1607 3847; baseline -0.003 -18"><span class='ocrx_word' id='word_1_550' title='bbox 25 3773 405 3847; x_wconf 83' lang='lat' dir='ltr'><strong>principium;</strong></span> <span class='ocrx_word' id='word_1_551' title='bbox 433 3773 514 3827; x_wconf 91' lang='lat' dir='ltr'><strong>sic</strong></span> <span class='ocrx_word' id='word_1_552' title='bbox 538 3787 651 3826; x_wconf 90' lang='lat' dir='ltr'><strong>non</strong></span> <span class='ocrx_word' id='word_1_553' title='bbox 674 3780 858 3841; x_wconf 90' lang='lat' dir='ltr'><strong>potest</strong></span> <span class='ocrx_word' id='word_1_554' title='bbox 894 3775 1151 3840; x_wconf 89' lang='lat' dir='ltr'><strong>superari</strong></span> <span class='ocrx_word' id='word_1_555' title='bbox 1198 3779 1255 3825; x_wconf 90' lang='lat' dir='ltr'><strong>et</strong></span> <span class='ocrx_word' id='word_1_556' title='bbox 1292 3772 1607 3825; x_wconf 89' lang='lat' dir='ltr'><strong>transcendi</strong></span> 
     </span>
    </p>
   </div>
   <div class='ocr_carea' id='block_1_71' title="bbox 25 3863 1605 3941">
    <p class='ocr_par' dir='ltr' id='par_1_71' title="bbox 25 3863 1605 3941">
     <span class='ocr_line' id='line_1_71' title="bbox 25 3863 1605 3941; baseline -0.002 -20"><span class='ocrx_word' id='word_1_557' title='bbox 25 3867 168 3922; x_wconf 85' lang='lat' dir='ltr'><strong>illud</strong></span> <span class='ocrx_word' id='word_1_558' title='bbox 198 3875 313 3920; x_wconf 88' lang='lat' dir='ltr'><strong>erat</strong></span> <span class='ocrx_word' id='word_1_559' title='bbox 342 3883 362 3931; x_wconf 90' lang='lat'><strong>;</strong></span> <span class='ocrx_word' id='word_1_560' title='bbox 394 3880 614 3935; x_wconf 88' lang='lat' dir='ltr'><strong>semper</strong></span> <span class='ocrx_word' id='word_1_561' title='bbox 644 3865 794 3920; x_wconf 89' lang='lat' dir='ltr'><strong>enim</strong></span> <span class='ocrx_word' id='word_1_562' title='bbox 829 3864 1266 3920; x_wconf 66' lang='lat' dir='ltr'><strong>occurrit&#39;altius</strong></span> <span class='ocrx_word' id='word_1_563' title='bbox 1296 3871 1434 3929; x_wconf 84' lang='lat' dir='ltr'><strong>erat,</strong></span> <span class='ocrx_word' id='word_1_564' title='bbox 1459 3863 1605 3941; x_wconf 89' lang='lat' dir='ltr'><strong>omni</strong></span> 
     </span>
    </p>
   </div>
   <div class='ocr_carea' id='block_1_72' title="bbox 25 3955 1607 4029">
    <p class='ocr_par' dir='ltr' id='par_1_72' title="bbox 25 3955 1607 4029">
     <span class='ocr_line' id='line_1_72' title="bbox 25 3955 1607 4029; baseline -0.003 -14"><span class='ocrx_word' id='word_1_565' title='bbox 25 3958 365 4029; x_wconf 85' lang='lat' dir='ltr'><strong>cogitatione</strong></span> <span class='ocrx_word' id='word_1_566' title='bbox 398 3967 454 4012; x_wconf 90' lang='lat' dir='ltr'><strong>et</strong></span> <span class='ocrx_word' id='word_1_567' title='bbox 481 3972 717 4012; x_wconf 88' lang='lat' dir='ltr'><strong>ascensu</strong></span> <span class='ocrx_word' id='word_1_568' title='bbox 735 3956 870 4012; x_wconf 90' lang='lat' dir='ltr'><strong>etin</strong></span> <span class='ocrx_word' id='word_1_569' title='bbox 905 3956 1203 4012; x_wconf 90' lang='lat' dir='ltr'><strong>sublimius</strong></span> <span class='ocrx_word' id='word_1_570' title='bbox 1225 3955 1411 4010; x_wconf 89' lang='lat' dir='ltr'><strong>volatu</strong></span> <span class='ocrx_word' id='word_1_571' title='bbox 1439 3955 1607 4010; x_wconf 91' lang='lat' dir='ltr'><strong>altius</strong></span> 
     </span>
    </p>
   </div>
   <div class='ocr_carea' id='block_1_73' title="bbox 27 4048 1608 4120">
    <p class='ocr_par' dir='ltr' id='par_1_73' title="bbox 27 4048 1608 4120">
     <span class='ocr_line' id='line_1_73' title="bbox 27 4048 1608 4120; baseline -0.001 -17"><span class='ocrx_word' id='word_1_572' title='bbox 27 4050 296 4120; x_wconf 91' lang='lat' dir='ltr'><strong>positum.</strong></span> <span class='ocrx_word' id='word_1_573' title='bbox 324 4049 480 4104; x_wconf 89' lang='lat' dir='ltr'><strong>Licet</strong></span> <span class='ocrx_word' id='word_1_574' title='bbox 510 4048 659 4103; x_wconf 89' lang='lat' dir='ltr'><strong>enim</strong></span> <span class='ocrx_word' id='word_1_575' title='bbox 699 4063 759 4102; x_wconf 90' lang='lat' dir='ltr'><strong>se</strong></span> <span class='ocrx_word' id='word_1_576' title='bbox 791 4048 973 4117; x_wconf 91' lang='lat' dir='ltr'><strong>ipsum</strong></span> <span class='ocrx_word' id='word_1_577' title='bbox 1005 4048 1132 4117; x_wconf 90' lang='lat' dir='ltr'><strong>quis</strong></span> <span class='ocrx_word' id='word_1_578' title='bbox 1166 4054 1351 4101; x_wconf 89' lang='lat' dir='ltr'><strong>mente</strong></span> <span class='ocrx_word' id='word_1_579' title='bbox 1382 4055 1438 4100; x_wconf 93' lang='lat' dir='ltr'><strong>ct</strong></span> <span class='ocrx_word' id='word_1_580' title='bbox 1460 4048 1608 4117; x_wconf 85' lang='lat' dir='ltr'><strong>cogi-</strong></span> 
     </span>
    </p>
   </div>
   <div class='ocr_carea' id='block_1_74' title="bbox 27 4138 1607 4210">
    <p class='ocr_par' dir='ltr' id='par_1_74' title="bbox 27 4138 1607 4210">
     <span class='ocr_line' id='line_1_74' title="bbox 27 4138 1607 4210; baseline -0.001 -15"><span class='ocrx_word' id='word_1_581' title='bbox 27 4142 238 4196; x_wconf 88' lang='lat' dir='ltr'><strong>tatione</strong></span> <span class='ocrx_word' id='word_1_582' title='bbox 286 4156 506 4210; x_wconf 89' lang='lat' dir='ltr'><strong>semper</strong></span> <span class='ocrx_word' id='word_1_583' title='bbox 554 4140 781 4195; x_wconf 89' lang='lat' dir='ltr'><strong>elevet:</strong></span> <span class='ocrx_word' id='word_1_584' title='bbox 834 4139 1069 4194; x_wconf 91' lang='lat' dir='ltr'><strong>ulterius</strong></span> <span class='ocrx_word' id='word_1_585' title='bbox 1123 4138 1487 4208; x_wconf 89' lang='lat' dir='ltr'><strong>progrediens</strong></span> <span class='ocrx_word' id='word_1_586' title='bbox 1542 4154 1607 4193; x_wconf 87' lang='lat' dir='ltr'><strong>ac</strong></span> 
     </span>
    </p>
   </div>
   <div class='ocr_carea' id='block_1_75' title="bbox 27 4228 1603 4301">
    <p class='ocr_par' dir='ltr' id='par_1_75' title="bbox 27 4228 1603 4301">
     <span class='ocr_line' id='line_1_75' title="bbox 27 4228 1603 4301; baseline -0.003 -15"><span class='ocrx_word' id='word_1_587' title='bbox 27 4247 383 4301; x_wconf 90' lang='lat' dir='ltr'><strong>promovens,</strong></span> <span class='ocrx_word' id='word_1_588' title='bbox 405 4246 689 4300; x_wconf 88' lang='lat' dir='ltr'><strong>nunquam</strong></span> <span class='ocrx_word' id='word_1_589' title='bbox 718 4229 976 4285; x_wconf 89' lang='lat' dir='ltr'><strong>transibit</strong></span> <span class='ocrx_word' id='word_1_590' title='bbox 992 4238 1126 4283; x_wconf 87' lang='lat' dir='ltr'><strong>erat.</strong></span> <span class='ocrx_word' id='word_1_591' title='bbox 1145 4228 1426 4297; x_wconf 85' lang='lat' dir='ltr'><strong>Anticipat</strong></span> <span class='ocrx_word' id='word_1_592' title='bbox 1441 4228 1603 4282; x_wconf 89' lang='lat' dir='ltr'><strong>ﬁnem</strong></span> 
     </span>
    </p>
   </div>
   <div class='ocr_carea' id='block_1_76' title="bbox 27 4322 1598 4393">
    <p class='ocr_par' dir='ltr' id='par_1_76' title="bbox 27 4322 1598 4393">
     <span class='ocr_line' id='line_1_76' title="bbox 27 4322 1598 4393; baseline -0.001 -17"><span class='ocrx_word' id='word_1_593' title='bbox 27 4323 386 4393; x_wconf 89' lang='lat' dir='ltr'><strong>principium,</strong></span> <span class='ocrx_word' id='word_1_594' title='bbox 423 4322 575 4393; x_wconf 91' lang='lat' dir='ltr'><strong>quod</strong></span> <span class='ocrx_word' id='word_1_595' title='bbox 607 4338 719 4377; x_wconf 89' lang='lat' dir='ltr'><strong>non</strong></span> <span class='ocrx_word' id='word_1_596' title='bbox 742 4322 956 4393; x_wconf 88' lang='lat' dir='ltr'><strong>patitur</strong></span> <span class='ocrx_word' id='word_1_597' title='bbox 987 4323 1185 4391; x_wconf 83' lang='lat' dir='ltr'><strong>praeire</strong></span> <span class='ocrx_word' id='word_1_598' title='bbox 1226 4336 1559 4391; x_wconf 89' lang='lat' dir='ltr'><strong>quemquam</strong></span> <span class='ocrx_word' id='word_1_599' title='bbox 1586 4340 1598 4375; x_wconf 92' lang='lat'>:</span> 
     </span>
    </p>
   </div>
   <div class='ocr_carea' id='block_1_77' title="bbox 29 4412 1598 4484">
    <p class='ocr_par' dir='ltr' id='par_1_77' title="bbox 29 4412 1598 4484">
     <span class='ocr_line' id='line_1_77' title="bbox 29 4412 1598 4484; baseline -0.001 -15"><span class='ocrx_word' id='word_1_600' title='bbox 29 4415 73 4469; x_wconf 88' lang='lat' dir='ltr'><strong>si</strong></span> <span class='ocrx_word' id='word_1_601' title='bbox 99 4414 251 4469; x_wconf 89' lang='lat' dir='ltr'><strong>enim</strong></span> <span class='ocrx_word' id='word_1_602' title='bbox 278 4414 617 4484; x_wconf 88' lang='lat' dir='ltr'><strong>principium</strong></span> <span class='ocrx_word' id='word_1_603' title='bbox 665 4425 780 4479; x_wconf 87' lang='lat' dir='ltr'><strong>est,</strong></span> <span class='ocrx_word' id='word_1_604' title='bbox 830 4429 946 4468; x_wconf 89' lang='lat' dir='ltr'><strong>non</strong></span> <span class='ocrx_word' id='word_1_605' title='bbox 991 4413 1101 4468; x_wconf 80' lang='lat' dir='ltr'><strong>erit</strong></span> <span class='ocrx_word' id='word_1_606' title='bbox 1146 4413 1243 4467; x_wconf 91' lang='lat' dir='ltr'><strong>ulli</strong></span> <span class='ocrx_word' id='word_1_607' title='bbox 1272 4412 1598 4467; x_wconf 85' lang='lat' dir='ltr'><strong>secundum.</strong></span> 
     </span>
    </p>
   </div>
   <div class='ocr_carea' id='block_1_78' title="bbox 29 4505 1604 4576">
    <p class='ocr_par' dir='ltr' id='par_1_78' title="bbox 29 4505 1604 4576">
     <span class='ocr_line' id='line_1_78' title="bbox 29 4505 1604 4576; baseline 0 -15"><span class='ocrx_word' id='word_1_608' title='bbox 29 4506 344 4561; x_wconf 87' lang='lat' dir='ltr'><strong>Secundum</strong></span> <span class='ocrx_word' id='word_1_609' title='bbox 378 4506 525 4562; x_wconf 89' lang='lat' dir='ltr'><strong>enim</strong></span> <span class='ocrx_word' id='word_1_610' title='bbox 557 4521 668 4560; x_wconf 91' lang='lat' dir='ltr'><strong>non</strong></span> <span class='ocrx_word' id='word_1_611' title='bbox 696 4515 782 4561; x_wconf 90' lang='lat' dir='ltr'><strong>est</strong></span> <span class='ocrx_word' id='word_1_612' title='bbox 816 4505 1187 4576; x_wconf 89' lang='lat' dir='ltr'><strong>principium;</strong></span> <span class='ocrx_word' id='word_1_613' title='bbox 1234 4514 1289 4559; x_wconf 91' lang='lat' dir='ltr'><strong>et</strong></span> <span class='ocrx_word' id='word_1_614' title='bbox 1331 4505 1479 4574; x_wconf 91' lang='lat' dir='ltr'><strong>quod</strong></span> <span class='ocrx_word' id='word_1_615' title='bbox 1518 4514 1604 4561; x_wconf 87' lang='lat' dir='ltr'><strong>est</strong></span> 
     </span>
    </p>
   </div>
   <div class='ocr_carea' id='block_1_79' title="bbox 29 4598 1602 4669">
    <p class='ocr_par' dir='ltr' id='par_1_79' title="bbox 29 4598 1602 4669">
     <span class='ocr_line' id='line_1_79' title="bbox 29 4598 1602 4669; baseline 0.001 -18"><span class='ocrx_word' id='word_1_616' title='bbox 29 4601 79 4651; x_wconf 90' lang='lat' dir='ltr'><strong>in</strong></span> <span class='ocrx_word' id='word_1_617' title='bbox 115 4600 393 4669; x_wconf 88' lang='lat' dir='ltr'><strong>principio,</strong></span> <span class='ocrx_word' id='word_1_618' title='bbox 425 4614 537 4654; x_wconf 91' lang='lat' dir='ltr'><strong>non</strong></span> <span class='ocrx_word' id='word_1_619' title='bbox 572 4608 659 4654; x_wconf 91' lang='lat' dir='ltr'><strong>est</strong></span> <span class='ocrx_word' id='word_1_620' title='bbox 688 4605 816 4668; x_wconf 91' lang='lat' dir='ltr'><strong>post</strong></span> <span class='ocrx_word' id='word_1_621' title='bbox 848 4598 1205 4669; x_wconf 89' lang='lat' dir='ltr'><strong>principium.</strong></span> <span class='ocrx_word' id='word_1_622' title='bbox 1225 4598 1369 4668; x_wconf 86' lang='lat' dir='ltr'><strong>Ergo</strong></span> <span class='ocrx_word' id='word_1_623' title='bbox 1395 4599 1439 4652; x_wconf 91' lang='lat' dir='ltr'><strong>si</strong></span> <span class='ocrx_word' id='word_1_624' title='bbox 1465 4600 1602 4653; x_wconf 82' lang='lat' dir='ltr'><strong>Ver-</strong></span> 
     </span>
    </p>
   </div>
   <div class='ocr_carea' id='block_1_80' title="bbox 29 4691 1601 4761">
    <p class='ocr_par' dir='ltr' id='par_1_80' title="bbox 29 4691 1601 4761">
     <span class='ocr_line' id='line_1_80' title="bbox 29 4691 1601 4761; baseline 0 -16"><span class='ocrx_word' id='word_1_625' title='bbox 29 4692 159 4745; x_wconf 91' lang='lat' dir='ltr'><strong>bum</strong></span> <span class='ocrx_word' id='word_1_626' title='bbox 198 4702 317 4746; x_wconf 88' lang='lat' dir='ltr'><strong>erat</strong></span> <span class='ocrx_word' id='word_1_627' title='bbox 354 4692 409 4745; x_wconf 90' lang='lat' dir='ltr'><strong>in</strong></span> <span class='ocrx_word' id='word_1_628' title='bbox 455 4691 733 4761; x_wconf 89' lang='lat' dir='ltr'><strong>principio</strong></span> <span class='ocrx_word' id='word_1_629' title='bbox 757 4731 772 4756; x_wconf 93' lang='lat'><strong>,</strong></span> <span class='ocrx_word' id='word_1_630' title='bbox 811 4691 1039 4745; x_wconf 91' lang='lat' dir='ltr'><strong>omnino</strong></span> <span class='ocrx_word' id='word_1_631' title='bbox 1077 4706 1304 4745; x_wconf 90' lang='lat' dir='ltr'><strong>necesse</strong></span> <span class='ocrx_word' id='word_1_632' title='bbox 1343 4698 1429 4746; x_wconf 88' lang='lat' dir='ltr'><strong>est</strong></span> <span class='ocrx_word' id='word_1_633' title='bbox 1466 4706 1601 4745; x_wconf 92' lang='lat' dir='ltr'><strong>con-</strong></span> 
     </span>
    </p>
   </div>
   <div class='ocr_carea' id='block_1_81' title="bbox 29 4782 1599 4852">
    <p class='ocr_par' dir='ltr' id='par_1_81' title="bbox 29 4782 1599 4852">
     <span class='ocr_line' id='line_1_81' title="bbox 29 4782 1599 4852; baseline 0.001 -17"><span class='ocrx_word' id='word_1_634' title='bbox 29 4782 280 4851; x_wconf 88' lang='lat' dir='ltr'><strong>templari</strong></span> <span class='ocrx_word' id='word_1_635' title='bbox 313 4782 476 4835; x_wconf 89' lang='lat' dir='ltr'><strong>simul</strong></span> <span class='ocrx_word' id='word_1_636' title='bbox 508 4782 746 4837; x_wconf 86' lang='lat' dir='ltr'><strong>Verbum</strong></span> <span class='ocrx_word' id='word_1_637' title='bbox 797 4782 944 4852; x_wconf 90' lang='lat' dir='ltr'><strong>quod</strong></span> <span class='ocrx_word' id='word_1_638' title='bbox 980 4790 1094 4835; x_wconf 82' lang='lat' dir='ltr'><strong>erat</strong></span> <span class='ocrx_word' id='word_1_639' title='bbox 1126 4783 1181 4835; x_wconf 85' lang='lat' dir='ltr'><strong>in</strong></span> <span class='ocrx_word' id='word_1_640' title='bbox 1214 4782 1471 4852; x_wconf 82' lang='lat' dir='ltr'><strong>principio</strong></span> <span class='ocrx_word' id='word_1_641' title='bbox 1493 4822 1506 4845; x_wconf 96' lang='lat'><strong>,</strong></span> <span class='ocrx_word' id='word_1_642' title='bbox 1543 4792 1599 4837; x_wconf 87' lang='lat' dir='ltr'><strong>et</strong></span> 
     </span>
    </p>
   </div>
   <div class='ocr_carea' id='block_1_82' title="bbox 31 4871 1597 4941">
    <p class='ocr_par' dir='ltr' id='par_1_82' title="bbox 31 4871 1597 4941">
     <span class='ocr_line' id='line_1_82' title="bbox 31 4871 1597 4941; baseline 0.001 -16"><span class='ocrx_word' id='word_1_643' title='bbox 31 4872 359 4941; x_wconf 90' lang='lat' dir='ltr'><strong>principium</strong></span> <span class='ocrx_word' id='word_1_644' title='bbox 388 4872 443 4923; x_wconf 93' lang='lat' dir='ltr'><strong>in</strong></span> <span class='ocrx_word' id='word_1_645' title='bbox 476 4886 586 4939; x_wconf 92' lang='lat' dir='ltr'><strong>quo</strong></span> <span class='ocrx_word' id='word_1_646' title='bbox 606 4880 728 4926; x_wconf 88' lang='lat' dir='ltr'><strong>erat</strong></span> <span class='ocrx_word' id='word_1_647' title='bbox 754 4873 1029 4938; x_wconf 89' lang='lat' dir='ltr'><strong>Verbum;</strong></span> <span class='ocrx_word' id='word_1_648' title='bbox 1052 4882 1189 4926; x_wconf 85' lang='lat' dir='ltr'><strong>etex</strong></span> <span class='ocrx_word' id='word_1_649' title='bbox 1223 4887 1334 4940; x_wconf 89' lang='lat' dir='ltr'><strong>quo</strong></span> <span class='ocrx_word' id='word_1_650' title='bbox 1358 4871 1597 4927; x_wconf 85' lang='lat' dir='ltr'><strong>dicimus</strong></span> 
     </span>
    </p>
   </div>
   <div class='ocr_carea' id='block_1_83' title="bbox 31 4962 1593 5032">
    <p class='ocr_par' dir='ltr' id='par_1_83' title="bbox 31 4962 1593 5032">
     <span class='ocr_line' id='line_1_83' title="bbox 31 4962 1593 5032; baseline 0.001 -16"><span class='ocrx_word' id='word_1_651' title='bbox 31 4979 149 5017; x_wconf 86' lang='lat' dir='ltr'><strong>esse</strong></span> <span class='ocrx_word' id='word_1_652' title='bbox 184 4962 541 5032; x_wconf 89' lang='lat' dir='ltr'><strong>principium,</strong></span> <span class='ocrx_word' id='word_1_653' title='bbox 589 4978 656 5016; x_wconf 85' lang='lat' dir='ltr'><strong>ex</strong></span> <span class='ocrx_word' id='word_1_654' title='bbox 705 4978 770 5016; x_wconf 90' lang='lat' dir='ltr'><strong>eo</strong></span> <span class='ocrx_word' id='word_1_655' title='bbox 820 4979 925 5017; x_wconf 89' lang='lat' dir='ltr'><strong>una</strong></span> <span class='ocrx_word' id='word_1_656' title='bbox 978 4962 1230 5017; x_wconf 86' lang='lat' dir='ltr'><strong>conﬁteri</strong></span> <span class='ocrx_word' id='word_1_657' title='bbox 1262 4962 1500 5015; x_wconf 80' lang='lat' dir='ltr'><strong>Verbum</strong></span> <span class='ocrx_word' id='word_1_658' title='bbox 1541 4963 1593 5017; x_wconf 88' lang='lat' dir='ltr'><strong>in</strong></span> 
     </span>
    </p>
   </div>
   <div class='ocr_carea' id='block_1_84' title="bbox 31 5053 1598 5123">
    <p class='ocr_par' dir='ltr' id='par_1_84' title="bbox 31 5053 1598 5123">
     <span class='ocr_line' id='line_1_84' title="bbox 31 5053 1598 5123; baseline 0.001 -17"><span class='ocrx_word' id='word_1_659' title='bbox 31 5055 321 5123; x_wconf 87' lang='lat' dir='ltr'><strong>principio.</strong></span> <span class='ocrx_word' id='word_1_660' title='bbox 362 5053 533 5122; x_wconf 88' lang='lat' dir='ltr'><strong>Igitur</strong></span> <span class='ocrx_word' id='word_1_661' title='bbox 560 5069 671 5107; x_wconf 88' lang='lat' dir='ltr'><strong>non</strong></span> <span class='ocrx_word' id='word_1_662' title='bbox 706 5054 873 5107; x_wconf 87' lang='lat' dir='ltr'><strong>habet</strong></span> <span class='ocrx_word' id='word_1_663' title='bbox 904 5055 1085 5107; x_wconf 91' lang='lat' dir='ltr'><strong>locum</strong></span> <span class='ocrx_word' id='word_1_664' title='bbox 1113 5094 1126 5115; x_wconf 94' lang='lat'><strong>,</strong></span> <span class='ocrx_word' id='word_1_665' title='bbox 1158 5070 1261 5106; x_wconf 89' lang='lat' dir='ltr'><strong>non</strong></span> <span class='ocrx_word' id='word_1_666' title='bbox 1290 5062 1402 5105; x_wconf 84' lang='lat' dir='ltr'><strong>erat</strong></span> <span class='ocrx_word' id='word_1_667' title='bbox 1424 5093 1437 5115; x_wconf 90' lang='lat'><strong>,</strong></span> <span class='ocrx_word' id='word_1_668' title='bbox 1470 5055 1598 5122; x_wconf 80' lang='lat' dir='ltr'><strong>quia</strong></span> 
     </span>
    </p>
   </div>
   <div class='ocr_carea' id='block_1_85' title="bbox 31 5144 1603 5213">
    <p class='ocr_par' dir='ltr' id='par_1_85' title="bbox 31 5144 1603 5213">
     <span class='ocr_line' id='line_1_85' title="bbox 31 5144 1603 5213; baseline 0.001 -16"><span class='ocrx_word' id='word_1_669' title='bbox 31 5162 133 5198; x_wconf 85' lang='lat' dir='ltr'><strong>non</strong></span> <span class='ocrx_word' id='word_1_670' title='bbox 161 5154 271 5198; x_wconf 86' lang='lat' dir='ltr'><strong>erat</strong></span> <span class='ocrx_word' id='word_1_671' title='bbox 306 5146 649 5198; x_wconf 88' lang='lat' dir='ltr'><strong>contrarium</strong></span> <span class='ocrx_word' id='word_1_672' title='bbox 675 5152 760 5198; x_wconf 85' lang='lat' dir='ltr'><strong>est</strong></span> <span class='ocrx_word' id='word_1_673' title='bbox 791 5146 868 5198; x_wconf 86' lang='lat' dir='ltr'><strong>illi</strong></span> <span class='ocrx_word' id='word_1_674' title='bbox 900 5156 1037 5198; x_wconf 83' lang='lat' dir='ltr'><strong>erat.</strong></span> <span class='ocrx_word' id='word_1_675' title='bbox 1070 5145 1138 5198; x_wconf 90' lang='lat' dir='ltr'><strong>Et</strong></span> <span class='ocrx_word' id='word_1_676' title='bbox 1182 5144 1228 5198; x_wconf 88' lang='lat' dir='ltr'><strong>si</strong></span> <span class='ocrx_word' id='word_1_677' title='bbox 1274 5154 1393 5196; x_wconf 87' lang='lat' dir='ltr'><strong>erat</strong></span> <span class='ocrx_word' id='word_1_678' title='bbox 1420 5183 1434 5206; x_wconf 97' lang='lat'><strong>,</strong></span> <span class='ocrx_word' id='word_1_679' title='bbox 1465 5161 1603 5213; x_wconf 88' lang='lat' dir='ltr'><strong>quo-</strong></span> 
     </span>
    </p>
   </div>
   <div class='ocr_carea' id='block_1_86' title="bbox 33 5235 1598 5305">
    <p class='ocr_par' dir='ltr' id='par_1_86' title="bbox 33 5235 1598 5305">
     <span class='ocr_line' id='line_1_86' title="bbox 33 5235 1598 5305; baseline 0.001 -18"><span class='ocrx_word' id='word_1_680' title='bbox 33 5236 191 5289; x_wconf 85' lang='lat' dir='ltr'><strong>modo</strong></span> <span class='ocrx_word' id='word_1_681' title='bbox 222 5252 330 5289; x_wconf 90' lang='lat' dir='ltr'><strong>non</strong></span> <span class='ocrx_word' id='word_1_682' title='bbox 357 5236 513 5289; x_wconf 88' lang='lat' dir='ltr'><strong>erat?</strong></span> <span class='ocrx_word' id='word_1_683' title='bbox 542 5235 684 5300; x_wconf 84' lang='lat' dir='ltr'><strong>Quid</strong></span> <span class='ocrx_word' id='word_1_684' title='bbox 715 5236 881 5305; x_wconf 83' lang='lat' dir='ltr'><strong>igitur</strong></span> <span class='ocrx_word' id='word_1_685' title='bbox 915 5235 1212 5289; x_wconf 89' lang='lat' dir='ltr'><strong>dicendum</strong></span> <span class='ocrx_word' id='word_1_686' title='bbox 1240 5236 1598 5304; x_wconf 88' lang='lat' dir='ltr'><strong>relinquitur,</strong></span> 
     </span>
    </p>
   </div>
   <div class='ocr_carea' id='block_1_87' title="bbox 33 5326 1598 5395">
    <p class='ocr_par' dir='ltr' id='par_1_87' title="bbox 33 5326 1598 5395">
     <span class='ocr_line' id='line_1_87' title="bbox 33 5326 1598 5395; baseline 0 -16"><span class='ocrx_word' id='word_1_687' title='bbox 33 5328 135 5379; x_wconf 84' lang='lat' dir='ltr'><strong>nisi</strong></span> <span class='ocrx_word' id='word_1_688' title='bbox 181 5326 328 5395; x_wconf 89' lang='lat' dir='ltr'><strong>quod</strong></span> <span class='ocrx_word' id='word_1_689' title='bbox 360 5343 465 5379; x_wconf 89' lang='lat' dir='ltr'><strong>non</strong></span> <span class='ocrx_word' id='word_1_690' title='bbox 489 5333 607 5379; x_wconf 81' lang='lat' dir='ltr'><strong>erat</strong></span> <span class='ocrx_word' id='word_1_691' title='bbox 650 5337 944 5391; x_wconf 81' lang='lat' dir='ltr'><strong>non-erat;</strong></span> <span class='ocrx_word' id='word_1_692' title='bbox 973 5343 1082 5380; x_wconf 89' lang='lat' dir='ltr'><strong>non</strong></span> <span class='ocrx_word' id='word_1_693' title='bbox 1116 5327 1265 5379; x_wconf 87' lang='lat' dir='ltr'><strong>enim</strong></span> <span class='ocrx_word' id='word_1_694' title='bbox 1296 5343 1403 5380; x_wconf 90' lang='lat' dir='ltr'><strong>non</strong></span> <span class='ocrx_word' id='word_1_695' title='bbox 1441 5336 1598 5395; x_wconf 88' lang='lat' dir='ltr'><strong>erat;</strong></span> 
     </span>
    </p>
   </div>
   <div class='ocr_carea' id='block_1_88' title="bbox 33 5417 1595 5486">
    <p class='ocr_par' dir='ltr' id='par_1_88' title="bbox 33 5417 1595 5486">
     <span class='ocr_line' id='line_1_88' title="bbox 33 5417 1595 5486; baseline 0.001 -16"><span class='ocrx_word' id='word_1_696' title='bbox 33 5419 125 5471; x_wconf 79' lang='lat' dir='ltr'><strong>Sed</strong></span> <span class='ocrx_word' id='word_1_697' title='bbox 159 5433 372 5486; x_wconf 81' lang='lat' dir='ltr'><strong>semper</strong></span> <span class='ocrx_word' id='word_1_698' title='bbox 401 5425 523 5472; x_wconf 88' lang='lat' dir='ltr'><strong>erat</strong></span> <span class='ocrx_word' id='word_1_699' title='bbox 573 5417 885 5473; x_wconf 79' lang='lat' dir='ltr'><strong>subsistens</strong></span> <span class='ocrx_word' id='word_1_700' title='bbox 913 5456 926 5479; x_wconf 96' lang='lat'><strong>,</strong></span> <span class='ocrx_word' id='word_1_701' title='bbox 970 5417 1037 5471; x_wconf 89' lang='lat' dir='ltr'><strong>de</strong></span> <span class='ocrx_word' id='word_1_702' title='bbox 1083 5433 1192 5486; x_wconf 89' lang='lat' dir='ltr'><strong>quo</strong></span> <span class='ocrx_word' id='word_1_703' title='bbox 1220 5417 1425 5474; x_wconf 78' lang='lat' dir='ltr'><strong>dicitur</strong></span> <span class='ocrx_word' id='word_1_704' title='bbox 1459 5429 1595 5472; x_wconf 78' lang='lat' dir='ltr'><strong>erat.</strong></span> 
     </span>
    </p>
   </div>
   <div class='ocr_carea' id='block_1_89' title="bbox 107 5606 1615 5676">
    <p class='ocr_par' dir='ltr' id='par_1_89' title="bbox 107 5606 1615 5676">
     <span class='ocr_line' id='line_1_89' title="bbox 107 5606 1615 5676; baseline -0.003 -13"><span class='ocrx_word' id='word_1_705' title='bbox 107 5610 146 5639; x_wconf 77' lang='lat'><strong>‘°</strong></span> <span class='ocrx_word' id='word_1_706' title='bbox 182 5609 334 5663; x_wconf 82' lang='lat' dir='ltr'><strong>Joan.</strong></span> <span class='ocrx_word' id='word_1_707' title='bbox 369 5625 403 5673; x_wconf 85' lang='grc' dir='ltr'><strong>ι,</strong></span> <span class='ocrx_word' id='word_1_708' title='bbox 448 5610 574 5662; x_wconf 72' lang='grc'><strong>1-5.</strong></span> <span class='ocrx_word' id='word_1_709' title='bbox 656 5610 695 5640; x_wconf 84' lang='grc'>¹¹</span> <span class='ocrx_word' id='word_1_710' title='bbox 751 5610 905 5663; x_wconf 75' lang='lat' dir='ltr'><strong>Rom.</strong></span> <span class='ocrx_word' id='word_1_711' title='bbox 939 5626 971 5673; x_wconf 83' lang='grc' dir='ltr'><strong>ι,</strong></span> <span class='ocrx_word' id='word_1_712' title='bbox 1015 5610 1093 5661; x_wconf 79' lang='lat' dir='ltr'><strong>i9.</strong></span> <span class='ocrx_word' id='word_1_713' title='bbox 1172 5609 1212 5640; x_wconf 85' lang='grc'>¹¹</span> <span class='ocrx_word' id='word_1_714' title='bbox 1256 5608 1385 5663; x_wconf 84' lang='lat' dir='ltr'><strong>Luc.</strong></span> <span class='ocrx_word' id='word_1_715' title='bbox 1436 5626 1470 5676; x_wconf 80' lang='grc' dir='ltr'><strong>ι,</strong></span> <span class='ocrx_word' id='word_1_716' title='bbox 1534 5606 1615 5660; x_wconf 69' lang='lat' dir='ltr'><strong>lii.</strong></span> 
     </span>
    </p>
   </div>
   <div class='ocr_carea' id='block_1_90' title="bbox 1715 3134 3294 3209">
    <p class='ocr_par' dir='ltr' id='par_1_90' title="bbox 1715 3134 3294 3209">
     <span class='ocr_line' id='line_1_90' title="bbox 1715 3134 3294 3209; baseline 0.004 -20"><span class='ocrx_word' id='word_1_717' title='bbox 1715 3143 1971 3204; x_wconf 90' lang='lat' dir='ltr'><strong>tanquam</strong></span> <span class='ocrx_word' id='word_1_718' title='bbox 1998 3134 2183 3189; x_wconf 89' lang='lat' dir='ltr'><strong>medio</strong></span> <span class='ocrx_word' id='word_1_719' title='bbox 2216 3136 2450 3204; x_wconf 90' lang='lat' dir='ltr'><strong>pariete,</strong></span> <span class='ocrx_word' id='word_1_720' title='bbox 2474 3144 2532 3190; x_wconf 91' lang='lat' dir='ltr'><strong>ct</strong></span> <span class='ocrx_word' id='word_1_721' title='bbox 2563 3137 2659 3192; x_wconf 91' lang='lat' dir='ltr'><strong>illo</strong></span> <span class='ocrx_word' id='word_1_722' title='bbox 2685 3138 2944 3207; x_wconf 89' lang='lat' dir='ltr'><strong>quopiam</strong></span> <span class='ocrx_word' id='word_1_723' title='bbox 2962 3138 3294 3209; x_wconf 89' lang='lat' dir='ltr'><strong>interposito</strong></span> 
     </span>
    </p>
   </div>
   <div class='ocr_carea' id='block_1_91' title="bbox 1711 3222 3292 3297">
    <p class='ocr_par' dir='ltr' id='par_1_91' title="bbox 1711 3222 3292 3297">
     <span class='ocr_line' id='line_1_91' title="bbox 1711 3222 3292 3297; baseline 0.004 -20"><span class='ocrx_word' id='word_1_724' title='bbox 1711 3224 2101 3292; x_wconf 88' lang='lat' dir='ltr'><strong>interceptam.</strong></span> <span class='ocrx_word' id='word_1_725' title='bbox 2132 3223 2201 3276; x_wconf 90' lang='lat' dir='ltr'><strong>Et</strong></span> <span class='ocrx_word' id='word_1_726' title='bbox 2242 3222 2393 3278; x_wconf 89' lang='lat' dir='ltr'><strong>illius</strong></span> <span class='ocrx_word' id='word_1_727' title='bbox 2434 3239 2629 3278; x_wconf 89' lang='lat' dir='ltr'><strong>rursus</strong></span> <span class='ocrx_word' id='word_1_728' title='bbox 2677 3225 2843 3294; x_wconf 90' lang='lat' dir='ltr'><strong>primi</strong></span> <span class='ocrx_word' id='word_1_729' title='bbox 2880 3226 3089 3297; x_wconf 88' lang='lat' dir='ltr'><strong>magis,</strong></span> <span class='ocrx_word' id='word_1_730' title='bbox 3122 3242 3292 3297; x_wconf 74' lang='lat' dir='ltr'><strong>quam</strong></span> 
     </span>
    </p>
   </div>
   <div class='ocr_carea' id='block_1_92' title="bbox 1711 3314 3291 3387">
    <p class='ocr_par' dir='ltr' id='par_1_92' title="bbox 1711 3314 3291 3387">
     <span class='ocr_line' id='line_1_92' title="bbox 1711 3314 3291 3387; baseline 0.004 -20"><span class='ocrx_word' id='word_1_731' title='bbox 1711 3314 1809 3369; x_wconf 89' lang='lat' dir='ltr'><strong>ﬁlii</strong></span> <span class='ocrx_word' id='word_1_732' title='bbox 1830 3314 2146 3383; x_wconf 89' lang='lat' dir='ltr'><strong>reperietur</strong></span> <span class='ocrx_word' id='word_1_733' title='bbox 2168 3329 2333 3369; x_wconf 88' lang='lat' dir='ltr'><strong>causa</strong></span> <span class='ocrx_word' id='word_1_734' title='bbox 2364 3330 2485 3369; x_wconf 90' lang='lat' dir='ltr'><strong>esse</strong></span> <span class='ocrx_word' id='word_1_735' title='bbox 2507 3316 2689 3370; x_wconf 86' lang='lat' dir='ltr'><strong>Pater.</strong></span> <span class='ocrx_word' id='word_1_736' title='bbox 2740 3318 2811 3371; x_wconf 88' lang='lat' dir='ltr'><strong>At</strong></span> <span class='ocrx_word' id='word_1_737' title='bbox 2832 3318 3113 3387; x_wconf 87' lang='lat' dir='ltr'><strong>quomodo</strong></span> <span class='ocrx_word' id='word_1_738' title='bbox 3135 3319 3291 3374; x_wconf 89' lang='lat' dir='ltr'><strong>dice-</strong></span> 
     </span>
    </p>
   </div>
   <div class='ocr_carea' id='block_1_93' title="bbox 1713 3406 3290 3476">
    <p class='ocr_par' dir='ltr' id='par_1_93' title="bbox 1713 3406 3290 3476">
     <span class='ocr_line' id='line_1_93' title="bbox 1713 3406 3290 3476; baseline 0.004 -14"><span class='ocrx_word' id='word_1_739' title='bbox 1713 3416 1805 3462; x_wconf 87' lang='lat' dir='ltr'><strong>tur</strong></span> <span class='ocrx_word' id='word_1_740' title='bbox 1827 3406 2069 3475; x_wconf 89' lang='lat' dir='ltr'><strong>amplius</strong></span> <span class='ocrx_word' id='word_1_741' title='bbox 2096 3408 2482 3475; x_wconf 82' lang='lat' dir='ltr'><strong>primogenitus</strong></span> <span class='ocrx_word' id='word_1_742' title='bbox 2514 3411 2685 3463; x_wconf 78' lang='lat' dir='ltr'><strong>omnis</strong></span> <span class='ocrx_word' id='word_1_743' title='bbox 2711 3420 2973 3465; x_wconf 70' lang='lat' dir='ltr'><strong>creaturae</strong></span> <span class='ocrx_word' id='word_1_744' title='bbox 2998 3411 3062 3476; x_wconf 79' lang='lat'><strong>&quot;,</strong></span> <span class='ocrx_word' id='word_1_745' title='bbox 3085 3412 3129 3467; x_wconf 89' lang='lat' dir='ltr'><strong>si</strong></span> <span class='ocrx_word' id='word_1_746' title='bbox 3147 3414 3290 3468; x_wconf 86' lang='lat' dir='ltr'><strong>alius</strong></span> 
     </span>
    </p>
   </div>
   <div class='ocr_carea' id='block_1_94' title="bbox 1710 3496 3287 3571">
    <p class='ocr_par' dir='ltr' id='par_1_94' title="bbox 1710 3496 3287 3571">
     <span class='ocr_line' id='line_1_94' title="bbox 1710 3496 3287 3571; baseline 0.004 -19"><span class='ocrx_word' id='word_1_747' title='bbox 1710 3499 1868 3569; x_wconf 92' lang='lat' dir='ltr'><strong>prius</strong></span> <span class='ocrx_word' id='word_1_748' title='bbox 1891 3496 2163 3566; x_wconf 89' lang='lat' dir='ltr'><strong>occupet?</strong></span> <span class='ocrx_word' id='word_1_749' title='bbox 2197 3497 2600 3567; x_wconf 87' lang='lat' dir='ltr'><strong>primogenitus</strong></span> <span class='ocrx_word' id='word_1_750' title='bbox 2626 3500 2775 3554; x_wconf 89' lang='lat' dir='ltr'><strong>enim</strong></span> <span class='ocrx_word' id='word_1_751' title='bbox 2801 3502 3015 3571; x_wconf 83' lang='lat' dir='ltr'><strong>primus</strong></span> <span class='ocrx_word' id='word_1_752' title='bbox 3044 3513 3132 3559; x_wconf 89' lang='lat' dir='ltr'><strong>est</strong></span> <span class='ocrx_word' id='word_1_753' title='bbox 3164 3519 3287 3558; x_wconf 90' lang='lat' dir='ltr'><strong>om-</strong></span> 
     </span>
    </p>
   </div>
   <div class='ocr_carea' id='block_1_95' title="bbox 1710 3589 3283 3664">
    <p class='ocr_par' dir='ltr' id='par_1_95' title="bbox 1710 3589 3283 3664">
     <span class='ocr_line' id='line_1_95' title="bbox 1710 3589 3283 3664; baseline 0.004 -20"><span class='ocrx_word' id='word_1_754' title='bbox 1710 3591 1994 3655; x_wconf 88' lang='lat' dir='ltr'><strong>nium;et</strong></span> <span class='ocrx_word' id='word_1_755' title='bbox 2017 3589 2129 3657; x_wconf 83' lang='lat' dir='ltr'><strong>ipse</strong></span> <span class='ocrx_word' id='word_1_756' title='bbox 2176 3595 2252 3640; x_wconf 72' lang='lat' dir='ltr'><strong>est</strong></span> <span class='ocrx_word' id='word_1_757' title='bbox 2271 3591 2505 3643; x_wconf 84' lang='lat' dir='ltr'><strong>omnium</strong></span> <span class='ocrx_word' id='word_1_758' title='bbox 2526 3591 2591 3655; x_wconf 72' lang='grc'><strong>³⁸,</strong></span> <span class='ocrx_word' id='word_1_759' title='bbox 2646 3592 2792 3649; x_wconf 91' lang='lat' dir='ltr'><strong>sicut</strong></span> <span class='ocrx_word' id='word_1_760' title='bbox 2834 3594 3133 3664; x_wconf 88' lang='lat' dir='ltr'><strong>Apostolus</strong></span> <span class='ocrx_word' id='word_1_761' title='bbox 3186 3596 3283 3661; x_wconf 89' lang='lat' dir='ltr'><strong>ait,</strong></span> 
     </span>
    </p>
   </div>
   <div class='ocr_carea' id='block_1_96' title="bbox 1711 3683 3286 3750">
    <p class='ocr_par' dir='ltr' id='par_1_96' title="bbox 1711 3683 3286 3750">
     <span class='ocr_line' id='line_1_96' title="bbox 1711 3683 3286 3750; baseline 0.004 -14"><span class='ocrx_word' id='word_1_762' title='bbox 1711 3692 1974 3750; x_wconf 85' lang='lat' dir='ltr'><strong>tanquam</strong></span> <span class='ocrx_word' id='word_1_763' title='bbox 2002 3686 2313 3734; x_wconf 63' lang='lat' dir='ltr'><strong>coaeternus</strong></span> <span class='ocrx_word' id='word_1_764' title='bbox 2334 3692 2545 3736; x_wconf 67' lang='lat' dir='ltr'><strong>aeterno</strong></span> <span class='ocrx_word' id='word_1_765' title='bbox 2574 3683 2723 3737; x_wconf 82' lang='lat' dir='ltr'><strong>Patri</strong></span> <span class='ocrx_word' id='word_1_766' title='bbox 2743 3686 2948 3739; x_wconf 65' lang='lat' dir='ltr'><strong>aeterni</strong></span> <span class='ocrx_word' id='word_1_767' title='bbox 2978 3687 3101 3743; x_wconf 81' lang='lat' dir='ltr'><strong>Filii</strong></span> <span class='ocrx_word' id='word_1_768' title='bbox 3131 3705 3144 3741; x_wconf 94' lang='lat'>:</span> <span class='ocrx_word' id='word_1_769' title='bbox 3175 3704 3286 3743; x_wconf 89' lang='lat' dir='ltr'><strong>non</strong></span> 
     </span>
    </p>
   </div>
   <div class='ocr_carea' id='block_1_97' title="bbox 1708 3770 3286 3847">
    <p class='ocr_par' dir='ltr' id='par_1_97' title="bbox 1708 3770 3286 3847">
     <span class='ocr_line' id='line_1_97' title="bbox 1708 3770 3286 3847; baseline 0.006 -21"><span class='ocrx_word' id='word_1_770' title='bbox 1708 3772 1857 3827; x_wconf 90' lang='lat' dir='ltr'><strong>enim</strong></span> <span class='ocrx_word' id='word_1_771' title='bbox 1890 3770 2071 3826; x_wconf 90' lang='lat' dir='ltr'><strong>solum</strong></span> <span class='ocrx_word' id='word_1_772' title='bbox 2099 3771 2246 3826; x_wconf 90' lang='lat' dir='ltr'><strong>Deus</strong></span> <span class='ocrx_word' id='word_1_773' title='bbox 2276 3779 2381 3836; x_wconf 88' lang='lat' dir='ltr'><strong>est,</strong></span> <span class='ocrx_word' id='word_1_774' title='bbox 2412 3772 2507 3826; x_wconf 92' lang='lat' dir='ltr'><strong>sed</strong></span> <span class='ocrx_word' id='word_1_775' title='bbox 2539 3774 2705 3828; x_wconf 87' lang='lat' dir='ltr'><strong>etiam</strong></span> <span class='ocrx_word' id='word_1_776' title='bbox 2735 3773 2930 3841; x_wconf 89' lang='lat' dir='ltr'><strong>Pater;</strong></span> <span class='ocrx_word' id='word_1_777' title='bbox 2986 3787 3043 3832; x_wconf 90' lang='lat' dir='ltr'><strong>et</strong></span> <span class='ocrx_word' id='word_1_778' title='bbox 3070 3794 3137 3833; x_wconf 81' lang='lat' dir='ltr'><strong>ex</strong></span> <span class='ocrx_word' id='word_1_779' title='bbox 3174 3795 3286 3847; x_wconf 87' lang='lat' dir='ltr'><strong>quo</strong></span> 
     </span>
    </p>
   </div>
   <div class='ocr_carea' id='block_1_98' title="bbox 1707 3861 3286 3935">
    <p class='ocr_par' dir='ltr' id='par_1_98' title="bbox 1707 3861 3286 3935">
     <span class='ocr_line' id='line_1_98' title="bbox 1707 3861 3286 3935; baseline 0.005 -20"><span class='ocrx_word' id='word_1_780' title='bbox 1707 3863 1876 3925; x_wconf 90' lang='lat' dir='ltr'><strong>Deus,</strong></span> <span class='ocrx_word' id='word_1_781' title='bbox 1908 3876 1973 3914; x_wconf 78' lang='lat' dir='ltr'><strong>ex</strong></span> <span class='ocrx_word' id='word_1_782' title='bbox 2005 3876 2073 3915; x_wconf 92' lang='lat' dir='ltr'><strong>eo</strong></span> <span class='ocrx_word' id='word_1_783' title='bbox 2108 3861 2290 3915; x_wconf 91' lang='lat' dir='ltr'><strong>Pater.</strong></span> <span class='ocrx_word' id='word_1_784' title='bbox 2316 3861 2478 3915; x_wconf 90' lang='lat' dir='ltr'><strong>Pater</strong></span> <span class='ocrx_word' id='word_1_785' title='bbox 2513 3875 2649 3916; x_wconf 89' lang='lat' dir='ltr'><strong>vero</strong></span> <span class='ocrx_word' id='word_1_786' title='bbox 2684 3863 2808 3916; x_wconf 90' lang='lat' dir='ltr'><strong>Filii</strong></span> <span class='ocrx_word' id='word_1_787' title='bbox 2838 3865 3021 3930; x_wconf 89' lang='lat' dir='ltr'><strong>Pater,</strong></span> <span class='ocrx_word' id='word_1_788' title='bbox 3051 3868 3147 3935; x_wconf 90' lang='lat' dir='ltr'><strong>qui</strong></span> <span class='ocrx_word' id='word_1_789' title='bbox 3172 3884 3286 3923; x_wconf 89' lang='lat' dir='ltr'><strong>non</strong></span> 
     </span>
    </p>
   </div>
   <div class='ocr_carea' id='block_1_99' title="bbox 1708 3953 3284 4023">
    <p class='ocr_par' dir='ltr' id='par_1_99' title="bbox 1708 3953 3284 4023">
     <span class='ocr_line' id='line_1_99' title="bbox 1708 3953 3284 4023; baseline 0.003 -16"><span class='ocrx_word' id='word_1_790' title='bbox 1708 3961 1891 4023; x_wconf 90' lang='lat' dir='ltr'><strong>potest</strong></span> <span class='ocrx_word' id='word_1_791' title='bbox 1925 3953 2089 4006; x_wconf 89' lang='lat' dir='ltr'><strong>aliter</strong></span> <span class='ocrx_word' id='word_1_792' title='bbox 2117 3967 2240 4007; x_wconf 90' lang='lat' dir='ltr'><strong>esse</strong></span> <span class='ocrx_word' id='word_1_793' title='bbox 2273 3954 2468 4015; x_wconf 89' lang='lat' dir='ltr'><strong>Pater,</strong></span> <span class='ocrx_word' id='word_1_794' title='bbox 2497 3953 2606 4008; x_wconf 89' lang='lat' dir='ltr'><strong>nisi</strong></span> <span class='ocrx_word' id='word_1_795' title='bbox 2630 3956 2945 4010; x_wconf 88' lang='lat' dir='ltr'><strong>necessario</strong></span> <span class='ocrx_word' id='word_1_796' title='bbox 2974 3958 3284 4013; x_wconf 86' lang='lat' dir='ltr'><strong>subsisten-</strong></span> 
     </span>
    </p>
   </div>
   <div class='ocr_carea' id='block_1_100' title="bbox 1711 4044 3287 4106">
    <p class='ocr_par' dir='ltr' id='par_1_100' title="bbox 1711 4044 3287 4106">
     <span class='ocr_line' id='line_1_100' title="bbox 1711 4044 3287 4106; baseline 0.005 -8"><span class='ocrx_word' id='word_1_797' title='bbox 1711 4048 1780 4099; x_wconf 90' lang='lat' dir='ltr'><strong>tis</strong></span> <span class='ocrx_word' id='word_1_798' title='bbox 1810 4045 1936 4099; x_wconf 89' lang='lat' dir='ltr'><strong>Filii</strong></span> <span class='ocrx_word' id='word_1_799' title='bbox 1966 4063 1978 4097; x_wconf 93' lang='lat'>:</span> <span class='ocrx_word' id='word_1_800' title='bbox 2007 4044 2126 4099; x_wconf 88' lang='lat' dir='ltr'><strong>sine</strong></span> <span class='ocrx_word' id='word_1_801' title='bbox 2175 4045 2339 4099; x_wconf 89' lang='lat' dir='ltr'><strong>Patre</strong></span> <span class='ocrx_word' id='word_1_802' title='bbox 2389 4044 2537 4098; x_wconf 89' lang='lat' dir='ltr'><strong>enim</strong></span> <span class='ocrx_word' id='word_1_803' title='bbox 2595 4060 2707 4099; x_wconf 91' lang='lat' dir='ltr'><strong>non</strong></span> <span class='ocrx_word' id='word_1_804' title='bbox 2753 4056 2839 4101; x_wconf 90' lang='lat' dir='ltr'><strong>est</strong></span> <span class='ocrx_word' id='word_1_805' title='bbox 2893 4048 3086 4104; x_wconf 88' lang='lat' dir='ltr'><strong>Filius.</strong></span> <span class='ocrx_word' id='word_1_806' title='bbox 3142 4050 3287 4106; x_wconf 78' lang='lat' dir='ltr'><strong>Ante</strong></span> 
     </span>
    </p>
   </div>
   <div class='ocr_carea' id='block_1_101' title="bbox 1706 4136 3286 4208">
    <p class='ocr_par' dir='ltr' id='par_1_101' title="bbox 1706 4136 3286 4208">
     <span class='ocr_line' id='line_1_101' title="bbox 1706 4136 3286 4208; baseline 0.004 -16"><span class='ocrx_word' id='word_1_807' title='bbox 1706 4138 1892 4192; x_wconf 91' lang='lat' dir='ltr'><strong>omnia</strong></span> <span class='ocrx_word' id='word_1_808' title='bbox 1914 4137 2088 4208; x_wconf 88' lang='lat' dir='ltr'><strong>igitur</strong></span> <span class='ocrx_word' id='word_1_809' title='bbox 2119 4145 2205 4192; x_wconf 90' lang='lat' dir='ltr'><strong>est</strong></span> <span class='ocrx_word' id='word_1_810' title='bbox 2229 4136 2403 4191; x_wconf 89' lang='lat' dir='ltr'><strong>Filius</strong></span> <span class='ocrx_word' id='word_1_811' title='bbox 2426 4178 2441 4202; x_wconf 93' lang='lat'><strong>,</strong></span> <span class='ocrx_word' id='word_1_812' title='bbox 2484 4137 2579 4207; x_wconf 89' lang='lat' dir='ltr'><strong>qui</strong></span> <span class='ocrx_word' id='word_1_813' title='bbox 2606 4138 2964 4195; x_wconf 82' lang='lat' dir='ltr'><strong>ineﬁ‘abiliter</strong></span> <span class='ocrx_word' id='word_1_814' title='bbox 3009 4157 3077 4196; x_wconf 81' lang='lat' dir='ltr'><strong>ex</strong></span> <span class='ocrx_word' id='word_1_815' title='bbox 3123 4144 3286 4200; x_wconf 87' lang='lat' dir='ltr'><strong>Patre</strong></span> 
     </span>
    </p>
   </div>
   <div class='ocr_carea' id='block_1_102' title="bbox 1706 4230 3287 4300">
    <p class='ocr_par' dir='ltr' id='par_1_102' title="bbox 1706 4230 3287 4300">
     <span class='ocr_line' id='line_1_102' title="bbox 1706 4230 3287 4300; baseline 0.004 -17"><span class='ocrx_word' id='word_1_816' title='bbox 1706 4230 1801 4300; x_wconf 91' lang='lat' dir='ltr'><strong>qui</strong></span> <span class='ocrx_word' id='word_1_817' title='bbox 1858 4245 1985 4285; x_wconf 91' lang='lat' dir='ltr'><strong>eum</strong></span> <span class='ocrx_word' id='word_1_818' title='bbox 2044 4230 2275 4299; x_wconf 89' lang='lat' dir='ltr'><strong>genuit,</strong></span> <span class='ocrx_word' id='word_1_819' title='bbox 2327 4230 2599 4299; x_wconf 89' lang='lat' dir='ltr'><strong>processit</strong></span> <span class='ocrx_word' id='word_1_820' title='bbox 2638 4247 2652 4284; x_wconf 88' lang='lat'><strong>:</strong></span> <span class='ocrx_word' id='word_1_821' title='bbox 2684 4246 2787 4287; x_wconf 87' lang='lat' dir='ltr'><strong>nec</strong></span> <span class='ocrx_word' id='word_1_822' title='bbox 2821 4233 2969 4287; x_wconf 90' lang='lat' dir='ltr'><strong>cnim</strong></span> <span class='ocrx_word' id='word_1_823' title='bbox 3004 4250 3069 4287; x_wconf 79' lang='lat' dir='ltr'><strong>cx</strong></span> <span class='ocrx_word' id='word_1_824' title='bbox 3107 4235 3287 4289; x_wconf 90' lang='lat' dir='ltr'><strong>nihilo</strong></span> 
     </span>
    </p>
   </div>
   <div class='ocr_carea' id='block_1_103' title="bbox 1706 4320 3285 4393">
    <p class='ocr_par' dir='ltr' id='par_1_103' title="bbox 1706 4320 3285 4393">
     <span class='ocr_line' id='line_1_103' title="bbox 1706 4320 3285 4393; baseline 0.003 -17"><span class='ocrx_word' id='word_1_825' title='bbox 1706 4320 1971 4393; x_wconf 85' lang='lat' dir='ltr'><strong>produxit</strong></span> <span class='ocrx_word' id='word_1_826' title='bbox 2004 4335 2155 4385; x_wconf 89' lang='lat' dir='ltr'><strong>cum,</strong></span> <span class='ocrx_word' id='word_1_827' title='bbox 2208 4327 2267 4375; x_wconf 92' lang='lat' dir='ltr'><strong>ut</strong></span> <span class='ocrx_word' id='word_1_828' title='bbox 2303 4328 2593 4376; x_wconf 87' lang='lat' dir='ltr'><strong>creaturas</strong></span> <span class='ocrx_word' id='word_1_829' title='bbox 2622 4332 2680 4376; x_wconf 89' lang='lat' dir='ltr'><strong>ct</strong></span> <span class='ocrx_word' id='word_1_830' title='bbox 2709 4338 2902 4377; x_wconf 88' lang='lat' dir='ltr'><strong>earum</strong></span> <span class='ocrx_word' id='word_1_831' title='bbox 2933 4334 3145 4393; x_wconf 85' lang='lat' dir='ltr'><strong>partes;</strong></span> <span class='ocrx_word' id='word_1_832' title='bbox 3188 4326 3285 4380; x_wconf 87' lang='lat' dir='ltr'><strong>sed</strong></span> 
     </span>
    </p>
   </div>
   <div class='ocr_carea' id='block_1_104' title="bbox 1706 4412 3287 4479">
    <p class='ocr_par' dir='ltr' id='par_1_104' title="bbox 1706 4412 3287 4479">
     <span class='ocr_line' id='line_1_104' title="bbox 1706 4412 3287 4479; baseline 0.002 -11"><span class='ocrx_word' id='word_1_833' title='bbox 1706 4430 1773 4468; x_wconf 79' lang='lat' dir='ltr'><strong>ex</strong></span> <span class='ocrx_word' id='word_1_834' title='bbox 1816 4428 1874 4467; x_wconf 91' lang='lat' dir='ltr'><strong>se</strong></span> <span class='ocrx_word' id='word_1_835' title='bbox 1919 4413 2139 4466; x_wconf 87' lang='lat' dir='ltr'><strong>vivente</strong></span> <span class='ocrx_word' id='word_1_836' title='bbox 2191 4412 2386 4466; x_wconf 86' lang='lat' dir='ltr'><strong>vivens</strong></span> <span class='ocrx_word' id='word_1_837' title='bbox 2431 4420 2487 4467; x_wconf 92' lang='lat' dir='ltr'><strong>et</strong></span> <span class='ocrx_word' id='word_1_838' title='bbox 2540 4413 2854 4468; x_wconf 86' lang='lat' dir='ltr'><strong>subsistens</strong></span> <span class='ocrx_word' id='word_1_839' title='bbox 2899 4415 3178 4479; x_wconf 77' lang='lat' dir='ltr'><strong>Verbum,</strong></span> <span class='ocrx_word' id='word_1_840' title='bbox 3230 4427 3287 4471; x_wconf 90' lang='lat' dir='ltr'><strong>ct</strong></span> 
     </span>
    </p>
   </div>
   <div class='ocr_carea' id='block_1_105' title="bbox 1707 4504 3285 4575">
    <p class='ocr_par' dir='ltr' id='par_1_105' title="bbox 1707 4504 3285 4575">
     <span class='ocr_line' id='line_1_105' title="bbox 1707 4504 3285 4575; baseline 0.003 -15"><span class='ocrx_word' id='word_1_841' title='bbox 1707 4508 1902 4570; x_wconf 88' lang='lat' dir='ltr'><strong>Deum,</strong></span> <span class='ocrx_word' id='word_1_842' title='bbox 1935 4513 1992 4559; x_wconf 90' lang='lat' dir='ltr'><strong>et</strong></span> <span class='ocrx_word' id='word_1_843' title='bbox 2017 4504 2246 4558; x_wconf 87' lang='lat' dir='ltr'><strong>Filium.</strong></span> <span class='ocrx_word' id='word_1_844' title='bbox 2280 4504 2459 4571; x_wconf 85' lang='lat' dir='ltr'><strong>Quare</strong></span> <span class='ocrx_word' id='word_1_845' title='bbox 2510 4506 2603 4575; x_wconf 91' lang='lat' dir='ltr'><strong>qui</strong></span> <span class='ocrx_word' id='word_1_846' title='bbox 2653 4506 2791 4560; x_wconf 84' lang='lat' dir='ltr'><strong>dicit</strong></span> <span class='ocrx_word' id='word_1_847' title='bbox 2836 4522 2901 4560; x_wconf 79' lang='lat' dir='ltr'><strong>ex</strong></span> <span class='ocrx_word' id='word_1_848' title='bbox 2956 4507 3130 4561; x_wconf 87' lang='lat' dir='ltr'><strong>nihilo</strong></span> <span class='ocrx_word' id='word_1_849' title='bbox 3162 4524 3285 4564; x_wconf 86' lang='lat' dir='ltr'><strong>esse</strong></span> 
     </span>
    </p>
   </div>
   <div class='ocr_carea' id='block_1_106' title="bbox 1708 4595 3286 4671">
    <p class='ocr_par' dir='ltr' id='par_1_106' title="bbox 1708 4595 3286 4671">
     <span class='ocr_line' id='line_1_106' title="bbox 1708 4595 3286 4671; baseline 0.002 -19"><span class='ocrx_word' id='word_1_850' title='bbox 1708 4612 1859 4660; x_wconf 90' lang='lat' dir='ltr'><strong>eum,</strong></span> <span class='ocrx_word' id='word_1_851' title='bbox 1896 4597 1990 4665; x_wconf 91' lang='lat' dir='ltr'><strong>qui</strong></span> <span class='ocrx_word' id='word_1_852' title='bbox 2032 4610 2099 4649; x_wconf 83' lang='lat' dir='ltr'><strong>ex</strong></span> <span class='ocrx_word' id='word_1_853' title='bbox 2130 4611 2197 4650; x_wconf 91' lang='lat' dir='ltr'><strong>eo</strong></span> <span class='ocrx_word' id='word_1_854' title='bbox 2228 4595 2321 4665; x_wconf 89' lang='lat' dir='ltr'><strong>qui</strong></span> <span class='ocrx_word' id='word_1_855' title='bbox 2356 4604 2441 4649; x_wconf 88' lang='lat' dir='ltr'><strong>est</strong></span> <span class='ocrx_word' id='word_1_856' title='bbox 2467 4639 2480 4659; x_wconf 90' lang='lat'><strong>,</strong></span> <span class='ocrx_word' id='word_1_857' title='bbox 2516 4597 2800 4666; x_wconf 80' lang='lat' dir='ltr'><strong>prodivit;</strong></span> <span class='ocrx_word' id='word_1_858' title='bbox 2834 4599 3006 4669; x_wconf 83' lang='lat' dir='ltr'><strong>magis</strong></span> <span class='ocrx_word' id='word_1_859' title='bbox 3038 4599 3090 4652; x_wconf 90' lang='lat' dir='ltr'><strong>in</strong></span> <span class='ocrx_word' id='word_1_860' title='bbox 3131 4602 3286 4671; x_wconf 79' lang='lat' dir='ltr'><strong>geni-</strong></span> 
     </span>
    </p>
   </div>
   <div class='ocr_carea' id='block_1_107' title="bbox 1706 4686 3282 4761">
    <p class='ocr_par' dir='ltr' id='par_1_107' title="bbox 1706 4686 3282 4761">
     <span class='ocr_line' id='line_1_107' title="bbox 1706 4686 3282 4761; baseline 0.003 -17"><span class='ocrx_word' id='word_1_861' title='bbox 1706 4699 1904 4754; x_wconf 89' lang='lat' dir='ltr'><strong>torem,</strong></span> <span class='ocrx_word' id='word_1_862' title='bbox 1941 4702 2105 4757; x_wconf 91' lang='lat' dir='ltr'><strong>quam</strong></span> <span class='ocrx_word' id='word_1_863' title='bbox 2156 4686 2209 4739; x_wconf 92' lang='lat' dir='ltr'><strong>in</strong></span> <span class='ocrx_word' id='word_1_864' title='bbox 2269 4687 2513 4756; x_wconf 85' lang='lat' dir='ltr'><strong>genitum</strong></span> <span class='ocrx_word' id='word_1_865' title='bbox 2571 4689 2971 4757; x_wconf 79' lang='lat' dir='ltr'><strong>blasphemiam</strong></span> <span class='ocrx_word' id='word_1_866' title='bbox 3019 4694 3282 4761; x_wconf 77' lang='lat' dir='ltr'><strong>profert:</strong></span> 
     </span>
    </p>
   </div>
   <div class='ocr_carea' id='block_1_108' title="bbox 1706 4771 3280 4852">
    <p class='ocr_par' dir='ltr' id='par_1_108' title="bbox 1706 4771 3280 4852">
     <span class='ocr_line' id='line_1_108' title="bbox 1706 4771 3280 4852; baseline 0.003 -19"><span class='ocrx_word' id='word_1_867' title='bbox 1706 4780 1840 4850; x_wconf 91' lang='lat' dir='ltr'><strong>quid</strong></span> <span class='ocrx_word' id='word_1_868' title='bbox 1871 4780 2018 4834; x_wconf 86' lang='lat' dir='ltr'><strong>enim</strong></span> <span class='ocrx_word' id='word_1_869' title='bbox 2050 4771 2229 4849; x_wconf 67' lang='lat' dir='ltr'><strong>magis</strong></span> <span class='ocrx_word' id='word_1_870' title='bbox 2266 4778 2491 4849; x_wconf 84' lang='lat' dir='ltr'><strong>impium</strong></span> <span class='ocrx_word' id='word_1_871' title='bbox 2533 4790 2646 4841; x_wconf 89' lang='lat' dir='ltr'><strong>est,</strong></span> <span class='ocrx_word' id='word_1_872' title='bbox 2684 4797 2847 4850; x_wconf 86' lang='lat' dir='ltr'><strong>quam</strong></span> <span class='ocrx_word' id='word_1_873' title='bbox 2882 4798 3006 4836; x_wconf 89' lang='lat' dir='ltr'><strong>eum</strong></span> <span class='ocrx_word' id='word_1_874' title='bbox 3035 4785 3127 4852; x_wconf 86' lang='lat' dir='ltr'><strong>qui</strong></span> <span class='ocrx_word' id='word_1_875' title='bbox 3166 4794 3280 4847; x_wconf 77' lang='lat' dir='ltr'><strong>est,</strong></span> 
     </span>
    </p>
   </div>
   <div class='ocr_carea' id='block_1_109' title="bbox 1706 4872 3281 4946">
    <p class='ocr_par' dir='ltr' id='par_1_109' title="bbox 1706 4872 3281 4946">
     <span class='ocr_line' id='line_1_109' title="bbox 1706 4872 3281 4946; baseline 0.004 -21"><span class='ocrx_word' id='word_1_876' title='bbox 1706 4872 1893 4926; x_wconf 86' lang='lat' dir='ltr'><strong>dicere</strong></span> <span class='ocrx_word' id='word_1_877' title='bbox 1930 4888 2041 4925; x_wconf 83' lang='lat' dir='ltr'><strong>non</strong></span> <span class='ocrx_word' id='word_1_878' title='bbox 2071 4873 2227 4925; x_wconf 82' lang='lat' dir='ltr'><strong>esse?</strong></span> <span class='ocrx_word' id='word_1_879' title='bbox 2258 4888 2381 4925; x_wconf 79' lang='lat' dir='ltr'><strong>nam</strong></span> <span class='ocrx_word' id='word_1_880' title='bbox 2429 4873 2472 4925; x_wconf 86' lang='lat' dir='ltr'><strong>si</strong></span> <span class='ocrx_word' id='word_1_881' title='bbox 2517 4890 2581 4926; x_wconf 82' lang='lat' dir='ltr'><strong>ex</strong></span> <span class='ocrx_word' id='word_1_882' title='bbox 2614 4874 2772 4927; x_wconf 79' lang='lat' dir='ltr'><strong>Patre</strong></span> <span class='ocrx_word' id='word_1_883' title='bbox 2803 4876 3026 4944; x_wconf 76' lang='lat' dir='ltr'><strong>quidem</strong></span> <span class='ocrx_word' id='word_1_884' title='bbox 3063 4876 3281 4946; x_wconf 84' lang='lat' dir='ltr'><strong>genitus</strong></span> 
     </span>
    </p>
   </div>
   <div class='ocr_carea' id='block_1_110' title="bbox 1703 4964 2538 5032">
    <p class='ocr_par' dir='ltr' id='par_1_110' title="bbox 1703 4964 2538 5032">
     <span class='ocr_line' id='line_1_110' title="bbox 1703 4964 2538 5032; baseline 0 -15"><span class='ocrx_word' id='word_1_885' title='bbox 1703 4972 1809 5026; x_wconf 89' lang='lat' dir='ltr'><strong>est,</strong></span> <span class='ocrx_word' id='word_1_886' title='bbox 1833 4965 1927 5032; x_wconf 87' lang='lat' dir='ltr'><strong>qui</strong></span> <span class='ocrx_word' id='word_1_887' title='bbox 1959 4980 2085 5017; x_wconf 81' lang='lat' dir='ltr'><strong>vero</strong></span> <span class='ocrx_word' id='word_1_888' title='bbox 2116 4973 2218 5027; x_wconf 84' lang='lat' dir='ltr'><strong>est,</strong></span> <span class='ocrx_word' id='word_1_889' title='bbox 2245 4964 2407 5017; x_wconf 82' lang='lat' dir='ltr'><strong>Pater</strong></span> <span class='ocrx_word' id='word_1_890' title='bbox 2434 4974 2538 5017; x_wconf 87' lang='lat' dir='ltr'><strong>est.</strong></span> 
     </span>
    </p>
   </div>
   <div class='ocr_carea' id='block_1_111' title="bbox 1773 5053 3282 5114">
    <p class='ocr_par' dir='ltr' id='par_1_111' title="bbox 1773 5053 3282 5114">
     <span class='ocr_line' id='line_1_111' title="bbox 1773 5053 3282 5114; baseline 0.003 -6"><span class='ocrx_word' id='word_1_891' title='bbox 1773 5054 1910 5109; x_wconf 83' lang='lat' dir='ltr'><strong>Vill.</strong></span> <span class='ocrx_word' id='word_1_892' title='bbox 1946 5053 2204 5107; x_wconf 66' lang='lat' dir='ltr'><strong>Nonnulli</strong></span> <span class='ocrx_word' id='word_1_893' title='bbox 2276 5071 2405 5108; x_wconf 75' lang='lat' dir='ltr'><strong>vero</strong></span> <span class='ocrx_word' id='word_1_894' title='bbox 2459 5056 2614 5109; x_wconf 84' lang='lat' dir='ltr'><strong>aiunt</strong></span> <span class='ocrx_word' id='word_1_895' title='bbox 2671 5071 2790 5111; x_wconf 85' lang='lat' dir='ltr'><strong>esse</strong></span> <span class='ocrx_word' id='word_1_896' title='bbox 2820 5073 2946 5111; x_wconf 89' lang='lat' dir='ltr'><strong>cum</strong></span> <span class='ocrx_word' id='word_1_897' title='bbox 2987 5074 3053 5112; x_wconf 79' lang='lat' dir='ltr'><strong>cx</strong></span> <span class='ocrx_word' id='word_1_898' title='bbox 3101 5059 3282 5114; x_wconf 82' lang='lat' dir='ltr'><strong>nihilo</strong></span> 
     </span>
    </p>
   </div>
   <div class='ocr_carea' id='block_1_112' title="bbox 1703 5144 3280 5213">
    <p class='ocr_par' dir='ltr' id='par_1_112' title="bbox 1703 5144 3280 5213">
     <span class='ocr_line' id='line_1_112' title="bbox 1703 5144 3280 5213; baseline 0.005 -16"><span class='ocrx_word' id='word_1_899' title='bbox 1703 5146 1974 5213; x_wconf 73' lang='lat' dir='ltr'><strong>genitum.</strong></span> <span class='ocrx_word' id='word_1_900' title='bbox 2008 5144 2181 5210; x_wconf 84' lang='lat' dir='ltr'><strong>Quam</strong></span> <span class='ocrx_word' id='word_1_901' title='bbox 2236 5146 2308 5198; x_wconf 81' lang='lat' dir='ltr'><strong>sit</strong></span> <span class='ocrx_word' id='word_1_902' title='bbox 2338 5146 2439 5199; x_wconf 77' lang='lat' dir='ltr'><strong>hoc</strong></span> <span class='ocrx_word' id='word_1_903' title='bbox 2471 5147 2794 5211; x_wconf 74' lang='lat' dir='ltr'><strong>absurdum,</strong></span> <span class='ocrx_word' id='word_1_904' title='bbox 2853 5150 3114 5204; x_wconf 84' lang='lat' dir='ltr'><strong>omnibus</strong></span> <span class='ocrx_word' id='word_1_905' title='bbox 3150 5152 3280 5205; x_wconf 77' lang='lat' dir='ltr'><strong>licet</strong></span> 
     </span>
    </p>
   </div>
   <div class='ocr_carea' id='block_1_113' title="bbox 1702 5236 3275 5310">
    <p class='ocr_par' dir='ltr' id='par_1_113' title="bbox 1702 5236 3275 5310">
     <span class='ocr_line' id='line_1_113' title="bbox 1702 5236 3275 5310; baseline 0.005 -22"><span class='ocrx_word' id='word_1_906' title='bbox 1702 5236 2061 5305; x_wconf 86' lang='lat' dir='ltr'><strong>perspicere;</strong></span> <span class='ocrx_word' id='word_1_907' title='bbox 2089 5253 2316 5291; x_wconf 83' lang='lat' dir='ltr'><strong>necesse</strong></span> <span class='ocrx_word' id='word_1_908' title='bbox 2344 5254 2583 5307; x_wconf 77' lang='lat' dir='ltr'><strong>namque</strong></span> <span class='ocrx_word' id='word_1_909' title='bbox 2617 5247 2722 5304; x_wconf 88' lang='lat' dir='ltr'><strong>cst,</strong></span> <span class='ocrx_word' id='word_1_910' title='bbox 2761 5250 2820 5294; x_wconf 89' lang='lat' dir='ltr'><strong>ut</strong></span> <span class='ocrx_word' id='word_1_911' title='bbox 2846 5243 2994 5310; x_wconf 87' lang='lat' dir='ltr'><strong>quod</strong></span> <span class='ocrx_word' id='word_1_912' title='bbox 3028 5258 3137 5295; x_wconf 89' lang='lat' dir='ltr'><strong>non</strong></span> <span class='ocrx_word' id='word_1_913' title='bbox 3156 5251 3275 5308; x_wconf 73' lang='lat' dir='ltr'><strong>.cst,</strong></span> 
     </span>
    </p>
   </div>
   <div class='ocr_carea' id='block_1_114' title="bbox 1700 5327 3276 5403">
    <p class='ocr_par' dir='ltr' id='par_1_114' title="bbox 1700 5327 3276 5403">
     <span class='ocr_line' id='line_1_114' title="bbox 1700 5327 3276 5403; baseline 0.005 -22"><span class='ocrx_word' id='word_1_914' title='bbox 1700 5328 2033 5381; x_wconf 78' lang='lat' dir='ltr'><strong>honoratius</strong></span> <span class='ocrx_word' id='word_1_915' title='bbox 2056 5327 2129 5381; x_wconf 87' lang='lat' dir='ltr'><strong>sit</strong></span> <span class='ocrx_word' id='word_1_916' title='bbox 2168 5343 2236 5382; x_wconf 91' lang='lat' dir='ltr'><strong>eo</strong></span> <span class='ocrx_word' id='word_1_917' title='bbox 2269 5330 2416 5398; x_wconf 86' lang='lat' dir='ltr'><strong>quod</strong></span> <span class='ocrx_word' id='word_1_918' title='bbox 2444 5346 2511 5384; x_wconf 78' lang='lat' dir='ltr'><strong>ex</strong></span> <span class='ocrx_word' id='word_1_919' title='bbox 2539 5331 2663 5399; x_wconf 80' lang='lat' dir='ltr'><strong>ipso</strong></span> <span class='ocrx_word' id='word_1_920' title='bbox 2692 5332 2997 5399; x_wconf 85' lang='lat' dir='ltr'><strong>processit:</strong></span> <span class='ocrx_word' id='word_1_921' title='bbox 3035 5342 3093 5387; x_wconf 89' lang='lat' dir='ltr'><strong>et</strong></span> <span class='ocrx_word' id='word_1_922' title='bbox 3116 5348 3276 5403; x_wconf 82' lang='lat' dir='ltr'><strong>repe-</strong></span> 
     </span>
    </p>
   </div>
   <div class='ocr_carea' id='block_1_115' title="bbox 1702 5419 3278 5488">
    <p class='ocr_par' dir='ltr' id='par_1_115' title="bbox 1702 5419 3278 5488">
     <span class='ocr_line' id='line_1_115' title="bbox 1702 5419 3278 5488; baseline 0.005 -15"><span class='ocrx_word' id='word_1_923' title='bbox 1702 5420 1879 5473; x_wconf 86' lang='lat' dir='ltr'><strong>rietur</strong></span> <span class='ocrx_word' id='word_1_924' title='bbox 1907 5419 2055 5488; x_wconf 88' lang='lat' dir='ltr'><strong>quod</strong></span> <span class='ocrx_word' id='word_1_925' title='bbox 2121 5420 2432 5476; x_wconf 81' lang='lat' dir='ltr'><strong>substantia</strong></span> <span class='ocrx_word' id='word_1_926' title='bbox 2469 5430 2642 5488; x_wconf 89' lang='lat' dir='ltr'><strong>care-l,</strong></span> <span class='ocrx_word' id='word_1_927' title='bbox 2696 5424 2943 5479; x_wconf 72' lang='lat' dir='ltr'><strong>nobiiius</strong></span> <span class='ocrx_word' id='word_1_928' title='bbox 2981 5440 3105 5480; x_wconf 89' lang='lat' dir='ltr'><strong>esse</strong></span> <span class='ocrx_word' id='word_1_929' title='bbox 3144 5426 3278 5482; x_wconf 55' lang='lat' dir='ltr'><strong>subp</strong></span> 
     </span>
    </p>
   </div>
   <div class='ocr_carea' id='block_1_116' title="bbox 1712 5610 2107 5677">
    <p class='ocr_par' dir='ltr' id='par_1_116' title="bbox 1712 5610 2107 5677">
     <span class='ocr_line' id='line_1_116' title="bbox 1712 5610 2107 5677; baseline 0 -12"><span class='ocrx_word' id='word_1_930' title='bbox 1712 5613 1753 5639; x_wconf 77' lang='grc'><strong>¹³</strong></span> <span class='ocrx_word' id='word_1_931' title='bbox 1781 5610 1939 5666; x_wconf 75' lang='lat' dir='ltr'><strong>Jcan.</strong></span> <span class='ocrx_word' id='word_1_932' title='bbox 1990 5626 2025 5677; x_wconf 79' lang='grc' dir='ltr'><strong>ι,</strong></span> <span class='ocrx_word' id='word_1_933' title='bbox 2056 5611 2107 5665; x_wconf 86' lang='grc'><strong>9.</strong></span> 
     </span>
    </p>
   </div>
   <div class='ocr_carea' id='block_1_117' title="bbox 2189 5611 3276 5680">
    <p class='ocr_par' dir='ltr' id='par_1_117' title="bbox 2189 5611 3276 5680">
     <span class='ocr_line' id='line_1_117' title="bbox 2189 5611 3276 5680; baseline 0.003 -14"><span class='ocrx_word' id='word_1_934' title='bbox 2189 5613 2231 5642; x_wconf 62' lang='grc'><strong>¹³</strong></span> <span class='ocrx_word' id='word_1_935' title='bbox 2272 5612 2482 5667; x_wconf 74' lang='lat' dir='ltr'><strong>Coless.</strong></span> <span class='ocrx_word' id='word_1_936' title='bbox 2527 5629 2581 5680; x_wconf 85' lang='grc' dir='ltr'><strong>ι,</strong></span> <span class='ocrx_word' id='word_1_937' title='bbox 2626 5613 2709 5666; x_wconf 74' lang='grc'><strong>13.</strong></span> <span class='ocrx_word' id='word_1_938' title='bbox 2804 5614 2844 5646; x_wconf 82' lang='grc'><strong>¹⁵</strong></span> <span class='ocrx_word' id='word_1_939' title='bbox 2883 5612 3097 5670; x_wconf 85' lang='lat' dir='ltr'><strong>Coloss.</strong></span> <span class='ocrx_word' id='word_1_940' title='bbox 3130 5611 3276 5680; x_wconf 73' lang='lat'><strong>1,17.</strong></span> 
     </span>
    </p>
   </div>
  </div>
