3910 6300
582 175 720 243 1315

1719 169 1780 228 S.
1803 165 2204 227 ANASTASII
2247 160 2720 225 ANTIOCHENI

3729 148 3830 211 1316

583 288 822 354 stantia;
875 294 934 340 et
961 283 1198 355 privatio
1233 281 1476 337 nobilior
1508 277 1738 343 habitu;
1790 287 1888 332 aut
1937 278 2160 332 dicetur
2191 284 2233 338 Α
2263 293 2483 346 semper
2509 277 2835 346 procedere.
2876 271 2967 328 Sic
2999 269 3150 325 enim
3198 267 3278 322 ait
3311 263 3646 321 Dominus:
3688 262 3750 316 de
3792 280 3826 317 St

584 397 696 436 non
717 393 842 434 esse
873 378 1055 440 Pater,
1089 376 1184 444 qui
1219 374 1412 444 genuit
1443 371 1641 426 Filium
1664 380 1722 425 et
1743 385 1812 424 ex
1847 385 1959 439 quo
1987 370 2161 424 Filius

587 471 807 542 genitus
831 477 939 532 est,
969 482 1134 537 quem
1166 465 1454 529 aiuntisti,
1484 463 1604 517 vice
1627 461 1830 527 Patris,
1888 477 1956 517 ex
1985 461 2163 516 nihilo

586 575 729 616 esse.
752 557 960 614 Deinde
983 555 1262 627 quomodo
1293 553 1408 608 ﬁeri
1446 559 1650 623 potest,
1681 560 1742 606 ut
1764 567 1833 608 ex
1890 567 1958 607 eo
2014 550 2165 621 quod

507 695 509 697 .
589 651 892 707 substantia
927 659 1094 709 caret.
1112 657 1170 703 et
1199 661 1309 701 non
1339 653 1444 711 est,
1468 660 1651 714 neque
1678 643 1953 714 principio
1980 659 2080 713 per
2105 658 2166 698 se

587 741 821 802 exstitit,
852 741 977 795 talis
999 739 1179 794 virtus
1201 736 1581 792 substantialis
1601 735 1914 805 prodierit?
1942 734 1997 790 Si
2016 735 2167 790 enim

589 850 702 889 non
733 840 837 897 εει,
872 846 983 886 non
1020 839 1105 885 est
1125 829 1468 885 subsistens:
1497 827 1777 898 quomodo
1801 843 1935 898 ergo
1959 843 2027 881 ex
2055 841 2167 881 non

587 924 892 981 exsistente
913 921 1021 976 erit
1041 921 1312 976 exsistcns
1331 957 1348 985 ,
1376 928 1433 974 et
1453 935 1520 973 ex
1557 935 1624 973 eo
1646 917 1790 987 quod
1818 931 2167 986 nequaquam

496 1062 504 1068 .
589 1024 696 1078 εει,
727 1015 1096 1070 substantiam
1112 1013 1295 1082 capiet
1318 1010 1463 1080 quod
1493 1011 1616 1064 est?
1639 1010 1775 1064 Nam
1799 1009 1845 1063 si
1869 1015 1974 1070 est,
1997 1021 2169 1060 unum

593 1105 843 1160 omnium
860 1113 972 1170 est;
1009 1111 1065 1159 et
1101 1104 1147 1159 si
1191 1103 1442 1158 omnium
1467 1115 1638 1155 unum
1672 1107 1780 1162 est,
1831 1114 1930 1168 per
1966 1097 2168 1153 Filium

591 1198 844 1268 profecto
879 1197 1088 1251 factum
1117 1204 1231 1251 est:
1277 1193 1552 1264 siquidem
1616 1194 1798 1246 omnia
1858 1207 1952 1257 per
1997 1192 2170 1261 ipsum

590 1290 738 1361 facta
767 1296 912 1343 sunt.
969 1287 1028 1344 Si
1060 1299 1247 1343 autem
1268 1285 1418 1356 quod
1439 1300 1551 1339 non
1582 1295 1689 1348 est,
1725 1292 1831 1349 est,
1875 1292 1935 1338 ει
1977 1282 2172 1336 dicunt

593 1381 795 1438 Filium
824 1395 947 1436 esse
968 1395 1038 1438 ex
1082 1379 1292 1444 nihilo;
1331 1377 1492 1448 prius
1517 1376 1700 1445 ipsum
1739 1374 1890 1444 quod
1921 1388 2034 1427 non
2059 1380 2168 1436 est,

592 1473 800 1528 faciant
828 1470 1196 1527 substantiam
1230 1485 1372 1534 esse,
1414 1477 1471 1524 et
1519 1477 1652 1522 tunc
1703 1465 2026 1522 tribuantei
2056 1463 2172 1519 vim

592 1561 936 1634 producendi
971 1561 1100 1616 talia
1125 1561 1395 1631 germina.

666 1652 760 1706 1X.
809 1652 952 1706 Illud
983 1627 1172 1706 autem
1203 1665 1316 1704 non
1374 1659 1462 1705 est
1488 1647 1978 1713 dissimulandum,
2020 1645 2174 1717 quod
2205 1627 2248 1682 Β

592 1742 661 1798 ad
687 1742 1024 1812 propositam
1060 1740 1448 1795 tractationem
1477 1738 1637 1794 valde
1663 1738 2038 1793 necessarium
2067 1745 2173 1804 est,

593 1848 760 1888 omne
816 1832 966 1902 quod
1020 1847 1088 1886 ex
1133 1831 1312 1886 nihilo
1358 1830 1563 1886 factum
1593 1838 1700 1894 est,
1733 1830 1846 1883 vim
1867 1824 2076 1884 habere
2114 1835 2178 1883 ut

594 1927 663 1982 ad
713 1925 952 1980 nihilum
1014 1938 1211 1978 rursus
1241 1923 1455 1989 redeat,
1484 1920 1739 1992 quamvis
1782 1921 2176 1991 proprietatem

595 2019 719 2088 ejus
744 2017 1059 2071 naturalem
1091 2016 1268 2087 major
1299 2023 1545 2084 potestas
1600 2014 1826 2067 vincat:
1861 2019 1917 2066 at
1967 2011 2178 2066 sentire

600 2109 706 2163 huc
732 2107 801 2162 de
834 2107 994 2172 Filio,
1057 2114 1344 2162 extremus
1391 2106 1588 2160 animae
1649 2103 1914 2158 interitus
1944 2109 2049 2157 est.
2099 2103 2180 2157 Ex

596 2199 761 2254 Patre
791 2199 960 2269 igitur
989 2207 1075 2253 est
1107 2195 1418 2252 secundum
1467 2203 1746 2258 naturam,
1784 2202 1840 2248 et
1866 2209 1976 2247 non
2006 2209 2072 2248 ex
2098 2193 2182 2247 ni-

599 2291 716 2346 hilo
737 2291 945 2344 Filius:
977 2288 1126 2359 quod
1147 2288 1193 2342 si
1215 2296 1304 2344 est
1324 2302 1391 2342 ex
1413 2287 1575 2342 Patre
1591 2284 1898 2341 secundum
1924 2293 2180 2338 naturam

599 2383 798 2446 Filius,
861 2389 948 2435 est
983 2379 1150 2450 igitur
1183 2377 1534 2440 homousios,
1566 2375 1622 2429 id
1672 2383 1778 2439 est,
1814 2373 2182 2429 consubstan-

603 2473 754 2528 tialis
789 2471 941 2527 Patri
981 2469 1076 2540 qui
1109 2469 1333 2540 genuit:
1371 2483 1535 2524 omne
1560 2467 1710 2523 enim
1744 2466 1992 2537 genitum
2050 2481 2185 2520 con-

599 2565 968 2622 substantiale
995 2575 1080 2618 est
1119 2565 1262 2634 patri
1319 2561 1637 2633 generanti;
1684 2568 1742 2614 et
1787 2558 1936 2628 quod
1994 2566 2184 2627 aptum

601 2665 792 2712 natum
824 2663 911 2710 est
939 2654 1007 2708 ad
1041 2653 1440 2725 generandum,
1475 2651 1726 2722 ejusdem
1760 2649 2087 2705 substantiae
2101 2656 2187 2704 est

601 2763 730 2803 cum
757 2762 824 2801 eo
872 2745 962 2800 cui
1008 2755 1206 2799 natura
1251 2743 1480 2798 insitum
1518 2752 1605 2798 est
1636 2755 1923 2814 generare.
1956 2739 2070 2796 Hac
2101 2755 2189 2795 ra-

605 2840 756 2893 tione
793 2838 987 2893 dicunt
1047 2837 1239 2891 Patres
1290 2833 1345 2888 in
1374 2834 1596 2889 Nicaeno
1623 2833 1880 2898 concilio,
1929 2819 2188 2885 Deum‘ea:

608 2932 713 2986 Deo
735 2948 752 2998 ;
775 2939 832 2985 et
856 2943 1053 2983 rursus
1096 2927 1273 2981 lumen
1301 2942 1364 2980 ea;
1386 2925 1615 2979 lumine:
1645 2923 1829 2993 qualis
1847 2923 1995 2976 enim
2025 2923 2190 2977 Pater

601 3031 710 3090 εει,
747 3023 876 3078 talis
920 3020 1094 3076 Filius
1144 3018 1452 3075 secundum
1503 3015 1893 3072 substantiam.
1940 3015 2194 3070 Declarat

608 3118 714 3171 hoc
733 3116 895 3186 plane
922 3112 1170 3184 energia,
1203 3111 1258 3165 id
1293 3119 1381 3165 est
1407 3109 1695 3179 operatio:
1733 3107 2011 3177 siquidem
2055 3121 2194 3176 quo-

607 3225 731 3262 rum
757 3215 844 3262 est
876 3221 988 3260 una
1026 3204 1277 3274 energia,
1311 3215 1422 3255 una
1449 3209 1536 3256 est
1577 3200 1885 3255 substantia
1913 3216 1928 3266 ;
1987 3207 2044 3254 et
2073 3199 2193 3252 vice

603 3319 789 3367 versa,
811 3315 1049 3373 quorum
1080 3309 1166 3354 est
1195 3297 1502 3353 substantia
1537 3312 1669 3360 una,
1705 3311 1817 3350 una
1841 3295 2002 3364 plane
2035 3307 2194 3348 ener-

601 3397 697 3468 gia
729 3395 844 3450 sive
868 3390 1122 3463 operatio
1142 3390 1332 3445 est.Et
1353 3389 1622 3443 Dominus
1650 3387 1716 3440 ad
1742 3384 2191 3456 redarguendum

601 3486 852 3551 .Judaeos,
877 3501 1005 3541 cum
1033 3482 1422 3539 obtrectabant
1447 3481 1520 3544 ei,
1553 3479 1700 3549 quod
1736 3479 1996 3533 dixisset:
2028 3476 2193 3531 Filius

611 3578 709 3632 Dei
742 3592 859 3630 sum
890 3575 953 3640 ¹⁶,
979 3572 1171 3628 docuit
1201 3572 1582 3641 operationem
1603 3583 1726 3623 esse
1752 3568 1927 3621 instar
1947 3565 2194 3620 omnium

600 3669 848 3723 aliorum
876 3664 1341 3720 adattestandam
1383 3660 1708 3722 veritatem,
1749 3673 1875 3712 cuin
1913 3656 2092 3710 dixit:
2137 3653 2194 3710 Si

601 3777 721 3818 non
753 3761 889 3831 facio
921 3773 1085 3829 opera
1126 3755 1304 3810 Patris
1340 3754 1466 3817 mei,
1527 3767 1592 3805 ne
1651 3749 1847 3804 credite
1903 3749 2072 3803 mihi:
2111 3749 2195 3802 sin

607 3861 797 3908 autem
843 3850 978 3920 facio
1003 3889 1018 3914 ,
1064 3849 1160 3902 etsi
1209 3846 1338 3900 mihi
1371 3859 1477 3896 non
1532 3841 1766 3907 creditis,
1801 3840 2040 3912 aperibus
2067 3839 2194 3892 meis

598 3946 828 4010 .credite,
851 3950 910 3998 ut
931 3943 1112 3997 sciatis
1140 3949 1189 3994 et
1247 3935 1593 4008 cognoscatis,
1625 3933 1764 4004 quod
1789 3949 1880 4004 ego
1898 3933 1954 3986 in
2014 3931 2192 3996 Patre,

615 4053 663 4095 et
689 4040 854 4094 Pater
877 4039 933 4093 in
967 4052 1051 4091 me
1077 4043 1153 4089 est
1196 4035 1258 4086 ιτ.
1285 4033 1467 4098 Quare
1500 4029 1752 4084 absoluta
1795 4025 2195 4082 demonstratio

604 4141 724 4199 est,
751 4141 807 4187 ct
840 4147 961 4201 quae
995 4126 1200 4185 sutl‘icit
1229 4135 1285 4181 et
1327 4123 1503 4178 refelli
1539 4136 1650 4175 non
1701 4127 1905 4190 potest,
1959 4117 2197 4172 consub-

616 4221 998 4279 stantialitatis
1041 4219 1235 4275 eadem
1293 4215 1473 4270 Patris
1521 4222 1578 4269 et
1610 4212 1737 4268 Filii
1763 4209 2196 4281 operatiozqua:

2263 365 2520 435 quidem;
2547 368 2682 420 Ante
2708 381 2888 418 omnes
2909 362 3066 416 colles
3095 366 3314 430 generat
3337 373 3425 410 me
3450 357 3526 419 “,
3564 353 3642 408 de
3665 353 3826 423 Spir'ila

2264 469 2449 514 autem
2476 466 2690 520 sancto,
2737 456 2840 522 Qui
2879 472 2943 511 ea:
2973 454 3137 509 Patre
3165 451 3397 523 procedit
3446 449 3518 502 ¹⁹.
3577 447 3823 502 Diversitas

2266 561 2454 608 autem
2476 549 2856 623 generationis
2878 558 2935 604 et
2957 543 3332 618 processionis
3351 557 3475 596 non
3527 539 3825 594 demonstrat

2265 645 2590 700 substantiae
2629 641 3039 698 diﬂ‘erentiam:
3073 653 3188 692 non
3209 635 3360 690 enim
3380 630 3715 687 differentia
3729 632 3822 683 exsi-

2269 736 2487 792 stentiae
2515 733 2793 805 signiﬁcat
2815 747 2959 797 esse,
2993 730 3093 786 sed
3122 726 3413 800 quomodo
3449 738 3595 779 esse
3617 722 3822 783 decimi,
3865 711 3885 805 λγ

2269 736 2487 792 stentiae
2515 735 2793 805 signiﬁcat
2815 747 2959 797 esse,
2993 735 3093 786 sed
3122 735 3413 800 quomodo
3449 738 3595 779 esse
3617 735 3822 783 aeciarai,

2269 837 2530 882 manente
2555 827 2751 882 eadem
2785 823 3098 880 substantia
3131 823 3252 892 ejus
3293 835 3364 875 ex
3396 832 3550 887 quo,
3601 823 3658 869 et
3688 829 3820 868 eam
3865 735 3885 914 ﬂ

2268 921 2364 990 qui
2392 935 2462 975 ex
2489 920 2611 990 ipso
2637 929 2790 982 sunt,
2815 916 3127 974 secundum
3149 913 3534 969 diﬁ'erentem
3589 907 3772 960 modii
3790 906 3818 967 ε,

2271 1011 2325 1065 id
2360 1019 2468 1076 est,
2489 1010 2837 1065 intellectum.
2860 1008 3056 1064 Modus
3081 1021 3234 1076 ergo,
3264 1012 3329 1059 ut
3351 1002 3594 1056 dictum
3621 998 3810 1060 θεμειεὶ

2271 1104 2489 1159 stentiae
2517 1102 2783 1159 differens
2807 1111 2920 1168 est;
2955 1102 3096 1156 ratio
3119 1114 3254 1154 vero
3285 1093 3642 1152 substantia:
3661 1089 3817 1145 eadem:

2270 1209 2339 1249 ex
2366 1196 2560 1250 eodem
2595 1196 2768 1260 enim,
2793 1196 2926 1250 licet
2945 1209 3055 1248 non
3081 1191 3364 1248 similiter.
3866 1173 3885 1228 i'

2342 1286 2435 1342 XI.
2467 1287 2546 1343 Ne
2574 1287 2842 1342 miremur
2891 1288 3060 1357 igitur
3113 1284 3448 1343 Dominum,
3484 1294 3625 1336 cum
3673 1275 3818 1332 utrius-

2273 1395 2381 1450 que
2407 1381 2639 1444 exitum,
2671 1381 2883 1436 exitum
2907 1395 2976 1435 ex
3004 1379 3167 1433 Patre
3202 1383 3408 1438 vocat;
3449 1374 3578 1444 Ego
3621 1373 3754 1428 enim.
3775 1372 3820 1421 is-

2344 1301 2435 1342 λι.
2469 1301 2546 1343 me
2574 1303 2842 1342 miremur
2891 1301 3060 1357 igitur
3114 1301 3448 1343 nominum,
3484 1301 3625 1336 cum
3674 1301 3818 1332 uuis:-

2273 1395 2381 1450 que
2407 1381 2639 1444 exitum,
2671 1381 2883 1436 exitum
2907 1395 2976 1435 ex
3004 1379 3167 1433 Patre
3202 1383 3408 1438 vocat;
3449 1374 3578 1444 Ego
3621 1373 3754 1428 enim.
3775 1372 3820 1421 is-

2273 1470 2415 1540 quit,
2447 1485 2511 1523 ea:
2543 1469 2709 1524 Patre
2750 1470 2908 1534 exitii,
2959 1475 3007 1521 et
3033 1467 3185 1522 venio
3215 1467 3283 1518 ὀ.
3311 1465 3385 1519 Et
3436 1457 3818 1528 rursus:
3873 1481 3880 1534 ξ

2277 1571 2358 1600 tua
2421 1564 2567 1600 noio'n
2630 1561 2790 1600 Datim
2815 1561 3049 1600 curnt-MN!
3095 1560 3162 1600 ﬂ,
3215 1557 3336 1600 Ιίίεῖ
3399 1555 3569 1600 enim
3615 1554 3759 1600 Ptil‘ﬁ-
3788 1560 3820 1600 tl
3873 1575 3876 1584 =

2275 1571 2379 1628 tus,
2421 1564 2568 1634 quia
2624 1561 2790 1616 Patre
2814 1561 3049 1633 procedit
3095 1560 3165 1611 ¹¹.
3215 1557 3340 1613 Etsi
3399 1555 3570 1612 enim
3615 1554 3759 1614 exire,
3788 1560 3820 1603 ct
3873 1554 3885 1616 τῇ

2277 1654 2584 1726 procedere
2620 1653 2766 1708 idem
2822 1652 2917 1707 hic
2965 1651 3307 1722 signiﬁcant,
3358 1649 3659 1719 principue
3696 1656 3822 1699 tam
3884 1689 3885 1692 η

2276 1745 2692 1816 processionem
2727 1742 2966 1813 Spiritui
2990 1750 3184 1797 sancto
3209 1738 3692 1800 accommodavit,
3729 1738 3823 1789 sint
3884 1801 3885 1804 η

2276 1837 2382 1892 sibi
2414 1835 2853 1907 generationem.
2890 1833 3048 1889 Sicut
3069 1833 3220 1887 enim
3243 1833 3428 1886 Pater
3456 1839 3687 1885 vocatur
3706 1826 3823 1896 Spiri-

2279 1939 2390 1994 tus,
2417 1937 2475 1983 et
2495 1928 2670 1982 Filius
2701 1927 2834 1981 item
2864 1926 3131 1996 Spiritus,
3157 1923 3489 1980 secundum
3551 1921 3684 1976 illud
3708 1940 3722 1972 :
3745 1917 3824 1985 Sal

2279 2022 2413 2074 ritus
2447 2028 2522 2074 est
2556 2020 2636 2082 ²¹;
2672 2031 2730 2074 ει
2761 2019 2920 2083 illud,
2955 2017 3187 2089 Spiritus
3217 2017 3378 2086 faciei
3428 2024 3636 2069 nostra
3656 2011 3823 2067 Christi!
3869 2011 3878 2084 ἱ

2281 2110 2536 2166 Dominus
2571 2113 2648 2166 '3:
2681 2111 2905 2182 proprie
2927 2118 3111 2164 tamen
3125 2108 3219 2163 hic
3237 2117 3330 2162 est
3359 2106 3620 2176 Spiritus
3647 2112 3825 2158 sanctas.
3884 2105 3885 2112 ‘

2280 2204 2376 2274 qui
2423 2213 2670 2260 sanctam
2705 2204 3034 2258 Trinitatem
3087 2199 3363 2270 complet.
3421 2198 3548 2262 Sic,
3583 2197 3682 2251 etsi
3713 2195 3824 2248 Filias
3883 2199 3885 2274 ἐ

2281 2306 2340 2351 ει
2370 2295 2614 2365 Spiritus
2643 2304 2870 2350 sanctus
2919 2294 3185 2348 dicuntur
3220 2292 3386 2346 exire
3420 2306 3498 2345 ex
3536 2291 3722 2346 Patre.
3748 2301 3824 2355 pra-

2283 2388 2463 2441 cessio
2496 2397 2678 2440 tamen
2723 2385 3003 2455 praicipue
3063 2382 3309 2453 Spiritus
3345 2381 3543 2436 sancti
3599 2389 3700 2438 est,
3735 2378 3823 2431 sitsi
3875 2378 3882 2428 t

2283 2479 2570 2550 generatio
2603 2486 2689 2532 est
2715 2477 2864 2532 Filii.
2888 2476 3068 2543 Quare
3095 2486 3117 2514 ο
3153 2473 3482 2544 ingenitum
3534 2481 3595 2527 et
3647 2471 3822 2542 genitu

2285 2580 2343 2626 et
2395 2570 2726 2639 procedens,
2772 2585 2895 2639 quae
2948 2567 3176 2638 quidem
3230 2574 3502 2621 sanctam
3562 2563 3821 2618 Triniutel

2287 2659 2660 2721 constituunt,
2681 2658 2849 2712 unius
2877 2666 2935 2711 et
2967 2656 3218 2727 ejusdem
3257 2662 3497 2709 natura:
3535 2665 3699 2709 sunt:
3723 2652 3823 2719 ingr-

2286 2751 2465 2806 nitum
2497 2761 2679 2804 autem
2705 2763 2851 2812 esse,
2895 2755 2952 2802 et
2994 2747 3242 2816 genitum
3271 2759 3427 2808 esse,
3479 2754 3542 2800 et
3591 2742 3823 2815 primatu!

2288 2857 2400 2896 non
2430 2850 2558 2895 sunt
2579 2840 2724 2894 inter
2755 2854 2813 2894 se
2843 2837 3081 2894 similia:
3107 2835 3298 2890 differt
3325 2837 3491 2890 enim
3525 2835 3824 2906 generatim

2217 2969 2260 3025 ο
2294 2931 2734 3002 ingeneratione,
2768 2939 2826 2985 et
2859 2928 3151 2999 processio
3183 2944 3214 2982 a
3243 2929 3625 2999 generatione
3662 2928 3826 2992 etingb

2293 3025 2611 3090 neratione;
2665 3023 2722 3077 in
2779 3023 2984 3092 quibus
3020 3029 3206 3076 autem
3248 3021 3376 3076 haec
3436 3031 3599 3084 sunt,
3649 3018 3828 3091 ejusdsn

2292 3117 2617 3173 substantia:
2635 3125 2692 3170 et
2713 3124 2929 3171 natura:
2955 3125 3104 3171 sunt.
3139 3115 3410 3170 Eamdem
3449 3115 3630 3186 igitur
3644 3113 3830 3167 subsit

2294 3208 2424 3262 tiam
2467 3206 2705 3261 dicimus
2758 3214 2962 3261 sancta:
2989 3203 3322 3268 Trinitatis;
3380 3203 3716 3258 Trinitatem
3739 3199 3830 3253 diii-

2293 3317 2417 3356 mus
2441 3316 2552 3355 non
2600 3301 3066 3364 substantiarum,
3125 3299 3221 3355 sed
3272 3315 3684 3369 personarum:
3717 3310 3834 3350 um

2293 3395 2441 3449 enim
2467 3396 2639 3448 Deum
2663 3393 2994 3461 proﬁtemur
3032 3407 3144 3447 non
3174 3407 3443 3456 numero,
3512 3393 3614 3448 sed
3654 3402 3807 3446 natura

2294 3501 2404 3540 non
2428 3485 2575 3540 enim
2607 3483 2755 3554 quod
2774 3493 2863 3540 est
2889 3484 3120 3539 omnino
3150 3499 3323 3538 unum
3351 3475 3625 3549 numero,
3674 3484 3837 3537 omnim

2293 3578 2461 3632 etiam
2483 3586 2571 3632 est
2595 3590 2763 3630 unum
2809 3583 3032 3630 natura.
3070 3575 3141 3630 Et
3199 3590 3376 3629 unum
3412 3576 3836 3638 substantialis:

2294 3676 2380 3724 est
2407 3669 2635 3723 omnino
2672 3683 2845 3723 unum
2872 3681 3132 3722 numero.
3177 3666 3438 3736 Exempli
3497 3683 3670 3724 causa
3723 3682 3840 3720 nn-

2295 3758 2425 3813 dum
2443 3773 2761 3813 sumemus:
2797 3757 2889 3811 hic
2917 3766 3003 3812 est
3023 3771 3259 3812 numero
3289 3758 3538 3827 quidem
3576 3774 3743 3820 unus;
3769 3771 3842 3809 ut!

2295 3858 2483 3905 autem
2518 3858 2604 3906 est
2637 3864 2783 3904 unus
2811 3848 3347 3914 natura,sedinulta
3386 3865 3462 3905 ex
3505 3853 3713 3921 quibus
3745 3865 3844 3903 cnl-

2296 3942 2518 4012 positus
2543 3951 2662 3997 est:
2703 3955 2767 3996 ac
2802 3956 2998 3996 rursus
3036 3941 3226 4005 homo,
3256 3957 3406 3996 unus
3428 3944 3674 4012 quidem
3704 3951 3843 3996 611:2-

2300 4042 2457 4099 tura;
2515 4031 2772 4089 inﬁnitus
2809 4040 2998 4087 autem
3044 4047 3298 4087 numero.
3357 4033 3430 4090 Et
3477 4045 3677 4090 sancta
3731 4035 3844 4103 igitr:

2297 4126 2543 4180 Trinitas
2578 4141 2722 4180 unus
2744 4125 2892 4180 Deus
2919 4133 3008 4180 est
3050 4124 3388 4190 substantia,
3435 4141 3689 4182 numero
3716 4135 3842 4179 satis

2295 4218 2540 4274 Trinitas
2571 4218 2626 4272 in
2651 4218 2832 4285 Patre,
2865 4225 2922 4273 et
2958 4218 3120 4284 Filio,
3161 4227 3218 4272 ct
3242 4217 3460 4287 Spiritu
3485 4222 3846 4275 sanctor-14n-
3883 4213 3885 4287 Α

615 4316 768 4371 cnim
821 4313 976 4366 videt
1023 4312 1243 4366 Patrem
1294 4306 1613 4372 facientem,
1659 4303 1791 4358 facit
1839 4302 2042 4368 Filius;
2085 4317 2198 4357 non
2230 4311 2274 4365 D
2301 4318 2374 4378 ia,
2401 4318 2457 4366 et
2498 4309 2829 4381 ὁριζομένης
2863 4325 3157 4380 nunquam
3183 4318 3376 4364 autem
3403 4321 3710 4366 contracta
3749 4313 3846 4364 iam

606 4405 800 4478 qualia
824 4403 974 4466 facit,
1001 4399 1100 4456 sed
1141 4415 1264 4470 qua:
1297 4399 1448 4453 facit.

685 4497 757 4554 Χ.
795 4496 946 4551 Idem
976 4495 1045 4549 de
1073 4493 1284 4563 Spiritu
1319 4499 1512 4546 sancto
1539 4498 1595 4545 et
1633 4489 1915 4568 credimus
1936 4495 1993 4542 et
2020 4485 2195 4541 conﬁ-

608 4601 820 4652 temur,
849 4603 973 4643 esse
1005 4586 1218 4642 scilicet
1241 4583 1773 4640 consubstantialem
1800 4581 1949 4636 Patri
1972 4589 2028 4634 et
2057 4580 2198 4634 Filio

607 4693 675 4736 et
695 4689 1054 4744 coaitcrnum,
1086 4687 1277 4748 utpote
1305 4693 1526 4747 semper
1560 4675 1984 4731 coexsistentem
2007 4691 2020 4727 :
2046 4672 2196 4744 quod

608 4775 767 4832 enim
799 4783 884 4829 est
926 4770 1233 4828 secundum
1260 4769 1630 4825 substantiam
1659 4767 1821 4822 Pater
1851 4765 1946 4836 qui
1982 4766 2194 4835 genuit,

611 4865 875 4921 etFilius
902 4863 998 4934 qui
1047 4861 1270 4933 genitus
1296 4867 1406 4924 est,
1453 4859 1560 4914 hoc
1595 4859 1774 4928 ipsum
1825 4863 1912 4910 est
1957 4854 2198 4925 Spiritus

616 4967 882 5023 sanctus;
913 4964 970 5011 et
993 4956 1139 5010 sicut
1191 4953 1368 5008 Filius
1391 4967 1461 5007 ex
1505 4951 1690 5014 Patre,
1726 4949 1808 5003 sic
1848 4956 1904 5002 et
1958 4945 2202 5016 Spiritus

616 5061 851 5106 sanctus
870 5064 939 5105 ex
965 5048 1111 5103 Deo:
1137 5045 1228 5101 ille
1246 5043 1468 5114 quidem
1487 5043 1733 5114 genitus,
1764 5050 1815 5096 et
1846 5039 1973 5094 ideo
1998 5039 2199 5105 Filius;

617 5143 715 5198 hic
738 5148 926 5196 autem
977 5137 1304 5209 procedens,
1352 5145 1408 5189 et
1437 5142 1522 5189 est
1565 5133 1837 5203 Spiritus:
1876 5131 1961 5185 vel
2017 5132 2202 5200 potius

618 5229 922 5288 dicendum
947 5235 1053 5293 est,
1088 5227 1243 5282 illum
1262 5223 1486 5296 quidcm
1516 5223 1805 5294 generari,
1833 5221 1984 5276 hunc
2014 5230 2201 5274 autem

698 5348 740 5378 "
761 5346 921 5402 Joan.
946 5361 1002 5408 x,
1033 5343 1122 5400 '56.
1203 5343 1244 5374 ¹⁷
1267 5340 1400 5397 ibid.
1436 5339 1620 5394 57-58.
1734 5338 1777 5370 “'
1803 5338 1965 5408 Prov.
1990 5353 2102 5404 viii,
2127 5337 2218 5392 25.

622 5416 716 5473 26.
793 5407 1021 5473 "Joan.
1073 5430 1149 5480 iv,
1195 5411 1288 5468 24.
1364 5413 1409 5444 ²⁸
1439 5411 1646 5466 Thren.
1676 5425 1750 5475 iv,
1796 5407 1885 5463 20.

2302 4403 2660 4467 Trinitatem,
2708 4418 2813 4458 nec
2861 4402 2982 4458 fusa
3023 4411 3177 4457 extra
3233 4403 3378 4457 hanc
3396 4402 3468 4456 ad
3501 4405 3686 4460 alium
3715 4419 3850 4458 neae-

2301 4509 2462 4560 rum;
2496 4508 2609 4547 non
2647 4492 2796 4547 enim
2822 4491 2905 4546 fas
2937 4500 3023 4547 est
3063 4500 3160 4545 aut
3187 4492 3522 4547 dualitatem
3568 4495 3846 4562 intelliget:
3884 4537 3885 4556 η

2301 4579 2851 4650 autquaternitatem
2903 4579 3284 4644 introducere,
3339 4587 3436 4632 aut
3475 4595 3618 4635 cum
3659 4583 3854 4646 imm

2301 4673 2440 4728 stico
2487 4681 2692 4727 sancta:
2752 4671 3042 4726 Trinitatis
3089 4686 3326 4726 numero
3373 4674 3753 4744 conjungere,
3795 4688 3853 4723 at.

2301 4763 2512 4834 aliquid
2559 4780 2628 4819 ex
2663 4779 2730 4818 eo
2751 4763 2996 4818 demere.
3038 4763 3284 4818 Trinitas
3322 4763 3477 4818 enim
3511 4776 3610 4820 est
3671 4780 3854 4832 semita.

2307 4864 2419 4910 tota
2446 4855 2709 4921 creatrix,
2762 4862 2875 4910 tota
2921 4854 3228 4919 adoranda,
3283 4866 3574 4912 coaeterna
3622 4859 3747 4923 sibi,
3781 4857 3854 4910 sti:

2309 4948 2588 5002 increata:
2621 4955 2774 5001 creat
2817 4947 2989 5009 enim,
3029 4961 3141 5000 non
3201 4957 3450 5001 creatur:
3483 4949 3640 5004 nihil
3670 4966 3735 5004 ea
3765 4945 3858 5000 uti

2307 5039 2494 5107 quius,
2521 5043 2616 5090 aut
2645 5037 2921 5106 posterius
2949 5054 2962 5089 :
2994 5035 3127 5090 illud
3151 5035 3299 5091 enim
3324 5045 3450 5091 ante
3471 5048 3534 5092 et
3557 5052 3709 5110 post,
3727 5049 3858 5108 μιν

2310 5129 2578 5198 temporis
2598 5139 2761 5194 sunt;
2786 5129 2934 5182 Deus
2967 5137 3151 5183 autem
3177 5137 3492 5197 temporum
3520 5141 3760 5186 auctor:
3791 5142 3858 5180 iis:

2309 5221 2461 5276 enim
2488 5219 2591 5274 sub
2621 5227 2872 5289 tempore
2900 5231 3016 5274 est:
3067 5219 3411 5290 impossibile
3451 5230 3666 5278 autem
3688 5232 3766 5277 est
3794 5235 3859 5271 3.:-

2329 5335 2374 5370 "
2407 5337 2568 5392 Joan.
2598 5351 2688 5402 xv,
2715 5334 2808 5391 26.
2921 5336 2968 5368 “
2995 5336 3155 5393 Joan.
3183 5354 3295 5404 xw,
3329 5337 3422 5393 27.
3536 5341 3589 5373 ἰ
3623 5342 3780 5397 10a.
3807 5351 3859 5389 ιτ.

1905 5522 2140 5577 VAttUE
2184 5521 2592 5579 LECTIONES.

728 5625 756 5668 δ
783 5623 994 5690 Modum
1027 5623 1277 5695 ἔκληψιν.

1379 5632 1401 5661 ε
1439 5620 1627 5691 Ingen.
1664 5618 1823 5690 genit.
1859 5625 1908 5671 et
1942 5617 2152 5687 proced.
2188 5615 2506 5688 ὰγεννησία,
2551 5616 2825 5686 γέννησις,
2871 5613 3214 5685 ἐκπύρωσις.
