  <div class='ocr_page' id='page_1' title='image "/cluster/home/n/w/nwhite01/storage/ocr_20150623/89/pst.000005712953/666.png"; bbox 0 0 3910 6300; ppageno 0'>
   <div class='ocr_carea' id='block_1_1' title="bbox 132 255 260 321">
    <p class='ocr_par' dir='ltr' id='par_1_1' title="bbox 132 255 260 321">
     <span class='ocr_line' id='line_1_1' title="bbox 132 255 260 321; baseline -0.008 0"><span class='ocrx_word' id='word_1_1' title='bbox 132 255 260 321; x_wconf 80' lang='grc'><strong>1317</strong></span> 
     </span>
    </p>
   </div>
   <div class='ocr_carea' id='block_1_2' title="bbox 1147 243 2372 315">
    <p class='ocr_par' dir='ltr' id='par_1_2' title="bbox 1147 243 2372 315">
     <span class='ocr_line' id='line_1_2' title="bbox 1147 243 2372 315; baseline -0.005 0"><span class='ocrx_word' id='word_1_2' title='bbox 1147 252 1434 315; x_wconf 83' lang='lat' dir='ltr'><strong>ORATIO</strong></span> <span class='ocrx_word' id='word_1_3' title='bbox 1473 249 1522 313; x_wconf 87' lang='grc' dir='ltr'><strong>Ι.</strong></span> <span class='ocrx_word' id='word_1_4' title='bbox 1557 275 1619 288; x_wconf 91' lang='grc'><strong>·-</strong></span> <span class='ocrx_word' id='word_1_5' title='bbox 1650 243 1748 309; x_wconf 88' lang='lat' dir='ltr'><strong>DE</strong></span> <span class='ocrx_word' id='word_1_6' title='bbox 1789 248 1891 308; x_wconf 91' lang='lat' dir='ltr'><strong>SS.</strong></span> <span class='ocrx_word' id='word_1_7' title='bbox 1931 245 2372 310; x_wconf 81' lang='lat' dir='ltr'><strong>TRINITATE.</strong></span> 
     </span>
    </p>
   </div>
   <div class='ocr_carea' id='block_1_3' title="bbox 3246 243 3381 310">
    <p class='ocr_par' dir='ltr' id='par_1_3' title="bbox 3246 243 3381 310">
     <span class='ocr_line' id='line_1_3' title="bbox 3246 243 3381 310; baseline 0.022 -3"><span class='ocrx_word' id='word_1_8' title='bbox 3246 243 3381 310; x_wconf 75' lang='lat'><strong>1318</strong></span> 
     </span>
    </p>
   </div>
   <div class='ocr_carea' id='block_1_4' title="bbox 126 354 3384 442">
    <p class='ocr_par' dir='ltr' id='par_1_4' title="bbox 126 354 3384 442">
     <span class='ocr_line' id='line_1_4' title="bbox 126 354 3384 442; baseline -0.004 -17"><span class='ocrx_word' id='word_1_9' title='bbox 126 371 257 442; x_wconf 90' lang='lat' dir='ltr'><strong>quid</strong></span> <span class='ocrx_word' id='word_1_10' title='bbox 285 369 425 424; x_wconf 72' lang='lat' dir='ltr'><strong>intra</strong></span> <span class='ocrx_word' id='word_1_11' title='bbox 443 368 773 423; x_wconf 76' lang='lat' dir='ltr'><strong>Trinitatem</strong></span> <span class='ocrx_word' id='word_1_12' title='bbox 805 364 1156 436; x_wconf 83' lang='lat' dir='ltr'><strong>intelligere;</strong></span> <span class='ocrx_word' id='word_1_13' title='bbox 1194 361 1470 432; x_wconf 85' lang='lat' dir='ltr'><strong>siquidem</strong></span> <span class='ocrx_word' id='word_1_14' title='bbox 1551 356 1696 428; x_wconf 92' lang='lat' dir='ltr'><strong>quod</strong></span> <span class='ocrx_word' id='word_1_15' title='bbox 1730 364 1771 416; x_wconf 80' lang='grc' dir='ltr'>Α</span> <span class='ocrx_word' id='word_1_16' title='bbox 1801 355 2016 421; x_wconf 88' lang='lat' dir='ltr'><strong>uitatis,</strong></span> <span class='ocrx_word' id='word_1_17' title='bbox 2053 372 2162 411; x_wconf 87' lang='lat' dir='ltr'><strong>una</strong></span> <span class='ocrx_word' id='word_1_18' title='bbox 2201 356 2352 411; x_wconf 88' lang='lat' dir='ltr'><strong>enim</strong></span> <span class='ocrx_word' id='word_1_19' title='bbox 2381 364 2496 424; x_wconf 87' lang='lat' dir='ltr'><strong>est;</strong></span> <span class='ocrx_word' id='word_1_20' title='bbox 2549 363 2605 410; x_wconf 90' lang='lat' dir='ltr'><strong>at</strong></span> <span class='ocrx_word' id='word_1_21' title='bbox 2630 369 2740 410; x_wconf 92' lang='lat' dir='ltr'><strong>non</strong></span> <span class='ocrx_word' id='word_1_22' title='bbox 2777 354 2856 410; x_wconf 79' lang='lat' dir='ltr'><strong>sic</strong></span> <span class='ocrx_word' id='word_1_23' title='bbox 2900 363 2985 410; x_wconf 89' lang='lat' dir='ltr'><strong>est</strong></span> <span class='ocrx_word' id='word_1_24' title='bbox 3032 366 3286 427; x_wconf 87' lang='lat' dir='ltr'><strong>angusta,</strong></span> <span class='ocrx_word' id='word_1_25' title='bbox 3322 369 3384 413; x_wconf 89' lang='lat' dir='ltr'><strong>ut</strong></span> 
     </span>
    </p>
   </div>
   <div class='ocr_carea' id='block_1_5' title="bbox 125 452 1700 522">
    <p class='ocr_par' dir='ltr' id='par_1_5' title="bbox 125 452 1700 522">
     <span class='ocr_line' id='line_1_5' title="bbox 125 452 1700 522; baseline -0.008 -6"><span class='ocrx_word' id='word_1_26' title='bbox 125 462 267 516; x_wconf 84' lang='lat' dir='ltr'><strong>infra</strong></span> <span class='ocrx_word' id='word_1_27' title='bbox 292 460 654 516; x_wconf 78' lang='lat' dir='ltr'><strong>substantiam</strong></span> <span class='ocrx_word' id='word_1_28' title='bbox 677 458 1001 519; x_wconf 87' lang='lat' dir='ltr'><strong>collocatur,</strong></span> <span class='ocrx_word' id='word_1_29' title='bbox 1029 469 1214 510; x_wconf 85' lang='lat' dir='ltr'><strong>secum</strong></span> <span class='ocrx_word' id='word_1_30' title='bbox 1236 452 1406 507; x_wconf 80' lang='lat' dir='ltr'><strong>infert</strong></span> <span class='ocrx_word' id='word_1_31' title='bbox 1428 466 1550 522; x_wconf 64' lang='lat' dir='ltr'><strong>quas</strong></span> <span class='ocrx_word' id='word_1_32' title='bbox 1570 457 1700 504; x_wconf 90' lang='lat' dir='ltr'><strong>sunt</strong></span> 
     </span>
    </p>
   </div>
   <div class='ocr_carea' id='block_1_6' title="bbox 123 541 1699 624">
    <p class='ocr_par' dir='ltr' id='par_1_6' title="bbox 123 541 1699 624">
     <span class='ocr_line' id='line_1_6' title="bbox 123 541 1699 624; baseline -0.008 -15"><span class='ocrx_word' id='word_1_33' title='bbox 123 554 371 624; x_wconf 83' lang='lat' dir='ltr'><strong>ejusdem</strong></span> <span class='ocrx_word' id='word_1_34' title='bbox 444 551 790 608; x_wconf 74' lang='lat' dir='ltr'><strong>substantiae.</strong></span> <span class='ocrx_word' id='word_1_35' title='bbox 867 548 1078 603; x_wconf 84' lang='lat' dir='ltr'><strong>Idcirco</strong></span> <span class='ocrx_word' id='word_1_36' title='bbox 1135 545 1280 602; x_wconf 84' lang='lat' dir='ltr'><strong>nihil</strong></span> <span class='ocrx_word' id='word_1_37' title='bbox 1354 543 1570 598; x_wconf 87' lang='lat' dir='ltr'><strong>humile</strong></span> <span class='ocrx_word' id='word_1_38' title='bbox 1631 541 1699 597; x_wconf 90' lang='lat' dir='ltr'><strong>de</strong></span> 
     </span>
    </p>
   </div>
   <div class='ocr_carea' id='block_1_7' title="bbox 123 631 1703 707">
    <p class='ocr_par' dir='ltr' id='par_1_7' title="bbox 123 631 1703 707">
     <span class='ocr_line' id='line_1_7' title="bbox 123 631 1703 707; baseline -0.008 -10"><span class='ocrx_word' id='word_1_39' title='bbox 123 656 234 696; x_wconf 92' lang='lat' dir='ltr'><strong>uno</strong></span> <span class='ocrx_word' id='word_1_40' title='bbox 271 642 595 707; x_wconf 88' lang='lat' dir='ltr'><strong>sentiamus,</strong></span> <span class='ocrx_word' id='word_1_41' title='bbox 641 654 712 694; x_wconf 89' lang='lat' dir='ltr'><strong>ne</strong></span> <span class='ocrx_word' id='word_1_42' title='bbox 763 637 929 692; x_wconf 87' lang='lat' dir='ltr'><strong>simul</strong></span> <span class='ocrx_word' id='word_1_43' title='bbox 983 635 1195 690; x_wconf 86' lang='lat' dir='ltr'><strong>humile</strong></span> <span class='ocrx_word' id='word_1_44' title='bbox 1231 633 1532 688; x_wconf 85' lang='lat' dir='ltr'><strong>reddamus</strong></span> <span class='ocrx_word' id='word_1_45' title='bbox 1577 631 1703 686; x_wconf 88' lang='lat' dir='ltr'><strong>uni-</strong></span> 
     </span>
    </p>
   </div>
   <div class='ocr_carea' id='block_1_8' title="bbox 121 723 1700 801">
    <p class='ocr_par' dir='ltr' id='par_1_8' title="bbox 121 723 1700 801">
     <span class='ocr_line' id='line_1_8' title="bbox 121 723 1700 801; baseline -0.006 -14"><span class='ocrx_word' id='word_1_46' title='bbox 121 748 377 790; x_wconf 90' lang='lat' dir='ltr'><strong>versum:</strong></span> <span class='ocrx_word' id='word_1_47' title='bbox 401 747 514 788; x_wconf 89' lang='lat' dir='ltr'><strong>non</strong></span> <span class='ocrx_word' id='word_1_48' title='bbox 539 731 688 786; x_wconf 90' lang='lat' dir='ltr'><strong>enim</strong></span> <span class='ocrx_word' id='word_1_49' title='bbox 723 729 938 801; x_wconf 88' lang='lat' dir='ltr'><strong>patitur</strong></span> <span class='ocrx_word' id='word_1_50' title='bbox 974 729 1123 782; x_wconf 89' lang='lat' dir='ltr'><strong>Deus</strong></span> <span class='ocrx_word' id='word_1_51' title='bbox 1157 742 1188 782; x_wconf 92' lang='lat' dir='ltr'><strong>a</strong></span> <span class='ocrx_word' id='word_1_52' title='bbox 1235 723 1700 782; x_wconf 83' lang='lat' dir='ltr'><strong>consubstantiali</strong></span> 
     </span>
    </p>
   </div>
   <div class='ocr_carea' id='block_1_9' title="bbox 120 815 1700 894">
    <p class='ocr_par' dir='ltr' id='par_1_9' title="bbox 120 815 1700 894">
     <span class='ocr_line' id='line_1_9' title="bbox 120 815 1700 894; baseline -0.006 -15"><span class='ocrx_word' id='word_1_53' title='bbox 120 825 610 894; x_wconf 85' lang='lat' dir='ltr'><strong>separari;neque</strong></span> <span class='ocrx_word' id='word_1_54' title='bbox 655 822 889 894; x_wconf 76' lang='lat' dir='ltr'><strong>gloriam</strong></span> <span class='ocrx_word' id='word_1_55' title='bbox 939 819 1099 874; x_wconf 90' lang='lat' dir='ltr'><strong>ducit</strong></span> <span class='ocrx_word' id='word_1_56' title='bbox 1124 817 1370 873; x_wconf 88' lang='lat' dir='ltr'><strong>dedecus</strong></span> <span class='ocrx_word' id='word_1_57' title='bbox 1419 818 1562 887; x_wconf 88' lang='lat' dir='ltr'><strong>ejus,</strong></span> <span class='ocrx_word' id='word_1_58' title='bbox 1603 815 1700 885; x_wconf 91' lang='lat' dir='ltr'><strong>qui</strong></span> 
     </span>
    </p>
   </div>
   <div class='ocr_carea' id='block_1_10' title="bbox 117 909 1699 985">
    <p class='ocr_par' dir='ltr' id='par_1_10' title="bbox 117 909 1699 985">
     <span class='ocr_line' id='line_1_10' title="bbox 117 909 1699 985; baseline -0.005 -16"><span class='ocrx_word' id='word_1_59' title='bbox 117 929 244 969; x_wconf 88' lang='lat' dir='ltr'><strong>cum</strong></span> <span class='ocrx_word' id='word_1_60' title='bbox 275 915 426 985; x_wconf 91' lang='lat' dir='ltr'><strong>ipso:</strong></span> <span class='ocrx_word' id='word_1_61' title='bbox 457 924 543 971; x_wconf 91' lang='lat' dir='ltr'><strong>est</strong></span> <span class='ocrx_word' id='word_1_62' title='bbox 569 923 755 969; x_wconf 91' lang='lat' dir='ltr'><strong>autem</strong></span> <span class='ocrx_word' id='word_1_63' title='bbox 797 912 1042 968; x_wconf 87' lang='lat' dir='ltr'><strong>dedecus</strong></span> <span class='ocrx_word' id='word_1_64' title='bbox 1071 910 1205 965; x_wconf 94' lang='lat' dir='ltr'><strong>illud</strong></span> <span class='ocrx_word' id='word_1_65' title='bbox 1244 909 1480 981; x_wconf 83' lang='lat' dir='ltr'><strong>quando,</strong></span> <span class='ocrx_word' id='word_1_66' title='bbox 1509 916 1566 964; x_wconf 91' lang='lat' dir='ltr'><strong>et</strong></span> <span class='ocrx_word' id='word_1_67' title='bbox 1594 925 1699 962; x_wconf 86' lang='lat' dir='ltr'><strong>non</strong></span> 
     </span>
    </p>
   </div>
   <div class='ocr_carea' id='block_1_11' title="bbox 115 1001 1700 1070">
    <p class='ocr_par' dir='ltr' id='par_1_11' title="bbox 115 1001 1700 1070">
     <span class='ocr_line' id='line_1_11' title="bbox 115 1001 1700 1070; baseline 0 -16"><span class='ocrx_word' id='word_1_68' title='bbox 115 1010 252 1068; x_wconf 83' lang='lat' dir='ltr'><strong>crat,</strong></span> <span class='ocrx_word' id='word_1_69' title='bbox 275 1012 332 1057; x_wconf 93' lang='lat' dir='ltr'><strong>et</strong></span> <span class='ocrx_word' id='word_1_70' title='bbox 363 1013 624 1070; x_wconf 77' lang='lat' dir='ltr'><strong>creatum,</strong></span> <span class='ocrx_word' id='word_1_71' title='bbox 655 1011 714 1059; x_wconf 92' lang='lat' dir='ltr'><strong>et</strong></span> <span class='ocrx_word' id='word_1_72' title='bbox 746 1019 810 1057; x_wconf 78' lang='lat' dir='ltr'><strong>ea:</strong></span> <span class='ocrx_word' id='word_1_73' title='bbox 840 1018 944 1056; x_wconf 85' lang='lat' dir='ltr'><strong>non</strong></span> <span class='ocrx_word' id='word_1_74' title='bbox 979 1001 1383 1058; x_wconf 72' lang='lat' dir='ltr'><strong>exsistentibus:</strong></span> <span class='ocrx_word' id='word_1_75' title='bbox 1419 1015 1542 1068; x_wconf 75' lang='lat' dir='ltr'><strong>qua:</strong></span> <span class='ocrx_word' id='word_1_76' title='bbox 1569 1007 1700 1054; x_wconf 91' lang='lat' dir='ltr'><strong>sunt</strong></span> 
     </span>
    </p>
   </div>
   <div class='ocr_carea' id='block_1_12' title="bbox 116 1094 894 1165">
    <p class='ocr_par' dir='ltr' id='par_1_12' title="bbox 116 1094 894 1165">
     <span class='ocr_line' id='line_1_12' title="bbox 116 1094 894 1165; baseline 0 -17"><span class='ocrx_word' id='word_1_77' title='bbox 116 1094 300 1151; x_wconf 86' lang='lat' dir='ltr'><strong>omnia</strong></span> <span class='ocrx_word' id='word_1_78' title='bbox 319 1110 350 1149; x_wconf 93' lang='lat' dir='ltr'><strong>a</strong></span> <span class='ocrx_word' id='word_1_79' title='bbox 369 1095 542 1165; x_wconf 80' lang='lat' dir='ltr'><strong>gloria</strong></span> <span class='ocrx_word' id='word_1_80' title='bbox 564 1095 663 1150; x_wconf 91' lang='lat' dir='ltr'><strong>Dei</strong></span> <span class='ocrx_word' id='word_1_81' title='bbox 689 1095 894 1150; x_wconf 91' lang='lat' dir='ltr'><strong>aliena.</strong></span> 
     </span>
    </p>
   </div>
   <div class='ocr_carea' id='block_1_13' title="bbox 187 1184 1700 1256">
    <p class='ocr_par' dir='ltr' id='par_1_13' title="bbox 187 1184 1700 1256">
     <span class='ocr_line' id='line_1_13' title="bbox 187 1184 1700 1256; baseline -0.001 -17"><span class='ocrx_word' id='word_1_82' title='bbox 187 1184 301 1240; x_wconf 79' lang='lat' dir='ltr'><strong>XII.</strong></span> <span class='ocrx_word' id='word_1_83' title='bbox 330 1185 436 1251; x_wconf 85' lang='lat' dir='ltr'><strong>Qui</strong></span> <span class='ocrx_word' id='word_1_84' title='bbox 485 1186 659 1256; x_wconf 81' lang='lat' dir='ltr'><strong>igitur</strong></span> <span class='ocrx_word' id='word_1_85' title='bbox 706 1196 956 1241; x_wconf 90' lang='lat' dir='ltr'><strong>sanctam</strong></span> <span class='ocrx_word' id='word_1_86' title='bbox 989 1185 1322 1240; x_wconf 88' lang='lat' dir='ltr'><strong>Trinitatem</strong></span> <span class='ocrx_word' id='word_1_87' title='bbox 1369 1184 1542 1240; x_wconf 89' lang='lat' dir='ltr'><strong>Deum</strong></span> <span class='ocrx_word' id='word_1_88' title='bbox 1575 1197 1700 1239; x_wconf 88' lang='lat' dir='ltr'><strong>esse</strong></span> 
     </span>
    </p>
   </div>
   <div class='ocr_carea' id='block_1_14' title="bbox 117 1276 1698 1349">
    <p class='ocr_par' dir='ltr' id='par_1_14' title="bbox 117 1276 1698 1349">
     <span class='ocr_line' id='line_1_14' title="bbox 117 1276 1698 1349; baseline -0.001 -19"><span class='ocrx_word' id='word_1_89' title='bbox 117 1277 467 1348; x_wconf 89' lang='lat' dir='ltr'><strong>proﬁtemur,</strong></span> <span class='ocrx_word' id='word_1_90' title='bbox 493 1293 844 1349; x_wconf 59' lang='lat' dir='ltr'><strong>quacunque</strong></span> <span class='ocrx_word' id='word_1_91' title='bbox 871 1277 941 1333; x_wconf 91' lang='lat' dir='ltr'><strong>de</strong></span> <span class='ocrx_word' id='word_1_92' title='bbox 979 1278 1094 1333; x_wconf 92' lang='lat' dir='ltr'><strong>Deo</strong></span> <span class='ocrx_word' id='word_1_93' title='bbox 1121 1276 1291 1342; x_wconf 90' lang='lat' dir='ltr'><strong>dicta,</strong></span> <span class='ocrx_word' id='word_1_94' title='bbox 1317 1277 1524 1331; x_wconf 88' lang='lat' dir='ltr'><strong>absona</strong></span> <span class='ocrx_word' id='word_1_95' title='bbox 1546 1282 1698 1342; x_wconf 89' lang='lat' dir='ltr'><strong>sunt,</strong></span> 
     </span>
    </p>
   </div>
   <div class='ocr_carea' id='block_1_15' title="bbox 118 1367 1702 1440">
    <p class='ocr_par' dir='ltr' id='par_1_15' title="bbox 118 1367 1702 1440">
     <span class='ocr_line' id='line_1_15' title="bbox 118 1367 1702 1440; baseline 0.001 -19"><span class='ocrx_word' id='word_1_96' title='bbox 118 1368 258 1423; x_wconf 89' lang='lat' dir='ltr'><strong>nihil</strong></span> <span class='ocrx_word' id='word_1_97' title='bbox 311 1384 508 1425; x_wconf 89' lang='lat' dir='ltr'><strong>eorum</strong></span> <span class='ocrx_word' id='word_1_98' title='bbox 538 1386 609 1425; x_wconf 91' lang='lat' dir='ltr'><strong>ne</strong></span> <span class='ocrx_word' id='word_1_99' title='bbox 630 1370 942 1440; x_wconf 74' lang='lat' dir='ltr'><strong>cogitemus</strong></span> <span class='ocrx_word' id='word_1_100' title='bbox 977 1369 1227 1439; x_wconf 89' lang='lat' dir='ltr'><strong>quidem,</strong></span> <span class='ocrx_word' id='word_1_101' title='bbox 1269 1368 1476 1424; x_wconf 88' lang='lat' dir='ltr'><strong>nedum</strong></span> <span class='ocrx_word' id='word_1_102' title='bbox 1510 1367 1702 1438; x_wconf 88' lang='lat' dir='ltr'><strong>lingua</strong></span> 
     </span>
    </p>
   </div>
   <div class='ocr_carea' id='block_1_16' title="bbox 117 1461 1698 1531">
    <p class='ocr_par' dir='ltr' id='par_1_16' title="bbox 117 1461 1698 1531">
     <span class='ocr_line' id='line_1_16' title="bbox 117 1461 1698 1531; baseline -0.001 -15"><span class='ocrx_word' id='word_1_103' title='bbox 117 1461 436 1518; x_wconf 84' lang='lat' dir='ltr'><strong>eﬁ&#39;eramus.</strong></span> <span class='ocrx_word' id='word_1_104' title='bbox 460 1461 600 1518; x_wconf 88' lang='lat' dir='ltr'><strong>Cum</strong></span> <span class='ocrx_word' id='word_1_105' title='bbox 631 1471 869 1518; x_wconf 83' lang='lat' dir='ltr'><strong>testatur</strong></span> <span class='ocrx_word' id='word_1_106' title='bbox 889 1463 1039 1516; x_wconf 88' lang='lat' dir='ltr'><strong>Deus</strong></span> <span class='ocrx_word' id='word_1_107' title='bbox 1059 1461 1129 1517; x_wconf 92' lang='lat' dir='ltr'><strong>de</strong></span> <span class='ocrx_word' id='word_1_108' title='bbox 1157 1461 1299 1516; x_wconf 87' lang='lat' dir='ltr'><strong>Filio</strong></span> <span class='ocrx_word' id='word_1_109' title='bbox 1323 1478 1354 1516; x_wconf 93' lang='lat' dir='ltr'><strong>a</strong></span> <span class='ocrx_word' id='word_1_110' title='bbox 1381 1476 1441 1516; x_wconf 90' lang='lat' dir='ltr'><strong>se</strong></span> <span class='ocrx_word' id='word_1_111' title='bbox 1489 1461 1698 1531; x_wconf 89' lang='lat' dir='ltr'><strong>genito,</strong></span> 
     </span>
    </p>
   </div>
   <div class='ocr_carea' id='block_1_17' title="bbox 117 1550 1700 1622">
    <p class='ocr_par' dir='ltr' id='par_1_17' title="bbox 117 1550 1700 1622">
     <span class='ocr_line' id='line_1_17' title="bbox 117 1550 1700 1622; baseline -0.002 -17"><span class='ocrx_word' id='word_1_112' title='bbox 117 1550 267 1620; x_wconf 90' lang='lat' dir='ltr'><strong>quod</strong></span> <span class='ocrx_word' id='word_1_113' title='bbox 299 1567 364 1605; x_wconf 73' lang='lat' dir='ltr'><strong>ea:</strong></span> <span class='ocrx_word' id='word_1_114' title='bbox 387 1559 536 1605; x_wconf 85' lang='lat' dir='ltr'><strong>utero</strong></span> <span class='ocrx_word' id='word_1_115' title='bbox 565 1561 689 1605; x_wconf 86' lang='lat' dir='ltr'><strong>ante</strong></span> <span class='ocrx_word' id='word_1_116' title='bbox 717 1551 1018 1622; x_wconf 81' lang='lat' dir='ltr'><strong>Luciferum</strong></span> <span class='ocrx_word' id='word_1_117' title='bbox 1037 1551 1226 1622; x_wconf 88' lang='lat' dir='ltr'><strong>genuit</strong></span> <span class='ocrx_word' id='word_1_118' title='bbox 1247 1565 1376 1604; x_wconf 90' lang='lat' dir='ltr'><strong>eum</strong></span> <span class='ocrx_word' id='word_1_119' title='bbox 1393 1550 1463 1613; x_wconf 75' lang='lat'><strong>“,</strong></span> <span class='ocrx_word' id='word_1_120' title='bbox 1487 1559 1700 1603; x_wconf 82' lang='lat' dir='ltr'><strong>uterum</strong></span> 
     </span>
    </p>
   </div>
   <div class='ocr_carea' id='block_1_18' title="bbox 117 1641 1700 1713">
    <p class='ocr_par' dir='ltr' id='par_1_18' title="bbox 117 1641 1700 1713">
     <span class='ocr_line' id='line_1_18' title="bbox 117 1641 1700 1713; baseline 0 -17"><span class='ocrx_word' id='word_1_121' title='bbox 117 1641 366 1713; x_wconf 88' lang='lat' dir='ltr'><strong>intellige</strong></span> <span class='ocrx_word' id='word_1_122' title='bbox 387 1642 446 1696; x_wconf 90' lang='lat' dir='ltr'><strong>in</strong></span> <span class='ocrx_word' id='word_1_123' title='bbox 481 1643 704 1698; x_wconf 91' lang='lat' dir='ltr'><strong>occulto</strong></span> <span class='ocrx_word' id='word_1_124' title='bbox 728 1642 1071 1698; x_wconf 88' lang='lat' dir='ltr'><strong>reconditam</strong></span> <span class='ocrx_word' id='word_1_125' title='bbox 1108 1651 1166 1697; x_wconf 85' lang='lat' dir='ltr'><strong>et</strong></span> <span class='ocrx_word' id='word_1_126' title='bbox 1204 1641 1540 1696; x_wconf 71' lang='lat' dir='ltr'><strong>ineffabilem</strong></span> <span class='ocrx_word' id='word_1_127' title='bbox 1565 1642 1700 1696; x_wconf 92' lang='lat' dir='ltr'><strong>sub-</strong></span> 
     </span>
    </p>
   </div>
   <div class='ocr_carea' id='block_1_19' title="bbox 117 1708 1773 1801">
    <p class='ocr_par' dir='ltr' id='par_1_19' title="bbox 117 1708 1773 1801">
     <span class='ocr_line' id='line_1_19' title="bbox 117 1708 1773 1801; baseline 0.002 -19"><span class='ocrx_word' id='word_1_128' title='bbox 117 1708 416 1784; x_wconf 67' lang='lat' dir='ltr'><strong>stantiam:</strong></span> <span class='ocrx_word' id='word_1_129' title='bbox 443 1740 501 1786; x_wconf 94' lang='lat' dir='ltr'><strong>et</strong></span> <span class='ocrx_word' id='word_1_130' title='bbox 521 1746 719 1786; x_wconf 90' lang='lat' dir='ltr'><strong>rursus</strong></span> <span class='ocrx_word' id='word_1_131' title='bbox 751 1746 878 1786; x_wconf 90' lang='lat' dir='ltr'><strong>cum</strong></span> <span class='ocrx_word' id='word_1_132' title='bbox 899 1729 1035 1786; x_wconf 88' lang='lat' dir='ltr'><strong>dicit</strong></span> <span class='ocrx_word' id='word_1_133' title='bbox 1087 1730 1156 1787; x_wconf 85' lang='lat' dir='ltr'><strong>de</strong></span> <span class='ocrx_word' id='word_1_134' title='bbox 1200 1731 1415 1801; x_wconf 90' lang='lat' dir='ltr'><strong>Spiritu</strong></span> <span class='ocrx_word' id='word_1_135' title='bbox 1476 1739 1696 1796; x_wconf 91' lang='lat' dir='ltr'><strong>sancto,</strong></span> <span class='ocrx_word' id='word_1_136' title='bbox 1730 1708 1773 1763; x_wconf 75' lang='grc' dir='ltr'>Β</span> 
     </span>
    </p>
   </div>
   <div class='ocr_carea' id='block_1_20' title="bbox 117 1814 1702 1886">
    <p class='ocr_par' dir='ltr' id='par_1_20' title="bbox 117 1814 1702 1886">
     <span class='ocr_line' id='line_1_20' title="bbox 117 1814 1702 1886; baseline 0.003 -17"><span class='ocrx_word' id='word_1_137' title='bbox 117 1814 348 1886; x_wconf 74' lang='lat' dir='ltr'><strong>Spiritus</strong></span> <span class='ocrx_word' id='word_1_138' title='bbox 375 1834 406 1871; x_wconf 79' lang='grc' dir='ltr'><em>α</em></span> <span class='ocrx_word' id='word_1_139' title='bbox 429 1833 512 1871; x_wconf 86' lang='lat' dir='ltr'><strong>me</strong></span> <span class='ocrx_word' id='word_1_140' title='bbox 535 1819 691 1875; x_wconf 67' lang='lat' dir='ltr'><strong>exibit</strong></span> <span class='ocrx_word' id='word_1_141' title='bbox 723 1818 796 1884; x_wconf 81' lang='lat'><strong>&quot;;</strong></span> <span class='ocrx_word' id='word_1_142' title='bbox 824 1817 1078 1872; x_wconf 87' lang='lat' dir='ltr'><strong>Salvator</strong></span> <span class='ocrx_word' id='word_1_143' title='bbox 1127 1833 1258 1873; x_wconf 89' lang='lat' dir='ltr'><strong>vero</strong></span> <span class='ocrx_word' id='word_1_144' title='bbox 1302 1827 1494 1872; x_wconf 89' lang='lat' dir='ltr'><strong>noster</strong></span> <span class='ocrx_word' id='word_1_145' title='bbox 1541 1818 1702 1874; x_wconf 83' lang='lat' dir='ltr'><strong>Jesus</strong></span> 
     </span>
    </p>
   </div>
   <div class='ocr_carea' id='block_1_21' title="bbox 116 1906 1701 1978">
    <p class='ocr_par' dir='ltr' id='par_1_21' title="bbox 116 1906 1701 1978">
     <span class='ocr_line' id='line_1_21' title="bbox 116 1906 1701 1978; baseline 0.002 -17"><span class='ocrx_word' id='word_1_146' title='bbox 116 1906 185 1962; x_wconf 91' lang='lat' dir='ltr'><strong>de</strong></span> <span class='ocrx_word' id='word_1_147' title='bbox 210 1907 674 1964; x_wconf 87' lang='lat' dir='ltr'><strong>consubstantiali</strong></span> <span class='ocrx_word' id='word_1_148' title='bbox 705 1923 806 1964; x_wconf 93' lang='lat' dir='ltr'><strong>suo</strong></span> <span class='ocrx_word' id='word_1_149' title='bbox 831 1908 1120 1964; x_wconf 90' lang='lat' dir='ltr'><strong>Paraeleto</strong></span> <span class='ocrx_word' id='word_1_150' title='bbox 1149 1909 1247 1974; x_wconf 89' lang='lat' dir='ltr'><strong>ait,</strong></span> <span class='ocrx_word' id='word_1_151' title='bbox 1280 1910 1428 1978; x_wconf 91' lang='lat' dir='ltr'><strong>quod</strong></span> <span class='ocrx_word' id='word_1_152' title='bbox 1451 1926 1516 1963; x_wconf 85' lang='lat' dir='ltr'><strong>ea:</strong></span> <span class='ocrx_word' id='word_1_153' title='bbox 1538 1910 1701 1966; x_wconf 83' lang='lat' dir='ltr'><strong>Patre</strong></span> 
     </span>
    </p>
   </div>
   <div class='ocr_carea' id='block_1_22' title="bbox 115 1999 1702 2072">
    <p class='ocr_par' dir='ltr' id='par_1_22' title="bbox 115 1999 1702 2072">
     <span class='ocr_line' id='line_1_22' title="bbox 115 1999 1702 2072; baseline 0.003 -19"><span class='ocrx_word' id='word_1_154' title='bbox 115 1999 346 2068; x_wconf 89' lang='lat' dir='ltr'><strong>quidem</strong></span> <span class='ocrx_word' id='word_1_155' title='bbox 373 2002 610 2071; x_wconf 83' lang='lat' dir='ltr'><strong>procedit</strong></span> <span class='ocrx_word' id='word_1_156' title='bbox 634 2002 719 2068; x_wconf 81' lang='lat'><strong>“;</strong></span> <span class='ocrx_word' id='word_1_157' title='bbox 751 2002 956 2072; x_wconf 90' lang='lat' dir='ltr'><strong>accipit</strong></span> <span class='ocrx_word' id='word_1_158' title='bbox 984 2010 1170 2056; x_wconf 90' lang='lat' dir='ltr'><strong>autem</strong></span> <span class='ocrx_word' id='word_1_159' title='bbox 1209 2017 1274 2056; x_wconf 67' lang='lat' dir='ltr'><strong>ex</strong></span> <span class='ocrx_word' id='word_1_160' title='bbox 1301 2001 1466 2066; x_wconf 87' lang='lat' dir='ltr'><strong>Filio,</strong></span> <span class='ocrx_word' id='word_1_161' title='bbox 1515 2002 1702 2058; x_wconf 89' lang='lat' dir='ltr'><strong>omnia</strong></span> 
     </span>
    </p>
   </div>
   <div class='ocr_carea' id='block_1_23' title="bbox 111 2091 1702 2163">
    <p class='ocr_par' dir='ltr' id='par_1_23' title="bbox 111 2091 1702 2163">
     <span class='ocr_line' id='line_1_23' title="bbox 111 2091 1702 2163; baseline 0.003 -20"><span class='ocrx_word' id='word_1_162' title='bbox 111 2105 238 2158; x_wconf 77' lang='lat' dir='ltr'><strong>qua:</strong></span> <span class='ocrx_word' id='word_1_163' title='bbox 268 2091 454 2146; x_wconf 89' lang='lat' dir='ltr'><strong>Patris</strong></span> <span class='ocrx_word' id='word_1_164' title='bbox 492 2099 624 2148; x_wconf 92' lang='lat' dir='ltr'><strong>sunt</strong></span> <span class='ocrx_word' id='word_1_165' title='bbox 659 2093 725 2158; x_wconf 83' lang='lat'><strong>&quot;,</strong></span> <span class='ocrx_word' id='word_1_166' title='bbox 761 2093 868 2147; x_wconf 89' lang='lat' dir='ltr'><strong>sibi</strong></span> <span class='ocrx_word' id='word_1_167' title='bbox 920 2093 1144 2163; x_wconf 91' lang='lat' dir='ltr'><strong>propria</strong></span> <span class='ocrx_word' id='word_1_168' title='bbox 1201 2091 1441 2149; x_wconf 79' lang='lat' dir='ltr'><strong>faciente</strong></span> <span class='ocrx_word' id='word_1_169' title='bbox 1496 2103 1554 2150; x_wconf 90' lang='lat' dir='ltr'><strong>et</strong></span> <span class='ocrx_word' id='word_1_170' title='bbox 1599 2095 1702 2149; x_wconf 84' lang='lat' dir='ltr'><strong>ba-</strong></span> 
     </span>
    </p>
   </div>
   <div class='ocr_carea' id='block_1_24' title="bbox 114 2175 1702 2251">
    <p class='ocr_par' dir='ltr' id='par_1_24' title="bbox 114 2175 1702 2251">
     <span class='ocr_line' id='line_1_24' title="bbox 114 2175 1702 2251; baseline 0.006 -20"><span class='ocrx_word' id='word_1_171' title='bbox 114 2175 282 2235; x_wconf 89' lang='lat' dir='ltr'><strong>bente</strong></span> <span class='ocrx_word' id='word_1_172' title='bbox 318 2198 332 2233; x_wconf 90' lang='lat'><strong>:</strong></span> <span class='ocrx_word' id='word_1_173' title='bbox 362 2197 472 2235; x_wconf 89' lang='lat' dir='ltr'><strong>una</strong></span> <span class='ocrx_word' id='word_1_174' title='bbox 505 2196 745 2251; x_wconf 90' lang='lat' dir='ltr'><strong>namque</strong></span> <span class='ocrx_word' id='word_1_175' title='bbox 771 2182 1082 2237; x_wconf 89' lang='lat' dir='ltr'><strong>substantia</strong></span> <span class='ocrx_word' id='word_1_176' title='bbox 1123 2191 1230 2246; x_wconf 92' lang='lat' dir='ltr'><strong>est,</strong></span> <span class='ocrx_word' id='word_1_177' title='bbox 1263 2192 1321 2238; x_wconf 93' lang='lat' dir='ltr'><strong>et</strong></span> <span class='ocrx_word' id='word_1_178' title='bbox 1371 2184 1538 2239; x_wconf 88' lang='lat' dir='ltr'><strong>unius</strong></span> <span class='ocrx_word' id='word_1_179' title='bbox 1568 2186 1702 2240; x_wconf 86' lang='lat' dir='ltr'><strong>sub-</strong></span> 
     </span>
    </p>
   </div>
   <div class='ocr_carea' id='block_1_25' title="bbox 113 2269 1702 2346">
    <p class='ocr_par' dir='ltr' id='par_1_25' title="bbox 113 2269 1702 2346">
     <span class='ocr_line' id='line_1_25' title="bbox 113 2269 1702 2346; baseline 0.004 -23"><span class='ocrx_word' id='word_1_180' title='bbox 113 2269 335 2325; x_wconf 74' lang='lat' dir='ltr'><strong>stantia:</strong></span> <span class='ocrx_word' id='word_1_181' title='bbox 365 2271 684 2346; x_wconf 86' lang='lat' dir='ltr'><strong>communia</strong></span> <span class='ocrx_word' id='word_1_182' title='bbox 713 2271 933 2337; x_wconf 90' lang='lat' dir='ltr'><strong>omnia;</strong></span> <span class='ocrx_word' id='word_1_183' title='bbox 981 2274 1292 2327; x_wconf 88' lang='lat' dir='ltr'><strong>communis</strong></span> <span class='ocrx_word' id='word_1_184' title='bbox 1348 2289 1482 2329; x_wconf 88' lang='lat' dir='ltr'><strong>vero</strong></span> <span class='ocrx_word' id='word_1_185' title='bbox 1533 2275 1702 2330; x_wconf 90' lang='lat' dir='ltr'><strong>etiam</strong></span> 
     </span>
    </p>
   </div>
   <div class='ocr_carea' id='block_1_26' title="bbox 113 2360 1702 2434">
    <p class='ocr_par' dir='ltr' id='par_1_26' title="bbox 113 2360 1702 2434">
     <span class='ocr_line' id='line_1_26' title="bbox 113 2360 1702 2434; baseline 0.006 -22"><span class='ocrx_word' id='word_1_186' title='bbox 113 2360 426 2415; x_wconf 86' lang='lat' dir='ltr'><strong>substantia</strong></span> <span class='ocrx_word' id='word_1_187' title='bbox 453 2379 468 2416; x_wconf 93' lang='lat'><strong>:</strong></span> <span class='ocrx_word' id='word_1_188' title='bbox 500 2362 773 2416; x_wconf 88' lang='lat' dir='ltr'><strong>naturalis</strong></span> <span class='ocrx_word' id='word_1_189' title='bbox 792 2363 940 2416; x_wconf 90' lang='lat' dir='ltr'><strong>enim</strong></span> <span class='ocrx_word' id='word_1_190' title='bbox 964 2371 1048 2418; x_wconf 91' lang='lat' dir='ltr'><strong>est</strong></span> <span class='ocrx_word' id='word_1_191' title='bbox 1072 2363 1382 2418; x_wconf 90' lang='lat' dir='ltr'><strong>habitudo:</strong></span> <span class='ocrx_word' id='word_1_192' title='bbox 1409 2374 1603 2434; x_wconf 70' lang='lat' dir='ltr'><strong>etquae</strong></span> <span class='ocrx_word' id='word_1_193' title='bbox 1632 2365 1702 2421; x_wconf 87' lang='lat' dir='ltr'><strong>ad</strong></span> 
     </span>
    </p>
   </div>
   <div class='ocr_carea' id='block_1_27' title="bbox 107 2449 1702 2521">
    <p class='ocr_par' dir='ltr' id='par_1_27' title="bbox 107 2449 1702 2521">
     <span class='ocr_line' id='line_1_27' title="bbox 107 2449 1702 2521; baseline 0.006 -18"><span class='ocrx_word' id='word_1_194' title='bbox 107 2449 326 2519; x_wconf 81' lang='lat' dir='ltr'><strong>aliquid</strong></span> <span class='ocrx_word' id='word_1_195' title='bbox 383 2452 580 2521; x_wconf 88' lang='lat' dir='ltr'><strong>aliquo</strong></span> <span class='ocrx_word' id='word_1_196' title='bbox 635 2453 800 2508; x_wconf 87' lang='lat' dir='ltr'><strong>modo</strong></span> <span class='ocrx_word' id='word_1_197' title='bbox 830 2469 890 2508; x_wconf 91' lang='lat' dir='ltr'><strong>se</strong></span> <span class='ocrx_word' id='word_1_198' title='bbox 919 2454 1168 2520; x_wconf 89' lang='lat' dir='ltr'><strong>habent,</strong></span> <span class='ocrx_word' id='word_1_199' title='bbox 1206 2470 1397 2510; x_wconf 88' lang='lat' dir='ltr'><strong>secum</strong></span> <span class='ocrx_word' id='word_1_200' title='bbox 1450 2457 1702 2515; x_wconf 80' lang='lat' dir='ltr'><strong>inierunt</strong></span> 
     </span>
    </p>
   </div>
   <div class='ocr_carea' id='block_1_28' title="bbox 103 2541 1704 2612">
    <p class='ocr_par' dir='ltr' id='par_1_28' title="bbox 103 2541 1704 2612">
     <span class='ocr_line' id='line_1_28' title="bbox 103 2541 1704 2612; baseline 0.008 -18"><span class='ocrx_word' id='word_1_201' title='bbox 103 2541 212 2596; x_wconf 89' lang='lat' dir='ltr'><strong>alia</strong></span> <span class='ocrx_word' id='word_1_202' title='bbox 241 2541 313 2596; x_wconf 87' lang='lat' dir='ltr'><strong>ad</strong></span> <span class='ocrx_word' id='word_1_203' title='bbox 344 2558 477 2612; x_wconf 69' lang='lat' dir='ltr'><strong>quae</strong></span> <span class='ocrx_word' id='word_1_204' title='bbox 499 2545 821 2599; x_wconf 82' lang='lat' dir='ltr'><strong>naturaliter</strong></span> <span class='ocrx_word' id='word_1_205' title='bbox 851 2545 1061 2601; x_wconf 87' lang='lat' dir='ltr'><strong>habent</strong></span> <span class='ocrx_word' id='word_1_206' title='bbox 1087 2547 1500 2604; x_wconf 90' lang='lat' dir='ltr'><strong>habitudinem:</strong></span> <span class='ocrx_word' id='word_1_207' title='bbox 1533 2550 1704 2607; x_wconf 79' lang='lat' dir='ltr'><strong>infert</strong></span> 
     </span>
    </p>
   </div>
   <div class='ocr_carea' id='block_1_29' title="bbox 99 2636 1701 2707">
    <p class='ocr_par' dir='ltr' id='par_1_29' title="bbox 99 2636 1701 2707">
     <span class='ocr_line' id='line_1_29' title="bbox 99 2636 1701 2707; baseline 0.006 -18"><span class='ocrx_word' id='word_1_208' title='bbox 99 2648 235 2705; x_wconf 89' lang='lat' dir='ltr'><strong>ergo</strong></span> <span class='ocrx_word' id='word_1_209' title='bbox 287 2650 496 2690; x_wconf 83' lang='lat' dir='ltr'><strong>secum</strong></span> <span class='ocrx_word' id='word_1_210' title='bbox 531 2636 695 2692; x_wconf 90' lang='lat' dir='ltr'><strong>Pater</strong></span> <span class='ocrx_word' id='word_1_211' title='bbox 739 2638 973 2705; x_wconf 88' lang='lat' dir='ltr'><strong>Filium,</strong></span> <span class='ocrx_word' id='word_1_212' title='bbox 1027 2647 1085 2694; x_wconf 91' lang='lat' dir='ltr'><strong>et</strong></span> <span class='ocrx_word' id='word_1_213' title='bbox 1135 2639 1307 2694; x_wconf 85' lang='lat' dir='ltr'><strong>Filius</strong></span> <span class='ocrx_word' id='word_1_214' title='bbox 1344 2641 1586 2707; x_wconf 89' lang='lat' dir='ltr'><strong>Patrem,</strong></span> <span class='ocrx_word' id='word_1_215' title='bbox 1645 2649 1701 2698; x_wconf 91' lang='lat' dir='ltr'><strong>et</strong></span> 
     </span>
    </p>
   </div>
   <div class='ocr_carea' id='block_1_30' title="bbox 104 2727 1700 2800">
    <p class='ocr_par' dir='ltr' id='par_1_30' title="bbox 104 2727 1700 2800">
     <span class='ocr_line' id='line_1_30' title="bbox 104 2727 1700 2800; baseline 0.004 -20"><span class='ocrx_word' id='word_1_216' title='bbox 104 2727 247 2780; x_wconf 88' lang='lat' dir='ltr'><strong>alter</strong></span> <span class='ocrx_word' id='word_1_217' title='bbox 303 2727 430 2782; x_wconf 90' lang='lat' dir='ltr'><strong>sine</strong></span> <span class='ocrx_word' id='word_1_218' title='bbox 475 2727 654 2782; x_wconf 90' lang='lat' dir='ltr'><strong>altero</strong></span> <span class='ocrx_word' id='word_1_219' title='bbox 693 2727 930 2800; x_wconf 88' lang='lat' dir='ltr'><strong>intelligi</strong></span> <span class='ocrx_word' id='word_1_220' title='bbox 983 2744 1095 2784; x_wconf 91' lang='lat' dir='ltr'><strong>non</strong></span> <span class='ocrx_word' id='word_1_221' title='bbox 1150 2739 1362 2798; x_wconf 89' lang='lat' dir='ltr'><strong>potest:</strong></span> <span class='ocrx_word' id='word_1_222' title='bbox 1414 2731 1520 2786; x_wconf 88' lang='lat' dir='ltr'><strong>nisi</strong></span> <span class='ocrx_word' id='word_1_223' title='bbox 1551 2731 1700 2787; x_wconf 90' lang='lat' dir='ltr'><strong>enim</strong></span> 
     </span>
    </p>
   </div>
   <div class='ocr_carea' id='block_1_31' title="bbox 106 2819 1704 2889">
    <p class='ocr_par' dir='ltr' id='par_1_31' title="bbox 106 2819 1704 2889">
     <span class='ocr_line' id='line_1_31' title="bbox 106 2819 1704 2889; baseline 0.004 -16"><span class='ocrx_word' id='word_1_224' title='bbox 106 2819 283 2875; x_wconf 89' lang='lat' dir='ltr'><strong>Filius</strong></span> <span class='ocrx_word' id='word_1_225' title='bbox 323 2819 418 2885; x_wconf 91' lang='lat' dir='ltr'><strong>sit,</strong></span> <span class='ocrx_word' id='word_1_226' title='bbox 466 2819 690 2889; x_wconf 80' lang='lat' dir='ltr'><strong>penitus</strong></span> <span class='ocrx_word' id='word_1_227' title='bbox 719 2819 883 2874; x_wconf 90' lang='lat' dir='ltr'><strong>Pater</strong></span> <span class='ocrx_word' id='word_1_228' title='bbox 918 2835 1031 2874; x_wconf 89' lang='lat' dir='ltr'><strong>non</strong></span> <span class='ocrx_word' id='word_1_229' title='bbox 1061 2821 1190 2875; x_wconf 92' lang='lat' dir='ltr'><strong>erit.</strong></span> <span class='ocrx_word' id='word_1_230' title='bbox 1232 2821 1369 2888; x_wconf 85' lang='lat' dir='ltr'><strong>Quis</strong></span> <span class='ocrx_word' id='word_1_231' title='bbox 1411 2823 1560 2878; x_wconf 92' lang='lat' dir='ltr'><strong>enim</strong></span> <span class='ocrx_word' id='word_1_232' title='bbox 1595 2824 1704 2879; x_wconf 90' lang='lat' dir='ltr'><strong>erit</strong></span> 
     </span>
    </p>
   </div>
   <div class='ocr_carea' id='block_1_32' title="bbox 106 2909 1696 2980">
    <p class='ocr_par' dir='ltr' id='par_1_32' title="bbox 106 2909 1696 2980">
     <span class='ocr_line' id='line_1_32' title="bbox 106 2909 1696 2980; baseline 0.001 -14"><span class='ocrx_word' id='word_1_233' title='bbox 106 2911 292 2976; x_wconf 86' lang='lat' dir='ltr'><strong>Pater,</strong></span> <span class='ocrx_word' id='word_1_234' title='bbox 305 2912 353 2967; x_wconf 92' lang='lat' dir='ltr'><strong>si</strong></span> <span class='ocrx_word' id='word_1_235' title='bbox 380 2927 503 2966; x_wconf 90' lang='lat' dir='ltr'><strong>non</strong></span> <span class='ocrx_word' id='word_1_236' title='bbox 526 2911 602 2966; x_wconf 91' lang='lat' dir='ltr'><strong>sit</strong></span> <span class='ocrx_word' id='word_1_237' title='bbox 627 2909 837 2966; x_wconf 88' lang='lat' dir='ltr'><strong>Filius?</strong></span> <span class='ocrx_word' id='word_1_238' title='bbox 860 2918 917 2966; x_wconf 93' lang='lat' dir='ltr'><strong>et</strong></span> <span class='ocrx_word' id='word_1_239' title='bbox 945 2926 1143 2966; x_wconf 91' lang='lat' dir='ltr'><strong>rursus</strong></span> <span class='ocrx_word' id='word_1_240' title='bbox 1172 2911 1454 2980; x_wconf 90' lang='lat' dir='ltr'><strong>quomodo</strong></span> <span class='ocrx_word' id='word_1_241' title='bbox 1503 2913 1696 2978; x_wconf 87' lang='lat' dir='ltr'><strong>Filius,</strong></span> 
     </span>
    </p>
   </div>
   <div class='ocr_carea' id='block_1_33' title="bbox 1803 446 3386 519">
    <p class='ocr_par' dir='ltr' id='par_1_33' title="bbox 1803 446 3386 519">
     <span class='ocr_line' id='line_1_33' title="bbox 1803 446 3386 519; baseline 0.003 -19"><span class='ocrx_word' id='word_1_242' title='bbox 1803 462 1914 502; x_wconf 91' lang='lat' dir='ltr'><strong>una</strong></span> <span class='ocrx_word' id='word_1_243' title='bbox 1969 446 2284 519; x_wconf 85' lang='lat' dir='ltr'><strong>hypostasis</strong></span> <span class='ocrx_word' id='word_1_244' title='bbox 2311 446 2624 502; x_wconf 83' lang='lat' dir='ltr'><strong>divinitatis</strong></span> <span class='ocrx_word' id='word_1_245' title='bbox 2675 447 3208 503; x_wconf 86' lang='lat' dir='ltr'><strong>circumscribatur:</strong></span> <span class='ocrx_word' id='word_1_246' title='bbox 3260 465 3386 519; x_wconf 67' lang='lat' dir='ltr'><strong>qua:</strong></span> 
     </span>
    </p>
   </div>
   <div class='ocr_carea' id='block_1_34' title="bbox 1801 539 3383 610">
    <p class='ocr_par' dir='ltr' id='par_1_34' title="bbox 1801 539 3383 610">
     <span class='ocr_line' id='line_1_34' title="bbox 1801 539 3383 610; baseline 0.001 -17"><span class='ocrx_word' id='word_1_247' title='bbox 1801 554 1911 593; x_wconf 88' lang='lat' dir='ltr'><strong>una</strong></span> <span class='ocrx_word' id='word_1_248' title='bbox 1941 539 2168 608; x_wconf 89' lang='lat' dir='ltr'><strong>quidem</strong></span> <span class='ocrx_word' id='word_1_249' title='bbox 2202 547 2309 604; x_wconf 91' lang='lat' dir='ltr'><strong>est,</strong></span> <span class='ocrx_word' id='word_1_250' title='bbox 2337 547 2398 594; x_wconf 92' lang='lat' dir='ltr'><strong>ut</strong></span> <span class='ocrx_word' id='word_1_251' title='bbox 2425 539 2726 604; x_wconf 84' lang='lat' dir='ltr'><strong>divinitas;</strong></span> <span class='ocrx_word' id='word_1_252' title='bbox 2756 547 2817 593; x_wconf 90' lang='lat' dir='ltr'><strong>ut</strong></span> <span class='ocrx_word' id='word_1_253' title='bbox 2869 547 3052 594; x_wconf 91' lang='lat' dir='ltr'><strong>autem</strong></span> <span class='ocrx_word' id='word_1_254' title='bbox 3089 549 3216 595; x_wconf 91' lang='lat' dir='ltr'><strong>sunt</strong></span> <span class='ocrx_word' id='word_1_255' title='bbox 3251 555 3383 610; x_wconf 87' lang='lat' dir='ltr'><strong>pro-</strong></span> 
     </span>
    </p>
   </div>
   <div class='ocr_carea' id='block_1_35' title="bbox 1800 631 3387 702">
    <p class='ocr_par' dir='ltr' id='par_1_35' title="bbox 1800 631 3387 702">
     <span class='ocr_line' id='line_1_35' title="bbox 1800 631 3387 702; baseline 0.001 -17"><span class='ocrx_word' id='word_1_256' title='bbox 1800 631 2067 701; x_wconf 90' lang='lat' dir='ltr'><strong>prietates</strong></span> <span class='ocrx_word' id='word_1_257' title='bbox 2083 631 2550 686; x_wconf 66' lang='lat' dir='ltr'><strong>characteristica:</strong></span> <span class='ocrx_word' id='word_1_258' title='bbox 2563 646 2946 701; x_wconf 88' lang='lat' dir='ltr'><strong>personarum,</strong></span> <span class='ocrx_word' id='word_1_259' title='bbox 2967 631 3022 686; x_wconf 92' lang='lat' dir='ltr'><strong>id</strong></span> <span class='ocrx_word' id='word_1_260' title='bbox 3040 640 3144 697; x_wconf 92' lang='lat' dir='ltr'><strong>est,</strong></span> <span class='ocrx_word' id='word_1_261' title='bbox 3166 631 3387 702; x_wconf 61' lang='lat' dir='ltr'><strong>signan«</strong></span> 
     </span>
    </p>
   </div>
   <div class='ocr_carea' id='block_1_36' title="bbox 1805 722 3382 793">
    <p class='ocr_par' dir='ltr' id='par_1_36' title="bbox 1805 722 3382 793">
     <span class='ocr_line' id='line_1_36' title="bbox 1805 722 3382 793; baseline -0.002 -15"><span class='ocrx_word' id='word_1_262' title='bbox 1805 734 1889 778; x_wconf 92' lang='lat' dir='ltr'><strong>tes</strong></span> <span class='ocrx_word' id='word_1_263' title='bbox 1911 738 2198 793; x_wconf 83' lang='lat' dir='ltr'><strong>personas,</strong></span> <span class='ocrx_word' id='word_1_264' title='bbox 2227 731 2340 777; x_wconf 91' lang='lat' dir='ltr'><strong>tres</strong></span> <span class='ocrx_word' id='word_1_265' title='bbox 2361 730 2522 777; x_wconf 90' lang='lat' dir='ltr'><strong>sunt:</strong></span> <span class='ocrx_word' id='word_1_266' title='bbox 2553 730 2640 777; x_wconf 91' lang='lat' dir='ltr'><strong>est</strong></span> <span class='ocrx_word' id='word_1_267' title='bbox 2670 722 2817 776; x_wconf 92' lang='lat' dir='ltr'><strong>enim</strong></span> <span class='ocrx_word' id='word_1_268' title='bbox 2852 722 3038 786; x_wconf 90' lang='lat' dir='ltr'><strong>Pater,</strong></span> <span class='ocrx_word' id='word_1_269' title='bbox 3071 723 3253 786; x_wconf 90' lang='lat' dir='ltr'><strong>Pater,</strong></span> <span class='ocrx_word' id='word_1_270' title='bbox 3286 722 3382 792; x_wconf 92' lang='lat' dir='ltr'><strong>qui</strong></span> 
     </span>
    </p>
   </div>
   <div class='ocr_carea' id='block_1_37' title="bbox 1802 814 3394 884">
    <p class='ocr_par' dir='ltr' id='par_1_37' title="bbox 1802 814 3394 884">
     <span class='ocr_line' id='line_1_37' title="bbox 1802 814 3394 884; baseline -0.001 -15"><span class='ocrx_word' id='word_1_271' title='bbox 1802 829 1916 870; x_wconf 89' lang='lat' dir='ltr'><strong>non</strong></span> <span class='ocrx_word' id='word_1_272' title='bbox 1949 815 2175 884; x_wconf 90' lang='lat' dir='ltr'><strong>quidem</strong></span> <span class='ocrx_word' id='word_1_273' title='bbox 2230 815 2405 869; x_wconf 86' lang='lat' dir='ltr'><strong>Filius</strong></span> <span class='ocrx_word' id='word_1_274' title='bbox 2433 823 2542 880; x_wconf 90' lang='lat' dir='ltr'><strong>est,</strong></span> <span class='ocrx_word' id='word_1_275' title='bbox 2603 815 2753 868; x_wconf 90' lang='lat' dir='ltr'><strong>Deus</strong></span> <span class='ocrx_word' id='word_1_276' title='bbox 2782 829 2913 868; x_wconf 90' lang='lat' dir='ltr'><strong>vero</strong></span> <span class='ocrx_word' id='word_1_277' title='bbox 2942 823 3060 868; x_wconf 91' lang='lat' dir='ltr'><strong>est:</strong></span> <span class='ocrx_word' id='word_1_278' title='bbox 3114 821 3169 867; x_wconf 90' lang='lat' dir='ltr'><strong>et</strong></span> <span class='ocrx_word' id='word_1_279' title='bbox 3212 814 3394 868; x_wconf 47' lang='lat' dir='ltr'><strong>Filius.</strong></span> 
     </span>
    </p>
   </div>
   <div class='ocr_carea' id='block_1_38' title="bbox 1803 905 3394 976">
    <p class='ocr_par' dir='ltr' id='par_1_38' title="bbox 1803 905 3394 976">
     <span class='ocr_line' id='line_1_38' title="bbox 1803 905 3394 976; baseline -0.003 -13"><span class='ocrx_word' id='word_1_280' title='bbox 1803 907 2066 963; x_wconf 89' lang='lat' dir='ltr'><strong>similiter</strong></span> <span class='ocrx_word' id='word_1_281' title='bbox 2099 907 2299 972; x_wconf 89' lang='lat' dir='ltr'><strong>Filius,</strong></span> <span class='ocrx_word' id='word_1_282' title='bbox 2330 906 2425 976; x_wconf 92' lang='lat' dir='ltr'><strong>qui</strong></span> <span class='ocrx_word' id='word_1_283' title='bbox 2455 920 2570 960; x_wconf 89' lang='lat' dir='ltr'><strong>non</strong></span> <span class='ocrx_word' id='word_1_284' title='bbox 2603 905 2829 975; x_wconf 86' lang='lat' dir='ltr'><strong>quidem</strong></span> <span class='ocrx_word' id='word_1_285' title='bbox 2865 905 3032 960; x_wconf 91' lang='lat' dir='ltr'><strong>Pater</strong></span> <span class='ocrx_word' id='word_1_286' title='bbox 3090 913 3198 967; x_wconf 93' lang='lat' dir='ltr'><strong>est,</strong></span> <span class='ocrx_word' id='word_1_287' title='bbox 3238 905 3394 959; x_wconf 84' lang='lat' dir='ltr'><strong>Deus</strong></span> 
     </span>
    </p>
   </div>
   <div class='ocr_carea' id='block_1_39' title="bbox 1803 995 3384 1066">
    <p class='ocr_par' dir='ltr' id='par_1_39' title="bbox 1803 995 3384 1066">
     <span class='ocr_line' id='line_1_39' title="bbox 1803 995 3384 1066; baseline -0.001 -16"><span class='ocrx_word' id='word_1_288' title='bbox 1803 1006 1988 1051; x_wconf 91' lang='lat' dir='ltr'><strong>tamen</strong></span> <span class='ocrx_word' id='word_1_289' title='bbox 2013 1005 2098 1051; x_wconf 91' lang='lat' dir='ltr'><strong>est</strong></span> <span class='ocrx_word' id='word_1_290' title='bbox 2131 1013 2144 1050; x_wconf 91' lang='lat'><strong>:</strong></span> <span class='ocrx_word' id='word_1_291' title='bbox 2174 1004 2231 1051; x_wconf 91' lang='lat' dir='ltr'><strong>et</strong></span> <span class='ocrx_word' id='word_1_292' title='bbox 2261 995 2504 1066; x_wconf 90' lang='lat' dir='ltr'><strong>Spiritus</strong></span> <span class='ocrx_word' id='word_1_293' title='bbox 2527 1003 2752 1050; x_wconf 89' lang='lat' dir='ltr'><strong>sanctus</strong></span> <span class='ocrx_word' id='word_1_294' title='bbox 2781 1010 2963 1064; x_wconf 90' lang='lat' dir='ltr'><strong>neque</strong></span> <span class='ocrx_word' id='word_1_295' title='bbox 2991 996 3176 1059; x_wconf 90' lang='lat' dir='ltr'><strong>Pater,</strong></span> <span class='ocrx_word' id='word_1_296' title='bbox 3201 1009 3384 1064; x_wconf 87' lang='lat' dir='ltr'><strong>neque</strong></span> 
     </span>
    </p>
   </div>
   <div class='ocr_carea' id='block_1_40' title="bbox 1804 1085 3386 1157">
    <p class='ocr_par' dir='ltr' id='par_1_40' title="bbox 1804 1085 3386 1157">
     <span class='ocr_line' id='line_1_40' title="bbox 1804 1085 3386 1157; baseline -0.003 -14"><span class='ocrx_word' id='word_1_297' title='bbox 1804 1088 1979 1144; x_wconf 91' lang='lat' dir='ltr'><strong>Filius</strong></span> <span class='ocrx_word' id='word_1_298' title='bbox 2005 1096 2111 1153; x_wconf 92' lang='lat' dir='ltr'><strong>est,</strong></span> <span class='ocrx_word' id='word_1_299' title='bbox 2138 1087 2233 1142; x_wconf 90' lang='lat' dir='ltr'><strong>sed</strong></span> <span class='ocrx_word' id='word_1_300' title='bbox 2258 1089 2325 1153; x_wconf 90' lang='lat' dir='ltr'><strong>is,</strong></span> <span class='ocrx_word' id='word_1_301' title='bbox 2355 1087 2451 1157; x_wconf 93' lang='lat' dir='ltr'><strong>qui</strong></span> <span class='ocrx_word' id='word_1_302' title='bbox 2481 1087 2686 1141; x_wconf 88' lang='lat' dir='ltr'><strong>dicitur</strong></span> <span class='ocrx_word' id='word_1_303' title='bbox 2707 1085 2949 1155; x_wconf 89' lang='lat' dir='ltr'><strong>Spiritus</strong></span> <span class='ocrx_word' id='word_1_304' title='bbox 2975 1093 3221 1149; x_wconf 87' lang='lat' dir='ltr'><strong>sanctus,</strong></span> <span class='ocrx_word' id='word_1_305' title='bbox 3239 1085 3386 1139; x_wconf 86' lang='lat' dir='ltr'><strong>Deus</strong></span> 
     </span>
    </p>
   </div>
   <div class='ocr_carea' id='block_1_41' title="bbox 1800 1177 3394 1250">
    <p class='ocr_par' dir='ltr' id='par_1_41' title="bbox 1800 1177 3394 1250">
     <span class='ocr_line' id='line_1_41' title="bbox 1800 1177 3394 1250; baseline -0.001 -17"><span class='ocrx_word' id='word_1_306' title='bbox 1800 1195 1968 1235; x_wconf 87' lang='lat' dir='ltr'><strong>verus</strong></span> <span class='ocrx_word' id='word_1_307' title='bbox 1997 1188 2120 1234; x_wconf 90' lang='lat' dir='ltr'><strong>est:</strong></span> <span class='ocrx_word' id='word_1_308' title='bbox 2147 1179 2296 1250; x_wconf 87' lang='lat' dir='ltr'><strong>quod</strong></span> <span class='ocrx_word' id='word_1_309' title='bbox 2333 1178 2482 1233; x_wconf 88' lang='lat' dir='ltr'><strong>enim</strong></span> <span class='ocrx_word' id='word_1_310' title='bbox 2513 1186 2600 1233; x_wconf 92' lang='lat' dir='ltr'><strong>est</strong></span> <span class='ocrx_word' id='word_1_311' title='bbox 2641 1177 2956 1232; x_wconf 89' lang='lat' dir='ltr'><strong>substantia</strong></span> <span class='ocrx_word' id='word_1_312' title='bbox 2993 1177 3394 1246; x_wconf 80' lang='lat' dir='ltr'><strong>unusquisque</strong></span> 
     </span>
    </p>
   </div>
   <div class='ocr_carea' id='block_1_42' title="bbox 1801 1268 3388 1343">
    <p class='ocr_par' dir='ltr' id='par_1_42' title="bbox 1801 1268 3388 1343">
     <span class='ocr_line' id='line_1_42' title="bbox 1801 1268 3388 1343; baseline -0.002 -16"><span class='ocrx_word' id='word_1_313' title='bbox 1801 1287 1995 1327; x_wconf 91' lang='lat' dir='ltr'><strong>eorum</strong></span> <span class='ocrx_word' id='word_1_314' title='bbox 2020 1273 2115 1343; x_wconf 92' lang='lat' dir='ltr'><strong>qui</strong></span> <span class='ocrx_word' id='word_1_315' title='bbox 2172 1271 2306 1327; x_wconf 92' lang='lat' dir='ltr'><strong>dicti</strong></span> <span class='ocrx_word' id='word_1_316' title='bbox 2343 1281 2494 1336; x_wconf 91' lang='lat' dir='ltr'><strong>sunt,</strong></span> <span class='ocrx_word' id='word_1_317' title='bbox 2534 1273 2640 1326; x_wconf 88' lang='lat' dir='ltr'><strong>hoc</strong></span> <span class='ocrx_word' id='word_1_318' title='bbox 2692 1279 2822 1325; x_wconf 90' lang='lat' dir='ltr'><strong>sunt</strong></span> <span class='ocrx_word' id='word_1_319' title='bbox 2850 1270 2946 1340; x_wconf 93' lang='lat' dir='ltr'><strong>qui</strong></span> <span class='ocrx_word' id='word_1_320' title='bbox 2979 1268 3142 1325; x_wconf 91' lang='lat' dir='ltr'><strong>simul</strong></span> <span class='ocrx_word' id='word_1_321' title='bbox 3201 1269 3388 1324; x_wconf 82' lang='lat' dir='ltr'><strong>nomi-</strong></span> 
     </span>
    </p>
   </div>
   <div class='ocr_carea' id='block_1_43' title="bbox 1802 1360 3382 1432">
    <p class='ocr_par' dir='ltr' id='par_1_43' title="bbox 1802 1360 3382 1432">
     <span class='ocr_line' id='line_1_43' title="bbox 1802 1360 3382 1432; baseline -0.001 -14"><span class='ocrx_word' id='word_1_322' title='bbox 1802 1373 2028 1428; x_wconf 90' lang='lat' dir='ltr'><strong>nantur,</strong></span> <span class='ocrx_word' id='word_1_323' title='bbox 2055 1373 2110 1418; x_wconf 93' lang='lat' dir='ltr'><strong>et</strong></span> <span class='ocrx_word' id='word_1_324' title='bbox 2139 1363 2304 1418; x_wconf 88' lang='lat' dir='ltr'><strong>simul</strong></span> <span class='ocrx_word' id='word_1_325' title='bbox 2338 1372 2494 1417; x_wconf 90' lang='lat' dir='ltr'><strong>sunt:</strong></span> <span class='ocrx_word' id='word_1_326' title='bbox 2525 1363 2676 1417; x_wconf 89' lang='lat' dir='ltr'><strong>circa</strong></span> <span class='ocrx_word' id='word_1_327' title='bbox 2701 1376 2969 1432; x_wconf 89' lang='lat' dir='ltr'><strong>personas</strong></span> <span class='ocrx_word' id='word_1_328' title='bbox 2993 1361 3142 1416; x_wconf 89' lang='lat' dir='ltr'><strong>enim</strong></span> <span class='ocrx_word' id='word_1_329' title='bbox 3167 1360 3382 1416; x_wconf 80' lang='lat' dir='ltr'><strong>estdif-</strong></span> 
     </span>
    </p>
   </div>
   <div class='ocr_carea' id='block_1_44' title="bbox 1801 1445 2795 1519">
    <p class='ocr_par' dir='ltr' id='par_1_44' title="bbox 1801 1445 2795 1519">
     <span class='ocr_line' id='line_1_44' title="bbox 1801 1445 2795 1519; baseline -0.002 -9"><span class='ocrx_word' id='word_1_330' title='bbox 1801 1453 2058 1519; x_wconf 80' lang='lat' dir='ltr'><strong>ferentia,</strong></span> <span class='ocrx_word' id='word_1_331' title='bbox 2078 1470 2190 1508; x_wconf 90' lang='lat' dir='ltr'><strong>non</strong></span> <span class='ocrx_word' id='word_1_332' title='bbox 2224 1445 2377 1509; x_wconf 88' lang='lat' dir='ltr'><strong>circa</strong></span> <span class='ocrx_word' id='word_1_333' title='bbox 2405 1454 2795 1508; x_wconf 89' lang='lat' dir='ltr'><strong>substantiam.</strong></span> 
     </span>
    </p>
   </div>
   <div class='ocr_carea' id='block_1_45' title="bbox 1873 1533 3393 1617">
    <p class='ocr_par' dir='ltr' id='par_1_45' title="bbox 1873 1533 3393 1617">
     <span class='ocr_line' id='line_1_45' title="bbox 1873 1533 3393 1617; baseline -0.001 -17"><span class='ocrx_word' id='word_1_334' title='bbox 1873 1547 2017 1603; x_wconf 79' lang='lat' dir='ltr'><strong>Xlll.</strong></span> <span class='ocrx_word' id='word_1_335' title='bbox 2049 1546 2208 1612; x_wconf 84' lang='lat' dir='ltr'><strong>Quod</strong></span> <span class='ocrx_word' id='word_1_336' title='bbox 2263 1561 2397 1617; x_wconf 86' lang='lat' dir='ltr'><strong>ergo</strong></span> <span class='ocrx_word' id='word_1_337' title='bbox 2442 1533 2531 1601; x_wconf 83' lang='lat' dir='ltr'><strong>est</strong></span> <span class='ocrx_word' id='word_1_338' title='bbox 2564 1546 2728 1601; x_wconf 86' lang='lat' dir='ltr'><strong>Pater</strong></span> <span class='ocrx_word' id='word_1_339' title='bbox 2765 1545 2862 1616; x_wconf 92' lang='lat' dir='ltr'><strong>qui</strong></span> <span class='ocrx_word' id='word_1_340' title='bbox 2893 1545 3107 1616; x_wconf 85' lang='lat' dir='ltr'><strong>genuit,</strong></span> <span class='ocrx_word' id='word_1_341' title='bbox 3143 1544 3254 1599; x_wconf 82' lang='lat' dir='ltr'><strong>hoc.</strong></span> <span class='ocrx_word' id='word_1_342' title='bbox 3299 1551 3393 1600; x_wconf 86' lang='lat' dir='ltr'><strong>est</strong></span> 
     </span>
    </p>
   </div>
   <div class='ocr_carea' id='block_1_46' title="bbox 1803 1634 3392 1709">
    <p class='ocr_par' dir='ltr' id='par_1_46' title="bbox 1803 1634 3392 1709">
     <span class='ocr_line' id='line_1_46' title="bbox 1803 1634 3392 1709; baseline -0.002 -16"><span class='ocrx_word' id='word_1_343' title='bbox 1803 1637 1980 1693; x_wconf 87' lang='lat' dir='ltr'><strong>Filius</strong></span> <span class='ocrx_word' id='word_1_344' title='bbox 2006 1637 2251 1709; x_wconf 86' lang='lat' dir='ltr'><strong>genitus,</strong></span> <span class='ocrx_word' id='word_1_345' title='bbox 2293 1637 2548 1706; x_wconf 88' lang='lat' dir='ltr'><strong>quamvis</strong></span> <span class='ocrx_word' id='word_1_346' title='bbox 2597 1651 2709 1690; x_wconf 90' lang='lat' dir='ltr'><strong>non</strong></span> <span class='ocrx_word' id='word_1_347' title='bbox 2759 1637 2984 1707; x_wconf 79' lang='lat' dir='ltr'><strong>genuit:</strong></span> <span class='ocrx_word' id='word_1_348' title='bbox 3021 1634 3299 1705; x_wconf 88' lang='lat' dir='ltr'><strong>siquidem</strong></span> <span class='ocrx_word' id='word_1_349' title='bbox 3329 1644 3392 1690; x_wconf 88' lang='lat' dir='ltr'><strong>et</strong></span> 
     </span>
    </p>
   </div>
   <div class='ocr_carea' id='block_1_47' title="bbox 1803 1728 3394 1802">
    <p class='ocr_par' dir='ltr' id='par_1_47' title="bbox 1803 1728 3394 1802">
     <span class='ocr_line' id='line_1_47' title="bbox 1803 1728 3394 1802; baseline -0.001 -16"><span class='ocrx_word' id='word_1_350' title='bbox 1803 1732 1896 1787; x_wconf 92' lang='lat' dir='ltr'><strong>ille</strong></span> <span class='ocrx_word' id='word_1_351' title='bbox 1911 1747 2024 1786; x_wconf 92' lang='lat' dir='ltr'><strong>non</strong></span> <span class='ocrx_word' id='word_1_352' title='bbox 2049 1731 2291 1802; x_wconf 91' lang='lat' dir='ltr'><strong>genitus,</strong></span> <span class='ocrx_word' id='word_1_353' title='bbox 2321 1730 2418 1800; x_wconf 92' lang='lat' dir='ltr'><strong>qui</strong></span> <span class='ocrx_word' id='word_1_354' title='bbox 2446 1730 2674 1800; x_wconf 84' lang='lat' dir='ltr'><strong>genuit:</strong></span> <span class='ocrx_word' id='word_1_355' title='bbox 2715 1728 2863 1798; x_wconf 90' lang='lat' dir='ltr'><strong>quod</strong></span> <span class='ocrx_word' id='word_1_356' title='bbox 2893 1736 2981 1784; x_wconf 91' lang='lat' dir='ltr'><strong>est</strong></span> <span class='ocrx_word' id='word_1_357' title='bbox 3011 1729 3250 1799; x_wconf 86' lang='lat' dir='ltr'><strong>genitus,</strong></span> <span class='ocrx_word' id='word_1_358' title='bbox 3281 1729 3394 1784; x_wconf 86' lang='lat' dir='ltr'><strong>hoc</strong></span> 
     </span>
    </p>
   </div>
   <div class='ocr_carea' id='block_1_48' title="bbox 1801 1817 3380 1892">
    <p class='ocr_par' dir='ltr' id='par_1_48' title="bbox 1801 1817 3380 1892">
     <span class='ocr_line' id='line_1_48' title="bbox 1801 1817 3380 1892; baseline -0.004 -14"><span class='ocrx_word' id='word_1_359' title='bbox 1801 1832 1886 1878; x_wconf 90' lang='lat' dir='ltr'><strong>est</strong></span> <span class='ocrx_word' id='word_1_360' title='bbox 1910 1823 2027 1892; x_wconf 89' lang='lat' dir='ltr'><strong>ipse</strong></span> <span class='ocrx_word' id='word_1_361' title='bbox 2045 1823 2288 1892; x_wconf 86' lang='lat' dir='ltr'><strong>genitor,</strong></span> <span class='ocrx_word' id='word_1_362' title='bbox 2317 1820 2627 1877; x_wconf 89' lang='lat' dir='ltr'><strong>secundum</strong></span> <span class='ocrx_word' id='word_1_363' title='bbox 2656 1819 3048 1874; x_wconf 89' lang='lat' dir='ltr'><strong>substantiam.</strong></span> <span class='ocrx_word' id='word_1_364' title='bbox 3105 1817 3380 1874; x_wconf 91' lang='lat' dir='ltr'><strong>Similiter</strong></span> 
     </span>
    </p>
   </div>
   <div class='ocr_carea' id='block_1_49' title="bbox 1803 1909 3394 1984">
    <p class='ocr_par' dir='ltr' id='par_1_49' title="bbox 1803 1909 3394 1984">
     <span class='ocr_line' id='line_1_49' title="bbox 1803 1909 3394 1984; baseline -0.003 -14"><span class='ocrx_word' id='word_1_365' title='bbox 1803 1915 2048 1984; x_wconf 90' lang='lat' dir='ltr'><strong>Spiritus</strong></span> <span class='ocrx_word' id='word_1_366' title='bbox 2070 1923 2318 1978; x_wconf 88' lang='lat' dir='ltr'><strong>sanctus,</strong></span> <span class='ocrx_word' id='word_1_367' title='bbox 2349 1913 2446 1984; x_wconf 92' lang='lat' dir='ltr'><strong>qui</strong></span> <span class='ocrx_word' id='word_1_368' title='bbox 2488 1927 2673 1982; x_wconf 88' lang='lat' dir='ltr'><strong>neque</strong></span> <span class='ocrx_word' id='word_1_369' title='bbox 2701 1911 2918 1982; x_wconf 87' lang='lat' dir='ltr'><strong>genuit,</strong></span> <span class='ocrx_word' id='word_1_370' title='bbox 2951 1926 3133 1980; x_wconf 88' lang='lat' dir='ltr'><strong>neque</strong></span> <span class='ocrx_word' id='word_1_371' title='bbox 3160 1909 3394 1980; x_wconf 80' lang='lat' dir='ltr'><strong>genitus</strong></span> 
     </span>
    </p>
   </div>
   <div class='ocr_carea' id='block_1_50' title="bbox 1800 2001 3384 2073">
    <p class='ocr_par' dir='ltr' id='par_1_50' title="bbox 1800 2001 3384 2073">
     <span class='ocr_line' id='line_1_50' title="bbox 1800 2001 3384 2073; baseline -0.004 -12"><span class='ocrx_word' id='word_1_372' title='bbox 1800 2014 1907 2073; x_wconf 88' lang='lat' dir='ltr'><strong>est,</strong></span> <span class='ocrx_word' id='word_1_373' title='bbox 1935 2007 2246 2061; x_wconf 91' lang='lat' dir='ltr'><strong>secundum</strong></span> <span class='ocrx_word' id='word_1_374' title='bbox 2281 2013 2537 2060; x_wconf 89' lang='lat' dir='ltr'><strong>naturam</strong></span> <span class='ocrx_word' id='word_1_375' title='bbox 2591 2005 2698 2058; x_wconf 90' lang='lat' dir='ltr'><strong>hoc</strong></span> <span class='ocrx_word' id='word_1_376' title='bbox 2749 2004 2930 2073; x_wconf 91' lang='lat' dir='ltr'><strong>ipsum</strong></span> <span class='ocrx_word' id='word_1_377' title='bbox 2969 2001 3255 2071; x_wconf 53' lang='lat' dir='ltr'><strong>est,,quod</strong></span> <span class='ocrx_word' id='word_1_378' title='bbox 3288 2001 3384 2070; x_wconf 88' lang='lat' dir='ltr'><strong>qui</strong></span> 
     </span>
    </p>
   </div>
   <div class='ocr_carea' id='block_1_51' title="bbox 1801 2093 3385 2169">
    <p class='ocr_par' dir='ltr' id='par_1_51' title="bbox 1801 2093 3385 2169">
     <span class='ocr_line' id='line_1_51' title="bbox 1801 2093 3385 2169; baseline -0.004 -17"><span class='ocrx_word' id='word_1_379' title='bbox 1801 2098 2016 2169; x_wconf 86' lang='lat' dir='ltr'><strong>genuit,</strong></span> <span class='ocrx_word' id='word_1_380' title='bbox 2053 2105 2110 2152; x_wconf 92' lang='lat' dir='ltr'><strong>et</strong></span> <span class='ocrx_word' id='word_1_381' title='bbox 2144 2097 2238 2167; x_wconf 91' lang='lat' dir='ltr'><strong>qui</strong></span> <span class='ocrx_word' id='word_1_382' title='bbox 2270 2097 2492 2167; x_wconf 87' lang='lat' dir='ltr'><strong>genitus</strong></span> <span class='ocrx_word' id='word_1_383' title='bbox 2510 2103 2631 2151; x_wconf 85' lang='lat' dir='ltr'><strong>est:</strong></span> <span class='ocrx_word' id='word_1_384' title='bbox 2669 2095 3057 2164; x_wconf 89' lang='lat' dir='ltr'><strong>unusquisque</strong></span> <span class='ocrx_word' id='word_1_385' title='bbox 3084 2093 3232 2148; x_wconf 91' lang='lat' dir='ltr'><strong>enim</strong></span> <span class='ocrx_word' id='word_1_386' title='bbox 3256 2106 3385 2145; x_wconf 91' lang='lat' dir='ltr'><strong>cum</strong></span> 
     </span>
    </p>
   </div>
   <div class='ocr_carea' id='block_1_52' title="bbox 1801 2182 3387 2260">
    <p class='ocr_par' dir='ltr' id='par_1_52' title="bbox 1801 2182 3387 2260">
     <span class='ocr_line' id='line_1_52' title="bbox 1801 2182 3387 2260; baseline -0.006 -16"><span class='ocrx_word' id='word_1_387' title='bbox 1801 2188 2076 2260; x_wconf 87' lang='lat' dir='ltr'><strong>ejusdem,</strong></span> <span class='ocrx_word' id='word_1_388' title='bbox 2111 2196 2170 2242; x_wconf 91' lang='lat' dir='ltr'><strong>et</strong></span> <span class='ocrx_word' id='word_1_389' title='bbox 2191 2187 2378 2248; x_wconf 91' lang='lat' dir='ltr'><strong>unius,</strong></span> <span class='ocrx_word' id='word_1_390' title='bbox 2405 2201 2471 2240; x_wconf 92' lang='lat' dir='ltr'><strong>ac</strong></span> <span class='ocrx_word' id='word_1_391' title='bbox 2505 2186 2700 2248; x_wconf 90' lang='lat' dir='ltr'><strong>solius,</strong></span> <span class='ocrx_word' id='word_1_392' title='bbox 2735 2185 3000 2238; x_wconf 80' lang='lat' dir='ltr'><strong>increatae</strong></span> <span class='ocrx_word' id='word_1_393' title='bbox 3039 2191 3252 2236; x_wconf 76' lang='lat' dir='ltr'><strong>natura:</strong></span> <span class='ocrx_word' id='word_1_394' title='bbox 3277 2182 3387 2247; x_wconf 89' lang='lat' dir='ltr'><strong>sit;</strong></span> 
     </span>
    </p>
   </div>
   <div class='ocr_carea' id='block_1_53' title="bbox 1802 2275 3390 2351">
    <p class='ocr_par' dir='ltr' id='par_1_53' title="bbox 1802 2275 3390 2351">
     <span class='ocr_line' id='line_1_53' title="bbox 1802 2275 3390 2351; baseline -0.005 -17"><span class='ocrx_word' id='word_1_395' title='bbox 1802 2280 2013 2351; x_wconf 88' lang='lat' dir='ltr'><strong>proprii</strong></span> <span class='ocrx_word' id='word_1_396' title='bbox 2041 2279 2213 2343; x_wconf 88' lang='lat' dir='ltr'><strong>modi,</strong></span> <span class='ocrx_word' id='word_1_397' title='bbox 2239 2287 2299 2333; x_wconf 91' lang='lat' dir='ltr'><strong>ut</strong></span> <span class='ocrx_word' id='word_1_398' title='bbox 2325 2279 2400 2333; x_wconf 92' lang='lat' dir='ltr'><strong>ita</strong></span> <span class='ocrx_word' id='word_1_399' title='bbox 2425 2276 2605 2332; x_wconf 89' lang='lat' dir='ltr'><strong>dicam</strong></span> <span class='ocrx_word' id='word_1_400' title='bbox 2623 2322 2640 2351; x_wconf 79' lang='lat'><strong>,</strong></span> <span class='ocrx_word' id='word_1_401' title='bbox 2659 2276 3057 2346; x_wconf 89' lang='lat' dir='ltr'><strong>proprietatem</strong></span> <span class='ocrx_word' id='word_1_402' title='bbox 3091 2275 3390 2328; x_wconf 73' lang='lat' dir='ltr'><strong>characte~</strong></span> 
     </span>
    </p>
   </div>
   <div class='ocr_carea' id='block_1_54' title="bbox 1803 2365 3385 2440">
    <p class='ocr_par' dir='ltr' id='par_1_54' title="bbox 1803 2365 3385 2440">
     <span class='ocr_line' id='line_1_54' title="bbox 1803 2365 3385 2440; baseline -0.007 -13"><span class='ocrx_word' id='word_1_403' title='bbox 1803 2373 2049 2428; x_wconf 87' lang='lat' dir='ltr'><strong>risticam</strong></span> <span class='ocrx_word' id='word_1_404' title='bbox 2086 2370 2399 2440; x_wconf 90' lang='lat' dir='ltr'><strong>personalis</strong></span> <span class='ocrx_word' id='word_1_405' title='bbox 2434 2367 2754 2440; x_wconf 83' lang='lat' dir='ltr'><strong>hypostasis</strong></span> <span class='ocrx_word' id='word_1_406' title='bbox 2786 2367 3022 2422; x_wconf 88' lang='lat' dir='ltr'><strong>sortitus</strong></span> <span class='ocrx_word' id='word_1_407' title='bbox 3047 2374 3151 2420; x_wconf 90' lang='lat' dir='ltr'><strong>est.</strong></span> <span class='ocrx_word' id='word_1_408' title='bbox 3197 2365 3385 2428; x_wconf 89' lang='lat' dir='ltr'><strong>Pater,</strong></span> 
     </span>
    </p>
   </div>
   <div class='ocr_carea' id='block_1_55' title="bbox 1801 2455 3384 2532">
    <p class='ocr_par' dir='ltr' id='par_1_55' title="bbox 1801 2455 3384 2532">
     <span class='ocr_line' id='line_1_55' title="bbox 1801 2455 3384 2532; baseline -0.006 -17"><span class='ocrx_word' id='word_1_409' title='bbox 1801 2463 2136 2532; x_wconf 85' lang='lat' dir='ltr'><strong>ingenitum;</strong></span> <span class='ocrx_word' id='word_1_410' title='bbox 2159 2459 2355 2521; x_wconf 90' lang='lat' dir='ltr'><strong>Filius,</strong></span> <span class='ocrx_word' id='word_1_411' title='bbox 2397 2459 2662 2529; x_wconf 84' lang='lat' dir='ltr'><strong>genitum;</strong></span> <span class='ocrx_word' id='word_1_412' title='bbox 2694 2455 2941 2526; x_wconf 90' lang='lat' dir='ltr'><strong>Spiritus</strong></span> <span class='ocrx_word' id='word_1_413' title='bbox 2981 2463 3225 2518; x_wconf 88' lang='lat' dir='ltr'><strong>sanctus,</strong></span> <span class='ocrx_word' id='word_1_414' title='bbox 3255 2469 3384 2524; x_wconf 84' lang='lat' dir='ltr'><strong>pro-</strong></span> 
     </span>
    </p>
   </div>
   <div class='ocr_carea' id='block_1_56' title="bbox 1803 2544 3389 2616">
    <p class='ocr_par' dir='ltr' id='par_1_56' title="bbox 1803 2544 3389 2616">
     <span class='ocr_line' id='line_1_56' title="bbox 1803 2544 3389 2616; baseline -0.006 -11"><span class='ocrx_word' id='word_1_415' title='bbox 1803 2553 2126 2616; x_wconf 79' lang='lat' dir='ltr'><strong>cessionem;</strong></span> <span class='ocrx_word' id='word_1_416' title='bbox 2160 2558 2217 2604; x_wconf 88' lang='lat' dir='ltr'><strong>et</strong></span> <span class='ocrx_word' id='word_1_417' title='bbox 2246 2564 2359 2603; x_wconf 89' lang='lat' dir='ltr'><strong>non</strong></span> <span class='ocrx_word' id='word_1_418' title='bbox 2384 2547 2525 2602; x_wconf 90' lang='lat' dir='ltr'><strong>ﬁunt</strong></span> <span class='ocrx_word' id='word_1_419' title='bbox 2561 2547 2678 2601; x_wconf 58' lang='lat' dir='ltr'><strong>haec</strong></span> <span class='ocrx_word' id='word_1_420' title='bbox 2706 2545 3044 2605; x_wconf 85' lang='lat' dir='ltr'><strong>communia,</strong></span> <span class='ocrx_word' id='word_1_421' title='bbox 3067 2544 3210 2598; x_wconf 88' lang='lat' dir='ltr'><strong>sicut</strong></span> <span class='ocrx_word' id='word_1_422' title='bbox 3236 2558 3389 2596; x_wconf 89' lang='lat' dir='ltr'><strong>com-</strong></span> 
     </span>
    </p>
   </div>
   <div class='ocr_carea' id='block_1_57' title="bbox 1803 2636 3388 2706">
    <p class='ocr_par' dir='ltr' id='par_1_57' title="bbox 1803 2636 3388 2706">
     <span class='ocr_line' id='line_1_57' title="bbox 1803 2636 3388 2706; baseline -0.007 -8"><span class='ocrx_word' id='word_1_423' title='bbox 1803 2658 2028 2698; x_wconf 91' lang='lat' dir='ltr'><strong>munem</strong></span> <span class='ocrx_word' id='word_1_424' title='bbox 2060 2642 2427 2698; x_wconf 89' lang='lat' dir='ltr'><strong>substantiam</strong></span> <span class='ocrx_word' id='word_1_425' title='bbox 2445 2640 2711 2696; x_wconf 85' lang='lat' dir='ltr'><strong>dicimus:</strong></span> <span class='ocrx_word' id='word_1_426' title='bbox 2762 2653 2873 2693; x_wconf 90' lang='lat' dir='ltr'><strong>non</strong></span> <span class='ocrx_word' id='word_1_427' title='bbox 2905 2638 3054 2692; x_wconf 90' lang='lat' dir='ltr'><strong>enim</strong></span> <span class='ocrx_word' id='word_1_428' title='bbox 3094 2636 3388 2706; x_wconf 87' lang='lat' dir='ltr'><strong>proprium</strong></span> 
     </span>
    </p>
   </div>
   <div class='ocr_carea' id='block_1_58' title="bbox 1803 2728 3383 2800">
    <p class='ocr_par' dir='ltr' id='par_1_58' title="bbox 1803 2728 3383 2800">
     <span class='ocr_line' id='line_1_58' title="bbox 1803 2728 3383 2800; baseline -0.006 -10"><span class='ocrx_word' id='word_1_429' title='bbox 1803 2735 1862 2790; x_wconf 89' lang='lat' dir='ltr'><strong>in</strong></span> <span class='ocrx_word' id='word_1_430' title='bbox 1891 2749 2187 2789; x_wconf 91' lang='lat' dir='ltr'><strong>commune</strong></span> <span class='ocrx_word' id='word_1_431' title='bbox 2237 2733 2466 2799; x_wconf 90' lang='lat' dir='ltr'><strong>transit;</strong></span> <span class='ocrx_word' id='word_1_432' title='bbox 2527 2731 2736 2800; x_wconf 90' lang='lat' dir='ltr'><strong>alioqui</strong></span> <span class='ocrx_word' id='word_1_433' title='bbox 2767 2729 3049 2800; x_wconf 90' lang='lat' dir='ltr'><strong>quomodo</strong></span> <span class='ocrx_word' id='word_1_434' title='bbox 3091 2728 3383 2798; x_wconf 88' lang='lat' dir='ltr'><strong>proprium</strong></span> 
     </span>
    </p>
   </div>
   <div class='ocr_carea' id='block_1_59' title="bbox 1803 2818 3393 2895">
    <p class='ocr_par' dir='ltr' id='par_1_59' title="bbox 1803 2818 3393 2895">
     <span class='ocr_line' id='line_1_59' title="bbox 1803 2818 3393 2895; baseline -0.004 -14"><span class='ocrx_word' id='word_1_435' title='bbox 1803 2825 1988 2881; x_wconf 83' lang='lat' dir='ltr'><strong>esset?</strong></span> <span class='ocrx_word' id='word_1_436' title='bbox 2012 2834 2070 2880; x_wconf 91' lang='lat' dir='ltr'><strong>et</strong></span> <span class='ocrx_word' id='word_1_437' title='bbox 2120 2825 2272 2895; x_wconf 92' lang='lat' dir='ltr'><strong>quod</strong></span> <span class='ocrx_word' id='word_1_438' title='bbox 2313 2838 2610 2879; x_wconf 91' lang='lat' dir='ltr'><strong>commune</strong></span> <span class='ocrx_word' id='word_1_439' title='bbox 2641 2822 2892 2876; x_wconf 88' lang='lat' dir='ltr'><strong>omnium</strong></span> <span class='ocrx_word' id='word_1_440' title='bbox 2935 2829 3041 2885; x_wconf 90' lang='lat' dir='ltr'><strong>est,</strong></span> <span class='ocrx_word' id='word_1_441' title='bbox 3101 2818 3393 2890; x_wconf 86' lang='lat' dir='ltr'><strong>quomodo</strong></span> 
     </span>
    </p>
   </div>
   <div class='ocr_carea' id='block_1_60' title="bbox 1804 2911 3390 2988">
    <p class='ocr_par' dir='ltr' id='par_1_60' title="bbox 1804 2911 3390 2988">
     <span class='ocr_line' id='line_1_60' title="bbox 1804 2911 3390 2988; baseline -0.004 -17"><span class='ocrx_word' id='word_1_442' title='bbox 1804 2918 2097 2988; x_wconf 88' lang='lat' dir='ltr'><strong>pr0prium</strong></span> <span class='ocrx_word' id='word_1_443' title='bbox 2133 2911 2371 2987; x_wconf 80' lang='lat' dir='ltr'><strong>alicujus</strong></span> <span class='ocrx_word' id='word_1_444' title='bbox 2399 2930 2646 2986; x_wconf 87' lang='lat' dir='ltr'><strong>unquam</strong></span> <span class='ocrx_word' id='word_1_445' title='bbox 2678 2914 2828 2970; x_wconf 83' lang='lat' dir='ltr'><strong>erit?</strong></span> <span class='ocrx_word' id='word_1_446' title='bbox 2865 2914 3013 2969; x_wconf 87' lang='lat' dir='ltr'><strong>sicut</strong></span> <span class='ocrx_word' id='word_1_447' title='bbox 3056 2913 3206 2967; x_wconf 92' lang='lat' dir='ltr'><strong>enim</strong></span> <span class='ocrx_word' id='word_1_448' title='bbox 3260 2913 3390 2966; x_wconf 80' lang='lat' dir='ltr'><strong>risi-</strong></span> 
     </span>
    </p>
   </div>
   <div class='ocr_carea' id='block_1_61' title="bbox 107 3004 3388 3098">
    <p class='ocr_par' dir='ltr' id='par_1_61' title="bbox 107 3004 3388 3098">
     <span class='ocr_line' id='line_1_61' title="bbox 107 3004 3388 3098; baseline -0.001 -38"><span class='ocrx_word' id='word_1_449' title='bbox 107 3005 154 3060; x_wconf 86' lang='lat' dir='ltr'><strong>si</strong></span> <span class='ocrx_word' id='word_1_450' title='bbox 187 3021 302 3060; x_wconf 90' lang='lat' dir='ltr'><strong>non</strong></span> <span class='ocrx_word' id='word_1_451' title='bbox 330 3005 406 3061; x_wconf 87' lang='lat' dir='ltr'><strong>sit</strong></span> <span class='ocrx_word' id='word_1_452' title='bbox 436 3005 642 3060; x_wconf 80' lang='lat' dir='ltr'><strong>Pater?</strong></span> <span class='ocrx_word' id='word_1_453' title='bbox 684 3004 994 3060; x_wconf 90' lang='lat' dir='ltr'><strong>sicutenim</strong></span> <span class='ocrx_word' id='word_1_454' title='bbox 1016 3005 1141 3070; x_wconf 91' lang='lat' dir='ltr'><strong>hoc,</strong></span> <span class='ocrx_word' id='word_1_455' title='bbox 1173 3006 1254 3060; x_wconf 87' lang='lat' dir='ltr'><strong>sic</strong></span> <span class='ocrx_word' id='word_1_456' title='bbox 1276 3005 1438 3066; x_wconf 84' lang='lat' dir='ltr'><strong>illud.</strong></span> <span class='ocrx_word' id='word_1_457' title='bbox 1456 3007 1697 3063; x_wconf 85' lang='lat' dir='ltr'><strong>Verbum</strong></span> <span class='ocrx_word' id='word_1_458' title='bbox 1729 3037 1774 3098; x_wconf 71' lang='grc' dir='ltr'>ο</span> <span class='ocrx_word' id='word_1_459' title='bbox 1807 3010 1929 3074; x_wconf 85' lang='lat' dir='ltr'><strong>bile,</strong></span> <span class='ocrx_word' id='word_1_460' title='bbox 1957 3010 2120 3066; x_wconf 89' lang='lat' dir='ltr'><strong>verbi</strong></span> <span class='ocrx_word' id='word_1_461' title='bbox 2151 3011 2356 3082; x_wconf 90' lang='lat' dir='ltr'><strong>gratia,</strong></span> <span class='ocrx_word' id='word_1_462' title='bbox 2401 3023 2512 3064; x_wconf 87' lang='lat' dir='ltr'><strong>non</strong></span> <span class='ocrx_word' id='word_1_463' title='bbox 2574 3016 2658 3062; x_wconf 85' lang='lat' dir='ltr'><strong>est</strong></span> <span class='ocrx_word' id='word_1_464' title='bbox 2707 3008 2996 3078; x_wconf 79' lang='lat' dir='ltr'><strong>proprium</strong></span> <span class='ocrx_word' id='word_1_465' title='bbox 3051 3005 3388 3077; x_wconf 89' lang='lat' dir='ltr'><strong>cujuspiam,</strong></span> 
     </span>
    </p>
   </div>
   <div class='ocr_carea' id='block_1_62' title="bbox 108 3096 1702 3164">
    <p class='ocr_par' dir='ltr' id='par_1_62' title="bbox 108 3096 1702 3164">
     <span class='ocr_line' id='line_1_62' title="bbox 108 3096 1702 3164; baseline 0.002 -12"><span class='ocrx_word' id='word_1_466' title='bbox 108 3105 301 3154; x_wconf 87' lang='lat' dir='ltr'><strong>autem</strong></span> <span class='ocrx_word' id='word_1_467' title='bbox 351 3113 486 3153; x_wconf 86' lang='lat' dir='ltr'><strong>cum</strong></span> <span class='ocrx_word' id='word_1_468' title='bbox 521 3097 592 3153; x_wconf 90' lang='lat' dir='ltr'><strong>sit</strong></span> <span class='ocrx_word' id='word_1_469' title='bbox 634 3096 846 3164; x_wconf 90' lang='lat' dir='ltr'><strong>Filius,</strong></span> <span class='ocrx_word' id='word_1_470' title='bbox 899 3111 1090 3153; x_wconf 92' lang='lat' dir='ltr'><strong>secum</strong></span> <span class='ocrx_word' id='word_1_471' title='bbox 1140 3098 1306 3152; x_wconf 88' lang='lat' dir='ltr'><strong>simul</strong></span> <span class='ocrx_word' id='word_1_472' title='bbox 1356 3098 1702 3156; x_wconf 76' lang='lat' dir='ltr'><strong>demonstrat</strong></span> 
     </span>
    </p>
   </div>
   <div class='ocr_carea' id='block_1_63' title="bbox 113 3189 1698 3262">
    <p class='ocr_par' dir='ltr' id='par_1_63' title="bbox 113 3189 1698 3262">
     <span class='ocr_line' id='line_1_63' title="bbox 113 3189 1698 3262; baseline 0.001 -17"><span class='ocrx_word' id='word_1_473' title='bbox 113 3189 430 3261; x_wconf 90' lang='lat' dir='ltr'><strong>Spiritum;</strong></span> <span class='ocrx_word' id='word_1_474' title='bbox 468 3189 708 3246; x_wconf 86' lang='lat' dir='ltr'><strong>Verbum</strong></span> <span class='ocrx_word' id='word_1_475' title='bbox 740 3190 888 3244; x_wconf 89' lang='lat' dir='ltr'><strong>enim</strong></span> <span class='ocrx_word' id='word_1_476' title='bbox 918 3205 1031 3244; x_wconf 89' lang='lat' dir='ltr'><strong>non</strong></span> <span class='ocrx_word' id='word_1_477' title='bbox 1075 3199 1159 3245; x_wconf 92' lang='lat' dir='ltr'><strong>est</strong></span> <span class='ocrx_word' id='word_1_478' title='bbox 1187 3191 1396 3260; x_wconf 91' lang='lat' dir='ltr'><strong>absque</strong></span> <span class='ocrx_word' id='word_1_479' title='bbox 1453 3191 1698 3262; x_wconf 88' lang='lat' dir='ltr'><strong>Spiritu;</strong></span> 
     </span>
    </p>
   </div>
   <div class='ocr_carea' id='block_1_64' title="bbox 112 3277 1703 3350">
    <p class='ocr_par' dir='ltr' id='par_1_64' title="bbox 112 3277 1703 3350">
     <span class='ocr_line' id='line_1_64' title="bbox 112 3277 1703 3350; baseline 0.001 -16"><span class='ocrx_word' id='word_1_480' title='bbox 112 3295 299 3350; x_wconf 88' lang='lat' dir='ltr'><strong>neque</strong></span> <span class='ocrx_word' id='word_1_481' title='bbox 327 3293 491 3334; x_wconf 90' lang='lat' dir='ltr'><strong>mens</strong></span> <span class='ocrx_word' id='word_1_482' title='bbox 513 3278 723 3347; x_wconf 89' lang='lat' dir='ltr'><strong>absque</strong></span> <span class='ocrx_word' id='word_1_483' title='bbox 769 3277 995 3334; x_wconf 88' lang='lat' dir='ltr'><strong>Verbo:</strong></span> <span class='ocrx_word' id='word_1_484' title='bbox 1055 3288 1297 3333; x_wconf 87' lang='lat' dir='ltr'><strong>mentem</strong></span> <span class='ocrx_word' id='word_1_485' title='bbox 1334 3288 1518 3333; x_wconf 81' lang='lat' dir='ltr'><strong>autem</strong></span> <span class='ocrx_word' id='word_1_486' title='bbox 1560 3281 1703 3336; x_wconf 88' lang='lat' dir='ltr'><strong>dici-</strong></span> 
     </span>
    </p>
   </div>
   <div class='ocr_carea' id='block_1_65' title="bbox 115 3367 1702 3438">
    <p class='ocr_par' dir='ltr' id='par_1_65' title="bbox 115 3367 1702 3438">
     <span class='ocr_line' id='line_1_65' title="bbox 115 3367 1702 3438; baseline -0.004 -9"><span class='ocrx_word' id='word_1_487' title='bbox 115 3389 241 3428; x_wconf 91' lang='lat' dir='ltr'><strong>mus</strong></span> <span class='ocrx_word' id='word_1_488' title='bbox 265 3372 491 3428; x_wconf 88' lang='lat' dir='ltr'><strong>Patrem</strong></span> <span class='ocrx_word' id='word_1_489' title='bbox 515 3369 716 3438; x_wconf 83' lang='lat' dir='ltr'><strong>Verbi;</strong></span> <span class='ocrx_word' id='word_1_490' title='bbox 744 3377 989 3424; x_wconf 89' lang='lat' dir='ltr'><strong>mentem</strong></span> <span class='ocrx_word' id='word_1_491' title='bbox 1020 3367 1171 3432; x_wconf 90' lang='lat' dir='ltr'><strong>dico,</strong></span> <span class='ocrx_word' id='word_1_492' title='bbox 1204 3367 1260 3422; x_wconf 91' lang='lat' dir='ltr'><strong>in</strong></span> <span class='ocrx_word' id='word_1_493' title='bbox 1293 3383 1400 3437; x_wconf 91' lang='lat' dir='ltr'><strong>qua</strong></span> <span class='ocrx_word' id='word_1_494' title='bbox 1431 3369 1702 3435; x_wconf 89' lang='lat' dir='ltr'><strong>Verbum,</strong></span> 
     </span>
    </p>
   </div>
   <div class='ocr_carea' id='block_1_66' title="bbox 115 3459 1704 3534">
    <p class='ocr_par' dir='ltr' id='par_1_66' title="bbox 115 3459 1704 3534">
     <span class='ocr_line' id='line_1_66' title="bbox 115 3459 1704 3534; baseline -0.003 -14"><span class='ocrx_word' id='word_1_495' title='bbox 115 3480 247 3521; x_wconf 86' lang='lat' dir='ltr'><strong>cum</strong></span> <span class='ocrx_word' id='word_1_496' title='bbox 286 3480 402 3534; x_wconf 91' lang='lat' dir='ltr'><strong>quo</strong></span> <span class='ocrx_word' id='word_1_497' title='bbox 429 3463 675 3533; x_wconf 88' lang='lat' dir='ltr'><strong>Spiritus</strong></span> <span class='ocrx_word' id='word_1_498' title='bbox 694 3471 940 3526; x_wconf 88' lang='lat' dir='ltr'><strong>sanctus,</strong></span> <span class='ocrx_word' id='word_1_499' title='bbox 971 3460 1067 3530; x_wconf 92' lang='lat' dir='ltr'><strong>qui</strong></span> <span class='ocrx_word' id='word_1_500' title='bbox 1091 3461 1313 3530; x_wconf 77' lang='lat' dir='ltr'><strong>spiritus</strong></span> <span class='ocrx_word' id='word_1_501' title='bbox 1339 3462 1445 3514; x_wconf 79' lang='lat' dir='ltr'><strong>oris</strong></span> <span class='ocrx_word' id='word_1_502' title='bbox 1477 3459 1576 3514; x_wconf 86' lang='lat' dir='ltr'><strong>Dei</strong></span> <span class='ocrx_word' id='word_1_503' title='bbox 1603 3476 1704 3515; x_wconf 92' lang='lat' dir='ltr'><strong>vo-</strong></span> 
     </span>
    </p>
   </div>
   <div class='ocr_carea' id='block_1_67' title="bbox 115 3549 1704 3622">
    <p class='ocr_par' dir='ltr' id='par_1_67' title="bbox 115 3549 1704 3622">
     <span class='ocr_line' id='line_1_67' title="bbox 115 3549 1704 3622; baseline -0.003 -12"><span class='ocrx_word' id='word_1_504' title='bbox 115 3565 281 3610; x_wconf 90' lang='lat' dir='ltr'><strong>catur</strong></span> <span class='ocrx_word' id='word_1_505' title='bbox 312 3557 396 3621; x_wconf 76' lang='lat'><strong>“;</strong></span> <span class='ocrx_word' id='word_1_506' title='bbox 432 3569 496 3610; x_wconf 89' lang='lat' dir='ltr'><strong>os</strong></span> <span class='ocrx_word' id='word_1_507' title='bbox 521 3569 760 3622; x_wconf 90' lang='lat' dir='ltr'><strong>namque</strong></span> <span class='ocrx_word' id='word_1_508' title='bbox 786 3552 967 3608; x_wconf 90' lang='lat' dir='ltr'><strong>Patris</strong></span> <span class='ocrx_word' id='word_1_509' title='bbox 990 3549 1164 3606; x_wconf 88' lang='lat' dir='ltr'><strong>Filius</strong></span> <span class='ocrx_word' id='word_1_510' title='bbox 1207 3559 1314 3606; x_wconf 89' lang='lat' dir='ltr'><strong>est.</strong></span> <span class='ocrx_word' id='word_1_511' title='bbox 1373 3551 1553 3618; x_wconf 89' lang='lat' dir='ltr'><strong>Quare</strong></span> <span class='ocrx_word' id='word_1_512' title='bbox 1601 3568 1704 3606; x_wconf 83' lang='lat' dir='ltr'><strong>ne—</strong></span> 
     </span>
    </p>
   </div>
   <div class='ocr_carea' id='block_1_68' title="bbox 114 3640 1706 3703">
    <p class='ocr_par' dir='ltr' id='par_1_68' title="bbox 114 3640 1706 3703">
     <span class='ocr_line' id='line_1_68' title="bbox 114 3640 1706 3703; baseline -0.004 0"><span class='ocrx_word' id='word_1_513' title='bbox 114 3646 374 3703; x_wconf 86' lang='lat' dir='ltr'><strong>cessario</strong></span> <span class='ocrx_word' id='word_1_514' title='bbox 406 3657 677 3699; x_wconf 90' lang='lat' dir='ltr'><strong>numerus</strong></span> <span class='ocrx_word' id='word_1_515' title='bbox 724 3641 1019 3697; x_wconf 87' lang='lat' dir='ltr'><strong>Trinitatis</strong></span> <span class='ocrx_word' id='word_1_516' title='bbox 1051 3641 1108 3696; x_wconf 90' lang='lat' dir='ltr'><strong>in</strong></span> <span class='ocrx_word' id='word_1_517' title='bbox 1156 3640 1345 3695; x_wconf 91' lang='lat' dir='ltr'><strong>divina</strong></span> <span class='ocrx_word' id='word_1_518' title='bbox 1383 3649 1582 3696; x_wconf 90' lang='lat' dir='ltr'><strong>natura</strong></span> <span class='ocrx_word' id='word_1_519' title='bbox 1611 3657 1706 3697; x_wconf 86' lang='lat' dir='ltr'><strong>ac-</strong></span> 
     </span>
    </p>
   </div>
   <div class='ocr_carea' id='block_1_69' title="bbox 115 3731 1708 3806">
    <p class='ocr_par' dir='ltr' id='par_1_69' title="bbox 115 3731 1708 3806">
     <span class='ocr_line' id='line_1_69' title="bbox 115 3731 1708 3806; baseline -0.004 -14"><span class='ocrx_word' id='word_1_520' title='bbox 115 3737 334 3806; x_wconf 90' lang='lat' dir='ltr'><strong>cipitur</strong></span> <span class='ocrx_word' id='word_1_521' title='bbox 361 3735 431 3790; x_wconf 89' lang='lat' dir='ltr'><strong>ad</strong></span> <span class='ocrx_word' id='word_1_522' title='bbox 467 3731 1005 3788; x_wconf 91' lang='lat' dir='ltr'><strong>demonstrationem</strong></span> <span class='ocrx_word' id='word_1_523' title='bbox 1030 3745 1418 3800; x_wconf 89' lang='lat' dir='ltr'><strong>personarum,</strong></span> <span class='ocrx_word' id='word_1_524' title='bbox 1453 3733 1550 3800; x_wconf 92' lang='lat' dir='ltr'><strong>qui</strong></span> <span class='ocrx_word' id='word_1_525' title='bbox 1603 3749 1708 3786; x_wconf 90' lang='lat' dir='ltr'><strong>nu-</strong></span> 
     </span>
    </p>
   </div>
   <div class='ocr_carea' id='block_1_70' title="bbox 117 3821 1706 3880">
    <p class='ocr_par' dir='ltr' id='par_1_70' title="bbox 117 3821 1706 3880">
     <span class='ocr_line' id='line_1_70' title="bbox 117 3821 1706 3880; baseline -0.001 -1"><span class='ocrx_word' id='word_1_526' title='bbox 117 3840 316 3880; x_wconf 90' lang='lat' dir='ltr'><strong>merus</strong></span> <span class='ocrx_word' id='word_1_527' title='bbox 346 3821 736 3878; x_wconf 88' lang='lat' dir='ltr'><strong>habitudinem</strong></span> <span class='ocrx_word' id='word_1_528' title='bbox 761 3837 954 3877; x_wconf 90' lang='lat' dir='ltr'><strong>earum</strong></span> <span class='ocrx_word' id='word_1_529' title='bbox 998 3821 1416 3876; x_wconf 84' lang='lat' dir='ltr'><strong>substantialem</strong></span> <span class='ocrx_word' id='word_1_530' title='bbox 1475 3831 1532 3877; x_wconf 92' lang='lat' dir='ltr'><strong>et</strong></span> <span class='ocrx_word' id='word_1_531' title='bbox 1571 3822 1706 3877; x_wconf 89' lang='lat' dir='ltr'><strong>sub-</strong></span> 
     </span>
    </p>
   </div>
   <div class='ocr_carea' id='block_1_71' title="bbox 115 3912 1707 3973">
    <p class='ocr_par' dir='ltr' id='par_1_71' title="bbox 115 3912 1707 3973">
     <span class='ocr_line' id='line_1_71' title="bbox 115 3912 1707 3973; baseline -0.001 -1"><span class='ocrx_word' id='word_1_532' title='bbox 115 3916 347 3973; x_wconf 69' lang='lat' dir='ltr'><strong>stantiae</strong></span> <span class='ocrx_word' id='word_1_533' title='bbox 381 3923 718 3971; x_wconf 68' lang='lat' dir='ltr'><strong>coaeternam</strong></span> <span class='ocrx_word' id='word_1_534' title='bbox 750 3912 1018 3968; x_wconf 91' lang='lat' dir='ltr'><strong>ostendit.</strong></span> <span class='ocrx_word' id='word_1_535' title='bbox 1051 3913 1380 3969; x_wconf 88' lang='lat' dir='ltr'><strong>Trinitatem</strong></span> <span class='ocrx_word' id='word_1_536' title='bbox 1411 3929 1546 3969; x_wconf 89' lang='lat' dir='ltr'><strong>vero</strong></span> <span class='ocrx_word' id='word_1_537' title='bbox 1568 3915 1707 3970; x_wconf 90' lang='lat' dir='ltr'><strong>dici-</strong></span> 
     </span>
    </p>
   </div>
   <div class='ocr_carea' id='block_1_72' title="bbox 114 4005 1708 4076">
    <p class='ocr_par' dir='ltr' id='par_1_72' title="bbox 114 4005 1708 4076">
     <span class='ocr_line' id='line_1_72' title="bbox 114 4005 1708 4076; baseline -0.003 -10"><span class='ocrx_word' id='word_1_538' title='bbox 114 4023 248 4066; x_wconf 87' lang='lat' dir='ltr'><strong>mus</strong></span> <span class='ocrx_word' id='word_1_539' title='bbox 283 4023 400 4062; x_wconf 89' lang='lat' dir='ltr'><strong>non</strong></span> <span class='ocrx_word' id='word_1_540' title='bbox 434 4005 738 4062; x_wconf 89' lang='lat' dir='ltr'><strong>secundum</strong></span> <span class='ocrx_word' id='word_1_541' title='bbox 763 4005 1219 4076; x_wconf 91' lang='lat' dir='ltr'><strong>compositionem</strong></span> <span class='ocrx_word' id='word_1_542' title='bbox 1254 4007 1526 4062; x_wconf 90' lang='lat' dir='ltr'><strong>unitatum</strong></span> <span class='ocrx_word' id='word_1_543' title='bbox 1557 4023 1708 4063; x_wconf 82' lang='lat' dir='ltr'><strong>com-</strong></span> 
     </span>
    </p>
   </div>
   <div class='ocr_carea' id='block_1_73' title="bbox 114 4095 1702 4171">
    <p class='ocr_par' dir='ltr' id='par_1_73' title="bbox 114 4095 1702 4171">
     <span class='ocr_line' id='line_1_73' title="bbox 114 4095 1702 4171; baseline -0.002 -16"><span class='ocrx_word' id='word_1_544' title='bbox 114 4100 460 4171; x_wconf 89' lang='lat' dir='ltr'><strong>positam,et</strong></span> <span class='ocrx_word' id='word_1_545' title='bbox 473 4095 918 4168; x_wconf 89' lang='lat' dir='ltr'><strong>progredientem</strong></span> <span class='ocrx_word' id='word_1_546' title='bbox 936 4096 1004 4150; x_wconf 92' lang='lat' dir='ltr'><strong>ab</strong></span> <span class='ocrx_word' id='word_1_547' title='bbox 1019 4096 1230 4150; x_wconf 90' lang='lat' dir='ltr'><strong>unitate</strong></span> <span class='ocrx_word' id='word_1_548' title='bbox 1253 4095 1320 4150; x_wconf 92' lang='lat' dir='ltr'><strong>ad</strong></span> <span class='ocrx_word' id='word_1_549' title='bbox 1339 4096 1666 4152; x_wconf 90' lang='lat' dir='ltr'><strong>Trinitatem</strong></span> <span class='ocrx_word' id='word_1_550' title='bbox 1688 4115 1702 4152; x_wconf 91' lang='lat'><strong>:</strong></span> 
     </span>
    </p>
   </div>
   <div class='ocr_carea' id='block_1_74' title="bbox 114 4187 1708 4257">
    <p class='ocr_par' dir='ltr' id='par_1_74' title="bbox 114 4187 1708 4257">
     <span class='ocr_line' id='line_1_74' title="bbox 114 4187 1708 4257; baseline -0.001 -11"><span class='ocrx_word' id='word_1_551' title='bbox 114 4189 410 4247; x_wconf 89' lang='lat' dir='ltr'><strong>antecedit</strong></span> <span class='ocrx_word' id='word_1_552' title='bbox 473 4187 623 4243; x_wconf 90' lang='lat' dir='ltr'><strong>enim</strong></span> <span class='ocrx_word' id='word_1_553' title='bbox 669 4187 989 4257; x_wconf 90' lang='lat' dir='ltr'><strong>hujusmodi</strong></span> <span class='ocrx_word' id='word_1_554' title='bbox 1029 4187 1357 4242; x_wconf 88' lang='lat' dir='ltr'><strong>Trinitatem</strong></span> <span class='ocrx_word' id='word_1_555' title='bbox 1414 4189 1618 4253; x_wconf 89' lang='lat' dir='ltr'><strong>unitas,</strong></span> <span class='ocrx_word' id='word_1_556' title='bbox 1649 4197 1708 4244; x_wconf 90' lang='lat' dir='ltr'><strong>et</strong></span> 
     </span>
    </p>
   </div>
   <div class='ocr_carea' id='block_1_75' title="bbox 115 4278 1702 4350">
    <p class='ocr_par' dir='ltr' id='par_1_75' title="bbox 115 4278 1702 4350">
     <span class='ocr_line' id='line_1_75' title="bbox 115 4278 1702 4350; baseline -0.001 -15"><span class='ocrx_word' id='word_1_557' title='bbox 115 4281 398 4346; x_wconf 88' lang='lat' dir='ltr'><strong>dualitas;</strong></span> <span class='ocrx_word' id='word_1_558' title='bbox 418 4286 475 4333; x_wconf 91' lang='lat' dir='ltr'><strong>et</strong></span> <span class='ocrx_word' id='word_1_559' title='bbox 490 4293 687 4333; x_wconf 87' lang='lat' dir='ltr'><strong>rursus</strong></span> <span class='ocrx_word' id='word_1_560' title='bbox 709 4279 1336 4349; x_wconf 86' lang='lat' dir='ltr'><strong>sequiturquaternitas,</strong></span> <span class='ocrx_word' id='word_1_561' title='bbox 1352 4288 1408 4334; x_wconf 90' lang='lat' dir='ltr'><strong>et</strong></span> <span class='ocrx_word' id='word_1_562' title='bbox 1421 4278 1702 4350; x_wconf 90' lang='lat' dir='ltr'><strong>deinceps.</strong></span> 
     </span>
    </p>
   </div>
   <div class='ocr_carea' id='block_1_76' title="bbox 1805 3099 3392 3161">
    <p class='ocr_par' dir='ltr' id='par_1_76' title="bbox 1805 3099 3392 3161">
     <span class='ocr_line' id='line_1_76' title="bbox 1805 3099 3392 3161; baseline -0.004 -2"><span class='ocrx_word' id='word_1_563' title='bbox 1805 3112 1892 3159; x_wconf 86' lang='lat' dir='ltr'><strong>est</strong></span> <span class='ocrx_word' id='word_1_564' title='bbox 1927 3104 2074 3160; x_wconf 90' lang='lat' dir='ltr'><strong>enim</strong></span> <span class='ocrx_word' id='word_1_565' title='bbox 2107 3103 2357 3158; x_wconf 92' lang='lat' dir='ltr'><strong>omnium</strong></span> <span class='ocrx_word' id='word_1_566' title='bbox 2382 3119 2396 3155; x_wconf 90' lang='lat'><strong>:</strong></span> <span class='ocrx_word' id='word_1_567' title='bbox 2418 3103 2500 3157; x_wconf 91' lang='lat' dir='ltr'><strong>sic</strong></span> <span class='ocrx_word' id='word_1_568' title='bbox 2530 3109 2745 3156; x_wconf 89' lang='lat' dir='ltr'><strong>nonest</strong></span> <span class='ocrx_word' id='word_1_569' title='bbox 2773 3099 3020 3154; x_wconf 90' lang='lat' dir='ltr'><strong>omnium</strong></span> <span class='ocrx_word' id='word_1_570' title='bbox 3059 3101 3392 3161; x_wconf 74' lang='lat' dir='ltr'><strong>simum,aut</strong></span> 
     </span>
    </p>
   </div>
   <div class='ocr_carea' id='block_1_77' title="bbox 1807 3185 3391 3258">
    <p class='ocr_par' dir='ltr' id='par_1_77' title="bbox 1807 3185 3391 3258">
     <span class='ocr_line' id='line_1_77' title="bbox 1807 3185 3391 3258; baseline -0.006 -10"><span class='ocrx_word' id='word_1_571' title='bbox 1807 3195 2098 3258; x_wconf 86' lang='lat' dir='ltr'><strong>aduncum,</strong></span> <span class='ocrx_word' id='word_1_572' title='bbox 2128 3193 2224 3248; x_wconf 90' lang='lat' dir='ltr'><strong>sed</strong></span> <span class='ocrx_word' id='word_1_573' title='bbox 2257 3193 2426 3246; x_wconf 91' lang='lat' dir='ltr'><strong>unius</strong></span> <span class='ocrx_word' id='word_1_574' title='bbox 2449 3197 2578 3245; x_wconf 90' lang='lat' dir='ltr'><strong>sunt</strong></span> <span class='ocrx_word' id='word_1_575' title='bbox 2605 3190 2771 3244; x_wconf 88' lang='lat' dir='ltr'><strong>talia:</strong></span> <span class='ocrx_word' id='word_1_576' title='bbox 2815 3197 2872 3243; x_wconf 90' lang='lat' dir='ltr'><strong>at</strong></span> <span class='ocrx_word' id='word_1_577' title='bbox 2905 3187 3161 3258; x_wconf 81' lang='lat' dir='ltr'><strong>exempla</strong></span> <span class='ocrx_word' id='word_1_578' title='bbox 3192 3185 3391 3256; x_wconf 81' lang='lat' dir='ltr'><strong>imagi-</strong></span> 
     </span>
    </p>
   </div>
   <div class='ocr_carea' id='block_1_78' title="bbox 1805 3275 3390 3354">
    <p class='ocr_par' dir='ltr' id='par_1_78' title="bbox 1805 3275 3390 3354">
     <span class='ocr_line' id='line_1_78' title="bbox 1805 3275 3390 3354; baseline -0.003 -17"><span class='ocrx_word' id='word_1_579' title='bbox 1805 3284 1895 3338; x_wconf 91' lang='lat' dir='ltr'><strong>nis</strong></span> <span class='ocrx_word' id='word_1_580' title='bbox 1926 3283 2330 3354; x_wconf 71' lang='lat' dir='ltr'><strong>indigna-sunt,</strong></span> <span class='ocrx_word' id='word_1_581' title='bbox 2381 3281 2593 3346; x_wconf 78' lang='lat' dir='ltr'><strong>fateor;</strong></span> <span class='ocrx_word' id='word_1_582' title='bbox 2640 3279 2890 3348; x_wconf 89' lang='lat' dir='ltr'><strong>exempla</strong></span> <span class='ocrx_word' id='word_1_583' title='bbox 2931 3287 3112 3332; x_wconf 88' lang='lat' dir='ltr'><strong>tamen</strong></span> <span class='ocrx_word' id='word_1_584' title='bbox 3163 3285 3292 3330; x_wconf 91' lang='lat' dir='ltr'><strong>sunt</strong></span> <span class='ocrx_word' id='word_1_585' title='bbox 3319 3275 3390 3332; x_wconf 90' lang='lat' dir='ltr'><strong>ad</strong></span> 
     </span>
    </p>
   </div>
   <div class='ocr_carea' id='block_1_79' title="bbox 1805 3369 3392 3440">
    <p class='ocr_par' dir='ltr' id='par_1_79' title="bbox 1805 3369 3392 3440">
     <span class='ocr_line' id='line_1_79' title="bbox 1805 3369 3392 3440; baseline -0.005 -12"><span class='ocrx_word' id='word_1_586' title='bbox 1805 3373 2222 3437; x_wconf 91' lang='lat' dir='ltr'><strong>declarandum,</strong></span> <span class='ocrx_word' id='word_1_587' title='bbox 2251 3372 2406 3428; x_wconf 91' lang='lat' dir='ltr'><strong>nullo</strong></span> <span class='ocrx_word' id='word_1_588' title='bbox 2443 3371 2610 3426; x_wconf 88' lang='lat' dir='ltr'><strong>modo</strong></span> <span class='ocrx_word' id='word_1_589' title='bbox 2646 3369 2766 3425; x_wconf 85' lang='lat' dir='ltr'><strong>ﬁeri</strong></span> <span class='ocrx_word' id='word_1_590' title='bbox 2804 3384 2991 3440; x_wconf 89' lang='lat' dir='ltr'><strong>posse,</strong></span> <span class='ocrx_word' id='word_1_591' title='bbox 3020 3375 3081 3422; x_wconf 94' lang='lat' dir='ltr'><strong>ut</strong></span> <span class='ocrx_word' id='word_1_592' title='bbox 3103 3383 3226 3436; x_wconf 81' lang='lat' dir='ltr'><strong>quae</strong></span> <span class='ocrx_word' id='word_1_593' title='bbox 3257 3381 3392 3436; x_wconf 86' lang='lat' dir='ltr'><strong>pro-</strong></span> 
     </span>
    </p>
   </div>
   <div class='ocr_carea' id='block_1_80' title="bbox 1805 3459 3390 3537">
    <p class='ocr_par' dir='ltr' id='par_1_80' title="bbox 1805 3459 3390 3537">
     <span class='ocr_line' id='line_1_80' title="bbox 1805 3459 3390 3537; baseline -0.005 -17"><span class='ocrx_word' id='word_1_594' title='bbox 1805 3466 1928 3537; x_wconf 90' lang='lat' dir='ltr'><strong>prie</strong></span> <span class='ocrx_word' id='word_1_595' title='bbox 1967 3465 2137 3519; x_wconf 89' lang='lat' dir='ltr'><strong>alicui</strong></span> <span class='ocrx_word' id='word_1_596' title='bbox 2163 3464 2374 3528; x_wconf 89' lang='lat' dir='ltr'><strong>insunt,</strong></span> <span class='ocrx_word' id='word_1_597' title='bbox 2439 3472 2652 3518; x_wconf 66' lang='lat' dir='ltr'><strong>natura:</strong></span> <span class='ocrx_word' id='word_1_598' title='bbox 2711 3461 3078 3516; x_wconf 87' lang='lat' dir='ltr'><strong>mutationem</strong></span> <span class='ocrx_word' id='word_1_599' title='bbox 3123 3459 3390 3514; x_wconf 82' lang='lat' dir='ltr'><strong>eﬁiciant.</strong></span> 
     </span>
    </p>
   </div>
   <div class='ocr_carea' id='block_1_81' title="bbox 1803 3549 3388 3616">
    <p class='ocr_par' dir='ltr' id='par_1_81' title="bbox 1803 3549 3388 3616">
     <span class='ocr_line' id='line_1_81' title="bbox 1803 3549 3388 3616; baseline -0.004 -6"><span class='ocrx_word' id='word_1_600' title='bbox 1803 3555 1942 3610; x_wconf 90' lang='lat' dir='ltr'><strong>Cum</strong></span> <span class='ocrx_word' id='word_1_601' title='bbox 1985 3552 2135 3607; x_wconf 92' lang='lat' dir='ltr'><strong>enim</strong></span> <span class='ocrx_word' id='word_1_602' title='bbox 2179 3551 2512 3616; x_wconf 89' lang='lat' dir='ltr'><strong>communis,</strong></span> <span class='ocrx_word' id='word_1_603' title='bbox 2576 3559 2638 3605; x_wconf 91' lang='lat' dir='ltr'><strong>ut</strong></span> <span class='ocrx_word' id='word_1_604' title='bbox 2680 3550 2816 3616; x_wconf 76' lang='lat' dir='ltr'><strong>dixi,</strong></span> <span class='ocrx_word' id='word_1_605' title='bbox 2861 3550 2933 3605; x_wconf 74' lang='lat' dir='ltr'><strong>sit</strong></span> <span class='ocrx_word' id='word_1_606' title='bbox 2960 3551 3275 3606; x_wconf 80' lang='lat' dir='ltr'><strong>substantia</strong></span> <span class='ocrx_word' id='word_1_607' title='bbox 3329 3549 3388 3603; x_wconf 92' lang='lat' dir='ltr'><strong>in</strong></span> 
     </span>
    </p>
   </div>
   <div class='ocr_carea' id='block_1_82' title="bbox 1805 3641 3388 3711">
    <p class='ocr_par' dir='ltr' id='par_1_82' title="bbox 1805 3641 3388 3711">
     <span class='ocr_line' id='line_1_82' title="bbox 1805 3641 3388 3711; baseline -0.003 -12"><span class='ocrx_word' id='word_1_608' title='bbox 1805 3654 1994 3700; x_wconf 90' lang='lat' dir='ltr'><strong>sancta</strong></span> <span class='ocrx_word' id='word_1_609' title='bbox 2049 3641 2346 3708; x_wconf 90' lang='lat' dir='ltr'><strong>Trinitate,</strong></span> <span class='ocrx_word' id='word_1_610' title='bbox 2393 3641 2682 3711; x_wconf 88' lang='lat' dir='ltr'><strong>proprium</strong></span> <span class='ocrx_word' id='word_1_611' title='bbox 2731 3641 2878 3710; x_wconf 90' lang='lat' dir='ltr'><strong>quod</strong></span> <span class='ocrx_word' id='word_1_612' title='bbox 2935 3641 3080 3696; x_wconf 90' lang='lat' dir='ltr'><strong>inest</strong></span> <span class='ocrx_word' id='word_1_613' title='bbox 3113 3641 3388 3711; x_wconf 87' lang='lat' dir='ltr'><strong>personis,</strong></span> 
     </span>
    </p>
   </div>
   <div class='ocr_carea' id='block_1_83' title="bbox 1807 3732 3391 3808">
    <p class='ocr_par' dir='ltr' id='par_1_83' title="bbox 1807 3732 3391 3808">
     <span class='ocr_line' id='line_1_83' title="bbox 1807 3732 3391 3808; baseline -0.003 -18"><span class='ocrx_word' id='word_1_614' title='bbox 1807 3737 2138 3808; x_wconf 87' lang='lat' dir='ltr'><strong>hypostases</strong></span> <span class='ocrx_word' id='word_1_615' title='bbox 2173 3733 2509 3802; x_wconf 88' lang='lat' dir='ltr'><strong>distinguit:</strong></span> <span class='ocrx_word' id='word_1_616' title='bbox 2574 3740 2769 3802; x_wconf 90' lang='lat' dir='ltr'><strong>estque</strong></span> <span class='ocrx_word' id='word_1_617' title='bbox 2806 3732 2982 3787; x_wconf 90' lang='lat' dir='ltr'><strong>solius</strong></span> <span class='ocrx_word' id='word_1_618' title='bbox 3025 3733 3205 3786; x_wconf 85' lang='lat' dir='ltr'><strong>Patris</strong></span> <span class='ocrx_word' id='word_1_619' title='bbox 3259 3747 3391 3802; x_wconf 87' lang='lat' dir='ltr'><strong>pro-</strong></span> 
     </span>
    </p>
   </div>
   <div class='ocr_carea' id='block_1_84' title="bbox 1807 3812 3388 3899">
    <p class='ocr_par' dir='ltr' id='par_1_84' title="bbox 1807 3812 3388 3899">
     <span class='ocr_line' id='line_1_84' title="bbox 1807 3812 3388 3899; baseline -0.003 -17"><span class='ocrx_word' id='word_1_620' title='bbox 1807 3828 2018 3899; x_wconf 89' lang='lat' dir='ltr'><strong>prium,</strong></span> <span class='ocrx_word' id='word_1_621' title='bbox 2043 3812 2387 3896; x_wconf 83' lang='lat' dir='ltr'><strong>ingenitum;</strong></span> <span class='ocrx_word' id='word_1_622' title='bbox 2417 3823 2565 3888; x_wconf 88' lang='lat' dir='ltr'><strong>Filii,</strong></span> <span class='ocrx_word' id='word_1_623' title='bbox 2597 3825 2873 3894; x_wconf 84' lang='lat' dir='ltr'><strong>genitum;</strong></span> <span class='ocrx_word' id='word_1_624' title='bbox 2909 3824 3150 3893; x_wconf 91' lang='lat' dir='ltr'><strong>Spiritus</strong></span> <span class='ocrx_word' id='word_1_625' title='bbox 3211 3824 3388 3878; x_wconf 89' lang='lat' dir='ltr'><strong>sancti</strong></span> 
     </span>
    </p>
   </div>
   <div class='ocr_carea' id='block_1_85' title="bbox 1808 3915 3388 3990">
    <p class='ocr_par' dir='ltr' id='par_1_85' title="bbox 1808 3915 3388 3990">
     <span class='ocr_line' id='line_1_85' title="bbox 1808 3915 3388 3990; baseline -0.004 -17"><span class='ocrx_word' id='word_1_626' title='bbox 1808 3919 2090 3990; x_wconf 77' lang='lat' dir='ltr'><strong>procedens</strong></span> <span class='ocrx_word' id='word_1_627' title='bbox 2116 3932 2269 3972; x_wconf 88' lang='lat' dir='ltr'><strong>:_nec</strong></span> <span class='ocrx_word' id='word_1_628' title='bbox 2304 3924 2530 3986; x_wconf 86' lang='lat' dir='ltr'><strong>Oportet</strong></span> <span class='ocrx_word' id='word_1_629' title='bbox 2561 3915 2616 3970; x_wconf 90' lang='lat' dir='ltr'><strong>in</strong></span> <span class='ocrx_word' id='word_1_630' title='bbox 2674 3916 2897 3984; x_wconf 89' lang='lat' dir='ltr'><strong>propria</strong></span> <span class='ocrx_word' id='word_1_631' title='bbox 2942 3915 3048 3969; x_wconf 88' lang='lat' dir='ltr'><strong>ista</strong></span> <span class='ocrx_word' id='word_1_632' title='bbox 3083 3917 3388 3979; x_wconf 90' lang='lat' dir='ltr'><strong>intuentes,</strong></span> 
     </span>
    </p>
   </div>
   <div class='ocr_carea' id='block_1_86' title="bbox 1807 4006 3390 4078">
    <p class='ocr_par' dir='ltr' id='par_1_86' title="bbox 1807 4006 3390 4078">
     <span class='ocr_line' id='line_1_86' title="bbox 1807 4006 3390 4078; baseline -0.005 -12"><span class='ocrx_word' id='word_1_633' title='bbox 1807 4010 2177 4067; x_wconf 82' lang='lat' dir='ltr'><strong>diﬁ‘erentiam</strong></span> <span class='ocrx_word' id='word_1_634' title='bbox 2209 4022 2432 4078; x_wconf 91' lang='lat' dir='ltr'><strong>quoque</strong></span> <span class='ocrx_word' id='word_1_635' title='bbox 2459 4006 2784 4062; x_wconf 72' lang='lat' dir='ltr'><strong>substantia:</strong></span> <span class='ocrx_word' id='word_1_636' title='bbox 2810 4021 3059 4075; x_wconf 69' lang='lat' dir='ltr'><strong>quaerere</strong></span> <span class='ocrx_word' id='word_1_637' title='bbox 3085 4023 3098 4059; x_wconf 96' lang='lat'><strong>:</strong></span> <span class='ocrx_word' id='word_1_638' title='bbox 3155 4006 3390 4074; x_wconf 90' lang='lat' dir='ltr'><strong>impium</strong></span> 
     </span>
    </p>
   </div>
   <div class='ocr_carea' id='block_1_87' title="bbox 1806 4097 3388 4168">
    <p class='ocr_par' dir='ltr' id='par_1_87' title="bbox 1806 4097 3388 4168">
     <span class='ocr_line' id='line_1_87' title="bbox 1806 4097 3388 4168; baseline -0.006 -10"><span class='ocrx_word' id='word_1_639' title='bbox 1806 4103 1956 4159; x_wconf 91' lang='lat' dir='ltr'><strong>enim</strong></span> <span class='ocrx_word' id='word_1_640' title='bbox 1993 4109 2078 4157; x_wconf 91' lang='lat' dir='ltr'><strong>est</strong></span> <span class='ocrx_word' id='word_1_641' title='bbox 2103 4101 2267 4155; x_wconf 91' lang='lat' dir='ltr'><strong>simul</strong></span> <span class='ocrx_word' id='word_1_642' title='bbox 2291 4108 2346 4155; x_wconf 91' lang='lat' dir='ltr'><strong>et</strong></span> <span class='ocrx_word' id='word_1_643' title='bbox 2382 4099 2611 4154; x_wconf 83' lang='lat' dir='ltr'><strong>stultum</strong></span> <span class='ocrx_word' id='word_1_644' title='bbox 2637 4099 2754 4154; x_wconf 62' lang='lat' dir='ltr'><strong>haec</strong></span> <span class='ocrx_word' id='word_1_645' title='bbox 2777 4097 3083 4168; x_wconf 88' lang='lat' dir='ltr'><strong>suspicari:</strong></span> <span class='ocrx_word' id='word_1_646' title='bbox 3113 4097 3207 4167; x_wconf 90' lang='lat' dir='ltr'><strong>qui</strong></span> <span class='ocrx_word' id='word_1_647' title='bbox 3238 4097 3388 4151; x_wconf 91' lang='lat' dir='ltr'><strong>enim</strong></span> 
     </span>
    </p>
   </div>
   <div class='ocr_carea' id='block_1_88' title="bbox 1807 4186 3390 4262">
    <p class='ocr_par' dir='ltr' id='par_1_88' title="bbox 1807 4186 3390 4262">
     <span class='ocr_line' id='line_1_88' title="bbox 1807 4186 3390 4262; baseline -0.004 -16"><span class='ocrx_word' id='word_1_648' title='bbox 1807 4192 1914 4247; x_wconf 88' lang='lat' dir='ltr'><strong>hoc</strong></span> <span class='ocrx_word' id='word_1_649' title='bbox 1943 4200 2100 4262; x_wconf 90' lang='lat' dir='ltr'><strong>putat</strong></span> <span class='ocrx_word' id='word_1_650' title='bbox 2126 4206 2322 4246; x_wconf 88' lang='lat' dir='ltr'><strong>verum</strong></span> <span class='ocrx_word' id='word_1_651' title='bbox 2357 4206 2500 4254; x_wconf 89' lang='lat' dir='ltr'><strong>esse,</strong></span> <span class='ocrx_word' id='word_1_652' title='bbox 2541 4198 2598 4244; x_wconf 92' lang='lat' dir='ltr'><strong>et</strong></span> <span class='ocrx_word' id='word_1_653' title='bbox 2653 4189 2817 4244; x_wconf 92' lang='lat' dir='ltr'><strong>simul</strong></span> <span class='ocrx_word' id='word_1_654' title='bbox 2848 4204 2973 4244; x_wconf 91' lang='lat' dir='ltr'><strong>cum</strong></span> <span class='ocrx_word' id='word_1_655' title='bbox 3023 4186 3390 4258; x_wconf 86' lang='lat' dir='ltr'><strong>proprietati-</strong></span> 
     </span>
    </p>
   </div>
   <div class='ocr_carea' id='block_1_89' title="bbox 1807 4277 3388 4350">
    <p class='ocr_par' dir='ltr' id='par_1_89' title="bbox 1807 4277 3388 4350">
     <span class='ocr_line' id='line_1_89' title="bbox 1807 4277 3388 4350; baseline -0.004 -15"><span class='ocrx_word' id='word_1_656' title='bbox 1807 4281 1914 4336; x_wconf 91' lang='lat' dir='ltr'><strong>bus</strong></span> <span class='ocrx_word' id='word_1_657' title='bbox 1937 4279 2316 4350; x_wconf 87' lang='lat' dir='ltr'><strong>singularibus</strong></span> <span class='ocrx_word' id='word_1_658' title='bbox 2339 4289 2361 4318; x_wconf 75' lang='grc' dir='ltr'>θ</span> <span class='ocrx_word' id='word_1_659' title='bbox 2380 4279 2748 4333; x_wconf 86' lang='lat' dir='ltr'><strong>substantiam</strong></span> <span class='ocrx_word' id='word_1_660' title='bbox 2779 4287 2990 4343; x_wconf 89' lang='lat' dir='ltr'><strong>mutat;</strong></span> <span class='ocrx_word' id='word_1_661' title='bbox 3014 4285 3173 4346; x_wconf 90' lang='lat' dir='ltr'><strong>putet</strong></span> <span class='ocrx_word' id='word_1_662' title='bbox 3199 4277 3388 4339; x_wconf 90' lang='lat' dir='ltr'><strong>etiam,</strong></span> 
     </span>
    </p>
   </div>
   <div class='ocr_carea' id='block_1_90' title="bbox 117 4365 3390 4439">
    <p class='ocr_par' dir='ltr' id='par_1_90' title="bbox 117 4365 3390 4439">
     <span class='ocr_line' id='line_1_90' title="bbox 117 4365 3390 4439; baseline -0.002 -11"><span class='ocrx_word' id='word_1_663' title='bbox 117 4373 389 4428; x_wconf 80' lang='lat' dir='ltr'><strong>Sanctam</strong></span> <span class='ocrx_word' id='word_1_664' title='bbox 443 4385 579 4426; x_wconf 86' lang='lat' dir='ltr'><strong>vero</strong></span> <span class='ocrx_word' id='word_1_665' title='bbox 607 4370 932 4425; x_wconf 90' lang='lat' dir='ltr'><strong>Trinitatem</strong></span> <span class='ocrx_word' id='word_1_666' title='bbox 965 4386 1076 4426; x_wconf 88' lang='lat' dir='ltr'><strong>non</strong></span> <span class='ocrx_word' id='word_1_667' title='bbox 1123 4370 1458 4425; x_wconf 90' lang='lat' dir='ltr'><strong>antecedunt</strong></span> <span class='ocrx_word' id='word_1_668' title='bbox 1503 4371 1708 4438; x_wconf 92' lang='lat' dir='ltr'><strong>unitas,</strong></span> <span class='ocrx_word' id='word_1_669' title='bbox 1741 4378 1788 4434; x_wconf 82' lang='grc' dir='ltr'><strong>ι)</strong></span> <span class='ocrx_word' id='word_1_670' title='bbox 1817 4382 1878 4425; x_wconf 93' lang='lat' dir='ltr'><strong>ut</strong></span> <span class='ocrx_word' id='word_1_671' title='bbox 1909 4384 2257 4439; x_wconf 89' lang='lat' dir='ltr'><strong>consequens</strong></span> <span class='ocrx_word' id='word_1_672' title='bbox 2294 4377 2399 4434; x_wconf 88' lang='lat' dir='ltr'><strong>est,</strong></span> <span class='ocrx_word' id='word_1_673' title='bbox 2435 4369 2608 4423; x_wconf 88' lang='lat' dir='ltr'><strong>Adam</strong></span> <span class='ocrx_word' id='word_1_674' title='bbox 2652 4379 2708 4424; x_wconf 86' lang='lat' dir='ltr'><strong>et</strong></span> <span class='ocrx_word' id='word_1_675' title='bbox 2770 4369 2940 4423; x_wconf 88' lang='lat' dir='ltr'><strong>Evam</strong></span> <span class='ocrx_word' id='word_1_676' title='bbox 2985 4377 3042 4422; x_wconf 91' lang='lat' dir='ltr'><strong>et</strong></span> <span class='ocrx_word' id='word_1_677' title='bbox 3086 4365 3221 4421; x_wconf 77' lang='lat' dir='ltr'><strong>Abel</strong></span> <span class='ocrx_word' id='word_1_678' title='bbox 3276 4383 3390 4422; x_wconf 91' lang='lat' dir='ltr'><strong>non</strong></span> 
     </span>
    </p>
   </div>
   <div class='ocr_carea' id='block_1_91' title="bbox 115 4459 1702 4531">
    <p class='ocr_par' dir='ltr' id='par_1_91' title="bbox 115 4459 1702 4531">
     <span class='ocr_line' id='line_1_91' title="bbox 115 4459 1702 4531; baseline -0.002 -13"><span class='ocrx_word' id='word_1_679' title='bbox 115 4462 211 4518; x_wconf 87' lang='lat' dir='ltr'><strong>vel</strong></span> <span class='ocrx_word' id='word_1_680' title='bbox 246 4461 515 4525; x_wconf 92' lang='lat' dir='ltr'><strong>dualitas,</strong></span> <span class='ocrx_word' id='word_1_681' title='bbox 546 4475 729 4531; x_wconf 88' lang='lat' dir='ltr'><strong>neque</strong></span> <span class='ocrx_word' id='word_1_682' title='bbox 766 4459 1024 4529; x_wconf 89' lang='lat' dir='ltr'><strong>sequitur</strong></span> <span class='ocrx_word' id='word_1_683' title='bbox 1057 4459 1419 4529; x_wconf 90' lang='lat' dir='ltr'><strong>quaternitas,</strong></span> <span class='ocrx_word' id='word_1_684' title='bbox 1461 4468 1516 4515; x_wconf 90' lang='lat' dir='ltr'><strong>et</strong></span> <span class='ocrx_word' id='word_1_685' title='bbox 1544 4461 1702 4515; x_wconf 91' lang='lat' dir='ltr'><strong>dein-</strong></span> 
     </span>
    </p>
   </div>
   <div class='ocr_carea' id='block_1_92' title="bbox 118 4549 1705 4620">
    <p class='ocr_par' dir='ltr' id='par_1_92' title="bbox 118 4549 1705 4620">
     <span class='ocr_line' id='line_1_92' title="bbox 118 4549 1705 4620; baseline 0.001 -14"><span class='ocrx_word' id='word_1_686' title='bbox 118 4565 292 4620; x_wconf 89' lang='lat' dir='ltr'><strong>ceps;</strong></span> <span class='ocrx_word' id='word_1_687' title='bbox 329 4557 540 4605; x_wconf 90' lang='lat' dir='ltr'><strong>natura.</strong></span> <span class='ocrx_word' id='word_1_688' title='bbox 554 4551 702 4605; x_wconf 90' lang='lat' dir='ltr'><strong>enim</strong></span> <span class='ocrx_word' id='word_1_689' title='bbox 721 4557 807 4605; x_wconf 91' lang='lat' dir='ltr'><strong>est</strong></span> <span class='ocrx_word' id='word_1_690' title='bbox 828 4549 1073 4604; x_wconf 87' lang='lat' dir='ltr'><strong>Trinitas</strong></span> <span class='ocrx_word' id='word_1_691' title='bbox 1086 4565 1304 4620; x_wconf 88' lang='lat' dir='ltr'><strong>semper</strong></span> <span class='ocrx_word' id='word_1_692' title='bbox 1318 4551 1514 4606; x_wconf 89' lang='lat' dir='ltr'><strong>eodem</strong></span> <span class='ocrx_word' id='word_1_693' title='bbox 1539 4552 1705 4607; x_wconf 93' lang='lat' dir='ltr'><strong>modo</strong></span> 
     </span>
    </p>
   </div>
   <div class='ocr_carea' id='block_1_93' title="bbox 117 4638 1708 4715">
    <p class='ocr_par' dir='ltr' id='par_1_93' title="bbox 117 4638 1708 4715">
     <span class='ocr_line' id='line_1_93' title="bbox 117 4638 1708 4715; baseline 0.002 -19"><span class='ocrx_word' id='word_1_694' title='bbox 117 4655 182 4696; x_wconf 88' lang='lat' dir='ltr'><strong>se</strong></span> <span class='ocrx_word' id='word_1_695' title='bbox 219 4638 461 4704; x_wconf 89' lang='lat' dir='ltr'><strong>habens,</strong></span> <span class='ocrx_word' id='word_1_696' title='bbox 498 4655 681 4710; x_wconf 89' lang='lat' dir='ltr'><strong>neque</strong></span> <span class='ocrx_word' id='word_1_697' title='bbox 707 4640 992 4708; x_wconf 86' lang='lat' dir='ltr'><strong>deﬁciens,</strong></span> <span class='ocrx_word' id='word_1_698' title='bbox 1040 4657 1144 4696; x_wconf 90' lang='lat' dir='ltr'><strong>nec</strong></span> <span class='ocrx_word' id='word_1_699' title='bbox 1181 4642 1497 4698; x_wconf 87' lang='lat' dir='ltr'><strong>abundans:</strong></span> <span class='ocrx_word' id='word_1_700' title='bbox 1535 4643 1708 4715; x_wconf 92' lang='lat' dir='ltr'><strong>siqui-</strong></span> 
     </span>
    </p>
   </div>
   <div class='ocr_carea' id='block_1_94' title="bbox 118 4730 1705 4802">
    <p class='ocr_par' dir='ltr' id='par_1_94' title="bbox 118 4730 1705 4802">
     <span class='ocr_line' id='line_1_94' title="bbox 118 4730 1705 4802; baseline 0.002 -16"><span class='ocrx_word' id='word_1_701' title='bbox 118 4731 257 4786; x_wconf 87' lang='lat' dir='ltr'><strong>dem</strong></span> <span class='ocrx_word' id='word_1_702' title='bbox 290 4730 348 4785; x_wconf 91' lang='lat' dir='ltr'><strong>in</strong></span> <span class='ocrx_word' id='word_1_703' title='bbox 375 4731 589 4786; x_wconf 89' lang='lat' dir='ltr'><strong>unitate</strong></span> <span class='ocrx_word' id='word_1_704' title='bbox 631 4731 960 4787; x_wconf 88' lang='lat' dir='ltr'><strong>Trinitatem</strong></span> <span class='ocrx_word' id='word_1_705' title='bbox 1005 4732 1474 4802; x_wconf 89' lang='lat' dir='ltr'><strong>contemplamur;</strong></span> <span class='ocrx_word' id='word_1_706' title='bbox 1538 4742 1596 4788; x_wconf 92' lang='lat' dir='ltr'><strong>et</strong></span> <span class='ocrx_word' id='word_1_707' title='bbox 1649 4735 1705 4790; x_wconf 90' lang='lat' dir='ltr'><strong>in</strong></span> 
     </span>
    </p>
   </div>
   <div class='ocr_carea' id='block_1_95' title="bbox 118 4818 1705 4877">
    <p class='ocr_par' dir='ltr' id='par_1_95' title="bbox 118 4818 1705 4877">
     <span class='ocr_line' id='line_1_95' title="bbox 118 4818 1705 4877; baseline 0.001 -2"><span class='ocrx_word' id='word_1_708' title='bbox 118 4818 408 4875; x_wconf 87' lang='lat' dir='ltr'><strong>Trinitate</strong></span> <span class='ocrx_word' id='word_1_709' title='bbox 436 4821 734 4875; x_wconf 90' lang='lat' dir='ltr'><strong>unitatem:</strong></span> <span class='ocrx_word' id='word_1_710' title='bbox 787 4837 914 4877; x_wconf 89' lang='lat' dir='ltr'><strong>cum</strong></span> <span class='ocrx_word' id='word_1_711' title='bbox 962 4821 1111 4875; x_wconf 92' lang='lat' dir='ltr'><strong>enim</strong></span> <span class='ocrx_word' id='word_1_712' title='bbox 1144 4820 1509 4876; x_wconf 86' lang='lat' dir='ltr'><strong>substantiam</strong></span> <span class='ocrx_word' id='word_1_713' title='bbox 1541 4821 1705 4877; x_wconf 84' lang='lat' dir='ltr'><strong>intel-</strong></span> 
     </span>
    </p>
   </div>
   <div class='ocr_carea' id='block_1_96' title="bbox 119 4911 1703 4983">
    <p class='ocr_par' dir='ltr' id='par_1_96' title="bbox 119 4911 1703 4983">
     <span class='ocr_line' id='line_1_96' title="bbox 119 4911 1703 4983; baseline 0.001 -16"><span class='ocrx_word' id='word_1_714' title='bbox 119 4911 382 4983; x_wconf 87' lang='lat' dir='ltr'><strong>ligimus,</strong></span> <span class='ocrx_word' id='word_1_715' title='bbox 411 4911 718 4980; x_wconf 90' lang='lat' dir='ltr'><strong>simplicem</strong></span> <span class='ocrx_word' id='word_1_716' title='bbox 747 4913 1022 4968; x_wconf 88' lang='lat' dir='ltr'><strong>unitatem</strong></span> <span class='ocrx_word' id='word_1_717' title='bbox 1066 4913 1544 4982; x_wconf 88' lang='lat' dir='ltr'><strong>contemplamur;</strong></span> <span class='ocrx_word' id='word_1_718' title='bbox 1579 4927 1703 4968; x_wconf 93' lang='lat' dir='ltr'><strong>cum</strong></span> 
     </span>
    </p>
   </div>
   <div class='ocr_carea' id='block_1_97' title="bbox 118 5001 1708 5074">
    <p class='ocr_par' dir='ltr' id='par_1_97' title="bbox 118 5001 1708 5074">
     <span class='ocr_line' id='line_1_97' title="bbox 118 5001 1708 5074; baseline 0.001 -18"><span class='ocrx_word' id='word_1_719' title='bbox 118 5015 271 5056; x_wconf 85' lang='lat' dir='ltr'><strong>vero</strong></span> <span class='ocrx_word' id='word_1_720' title='bbox 325 5001 672 5072; x_wconf 87' lang='lat' dir='ltr'><strong>bypostases,</strong></span> <span class='ocrx_word' id='word_1_721' title='bbox 721 5001 1050 5058; x_wconf 89' lang='lat' dir='ltr'><strong>Trinitatem</strong></span> <span class='ocrx_word' id='word_1_722' title='bbox 1105 5001 1470 5073; x_wconf 89' lang='lat' dir='ltr'><strong>proﬁtemur:</strong></span> <span class='ocrx_word' id='word_1_723' title='bbox 1533 5018 1708 5074; x_wconf 90' lang='lat' dir='ltr'><strong>usque</strong></span> 
     </span>
    </p>
   </div>
   <div class='ocr_carea' id='block_1_98' title="bbox 121 5092 1710 5166">
    <p class='ocr_par' dir='ltr' id='par_1_98' title="bbox 121 5092 1710 5166">
     <span class='ocr_line' id='line_1_98' title="bbox 121 5092 1710 5166; baseline 0.001 -18"><span class='ocrx_word' id='word_1_724' title='bbox 121 5092 197 5148; x_wconf 89' lang='lat' dir='ltr'><strong>ad</strong></span> <span class='ocrx_word' id='word_1_725' title='bbox 237 5092 414 5146; x_wconf 87' lang='lat' dir='ltr'><strong>solam</strong></span> <span class='ocrx_word' id='word_1_726' title='bbox 478 5093 629 5147; x_wconf 89' lang='lat' dir='ltr'><strong>enim</strong></span> <span class='ocrx_word' id='word_1_727' title='bbox 660 5093 988 5150; x_wconf 90' lang='lat' dir='ltr'><strong>Trinitatem</strong></span> <span class='ocrx_word' id='word_1_728' title='bbox 1037 5110 1398 5166; x_wconf 88' lang='lat' dir='ltr'><strong>personarum</strong></span> <span class='ocrx_word' id='word_1_729' title='bbox 1447 5095 1710 5151; x_wconf 84' lang='lat' dir='ltr'><strong>dilatatur</strong></span> 
     </span>
    </p>
   </div>
   <div class='ocr_carea' id='block_1_99' title="bbox 117 5183 1709 5245">
    <p class='ocr_par' dir='ltr' id='par_1_99' title="bbox 117 5183 1709 5245">
     <span class='ocr_line' id='line_1_99' title="bbox 117 5183 1709 5245; baseline 0.002 -3"><span class='ocrx_word' id='word_1_730' title='bbox 117 5185 323 5242; x_wconf 87' lang='lat' dir='ltr'><strong>unitas</strong></span> <span class='ocrx_word' id='word_1_731' title='bbox 347 5183 704 5241; x_wconf 68' lang='lat' dir='ltr'><strong>substantiae:</strong></span> <span class='ocrx_word' id='word_1_732' title='bbox 739 5189 847 5242; x_wconf 91' lang='lat' dir='ltr'><strong>etsi</strong></span> <span class='ocrx_word' id='word_1_733' title='bbox 887 5187 1037 5242; x_wconf 93' lang='lat' dir='ltr'><strong>enim</strong></span> <span class='ocrx_word' id='word_1_734' title='bbox 1068 5198 1152 5244; x_wconf 91' lang='lat' dir='ltr'><strong>est</strong></span> <span class='ocrx_word' id='word_1_735' title='bbox 1180 5203 1289 5243; x_wconf 86' lang='lat' dir='ltr'><strong>una</strong></span> <span class='ocrx_word' id='word_1_736' title='bbox 1335 5197 1529 5243; x_wconf 89' lang='lat' dir='ltr'><strong>natura</strong></span> <span class='ocrx_word' id='word_1_737' title='bbox 1561 5189 1709 5245; x_wconf 83' lang='lat' dir='ltr'><strong>divi-</strong></span> 
     </span>
    </p>
   </div>
   <div class='ocr_carea' id='block_1_100' title="bbox 1805 4457 3392 4533">
    <p class='ocr_par' dir='ltr' id='par_1_100' title="bbox 1805 4457 3392 4533">
     <span class='ocr_line' id='line_1_100' title="bbox 1805 4457 3392 4533; baseline -0.006 -13"><span class='ocrx_word' id='word_1_738' title='bbox 1805 4479 1930 4521; x_wconf 91' lang='lat' dir='ltr'><strong>esse</strong></span> <span class='ocrx_word' id='word_1_739' title='bbox 1991 4461 2238 4533; x_wconf 88' lang='lat' dir='ltr'><strong>ejusdem</strong></span> <span class='ocrx_word' id='word_1_740' title='bbox 2282 4459 2646 4514; x_wconf 61' lang='lat' dir='ltr'><strong>substantiae:</strong></span> <span class='ocrx_word' id='word_1_741' title='bbox 2689 4460 2820 4530; x_wconf 87' lang='lat' dir='ltr'><strong>quia</strong></span> <span class='ocrx_word' id='word_1_742' title='bbox 2866 4458 3039 4513; x_wconf 86' lang='lat' dir='ltr'><strong>Adam</strong></span> <span class='ocrx_word' id='word_1_743' title='bbox 3075 4466 3159 4512; x_wconf 90' lang='lat' dir='ltr'><strong>est</strong></span> <span class='ocrx_word' id='word_1_744' title='bbox 3191 4457 3392 4512; x_wconf 81' lang='lat' dir='ltr'><strong>forma-</strong></span> 
     </span>
    </p>
   </div>
   <div class='ocr_carea' id='block_1_101' title="bbox 1807 4547 3390 4622">
    <p class='ocr_par' dir='ltr' id='par_1_101' title="bbox 1807 4547 3390 4622">
     <span class='ocr_line' id='line_1_101' title="bbox 1807 4547 3390 4622; baseline -0.006 -11"><span class='ocrx_word' id='word_1_745' title='bbox 1807 4565 1898 4611; x_wconf 93' lang='lat' dir='ltr'><strong>tus</strong></span> <span class='ocrx_word' id='word_1_746' title='bbox 1925 4554 1946 4593; x_wconf 70' lang='grc' dir='ltr'><em>τ</em></span> <span class='ocrx_word' id='word_1_747' title='bbox 1970 4572 1985 4622; x_wconf 89' lang='grc'>;</span> <span class='ocrx_word' id='word_1_748' title='bbox 2006 4554 2118 4608; x_wconf 90' lang='lat' dir='ltr'><strong>Eva</strong></span> <span class='ocrx_word' id='word_1_749' title='bbox 2147 4551 2389 4606; x_wconf 84' lang='lat' dir='ltr'><strong>abscissa</strong></span> <span class='ocrx_word' id='word_1_750' title='bbox 2411 4568 2426 4617; x_wconf 92' lang='lat'><strong>;</strong></span> <span class='ocrx_word' id='word_1_751' title='bbox 2447 4551 2582 4605; x_wconf 88' lang='lat' dir='ltr'><strong>Abel</strong></span> <span class='ocrx_word' id='word_1_752' title='bbox 2611 4551 2860 4621; x_wconf 86' lang='lat' dir='ltr'><strong>genitus:</strong></span> <span class='ocrx_word' id='word_1_753' title='bbox 2887 4559 2944 4603; x_wconf 92' lang='lat' dir='ltr'><strong>et</strong></span> <span class='ocrx_word' id='word_1_754' title='bbox 2968 4549 3139 4602; x_wconf 86' lang='lat' dir='ltr'><strong>Adam</strong></span> <span class='ocrx_word' id='word_1_755' title='bbox 3164 4547 3390 4617; x_wconf 71' lang='lat' dir='ltr'><strong>quidem</strong></span> 
     </span>
    </p>
   </div>
   <div class='ocr_carea' id='block_1_102' title="bbox 1806 4640 3394 4718">
    <p class='ocr_par' dir='ltr' id='par_1_102' title="bbox 1806 4640 3394 4718">
     <span class='ocr_line' id='line_1_102' title="bbox 1806 4640 3394 4718; baseline -0.007 -16"><span class='ocrx_word' id='word_1_756' title='bbox 1806 4656 1987 4718; x_wconf 86' lang='lat' dir='ltr'><strong>pater,</strong></span> <span class='ocrx_word' id='word_1_757' title='bbox 2011 4647 2125 4700; x_wconf 81' lang='lat' dir='ltr'><strong>Eva</strong></span> <span class='ocrx_word' id='word_1_758' title='bbox 2149 4659 2283 4698; x_wconf 89' lang='lat' dir='ltr'><strong>vero</strong></span> <span class='ocrx_word' id='word_1_759' title='bbox 2338 4651 2538 4707; x_wconf 87' lang='lat' dir='ltr'><strong>mater,</strong></span> <span class='ocrx_word' id='word_1_760' title='bbox 2588 4641 2724 4697; x_wconf 89' lang='lat' dir='ltr'><strong>Abel</strong></span> <span class='ocrx_word' id='word_1_761' title='bbox 2752 4650 2938 4696; x_wconf 88' lang='lat' dir='ltr'><strong>autem</strong></span> <span class='ocrx_word' id='word_1_762' title='bbox 2978 4640 3156 4695; x_wconf 82' lang='lat' dir='ltr'><strong>ﬁlius:</strong></span> <span class='ocrx_word' id='word_1_763' title='bbox 3197 4654 3394 4718; x_wconf 77' lang='lat' dir='ltr'><strong>omnes</strong></span> 
     </span>
    </p>
   </div>
   <div class='ocr_carea' id='block_1_103' title="bbox 1810 4717 3395 4793">
    <p class='ocr_par' dir='ltr' id='par_1_103' title="bbox 1810 4717 3395 4793">
     <span class='ocr_line' id='line_1_103' title="bbox 1810 4717 3395 4793; baseline -0.004 0"><span class='ocrx_word' id='word_1_764' title='bbox 1810 4717 1989 4793; x_wconf 79' lang='lat' dir='ltr'><strong>tamen</strong></span> <span class='ocrx_word' id='word_1_765' title='bbox 2009 4735 2266 4791; x_wconf 90' lang='lat' dir='ltr'><strong>homines</strong></span> <span class='ocrx_word' id='word_1_766' title='bbox 2304 4734 2611 4790; x_wconf 88' lang='lat' dir='ltr'><strong>secundum</strong></span> <span class='ocrx_word' id='word_1_767' title='bbox 2642 4733 3012 4789; x_wconf 85' lang='lat' dir='ltr'><strong>substantiam</strong></span> <span class='ocrx_word' id='word_1_768' title='bbox 3060 4717 3205 4786; x_wconf 23' lang='lat' dir='ltr'><strong>nihil.</strong></span> <span class='ocrx_word' id='word_1_769' title='bbox 3243 4731 3395 4786; x_wconf 81' lang='lat' dir='ltr'><strong>inter</strong></span> 
     </span>
    </p>
   </div>
   <div class='ocr_carea' id='block_1_104' title="bbox 1807 4823 3388 4890">
    <p class='ocr_par' dir='ltr' id='par_1_104' title="bbox 1807 4823 3388 4890">
     <span class='ocr_line' id='line_1_104' title="bbox 1807 4823 3388 4890; baseline -0.004 -7"><span class='ocrx_word' id='word_1_770' title='bbox 1807 4843 1867 4883; x_wconf 92' lang='lat' dir='ltr'><strong>se</strong></span> <span class='ocrx_word' id='word_1_771' title='bbox 1907 4827 2248 4890; x_wconf 74' lang='lat' dir='ltr'><strong>differentes,</strong></span> <span class='ocrx_word' id='word_1_772' title='bbox 2275 4825 2493 4880; x_wconf 89' lang='lat' dir='ltr'><strong>tametsi</strong></span> <span class='ocrx_word' id='word_1_773' title='bbox 2529 4823 2699 4879; x_wconf 84' lang='lat' dir='ltr'><strong>Adam</strong></span> <span class='ocrx_word' id='word_1_774' title='bbox 2730 4840 2838 4879; x_wconf 91' lang='lat' dir='ltr'><strong>non</strong></span> <span class='ocrx_word' id='word_1_775' title='bbox 2864 4831 2948 4878; x_wconf 91' lang='lat' dir='ltr'><strong>est</strong></span> <span class='ocrx_word' id='word_1_776' title='bbox 2976 4823 3388 4878; x_wconf 81' lang='lat' dir='ltr'><strong>naturalitcrex</strong></span> 
     </span>
    </p>
   </div>
   <div class='ocr_carea' id='block_1_105' title="bbox 1803 4911 3388 4989">
    <p class='ocr_par' dir='ltr' id='par_1_105' title="bbox 1803 4911 3388 4989">
     <span class='ocr_line' id='line_1_105' title="bbox 1803 4911 3388 4989; baseline -0.005 -16"><span class='ocrx_word' id='word_1_777' title='bbox 1803 4917 2152 4989; x_wconf 89' lang='lat' dir='ltr'><strong>parentibus,</strong></span> <span class='ocrx_word' id='word_1_778' title='bbox 2210 4915 2305 4970; x_wconf 89' lang='lat' dir='ltr'><strong>sed</strong></span> <span class='ocrx_word' id='word_1_779' title='bbox 2342 4916 2611 4969; x_wconf 84' lang='lat' dir='ltr'><strong>formatus</strong></span> <span class='ocrx_word' id='word_1_780' title='bbox 2659 4923 2744 4969; x_wconf 91' lang='lat' dir='ltr'><strong>est</strong></span> <span class='ocrx_word' id='word_1_781' title='bbox 2789 4913 2887 4969; x_wconf 91' lang='lat' dir='ltr'><strong>Dei</strong></span> <span class='ocrx_word' id='word_1_782' title='bbox 2951 4912 3244 4977; x_wconf 89' lang='lat' dir='ltr'><strong>manibus;</strong></span> <span class='ocrx_word' id='word_1_783' title='bbox 3273 4911 3388 4966; x_wconf 89' lang='lat' dir='ltr'><strong>Eva</strong></span> 
     </span>
    </p>
   </div>
   <div class='ocr_carea' id='block_1_106' title="bbox 1805 5003 3387 5079">
    <p class='ocr_par' dir='ltr' id='par_1_106' title="bbox 1805 5003 3387 5079">
     <span class='ocr_line' id='line_1_106' title="bbox 1805 5003 3387 5079; baseline -0.004 -15"><span class='ocrx_word' id='word_1_784' title='bbox 1805 5025 1934 5079; x_wconf 91' lang='lat' dir='ltr'><strong>pars</strong></span> <span class='ocrx_word' id='word_1_785' title='bbox 1965 5017 2051 5062; x_wconf 90' lang='lat' dir='ltr'><strong>est</strong></span> <span class='ocrx_word' id='word_1_786' title='bbox 2081 5006 2429 5070; x_wconf 55' lang='lat' dir='ltr'><strong>formati,”</strong></span> <span class='ocrx_word' id='word_1_787' title='bbox 2461 5005 2582 5060; x_wconf 87' lang='lat' dir='ltr'><strong>viro</strong></span> <span class='ocrx_word' id='word_1_788' title='bbox 2613 5005 2885 5071; x_wconf 85' lang='lat' dir='ltr'><strong>abscissa;</strong></span> <span class='ocrx_word' id='word_1_789' title='bbox 2921 5003 3058 5058; x_wconf 82' lang='lat' dir='ltr'><strong>Abel</strong></span> <span class='ocrx_word' id='word_1_790' title='bbox 3087 5011 3269 5057; x_wconf 90' lang='lat' dir='ltr'><strong>autem</strong></span> <span class='ocrx_word' id='word_1_791' title='bbox 3320 5017 3387 5057; x_wconf 75' lang='lat' dir='ltr'><strong>ex</strong></span> 
     </span>
    </p>
   </div>
   <div class='ocr_carea' id='block_1_107' title="bbox 1807 5095 3386 5166">
    <p class='ocr_par' dir='ltr' id='par_1_107' title="bbox 1807 5095 3386 5166">
     <span class='ocr_line' id='line_1_107' title="bbox 1807 5095 3386 5166; baseline -0.003 -12"><span class='ocrx_word' id='word_1_792' title='bbox 1807 5099 2050 5154; x_wconf 84' lang='lat' dir='ltr'><strong>formato</strong></span> <span class='ocrx_word' id='word_1_793' title='bbox 2079 5109 2136 5153; x_wconf 93' lang='lat' dir='ltr'><strong>et</strong></span> <span class='ocrx_word' id='word_1_794' title='bbox 2189 5097 2434 5153; x_wconf 90' lang='lat' dir='ltr'><strong>abscissa</strong></span> <span class='ocrx_word' id='word_1_795' title='bbox 2473 5098 2810 5152; x_wconf 88' lang='lat' dir='ltr'><strong>naturaliter</strong></span> <span class='ocrx_word' id='word_1_796' title='bbox 2855 5105 3038 5152; x_wconf 89' lang='lat' dir='ltr'><strong>ortum</strong></span> <span class='ocrx_word' id='word_1_797' title='bbox 3097 5095 3264 5166; x_wconf 85' lang='lat' dir='ltr'><strong>cepit,</strong></span> <span class='ocrx_word' id='word_1_798' title='bbox 3319 5109 3386 5150; x_wconf 80' lang='lat' dir='ltr'><strong>ex</strong></span> 
     </span>
    </p>
   </div>
   <div class='ocr_carea' id='block_1_108' title="bbox 1806 5187 3386 5263">
    <p class='ocr_par' dir='ltr' id='par_1_108' title="bbox 1806 5187 3386 5263">
     <span class='ocr_line' id='line_1_108' title="bbox 1806 5187 3386 5263; baseline -0.004 -16"><span class='ocrx_word' id='word_1_799' title='bbox 1806 5192 2135 5263; x_wconf 85' lang='lat' dir='ltr'><strong>parentibus</strong></span> <span class='ocrx_word' id='word_1_800' title='bbox 2165 5190 2419 5262; x_wconf 88' lang='lat' dir='ltr'><strong>genitus:</strong></span> <span class='ocrx_word' id='word_1_801' title='bbox 2453 5207 2565 5244; x_wconf 89' lang='lat' dir='ltr'><strong>non</strong></span> <span class='ocrx_word' id='word_1_802' title='bbox 2597 5189 2744 5245; x_wconf 89' lang='lat' dir='ltr'><strong>enim</strong></span> <span class='ocrx_word' id='word_1_803' title='bbox 2766 5187 3056 5259; x_wconf 83' lang='lat' dir='ltr'><strong>multiplex</strong></span> <span class='ocrx_word' id='word_1_804' title='bbox 3095 5187 3386 5259; x_wconf 85' lang='lat' dir='ltr'><strong>productio</strong></span> 
     </span>
    </p>
   </div>
   <div class='ocr_carea' id='block_1_109' title="bbox 200 5329 1702 5408">
    <p class='ocr_par' dir='ltr' id='par_1_109' title="bbox 200 5329 1702 5403">
     <span class='ocr_line' id='line_1_109' title="bbox 200 5329 1702 5403; baseline 0.005 -18"><span class='ocrx_word' id='word_1_805' title='bbox 200 5329 254 5363; x_wconf 75' lang='lat'>“</span> <span class='ocrx_word' id='word_1_806' title='bbox 289 5331 432 5387; x_wconf 87' lang='lat' dir='ltr'><strong>Psal.</strong></span> <span class='ocrx_word' id='word_1_807' title='bbox 473 5349 580 5402; x_wconf 65' lang='grc' dir='ltr'><strong>(ιιι,</strong></span> <span class='ocrx_word' id='word_1_808' title='bbox 609 5336 661 5392; x_wconf 82' lang='lat'><strong>&#39;5.</strong></span> <span class='ocrx_word' id='word_1_809' title='bbox 743 5336 788 5368; x_wconf 81' lang='grc'><strong>³⁸</strong></span> <span class='ocrx_word' id='word_1_810' title='bbox 818 5335 903 5392; x_wconf 88' lang='lat' dir='ltr'><strong>Isa</strong></span> <span class='ocrx_word' id='word_1_811' title='bbox 937 5351 1062 5402; x_wconf 81' lang='lat' dir='ltr'><strong>LVII,</strong></span> <span class='ocrx_word' id='word_1_812' title='bbox 1095 5335 1180 5392; x_wconf 74' lang='lat'><strong>16.</strong></span> <span class='ocrx_word' id='word_1_813' title='bbox 1256 5337 1303 5369; x_wconf 84' lang='lat'><strong>&quot;</strong></span> <span class='ocrx_word' id='word_1_814' title='bbox 1332 5339 1490 5396; x_wconf 89' lang='lat' dir='ltr'><strong>Joan.</strong></span> <span class='ocrx_word' id='word_1_815' title='bbox 1534 5354 1624 5403; x_wconf 82' lang='lat' dir='ltr'><strong>xv,</strong></span> <span class='ocrx_word' id='word_1_816' title='bbox 1645 5337 1702 5393; x_wconf 73' lang='lat' dir='ltr'><strong>2t</strong></span> 
     </span>
    </p>
   </div>
   <div class='ocr_carea' id='block_1_110' title="bbox 1805 5329 2884 5408">
    <p class='ocr_par' dir='ltr' id='par_1_110' title="bbox 1816 5337 2884 5408">
     <span class='ocr_line' id='line_1_110' title="bbox 1816 5337 2884 5408; baseline -0.004 -12"><span class='ocrx_word' id='word_1_817' title='bbox 1816 5339 2038 5396; x_wconf 80' lang='lat' dir='ltr'><strong>&quot;Joan.</strong></span> <span class='ocrx_word' id='word_1_818' title='bbox 2067 5355 2177 5408; x_wconf 82' lang='lat' dir='ltr'><strong>xvt,</strong></span> <span class='ocrx_word' id='word_1_819' title='bbox 2222 5340 2307 5394; x_wconf 74' lang='lat' dir='ltr'><strong>M.</strong></span> <span class='ocrx_word' id='word_1_820' title='bbox 2377 5339 2422 5370; x_wconf 83' lang='lat'><strong>&quot;</strong></span> <span class='ocrx_word' id='word_1_821' title='bbox 2452 5338 2599 5394; x_wconf 82' lang='lat' dir='ltr'><strong>Psal.</strong></span> <span class='ocrx_word' id='word_1_822' title='bbox 2624 5354 2790 5403; x_wconf 65' lang='grc' dir='ltr'>χχχιι,</span> <span class='ocrx_word' id='word_1_823' title='bbox 2830 5337 2884 5393; x_wconf 86' lang='lat'><strong>6.</strong></span> 
     </span>
    </p>
   </div>
   <div class='ocr_carea' id='block_1_111' title="bbox 1427 5491 2108 5549">
    <p class='ocr_par' dir='ltr' id='par_1_111' title="bbox 1427 5491 2108 5549">
     <span class='ocr_line' id='line_1_111' title="bbox 1427 5491 2108 5549; baseline 0.003 -3"><span class='ocrx_word' id='word_1_824' title='bbox 1427 5491 1662 5547; x_wconf 75' lang='lat' dir='ltr'><strong>VARIIE</strong></span> <span class='ocrx_word' id='word_1_825' title='bbox 1701 5493 2108 5549; x_wconf 83' lang='lat' dir='ltr'><strong>LECTIONES.</strong></span> 
     </span>
    </p>
   </div>
   <div class='ocr_carea' id='block_1_112' title="bbox 117 5596 3381 5677">
    <p class='ocr_par' dir='ltr' id='par_1_112' title="bbox 117 5596 3381 5677">
     <span class='ocr_line' id='line_1_112' title="bbox 117 5596 3381 5677; baseline 0.004 -26"><span class='ocrx_word' id='word_1_826' title='bbox 117 5602 148 5640; x_wconf 70' lang='grc' dir='ltr'><strong><em>ἀ</em></strong></span> <span class='ocrx_word' id='word_1_827' title='bbox 187 5596 498 5677; x_wconf 77' lang='lat' dir='ltr'><strong>Signiﬁcat.</strong></span> <span class='ocrx_word' id='word_1_828' title='bbox 527 5617 638 5656; x_wconf 91' lang='lat' dir='ltr'><strong>non</strong></span> <span class='ocrx_word' id='word_1_829' title='bbox 661 5599 1127 5677; x_wconf 24' lang='lat' dir='ltr'><strong>esseTrini‘t‘atem</strong></span> <span class='ocrx_word' id='word_1_830' title='bbox 1153 5601 1208 5657; x_wconf 91' lang='lat' dir='ltr'><strong>in</strong></span> <span class='ocrx_word' id='word_1_831' title='bbox 1238 5617 1437 5677; x_wconf 74' lang='lat' dir='ltr'><strong>genere</strong></span> <span class='ocrx_word' id='word_1_832' title='bbox 1467 5602 1810 5677; x_wconf 61' lang='lat' dir='ltr'><strong>substantia,</strong></span> <span class='ocrx_word' id='word_1_833' title='bbox 1837 5602 1932 5657; x_wconf 89' lang='lat' dir='ltr'><strong>sed</strong></span> <span class='ocrx_word' id='word_1_834' title='bbox 1967 5617 2134 5677; x_wconf 79' lang='lat' dir='ltr'><strong>supra</strong></span> <span class='ocrx_word' id='word_1_835' title='bbox 2163 5601 2550 5677; x_wconf 62' lang='lat' dir='ltr'><strong>substantiam,</strong></span> <span class='ocrx_word' id='word_1_836' title='bbox 2581 5619 2704 5673; x_wconf 62' lang='lat' dir='ltr'><strong>qua:</strong></span> <span class='ocrx_word' id='word_1_837' title='bbox 2728 5615 2812 5661; x_wconf 86' lang='lat' dir='ltr'><strong>est</strong></span> <span class='ocrx_word' id='word_1_838' title='bbox 2843 5603 2898 5660; x_wconf 92' lang='lat' dir='ltr'><strong>in</strong></span> <span class='ocrx_word' id='word_1_839' title='bbox 2932 5604 3381 5677; x_wconf 73' lang='lat' dir='ltr'><strong>prazdicamento.</strong></span> 
     </span>
    </p>
   </div>
   <div class='ocr_carea' id='block_1_113' title="bbox 125 5669 1228 5745">
    <p class='ocr_par' dir='ltr' id='par_1_113' title="bbox 125 5669 1228 5745">
     <span class='ocr_line' id='line_1_113' title="bbox 125 5669 1228 5745; baseline 0.004 -21"><span class='ocrx_word' id='word_1_840' title='bbox 125 5680 154 5711; x_wconf 82' lang='grc' dir='ltr'><strong>ο</strong></span> <span class='ocrx_word' id='word_1_841' title='bbox 188 5669 356 5741; x_wconf 84' lang='lat' dir='ltr'><strong>Prop.</strong></span> <span class='ocrx_word' id='word_1_842' title='bbox 389 5673 525 5741; x_wconf 76' lang='lat' dir='ltr'><strong>sing.</strong></span> <span class='ocrx_word' id='word_1_843' title='bbox 566 5673 916 5745; x_wconf 83' lang='grc' dir='ltr'><strong>μονοτρόποις</strong></span> <span class='ocrx_word' id='word_1_844' title='bbox 954 5672 1228 5744; x_wconf 81' lang='grc' dir='ltr'><strong>ιδιώμασι.</strong></span> 
     </span>
    </p>
   </div>
   <div class='ocr_carea' id='block_1_114' title="bbox 1320 5671 2742 5746">
    <p class='ocr_par' dir='ltr' id='par_1_114' title="bbox 1320 5671 2742 5746">
     <span class='ocr_line' id='line_1_114' title="bbox 1320 5671 2742 5746; baseline 0.015 -21"><span class='ocrx_word' id='word_1_845' title='bbox 1320 5675 1339 5714; x_wconf 72' lang='grc' dir='ltr'>ί</span> <span class='ocrx_word' id='word_1_846' title='bbox 1373 5671 1550 5726; x_wconf 83' lang='lat' dir='ltr'><strong>Form.</strong></span> <span class='ocrx_word' id='word_1_847' title='bbox 1587 5673 1725 5729; x_wconf 80' lang='lat' dir='ltr'><strong>absc.</strong></span> <span class='ocrx_word' id='word_1_848' title='bbox 1763 5690 1882 5743; x_wconf 73' lang='lat' dir='ltr'><strong>gon.</strong></span> <span class='ocrx_word' id='word_1_849' title='bbox 1924 5674 2170 5742; x_wconf 70' lang='grc' dir='ltr'><strong>πλάσμα,</strong></span> <span class='ocrx_word' id='word_1_850' title='bbox 2210 5671 2425 5743; x_wconf 68' lang='grc' dir='ltr'><strong>τμῆμα»</strong></span> <span class='ocrx_word' id='word_1_851' title='bbox 2478 5671 2742 5746; x_wconf 59' lang='grc' dir='ltr'><strong>γέν-άημαο</strong></span> 
     </span>
    </p>
   </div>
  </div>
