  <div class='ocr_page' id='page_1' title='image "/cluster/home/n/w/nwhite01/storage/ocr_20150623/89/pst.000005712953/667.png"; bbox 0 0 4026 6308; ppageno 0'>
   <div class='ocr_carea' id='block_1_1' title="bbox 588 129 722 192">
    <p class='ocr_par' dir='ltr' id='par_1_1' title="bbox 588 129 722 192">
     <span class='ocr_line' id='line_1_1' title="bbox 588 129 722 192; baseline 0.015 -2"><span class='ocrx_word' id='word_1_1' title='bbox 588 129 722 192; x_wconf 79' lang='grc'><strong>1319</strong></span> 
     </span>
    </p>
   </div>
   <div class='ocr_carea' id='block_1_2' title="bbox 1714 135 2747 198">
    <p class='ocr_par' dir='ltr' id='par_1_2' title="bbox 1714 135 2747 198">
     <span class='ocr_line' id='line_1_2' title="bbox 1714 135 2747 198; baseline 0.002 -2"><span class='ocrx_word' id='word_1_2' title='bbox 1714 136 1772 196; x_wconf 93' lang='lat' dir='ltr'><strong>S.</strong></span> <span class='ocrx_word' id='word_1_3' title='bbox 1814 135 2220 195; x_wconf 80' lang='lat' dir='ltr'><strong>ANASTASII</strong></span> <span class='ocrx_word' id='word_1_4' title='bbox 2281 136 2747 198; x_wconf 71' lang='lat' dir='ltr'><strong>ANTIOCIIENI</strong></span> 
     </span>
    </p>
   </div>
   <div class='ocr_carea' id='block_1_3' title="bbox 3716 148 3866 214">
    <p class='ocr_par' dir='ltr' id='par_1_3' title="bbox 3716 148 3866 214">
     <span class='ocr_line' id='line_1_3' title="bbox 3716 148 3866 214; baseline 0 -1"><span class='ocrx_word' id='word_1_5' title='bbox 3716 148 3866 214; x_wconf 78' lang='lat'><strong>1320</strong></span> 
     </span>
    </p>
   </div>
   <div class='ocr_carea' id='block_1_4' title="bbox 581 238 3862 319">
    <p class='ocr_par' dir='ltr' id='par_1_4' title="bbox 581 238 3862 319">
     <span class='ocr_line' id='line_1_4' title="bbox 581 238 3862 319; baseline 0.005 -27"><span class='ocrx_word' id='word_1_6' title='bbox 581 251 637 292; x_wconf 92' lang='lat' dir='ltr'><strong>et</strong></span> <span class='ocrx_word' id='word_1_7' title='bbox 662 238 1018 308; x_wconf 86' lang='lat' dir='ltr'><strong>variatioqna</strong></span> <span class='ocrx_word' id='word_1_8' title='bbox 1042 241 1393 306; x_wconf 76' lang='lat' dir='ltr'><strong>exstlterunt,</strong></span> <span class='ocrx_word' id='word_1_9' title='bbox 1416 250 1672 296; x_wconf 89' lang='lat' dir='ltr'><strong>naturam</strong></span> <span class='ocrx_word' id='word_1_10' title='bbox 1690 244 2166 311; x_wconf 77' lang='lat' dir='ltr'><strong>variavit.Quare,</strong></span> <span class='ocrx_word' id='word_1_11' title='bbox 2199 249 2240 303; x_wconf 84' lang='grc' dir='ltr'><strong>Α</strong></span> <span class='ocrx_word' id='word_1_12' title='bbox 2272 243 2437 298; x_wconf 88' lang='lat' dir='ltr'><strong>simul</strong></span> <span class='ocrx_word' id='word_1_13' title='bbox 2467 262 2654 300; x_wconf 90' lang='lat' dir='ltr'><strong>secum</strong></span> <span class='ocrx_word' id='word_1_14' title='bbox 2699 248 2896 314; x_wconf 85' lang='lat' dir='ltr'><strong>infert;</strong></span> <span class='ocrx_word' id='word_1_15' title='bbox 2939 257 2993 304; x_wconf 92' lang='lat' dir='ltr'><strong>et</strong></span> <span class='ocrx_word' id='word_1_16' title='bbox 3035 250 3338 319; x_wconf 86' lang='lat' dir='ltr'><strong>sublatum,</strong></span> <span class='ocrx_word' id='word_1_17' title='bbox 3394 253 3639 311; x_wconf 85' lang='lat' dir='ltr'><strong>alterum</strong></span> <span class='ocrx_word' id='word_1_18' title='bbox 3685 259 3862 312; x_wconf 83' lang='lat' dir='ltr'><strong>simul</strong></span> 
     </span>
    </p>
   </div>
   <div class='ocr_carea' id='block_1_5' title="bbox 582 329 2162 400">
    <p class='ocr_par' dir='ltr' id='par_1_5' title="bbox 582 329 2162 400">
     <span class='ocr_line' id='line_1_5' title="bbox 582 329 2162 400; baseline 0.003 -16"><span class='ocrx_word' id='word_1_19' title='bbox 582 341 643 384; x_wconf 91' lang='lat' dir='ltr'><strong>ut</strong></span> <span class='ocrx_word' id='word_1_20' title='bbox 673 345 816 399; x_wconf 80' lang='lat' dir='ltr'><strong>sape</strong></span> <span class='ocrx_word' id='word_1_21' title='bbox 847 329 1112 393; x_wconf 71' lang='lat' dir='ltr'><strong>diximus,</strong></span> <span class='ocrx_word' id='word_1_22' title='bbox 1149 333 1462 400; x_wconf 84' lang='lat' dir='ltr'><strong>preprietas</strong></span> <span class='ocrx_word' id='word_1_23' title='bbox 1481 333 1628 387; x_wconf 90' lang='lat' dir='ltr'><strong>circa</strong></span> <span class='ocrx_word' id='word_1_24' title='bbox 1661 333 2028 388; x_wconf 88' lang='lat' dir='ltr'><strong>substantiam</strong></span> <span class='ocrx_word' id='word_1_25' title='bbox 2055 351 2162 388; x_wconf 91' lang='lat' dir='ltr'><strong>non</strong></span> 
     </span>
    </p>
   </div>
   <div class='ocr_carea' id='block_1_6' title="bbox 580 410 2165 493">
    <p class='ocr_par' dir='ltr' id='par_1_6' title="bbox 580 410 2165 493">
     <span class='ocr_line' id='line_1_6' title="bbox 580 410 2165 493; baseline 0.004 -19"><span class='ocrx_word' id='word_1_26' title='bbox 580 421 746 474; x_wconf 85' lang='lat' dir='ltr'><strong>simul</strong></span> <span class='ocrx_word' id='word_1_27' title='bbox 801 431 979 482; x_wconf 89' lang='lat' dir='ltr'><strong>mutat</strong></span> <span class='ocrx_word' id='word_1_28' title='bbox 1016 423 1407 489; x_wconf 84' lang='lat' dir='ltr'><strong>substantiam,</strong></span> <span class='ocrx_word' id='word_1_29' title='bbox 1465 410 1647 493; x_wconf 83' lang='lat' dir='ltr'><strong>neque</strong></span> <span class='ocrx_word' id='word_1_30' title='bbox 1709 427 1944 490; x_wconf 87' lang='lat' dir='ltr'><strong>scindit;</strong></span> <span class='ocrx_word' id='word_1_31' title='bbox 1977 436 2165 481; x_wconf 89' lang='lat' dir='ltr'><strong>manet</strong></span> 
     </span>
    </p>
   </div>
   <div class='ocr_carea' id='block_1_7' title="bbox 579 509 2162 580">
    <p class='ocr_par' dir='ltr' id='par_1_7' title="bbox 579 509 2162 580">
     <span class='ocr_line' id='line_1_7' title="bbox 579 509 2162 580; baseline 0.003 -16"><span class='ocrx_word' id='word_1_32' title='bbox 579 511 728 564; x_wconf 90' lang='lat' dir='ltr'><strong>enim</strong></span> <span class='ocrx_word' id='word_1_33' title='bbox 752 509 969 580; x_wconf 81' lang='lat' dir='ltr'><strong>integra</strong></span> <span class='ocrx_word' id='word_1_34' title='bbox 1007 513 1030 550; x_wconf 68' lang='grc' dir='ltr'><em>ε</em></span> <span class='ocrx_word' id='word_1_35' title='bbox 1057 513 1114 565; x_wconf 88' lang='lat' dir='ltr'><strong>in</strong></span> <span class='ocrx_word' id='word_1_36' title='bbox 1145 513 1357 566; x_wconf 80' lang='lat' dir='ltr'><strong>sortitis</strong></span> <span class='ocrx_word' id='word_1_37' title='bbox 1382 513 1764 567; x_wconf 73' lang='lat' dir='ltr'><strong>exsistentiam</strong></span> <span class='ocrx_word' id='word_1_38' title='bbox 1791 513 2162 580; x_wconf 80' lang='lat' dir='ltr'><strong>diﬁ‘erentem,</strong></span> 
     </span>
    </p>
   </div>
   <div class='ocr_carea' id='block_1_8' title="bbox 579 603 2160 676">
    <p class='ocr_par' dir='ltr' id='par_1_8' title="bbox 579 603 2160 676">
     <span class='ocr_line' id='line_1_8' title="bbox 579 603 2160 676; baseline 0.004 -22"><span class='ocrx_word' id='word_1_39' title='bbox 579 611 636 654; x_wconf 90' lang='lat' dir='ltr'><strong>et</strong></span> <span class='ocrx_word' id='word_1_40' title='bbox 663 609 776 656; x_wconf 83' lang='lat' dir='ltr'><strong>tota</strong></span> <span class='ocrx_word' id='word_1_41' title='bbox 812 612 900 657; x_wconf 87' lang='lat' dir='ltr'><strong>est</strong></span> <span class='ocrx_word' id='word_1_42' title='bbox 949 603 1068 656; x_wconf 87' lang='lat' dir='ltr'><strong>sine</strong></span> <span class='ocrx_word' id='word_1_43' title='bbox 1105 603 1356 656; x_wconf 90' lang='lat' dir='ltr'><strong>sectione</strong></span> <span class='ocrx_word' id='word_1_44' title='bbox 1391 613 1448 658; x_wconf 90' lang='lat' dir='ltr'><strong>et</strong></span> <span class='ocrx_word' id='word_1_45' title='bbox 1481 604 1760 660; x_wconf 88' lang='lat' dir='ltr'><strong>divisione</strong></span> <span class='ocrx_word' id='word_1_46' title='bbox 1814 603 1870 660; x_wconf 92' lang='lat' dir='ltr'><strong>in</strong></span> <span class='ocrx_word' id='word_1_47' title='bbox 1905 606 2160 676; x_wconf 78' lang='lat' dir='ltr'><strong>singulis,</strong></span> 
     </span>
    </p>
   </div>
   <div class='ocr_carea' id='block_1_9' title="bbox 579 692 2165 764">
    <p class='ocr_par' dir='ltr' id='par_1_9' title="bbox 579 692 2165 764">
     <span class='ocr_line' id='line_1_9' title="bbox 579 692 2165 764; baseline 0.004 -20"><span class='ocrx_word' id='word_1_48' title='bbox 579 708 691 745; x_wconf 84' lang='lat' dir='ltr'><strong>non</strong></span> <span class='ocrx_word' id='word_1_49' title='bbox 731 692 876 746; x_wconf 78' lang='lat' dir='ltr'><strong>facta</strong></span> <span class='ocrx_word' id='word_1_50' title='bbox 899 693 1120 761; x_wconf 81' lang='lat' dir='ltr'><strong>propria</strong></span> <span class='ocrx_word' id='word_1_51' title='bbox 1164 694 1475 748; x_wconf 87' lang='lat' dir='ltr'><strong>secundum</strong></span> <span class='ocrx_word' id='word_1_52' title='bbox 1529 696 1953 764; x_wconf 88' lang='lat' dir='ltr'><strong>proprietatem.</strong></span> <span class='ocrx_word' id='word_1_53' title='bbox 1993 696 2165 750; x_wconf 70' lang='lat' dir='ltr'><strong>«Om-</strong></span> 
     </span>
    </p>
   </div>
   <div class='ocr_carea' id='block_1_10' title="bbox 579 784 2164 850">
    <p class='ocr_par' dir='ltr' id='par_1_10' title="bbox 579 784 2164 850">
     <span class='ocr_line' id='line_1_10' title="bbox 579 784 2164 850; baseline 0.003 -15"><span class='ocrx_word' id='word_1_54' title='bbox 579 785 667 837; x_wconf 90' lang='lat' dir='ltr'><strong>nis</strong></span> <span class='ocrx_word' id='word_1_55' title='bbox 695 785 842 837; x_wconf 90' lang='lat' dir='ltr'><strong>enim</strong></span> <span class='ocrx_word' id='word_1_56' title='bbox 872 784 1040 837; x_wconf 87' lang='lat' dir='ltr'><strong>homo</strong></span> <span class='ocrx_word' id='word_1_57' title='bbox 1103 785 1270 839; x_wconf 89' lang='lat' dir='ltr'><strong>homo</strong></span> <span class='ocrx_word' id='word_1_58' title='bbox 1310 795 1416 850; x_wconf 86' lang='lat' dir='ltr'><strong>est,</strong></span> <span class='ocrx_word' id='word_1_59' title='bbox 1469 793 1640 840; x_wconf 89' lang='lat' dir='ltr'><strong>totam</strong></span> <span class='ocrx_word' id='word_1_60' title='bbox 1689 788 2052 841; x_wconf 82' lang='lat' dir='ltr'><strong>substantiam</strong></span> <span class='ocrx_word' id='word_1_61' title='bbox 2107 788 2164 841; x_wconf 90' lang='lat' dir='ltr'><strong>in</strong></span> 
     </span>
    </p>
   </div>
   <div class='ocr_carea' id='block_1_11' title="bbox 579 874 2161 949">
    <p class='ocr_par' dir='ltr' id='par_1_11' title="bbox 579 874 2161 949">
     <span class='ocr_line' id='line_1_11' title="bbox 579 874 2161 949; baseline 0.002 -21"><span class='ocrx_word' id='word_1_62' title='bbox 579 890 638 928; x_wconf 86' lang='lat' dir='ltr'><strong>se</strong></span> <span class='ocrx_word' id='word_1_63' title='bbox 661 876 780 941; x_wconf 82' lang='lat' dir='ltr'><strong>ipso</strong></span> <span class='ocrx_word' id='word_1_64' title='bbox 810 874 1030 928; x_wconf 88' lang='lat' dir='ltr'><strong>habens</strong></span> <span class='ocrx_word' id='word_1_65' title='bbox 1059 877 1471 944; x_wconf 87' lang='lat' dir='ltr'><strong>impartibilem.</strong></span> <span class='ocrx_word' id='word_1_66' title='bbox 1502 897 1518 929; x_wconf 74' lang='grc' dir='ltr'><strong>ι</strong></span> <span class='ocrx_word' id='word_1_67' title='bbox 1557 878 1616 932; x_wconf 90' lang='lat' dir='ltr'><strong>In</strong></span> <span class='ocrx_word' id='word_1_68' title='bbox 1657 879 1946 934; x_wconf 86' lang='lat' dir='ltr'><strong>divinitate</strong></span> <span class='ocrx_word' id='word_1_69' title='bbox 1971 879 2161 949; x_wconf 77' lang='lat' dir='ltr'><strong>igitur,</strong></span> 
     </span>
    </p>
   </div>
   <div class='ocr_carea' id='block_1_12' title="bbox 577 965 2160 1038">
    <p class='ocr_par' dir='ltr' id='par_1_12' title="bbox 577 965 2160 1038">
     <span class='ocr_line' id='line_1_12' title="bbox 577 965 2160 1038; baseline 0.004 -22"><span class='ocrx_word' id='word_1_70' title='bbox 577 965 724 1032; x_wconf 80' lang='lat' dir='ltr'><strong>quod</strong></span> <span class='ocrx_word' id='word_1_71' title='bbox 758 965 966 1017; x_wconf 88' lang='lat' dir='ltr'><strong>dicitur</strong></span> <span class='ocrx_word' id='word_1_72' title='bbox 987 981 1108 1019; x_wconf 90' lang='lat' dir='ltr'><strong>esse</strong></span> <span class='ocrx_word' id='word_1_73' title='bbox 1134 967 1440 1020; x_wconf 87' lang='lat' dir='ltr'><strong>secundum</strong></span> <span class='ocrx_word' id='word_1_74' title='bbox 1467 967 1832 1022; x_wconf 88' lang='lat' dir='ltr'><strong>substantiam</strong></span> <span class='ocrx_word' id='word_1_75' title='bbox 1863 969 1912 1022; x_wconf 91' lang='lat' dir='ltr'><strong>is</strong></span> <span class='ocrx_word' id='word_1_76' title='bbox 1942 983 2010 1022; x_wconf 80' lang='lat' dir='ltr'><strong>ex</strong></span> <span class='ocrx_word' id='word_1_77' title='bbox 2027 984 2160 1038; x_wconf 87' lang='lat' dir='ltr'><strong>quo,</strong></span> 
     </span>
    </p>
   </div>
   <div class='ocr_carea' id='block_1_13' title="bbox 579 1054 2160 1129">
    <p class='ocr_par' dir='ltr' id='par_1_13' title="bbox 579 1054 2160 1129">
     <span class='ocr_line' id='line_1_13' title="bbox 579 1054 2160 1129; baseline 0.005 -23"><span class='ocrx_word' id='word_1_78' title='bbox 579 1054 632 1106; x_wconf 90' lang='lat' dir='ltr'><strong>id</strong></span> <span class='ocrx_word' id='word_1_79' title='bbox 666 1063 772 1114; x_wconf 85' lang='lat' dir='ltr'><strong>est,</strong></span> <span class='ocrx_word' id='word_1_80' title='bbox 819 1056 963 1108; x_wconf 88' lang='lat' dir='ltr'><strong>Deus</strong></span> <span class='ocrx_word' id='word_1_81' title='bbox 987 1057 1184 1121; x_wconf 83' lang='lat' dir='ltr'><strong>Pater;</strong></span> <span class='ocrx_word' id='word_1_82' title='bbox 1225 1058 1332 1111; x_wconf 91' lang='lat' dir='ltr'><strong>hoc</strong></span> <span class='ocrx_word' id='word_1_83' title='bbox 1365 1058 1627 1112; x_wconf 89' lang='lat' dir='ltr'><strong>dicuntur</strong></span> <span class='ocrx_word' id='word_1_84' title='bbox 1661 1074 1784 1113; x_wconf 91' lang='lat' dir='ltr'><strong>esse</strong></span> <span class='ocrx_word' id='word_1_85' title='bbox 1819 1060 1915 1129; x_wconf 90' lang='lat' dir='ltr'><strong>qui</strong></span> <span class='ocrx_word' id='word_1_86' title='bbox 1964 1075 2034 1114; x_wconf 79' lang='lat' dir='ltr'><strong>ex</strong></span> <span class='ocrx_word' id='word_1_87' title='bbox 2071 1075 2160 1126; x_wconf 90' lang='lat' dir='ltr'><strong>eo,</strong></span> 
     </span>
    </p>
   </div>
   <div class='ocr_carea' id='block_1_14' title="bbox 578 1145 2162 1216">
    <p class='ocr_par' dir='ltr' id='par_1_14' title="bbox 578 1145 2162 1216">
     <span class='ocr_line' id='line_1_14' title="bbox 578 1145 2162 1216; baseline 0.003 -17"><span class='ocrx_word' id='word_1_88' title='bbox 578 1145 632 1199; x_wconf 92' lang='lat' dir='ltr'><strong>id</strong></span> <span class='ocrx_word' id='word_1_89' title='bbox 660 1154 765 1210; x_wconf 88' lang='lat' dir='ltr'><strong>est,</strong></span> <span class='ocrx_word' id='word_1_90' title='bbox 800 1147 974 1200; x_wconf 84' lang='lat' dir='ltr'><strong>Filius</strong></span> <span class='ocrx_word' id='word_1_91' title='bbox 997 1155 1052 1200; x_wconf 91' lang='lat' dir='ltr'><strong>et</strong></span> <span class='ocrx_word' id='word_1_92' title='bbox 1081 1148 1322 1216; x_wconf 86' lang='lat' dir='ltr'><strong>Spiritus</strong></span> <span class='ocrx_word' id='word_1_93' title='bbox 1347 1158 1606 1204; x_wconf 85' lang='lat' dir='ltr'><strong>sanctus:</strong></span> <span class='ocrx_word' id='word_1_94' title='bbox 1647 1151 1742 1204; x_wconf 92' lang='lat' dir='ltr'><strong>ubi</strong></span> <span class='ocrx_word' id='word_1_95' title='bbox 1781 1151 1928 1205; x_wconf 91' lang='lat' dir='ltr'><strong>enim</strong></span> <span class='ocrx_word' id='word_1_96' title='bbox 1947 1167 2056 1205; x_wconf 91' lang='lat' dir='ltr'><strong>non</strong></span> <span class='ocrx_word' id='word_1_97' title='bbox 2077 1159 2162 1206; x_wconf 90' lang='lat' dir='ltr'><strong>est</strong></span> 
     </span>
    </p>
   </div>
   <div class='ocr_carea' id='block_1_15' title="bbox 577 1239 2161 1310">
    <p class='ocr_par' dir='ltr' id='par_1_15' title="bbox 577 1239 2161 1310">
     <span class='ocr_line' id='line_1_15' title="bbox 577 1239 2161 1310; baseline 0.004 -20"><span class='ocrx_word' id='word_1_98' title='bbox 577 1239 837 1306; x_wconf 84' lang='lat' dir='ltr'><strong>qualitas,</strong></span> <span class='ocrx_word' id='word_1_99' title='bbox 875 1239 960 1291; x_wconf 87' lang='lat' dir='ltr'><strong>vel</strong></span> <span class='ocrx_word' id='word_1_100' title='bbox 986 1240 1290 1308; x_wconf 86' lang='lat' dir='ltr'><strong>quantitas,</strong></span> <span class='ocrx_word' id='word_1_101' title='bbox 1324 1241 1412 1295; x_wconf 88' lang='lat' dir='ltr'><strong>vel</strong></span> <span class='ocrx_word' id='word_1_102' title='bbox 1441 1250 1678 1310; x_wconf 88' lang='lat' dir='ltr'><strong>tempus,</strong></span> <span class='ocrx_word' id='word_1_103' title='bbox 1724 1241 1810 1295; x_wconf 85' lang='lat' dir='ltr'><strong>vel</strong></span> <span class='ocrx_word' id='word_1_104' title='bbox 1865 1242 2042 1308; x_wconf 84' lang='lat' dir='ltr'><strong>locus,</strong></span> <span class='ocrx_word' id='word_1_105' title='bbox 2073 1243 2161 1296; x_wconf 84' lang='lat' dir='ltr'><strong>vel</strong></span> 
     </span>
    </p>
   </div>
   <div class='ocr_carea' id='block_1_16' title="bbox 577 1329 2184 1402">
    <p class='ocr_par' dir='ltr' id='par_1_16' title="bbox 577 1329 2184 1402">
     <span class='ocr_line' id='line_1_16' title="bbox 577 1329 2184 1402; baseline 0.004 -21"><span class='ocrx_word' id='word_1_106' title='bbox 577 1329 748 1394; x_wconf 89' lang='lat' dir='ltr'><strong>situs,</strong></span> <span class='ocrx_word' id='word_1_107' title='bbox 775 1329 922 1384; x_wconf 91' lang='lat' dir='ltr'><strong>unde</strong></span> <span class='ocrx_word' id='word_1_108' title='bbox 955 1331 1064 1384; x_wconf 89' lang='lat' dir='ltr'><strong>erit</strong></span> <span class='ocrx_word' id='word_1_109' title='bbox 1092 1331 1408 1385; x_wconf 76' lang='lat' dir='ltr'><strong>differentia</strong></span> <span class='ocrx_word' id='word_1_110' title='bbox 1442 1333 1771 1388; x_wconf 89' lang='lat' dir='ltr'><strong>substantia</strong></span> <span class='ocrx_word' id='word_1_111' title='bbox 1799 1333 2184 1402; x_wconf 85' lang='lat' dir='ltr'><strong>impartibilis</strong></span> 
     </span>
    </p>
   </div>
   <div class='ocr_carea' id='block_1_17' title="bbox 578 1420 2158 1484">
    <p class='ocr_par' dir='ltr' id='par_1_17' title="bbox 578 1420 2158 1484">
     <span class='ocr_line' id='line_1_17' title="bbox 578 1420 2158 1484; baseline 0.003 -11"><span class='ocrx_word' id='word_1_112' title='bbox 578 1420 884 1473; x_wconf 87' lang='lat' dir='ltr'><strong>secundum</strong></span> <span class='ocrx_word' id='word_1_113' title='bbox 955 1429 1249 1484; x_wconf 90' lang='lat' dir='ltr'><strong>naturam,</strong></span> <span class='ocrx_word' id='word_1_114' title='bbox 1309 1422 1457 1476; x_wconf 86' lang='lat' dir='ltr'><strong>unde</strong></span> <span class='ocrx_word' id='word_1_115' title='bbox 1505 1423 1773 1478; x_wconf 79' lang='lat' dir='ltr'><strong>exsistent</strong></span> <span class='ocrx_word' id='word_1_116' title='bbox 1830 1423 2158 1478; x_wconf 85' lang='lat' dir='ltr'><strong>substantia</strong></span> 
     </span>
    </p>
   </div>
   <div class='ocr_carea' id='block_1_18' title="bbox 575 1511 2156 1582">
    <p class='ocr_par' dir='ltr' id='par_1_18' title="bbox 575 1511 2156 1582">
     <span class='ocr_line' id='line_1_18' title="bbox 575 1511 2156 1582; baseline 0.002 -18"><span class='ocrx_word' id='word_1_117' title='bbox 575 1511 985 1579; x_wconf 86' lang='lat' dir='ltr'><strong>particulares?</strong></span> <span class='ocrx_word' id='word_1_118' title='bbox 1010 1523 1065 1566; x_wconf 91' lang='lat' dir='ltr'><strong>et</strong></span> <span class='ocrx_word' id='word_1_119' title='bbox 1095 1513 1140 1566; x_wconf 92' lang='lat' dir='ltr'><strong>si</strong></span> <span class='ocrx_word' id='word_1_120' title='bbox 1181 1528 1308 1581; x_wconf 83' lang='lat' dir='ltr'><strong>pars</strong></span> <span class='ocrx_word' id='word_1_121' title='bbox 1347 1513 1672 1568; x_wconf 88' lang='lat' dir='ltr'><strong>substantia</strong></span> <span class='ocrx_word' id='word_1_122' title='bbox 1726 1521 1832 1576; x_wconf 88' lang='lat' dir='ltr'><strong>est,</strong></span> <span class='ocrx_word' id='word_1_123' title='bbox 1879 1513 2156 1582; x_wconf 89' lang='lat' dir='ltr'><strong>quomodo</strong></span> 
     </span>
    </p>
   </div>
   <div class='ocr_carea' id='block_1_19' title="bbox 2269 334 3856 412">
    <p class='ocr_par' dir='ltr' id='par_1_19' title="bbox 2269 334 3856 412">
     <span class='ocr_line' id='line_1_19' title="bbox 2269 334 3856 412; baseline 0.008 -26"><span class='ocrx_word' id='word_1_124' title='bbox 2269 347 2459 387; x_wconf 89' lang='lat' dir='ltr'><strong>secum</strong></span> <span class='ocrx_word' id='word_1_125' title='bbox 2491 334 2694 389; x_wconf 84' lang='lat' dir='ltr'><strong>aufert.</strong></span> <span class='ocrx_word' id='word_1_126' title='bbox 2756 335 2813 390; x_wconf 89' lang='lat' dir='ltr'><strong>Si</strong></span> <span class='ocrx_word' id='word_1_127' title='bbox 2869 337 3017 390; x_wconf 89' lang='lat' dir='ltr'><strong>enim</strong></span> <span class='ocrx_word' id='word_1_128' title='bbox 3090 339 3428 408; x_wconf 81' lang='lat' dir='ltr'><strong>cogitatione</strong></span> <span class='ocrx_word' id='word_1_129' title='bbox 3470 357 3646 412; x_wconf 74' lang='lat' dir='ltr'><strong>neges</strong></span> <span class='ocrx_word' id='word_1_130' title='bbox 3690 342 3856 407; x_wconf 82' lang='lat' dir='ltr'><strong>Abel,</strong></span> 
     </span>
    </p>
   </div>
   <div class='ocr_carea' id='block_1_20' title="bbox 2266 426 3855 498">
    <p class='ocr_par' dir='ltr' id='par_1_20' title="bbox 2266 426 3855 498">
     <span class='ocr_line' id='line_1_20' title="bbox 2266 426 3855 498; baseline 0.006 -18"><span class='ocrx_word' id='word_1_131' title='bbox 2266 426 2368 480; x_wconf 89' lang='lat' dir='ltr'><strong>sim</strong></span> <span class='ocrx_word' id='word_1_132' title='bbox 2378 428 2432 482; x_wconf 91' lang='lat' dir='ltr'><strong>ul</strong></span> <span class='ocrx_word' id='word_1_133' title='bbox 2449 428 2658 497; x_wconf 78' lang='lat' dir='ltr'><strong>negasti</strong></span> <span class='ocrx_word' id='word_1_134' title='bbox 2678 438 2891 498; x_wconf 86' lang='lat' dir='ltr'><strong>patrem</strong></span> <span class='ocrx_word' id='word_1_135' title='bbox 2912 430 3034 498; x_wconf 90' lang='lat' dir='ltr'><strong>ejus</strong></span> <span class='ocrx_word' id='word_1_136' title='bbox 3051 445 3171 484; x_wconf 89' lang='lat' dir='ltr'><strong>esse</strong></span> <span class='ocrx_word' id='word_1_137' title='bbox 3193 432 3389 486; x_wconf 79' lang='lat' dir='ltr'><strong>Adam.</strong></span> <span class='ocrx_word' id='word_1_138' title='bbox 3408 431 3527 488; x_wconf 82' lang='lat' dir='ltr'><strong>Hoc</strong></span> <span class='ocrx_word' id='word_1_139' title='bbox 3547 435 3700 488; x_wconf 90' lang='lat' dir='ltr'><strong>enim</strong></span> <span class='ocrx_word' id='word_1_140' title='bbox 3721 436 3855 490; x_wconf 86' lang='lat' dir='ltr'><strong>sub—</strong></span> 
     </span>
    </p>
   </div>
   <div class='ocr_carea' id='block_1_21' title="bbox 2265 518 3853 588">
    <p class='ocr_par' dir='ltr' id='par_1_21' title="bbox 2265 518 3853 588">
     <span class='ocr_line' id='line_1_21' title="bbox 2265 518 3853 588; baseline 0.007 -17"><span class='ocrx_word' id='word_1_141' title='bbox 2265 518 2467 572; x_wconf 87' lang='lat' dir='ltr'><strong>stantia</strong></span> <span class='ocrx_word' id='word_1_142' title='bbox 2489 519 2608 588; x_wconf 89' lang='lat' dir='ltr'><strong>ejus</strong></span> <span class='ocrx_word' id='word_1_143' title='bbox 2639 521 2884 575; x_wconf 89' lang='lat' dir='ltr'><strong>nominis</strong></span> <span class='ocrx_word' id='word_1_144' title='bbox 2900 529 2957 575; x_wconf 92' lang='lat' dir='ltr'><strong>et</strong></span> <span class='ocrx_word' id='word_1_145' title='bbox 2981 537 3090 575; x_wconf 91' lang='lat' dir='ltr'><strong>non</strong></span> <span class='ocrx_word' id='word_1_146' title='bbox 3112 523 3385 579; x_wconf 87' lang='lat' dir='ltr'><strong>habitudo</strong></span> <span class='ocrx_word' id='word_1_147' title='bbox 3405 525 3473 580; x_wconf 88' lang='lat' dir='ltr'><strong>ad</strong></span> <span class='ocrx_word' id='word_1_148' title='bbox 3503 525 3681 580; x_wconf 87' lang='lat' dir='ltr'><strong>aliud.</strong></span> <span class='ocrx_word' id='word_1_149' title='bbox 3698 527 3853 582; x_wconf 83' lang='lat' dir='ltr'><strong>Idem</strong></span> 
     </span>
    </p>
   </div>
   <div class='ocr_carea' id='block_1_22' title="bbox 2265 608 3856 687">
    <p class='ocr_par' dir='ltr' id='par_1_22' title="bbox 2265 608 3856 687">
     <span class='ocr_line' id='line_1_22' title="bbox 2265 608 3856 687; baseline 0.007 -25"><span class='ocrx_word' id='word_1_150' title='bbox 2265 608 2438 679; x_wconf 79' lang='lat' dir='ltr'><strong>igitur</strong></span> <span class='ocrx_word' id='word_1_151' title='bbox 2470 618 2786 678; x_wconf 86' lang='lat' dir='ltr'><strong>repetentes</strong></span> <span class='ocrx_word' id='word_1_152' title='bbox 2817 610 3067 666; x_wconf 84' lang='lat' dir='ltr'><strong>dicemus</strong></span> <span class='ocrx_word' id='word_1_153' title='bbox 3096 629 3264 668; x_wconf 90' lang='lat' dir='ltr'><strong>unum</strong></span> <span class='ocrx_word' id='word_1_154' title='bbox 3291 630 3415 670; x_wconf 86' lang='lat' dir='ltr'><strong>esse</strong></span> <span class='ocrx_word' id='word_1_155' title='bbox 3458 617 3658 682; x_wconf 86' lang='lat' dir='ltr'><strong>Deum,</strong></span> <span class='ocrx_word' id='word_1_156' title='bbox 3684 635 3856 687; x_wconf 80' lang='lat' dir='ltr'><strong>quem</strong></span> 
     </span>
    </p>
   </div>
   <div class='ocr_carea' id='block_1_23' title="bbox 2263 701 3852 778">
    <p class='ocr_par' dir='ltr' id='par_1_23' title="bbox 2263 701 3852 778">
     <span class='ocr_line' id='line_1_23' title="bbox 2263 701 3852 778; baseline 0.008 -26"><span class='ocrx_word' id='word_1_157' title='bbox 2263 701 2324 753; x_wconf 89' lang='lat' dir='ltr'><strong>in</strong></span> <span class='ocrx_word' id='word_1_158' title='bbox 2357 701 2537 755; x_wconf 88' lang='lat' dir='ltr'><strong>tribus</strong></span> <span class='ocrx_word' id='word_1_159' title='bbox 2557 703 2811 771; x_wconf 86' lang='lat' dir='ltr'><strong>personis</strong></span> <span class='ocrx_word' id='word_1_160' title='bbox 2839 705 3316 773; x_wconf 89' lang='lat' dir='ltr'><strong>contemplamur:</strong></span> <span class='ocrx_word' id='word_1_161' title='bbox 3339 707 3510 776; x_wconf 91' lang='lat' dir='ltr'><strong>idque</strong></span> <span class='ocrx_word' id='word_1_162' title='bbox 3533 723 3663 763; x_wconf 90' lang='lat' dir='ltr'><strong>cum</strong></span> <span class='ocrx_word' id='word_1_163' title='bbox 3688 710 3852 778; x_wconf 84' lang='lat' dir='ltr'><strong>plane</strong></span> 
     </span>
    </p>
   </div>
   <div class='ocr_carea' id='block_1_24' title="bbox 2263 792 3848 868">
    <p class='ocr_par' dir='ltr' id='par_1_24' title="bbox 2263 792 3848 868">
     <span class='ocr_line' id='line_1_24' title="bbox 2263 792 3848 868; baseline 0.006 -22"><span class='ocrx_word' id='word_1_164' title='bbox 2263 792 2433 846; x_wconf 85' lang='lat' dir='ltr'><strong>sciret</strong></span> <span class='ocrx_word' id='word_1_165' title='bbox 2453 792 2668 863; x_wconf 84' lang='lat' dir='ltr'><strong>Moyses</strong></span> <span class='ocrx_word' id='word_1_166' title='bbox 2696 793 2945 848; x_wconf 92' lang='lat' dir='ltr'><strong>omnium</strong></span> <span class='ocrx_word' id='word_1_167' title='bbox 2977 796 3376 865; x_wconf 87' lang='lat' dir='ltr'><strong>prophetarum</strong></span> <span class='ocrx_word' id='word_1_168' title='bbox 3394 799 3848 868; x_wconf 83' lang='lat' dir='ltr'><strong>antiquissimus:</strong></span> 
     </span>
    </p>
   </div>
   <div class='ocr_carea' id='block_1_25' title="bbox 2263 883 3850 955">
    <p class='ocr_par' dir='ltr' id='par_1_25' title="bbox 2263 883 3850 955">
     <span class='ocr_line' id='line_1_25' title="bbox 2263 883 3850 955; baseline 0.005 -18"><span class='ocrx_word' id='word_1_169' title='bbox 2263 884 2423 947; x_wconf 79' lang='lat' dir='ltr'><strong>Audi,</strong></span> <span class='ocrx_word' id='word_1_170' title='bbox 2455 883 2657 954; x_wconf 86' lang='lat' dir='ltr'><strong>inquit,</strong></span> <span class='ocrx_word' id='word_1_171' title='bbox 2687 883 2900 940; x_wconf 82' lang='lat' dir='ltr'><strong>Israel:</strong></span> <span class='ocrx_word' id='word_1_172' title='bbox 2926 885 3186 942; x_wconf 78' lang='lat' dir='ltr'><strong>Dominus</strong></span> <span class='ocrx_word' id='word_1_173' title='bbox 3206 887 3369 955; x_wconf 80' lang='lat' dir='ltr'><strong>Deus,</strong></span> <span class='ocrx_word' id='word_1_174' title='bbox 3416 889 3678 945; x_wconf 78' lang='lat' dir='ltr'><strong>Dominus</strong></span> <span class='ocrx_word' id='word_1_175' title='bbox 3715 908 3850 945; x_wconf 72' lang='lat' dir='ltr'><strong>unus</strong></span> 
     </span>
    </p>
   </div>
   <div class='ocr_carea' id='block_1_26' title="bbox 2263 975 2449 1028">
    <p class='ocr_par' dir='ltr' id='par_1_26' title="bbox 2263 975 2449 1028">
     <span class='ocr_line' id='line_1_26' title="bbox 2263 975 2449 1028; baseline 0.011 -2"><span class='ocrx_word' id='word_1_176' title='bbox 2263 983 2343 1028; x_wconf 74' lang='lat' dir='ltr'><strong>est</strong></span> <span class='ocrx_word' id='word_1_177' title='bbox 2382 975 2449 1028; x_wconf 80' lang='grc'><strong>³⁸.</strong></span> 
     </span>
    </p>
   </div>
   <div class='ocr_carea' id='block_1_27' title="bbox 2333 1063 3848 1142">
    <p class='ocr_par' dir='ltr' id='par_1_27' title="bbox 2333 1063 3848 1142">
     <span class='ocr_line' id='line_1_27' title="bbox 2333 1063 3848 1142; baseline 0.008 -22"><span class='ocrx_word' id='word_1_178' title='bbox 2333 1063 2473 1120; x_wconf 81' lang='lat' dir='ltr'><strong>XVI.</strong></span> <span class='ocrx_word' id='word_1_179' title='bbox 2503 1064 2580 1119; x_wconf 82' lang='lat' dir='ltr'><strong>Ae</strong></span> <span class='ocrx_word' id='word_1_180' title='bbox 2606 1081 2716 1120; x_wconf 92' lang='lat' dir='ltr'><strong>non</strong></span> <span class='ocrx_word' id='word_1_181' title='bbox 2752 1068 2935 1124; x_wconf 81' lang='lat' dir='ltr'><strong>solum</strong></span> <span class='ocrx_word' id='word_1_182' title='bbox 2967 1070 3200 1142; x_wconf 85' lang='lat' dir='ltr'><strong>Moyses,</strong></span> <span class='ocrx_word' id='word_1_183' title='bbox 3243 1073 3340 1127; x_wconf 91' lang='lat' dir='ltr'><strong>sed</strong></span> <span class='ocrx_word' id='word_1_184' title='bbox 3397 1088 3594 1129; x_wconf 89' lang='lat' dir='ltr'><strong>omnes</strong></span> <span class='ocrx_word' id='word_1_185' title='bbox 3647 1091 3848 1132; x_wconf 85' lang='lat' dir='ltr'><strong>conse-</strong></span> 
     </span>
    </p>
   </div>
   <div class='ocr_carea' id='block_1_28' title="bbox 2261 1153 3876 1232">
    <p class='ocr_par' dir='ltr' id='par_1_28' title="bbox 2261 1153 3876 1232">
     <span class='ocr_line' id='line_1_28' title="bbox 2261 1153 3876 1232; baseline 0.007 -24"><span class='ocrx_word' id='word_1_186' title='bbox 2261 1153 2375 1208; x_wconf 91' lang='lat' dir='ltr'><strong>cuti</strong></span> <span class='ocrx_word' id='word_1_187' title='bbox 2403 1154 2666 1224; x_wconf 76' lang='lat' dir='ltr'><strong>theologi,</strong></span> <span class='ocrx_word' id='word_1_188' title='bbox 2727 1157 2958 1225; x_wconf 89' lang='lat' dir='ltr'><strong>spiritus</strong></span> <span class='ocrx_word' id='word_1_189' title='bbox 2983 1159 3280 1230; x_wconf 82' lang='lat' dir='ltr'><strong>theologici</strong></span> <span class='ocrx_word' id='word_1_190' title='bbox 3341 1163 3646 1232; x_wconf 86' lang='lat' dir='ltr'><strong>participes</strong></span> <span class='ocrx_word' id='word_1_191' title='bbox 3691 1165 3876 1229; x_wconf 34' lang='lat' dir='ltr'><strong>facti“</strong></span> 
     </span>
    </p>
   </div>
   <div class='ocr_carea' id='block_1_29' title="bbox 2259 1246 3844 1325">
    <p class='ocr_par' dir='ltr' id='par_1_29' title="bbox 2259 1246 3844 1325">
     <span class='ocr_line' id='line_1_29' title="bbox 2259 1246 3844 1325; baseline 0.006 -25"><span class='ocrx_word' id='word_1_192' title='bbox 2259 1246 2610 1300; x_wconf 88' lang='lat' dir='ltr'><strong>divinitatem</strong></span> <span class='ocrx_word' id='word_1_193' title='bbox 2642 1247 2808 1301; x_wconf 87' lang='lat' dir='ltr'><strong>trium</strong></span> <span class='ocrx_word' id='word_1_194' title='bbox 2827 1263 3188 1317; x_wconf 89' lang='lat' dir='ltr'><strong>personarum</strong></span> <span class='ocrx_word' id='word_1_195' title='bbox 3217 1251 3462 1320; x_wconf 83' lang='lat' dir='ltr'><strong>perfecte</strong></span> <span class='ocrx_word' id='word_1_196' title='bbox 3483 1257 3844 1325; x_wconf 77' lang='lat' dir='ltr'><strong>contemplati</strong></span> 
     </span>
    </p>
   </div>
   <div class='ocr_carea' id='block_1_30' title="bbox 2257 1337 3848 1410">
    <p class='ocr_par' dir='ltr' id='par_1_30' title="bbox 2257 1337 3848 1410">
     <span class='ocr_line' id='line_1_30' title="bbox 2257 1337 3848 1410; baseline 0.008 -20"><span class='ocrx_word' id='word_1_197' title='bbox 2257 1349 2412 1400; x_wconf 88' lang='lat' dir='ltr'><strong>sunt,</strong></span> <span class='ocrx_word' id='word_1_198' title='bbox 2450 1337 2875 1409; x_wconf 87' lang='lat' dir='ltr'><strong>doctrinamque</strong></span> <span class='ocrx_word' id='word_1_199' title='bbox 2905 1357 3102 1410; x_wconf 88' lang='lat' dir='ltr'><strong>puram</strong></span> <span class='ocrx_word' id='word_1_200' title='bbox 3135 1352 3196 1397; x_wconf 93' lang='lat' dir='ltr'><strong>et</strong></span> <span class='ocrx_word' id='word_1_201' title='bbox 3224 1345 3501 1400; x_wconf 89' lang='lat' dir='ltr'><strong>sinceram</strong></span> <span class='ocrx_word' id='word_1_202' title='bbox 3543 1349 3708 1402; x_wconf 88' lang='lat' dir='ltr'><strong>nobis</strong></span> <span class='ocrx_word' id='word_1_203' title='bbox 3735 1358 3848 1403; x_wconf 83' lang='lat' dir='ltr'><strong>tra-</strong></span> 
     </span>
    </p>
   </div>
   <div class='ocr_carea' id='block_1_31' title="bbox 2259 1428 3848 1498">
    <p class='ocr_par' dir='ltr' id='par_1_31' title="bbox 2259 1428 3848 1498">
     <span class='ocr_line' id='line_1_31' title="bbox 2259 1428 3848 1498; baseline 0.009 -16"><span class='ocrx_word' id='word_1_204' title='bbox 2259 1428 2525 1484; x_wconf 86' lang='lat' dir='ltr'><strong>diderunt</strong></span> <span class='ocrx_word' id='word_1_205' title='bbox 2553 1429 2851 1498; x_wconf 90' lang='lat' dir='ltr'><strong>proﬁtendi</strong></span> <span class='ocrx_word' id='word_1_206' title='bbox 2882 1439 2938 1486; x_wconf 91' lang='lat' dir='ltr'><strong>et</strong></span> <span class='ocrx_word' id='word_1_207' title='bbox 2963 1433 3284 1489; x_wconf 89' lang='lat' dir='ltr'><strong>celebrandi</strong></span> <span class='ocrx_word' id='word_1_208' title='bbox 3315 1437 3597 1494; x_wconf 85' lang='lat' dir='ltr'><strong>unitatem</strong></span> <span class='ocrx_word' id='word_1_209' title='bbox 3647 1441 3705 1494; x_wconf 89' lang='lat' dir='ltr'><strong>in</strong></span> <span class='ocrx_word' id='word_1_210' title='bbox 3724 1441 3848 1496; x_wconf 83' lang='lat' dir='ltr'><strong>Tri-</strong></span> 
     </span>
    </p>
   </div>
   <div class='ocr_carea' id='block_1_32' title="bbox 2258 1519 3844 1592">
    <p class='ocr_par' dir='ltr' id='par_1_32' title="bbox 2258 1519 3844 1592">
     <span class='ocr_line' id='line_1_32' title="bbox 2258 1519 3844 1592; baseline 0.009 -19"><span class='ocrx_word' id='word_1_211' title='bbox 2258 1519 2455 1586; x_wconf 87' lang='lat' dir='ltr'><strong>nitate,</strong></span> <span class='ocrx_word' id='word_1_212' title='bbox 2487 1528 2543 1574; x_wconf 90' lang='lat' dir='ltr'><strong>et</strong></span> <span class='ocrx_word' id='word_1_213' title='bbox 2577 1521 2910 1578; x_wconf 84' lang='lat' dir='ltr'><strong>Trinitatem</strong></span> <span class='ocrx_word' id='word_1_214' title='bbox 2943 1525 3000 1578; x_wconf 92' lang='lat' dir='ltr'><strong>in</strong></span> <span class='ocrx_word' id='word_1_215' title='bbox 3059 1525 3297 1592; x_wconf 87' lang='lat' dir='ltr'><strong>unitate,</strong></span> <span class='ocrx_word' id='word_1_216' title='bbox 3342 1543 3470 1583; x_wconf 92' lang='lat' dir='ltr'><strong>cum</strong></span> <span class='ocrx_word' id='word_1_217' title='bbox 3531 1531 3844 1588; x_wconf 87' lang='lat' dir='ltr'><strong>admirabili</strong></span> 
     </span>
    </p>
   </div>
   <div class='ocr_carea' id='block_1_33' title="bbox 576 1599 3845 1685">
    <p class='ocr_par' dir='ltr' id='par_1_33' title="bbox 576 1599 3845 1685">
     <span class='ocr_line' id='line_1_33' title="bbox 576 1599 3845 1685; baseline 0.008 -30"><span class='ocrx_word' id='word_1_218' title='bbox 576 1602 751 1656; x_wconf 88' lang='lat' dir='ltr'><strong>Filius</strong></span> <span class='ocrx_word' id='word_1_219' title='bbox 778 1603 834 1655; x_wconf 92' lang='lat' dir='ltr'><strong>in</strong></span> <span class='ocrx_word' id='word_1_220' title='bbox 884 1618 944 1656; x_wconf 92' lang='lat' dir='ltr'><strong>se</strong></span> <span class='ocrx_word' id='word_1_221' title='bbox 979 1604 1100 1672; x_wconf 90' lang='lat' dir='ltr'><strong>ipso</strong></span> <span class='ocrx_word' id='word_1_222' title='bbox 1137 1604 1355 1657; x_wconf 87' lang='lat' dir='ltr'><strong>Patrem</strong></span> <span class='ocrx_word' id='word_1_223' title='bbox 1411 1604 1754 1659; x_wconf 90' lang='lat' dir='ltr'><strong>demonstrat</strong></span> <span class='ocrx_word' id='word_1_224' title='bbox 1773 1645 1787 1668; x_wconf 95' lang='lat'><strong>,</strong></span> <span class='ocrx_word' id='word_1_225' title='bbox 1821 1605 2154 1674; x_wconf 88' lang='lat' dir='ltr'><strong>quandoque</strong></span> <span class='ocrx_word' id='word_1_226' title='bbox 2183 1599 2232 1661; x_wconf 81' lang='grc' dir='ltr'><strong>Β</strong></span> <span class='ocrx_word' id='word_1_227' title='bbox 2259 1613 2464 1666; x_wconf 88' lang='lat' dir='ltr'><strong>unione</strong></span> <span class='ocrx_word' id='word_1_228' title='bbox 2493 1619 2552 1665; x_wconf 90' lang='lat' dir='ltr'><strong>et</strong></span> <span class='ocrx_word' id='word_1_229' title='bbox 2576 1611 2970 1668; x_wconf 88' lang='lat' dir='ltr'><strong>distinctione:</strong></span> <span class='ocrx_word' id='word_1_230' title='bbox 2995 1631 3100 1672; x_wconf 89' lang='lat' dir='ltr'><strong>nec</strong></span> <span class='ocrx_word' id='word_1_231' title='bbox 3127 1617 3276 1672; x_wconf 88' lang='lat' dir='ltr'><strong>enim</strong></span> <span class='ocrx_word' id='word_1_232' title='bbox 3301 1617 3614 1685; x_wconf 87' lang='lat' dir='ltr'><strong>distinctio,</strong></span> <span class='ocrx_word' id='word_1_233' title='bbox 3639 1624 3845 1680; x_wconf 78' lang='lat' dir='ltr'><strong>aliena-</strong></span> 
     </span>
    </p>
   </div>
   <div class='ocr_carea' id='block_1_34' title="bbox 577 1692 2157 1764">
    <p class='ocr_par' dir='ltr' id='par_1_34' title="bbox 577 1692 2157 1764">
     <span class='ocr_line' id='line_1_34' title="bbox 577 1692 2157 1764; baseline 0.003 -20"><span class='ocrx_word' id='word_1_234' title='bbox 577 1692 866 1760; x_wconf 89' lang='lat' dir='ltr'><strong>inquiens:</strong></span> <span class='ocrx_word' id='word_1_235' title='bbox 899 1693 1012 1762; x_wconf 86' lang='lat' dir='ltr'><strong>Ego</strong></span> <span class='ocrx_word' id='word_1_236' title='bbox 1046 1694 1102 1746; x_wconf 91' lang='lat' dir='ltr'><strong>in</strong></span> <span class='ocrx_word' id='word_1_237' title='bbox 1121 1693 1306 1758; x_wconf 82' lang='lat' dir='ltr'><strong>Patre,</strong></span> <span class='ocrx_word' id='word_1_238' title='bbox 1331 1703 1377 1746; x_wconf 83' lang='lat' dir='ltr'><strong>et</strong></span> <span class='ocrx_word' id='word_1_239' title='bbox 1401 1694 1562 1748; x_wconf 83' lang='lat' dir='ltr'><strong>Pater</strong></span> <span class='ocrx_word' id='word_1_240' title='bbox 1589 1695 1644 1747; x_wconf 89' lang='lat' dir='ltr'><strong>in</strong></span> <span class='ocrx_word' id='word_1_241' title='bbox 1667 1711 1748 1748; x_wconf 87' lang='lat' dir='ltr'><strong>me</strong></span> <span class='ocrx_word' id='word_1_242' title='bbox 1772 1704 1847 1748; x_wconf 79' lang='lat' dir='ltr'><strong>est</strong></span> <span class='ocrx_word' id='word_1_243' title='bbox 1869 1697 1916 1728; x_wconf 80' lang='lat'><strong><em>”</em></strong></span> <span class='ocrx_word' id='word_1_244' title='bbox 1941 1711 1957 1760; x_wconf 95' lang='lat'><strong>;</strong></span> <span class='ocrx_word' id='word_1_245' title='bbox 1981 1711 2157 1764; x_wconf 89' lang='lat' dir='ltr'><strong>quan-</strong></span> 
     </span>
    </p>
   </div>
   <div class='ocr_carea' id='block_1_35' title="bbox 576 1782 2159 1852">
    <p class='ocr_par' dir='ltr' id='par_1_35' title="bbox 576 1782 2159 1852">
     <span class='ocr_line' id='line_1_35' title="bbox 576 1782 2159 1852; baseline 0.002 -16"><span class='ocrx_word' id='word_1_246' title='bbox 576 1782 759 1850; x_wconf 90' lang='lat' dir='ltr'><strong>doque</strong></span> <span class='ocrx_word' id='word_1_247' title='bbox 791 1783 859 1836; x_wconf 87' lang='lat' dir='ltr'><strong>ad</strong></span> <span class='ocrx_word' id='word_1_248' title='bbox 890 1783 1246 1852; x_wconf 90' lang='lat' dir='ltr'><strong>Philippum:</strong></span> <span class='ocrx_word' id='word_1_249' title='bbox 1286 1782 1389 1848; x_wconf 86' lang='lat' dir='ltr'><strong>Qui</strong></span> <span class='ocrx_word' id='word_1_250' title='bbox 1413 1785 1538 1838; x_wconf 80' lang='lat' dir='ltr'><strong>vidit</strong></span> <span class='ocrx_word' id='word_1_251' title='bbox 1561 1801 1660 1848; x_wconf 88' lang='lat' dir='ltr'><strong>me,</strong></span> <span class='ocrx_word' id='word_1_252' title='bbox 1705 1785 1832 1838; x_wconf 81' lang='lat' dir='ltr'><strong>vidit</strong></span> <span class='ocrx_word' id='word_1_253' title='bbox 1859 1795 1908 1838; x_wconf 83' lang='lat' dir='ltr'><strong>et</strong></span> <span class='ocrx_word' id='word_1_254' title='bbox 1940 1785 2159 1839; x_wconf 79' lang='lat' dir='ltr'><strong>Patrem</strong></span> 
     </span>
    </p>
   </div>
   <div class='ocr_carea' id='block_1_36' title="bbox 575 1873 2160 1943">
    <p class='ocr_par' dir='ltr' id='par_1_36' title="bbox 575 1873 2160 1943">
     <span class='ocr_line' id='line_1_36' title="bbox 575 1873 2160 1943; baseline 0.001 -17"><span class='ocrx_word' id='word_1_255' title='bbox 575 1889 750 1926; x_wconf 79' lang='lat' dir='ltr'><strong>meum</strong></span> <span class='ocrx_word' id='word_1_256' title='bbox 777 1873 850 1938; x_wconf 87' lang='grc'><strong>³⁰;</strong></span> <span class='ocrx_word' id='word_1_257' title='bbox 885 1873 952 1926; x_wconf 86' lang='grc' dir='ltr'>Ει</span> <span class='ocrx_word' id='word_1_258' title='bbox 977 1888 1206 1926; x_wconf 88' lang='lat' dir='ltr'><strong>rursus:</strong></span> <span class='ocrx_word' id='word_1_259' title='bbox 1242 1873 1355 1943; x_wconf 83' lang='lat' dir='ltr'><strong>Ego</strong></span> <span class='ocrx_word' id='word_1_260' title='bbox 1383 1881 1431 1926; x_wconf 87' lang='lat' dir='ltr'><strong>et</strong></span> <span class='ocrx_word' id='word_1_261' title='bbox 1461 1873 1624 1928; x_wconf 88' lang='lat' dir='ltr'><strong>Pater</strong></span> <span class='ocrx_word' id='word_1_262' title='bbox 1649 1891 1812 1928; x_wconf 85' lang='lat' dir='ltr'><strong>unum</strong></span> <span class='ocrx_word' id='word_1_263' title='bbox 1863 1891 2046 1928; x_wconf 75' lang='lat' dir='ltr'><strong>sumus</strong></span> <span class='ocrx_word' id='word_1_264' title='bbox 2071 1875 2110 1906; x_wconf 83' lang='grc'><strong>³³</strong></span> <span class='ocrx_word' id='word_1_265' title='bbox 2137 1875 2160 1928; x_wconf 71' lang='lat'><strong>7</strong></span> 
     </span>
    </p>
   </div>
   <div class='ocr_carea' id='block_1_37' title="bbox 574 1963 2157 2035">
    <p class='ocr_par' dir='ltr' id='par_1_37' title="bbox 574 1963 2157 2035">
     <span class='ocr_line' id='line_1_37' title="bbox 574 1963 2157 2035; baseline 0.001 -17"><span class='ocrx_word' id='word_1_266' title='bbox 574 1964 674 2018; x_wconf 81' lang='lat' dir='ltr'><strong>Est</strong></span> <span class='ocrx_word' id='word_1_267' title='bbox 703 1979 836 2030; x_wconf 90' lang='lat' dir='ltr'><strong>ergo</strong></span> <span class='ocrx_word' id='word_1_268' title='bbox 872 1963 1045 2017; x_wconf 85' lang='lat' dir='ltr'><strong>Filius</strong></span> <span class='ocrx_word' id='word_1_269' title='bbox 1071 1979 1139 2018; x_wconf 80' lang='lat' dir='ltr'><strong>ex</strong></span> <span class='ocrx_word' id='word_1_270' title='bbox 1164 1964 1346 2028; x_wconf 86' lang='lat' dir='ltr'><strong>Patre,</strong></span> <span class='ocrx_word' id='word_1_271' title='bbox 1373 1973 1429 2018; x_wconf 90' lang='lat' dir='ltr'><strong>et</strong></span> <span class='ocrx_word' id='word_1_272' title='bbox 1453 1980 1562 2018; x_wconf 90' lang='lat' dir='ltr'><strong>non</strong></span> <span class='ocrx_word' id='word_1_273' title='bbox 1587 1980 1714 2034; x_wconf 89' lang='lat' dir='ltr'><strong>pars</strong></span> <span class='ocrx_word' id='word_1_274' title='bbox 1763 1965 1916 2035; x_wconf 90' lang='lat' dir='ltr'><strong>ejus;</strong></span> <span class='ocrx_word' id='word_1_275' title='bbox 1968 1965 2157 2020; x_wconf 91' lang='lat' dir='ltr'><strong>lumen</strong></span> 
     </span>
    </p>
   </div>
   <div class='ocr_carea' id='block_1_38' title="bbox 575 2055 2154 2124">
    <p class='ocr_par' dir='ltr' id='par_1_38' title="bbox 575 2055 2154 2124">
     <span class='ocr_line' id='line_1_38' title="bbox 575 2055 2154 2124; baseline 0 -16"><span class='ocrx_word' id='word_1_276' title='bbox 575 2070 643 2108; x_wconf 86' lang='lat' dir='ltr'><strong>ex</strong></span> <span class='ocrx_word' id='word_1_277' title='bbox 667 2055 894 2120; x_wconf 90' lang='lat' dir='ltr'><strong>lumine,</strong></span> <span class='ocrx_word' id='word_1_278' title='bbox 917 2063 973 2108; x_wconf 91' lang='lat' dir='ltr'><strong>et</strong></span> <span class='ocrx_word' id='word_1_279' title='bbox 997 2070 1108 2108; x_wconf 88' lang='lat' dir='ltr'><strong>non</strong></span> <span class='ocrx_word' id='word_1_280' title='bbox 1134 2055 1470 2124; x_wconf 87' lang='lat' dir='ltr'><strong>particulare</strong></span> <span class='ocrx_word' id='word_1_281' title='bbox 1502 2056 1722 2121; x_wconf 80' lang='lat' dir='ltr'><strong>lumen;</strong></span> <span class='ocrx_word' id='word_1_282' title='bbox 1751 2057 1898 2109; x_wconf 92' lang='lat' dir='ltr'><strong>Deus</strong></span> <span class='ocrx_word' id='word_1_283' title='bbox 1923 2071 1990 2108; x_wconf 79' lang='lat' dir='ltr'><strong>ex</strong></span> <span class='ocrx_word' id='word_1_284' title='bbox 2023 2055 2154 2121; x_wconf 90' lang='lat' dir='ltr'><strong>Deo,</strong></span> 
     </span>
    </p>
   </div>
   <div class='ocr_carea' id='block_1_39' title="bbox 575 2147 2159 2216">
    <p class='ocr_par' dir='ltr' id='par_1_39' title="bbox 575 2147 2159 2216">
     <span class='ocr_line' id='line_1_39' title="bbox 575 2147 2159 2216; baseline 0.001 -16"><span class='ocrx_word' id='word_1_285' title='bbox 575 2157 778 2200; x_wconf 88' lang='lat' dir='ltr'><strong>etnon</strong></span> <span class='ocrx_word' id='word_1_286' title='bbox 829 2163 957 2216; x_wconf 89' lang='lat' dir='ltr'><strong>pars</strong></span> <span class='ocrx_word' id='word_1_287' title='bbox 990 2147 1303 2202; x_wconf 86' lang='lat' dir='ltr'><strong>divinitatis</strong></span> <span class='ocrx_word' id='word_1_288' title='bbox 1350 2149 1436 2201; x_wconf 85' lang='lat' dir='ltr'><strong>vel</strong></span> <span class='ocrx_word' id='word_1_289' title='bbox 1489 2147 1836 2202; x_wconf 84' lang='lat' dir='ltr'><strong>substantia.</strong></span> <span class='ocrx_word' id='word_1_290' title='bbox 1890 2147 2159 2202; x_wconf 87' lang='lat' dir='ltr'><strong>Similiter</strong></span> 
     </span>
    </p>
   </div>
   <div class='ocr_carea' id='block_1_40' title="bbox 576 2237 2155 2306">
    <p class='ocr_par' dir='ltr' id='par_1_40' title="bbox 576 2237 2155 2306">
     <span class='ocr_line' id='line_1_40' title="bbox 576 2237 2155 2306; baseline 0.002 -16"><span class='ocrx_word' id='word_1_291' title='bbox 576 2237 814 2306; x_wconf 86' lang='lat' dir='ltr'><strong>Spiritus</strong></span> <span class='ocrx_word' id='word_1_292' title='bbox 847 2249 1090 2292; x_wconf 87' lang='lat' dir='ltr'><strong>sanctus.</strong></span> <span class='ocrx_word' id='word_1_293' title='bbox 1126 2239 1195 2292; x_wconf 88' lang='lat' dir='ltr'><strong>Et</strong></span> <span class='ocrx_word' id='word_1_294' title='bbox 1225 2247 1309 2292; x_wconf 92' lang='lat' dir='ltr'><strong>est</strong></span> <span class='ocrx_word' id='word_1_295' title='bbox 1337 2239 1498 2292; x_wconf 91' lang='lat' dir='ltr'><strong>Pater</strong></span> <span class='ocrx_word' id='word_1_296' title='bbox 1523 2255 1686 2294; x_wconf 83' lang='lat' dir='ltr'><strong>verus</strong></span> <span class='ocrx_word' id='word_1_297' title='bbox 1703 2240 1878 2305; x_wconf 86' lang='lat' dir='ltr'><strong>Deus;</strong></span> <span class='ocrx_word' id='word_1_298' title='bbox 1913 2239 1992 2294; x_wconf 92' lang='lat' dir='ltr'><strong>sic</strong></span> <span class='ocrx_word' id='word_1_299' title='bbox 2008 2239 2155 2294; x_wconf 91' lang='lat' dir='ltr'><strong>enim</strong></span> 
     </span>
    </p>
   </div>
   <div class='ocr_carea' id='block_1_41' title="bbox 574 2327 2155 2400">
    <p class='ocr_par' dir='ltr' id='par_1_41' title="bbox 574 2327 2155 2400">
     <span class='ocr_line' id='line_1_41' title="bbox 574 2327 2155 2400; baseline 0.003 -21"><span class='ocrx_word' id='word_1_300' title='bbox 574 2338 734 2380; x_wconf 85' lang='lat' dir='ltr'><strong>vocat</strong></span> <span class='ocrx_word' id='word_1_301' title='bbox 763 2327 954 2392; x_wconf 84' lang='lat' dir='ltr'><strong>Filius,</strong></span> <span class='ocrx_word' id='word_1_302' title='bbox 989 2344 1113 2382; x_wconf 90' lang='lat' dir='ltr'><strong>cum</strong></span> <span class='ocrx_word' id='word_1_303' title='bbox 1141 2329 1220 2382; x_wconf 90' lang='lat' dir='ltr'><strong>ait</strong></span> <span class='ocrx_word' id='word_1_304' title='bbox 1245 2347 1258 2382; x_wconf 88' lang='lat'><strong>:</strong></span> <span class='ocrx_word' id='word_1_305' title='bbox 1293 2329 1357 2384; x_wconf 91' lang='lat' dir='ltr'><strong>Ut</strong></span> <span class='ocrx_word' id='word_1_306' title='bbox 1387 2339 1701 2400; x_wconf 82' lang='lat' dir='ltr'><strong>cognoscant</strong></span> <span class='ocrx_word' id='word_1_307' title='bbox 1723 2340 1772 2384; x_wconf 85' lang='lat' dir='ltr'><strong>te</strong></span> <span class='ocrx_word' id='word_1_308' title='bbox 1788 2331 1958 2386; x_wconf 81' lang='lat' dir='ltr'><strong>solum</strong></span> <span class='ocrx_word' id='word_1_309' title='bbox 1975 2347 2155 2385; x_wconf 85' lang='lat' dir='ltr'><strong>verum</strong></span> 
     </span>
    </p>
   </div>
   <div class='ocr_carea' id='block_1_42' title="bbox 572 2417 2156 2492">
    <p class='ocr_par' dir='ltr' id='par_1_42' title="bbox 572 2417 2156 2492">
     <span class='ocr_line' id='line_1_42' title="bbox 572 2417 2156 2492; baseline 0.003 -20"><span class='ocrx_word' id='word_1_310' title='bbox 572 2417 744 2472; x_wconf 79' lang='lat' dir='ltr'><strong>Deum</strong></span> <span class='ocrx_word' id='word_1_311' title='bbox 775 2420 854 2484; x_wconf 83' lang='grc'><strong>³²;</strong></span> <span class='ocrx_word' id='word_1_312' title='bbox 883 2435 940 2473; x_wconf 87' lang='lat' dir='ltr'><strong>se</strong></span> <span class='ocrx_word' id='word_1_313' title='bbox 969 2429 1152 2474; x_wconf 88' lang='lat' dir='ltr'><strong>autem</strong></span> <span class='ocrx_word' id='word_1_314' title='bbox 1187 2423 1462 2475; x_wconf 79' lang='lat' dir='ltr'><strong>veritatem</strong></span> <span class='ocrx_word' id='word_1_315' title='bbox 1497 2431 1658 2476; x_wconf 87' lang='lat' dir='ltr'><strong>vocat</strong></span> <span class='ocrx_word' id='word_1_316' title='bbox 1715 2423 1974 2491; x_wconf 89' lang='lat' dir='ltr'><strong>inquiens</strong></span> <span class='ocrx_word' id='word_1_317' title='bbox 2003 2441 2015 2475; x_wconf 91' lang='lat'><strong>:</strong></span> <span class='ocrx_word' id='word_1_318' title='bbox 2045 2423 2156 2492; x_wconf 84' lang='lat' dir='ltr'><strong>Ego</strong></span> 
     </span>
    </p>
   </div>
   <div class='ocr_carea' id='block_1_43' title="bbox 573 2512 2155 2584">
    <p class='ocr_par' dir='ltr' id='par_1_43' title="bbox 573 2512 2155 2584">
     <span class='ocr_line' id='line_1_43' title="bbox 573 2512 2155 2584; baseline 0.002 -20"><span class='ocrx_word' id='word_1_319' title='bbox 573 2527 693 2564; x_wconf 82' lang='lat' dir='ltr'><strong>sum</strong></span> <span class='ocrx_word' id='word_1_320' title='bbox 718 2512 912 2564; x_wconf 82' lang='lat' dir='ltr'><strong>veritas</strong></span> <span class='ocrx_word' id='word_1_321' title='bbox 941 2512 1020 2576; x_wconf 85' lang='grc'><strong>³³;</strong></span> <span class='ocrx_word' id='word_1_322' title='bbox 1057 2521 1114 2566; x_wconf 90' lang='lat' dir='ltr'><strong>et</strong></span> <span class='ocrx_word' id='word_1_323' title='bbox 1147 2513 1392 2582; x_wconf 74' lang='lat' dir='ltr'><strong>Spiritus</strong></span> <span class='ocrx_word' id='word_1_324' title='bbox 1422 2521 1670 2578; x_wconf 86' lang='lat' dir='ltr'><strong>sanctus,</strong></span> <span class='ocrx_word' id='word_1_325' title='bbox 1705 2512 1934 2584; x_wconf 78' lang='lat' dir='ltr'><strong>Spiritus</strong></span> <span class='ocrx_word' id='word_1_326' title='bbox 1961 2515 2155 2567; x_wconf 83' lang='lat' dir='ltr'><strong>verita-</strong></span> 
     </span>
    </p>
   </div>
   <div class='ocr_carea' id='block_1_44' title="bbox 575 2601 2154 2672">
    <p class='ocr_par' dir='ltr' id='par_1_44' title="bbox 575 2601 2154 2672">
     <span class='ocr_line' id='line_1_44' title="bbox 575 2601 2154 2672; baseline 0.003 -18"><span class='ocrx_word' id='word_1_327' title='bbox 575 2603 642 2654; x_wconf 81' lang='lat' dir='ltr'><strong>tis</strong></span> <span class='ocrx_word' id='word_1_328' title='bbox 675 2601 881 2655; x_wconf 91' lang='lat' dir='ltr'><strong>dicitur</strong></span> <span class='ocrx_word' id='word_1_329' title='bbox 917 2603 980 2656; x_wconf 71' lang='lat'><strong>&quot;.</strong></span> <span class='ocrx_word' id='word_1_330' title='bbox 1005 2603 1108 2658; x_wconf 92' lang='lat' dir='ltr'><strong>llic</strong></span> <span class='ocrx_word' id='word_1_331' title='bbox 1141 2611 1324 2658; x_wconf 90' lang='lat' dir='ltr'><strong>autem</strong></span> <span class='ocrx_word' id='word_1_332' title='bbox 1354 2620 1423 2658; x_wconf 77' lang='lat' dir='ltr'><strong>ex</strong></span> <span class='ocrx_word' id='word_1_333' title='bbox 1464 2605 1626 2658; x_wconf 87' lang='lat' dir='ltr'><strong>Patre</strong></span> <span class='ocrx_word' id='word_1_334' title='bbox 1658 2605 1912 2672; x_wconf 90' lang='lat' dir='ltr'><strong>procedit</strong></span> <span class='ocrx_word' id='word_1_335' title='bbox 2013 2623 2028 2660; x_wconf 88' lang='lat'><strong>:</strong></span> <span class='ocrx_word' id='word_1_336' title='bbox 2060 2619 2154 2659; x_wconf 87' lang='lat' dir='ltr'><strong>ac-</strong></span> 
     </span>
    </p>
   </div>
   <div class='ocr_carea' id='block_1_45' title="bbox 575 2693 2151 2761">
    <p class='ocr_par' dir='ltr' id='par_1_45' title="bbox 575 2693 2151 2761">
     <span class='ocr_line' id='line_1_45' title="bbox 575 2693 2151 2761; baseline 0.004 -17"><span class='ocrx_word' id='word_1_337' title='bbox 575 2693 709 2761; x_wconf 88' lang='lat' dir='ltr'><strong>cipit</strong></span> <span class='ocrx_word' id='word_1_338' title='bbox 743 2702 926 2747; x_wconf 86' lang='lat' dir='ltr'><strong>autem</strong></span> <span class='ocrx_word' id='word_1_339' title='bbox 959 2696 1144 2748; x_wconf 91' lang='lat' dir='ltr'><strong>omnia</strong></span> <span class='ocrx_word' id='word_1_340' title='bbox 1180 2697 1329 2760; x_wconf 85' lang='lat' dir='ltr'><strong>Filii,</strong></span> <span class='ocrx_word' id='word_1_341' title='bbox 1358 2695 1613 2749; x_wconf 85' lang='lat' dir='ltr'><strong>habentis</strong></span> <span class='ocrx_word' id='word_1_342' title='bbox 1650 2695 1834 2748; x_wconf 85' lang='lat' dir='ltr'><strong>omnia</strong></span> <span class='ocrx_word' id='word_1_343' title='bbox 1869 2695 2050 2750; x_wconf 87' lang='lat' dir='ltr'><strong>Patris</strong></span> <span class='ocrx_word' id='word_1_344' title='bbox 2084 2695 2151 2760; x_wconf 85' lang='grc'><strong>⁸⁸,</strong></span> 
     </span>
    </p>
   </div>
   <div class='ocr_carea' id='block_1_46' title="bbox 573 2784 2152 2850">
    <p class='ocr_par' dir='ltr' id='par_1_46' title="bbox 573 2784 2152 2850">
     <span class='ocr_line' id='line_1_46' title="bbox 573 2784 2152 2850; baseline 0.001 -12"><span class='ocrx_word' id='word_1_345' title='bbox 573 2784 640 2838; x_wconf 86' lang='lat' dir='ltr'><strong>ad</strong></span> <span class='ocrx_word' id='word_1_346' title='bbox 668 2785 1160 2839; x_wconf 89' lang='lat' dir='ltr'><strong>demonstrandum</strong></span> <span class='ocrx_word' id='word_1_347' title='bbox 1177 2787 1602 2840; x_wconf 83' lang='lat' dir='ltr'><strong>etmanil‘estum</strong></span> <span class='ocrx_word' id='word_1_348' title='bbox 1619 2787 1960 2850; x_wconf 75' lang='lat' dir='ltr'><strong>faciendum,</strong></span> <span class='ocrx_word' id='word_1_349' title='bbox 1986 2802 2152 2840; x_wconf 90' lang='lat' dir='ltr'><strong>unam</strong></span> 
     </span>
    </p>
   </div>
   <div class='ocr_carea' id='block_1_47' title="bbox 575 2876 2146 2948">
    <p class='ocr_par' dir='ltr' id='par_1_47' title="bbox 575 2876 2146 2948">
     <span class='ocr_line' id='line_1_47' title="bbox 575 2876 2146 2948; baseline 0.002 -18"><span class='ocrx_word' id='word_1_350' title='bbox 575 2876 940 2930; x_wconf 80' lang='lat' dir='ltr'><strong>substantiam</strong></span> <span class='ocrx_word' id='word_1_351' title='bbox 968 2893 1089 2932; x_wconf 87' lang='lat' dir='ltr'><strong>esse</strong></span> <span class='ocrx_word' id='word_1_352' title='bbox 1131 2887 1187 2931; x_wconf 92' lang='lat' dir='ltr'><strong>et</strong></span> <span class='ocrx_word' id='word_1_353' title='bbox 1221 2879 1572 2946; x_wconf 89' lang='lat' dir='ltr'><strong>accipientis,</strong></span> <span class='ocrx_word' id='word_1_354' title='bbox 1622 2886 1680 2932; x_wconf 91' lang='lat' dir='ltr'><strong>et</strong></span> <span class='ocrx_word' id='word_1_355' title='bbox 1707 2880 1826 2948; x_wconf 91' lang='lat' dir='ltr'><strong>ejus</strong></span> <span class='ocrx_word' id='word_1_356' title='bbox 1855 2893 1885 2932; x_wconf 90' lang='lat' dir='ltr'><strong>a</strong></span> <span class='ocrx_word' id='word_1_357' title='bbox 1915 2894 2026 2946; x_wconf 91' lang='lat' dir='ltr'><strong>quo</strong></span> <span class='ocrx_word' id='word_1_358' title='bbox 2053 2893 2146 2933; x_wconf 92' lang='lat' dir='ltr'><strong>ac-</strong></span> 
     </span>
    </p>
   </div>
   <div class='ocr_carea' id='block_1_48' title="bbox 574 2941 2223 3038">
    <p class='ocr_par' dir='ltr' id='par_1_48' title="bbox 574 2941 2223 3038">
     <span class='ocr_line' id='line_1_48' title="bbox 574 2941 2223 3038; baseline 0.004 -20"><span class='ocrx_word' id='word_1_359' title='bbox 574 2965 731 3033; x_wconf 88' lang='lat' dir='ltr'><strong>cipit,</strong></span> <span class='ocrx_word' id='word_1_360' title='bbox 795 2975 850 3020; x_wconf 90' lang='lat' dir='ltr'><strong>et</strong></span> <span class='ocrx_word' id='word_1_361' title='bbox 881 2967 1002 3036; x_wconf 82' lang='lat' dir='ltr'><strong>ejus</strong></span> <span class='ocrx_word' id='word_1_362' title='bbox 1054 2983 1122 3020; x_wconf 83' lang='lat' dir='ltr'><strong>ex</strong></span> <span class='ocrx_word' id='word_1_363' title='bbox 1166 2983 1276 3036; x_wconf 88' lang='lat' dir='ltr'><strong>quo</strong></span> <span class='ocrx_word' id='word_1_364' title='bbox 1323 2941 1653 3022; x_wconf 77' lang='lat' dir='ltr'><strong>naturaliter</strong></span> <span class='ocrx_word' id='word_1_365' title='bbox 1710 2941 1992 3038; x_wconf 74' lang='lat' dir='ltr'><strong>procedit:</strong></span> <span class='ocrx_word' id='word_1_366' title='bbox 2043 2985 2146 3024; x_wconf 90' lang='lat' dir='ltr'><strong>nec</strong></span> <span class='ocrx_word' id='word_1_367' title='bbox 2179 2941 2223 3000; x_wconf 66' lang='grc' dir='ltr'><strong>θ</strong></span> 
     </span>
    </p>
   </div>
   <div class='ocr_carea' id='block_1_49' title="bbox 573 3059 2153 3130">
    <p class='ocr_par' dir='ltr' id='par_1_49' title="bbox 573 3059 2153 3130">
     <span class='ocr_line' id='line_1_49' title="bbox 573 3059 2153 3130; baseline 0.002 -16"><span class='ocrx_word' id='word_1_368' title='bbox 573 3059 722 3114; x_wconf 90' lang='lat' dir='ltr'><strong>enim</strong></span> <span class='ocrx_word' id='word_1_369' title='bbox 754 3061 1025 3128; x_wconf 89' lang='lat' dir='ltr'><strong>processit</strong></span> <span class='ocrx_word' id='word_1_370' title='bbox 1053 3077 1120 3115; x_wconf 82' lang='lat' dir='ltr'><strong>ex</strong></span> <span class='ocrx_word' id='word_1_371' title='bbox 1151 3061 1336 3130; x_wconf 90' lang='lat' dir='ltr'><strong>aliquo</strong></span> <span class='ocrx_word' id='word_1_372' title='bbox 1379 3062 1615 3116; x_wconf 82' lang='lat' dir='ltr'><strong>diversa</strong></span> <span class='ocrx_word' id='word_1_373' title='bbox 1657 3063 2012 3128; x_wconf 77' lang='lat' dir='ltr'><strong>substantia;</strong></span> <span class='ocrx_word' id='word_1_374' title='bbox 2048 3078 2153 3117; x_wconf 90' lang='lat' dir='ltr'><strong>nec</strong></span> 
     </span>
    </p>
   </div>
   <div class='ocr_carea' id='block_1_50' title="bbox 575 3153 2155 3230">
    <p class='ocr_par' dir='ltr' id='par_1_50' title="bbox 575 3153 2155 3230">
     <span class='ocr_line' id='line_1_50' title="bbox 575 3153 2155 3230; baseline 0.001 -24"><span class='ocrx_word' id='word_1_375' title='bbox 575 3155 788 3222; x_wconf 87' lang='lat' dir='ltr'><strong>accepit</strong></span> <span class='ocrx_word' id='word_1_376' title='bbox 846 3153 1149 3222; x_wconf 87' lang='lat' dir='ltr'><strong>quidquam</strong></span> <span class='ocrx_word' id='word_1_377' title='bbox 1207 3167 1276 3206; x_wconf 77' lang='lat' dir='ltr'><strong>ex</strong></span> <span class='ocrx_word' id='word_1_378' title='bbox 1338 3167 1449 3206; x_wconf 91' lang='lat' dir='ltr'><strong>non</strong></span> <span class='ocrx_word' id='word_1_379' title='bbox 1513 3153 2000 3207; x_wconf 87' lang='lat' dir='ltr'><strong>consubstantiali.</strong></span> <span class='ocrx_word' id='word_1_380' title='bbox 2052 3153 2155 3230; x_wconf 78' lang='lat' dir='ltr'><strong>Sin</strong></span> 
     </span>
    </p>
   </div>
   <div class='ocr_carea' id='block_1_51' title="bbox 573 3244 2151 3314">
    <p class='ocr_par' dir='ltr' id='par_1_51' title="bbox 573 3244 2151 3314">
     <span class='ocr_line' id='line_1_51' title="bbox 573 3244 2151 3314; baseline 0.002 -18"><span class='ocrx_word' id='word_1_381' title='bbox 573 3252 755 3296; x_wconf 88' lang='lat' dir='ltr'><strong>autem</strong></span> <span class='ocrx_word' id='word_1_382' title='bbox 816 3245 1064 3312; x_wconf 87' lang='lat' dir='ltr'><strong>ejusdem</strong></span> <span class='ocrx_word' id='word_1_383' title='bbox 1099 3244 1422 3298; x_wconf 77' lang='lat' dir='ltr'><strong>substantia</strong></span> <span class='ocrx_word' id='word_1_384' title='bbox 1466 3259 1590 3308; x_wconf 81' lang='lat' dir='ltr'><strong>cum</strong></span> <span class='ocrx_word' id='word_1_385' title='bbox 1641 3259 1708 3298; x_wconf 91' lang='lat' dir='ltr'><strong>eo</strong></span> <span class='ocrx_word' id='word_1_386' title='bbox 1759 3253 1910 3308; x_wconf 90' lang='lat' dir='ltr'><strong>sunt,</strong></span> <span class='ocrx_word' id='word_1_387' title='bbox 1942 3260 2008 3300; x_wconf 85' lang='lat' dir='ltr'><strong>ex</strong></span> <span class='ocrx_word' id='word_1_388' title='bbox 2039 3261 2151 3314; x_wconf 88' lang='lat' dir='ltr'><strong>quo</strong></span> 
     </span>
    </p>
   </div>
   <div class='ocr_carea' id='block_1_52' title="bbox 573 3335 2152 3406">
    <p class='ocr_par' dir='ltr' id='par_1_52' title="bbox 573 3335 2152 3406">
     <span class='ocr_line' id='line_1_52' title="bbox 573 3335 2152 3406; baseline 0 -16"><span class='ocrx_word' id='word_1_389' title='bbox 573 3337 863 3406; x_wconf 84' lang='lat' dir='ltr'><strong>processit,</strong></span> <span class='ocrx_word' id='word_1_390' title='bbox 889 3346 944 3390; x_wconf 94' lang='lat' dir='ltr'><strong>et</strong></span> <span class='ocrx_word' id='word_1_391' title='bbox 981 3352 1009 3390; x_wconf 88' lang='lat' dir='ltr'><strong>a</strong></span> <span class='ocrx_word' id='word_1_392' title='bbox 1034 3351 1144 3405; x_wconf 87' lang='lat' dir='ltr'><strong>quo</strong></span> <span class='ocrx_word' id='word_1_393' title='bbox 1185 3335 1418 3404; x_wconf 89' lang='lat' dir='ltr'><strong>accipit;</strong></span> <span class='ocrx_word' id='word_1_394' title='bbox 1465 3343 1523 3389; x_wconf 90' lang='lat' dir='ltr'><strong>et</strong></span> <span class='ocrx_word' id='word_1_395' title='bbox 1557 3335 1635 3390; x_wconf 91' lang='lat' dir='ltr'><strong>illi</strong></span> <span class='ocrx_word' id='word_1_396' title='bbox 1671 3337 1984 3390; x_wconf 87' lang='lat' dir='ltr'><strong>necessario</strong></span> <span class='ocrx_word' id='word_1_397' title='bbox 2005 3337 2152 3392; x_wconf 87' lang='lat' dir='ltr'><strong>inter</strong></span> 
     </span>
    </p>
   </div>
   <div class='ocr_carea' id='block_1_53' title="bbox 573 3427 2150 3515">
    <p class='ocr_par' dir='ltr' id='par_1_53' title="bbox 573 3427 2150 3515">
     <span class='ocr_line' id='line_1_53' title="bbox 573 3427 2150 3515; baseline 0.001 -34"><span class='ocrx_word' id='word_1_398' title='bbox 573 3443 632 3481; x_wconf 91' lang='lat' dir='ltr'><strong>se</strong></span> <span class='ocrx_word' id='word_1_399' title='bbox 655 3434 822 3480; x_wconf 90' lang='lat' dir='ltr'><strong>erunt</strong></span> <span class='ocrx_word' id='word_1_400' title='bbox 842 3427 1088 3496; x_wconf 87' lang='lat' dir='ltr'><strong>ejusdem</strong></span> <span class='ocrx_word' id='word_1_401' title='bbox 1124 3427 1450 3481; x_wconf 88' lang='lat' dir='ltr'><strong>substantia</strong></span> <span class='ocrx_word' id='word_1_402' title='bbox 1475 3444 1486 3478; x_wconf 95' lang='lat'><strong>:</strong></span> <span class='ocrx_word' id='word_1_403' title='bbox 1525 3427 1619 3496; x_wconf 91' lang='lat' dir='ltr'><strong>qui</strong></span> <span class='ocrx_word' id='word_1_404' title='bbox 1638 3427 1788 3515; x_wconf 64' lang='lat' dir='ltr'><strong>enim</strong></span> <span class='ocrx_word' id='word_1_405' title='bbox 1812 3427 1993 3481; x_wconf 90' lang='lat' dir='ltr'><strong>eidem</strong></span> <span class='ocrx_word' id='word_1_406' title='bbox 2021 3435 2150 3482; x_wconf 89' lang='lat' dir='ltr'><strong>sunt</strong></span> 
     </span>
    </p>
   </div>
   <div class='ocr_carea' id='block_1_54' title="bbox 573 3517 2147 3584">
    <p class='ocr_par' dir='ltr' id='par_1_54' title="bbox 573 3517 2147 3584">
     <span class='ocr_line' id='line_1_54' title="bbox 573 3517 2147 3584; baseline 0.003 -14"><span class='ocrx_word' id='word_1_407' title='bbox 573 3517 1097 3582; x_wconf 88' lang='lat' dir='ltr'><strong>consubstantiales,</strong></span> <span class='ocrx_word' id='word_1_408' title='bbox 1125 3527 1182 3572; x_wconf 87' lang='lat' dir='ltr'><strong>et</strong></span> <span class='ocrx_word' id='word_1_409' title='bbox 1229 3517 1374 3572; x_wconf 87' lang='lat' dir='ltr'><strong>inter</strong></span> <span class='ocrx_word' id='word_1_410' title='bbox 1405 3533 1463 3573; x_wconf 90' lang='lat' dir='ltr'><strong>se</strong></span> <span class='ocrx_word' id='word_1_411' title='bbox 1495 3529 1683 3584; x_wconf 89' lang='lat' dir='ltr'><strong>erunt,</strong></span> <span class='ocrx_word' id='word_1_412' title='bbox 1725 3527 1784 3574; x_wconf 88' lang='lat' dir='ltr'><strong>et</strong></span> <span class='ocrx_word' id='word_1_413' title='bbox 1835 3529 1966 3575; x_wconf 91' lang='lat' dir='ltr'><strong>sunt</strong></span> <span class='ocrx_word' id='word_1_414' title='bbox 2018 3534 2147 3574; x_wconf 83' lang='lat' dir='ltr'><strong>vero</strong></span> 
     </span>
    </p>
   </div>
   <div class='ocr_carea' id='block_1_55' title="bbox 571 3609 1192 3679">
    <p class='ocr_par' dir='ltr' id='par_1_55' title="bbox 571 3609 1192 3679">
     <span class='ocr_line' id='line_1_55' title="bbox 571 3609 1192 3679; baseline 0.002 -16"><span class='ocrx_word' id='word_1_415' title='bbox 571 3609 819 3679; x_wconf 83' lang='lat' dir='ltr'><strong>ejusdem</strong></span> <span class='ocrx_word' id='word_1_416' title='bbox 845 3609 1192 3664; x_wconf 82' lang='lat' dir='ltr'><strong>substantia.</strong></span> 
     </span>
    </p>
   </div>
   <div class='ocr_carea' id='block_1_56' title="bbox 639 3699 2146 3771">
    <p class='ocr_par' dir='ltr' id='par_1_56' title="bbox 639 3699 2146 3771">
     <span class='ocr_line' id='line_1_56' title="bbox 639 3699 2146 3771; baseline 0.003 -19"><span class='ocrx_word' id='word_1_417' title='bbox 639 3699 775 3754; x_wconf 74' lang='lat' dir='ltr'><strong>XIV.</strong></span> <span class='ocrx_word' id='word_1_418' title='bbox 809 3699 1180 3765; x_wconf 86' lang='lat' dir='ltr'><strong>Quamobrem</strong></span> <span class='ocrx_word' id='word_1_419' title='bbox 1215 3701 1536 3756; x_wconf 89' lang='lat' dir='ltr'><strong>necessario</strong></span> <span class='ocrx_word' id='word_1_420' title='bbox 1574 3701 2061 3771; x_wconf 79' lang='lat' dir='ltr'><strong>congloriﬁcantur</strong></span> <span class='ocrx_word' id='word_1_421' title='bbox 2089 3710 2146 3756; x_wconf 91' lang='lat' dir='ltr'><strong>et</strong></span> 
     </span>
    </p>
   </div>
   <div class='ocr_carea' id='block_1_57' title="bbox 569 3793 2144 3864">
    <p class='ocr_par' dir='ltr' id='par_1_57' title="bbox 569 3793 2144 3864">
     <span class='ocr_line' id='line_1_57' title="bbox 569 3793 2144 3864; baseline 0.001 -18"><span class='ocrx_word' id='word_1_422' title='bbox 569 3793 960 3856; x_wconf 84' lang='lat' dir='ltr'><strong>coadorantur,</strong></span> <span class='ocrx_word' id='word_1_423' title='bbox 1001 3809 1126 3848; x_wconf 89' lang='lat' dir='ltr'><strong>cum</strong></span> <span class='ocrx_word' id='word_1_424' title='bbox 1143 3793 1388 3849; x_wconf 86' lang='lat' dir='ltr'><strong>Trinitas</strong></span> <span class='ocrx_word' id='word_1_425' title='bbox 1413 3793 1907 3849; x_wconf 87' lang='lat' dir='ltr'><strong>consubstantialis</strong></span> <span class='ocrx_word' id='word_1_426' title='bbox 1939 3795 1989 3859; x_wconf 76' lang='grc' dir='ltr'><strong>Ιι;</strong></span> <span class='ocrx_word' id='word_1_427' title='bbox 2021 3809 2144 3864; x_wconf 90' lang='lat' dir='ltr'><strong>qua</strong></span> 
     </span>
    </p>
   </div>
   <div class='ocr_carea' id='block_1_58' title="bbox 567 3885 2140 3956">
    <p class='ocr_par' dir='ltr' id='par_1_58' title="bbox 567 3885 2140 3956">
     <span class='ocr_line' id='line_1_58' title="bbox 567 3885 2140 3956; baseline 0.001 -17"><span class='ocrx_word' id='word_1_428' title='bbox 567 3887 730 3939; x_wconf 89' lang='lat' dir='ltr'><strong>simul</strong></span> <span class='ocrx_word' id='word_1_429' title='bbox 765 3885 955 3956; x_wconf 85' lang='lat' dir='ltr'><strong>utique</strong></span> <span class='ocrx_word' id='word_1_430' title='bbox 979 3886 1321 3950; x_wconf 85' lang='lat' dir='ltr'><strong>nominatur,</strong></span> <span class='ocrx_word' id='word_1_431' title='bbox 1357 3896 1414 3941; x_wconf 91' lang='lat' dir='ltr'><strong>et</strong></span> <span class='ocrx_word' id='word_1_432' title='bbox 1437 3887 1508 3941; x_wconf 90' lang='lat' dir='ltr'><strong>ad</strong></span> <span class='ocrx_word' id='word_1_433' title='bbox 1535 3885 2012 3956; x_wconf 83' lang='lat' dir='ltr'><strong>regenerationem</strong></span> <span class='ocrx_word' id='word_1_434' title='bbox 2042 3885 2140 3940; x_wconf 92' lang='lat' dir='ltr'><strong>ba-</strong></span> 
     </span>
    </p>
   </div>
   <div class='ocr_carea' id='block_1_59' title="bbox 565 3975 2142 4046">
    <p class='ocr_par' dir='ltr' id='par_1_59' title="bbox 565 3975 2142 4046">
     <span class='ocr_line' id='line_1_59' title="bbox 565 3975 2142 4046; baseline -0.003 -14"><span class='ocrx_word' id='word_1_435' title='bbox 565 3979 897 4046; x_wconf 82' lang='lat' dir='ltr'><strong>ptizatorum</strong></span> <span class='ocrx_word' id='word_1_436' title='bbox 937 3977 992 4030; x_wconf 90' lang='lat' dir='ltr'><strong>in</strong></span> <span class='ocrx_word' id='word_1_437' title='bbox 1033 3993 1328 4032; x_wconf 90' lang='lat' dir='ltr'><strong>commune</strong></span> <span class='ocrx_word' id='word_1_438' title='bbox 1359 3977 1693 4031; x_wconf 88' lang='lat' dir='ltr'><strong>adhibetur:</strong></span> <span class='ocrx_word' id='word_1_439' title='bbox 1759 3975 1963 4030; x_wconf 91' lang='lat' dir='ltr'><strong>etenim</strong></span> <span class='ocrx_word' id='word_1_440' title='bbox 2011 3975 2142 4044; x_wconf 88' lang='lat' dir='ltr'><strong>quia</strong></span> 
     </span>
    </p>
   </div>
   <div class='ocr_carea' id='block_1_60' title="bbox 565 4066 2139 4138">
    <p class='ocr_par' dir='ltr' id='par_1_60' title="bbox 565 4066 2139 4138">
     <span class='ocr_line' id='line_1_60' title="bbox 565 4066 2139 4138; baseline -0.003 -15"><span class='ocrx_word' id='word_1_441' title='bbox 565 4085 628 4123; x_wconf 79' lang='lat' dir='ltr'><strong>cx</strong></span> <span class='ocrx_word' id='word_1_442' title='bbox 662 4069 779 4138; x_wconf 86' lang='lat' dir='ltr'><strong>ipsa</strong></span> <span class='ocrx_word' id='word_1_443' title='bbox 809 4077 992 4122; x_wconf 83' lang='lat' dir='ltr'><strong>ortum</strong></span> <span class='ocrx_word' id='word_1_444' title='bbox 1023 4069 1292 4137; x_wconf 88' lang='lat' dir='ltr'><strong>cepimus,</strong></span> <span class='ocrx_word' id='word_1_445' title='bbox 1325 4076 1598 4122; x_wconf 83' lang='lat' dir='ltr'><strong>vetustate</strong></span> <span class='ocrx_word' id='word_1_446' title='bbox 1633 4067 1815 4122; x_wconf 84' lang='lat' dir='ltr'><strong>allecti</strong></span> <span class='ocrx_word' id='word_1_447' title='bbox 1842 4082 1940 4136; x_wconf 89' lang='lat' dir='ltr'><strong>per</strong></span> <span class='ocrx_word' id='word_1_448' title='bbox 1968 4066 2139 4136; x_wconf 92' lang='lat' dir='ltr'><strong>ipsam</strong></span> 
     </span>
    </p>
   </div>
   <div class='ocr_carea' id='block_1_61' title="bbox 566 4157 2140 4227">
    <p class='ocr_par' dir='ltr' id='par_1_61' title="bbox 566 4157 2140 4227">
     <span class='ocr_line' id='line_1_61' title="bbox 566 4157 2140 4227; baseline -0.003 -13"><span class='ocrx_word' id='word_1_449' title='bbox 566 4177 925 4216; x_wconf 82' lang='lat' dir='ltr'><strong>renovamur:</strong></span> <span class='ocrx_word' id='word_1_450' title='bbox 966 4177 1076 4214; x_wconf 84' lang='lat' dir='ltr'><strong>non</strong></span> <span class='ocrx_word' id='word_1_451' title='bbox 1127 4161 1277 4214; x_wconf 89' lang='lat' dir='ltr'><strong>enim</strong></span> <span class='ocrx_word' id='word_1_452' title='bbox 1336 4159 1405 4212; x_wconf 89' lang='lat' dir='ltr'><strong>ad</strong></span> <span class='ocrx_word' id='word_1_453' title='bbox 1470 4159 1643 4212; x_wconf 89' lang='lat' dir='ltr'><strong>ullum</strong></span> <span class='ocrx_word' id='word_1_454' title='bbox 1683 4159 1853 4212; x_wconf 90' lang='lat' dir='ltr'><strong>alium</strong></span> <span class='ocrx_word' id='word_1_455' title='bbox 1898 4157 2140 4227; x_wconf 84' lang='lat' dir='ltr'><strong>pertinet</strong></span> 
     </span>
    </p>
   </div>
   <div class='ocr_carea' id='block_1_62' title="bbox 2261 1703 3841 1781">
    <p class='ocr_par' dir='ltr' id='par_1_62' title="bbox 2261 1703 3841 1781">
     <span class='ocr_line' id='line_1_62' title="bbox 2261 1703 3841 1781; baseline 0.009 -25"><span class='ocrx_word' id='word_1_456' title='bbox 2261 1703 2338 1756; x_wconf 92' lang='lat' dir='ltr'><strong>tio</strong></span> <span class='ocrx_word' id='word_1_457' title='bbox 2357 1709 2415 1757; x_wconf 90' lang='lat' dir='ltr'><strong>et</strong></span> <span class='ocrx_word' id='word_1_458' title='bbox 2440 1705 2719 1772; x_wconf 88' lang='lat' dir='ltr'><strong>separatio</strong></span> <span class='ocrx_word' id='word_1_459' title='bbox 2731 1713 2846 1772; x_wconf 90' lang='lat' dir='ltr'><strong>est;</strong></span> <span class='ocrx_word' id='word_1_460' title='bbox 2884 1721 2989 1762; x_wconf 89' lang='lat' dir='ltr'><strong>nec</strong></span> <span class='ocrx_word' id='word_1_461' title='bbox 3012 1709 3168 1774; x_wconf 88' lang='lat' dir='ltr'><strong>unio,</strong></span> <span class='ocrx_word' id='word_1_462' title='bbox 3195 1711 3600 1781; x_wconf 82' lang='lat' dir='ltr'><strong>eonglutinatio</strong></span> <span class='ocrx_word' id='word_1_463' title='bbox 3632 1724 3690 1770; x_wconf 89' lang='lat' dir='ltr'><strong>et</strong></span> <span class='ocrx_word' id='word_1_464' title='bbox 3708 1731 3841 1771; x_wconf 86' lang='lat' dir='ltr'><strong>con-</strong></span> 
     </span>
    </p>
   </div>
   <div class='ocr_carea' id='block_1_63' title="bbox 2257 1792 3840 1872">
    <p class='ocr_par' dir='ltr' id='par_1_63' title="bbox 2257 1792 3840 1872">
     <span class='ocr_line' id='line_1_63' title="bbox 2257 1792 3840 1872; baseline 0.01 -26"><span class='ocrx_word' id='word_1_465' title='bbox 2257 1792 2404 1848; x_wconf 79' lang='lat' dir='ltr'><strong>fusio</strong></span> <span class='ocrx_word' id='word_1_466' title='bbox 2439 1805 2559 1848; x_wconf 89' lang='lat' dir='ltr'><strong>est:</strong></span> <span class='ocrx_word' id='word_1_467' title='bbox 2585 1795 2685 1848; x_wconf 90' lang='lat' dir='ltr'><strong>sed</strong></span> <span class='ocrx_word' id='word_1_468' title='bbox 2720 1796 2908 1864; x_wconf 88' lang='lat' dir='ltr'><strong>potius</strong></span> <span class='ocrx_word' id='word_1_469' title='bbox 2944 1798 3077 1852; x_wconf 91' lang='lat' dir='ltr'><strong>unio</strong></span> <span class='ocrx_word' id='word_1_470' title='bbox 3111 1808 3197 1855; x_wconf 90' lang='lat' dir='ltr'><strong>est</strong></span> <span class='ocrx_word' id='word_1_471' title='bbox 3228 1801 3605 1872; x_wconf 85' lang='lat' dir='ltr'><strong>simplicitas;</strong></span> <span class='ocrx_word' id='word_1_472' title='bbox 3640 1815 3699 1862; x_wconf 90' lang='lat' dir='ltr'><strong>et</strong></span> <span class='ocrx_word' id='word_1_473' title='bbox 3728 1806 3840 1862; x_wconf 80' lang='lat' dir='ltr'><strong>dis-</strong></span> 
     </span>
    </p>
   </div>
   <div class='ocr_carea' id='block_1_64' title="bbox 2255 1885 3835 1961">
    <p class='ocr_par' dir='ltr' id='par_1_64' title="bbox 2255 1885 3835 1961">
     <span class='ocr_line' id='line_1_64' title="bbox 2255 1885 3835 1961; baseline 0.009 -21"><span class='ocrx_word' id='word_1_474' title='bbox 2255 1886 2454 1940; x_wconf 89' lang='lat' dir='ltr'><strong>tinctio</strong></span> <span class='ocrx_word' id='word_1_475' title='bbox 2481 1885 2810 1943; x_wconf 88' lang='lat' dir='ltr'><strong>admiranda</strong></span> <span class='ocrx_word' id='word_1_476' title='bbox 2837 1905 2855 1942; x_wconf 91' lang='lat'><strong>:</strong></span> <span class='ocrx_word' id='word_1_477' title='bbox 2889 1897 3189 1961; x_wconf 89' lang='lat' dir='ltr'><strong>utrumque</strong></span> <span class='ocrx_word' id='word_1_478' title='bbox 3215 1903 3402 1949; x_wconf 85' lang='lat' dir='ltr'><strong>autem</strong></span> <span class='ocrx_word' id='word_1_479' title='bbox 3434 1897 3619 1952; x_wconf 90' lang='lat' dir='ltr'><strong>Deum</strong></span> <span class='ocrx_word' id='word_1_480' title='bbox 3659 1899 3835 1954; x_wconf 87' lang='lat' dir='ltr'><strong>decet.</strong></span> 
     </span>
    </p>
   </div>
   <div class='ocr_carea' id='block_1_65' title="bbox 2255 1975 3840 2052">
    <p class='ocr_par' dir='ltr' id='par_1_65' title="bbox 2255 1975 3840 2052">
     <span class='ocr_line' id='line_1_65' title="bbox 2255 1975 3840 2052; baseline 0.011 -23"><span class='ocrx_word' id='word_1_481' title='bbox 2255 1975 2396 2043; x_wconf 85' lang='lat' dir='ltr'><strong>Quia</strong></span> <span class='ocrx_word' id='word_1_482' title='bbox 2422 1991 2556 2031; x_wconf 84' lang='lat' dir='ltr'><strong>vero</strong></span> <span class='ocrx_word' id='word_1_483' title='bbox 2593 1977 2937 2050; x_wconf 86' lang='lat' dir='ltr'><strong>hypostasim</strong></span> <span class='ocrx_word' id='word_1_484' title='bbox 2989 1983 3215 2052; x_wconf 88' lang='lat' dir='ltr'><strong>quidam</strong></span> <span class='ocrx_word' id='word_1_485' title='bbox 3261 1986 3518 2042; x_wconf 88' lang='lat' dir='ltr'><strong>arbitrati</strong></span> <span class='ocrx_word' id='word_1_486' title='bbox 3547 2001 3686 2044; x_wconf 90' lang='lat' dir='ltr'><strong>sunt</strong></span> <span class='ocrx_word' id='word_1_487' title='bbox 3721 2007 3840 2047; x_wconf 85' lang='lat' dir='ltr'><strong>esse</strong></span> 
     </span>
    </p>
   </div>
   <div class='ocr_carea' id='block_1_66' title="bbox 2256 2070 3834 2152">
    <p class='ocr_par' dir='ltr' id='par_1_66' title="bbox 2256 2070 3834 2152">
     <span class='ocr_line' id='line_1_66' title="bbox 2256 2070 3834 2152; baseline 0.011 -31"><span class='ocrx_word' id='word_1_488' title='bbox 2256 2077 2508 2122; x_wconf 89' lang='lat' dir='ltr'><strong>naturam</strong></span> <span class='ocrx_word' id='word_1_489' title='bbox 2529 2070 2952 2138; x_wconf 90' lang='lat' dir='ltr'><strong>particularem,</strong></span> <span class='ocrx_word' id='word_1_490' title='bbox 2999 2083 3055 2128; x_wconf 92' lang='lat' dir='ltr'><strong>et</strong></span> <span class='ocrx_word' id='word_1_491' title='bbox 3099 2075 3215 2131; x_wconf 83' lang='lat' dir='ltr'><strong>hac</strong></span> <span class='ocrx_word' id='word_1_492' title='bbox 3251 2076 3354 2132; x_wconf 85' lang='lat' dir='ltr'><strong>fuit</strong></span> <span class='ocrx_word' id='word_1_493' title='bbox 3381 2095 3583 2134; x_wconf 85' lang='lat' dir='ltr'><strong>eorum</strong></span> <span class='ocrx_word' id='word_1_494' title='bbox 3615 2083 3834 2152; x_wconf 72' lang='lat' dir='ltr'><strong>opinio;</strong></span> 
     </span>
    </p>
   </div>
   <div class='ocr_carea' id='block_1_67' title="bbox 2255 2147 3841 2232">
    <p class='ocr_par' dir='ltr' id='par_1_67' title="bbox 2255 2147 3841 2232">
     <span class='ocr_line' id='line_1_67' title="bbox 2255 2147 3841 2232; baseline 0.013 -20"><span class='ocrx_word' id='word_1_495' title='bbox 2255 2160 2562 2215; x_wconf 87' lang='lat' dir='ltr'><strong>cavendum</strong></span> <span class='ocrx_word' id='word_1_496' title='bbox 2591 2172 2697 2227; x_wconf 83' lang='lat' dir='ltr'><strong>est,</strong></span> <span class='ocrx_word' id='word_1_497' title='bbox 2729 2179 2800 2218; x_wconf 92' lang='lat' dir='ltr'><strong>ne</strong></span> <span class='ocrx_word' id='word_1_498' title='bbox 2823 2165 2904 2220; x_wconf 88' lang='lat' dir='ltr'><strong>sic</strong></span> <span class='ocrx_word' id='word_1_499' title='bbox 2937 2167 3273 2224; x_wconf 87' lang='lat' dir='ltr'><strong>sentiamus:</strong></span> <span class='ocrx_word' id='word_1_500' title='bbox 3311 2186 3422 2226; x_wconf 91' lang='lat' dir='ltr'><strong>non</strong></span> <span class='ocrx_word' id='word_1_501' title='bbox 3449 2172 3604 2227; x_wconf 88' lang='lat' dir='ltr'><strong>enim</strong></span> <span class='ocrx_word' id='word_1_502' title='bbox 3638 2147 3727 2230; x_wconf 66' lang='lat' dir='ltr'><strong>est</strong></span> <span class='ocrx_word' id='word_1_503' title='bbox 3749 2191 3841 2232; x_wconf 89' lang='lat' dir='ltr'><strong>eo-</strong></span> 
     </span>
    </p>
   </div>
   <div class='ocr_carea' id='block_1_68' title="bbox 2255 2252 3833 2332">
    <p class='ocr_par' dir='ltr' id='par_1_68' title="bbox 2255 2252 3833 2332">
     <span class='ocr_line' id='line_1_68' title="bbox 2255 2252 3833 2332; baseline 0.011 -28"><span class='ocrx_word' id='word_1_504' title='bbox 2255 2267 2378 2305; x_wconf 87' lang='lat' dir='ltr'><strong>rum</strong></span> <span class='ocrx_word' id='word_1_505' title='bbox 2393 2252 2584 2322; x_wconf 89' lang='lat' dir='ltr'><strong>opinio</strong></span> <span class='ocrx_word' id='word_1_506' title='bbox 2611 2255 2854 2320; x_wconf 88' lang='lat' dir='ltr'><strong>sincera,</strong></span> <span class='ocrx_word' id='word_1_507' title='bbox 2881 2265 2938 2310; x_wconf 92' lang='lat' dir='ltr'><strong>et</strong></span> <span class='ocrx_word' id='word_1_508' title='bbox 2969 2273 3096 2312; x_wconf 91' lang='lat' dir='ltr'><strong>cum</strong></span> <span class='ocrx_word' id='word_1_509' title='bbox 3123 2259 3396 2332; x_wconf 78' lang='lat' dir='ltr'><strong>theologis</strong></span> <span class='ocrx_word' id='word_1_510' title='bbox 3445 2268 3833 2332; x_wconf 87' lang='lat' dir='ltr'><strong>consentiens;</strong></span> 
     </span>
    </p>
   </div>
   <div class='ocr_carea' id='block_1_69' title="bbox 2255 2344 3836 2420">
    <p class='ocr_par' dir='ltr' id='par_1_69' title="bbox 2255 2344 3836 2420">
     <span class='ocr_line' id='line_1_69' title="bbox 2255 2344 3836 2420; baseline 0.013 -25"><span class='ocrx_word' id='word_1_511' title='bbox 2255 2351 2452 2397; x_wconf 89' lang='lat' dir='ltr'><strong>natura</strong></span> <span class='ocrx_word' id='word_1_512' title='bbox 2505 2344 2653 2398; x_wconf 89' lang='lat' dir='ltr'><strong>enim</strong></span> <span class='ocrx_word' id='word_1_513' title='bbox 2718 2347 3071 2416; x_wconf 86' lang='lat' dir='ltr'><strong>particularis</strong></span> <span class='ocrx_word' id='word_1_514' title='bbox 3125 2352 3490 2420; x_wconf 87' lang='lat' dir='ltr'><strong>partitionem</strong></span> <span class='ocrx_word' id='word_1_515' title='bbox 3541 2355 3836 2416; x_wconf 79' lang='lat' dir='ltr'><strong>declarat:</strong></span> 
     </span>
    </p>
   </div>
   <div class='ocr_carea' id='block_1_70' title="bbox 2254 2430 3846 2508">
    <p class='ocr_par' dir='ltr' id='par_1_70' title="bbox 2254 2430 3846 2508">
     <span class='ocr_line' id='line_1_70' title="bbox 2254 2430 3846 2508; baseline 0.013 -23"><span class='ocrx_word' id='word_1_516' title='bbox 2254 2434 2396 2487; x_wconf 91' lang='lat' dir='ltr'><strong>nihil</strong></span> <span class='ocrx_word' id='word_1_517' title='bbox 2444 2443 2628 2489; x_wconf 88' lang='lat' dir='ltr'><strong>autem</strong></span> <span class='ocrx_word' id='word_1_518' title='bbox 2658 2437 2920 2506; x_wconf 89' lang='lat' dir='ltr'><strong>partibile</strong></span> <span class='ocrx_word' id='word_1_519' title='bbox 2956 2440 3120 2495; x_wconf 91' lang='lat' dir='ltr'><strong>Deus.</strong></span> <span class='ocrx_word' id='word_1_520' title='bbox 3150 2441 3332 2508; x_wconf 86' lang='lat' dir='ltr'><strong>Quare</strong></span> <span class='ocrx_word' id='word_1_521' title='bbox 3348 2461 3456 2499; x_wconf 91' lang='lat' dir='ltr'><strong>non</strong></span> <span class='ocrx_word' id='word_1_522' title='bbox 3487 2457 3578 2502; x_wconf 91' lang='lat' dir='ltr'><strong>est</strong></span> <span class='ocrx_word' id='word_1_523' title='bbox 3603 2430 3846 2506; x_wconf 78' lang='lat' dir='ltr'><strong>dicenda</strong></span> 
     </span>
    </p>
   </div>
   <div class='ocr_carea' id='block_1_71' title="bbox 2256 2529 3836 2606">
    <p class='ocr_par' dir='ltr' id='par_1_71' title="bbox 2256 2529 3836 2606">
     <span class='ocr_line' id='line_1_71' title="bbox 2256 2529 3836 2606; baseline 0.012 -30"><span class='ocrx_word' id='word_1_524' title='bbox 2256 2537 2493 2591; x_wconf 89' lang='lat' dir='ltr'><strong>persona</strong></span> <span class='ocrx_word' id='word_1_525' title='bbox 2520 2533 2718 2579; x_wconf 90' lang='lat' dir='ltr'><strong>natura</strong></span> <span class='ocrx_word' id='word_1_526' title='bbox 2745 2529 3038 2597; x_wconf 89' lang='lat' dir='ltr'><strong>specialis:</strong></span> <span class='ocrx_word' id='word_1_527' title='bbox 3068 2547 3178 2586; x_wconf 89' lang='lat' dir='ltr'><strong>non</strong></span> <span class='ocrx_word' id='word_1_528' title='bbox 3208 2534 3356 2587; x_wconf 91' lang='lat' dir='ltr'><strong>enim</strong></span> <span class='ocrx_word' id='word_1_529' title='bbox 3393 2535 3718 2606; x_wconf 71' lang='lat' dir='ltr'><strong>hypostasis</strong></span> <span class='ocrx_word' id='word_1_530' title='bbox 3739 2556 3836 2594; x_wconf 84' lang='lat' dir='ltr'><strong>na-</strong></span> 
     </span>
    </p>
   </div>
   <div class='ocr_carea' id='block_1_72' title="bbox 2256 2617 3834 2702">
    <p class='ocr_par' dir='ltr' id='par_1_72' title="bbox 2256 2617 3834 2702">
     <span class='ocr_line' id='line_1_72' title="bbox 2256 2617 3834 2702; baseline 0.013 -34"><span class='ocrx_word' id='word_1_531' title='bbox 2256 2622 2379 2668; x_wconf 87' lang='lat' dir='ltr'><strong>tura</strong></span> <span class='ocrx_word' id='word_1_532' title='bbox 2403 2625 2521 2681; x_wconf 90' lang='lat' dir='ltr'><strong>est;</strong></span> <span class='ocrx_word' id='word_1_533' title='bbox 2552 2617 2696 2671; x_wconf 90' lang='lat' dir='ltr'><strong>sicut</strong></span> <span class='ocrx_word' id='word_1_534' title='bbox 2725 2634 2908 2688; x_wconf 89' lang='lat' dir='ltr'><strong>neque</strong></span> <span class='ocrx_word' id='word_1_535' title='bbox 2933 2631 3154 2686; x_wconf 88' lang='lat' dir='ltr'><strong>natura,</strong></span> <span class='ocrx_word' id='word_1_536' title='bbox 3205 2623 3521 2695; x_wconf 82' lang='lat' dir='ltr'><strong>hypostasis</strong></span> <span class='ocrx_word' id='word_1_537' title='bbox 3549 2631 3674 2686; x_wconf 72' lang='lat' dir='ltr'><strong>sive</strong></span> <span class='ocrx_word' id='word_1_538' title='bbox 3713 2647 3834 2702; x_wconf 83' lang='lat' dir='ltr'><strong>per-</strong></span> 
     </span>
    </p>
   </div>
   <div class='ocr_carea' id='block_1_73' title="bbox 2255 2711 3834 2793">
    <p class='ocr_par' dir='ltr' id='par_1_73' title="bbox 2255 2711 3834 2793">
     <span class='ocr_line' id='line_1_73' title="bbox 2255 2711 3834 2793; baseline 0.013 -34"><span class='ocrx_word' id='word_1_539' title='bbox 2255 2719 2422 2759; x_wconf 87' lang='lat' dir='ltr'><strong>sona:</strong></span> <span class='ocrx_word' id='word_1_540' title='bbox 2455 2715 2650 2761; x_wconf 89' lang='lat' dir='ltr'><strong>natura</strong></span> <span class='ocrx_word' id='word_1_541' title='bbox 2673 2724 2914 2779; x_wconf 88' lang='lat' dir='ltr'><strong>namque</strong></span> <span class='ocrx_word' id='word_1_542' title='bbox 2943 2711 3110 2767; x_wconf 90' lang='lat' dir='ltr'><strong>unius</strong></span> <span class='ocrx_word' id='word_1_543' title='bbox 3138 2714 3331 2770; x_wconf 81' lang='lat' dir='ltr'><strong>forma</strong></span> <span class='ocrx_word' id='word_1_544' title='bbox 3355 2718 3373 2757; x_wconf 83' lang='grc' dir='ltr'><strong>ί</strong></span> <span class='ocrx_word' id='word_1_545' title='bbox 3411 2728 3521 2785; x_wconf 89' lang='lat' dir='ltr'><strong>est,</strong></span> <span class='ocrx_word' id='word_1_546' title='bbox 3549 2731 3610 2776; x_wconf 87' lang='lat' dir='ltr'><strong>et</strong></span> <span class='ocrx_word' id='word_1_547' title='bbox 3633 2721 3834 2793; x_wconf 86' lang='lat' dir='ltr'><strong>impar-</strong></span> 
     </span>
    </p>
   </div>
   <div class='ocr_carea' id='block_1_74' title="bbox 2255 2795 3834 2882">
    <p class='ocr_par' dir='ltr' id='par_1_74' title="bbox 2255 2795 3834 2882">
     <span class='ocr_line' id='line_1_74' title="bbox 2255 2795 3834 2882; baseline 0.013 -34"><span class='ocrx_word' id='word_1_548' title='bbox 2255 2795 2467 2850; x_wconf 90' lang='lat' dir='ltr'><strong>tibilis:</strong></span> <span class='ocrx_word' id='word_1_549' title='bbox 2507 2807 2562 2852; x_wconf 92' lang='lat' dir='ltr'><strong>et</strong></span> <span class='ocrx_word' id='word_1_550' title='bbox 2585 2800 2816 2854; x_wconf 91' lang='lat' dir='ltr'><strong>stultum</strong></span> <span class='ocrx_word' id='word_1_551' title='bbox 2859 2809 2946 2856; x_wconf 87' lang='lat' dir='ltr'><strong>est</strong></span> <span class='ocrx_word' id='word_1_552' title='bbox 2985 2813 3172 2872; x_wconf 89' lang='lat' dir='ltr'><strong>partes</strong></span> <span class='ocrx_word' id='word_1_553' title='bbox 3207 2822 3456 2876; x_wconf 87' lang='lat' dir='ltr'><strong>quarere</strong></span> <span class='ocrx_word' id='word_1_554' title='bbox 3495 2810 3554 2865; x_wconf 86' lang='lat' dir='ltr'><strong>in</strong></span> <span class='ocrx_word' id='word_1_555' title='bbox 3587 2813 3834 2882; x_wconf 86' lang='lat' dir='ltr'><strong>imparti-</strong></span> 
     </span>
    </p>
   </div>
   <div class='ocr_carea' id='block_1_75' title="bbox 2255 2887 3832 2970">
    <p class='ocr_par' dir='ltr' id='par_1_75' title="bbox 2255 2887 3832 2970">
     <span class='ocr_line' id='line_1_75' title="bbox 2255 2887 3832 2970; baseline 0.012 -30"><span class='ocrx_word' id='word_1_556' title='bbox 2255 2887 2385 2942; x_wconf 92' lang='lat' dir='ltr'><strong>bili:</strong></span> <span class='ocrx_word' id='word_1_557' title='bbox 2415 2891 2848 2959; x_wconf 88' lang='lat' dir='ltr'><strong>compositorum</strong></span> <span class='ocrx_word' id='word_1_558' title='bbox 2869 2895 3017 2948; x_wconf 90' lang='lat' dir='ltr'><strong>enim</strong></span> <span class='ocrx_word' id='word_1_559' title='bbox 3052 2904 3137 2950; x_wconf 89' lang='lat' dir='ltr'><strong>est</strong></span> <span class='ocrx_word' id='word_1_560' title='bbox 3175 2897 3353 2952; x_wconf 88' lang='lat' dir='ltr'><strong>scindi</strong></span> <span class='ocrx_word' id='word_1_561' title='bbox 3387 2907 3444 2954; x_wconf 91' lang='lat' dir='ltr'><strong>et</strong></span> <span class='ocrx_word' id='word_1_562' title='bbox 3475 2902 3832 2970; x_wconf 82' lang='lat' dir='ltr'><strong>partitionem</strong></span> 
     </span>
    </p>
   </div>
   <div class='ocr_carea' id='block_1_76' title="bbox 2255 2981 3832 3058">
    <p class='ocr_par' dir='ltr' id='par_1_76' title="bbox 2255 2981 3832 3058">
     <span class='ocr_line' id='line_1_76' title="bbox 2255 2981 3832 3058; baseline 0.012 -25"><span class='ocrx_word' id='word_1_563' title='bbox 2255 2994 2474 3049; x_wconf 90' lang='lat' dir='ltr'><strong>capere.</strong></span> <span class='ocrx_word' id='word_1_564' title='bbox 2505 2981 2774 3048; x_wconf 91' lang='lat' dir='ltr'><strong>Quocirca</strong></span> <span class='ocrx_word' id='word_1_565' title='bbox 2802 2987 3004 3056; x_wconf 92' lang='lat' dir='ltr'><strong>quisic</strong></span> <span class='ocrx_word' id='word_1_566' title='bbox 3043 2989 3368 3058; x_wconf 84' lang='lat' dir='ltr'><strong>cpinantur,</strong></span> <span class='ocrx_word' id='word_1_567' title='bbox 3417 3009 3534 3048; x_wconf 91' lang='lat' dir='ltr'><strong>non</strong></span> <span class='ocrx_word' id='word_1_568' title='bbox 3573 2997 3758 3051; x_wconf 85' lang='lat' dir='ltr'><strong>solum</strong></span> <span class='ocrx_word' id='word_1_569' title='bbox 3781 2999 3832 3053; x_wconf 88' lang='lat' dir='ltr'><strong>in</strong></span> 
     </span>
    </p>
   </div>
   <div class='ocr_carea' id='block_1_77' title="bbox 2255 3069 3832 3149">
    <p class='ocr_par' dir='ltr' id='par_1_77' title="bbox 2255 3069 3832 3149">
     <span class='ocr_line' id='line_1_77' title="bbox 2255 3069 3832 3149; baseline 0.013 -26"><span class='ocrx_word' id='word_1_570' title='bbox 2255 3069 2371 3124; x_wconf 88' lang='lat' dir='ltr'><strong>hac</strong></span> <span class='ocrx_word' id='word_1_571' title='bbox 2399 3071 2640 3126; x_wconf 87' lang='lat' dir='ltr'><strong>absurda</strong></span> <span class='ocrx_word' id='word_1_572' title='bbox 2673 3073 2944 3141; x_wconf 90' lang='lat' dir='ltr'><strong>incidunt,</strong></span> <span class='ocrx_word' id='word_1_573' title='bbox 2978 3077 3074 3132; x_wconf 88' lang='lat' dir='ltr'><strong>sed</strong></span> <span class='ocrx_word' id='word_1_574' title='bbox 3126 3085 3240 3134; x_wconf 89' lang='lat' dir='ltr'><strong>tres</strong></span> <span class='ocrx_word' id='word_1_575' title='bbox 3293 3083 3672 3149; x_wconf 88' lang='lat' dir='ltr'><strong>particulares</strong></span> <span class='ocrx_word' id='word_1_576' title='bbox 3702 3087 3832 3142; x_wconf 82' lang='lat' dir='ltr'><strong>deos</strong></span> 
     </span>
    </p>
   </div>
   <div class='ocr_carea' id='block_1_78' title="bbox 2252 3162 3835 3234">
    <p class='ocr_par' dir='ltr' id='par_1_78' title="bbox 2252 3162 3835 3234">
     <span class='ocr_line' id='line_1_78' title="bbox 2252 3162 3835 3234; baseline 0.012 -20"><span class='ocrx_word' id='word_1_577' title='bbox 2252 3162 2573 3218; x_wconf 89' lang='lat' dir='ltr'><strong>necessario</strong></span> <span class='ocrx_word' id='word_1_578' title='bbox 2603 3175 2904 3234; x_wconf 88' lang='lat' dir='ltr'><strong>reponunt,</strong></span> <span class='ocrx_word' id='word_1_579' title='bbox 2945 3169 3291 3224; x_wconf 84' lang='lat' dir='ltr'><strong>sortitionem</strong></span> <span class='ocrx_word' id='word_1_580' title='bbox 3322 3171 3527 3228; x_wconf 87' lang='lat' dir='ltr'><strong>divina</strong></span> <span class='ocrx_word' id='word_1_581' title='bbox 3575 3167 3835 3232; x_wconf 82' lang='lat' dir='ltr'><strong>substan-</strong></span> 
     </span>
    </p>
   </div>
   <div class='ocr_carea' id='block_1_79' title="bbox 2252 3253 3830 3332">
    <p class='ocr_par' dir='ltr' id='par_1_79' title="bbox 2252 3253 3830 3332">
     <span class='ocr_line' id='line_1_79' title="bbox 2252 3253 3830 3332; baseline 0.01 -24"><span class='ocrx_word' id='word_1_582' title='bbox 2252 3253 2361 3319; x_wconf 81' lang='lat' dir='ltr'><strong>tia,</strong></span> <span class='ocrx_word' id='word_1_583' title='bbox 2418 3254 2530 3309; x_wconf 93' lang='lat' dir='ltr'><strong>imo</strong></span> <span class='ocrx_word' id='word_1_584' title='bbox 2587 3256 3026 3314; x_wconf 88' lang='lat' dir='ltr'><strong>substantiarum</strong></span> <span class='ocrx_word' id='word_1_585' title='bbox 3057 3261 3114 3314; x_wconf 92' lang='lat' dir='ltr'><strong>in</strong></span> <span class='ocrx_word' id='word_1_586' title='bbox 3162 3277 3222 3316; x_wconf 92' lang='lat' dir='ltr'><strong>se</strong></span> <span class='ocrx_word' id='word_1_587' title='bbox 3271 3263 3406 3332; x_wconf 91' lang='lat' dir='ltr'><strong>ipsis</strong></span> <span class='ocrx_word' id='word_1_588' title='bbox 3453 3266 3749 3324; x_wconf 82' lang='lat' dir='ltr'><strong>facientes.</strong></span> <span class='ocrx_word' id='word_1_589' title='bbox 3774 3269 3830 3324; x_wconf 86' lang='lat' dir='ltr'><strong>Si</strong></span> 
     </span>
    </p>
   </div>
   <div class='ocr_carea' id='block_1_80' title="bbox 2250 3343 3829 3424">
    <p class='ocr_par' dir='ltr' id='par_1_80' title="bbox 2250 3343 3829 3424">
     <span class='ocr_line' id='line_1_80' title="bbox 2250 3343 3829 3424; baseline 0.011 -26"><span class='ocrx_word' id='word_1_590' title='bbox 2250 3343 2396 3398; x_wconf 90' lang='lat' dir='ltr'><strong>enim</strong></span> <span class='ocrx_word' id='word_1_591' title='bbox 2419 3350 2532 3399; x_wconf 87' lang='lat' dir='ltr'><strong>tres</strong></span> <span class='ocrx_word' id='word_1_592' title='bbox 2563 3356 2724 3412; x_wconf 88' lang='lat' dir='ltr'><strong>sunt;</strong></span> <span class='ocrx_word' id='word_1_593' title='bbox 2773 3363 2884 3403; x_wconf 90' lang='lat' dir='ltr'><strong>non</strong></span> <span class='ocrx_word' id='word_1_594' title='bbox 2907 3358 2992 3404; x_wconf 90' lang='lat' dir='ltr'><strong>est</strong></span> <span class='ocrx_word' id='word_1_595' title='bbox 3042 3367 3154 3406; x_wconf 90' lang='lat' dir='ltr'><strong>una</strong></span> <span class='ocrx_word' id='word_1_596' title='bbox 3213 3360 3269 3408; x_wconf 92' lang='lat' dir='ltr'><strong>et</strong></span> <span class='ocrx_word' id='word_1_597' title='bbox 3315 3354 3576 3424; x_wconf 76' lang='lat' dir='ltr'><strong>simplex,</strong></span> <span class='ocrx_word' id='word_1_598' title='bbox 3611 3366 3671 3413; x_wconf 90' lang='lat' dir='ltr'><strong>et</strong></span> <span class='ocrx_word' id='word_1_599' title='bbox 3719 3375 3829 3414; x_wconf 88' lang='lat' dir='ltr'><strong>non</strong></span> 
     </span>
    </p>
   </div>
   <div class='ocr_carea' id='block_1_81' title="bbox 2249 3436 3828 3516">
    <p class='ocr_par' dir='ltr' id='par_1_81' title="bbox 2249 3436 3828 3516">
     <span class='ocr_line' id='line_1_81' title="bbox 2249 3436 3828 3516; baseline 0.013 -29"><span class='ocrx_word' id='word_1_600' title='bbox 2249 3436 2574 3504; x_wconf 86' lang='lat' dir='ltr'><strong>composita.</strong></span> <span class='ocrx_word' id='word_1_601' title='bbox 2599 3437 2980 3509; x_wconf 89' lang='lat' dir='ltr'><strong>Nequaquam,</strong></span> <span class='ocrx_word' id='word_1_602' title='bbox 3015 3444 3268 3516; x_wconf 62' lang='lat' dir='ltr'><strong>quamvis</strong></span> <span class='ocrx_word' id='word_1_603' title='bbox 3290 3445 3720 3504; x_wconf 85' lang='lat' dir='ltr'><strong>similitudinem</strong></span> <span class='ocrx_word' id='word_1_604' title='bbox 3748 3451 3828 3508; x_wconf 84' lang='lat' dir='ltr'><strong>eis</strong></span> 
     </span>
    </p>
   </div>
   <div class='ocr_carea' id='block_1_82' title="bbox 2249 3522 3826 3610">
    <p class='ocr_par' dir='ltr' id='par_1_82' title="bbox 2249 3522 3826 3610">
     <span class='ocr_line' id='line_1_82' title="bbox 2249 3522 3826 3610; baseline 0.013 -34"><span class='ocrx_word' id='word_1_605' title='bbox 2249 3522 2518 3590; x_wconf 88' lang='lat' dir='ltr'><strong>tribuant,</strong></span> <span class='ocrx_word' id='word_1_606' title='bbox 2547 3524 2643 3593; x_wconf 91' lang='lat' dir='ltr'><strong>qui</strong></span> <span class='ocrx_word' id='word_1_607' title='bbox 2669 3526 2772 3580; x_wconf 88' lang='lat' dir='ltr'><strong>ista</strong></span> <span class='ocrx_word' id='word_1_608' title='bbox 2799 3528 3027 3584; x_wconf 87' lang='lat' dir='ltr'><strong>audent.</strong></span> <span class='ocrx_word' id='word_1_609' title='bbox 3076 3529 3133 3586; x_wconf 87' lang='lat' dir='ltr'><strong>Si</strong></span> <span class='ocrx_word' id='word_1_610' title='bbox 3183 3533 3332 3587; x_wconf 89' lang='lat' dir='ltr'><strong>enim</strong></span> <span class='ocrx_word' id='word_1_611' title='bbox 3379 3535 3826 3610; x_wconf 85' lang='lat' dir='ltr'><strong>uniuscujusque</strong></span> 
     </span>
    </p>
   </div>
   <div class='ocr_carea' id='block_1_83' title="bbox 2246 3618 3824 3700">
    <p class='ocr_par' dir='ltr' id='par_1_83' title="bbox 2246 3618 3824 3700">
     <span class='ocr_line' id='line_1_83' title="bbox 2246 3618 3824 3700; baseline 0.012 -32"><span class='ocrx_word' id='word_1_612' title='bbox 2246 3623 2332 3668; x_wconf 92' lang='lat' dir='ltr'><strong>est</strong></span> <span class='ocrx_word' id='word_1_613' title='bbox 2365 3623 2563 3668; x_wconf 88' lang='lat' dir='ltr'><strong>natura</strong></span> <span class='ocrx_word' id='word_1_614' title='bbox 2583 3618 2828 3686; x_wconf 87' lang='lat' dir='ltr'><strong>propria,</strong></span> <span class='ocrx_word' id='word_1_615' title='bbox 2859 3629 2917 3674; x_wconf 89' lang='lat' dir='ltr'><strong>et</strong></span> <span class='ocrx_word' id='word_1_616' title='bbox 2953 3635 3062 3676; x_wconf 91' lang='lat' dir='ltr'><strong>non</strong></span> <span class='ocrx_word' id='word_1_617' title='bbox 3091 3624 3272 3692; x_wconf 78' lang='lat' dir='ltr'><strong>potest</strong></span> <span class='ocrx_word' id='word_1_618' title='bbox 3311 3625 3546 3682; x_wconf 89' lang='lat' dir='ltr'><strong>alterius</strong></span> <span class='ocrx_word' id='word_1_619' title='bbox 3575 3633 3824 3700; x_wconf 83' lang='lat' dir='ltr'><strong>proprie-</strong></span> 
     </span>
    </p>
   </div>
   <div class='ocr_carea' id='block_1_84' title="bbox 2246 3709 3824 3788">
    <p class='ocr_par' dir='ltr' id='par_1_84' title="bbox 2246 3709 3824 3788">
     <span class='ocr_line' id='line_1_84' title="bbox 2246 3709 3824 3788; baseline 0.012 -27"><span class='ocrx_word' id='word_1_620' title='bbox 2246 3717 2416 3763; x_wconf 89' lang='lat' dir='ltr'><strong>tatem</strong></span> <span class='ocrx_word' id='word_1_621' title='bbox 2447 3709 2673 3778; x_wconf 89' lang='lat' dir='ltr'><strong>subire;</strong></span> <span class='ocrx_word' id='word_1_622' title='bbox 2705 3712 2983 3782; x_wconf 91' lang='lat' dir='ltr'><strong>quomodo</strong></span> <span class='ocrx_word' id='word_1_623' title='bbox 3014 3724 3198 3780; x_wconf 87' lang='lat' dir='ltr'><strong>erunt,</strong></span> <span class='ocrx_word' id='word_1_624' title='bbox 3231 3720 3515 3788; x_wconf 90' lang='lat' dir='ltr'><strong>quomodo</strong></span> <span class='ocrx_word' id='word_1_625' title='bbox 3539 3721 3824 3780; x_wconf 89' lang='lat' dir='ltr'><strong>habebunt</strong></span> 
     </span>
    </p>
   </div>
   <div class='ocr_carea' id='block_1_85' title="bbox 2246 3799 3821 3878">
    <p class='ocr_par' dir='ltr' id='par_1_85' title="bbox 2246 3799 3821 3878">
     <span class='ocr_line' id='line_1_85' title="bbox 2246 3799 3821 3878; baseline 0.011 -26"><span class='ocrx_word' id='word_1_626' title='bbox 2246 3799 2379 3854; x_wconf 90' lang='lat' dir='ltr'><strong>illud</strong></span> <span class='ocrx_word' id='word_1_627' title='bbox 2427 3802 2901 3859; x_wconf 89' lang='lat' dir='ltr'><strong>consubstantiale</strong></span> <span class='ocrx_word' id='word_1_628' title='bbox 2940 3822 2953 3858; x_wconf 94' lang='lat'><strong>:</strong></span> <span class='ocrx_word' id='word_1_629' title='bbox 3015 3808 3470 3878; x_wconf 88' lang='lat' dir='ltr'><strong>quandoquidem</strong></span> <span class='ocrx_word' id='word_1_630' title='bbox 3533 3813 3717 3870; x_wconf 89' lang='lat' dir='ltr'><strong>simile</strong></span> <span class='ocrx_word' id='word_1_631' title='bbox 3763 3817 3821 3870; x_wconf 86' lang='lat' dir='ltr'><strong>in</strong></span> 
     </span>
    </p>
   </div>
   <div class='ocr_carea' id='block_1_86' title="bbox 2244 3887 3818 3958">
    <p class='ocr_par' dir='ltr' id='par_1_86' title="bbox 2244 3887 3818 3958">
     <span class='ocr_line' id='line_1_86' title="bbox 2244 3887 3818 3958; baseline 0.011 -17"><span class='ocrx_word' id='word_1_632' title='bbox 2244 3887 2516 3944; x_wconf 87' lang='lat' dir='ltr'><strong>Trinitate</strong></span> <span class='ocrx_word' id='word_1_633' title='bbox 2555 3889 2764 3956; x_wconf 89' lang='lat' dir='ltr'><strong>dicere,</strong></span> <span class='ocrx_word' id='word_1_634' title='bbox 2817 3887 3176 3949; x_wconf 85' lang='lat' dir='ltr'><strong>temerarium</strong></span> <span class='ocrx_word' id='word_1_635' title='bbox 3228 3905 3285 3951; x_wconf 91' lang='lat' dir='ltr'><strong>et</strong></span> <span class='ocrx_word' id='word_1_636' title='bbox 3336 3897 3818 3958; x_wconf 81' lang='lat' dir='ltr'><strong>inconsideratum</strong></span> 
     </span>
    </p>
   </div>
   <div class='ocr_carea' id='block_1_87' title="bbox 2241 3981 3816 4060">
    <p class='ocr_par' dir='ltr' id='par_1_87' title="bbox 2241 3981 3816 4060">
     <span class='ocr_line' id='line_1_87' title="bbox 2241 3981 3816 4060; baseline 0.011 -28"><span class='ocrx_word' id='word_1_637' title='bbox 2241 3988 2359 4044; x_wconf 90' lang='lat' dir='ltr'><strong>est;</strong></span> <span class='ocrx_word' id='word_1_638' title='bbox 2391 3981 2657 4048; x_wconf 89' lang='lat' dir='ltr'><strong>quoniam</strong></span> <span class='ocrx_word' id='word_1_639' title='bbox 2705 3981 2886 4037; x_wconf 90' lang='lat' dir='ltr'><strong>simile</strong></span> <span class='ocrx_word' id='word_1_640' title='bbox 2914 3983 3002 4037; x_wconf 89' lang='lat' dir='ltr'><strong>vel</strong></span> <span class='ocrx_word' id='word_1_641' title='bbox 3035 3986 3322 4054; x_wconf 87' lang='lat' dir='ltr'><strong>qualitate,</strong></span> <span class='ocrx_word' id='word_1_642' title='bbox 3360 3989 3451 4047; x_wconf 86' lang='lat' dir='ltr'><strong>vel</strong></span> <span class='ocrx_word' id='word_1_643' title='bbox 3505 3996 3816 4060; x_wconf 82' lang='lat' dir='ltr'><strong>quantitate</strong></span> 
     </span>
    </p>
   </div>
   <div class='ocr_carea' id='block_1_88' title="bbox 2242 4069 3814 4154">
    <p class='ocr_par' dir='ltr' id='par_1_88' title="bbox 2242 4069 3814 4154">
     <span class='ocr_line' id='line_1_88' title="bbox 2242 4069 3814 4154; baseline 0.012 -32"><span class='ocrx_word' id='word_1_644' title='bbox 2242 4069 2426 4124; x_wconf 87' lang='lat' dir='ltr'><strong>simile</strong></span> <span class='ocrx_word' id='word_1_645' title='bbox 2459 4070 2696 4138; x_wconf 88' lang='lat' dir='ltr'><strong>dicitur;</strong></span> <span class='ocrx_word' id='word_1_646' title='bbox 2727 4072 2821 4126; x_wconf 91' lang='lat' dir='ltr'><strong>ubi</strong></span> <span class='ocrx_word' id='word_1_647' title='bbox 2848 4081 3035 4128; x_wconf 89' lang='lat' dir='ltr'><strong>autem</strong></span> <span class='ocrx_word' id='word_1_648' title='bbox 3055 4076 3196 4130; x_wconf 90' lang='lat' dir='ltr'><strong>nihil</strong></span> <span class='ocrx_word' id='word_1_649' title='bbox 3239 4077 3438 4133; x_wconf 88' lang='lat' dir='ltr'><strong>horum</strong></span> <span class='ocrx_word' id='word_1_650' title='bbox 3495 4090 3584 4136; x_wconf 88' lang='lat' dir='ltr'><strong>est</strong></span> <span class='ocrx_word' id='word_1_651' title='bbox 3649 4084 3814 4154; x_wconf 80' lang='lat' dir='ltr'><strong>(Deus</strong></span> 
     </span>
    </p>
   </div>
   <div class='ocr_carea' id='block_1_89' title="bbox 2239 4160 3812 4241">
    <p class='ocr_par' dir='ltr' id='par_1_89' title="bbox 2239 4160 3812 4241">
     <span class='ocr_line' id='line_1_89' title="bbox 2239 4160 3812 4241; baseline 0.011 -28"><span class='ocrx_word' id='word_1_652' title='bbox 2239 4160 2388 4214; x_wconf 90' lang='lat' dir='ltr'><strong>enim</strong></span> <span class='ocrx_word' id='word_1_653' title='bbox 2422 4176 2621 4230; x_wconf 85' lang='lat' dir='ltr'><strong>expers</strong></span> <span class='ocrx_word' id='word_1_654' title='bbox 2642 4163 2922 4231; x_wconf 89' lang='lat' dir='ltr'><strong>qualitatis</strong></span> <span class='ocrx_word' id='word_1_655' title='bbox 2938 4173 2994 4220; x_wconf 91' lang='lat' dir='ltr'><strong>et</strong></span> <span class='ocrx_word' id='word_1_656' title='bbox 3018 4167 3340 4236; x_wconf 88' lang='lat' dir='ltr'><strong>quantitatis</strong></span> <span class='ocrx_word' id='word_1_657' title='bbox 3367 4169 3502 4240; x_wconf 87' lang='lat' dir='ltr'><strong>est),</strong></span> <span class='ocrx_word' id='word_1_658' title='bbox 3535 4174 3812 4241; x_wconf 86' lang='lat' dir='ltr'><strong>quomodo</strong></span> 
     </span>
    </p>
   </div>
   <div class='ocr_carea' id='block_1_90' title="bbox 564 4247 2934 4324">
    <p class='ocr_par' dir='ltr' id='par_1_90' title="bbox 564 4247 2934 4324">
     <span class='ocr_line' id='line_1_90' title="bbox 564 4247 2934 4324; baseline 0.003 -22"><span class='ocrx_word' id='word_1_659' title='bbox 564 4267 852 4314; x_wconf 73' lang='lat' dir='ltr'><strong>renovare,</strong></span> <span class='ocrx_word' id='word_1_660' title='bbox 887 4266 1052 4319; x_wconf 86' lang='lat' dir='ltr'><strong>quam</strong></span> <span class='ocrx_word' id='word_1_661' title='bbox 1086 4250 1152 4303; x_wconf 91' lang='lat' dir='ltr'><strong>ad</strong></span> <span class='ocrx_word' id='word_1_662' title='bbox 1190 4266 1316 4303; x_wconf 91' lang='lat' dir='ltr'><strong>eum</strong></span> <span class='ocrx_word' id='word_1_663' title='bbox 1345 4249 1441 4318; x_wconf 89' lang='lat' dir='ltr'><strong>qui</strong></span> <span class='ocrx_word' id='word_1_664' title='bbox 1477 4249 1534 4302; x_wconf 93' lang='lat' dir='ltr'><strong>in</strong></span> <span class='ocrx_word' id='word_1_665' title='bbox 1583 4250 1856 4318; x_wconf 87' lang='lat' dir='ltr'><strong>principio</strong></span> <span class='ocrx_word' id='word_1_666' title='bbox 1891 4247 2132 4302; x_wconf 83' lang='lat' dir='ltr'><strong>creavit:</strong></span> <span class='ocrx_word' id='word_1_667' title='bbox 2168 4269 2212 4324; x_wconf 82' lang='grc' dir='ltr'><strong>ι)</strong></span> <span class='ocrx_word' id='word_1_668' title='bbox 2240 4251 2421 4308; x_wconf 89' lang='lat' dir='ltr'><strong>simile</strong></span> <span class='ocrx_word' id='word_1_669' title='bbox 2453 4253 2638 4306; x_wconf 89' lang='lat' dir='ltr'><strong>locum</strong></span> <span class='ocrx_word' id='word_1_670' title='bbox 2671 4253 2934 4309; x_wconf 84' lang='lat' dir='ltr'><strong>habebit?</strong></span> 
     </span>
    </p>
   </div>
   <div class='ocr_carea' id='block_1_91' title="bbox 560 4338 2138 4411">
    <p class='ocr_par' dir='ltr' id='par_1_91' title="bbox 560 4338 2138 4411">
     <span class='ocr_line' id='line_1_91' title="bbox 560 4338 2138 4411; baseline -0.001 -17"><span class='ocrx_word' id='word_1_671' title='bbox 560 4352 618 4394; x_wconf 85' lang='lat' dir='ltr'><strong>et</strong></span> <span class='ocrx_word' id='word_1_672' title='bbox 651 4358 929 4411; x_wconf 74' lang='lat' dir='ltr'><strong>nunquam</strong></span> <span class='ocrx_word' id='word_1_673' title='bbox 952 4341 1160 4410; x_wconf 88' lang='lat' dir='ltr'><strong>aliquid</strong></span> <span class='ocrx_word' id='word_1_674' title='bbox 1185 4341 1252 4394; x_wconf 85' lang='lat' dir='ltr'><strong>ad</strong></span> <span class='ocrx_word' id='word_1_675' title='bbox 1275 4340 1682 4394; x_wconf 86' lang='lat' dir='ltr'><strong>renovatiouem</strong></span> <span class='ocrx_word' id='word_1_676' title='bbox 1704 4338 2012 4403; x_wconf 88' lang='lat' dir='ltr'><strong>vocabitur,</strong></span> <span class='ocrx_word' id='word_1_677' title='bbox 2031 4339 2138 4393; x_wconf 89' lang='lat' dir='ltr'><strong>nisi</strong></span> 
     </span>
    </p>
   </div>
   <div class='ocr_carea' id='block_1_92' title="bbox 561 4431 1886 4502">
    <p class='ocr_par' dir='ltr' id='par_1_92' title="bbox 561 4431 1886 4502">
     <span class='ocr_line' id='line_1_92' title="bbox 561 4431 1886 4502; baseline -0.001 -18"><span class='ocrx_word' id='word_1_678' title='bbox 561 4433 778 4486; x_wconf 70' lang='lat' dir='ltr'><strong>fuci-ita</strong></span> <span class='ocrx_word' id='word_1_679' title='bbox 817 4433 1092 4502; x_wconf 86' lang='lat' dir='ltr'><strong>principio</strong></span> <span class='ocrx_word' id='word_1_680' title='bbox 1117 4432 1455 4501; x_wconf 88' lang='lat' dir='ltr'><strong>productum</strong></span> <span class='ocrx_word' id='word_1_681' title='bbox 1495 4439 1550 4485; x_wconf 89' lang='lat' dir='ltr'><strong>et</strong></span> <span class='ocrx_word' id='word_1_682' title='bbox 1579 4431 1886 4485; x_wconf 89' lang='lat' dir='ltr'><strong>conditum.</strong></span> 
     </span>
    </p>
   </div>
   <div class='ocr_carea' id='block_1_93' title="bbox 634 4523 2132 4592">
    <p class='ocr_par' dir='ltr' id='par_1_93' title="bbox 634 4523 2132 4592">
     <span class='ocr_line' id='line_1_93' title="bbox 634 4523 2132 4592; baseline -0.001 -16"><span class='ocrx_word' id='word_1_683' title='bbox 634 4525 745 4578; x_wconf 73' lang='lat' dir='ltr'><strong>XV.</strong></span> <span class='ocrx_word' id='word_1_684' title='bbox 809 4526 1022 4578; x_wconf 77' lang='lat' dir='ltr'><strong>Rursus</strong></span> <span class='ocrx_word' id='word_1_685' title='bbox 1069 4540 1201 4592; x_wconf 78' lang='lat' dir='ltr'><strong>ergo</strong></span> <span class='ocrx_word' id='word_1_686' title='bbox 1239 4524 1509 4584; x_wconf 89' lang='lat' dir='ltr'><strong>dicemus,</strong></span> <span class='ocrx_word' id='word_1_687' title='bbox 1553 4537 1723 4576; x_wconf 89' lang='lat' dir='ltr'><strong>unum</strong></span> <span class='ocrx_word' id='word_1_688' title='bbox 1781 4523 1954 4575; x_wconf 89' lang='lat' dir='ltr'><strong>Deum</strong></span> <span class='ocrx_word' id='word_1_689' title='bbox 2009 4535 2132 4575; x_wconf 89' lang='lat' dir='ltr'><strong>esse</strong></span> 
     </span>
    </p>
   </div>
   <div class='ocr_carea' id='block_1_94' title="bbox 563 4601 2131 4683">
    <p class='ocr_par' dir='ltr' id='par_1_94' title="bbox 563 4601 2131 4683">
     <span class='ocr_line' id='line_1_94' title="bbox 563 4601 2131 4683; baseline -0.003 -15"><span class='ocrx_word' id='word_1_690' title='bbox 563 4615 910 4679; x_wconf 76' lang='lat' dir='ltr'><strong>Trinitatem,</strong></span> <span class='ocrx_word' id='word_1_691' title='bbox 943 4601 1196 4683; x_wconf 73' lang='lat' dir='ltr'><strong>quamvis</strong></span> <span class='ocrx_word' id='word_1_692' title='bbox 1227 4612 1616 4667; x_wconf 80' lang='lat' dir='ltr'><strong>diﬁcrentibus</strong></span> <span class='ocrx_word' id='word_1_693' title='bbox 1661 4612 1981 4666; x_wconf 88' lang='lat' dir='ltr'><strong>nominibus</strong></span> <span class='ocrx_word' id='word_1_694' title='bbox 2031 4627 2131 4680; x_wconf 87' lang='lat' dir='ltr'><strong>ap-</strong></span> 
     </span>
    </p>
   </div>
   <div class='ocr_carea' id='block_1_95' title="bbox 563 4704 2129 4778">
    <p class='ocr_par' dir='ltr' id='par_1_95' title="bbox 563 4704 2129 4778">
     <span class='ocr_line' id='line_1_95' title="bbox 563 4704 2129 4778; baseline 0.001 -16"><span class='ocrx_word' id='word_1_695' title='bbox 563 4709 831 4778; x_wconf 82' lang='lat' dir='ltr'><strong>pelletur;</strong></span> <span class='ocrx_word' id='word_1_696' title='bbox 868 4723 989 4776; x_wconf 80' lang='lat' dir='ltr'><strong>qna</strong></span> <span class='ocrx_word' id='word_1_697' title='bbox 1016 4705 1240 4774; x_wconf 88' lang='lat' dir='ltr'><strong>quidem</strong></span> <span class='ocrx_word' id='word_1_698' title='bbox 1273 4705 1494 4758; x_wconf 88' lang='lat' dir='ltr'><strong>nomina</strong></span> <span class='ocrx_word' id='word_1_699' title='bbox 1524 4720 1632 4758; x_wconf 90' lang='lat' dir='ltr'><strong>non</strong></span> <span class='ocrx_word' id='word_1_700' title='bbox 1653 4704 1963 4775; x_wconf 79' lang='lat' dir='ltr'><strong>signiﬁcant</strong></span> <span class='ocrx_word' id='word_1_701' title='bbox 1986 4723 2129 4775; x_wconf 88' lang='lat' dir='ltr'><strong>esse,</strong></span> 
     </span>
    </p>
   </div>
   <div class='ocr_carea' id='block_1_96' title="bbox 562 4796 2130 4868">
    <p class='ocr_par' dir='ltr' id='par_1_96' title="bbox 562 4796 2130 4868">
     <span class='ocr_line' id='line_1_96' title="bbox 562 4796 2130 4868; baseline 0.001 -16"><span class='ocrx_word' id='word_1_702' title='bbox 562 4800 960 4868; x_wconf 77' lang='lat' dir='ltr'><strong>sedquomodo</strong></span> <span class='ocrx_word' id='word_1_703' title='bbox 1003 4813 1147 4851; x_wconf 85' lang='lat' dir='ltr'><strong>esse.</strong></span> <span class='ocrx_word' id='word_1_704' title='bbox 1197 4797 1310 4850; x_wconf 83' lang='lat' dir='ltr'><strong>Nec</strong></span> <span class='ocrx_word' id='word_1_705' title='bbox 1357 4796 1504 4850; x_wconf 87' lang='lat' dir='ltr'><strong>enim</strong></span> <span class='ocrx_word' id='word_1_706' title='bbox 1555 4796 1652 4864; x_wconf 89' lang='lat' dir='ltr'><strong>qui</strong></span> <span class='ocrx_word' id='word_1_707' title='bbox 1703 4796 1922 4850; x_wconf 85' lang='lat' dir='ltr'><strong>Patrem</strong></span> <span class='ocrx_word' id='word_1_708' title='bbox 1968 4798 2130 4868; x_wconf 76' lang='lat' dir='ltr'><strong>dixit,</strong></span> 
     </span>
    </p>
   </div>
   <div class='ocr_carea' id='block_1_97' title="bbox 561 4887 2128 4957">
    <p class='ocr_par' dir='ltr' id='par_1_97' title="bbox 561 4887 2128 4957">
     <span class='ocr_line' id='line_1_97' title="bbox 561 4887 2128 4957; baseline -0.001 -12"><span class='ocrx_word' id='word_1_709' title='bbox 561 4891 926 4954; x_wconf 76' lang='lat' dir='ltr'><strong>substantiam</strong></span> <span class='ocrx_word' id='word_1_710' title='bbox 970 4887 1444 4957; x_wconf 74' lang='lat' dir='ltr'><strong>signiﬁcavit,sed</strong></span> <span class='ocrx_word' id='word_1_711' title='bbox 1505 4889 1663 4956; x_wconf 89' lang='lat' dir='ltr'><strong>plane</strong></span> <span class='ocrx_word' id='word_1_712' title='bbox 1723 4887 2128 4944; x_wconf 87' lang='lat' dir='ltr'><strong>habitudinem.</strong></span> 
     </span>
    </p>
   </div>
   <div class='ocr_carea' id='block_1_98' title="bbox 561 4977 2130 5047">
    <p class='ocr_par' dir='ltr' id='par_1_98' title="bbox 561 4977 2130 5047">
     <span class='ocr_line' id='line_1_98' title="bbox 561 4977 2130 5047; baseline 0.001 -13"><span class='ocrx_word' id='word_1_713' title='bbox 561 4981 618 5034; x_wconf 88' lang='lat' dir='ltr'><strong>Si</strong></span> <span class='ocrx_word' id='word_1_714' title='bbox 651 4990 832 5033; x_wconf 74' lang='lat' dir='ltr'><strong>autem</strong></span> <span class='ocrx_word' id='word_1_715' title='bbox 869 4981 1027 5032; x_wconf 83' lang='lat' dir='ltr'><strong>Pater</strong></span> <span class='ocrx_word' id='word_1_716' title='bbox 1049 4977 1315 5032; x_wconf 83' lang='lat' dir='ltr'><strong>habitudo</strong></span> <span class='ocrx_word' id='word_1_717' title='bbox 1339 4987 1424 5032; x_wconf 91' lang='lat' dir='ltr'><strong>est</strong></span> <span class='ocrx_word' id='word_1_718' title='bbox 1453 4977 1838 5047; x_wconf 75' lang='lat' dir='ltr'><strong>signiﬁcando,</strong></span> <span class='ocrx_word' id='word_1_719' title='bbox 1869 4995 2130 5035; x_wconf 89' lang='lat' dir='ltr'><strong>necessa-</strong></span> 
     </span>
    </p>
   </div>
   <div class='ocr_carea' id='block_1_99' title="bbox 560 5069 2128 5138">
    <p class='ocr_par' dir='ltr' id='par_1_99' title="bbox 560 5069 2128 5138">
     <span class='ocr_line' id='line_1_99' title="bbox 560 5069 2128 5138; baseline 0.001 -13"><span class='ocrx_word' id='word_1_720' title='bbox 560 5072 644 5125; x_wconf 90' lang='lat' dir='ltr'><strong>rio</strong></span> <span class='ocrx_word' id='word_1_721' title='bbox 672 5072 836 5125; x_wconf 86' lang='lat' dir='ltr'><strong>etiam</strong></span> <span class='ocrx_word' id='word_1_722' title='bbox 857 5071 1062 5136; x_wconf 76' lang='lat' dir='ltr'><strong>Filius;</strong></span> <span class='ocrx_word' id='word_1_723' title='bbox 1089 5079 1386 5138; x_wconf 88' lang='lat' dir='ltr'><strong>utrumque</strong></span> <span class='ocrx_word' id='word_1_724' title='bbox 1423 5069 1571 5123; x_wconf 90' lang='lat' dir='ltr'><strong>enim</strong></span> <span class='ocrx_word' id='word_1_725' title='bbox 1596 5071 1858 5138; x_wconf 91' lang='lat' dir='ltr'><strong>positum,</strong></span> <span class='ocrx_word' id='word_1_726' title='bbox 1891 5071 2128 5126; x_wconf 90' lang='lat' dir='ltr'><strong>alterum</strong></span> 
     </span>
    </p>
   </div>
   <div class='ocr_carea' id='block_1_100' title="bbox 634 5203 1552 5268">
    <p class='ocr_par' dir='ltr' id='par_1_100' title="bbox 634 5203 1552 5268">
     <span class='ocr_line' id='line_1_100' title="bbox 634 5203 1552 5268; baseline -0.002 -10"><span class='ocrx_word' id='word_1_727' title='bbox 634 5207 677 5236; x_wconf 76' lang='lat'><strong>”</strong></span> <span class='ocrx_word' id='word_1_728' title='bbox 701 5206 858 5258; x_wconf 82' lang='lat' dir='ltr'><strong>.loan.</strong></span> <span class='ocrx_word' id='word_1_729' title='bbox 905 5213 1024 5268; x_wconf 81' lang='lat' dir='ltr'><strong>&#39;xw,</strong></span> <span class='ocrx_word' id='word_1_730' title='bbox 1067 5205 1146 5258; x_wconf 80' lang='lat' dir='ltr'><strong>l0.</strong></span> <span class='ocrx_word' id='word_1_731' title='bbox 1227 5207 1268 5236; x_wconf 83' lang='grc'><strong>⁸⁰</strong></span> <span class='ocrx_word' id='word_1_732' title='bbox 1308 5203 1445 5258; x_wconf 78' lang='lat' dir='ltr'><strong>lhid.</strong></span> <span class='ocrx_word' id='word_1_733' title='bbox 1501 5203 1552 5258; x_wconf 85' lang='lat'><strong>9.</strong></span> 
     </span>
    </p>
   </div>
   <div class='ocr_carea' id='block_1_101' title="bbox 561 5274 2115 5342">
    <p class='ocr_par' dir='ltr' id='par_1_101' title="bbox 561 5274 2115 5342">
     <span class='ocr_line' id='line_1_101' title="bbox 561 5274 2115 5342; baseline 0.002 -12"><span class='ocrx_word' id='word_1_734' title='bbox 561 5274 776 5330; x_wconf 77' lang='lat' dir='ltr'><strong>&quot;Joan.</strong></span> <span class='ocrx_word' id='word_1_735' title='bbox 805 5292 913 5341; x_wconf 70' lang='lat' dir='ltr'><strong>1m,</strong></span> <span class='ocrx_word' id='word_1_736' title='bbox 942 5278 1027 5342; x_wconf 67' lang='lat' dir='ltr'><strong>l4,</strong></span> <span class='ocrx_word' id='word_1_737' title='bbox 1065 5277 1146 5331; x_wconf 80' lang='grc'><strong>15.</strong></span> <span class='ocrx_word' id='word_1_738' title='bbox 1221 5277 1266 5308; x_wconf 69' lang='grc'>⁸⁸</span> <span class='ocrx_word' id='word_1_739' title='bbox 1302 5276 1461 5329; x_wconf 89' lang='lat' dir='ltr'><strong>Deut.</strong></span> <span class='ocrx_word' id='word_1_740' title='bbox 1513 5291 1589 5340; x_wconf 70' lang='grc' dir='ltr'><strong>γι,</strong></span> <span class='ocrx_word' id='word_1_741' title='bbox 1625 5275 1690 5342; x_wconf 79' lang='grc'><strong>4;</strong></span> <span class='ocrx_word' id='word_1_742' title='bbox 1721 5275 1891 5331; x_wconf 85' lang='lat' dir='ltr'><strong>Marc.</strong></span> <span class='ocrx_word' id='word_1_743' title='bbox 1914 5279 2115 5342; x_wconf 73' lang='lat' dir='ltr'><strong>xn,‘.29.</strong></span> 
     </span>
    </p>
   </div>
   <div class='ocr_carea' id='block_1_102' title="bbox 1670 5206 2163 5268">
    <p class='ocr_par' dir='ltr' id='par_1_102' title="bbox 1670 5206 2163 5268">
     <span class='ocr_line' id='line_1_102' title="bbox 1670 5206 2163 5268; baseline 0.002 -9"><span class='ocrx_word' id='word_1_744' title='bbox 1670 5206 1709 5236; x_wconf 82' lang='grc'><strong>³¹</strong></span> <span class='ocrx_word' id='word_1_745' title='bbox 1749 5206 1908 5260; x_wconf 87' lang='lat' dir='ltr'><strong>Joan.</strong></span> <span class='ocrx_word' id='word_1_746' title='bbox 1950 5223 2006 5268; x_wconf 84' lang='lat' dir='ltr'><strong>x,</strong></span> <span class='ocrx_word' id='word_1_747' title='bbox 2071 5207 2163 5260; x_wconf 79' lang='lat'><strong>&#39;50.</strong></span> 
     </span>
    </p>
   </div>
   <div class='ocr_carea' id='block_1_103' title="bbox 2309 4342 3807 4420">
    <p class='ocr_par' dir='ltr' id='par_1_103' title="bbox 2309 4342 3807 4420">
     <span class='ocr_line' id='line_1_103' title="bbox 2309 4342 3807 4420; baseline 0.009 -24"><span class='ocrx_word' id='word_1_748' title='bbox 2309 4342 2470 4398; x_wconf 81' lang='lat' dir='ltr'><strong>XVII.</strong></span> <span class='ocrx_word' id='word_1_749' title='bbox 2497 4343 2608 4398; x_wconf 88' lang='lat' dir='ltr'><strong>Nos</strong></span> <span class='ocrx_word' id='word_1_750' title='bbox 2629 4359 2760 4414; x_wconf 83' lang='lat' dir='ltr'><strong>ergo</strong></span> <span class='ocrx_word' id='word_1_751' title='bbox 2779 4361 2960 4415; x_wconf 88' lang='lat' dir='ltr'><strong>neque</strong></span> <span class='ocrx_word' id='word_1_752' title='bbox 2987 4347 3241 4416; x_wconf 90' lang='lat' dir='ltr'><strong>similem,</strong></span> <span class='ocrx_word' id='word_1_753' title='bbox 3277 4365 3461 4420; x_wconf 91' lang='lat' dir='ltr'><strong>neque</strong></span> <span class='ocrx_word' id='word_1_754' title='bbox 3481 4351 3807 4410; x_wconf 79' lang='lat' dir='ltr'><strong>dissimilem</strong></span> 
     </span>
    </p>
   </div>
   <div class='ocr_carea' id='block_1_104' title="bbox 2237 4435 3808 4510">
    <p class='ocr_par' dir='ltr' id='par_1_104' title="bbox 2237 4435 3808 4510">
     <span class='ocr_line' id='line_1_104' title="bbox 2237 4435 3808 4510; baseline 0.009 -23"><span class='ocrx_word' id='word_1_755' title='bbox 2237 4435 2568 4504; x_wconf 88' lang='lat' dir='ltr'><strong>proﬁtemur</strong></span> <span class='ocrx_word' id='word_1_756' title='bbox 2592 4436 2918 4492; x_wconf 89' lang='lat' dir='ltr'><strong>Trinitatem</strong></span> <span class='ocrx_word' id='word_1_757' title='bbox 2966 4439 3236 4506; x_wconf 89' lang='lat' dir='ltr'><strong>qualitate</strong></span> <span class='ocrx_word' id='word_1_758' title='bbox 3276 4449 3334 4495; x_wconf 90' lang='lat' dir='ltr'><strong>et</strong></span> <span class='ocrx_word' id='word_1_759' title='bbox 3363 4443 3680 4510; x_wconf 85' lang='lat' dir='ltr'><strong>quantitate</strong></span> <span class='ocrx_word' id='word_1_760' title='bbox 3717 4461 3808 4500; x_wconf 85' lang='lat' dir='ltr'><strong>ca-</strong></span> 
     </span>
    </p>
   </div>
   <div class='ocr_carea' id='block_1_105' title="bbox 2236 4527 3803 4604">
    <p class='ocr_par' dir='ltr' id='par_1_105' title="bbox 2236 4527 3803 4604">
     <span class='ocr_line' id='line_1_105' title="bbox 2236 4527 3803 4604; baseline 0.008 -24"><span class='ocrx_word' id='word_1_761' title='bbox 2236 4537 2449 4582; x_wconf 88' lang='lat' dir='ltr'><strong>rentem</strong></span> <span class='ocrx_word' id='word_1_762' title='bbox 2473 4545 2488 4592; x_wconf 93' lang='lat'><strong>;</strong></span> <span class='ocrx_word' id='word_1_763' title='bbox 2541 4527 2637 4582; x_wconf 88' lang='lat' dir='ltr'><strong>sed</strong></span> <span class='ocrx_word' id='word_1_764' title='bbox 2663 4529 3191 4586; x_wconf 86' lang='lat' dir='ltr'><strong>consubstantialem</strong></span> <span class='ocrx_word' id='word_1_765' title='bbox 3219 4541 3277 4586; x_wconf 89' lang='lat' dir='ltr'><strong>et</strong></span> <span class='ocrx_word' id='word_1_766' title='bbox 3303 4533 3674 4592; x_wconf 88' lang='lat' dir='ltr'><strong>individuam.</strong></span> <span class='ocrx_word' id='word_1_767' title='bbox 3702 4537 3803 4604; x_wconf 89' lang='lat' dir='ltr'><strong>Qui</strong></span> 
     </span>
    </p>
   </div>
   <div class='ocr_carea' id='block_1_106' title="bbox 2233 4617 3799 4696">
    <p class='ocr_par' dir='ltr' id='par_1_106' title="bbox 2233 4617 3799 4696">
     <span class='ocr_line' id='line_1_106' title="bbox 2233 4617 3799 4696; baseline 0.008 -26"><span class='ocrx_word' id='word_1_768' title='bbox 2233 4634 2366 4672; x_wconf 89' lang='lat' dir='ltr'><strong>vero</strong></span> <span class='ocrx_word' id='word_1_769' title='bbox 2393 4617 2668 4686; x_wconf 84' lang='lat' dir='ltr'><strong>dividunt,</strong></span> <span class='ocrx_word' id='word_1_770' title='bbox 2717 4628 2774 4674; x_wconf 88' lang='lat' dir='ltr'><strong>et</strong></span> <span class='ocrx_word' id='word_1_771' title='bbox 2812 4619 3023 4676; x_wconf 80' lang='lat' dir='ltr'><strong>faciunt</strong></span> <span class='ocrx_word' id='word_1_772' title='bbox 3051 4638 3216 4676; x_wconf 89' lang='lat' dir='ltr'><strong>unam</strong></span> <span class='ocrx_word' id='word_1_773' title='bbox 3255 4632 3390 4690; x_wconf 89' lang='lat' dir='ltr'><strong>tres,</strong></span> <span class='ocrx_word' id='word_1_774' title='bbox 3439 4626 3596 4696; x_wconf 88' lang='lat' dir='ltr'><strong>impii</strong></span> <span class='ocrx_word' id='word_1_775' title='bbox 3654 4636 3799 4692; x_wconf 86' lang='lat' dir='ltr'><strong>sunt,</strong></span> 
     </span>
    </p>
   </div>
   <div class='ocr_carea' id='block_1_107' title="bbox 2232 4707 3804 4778">
    <p class='ocr_par' dir='ltr' id='par_1_107' title="bbox 2232 4707 3804 4778">
     <span class='ocr_line' id='line_1_107' title="bbox 2232 4707 3804 4778; baseline 0.006 -18"><span class='ocrx_word' id='word_1_776' title='bbox 2232 4715 2289 4760; x_wconf 91' lang='lat' dir='ltr'><strong>et</strong></span> <span class='ocrx_word' id='word_1_777' title='bbox 2313 4707 2720 4762; x_wconf 89' lang='lat' dir='ltr'><strong>multitudinem</strong></span> <span class='ocrx_word' id='word_1_778' title='bbox 2784 4708 3014 4764; x_wconf 90' lang='lat' dir='ltr'><strong>deorum</strong></span> <span class='ocrx_word' id='word_1_779' title='bbox 3055 4711 3435 4778; x_wconf 89' lang='lat' dir='ltr'><strong>introducunt,</strong></span> <span class='ocrx_word' id='word_1_780' title='bbox 3483 4725 3542 4770; x_wconf 88' lang='lat' dir='ltr'><strong>et</strong></span> <span class='ocrx_word' id='word_1_781' title='bbox 3585 4731 3804 4772; x_wconf 86' lang='lat' dir='ltr'><strong>monar-</strong></span> 
     </span>
    </p>
   </div>
   <div class='ocr_carea' id='block_1_108' title="bbox 2234 4799 3802 4870">
    <p class='ocr_par' dir='ltr' id='par_1_108' title="bbox 2234 4799 3802 4870">
     <span class='ocr_line' id='line_1_108' title="bbox 2234 4799 3802 4870; baseline 0.006 -18"><span class='ocrx_word' id='word_1_782' title='bbox 2234 4799 2416 4852; x_wconf 88' lang='lat' dir='ltr'><strong>chiam</strong></span> <span class='ocrx_word' id='word_1_783' title='bbox 2471 4807 2762 4867; x_wconf 88' lang='lat' dir='ltr'><strong>respuunt,</strong></span> <span class='ocrx_word' id='word_1_784' title='bbox 2821 4799 2961 4853; x_wconf 89' lang='lat' dir='ltr'><strong>nihil</strong></span> <span class='ocrx_word' id='word_1_785' title='bbox 3015 4802 3327 4870; x_wconf 88' lang='lat' dir='ltr'><strong>periculum</strong></span> <span class='ocrx_word' id='word_1_786' title='bbox 3375 4803 3668 4862; x_wconf 89' lang='lat' dir='ltr'><strong>divisionis</strong></span> <span class='ocrx_word' id='word_1_787' title='bbox 3703 4822 3802 4862; x_wconf 82' lang='lat' dir='ltr'><strong>ve-</strong></span> 
     </span>
    </p>
   </div>
   <div class='ocr_carea' id='block_1_109' title="bbox 2235 4890 3800 4967">
    <p class='ocr_par' dir='ltr' id='par_1_109' title="bbox 2235 4890 3800 4967">
     <span class='ocr_line' id='line_1_109' title="bbox 2235 4890 3800 4967; baseline 0.007 -25"><span class='ocrx_word' id='word_1_788' title='bbox 2235 4890 2365 4942; x_wconf 88' lang='lat' dir='ltr'><strong>riti:</strong></span> <span class='ocrx_word' id='word_1_789' title='bbox 2397 4890 2623 4958; x_wconf 89' lang='lat' dir='ltr'><strong>partitio</strong></span> <span class='ocrx_word' id='word_1_790' title='bbox 2653 4890 2803 4945; x_wconf 91' lang='lat' dir='ltr'><strong>enim</strong></span> <span class='ocrx_word' id='word_1_791' title='bbox 2835 4891 3268 4947; x_wconf 89' lang='lat' dir='ltr'><strong>substantiarum</strong></span> <span class='ocrx_word' id='word_1_792' title='bbox 3297 4905 3356 4948; x_wconf 90' lang='lat' dir='ltr'><strong>et</strong></span> <span class='ocrx_word' id='word_1_793' title='bbox 3387 4895 3714 4967; x_wconf 86' lang='lat' dir='ltr'><strong>adaquatio,</strong></span> <span class='ocrx_word' id='word_1_794' title='bbox 3742 4907 3800 4952; x_wconf 90' lang='lat' dir='ltr'><strong>et</strong></span> 
     </span>
    </p>
   </div>
   <div class='ocr_carea' id='block_1_110' title="bbox 2234 4981 3799 5051">
    <p class='ocr_par' dir='ltr' id='par_1_110' title="bbox 2234 4981 3799 5051">
     <span class='ocr_line' id='line_1_110' title="bbox 2234 4981 3799 5051; baseline 0.008 -18"><span class='ocrx_word' id='word_1_795' title='bbox 2234 4981 2464 5035; x_wconf 88' lang='lat' dir='ltr'><strong>variatio</strong></span> <span class='ocrx_word' id='word_1_796' title='bbox 2491 4981 2657 5051; x_wconf 90' lang='lat' dir='ltr'><strong>hujus</strong></span> <span class='ocrx_word' id='word_1_797' title='bbox 2691 4982 3016 5038; x_wconf 84' lang='lat' dir='ltr'><strong>substantia</strong></span> <span class='ocrx_word' id='word_1_798' title='bbox 3053 4983 3124 5038; x_wconf 88' lang='lat' dir='ltr'><strong>ab</strong></span> <span class='ocrx_word' id='word_1_799' title='bbox 3177 4985 3292 5051; x_wconf 92' lang='lat' dir='ltr'><strong>illa,</strong></span> <span class='ocrx_word' id='word_1_800' title='bbox 3331 4989 3508 5044; x_wconf 89' lang='lat' dir='ltr'><strong>sectio</strong></span> <span class='ocrx_word' id='word_1_801' title='bbox 3570 5001 3658 5044; x_wconf 91' lang='lat' dir='ltr'><strong>est</strong></span> <span class='ocrx_word' id='word_1_802' title='bbox 3703 5005 3799 5046; x_wconf 86' lang='lat' dir='ltr'><strong>eo-</strong></span> 
     </span>
    </p>
   </div>
   <div class='ocr_carea' id='block_1_111' title="bbox 2234 5072 3798 5150">
    <p class='ocr_par' dir='ltr' id='par_1_111' title="bbox 2234 5072 3798 5150">
     <span class='ocr_line' id='line_1_111' title="bbox 2234 5072 3798 5150; baseline 0.006 -25"><span class='ocrx_word' id='word_1_803' title='bbox 2234 5087 2356 5126; x_wconf 90' lang='lat' dir='ltr'><strong>rum</strong></span> <span class='ocrx_word' id='word_1_804' title='bbox 2403 5072 2498 5140; x_wconf 86' lang='lat' dir='ltr'><strong>qui</strong></span> <span class='ocrx_word' id='word_1_805' title='bbox 2559 5081 2690 5127; x_wconf 89' lang='lat' dir='ltr'><strong>suut</strong></span> <span class='ocrx_word' id='word_1_806' title='bbox 2737 5073 2900 5128; x_wconf 88' lang='lat' dir='ltr'><strong>unius</strong></span> <span class='ocrx_word' id='word_1_807' title='bbox 2945 5083 3177 5130; x_wconf 87' lang='lat' dir='ltr'><strong>natura.</strong></span> <span class='ocrx_word' id='word_1_808' title='bbox 3213 5076 3499 5146; x_wconf 88' lang='lat' dir='ltr'><strong>Siquidem</strong></span> <span class='ocrx_word' id='word_1_809' title='bbox 3541 5081 3636 5150; x_wconf 88' lang='lat' dir='ltr'><strong>qui</strong></span> <span class='ocrx_word' id='word_1_810' title='bbox 3669 5081 3798 5137; x_wconf 81' lang='lat' dir='ltr'><strong>dicit</strong></span> 
     </span>
    </p>
   </div>
   <div class='ocr_carea' id='block_1_112' title="bbox 2277 5207 3793 5278">
    <p class='ocr_par' dir='ltr' id='par_1_112' title="bbox 2277 5207 3793 5278">
     <span class='ocr_line' id='line_1_112' title="bbox 2277 5207 3793 5278; baseline 0.011 -17"><span class='ocrx_word' id='word_1_811' title='bbox 2277 5207 2321 5239; x_wconf 85' lang='grc'><strong><em>³²</em></strong></span> <span class='ocrx_word' id='word_1_812' title='bbox 2361 5207 2518 5263; x_wconf 84' lang='lat' dir='ltr'><strong>Joan.</strong></span> <span class='ocrx_word' id='word_1_813' title='bbox 2552 5220 2682 5263; x_wconf 82' lang='lat' dir='ltr'><strong>‘xvn</strong></span> <span class='ocrx_word' id='word_1_814' title='bbox 2709 5246 2726 5274; x_wconf 90' lang='lat'><strong>,</strong></span> <span class='ocrx_word' id='word_1_815' title='bbox 2773 5209 2826 5263; x_wconf 78' lang='lat'><strong>5.</strong></span> <span class='ocrx_word' id='word_1_816' title='bbox 2942 5209 3143 5265; x_wconf 73' lang='lat' dir='ltr'><strong>“Joan.</strong></span> <span class='ocrx_word' id='word_1_817' title='bbox 3176 5227 3284 5278; x_wconf 78' lang='lat' dir='ltr'><strong>xiv,</strong></span> <span class='ocrx_word' id='word_1_818' title='bbox 3318 5213 3372 5268; x_wconf 82' lang='grc' dir='ltr'><strong>ϐ.</strong></span> <span class='ocrx_word' id='word_1_819' title='bbox 3489 5217 3686 5278; x_wconf 74' lang='lat' dir='ltr'><strong>“ibid.</strong></span> <span class='ocrx_word' id='word_1_820' title='bbox 3711 5219 3793 5274; x_wconf 85' lang='grc' dir='ltr'><strong>Π.</strong></span> 
     </span>
    </p>
   </div>
   <div class='ocr_carea' id='block_1_113' title="bbox 1797 5373 2462 5444">
    <p class='ocr_par' dir='ltr' id='par_1_113' title="bbox 1797 5373 2462 5444">
     <span class='ocr_line' id='line_1_113' title="bbox 1797 5373 2462 5444; baseline 0 -2"><span class='ocrx_word' id='word_1_821' title='bbox 1797 5373 2026 5443; x_wconf 63' lang='lat' dir='ltr'><strong>varum</strong></span> <span class='ocrx_word' id='word_1_822' title='bbox 2059 5389 2462 5444; x_wconf 76' lang='lat' dir='ltr'><strong>LECTIONES.</strong></span> 
     </span>
    </p>
   </div>
   <div class='ocr_carea' id='block_1_114' title="bbox 632 5477 1254 5556">
    <p class='ocr_par' dir='ltr' id='par_1_114' title="bbox 632 5477 1254 5556">
     <span class='ocr_line' id='line_1_114' title="bbox 632 5477 1254 5556; baseline 0.014 -32"><span class='ocrx_word' id='word_1_823' title='bbox 632 5484 657 5520; x_wconf 72' lang='grc' dir='ltr'>ι</span> <span class='ocrx_word' id='word_1_824' title='bbox 678 5477 934 5556; x_wconf 62' lang='lat' dir='ltr'><strong>~integra.</strong></span> <span class='ocrx_word' id='word_1_825' title='bbox 981 5477 1254 5549; x_wconf 80' lang='grc' dir='ltr'><strong>ἀκέραιος.</strong></span> 
     </span>
    </p>
   </div>
   <div class='ocr_carea' id='block_1_115' title="bbox 561 5548 890 5615">
    <p class='ocr_par' dir='ltr' id='par_1_115' title="bbox 561 5548 890 5615">
     <span class='ocr_line' id='line_1_115' title="bbox 561 5548 890 5615; baseline 0.006 -20"><span class='ocrx_word' id='word_1_826' title='bbox 561 5548 787 5615; x_wconf 69' lang='grc' dir='ltr'><strong>νοειδής.</strong></span> <span class='ocrx_word' id='word_1_827' title='bbox 863 5580 890 5601; x_wconf 86' lang='grc'><strong>.</strong></span> 
     </span>
    </p>
   </div>
   <div class='ocr_carea' id='block_1_116' title="bbox 1357 5479 3058 5560">
    <p class='ocr_par' dir='ltr' id='par_1_116' title="bbox 1357 5479 3058 5560">
     <span class='ocr_line' id='line_1_116' title="bbox 1357 5479 3058 5560; baseline 0.004 -26"><span class='ocrx_word' id='word_1_828' title='bbox 1357 5480 1385 5524; x_wconf 74' lang='lat' dir='ltr'><strong>h</strong></span> <span class='ocrx_word' id='word_1_829' title='bbox 1424 5480 1568 5560; x_wconf 78' lang='lat' dir='ltr'><strong>Trin.</strong></span> <span class='ocrx_word' id='word_1_830' title='bbox 1621 5479 1835 5535; x_wconf 76' lang='lat' dir='ltr'><strong>consub.</strong></span> <span class='ocrx_word' id='word_1_831' title='bbox 1873 5479 2188 5551; x_wconf 78' lang='lat' dir='ltr'><strong>Legendum</strong></span> <span class='ocrx_word' id='word_1_832' title='bbox 2236 5481 2478 5548; x_wconf 88' lang='lat' dir='ltr'><strong>videtur,</strong></span> <span class='ocrx_word' id='word_1_833' title='bbox 2532 5481 2675 5538; x_wconf 84' lang='lat' dir='ltr'><strong>Trin.</strong></span> <span class='ocrx_word' id='word_1_834' title='bbox 2735 5498 2814 5538; x_wconf 77' lang='lat' dir='ltr'><strong>sn</strong></span> <span class='ocrx_word' id='word_1_835' title='bbox 2844 5486 3058 5541; x_wconf 78' lang='lat' dir='ltr'><strong>consub.</strong></span> 
     </span>
    </p>
   </div>
   <div class='ocr_carea' id='block_1_117' title="bbox 3162 5485 3799 5572">
    <p class='ocr_par' dir='ltr' id='par_1_117' title="bbox 3162 5485 3799 5572">
     <span class='ocr_line' id='line_1_117' title="bbox 3162 5485 3799 5572; baseline 0.017 -31"><span class='ocrx_word' id='word_1_836' title='bbox 3162 5486 3176 5526; x_wconf 72' lang='grc' dir='ltr'><strong>ί</strong></span> <span class='ocrx_word' id='word_1_837' title='bbox 3219 5485 3381 5544; x_wconf 73' lang='lat' dir='ltr'><strong>Unius</strong></span> <span class='ocrx_word' id='word_1_838' title='bbox 3445 5491 3648 5562; x_wconf 63' lang='lat' dir='ltr'><strong>forms.</strong></span> <span class='ocrx_word' id='word_1_839' title='bbox 3699 5512 3799 5572; x_wconf 80' lang='grc' dir='ltr'><strong>μο-</strong></span> 
     </span>
    </p>
   </div>
  </div>
