3910 6300
135 214 274 280 1321

1141 213 1426 274 ORATIO
1463 212 1519 273 Ι.
1547 238 1615 248 -
1637 212 1736 274 DE
1777 212 1882 274 SS.
1921 209 2359 273 TRINITATE.

3249 208 3268 271 1
3279 209 3383 274 322

130 323 498 384 substantiam
540 295 719 379 Patris
775 321 1191 393 particularem,
1222 337 1345 391 qua:
1372 335 1481 376 non
1536 321 1712 392 possit
1739 332 1784 387 Α
1813 319 1997 390 inquit
2040 318 2342 381 Dominus,
2407 317 2640 387 proderit
2692 317 2920 382 homini,
2987 318 3031 371 si
3079 320 3382 376 universum

132 435 260 476 esse
283 426 484 473 natura
522 417 670 480 Filii,
712 430 939 486 prorsus
997 413 1364 468 substantiam
1416 414 1704 478 variatam,

135 511 249 565 imo
272 495 609 564 substantias
637 505 808 576 dicit:
838 503 1117 573 quomodo
1143 501 1494 566 homousion,
1511 501 1567 556 id
1599 511 1718 568 est,

135 599 609 660 eonsubstantiale
641 598 698 652 in
748 595 1136 664 differentibus
1172 593 1502 650 substantiis
1544 608 1723 663 repe-~

137 692 345 748 rietur?
385 692 593 746 frustra
614 703 746 760 ergo
793 687 1118 758 praedicant,
1162 686 1495 744 homousion
1532 684 1707 741 simu-

134 782 313 837 lantes
335 780 608 851 proﬁteri,
644 761 792 849 quod
824 794 938 844 non
981 775 1312 848 proﬁtentur
1354 791 1516 850 vere,
1568 774 1710 828 divi-

137 874 332 929 dentes
355 871 720 928 substantiam
739 867 1106 924 individuam.
1127 868 1444 932 Etmirum,
1468 866 1576 928 nisi
1603 866 1711 937 ipsi

137 967 326 1031 etiam,
355 973 419 1018 ut
456 963 628 1019 verbo
668 959 954 1036 Evangelii
1007 965 1131 1014 utar
1169 958 1237 1022 ³⁷,
1279 956 1600 1012 dividantur
1653 965 1728 1011 et-

135 1064 352 1127 partem
381 1070 506 1110 cum
537 1051 844 1124 hypocritis
897 1051 1198 1120 accipiant,
1228 1049 1324 1119 qui
1354 1048 1583 1122 minime
1620 1047 1708 1102 di-.

138 1156 338 1200 cuntur
369 1144 630 1210 credere;
685 1143 818 1213 quin
853 1141 1040 1212 potius
1069 1149 1264 1196 contra
1318 1154 1432 1193 non
1477 1145 1712 1210 possunt

136 1237 386 1302 credere,
418 1245 681 1305 tanquam
705 1240 1080 1304 cauponantes
1104 1230 1360 1296 ﬁdem,et
1378 1243 1500 1286 eam
1528 1229 1712 1300 pretio

138 1328 318 1382 inanis
370 1336 427 1382 et
475 1325 860 1396 praetereuntis
897 1323 1087 1395 gloria:
1127 1321 1462 1386 vendentes,
1505 1321 1715 1391 quibus

136 1419 406 1478 Dominus
425 1417 578 1488 prius
609 1415 788 1472 dixit:
846 1413 1117 1480 Quomodo
1186 1413 1402 1483 potestis
1464 1411 1708 1477 credere,

138 1510 230 1580 qui
246 1507 478 1578 gloriam
515 1508 581 1561 ab
606 1507 825 1560 invicem
855 1506 1111 1576 accipitis,
1143 1511 1190 1556 et
1220 1501 1448 1574 gloriam
1501 1516 1618 1572 qua?
1649 1516 1712 1554 ea:

139 1599 248 1653 Deo
276 1599 388 1653 solo
415 1607 513 1664 est,
539 1615 643 1652 non
672 1597 905 1667 quwritis
939 1594 1102 1648 ³⁸2Ηί
1132 1593 1362 1665 gloriam
1420 1592 1711 1646 hominum

1808 411 2066 466 mundum
2103 409 2358 473 lucretur,
2381 409 2576 464 anima:
2601 424 2723 462 vero
2752 422 2863 468 sua:
2885 405 3259 463 detrimentum
3288 428 3384 480 pa-

1808 503 2014 556 tiatur?
2043 511 2136 556 aut
2190 487 2353 572 quam
2401 501 2548 554 dabit
2607 501 2759 553 homo
2792 502 3257 556 commutationem
3288 520 3386 572 pro

1811 591 1994 644 anima
2023 589 2162 648 sua?
2189 588 2362 643 Veniet
2394 589 2533 642 cnim
2560 585 2727 644 Filius
2744 589 2968 642 hominis
3000 589 3055 642 in
3077 587 3250 658 gloria
3272 588 3387 644 Pa-

1807 683 1904 734 tris
1935 682 2039 745 sui,
2090 689 2137 734 et
2192 687 2317 734 tunc
2362 678 2540 732 reddet
2575 679 2857 747 unicuique
2893 679 3182 734 secundum
3223 697 3386 751 opera

1809 789 1910 826 sua
1944 773 2012 826 “.
2074 772 2134 826 In
2197 771 2336 826 illud
2381 785 2516 841 ergo
2560 768 2830 840 judicium
2879 770 3058 824 aciem
3098 771 3385 826 oculorum

1811 861 2392 918 animaeintendentes
2423 869 2683 930 tanquam
2727 860 2784 914 in
2831 859 3127 929 quamdam
3184 860 3388 926 facem,

1810 968 1976 1022 quam
2014 953 2297 1008 occultare
2341 952 2489 1006 soliti
2528 958 2659 1006 sunt
2704 952 2803 1023 qui
2837 951 2894 1006 in
2926 952 3067 1007 mari
3105 954 3387 1025 navigant,

1812 1050 1965 1098 recta
2016 1043 2085 1097 ad
2139 1050 2362 1112 portum
2414 1041 2610 1096 salutis
2666 1056 2992 1112 pergemus:
3048 1042 3389 1114 figemusque

1811 1133 2086 1188 anchoras
2113 1133 2170 1206 in
2219 1132 2348 1188 ﬁdei
2394 1142 2553 1203 petra
2583 1133 2878 1200 immobili,
2929 1135 3069 1189 nihil
3120 1135 3389 1192 facientes
3448 1119 3456 1126 ’

1811 1233 1908 1284 aut
1953 1225 2224 1288 dicentes,
2280 1224 2350 1280 ad
2383 1213 2608 1280 ocul-um
2637 1212 2953 1280 servientes
3007 1226 3076 1293 ιδ,
3128 1234 3388 1298 tanquam

1813 1315 2134 1370 hominibus
2161 1316 2380 1386 placere
2425 1317 2684 1382 velimus,
2731 1316 2828 1372 sed
2880 1317 3067 1388 potius
3126 1325 3387 1390 tanquam

1812 1408 1956 1464 servi
1985 1409 2081 1462 Dei
2112 1409 2263 1462 omni
2288 1408 2569 1480 hypocrisi
2598 1417 2654 1464 et
2688 1409 3043 1464 simulatione
3064 1409 3257 1480 ejecta,
3291 1411 3390 1467 Pa-

1815 1508 1952 1555 trem
1983 1509 2196 1572 patrem
2224 1499 2628 1572 glorilicemus;
2687 1500 2888 1566 Filium
2956 1499 3133 1556 filium
3187 1501 3389 1558 adore-

1812 1607 1973 1658 mus;
2005 1592 2276 1662 Spiritum
2314 1600 2570 1648 sanctum
2604 1591 2994 1660 conﬁteamur,
3055 1609 3220 1674 unam
3254 1595 3392 1651 sub-

137 1688 310 1759 magis
339 1703 502 1757 quam
533 1687 630 1742 Dei
649 1695 918 1752 amantes,
952 1684 1491 1756 sensumproprium
1515 1682 1707 1754 gratias
1737 1696 1778 1750 Β
1807 1686 2064 1742 stantiam
2087 1694 2144 1740 et
2172 1686 2422 1756 diversas
2449 1701 2717 1756 personas
2746 1686 2964 1744 sincere
2998 1698 3386 1760 agnoscentes,
3411 1701 3414 1706 ‘

137 1796 300 1836 causa
327 1779 661 1850 largiuntur,
689 1778 1026 1840 redimentes
1050 1787 1319 1846 tempora,
1363 1785 1420 1831 et
1476 1775 1581 1830 fide
1614 1790 1712 1830 vo-

136 1873 296 1927 latiea
322 1871 496 1926 veluti
517 1871 643 1926 talis
675 1870 932 1938 ludentes
965 1912 980 1936 ,
1011 1869 1143 1924 dum
1173 1884 1294 1928 eam
1337 1873 1711 1926 transmutant

136 1963 203 2020 ad
226 1964 566 2018 voluntatem
601 1961 889 2028 ductoris;
923 1960 1128 2031 quibus
1166 1961 1366 2016 melius
1402 1970 1525 2015 erat
1563 1959 1712 2013 ferre

137 2053 448 2106 mercedem
473 2067 653 2115 suam,
705 2050 850 2106 sicut
882 2051 952 2106 iis
980 2051 1075 2122 qui
1109 2059 1238 2106 sunt
1290 2049 1614 2122 hypoCritaz,
1649 2057 1716 2104 ut

135 2145 430 2202 videantur
448 2144 770 2199 hominibus
787 2144 1041 2215 jejunare
1061 2152 1118 2198 et
1149 2143 1540 2202 misericordes
1561 2157 1710 2206 esse,

136 2245 194 2291 et
245 2252 355 2291 non
421 2251 708 2292 reservare
767 2236 873 2290 sibi
931 2235 1262 2306 supplicium
1312 2244 1369 2290 et
1423 2235 1714 2292 materiam

137 2328 280 2398 ignis
295 2327 776 2400 inexstinguibilis.
791 2328 965 2382 Nemo
981 2329 1150 2398 igitur
1166 2338 1260 2382 aut
1275 2327 1445 2398 gratia
1460 2327 1710 2392 alterius,

137 2428 238 2474 aut
270 2419 542 2474 voluntati
586 2434 700 2474 suae
728 2433 939 2473 morem
973 2433 1172 2488 gerens
1215 2433 1246 2472 a
1275 2431 1406 2471 sana
1439 2416 1714 2488 sententia

139 2510 412 2575 discedat,
431 2524 615 2580 neque
643 2509 773 2564 ﬁdei
793 2509 1152 2584 constitutum
1181 2508 1464 2580 depravet,
1482 2509 1568 2564 vel
1588 2523 1714 2577 pro-

136 2610 261 2673 pter
294 2609 502 2656 metum
536 2599 819 2671 supplicii,
850 2602 938 2656 vel
962 2609 1190 2670 propter
1230 2601 1409 2656 minas
1443 2599 1711 2670 direptio-

135 2692 225 2747 nis
249 2673 544 2754 bonorum.
571 2692 712 2759 Quid
737 2691 885 2748 enim
933 2691 1226 2762 diripietur
1253 2708 1353 2762 par
1389 2700 1444 2747 et
1499 2693 1712 2761 aequale

137 2783 299 2838 ﬁdei?
356 2785 466 2839 imo
491 2799 669 2854 neque
728 2793 955 2854 propter
987 2799 1141 2854 spem
1175 2783 1351 2838 lucri:
1400 2784 1532 2853 quid
1563 2784 1712 2840 enim

132 2873 462 2929 lucrifacere
510 2882 714 2944 potest,
746 2873 841 2943 qui
870 2878 1144 2944 jacturam
1172 2874 1269 2929 Dei
1325 2873 1494 2930 facit?
1523 2874 1710 2945 Siqui-

133 2965 261 3020 dem
287 2966 581 3020 universus
607 2964 848 3020 mundus
871 2981 1075 3036 parvus
1105 2975 1209 3032 est,
1249 2966 1292 3022 si
1319 2982 1444 3021 eum
1474 2966 1710 3022 fabrica-

134 3065 257 3110 tore
290 3057 409 3127 ejus
439 3055 788 3111 conferatur:
822 3073 925 3113 nec
971 3057 1149 3128 ipsum
1184 3059 1385 3114 coelum
1432 3060 1706 3132 magnitu-
1735 3054 1776 3112 C

132 3146 322 3202 dinem
346 3148 587 3202 auctoris
606 3148 692 3202 sui
725 3158 1118 3218 repraesentare
1161 3158 1378 3220 potest;
1411 3151 1560 3222 quod
1611 3153 1706 3223 qui

130 3237 400 3303 amiserit,
455 3239 586 3309 quid
619 3239 856 3310 amplius
879 3239 1140 3296 habebit?
1169 3241 1301 3310 quid
1341 3239 1451 3296 'erit
1503 3242 1707 3298 amisso

131 3344 236 3399 par
260 3337 316 3385 et
342 3331 551 3401 aequale
572 3331 596 3384 ‘t
617 3330 806 3402 Neque
836 3331 999 3387 fidem
1032 3332 1362 3402 supprimat,
1397 3333 1495 3402 qui
1517 3334 1706 3390 volue-

131 3420 210 3475 rit
235 3437 356 3478 esse
383 3439 513 3478 vere
537 3422 745 3478 fidelis:
783 3423 1105 3494 suppressio
1129 3424 1277 3479 enim
1299 3423 1706 3494 quodammodo

129 3520 219 3567 est
247 3515 499 3584 negatio:
543 3513 797 3570 conﬁteri
839 3524 1025 3570 autem
1084 3513 1340 3582 ﬁdenter,
1387 3513 1705 3572 firmitatem

129 3603 263 3658 ﬁdei
295 3603 568 3658 ostendit:
611 3605 780 3675 igitur
817 3604 950 3660 licet
990 3605 1176 3676 justus
1225 3604 1552 3675 supprimat,
1581 3606 1704 3676 .jam

129 3707 244 3746 non
268 3701 352 3748 est
373 3695 590 3763 justus:
622 3694 742 3751 Non
771 3693 966 3766 placet,
1017 3695 1226 3767 inquit,
1258 3697 1454 3752 animai
1499 3713 1630 3768 mea
1648 3698 1704 3756 in

128 3785 245 3853 ipso
269 3783 336 3838 ".

200 3919 386 3976 XVIII.
417 3922 632 3978 Rursus
667 3931 802 3977 vero
826 3921 896 3978 ab
931 3921 1052 3992 ipso
1075 3923 1311 3978 Domino
1349 3924 1698 3981 audivimus:

125 4007 311 4064 Omnis
345 4013 437 4082 qui
464 4010 794 4080 conﬁtebitur
819 4029 902 4066 me
947 4030 1128 4068 coram
1176 4015 1492 4082 hominibus,
1535 4015 1702 4084 con/i-

125 4098 273 4152 tebor
309 4109 358 4152 ct
379 4103 482 4171 "ego
511 4116 630 4155 eum
653 4117 836 4156 coram
855 4101 1019 4157 Patre
1039 4120 1153 4158 meo
1172 4091 1261 4175 qui
1288 4106 1350 4159 in
1361 4105 1513 4160 cwlis'
1534 4115 1608 4161 est
1630 4107 1698 4163 ⁵⁸.

124 4188 188 4241 in
223 4203 560 4259 unoquoque
616 4191 766 4244 enim
812 4190 994 4254 simile
1049 4191 1304 4254 redditur
1345 4201 1697 4263 antegresso;

123 4277 402 4333 confessio
430 4279 790 4345 confessioni,
816 4266 1039 4352 negatio
1071 4283 1373 4370 negationi,
1435 4284 1532 4339 sed
1585 4299 1698 4340 non

1809 1785 1866 1833 et
1891 1795 2318 1850 unamquamque
2349 1794 2630 1850 personam
2654 1771 2849 1842 Deum,
2883 1797 2995 1835 non
3048 1789 3230 1838 tamen
3260 1783 3390 1840 sub-

1813 1872 2068 1926 stantiam
2097 1871 2488 1942 particularem
2512 1871 2828 1938 habentem,
2863 1888 2972 1927 non
3011 1888 3385 1941 communem,

1813 1960 2030 2016 tametsi
2055 1975 2156 2032 per
2188 1975 2247 2015 se
2271 1959 2416 2016 Deus
2455 1961 2778 2016 nominetur
2807 1979 2820 2016 :
2876 1963 3210 2032 particulare
3233 1965 3387 2020 enim

1811 2064 1920 2102 non
1957 2049 2390 2115 estsnhstantia,
2417 2049 2691 2121 siquidem
2729 2052 3042 2118 substantia
3073 2070 3246 2125 genus
3266 2065 3386 2124 est;

1810 2147 1868 2210 et
1887 2127 2140 2210 generale
2168 2157 2282 2197 non
2306 2149 2394 2196 est
2423 2142 2782 2212 particulare,
2830 2143 2978 2200 sicut
3008 2161 3186 2216 neque
3214 2149 3390 2217 parti-

1812 2232 1999 2286 culare
2029 2234 2283 2302 generale
2307 2247 2391 2290 est
2413 2251 2426 2288 :
2450 2243 2507 2289 et
2537 2235 2791 2305 quamvis
2814 2236 3387 2313 dicaturunaquaaque

1811 2337 2047 2392 persona
2083 2325 2263 2387 Deus;
2296 2341 2405 2380 non
2443 2333 2624 2381 tamen
2655 2326 2918 2383 divinitas
2968 2329 3164 2398 divisa,
3192 2341 3275 2388 est
3306 2332 3393 2387 di-

1810 2412 2034 2479 vinitas,
2065 2432 2248 2487 neque
2282 2403 2521 2474 edicitur
2547 2420 2779 2490 propria
2803 2429 2858 2476 et
2889 2423 3244 2492 particularis
3288 2442 3390 2480 na-

1812 2506 2065 2563 turaliter
2121 2510 2426 2564 secundum
2477 2511 2856 2568 diversitatem
2903 2515 3250 2584 substantiae,
3288 2518 3386 2574 sed

1811 2597 2111 2668 perfectam
2146 2607 2201 2654 et
2226 2607 2394 2662 totam
2428 2601 2596 2657 habet
2629 2618 2978 2660 communem
2997 2607 3386 2668 substantiam.

1811 2677 2182 2755 Quamobrem
2229 2699 2343 2748 tres
2394 2693 2657 2750 dicuntur
2716 2707 2773 2752 et
2809 2705 2938 2752 sunt
2991 2715 3156 2767 unus,
3187 2710 3386 2772 utpote

1812 2780 1980 2835 unius
2002 2782 2322 2838 substantiae
2337 2799 2448 2839 non
2462 2785 2655 2840 divisa:
2680 2785 2737 2842 in
2774 2796 2906 2856 tres,
2941 2792 3194 2860 quamvis
3213 2807 3388 2849 unus-

1811 2873 2046 2943 quisque
2075 2890 2172 2944 per
2206 2891 2264 2930 se
2319 2877 2675 2946 nominetur;
2705 2894 2810 2936 nec
2843 2883 3176 2950 extensa-in
3199 2885 3388 2941 multi-

1814 2965 2086 3032 tudinem,
2109 2983 2234 3022 cum
2261 2977 2374 3026 tres
2396 2969 2540 3025 inter
2565 2987 2624 3027 se
2651 2973 3029 3029 nominantur;

1879 3098 2022 3154 XIX.
2058 3099 2238 3168 Quare
2257 3104 2545 3160 veritatem
2571 3104 2854 3176 depravat,
2882 3107 2977 3178 qui
3001 3117 3114 3166 tres
3141 3125 3243 3181 pro
3271 3127 3388 3167 uno

1807 3190 1942 3246 deos
1973 3206 2098 3248 esse
2133 3195 2431 3264 opinatur:
2459 3197 2722 3267 opinatur
2763 3208 2948 3256 autem
2985 3201 3140 3266 deos,
3165 3204 3260 3275 qui
3286 3205 3388 3277 hy-

1807 3293 2077 3352 postases,
2098 3295 2342 3342 naturas-
2360 3290 2630 3358 speciales
2655 3291 2771 3347 sive
2801 3294 3170 3362 particulares
3200 3292 3382 3354 vocat.

1807 3373 1898 3426 Sic
1927 3375 2078 3429 enim
2127 3384 2342 3432 natura:
2385 3382 2662 3450 speciales
2711 3394 2937 3453 essent;
3003 3387 3148 3444 Deus
3195 3399 3382 3447 autem

1807 3475 2002 3518 natura
2031 3474 2138 3528 est,
2177 3482 2316 3522 cum.
2358 3459 2498 3525 dicit
2546 3472 2859 3543 Propheta:
2926 3475 3067 3534 Deus
3119 3489 3298 3535 noster
3325 3483 3381 3536 in

1806 3553 1953 3619 celo,
1981 3565 2030 3609 et
2059 3557 2116 3610 in
2141 3565 2284 3612 terra
2316 3559 2394 3626 “;
2427 3569 2478 3614 et
2499 3575 2838 3634 cognoscant,
2874 3570 3015 3639 quod
3047 3579 3102 3625 tu
3123 3572 3380 3629 Dominus

1804 3644 1948 3699 Deus
1975 3646 2117 3701 solus
2148 3648 2216 3702 ‘°.
2248 3650 2326 3706 De
2351 3665 2480 3721 quo
2506 3667 2641 3724 ergo
2676 3657 2845 3711 trium
2873 3659 3052 3715 dicit?
3079 3678 3190 3718 non
3227 3643 3380 3720 enim

1805 3737 1992 3807 posuit
2017 3740 2390 3806 multitudinis
2413 3743 2878 3815 significationem
2897 3769 2912 3817 ;
2930 3762 3146 3810 natura:
3190 3766 3377 3813 autem

1805 3832 2076 3901 speciales
2117 3835 2533 3894 multitudinem
2591 3841 2917 3898 ostendunt.
2977 3844 3074 3900 Sin
3127 3863 3262 3904 vero
3309 3851 3378 3906 de

1803 3923 1990 3980 divina
2028 3925 2359 3992 substantia,
2382 3931 2544 3986 unica
2569 3940 2625 3987 et
2645 3932 2882 4004 simplici
2905 3949 3090 3991 sermo
3126 3939 3216 4005 sit,
3235 3941 3380 3998 hanc

1802 4025 1988 4072 autem
2023 4032 2193 4076 unum
2221 4021 2394 4076 Deum
2421 4022 2622 4080 divinat
2667 4025 2968 4097 Scriptura:
3020 4041 3242 4101 vocant,
3269 4036 3375 4091 etsi

1803 4115 1914 4162 tres
1941 4108 2109 4164 habet
2131 4112 2536 4181 proprietates:
2575 4132 2685 4171 una
2714 4118 2906 4189 utique
2929 4129 3130 4178 natura
3154 4132 3209 4179 et
3239 4126 3376 4182 sub-

1800 4198 2001 4253 stantia
2029 4199 2332 4257 divinitatis
2360 4213 2464 4259 est.
2497 4204 2554 4260 Si
2580 4197 2766 4263 autem
2790 4225 2900 4265 una
2921 4220 3027 4276 est,
3054 4228 3219 4270 nemo
3243 4216 3375 4271 sub-

1801 4289 2034 4346 stantias
2055 4293 2417 4361 particulares
2447 4296 2614 4368 dicat,
2643 4301 2694 4354 si
2718 4301 2919 4373 refugit
2965 4304 3196 4362 deorum
3227 4309 3376 4363 mul—

121 4367 415 4423 similiter:
449 4369 725 4439 siquidem
755 4371 1033 4426 confessio
1055 4382 1112 4428 et
1126 4367 1348 4444 negatio
1365 4383 1697 4446 antegressae
1728 4399 1772 4454 ο
1801 4379 2098 4436 titudinem
2173 4386 2483 4464 nominare.
2565 4367 3011 4450 Demonstratum
3061 4399 3211 4454 eriim
3262 4412 3367 4467 est,

119 4460 182 4513 in
213 4457 534 4514 hominibus
552 4469 710 4528 sunt;
746 4471 1044 4533 sequentes
1072 4479 1207 4520 vero
1236 4466 1293 4519 in
1333 4465 1616 4521 Salvatore
1638 4474 1696 4522 et

117 4552 334 4621 angelis
377 4553 603 4609 sanctis.
637 4553 1005 4621 Quamobrem
1062 4557 1298 4627 quisque
1350 4572 1410 4613 se
1457 4557 1691 4626 muniat,

117 4649 380 4696 metuens
406 4643 714 4711 periculum
739 4645 1100 4714 impendens;
1132 4654 1192 4700 et
1221 4663 1442 4703 omnem
1484 4658 1692 4704 metum

116 4731 446 4796 humanum,
473 4742 530 4788 et
558 4749 778 4788 omnem
810 4737 1039 4805 gratiam
1065 4733 1538 4804 hominis,’instar
1563 4741 1694 4810 pul-

113 4819 289 4886 veris,
330 4824 574 4879 exeutiat
611 4840 680 4879 ex
709 4826 826 4880 suis
881 4827 1340 4898 cogitationibus:
1374 4829 1530 4884 illum
1571 4827 1690 4887 tan-

116 4921 239 4967 tum
268 4922 496 4979 metuat,
530 4918 620 4986 qui
637 4925 804 4986 potest
837 4919 1150 4982 animamet
1177 4933 1366 4990 corpus
1393 4921 1610 4990 perdere
1633 4923 1691 4976 in

113 5003 357 5073 gehenna
381 5005 448 5070 δι,
478 5005 788 5075 habeatque
814 5022 1162 5076 persuasum,
1214 5008 1362 5078 quod
1407 5009 1688 5080 dispersit,

112 5101 174 5146 et
201 5092 462 5164 disperget
484 5093 738 5160 Dominus
757 5111 875 5150 ossa
903 5093 1106 5164 eorum,
1143 5100 1232 5170 qui
1260 5097 1550 5172 hominibus
1569 5101 1689 5170 pla-

111 5193 233 5238 cent
263 5185 328 5238 δ’.
352 5184 565 5246 idcirco
589 5185 646 5239 in
672 5187 843 5241 solam
869 5188 1099 5258 gloriam
1123 5190 1236 5266 Dei.
1267 5187 1582 5258 intuemur;
1631 5203 1692 5254 et

120 5279 294 5336 solum
329 5277 568 5333 Verbum
621 5278 864 5348 judicem
895 5290 1299 5352 exspectamus.
1319 5267 1489 5350 “Quid
1519 5285 1688 5353 enim,

186 5455 230 5486 "
269 5457 458 5511 Matth.
489 5451 632 5523 sxw,
666 5459 751 5517 51.
799 5461 844 5492 ⁸⁸
886 5460 1044 5517 Joan.
1085 5477 1138 5526 ν,
1180 5463 1268 5517 it.
1349 5463 1394 5495 ³⁹
1420 5462 1531 5519 Jer.
1564 5466 1970 5534 xv,i;Ezech.
2007 5487 2152 5538 nui,
2207 5475 2304 5538 {8;
2379 5477 2541 5533 Zach.
2597 5497 2669 5545 χι,
2711 5483 2763 5539 8.

189 5526 326 5604 ibid.
362 5528 450 5582 28.
534 5529 590 5600 "_
621 5529 762 5585 Psal.
796 5546 886 5597 ur,
929 5532 982 5586 6.
1090 5533 1134 5566 ⁸³
1160 5533 1351 5590 Matth.
1382 5551 1493 5603 xw,
1522 5535 1613 5604 26,
1643 5537 1734 5594 27.
1845 5539 1888 5572 “
1927 5541 2128 5604 Ephes.
2194 5562 2264 5604 vi.
2307 5547 2358 5602 ϐ.
2476 5551 2518 5581 ⁸⁸
2551 5551 2692 5604 Psal.
2746 5570 2763 5604 ‹

105 5523 154 5559 ⁸³
189 5526 326 5580 ibid.
362 5528 450 5582 28.

107 5610 223 5663 vni,
261 5597 339 5653 i9.

305 5691 579 5756 ΡΑι-ιιοι..
619 5691 737 5758 (in.
770 5695 1122 5763 LXXXIX.

534 5529 590 5600 δ’,
621 5529 762 5585 Psal.
796 5546 886 5597 ur,
929 5532 982 5586 6.

1685 5691 1692 5697 ν
1710 5688 1742 5697 ν..

1798 4473 2138 4544 prineipium
2177 4491 2302 4532 esse
2325 4480 2700 4538 multitudinis
2719 4484 2974 4554 deorum,
3005 4491 3372 4558 particulares

1794 4570 2020 4617 naturas
2034 4565 2352 4629 nominare:
2385 4579 2442 4626 et
2462 4571 2722 4629 esistimo
2741 4575 2955 4632 nullum
2976 4594 3198 4652 quoque
3229 4583 3370 4640 adeo

1794 4652 2031 4710 nudasse
2055 4667 2241 4728 caput,
2272 4659 2328 4715 id
2353 4671 2460 4726 est,
2491 4679 2558 4719 eo
2611 4666 2967 4736 impudentia:
3011 4675 3367 4741 processisse,

1793 4751 1854 4797 ut
1875 4743 2012 4800 deos
2029 4762 2264 4806 numero
2299 4753 2670 4812 multitudinis
2683 4759 2966 4827 nominet;
2995 4761 3101 4816 etsi
3123 4778 3192 4818 ex
3220 4778 3370 4821 sum-

1793 4834 2077 4904 ptionihus
2091 4855 2283 4898 eorum
2299 4849 2614 4904 necessario
2625 4850 3137 4918 concluditur,deos
3157 4855 3367 4916 dicere.

1795 4926 1843 4980 si
1873 4939 2118 4986 sanctam
2147 4933 2475 4993 Trinitatem
2504 4951 2733 4998 naturas
2758 4945 3026 5014 Speciales
3060 4947 3366 5006 nominant:

1794 5017 1848 5071 id
1863 5021 2018 5111 quod
2055 5037 2085 5076 a
2119 5025 2283 5092 nobis
2315 5028 2475 5097 plane
2505 5020 2945 5106 demonstratum
2964 5047 3070 5104 est,
3092 5055 3216 5095 cum
3242 5057 3366 5111 pro-

1791 5109 1914 5176 prio
1945 5109 2068 5166 loco
2108 5123 2300 5169 contra
2331 5133 2430 5173 eos
2481 5121 2577 5190 qui
2606 5131 2719 5179 tres
2760 5125 3102 5184 substantias
3152 5109 3366 5195 dicunt,

1789 5200 2135 5270 scripsimus,
2154 5219 2282 5260 cum
2307 5223 2485 5280 nuper
2507 5211 2578 5267 de
2596 5214 2700 5270 hac
2722 5217 3026 5286 quaestione
3061 5222 3236 5290 posita
3253 5223 3369 5277 dis-

1790 5299 2109 5361 ceptaretur
2147 5311 2162 5348 :
2199 5305 2256 5350 et
2281 5296 2517 5356 fortasse
2555 5303 2649 5374 qui
2682 5303 2778 5359 illa
2815 5317 3046 5379 qureret,
3089 5313 3362 5382 reperiet:

2867 5482 2912 5516 “
2957 5487 3146 5544 Matth.
3173 5507 3229 5556 ι,
3275 5489 3365 5546 3'2.

1845 5539 1888 5572 “
1927 5541 2128 5613 Ephes.
2194 5562 2264 5613 vr,
2307 5547 2358 5602 ϐ.
2476 5551 2518 5581 ⁸⁸
2551 5539 2692 5608 Psal.
2746 5570 2873 5620 exn,
2912 5539 3365 5622 5,7é.w‘°ﬂTdb;

1771 5686 1868 5697 vnu—

2841 5720 2916 5780 lt‘z
3367 5731 3388 5774 i1
