4026 6308
562 227 701 292 1323
1683 220 1742 278 S.
1785 213 2186 277 ANASTASII
2225 211 2702 273 ANTIOCHENI
3694 207 3862 275 1324

562 351 770 397 etcum
803 340 1093 409 repererit,
1149 326 1357 392 certius
1389 342 1709 405 cognoscet,
1763 331 2046 402 quomodo
2089 328 2144 384 in
2176 334 2220 389 Α
2251 327 2454 381 rum".
2511 327 2752 398 Digitum
2811 334 2995 381 autem
3035 325 3131 382 Dei
3179 325 3366 382 vocari
3394 325 3670 397 Spiritum
3691 317 3858 383 Ean-

566 431 674 486 illis
730 438 921 483 contra
957 429 1104 482 illam
1173 437 1302 481 tunc
1357 423 1606 480 haeresim
1659 432 1836 477 ortam
1885 420 2137 493 disputa-
2240 429 2379 486 tum,
2435 420 2762 491 etaMoyse
2808 428 2865 475 et
2910 427 2980 475 ab
3041 421 3164 489 ipso
3206 419 3434 477 Christo
3487 420 3854 494 didicimus:

565 524 763 577 vimus.
1825 496 1831 503 ’
1975 549 1978 552 -
2240 512 2453 583 Moyses
2512 513 2662 566 enim
2721 511 2882 577 dixit,
2935 510 3173 582 Scripta:
3223 529 3334 570 esse
3407 511 3623 567 tabulas
3667 513 3856 584 digito

634 613 752 668 XX.
791 613 1035 667 Dicimus
1076 621 1344 681 praeterea
1395 607 1583 663 omnia
1615 622 1714 678 per
1761 606 1962 678 ipsum.
1995 604 2139 659 facta
2240 603 2338 658 Dei
2369 605 2436 660 ".
2473 603 2730 659 Christus
2760 613 2946 658 autem
2971 605 3114 659 dixit
3137 605 3367 671 Iudaeis,
3421 606 3520 674 qui
3550 607 3858 675 expulsio-

566 720 707 767 csse,
736 713 792 758 et
814 704 868 757 in
907 703 1024 772 ipso
1054 701 1238 754 omnia
1262 701 1568 754 consistere
1599 707 1862 768 tanquam
1891 697 1946 750 in
1981 709 2140 749 crea-
2241 710 2366 750 nem
2394 696 2794 750 daemoniorum
2822 696 3132 751 Beelzebub
3164 697 3569 763 ‘lattribuebant
3603 716 3617 752 :
3649 697 3714 752 Si
3746 714 3855 768 ego

570 807 686 851 tore
713 803 770 850 et
799 792 1190 848 concreatorei
1223 810 1237 845 :
1272 790 1461 846 Omnia
1514 793 1652 844 enim
1678 804 1999 866 quaecunque
2051 803 2142 842 vo-
2242 789 2298 841 in
2332 789 2496 860 digito
2523 788 2621 842 Dei
2649 776 2917 844 daemonia
2947 791 3100 860 ejicio
3127 790 3206 855 “;
3238 791 3388 858 quod
3419 790 3724 845 Mattheus
3749 790 3854 844 di-

567 884 683 947 luit,
710 873 828 953 feoit
858 883 926 933 ".
956 881 1012 935 Si
1042 881 1189 935 enim
1223 891 1280 936 et
1321 881 1427 935 hoc
1459 880 1714 934 nonnulli
1743 880 2042 951 opinantur
2074 879 2146 933 de'
2243 879 2358 934 xit:
2407 878 2464 934 Si
2479 882 2535 934 in
2562 879 2767 951 Spiritu
2785 881 2972 936 Dei‘“.
3002 881 3172 936 Recte
3187 875 3360 952 igitur
3384 882 3854 952 interpretamur

565 977 724 1030 Patre
763 973 973 1028 dictum
1031 988 1154 1029 esse
1184 990 1196 1027 :
1249 972 1369 1046 Ipse
1398 973 1550 1038 dixit,
1581 981 1630 1025 et
1667 973 1810 1043 facta
1854 981 2008 1036 sunt;
2035 972 2144 1041 ipse
2245 967 2433 1027 'manus
2462 971 2560 1027 Dei
2595 982 2654 1029 et
2683 973 2916 1044 digitosl
2952 975 3068 1040 eius
3097 974 3301 1029 Filium
3325 976 3447 1046 ejus
3475 984 3534 1030 et
3560 975 3850 1045 Spiritum

565 1070 858 1132 mandavit,
888 1078 936 1121 et
958 1077 1140 1120 creata
1167 1074 1292 1120 sunt
1317 1067 1399 1132 ης
1435 1073 1491 1120 at
1519 1063 1736 1130 Omnia,
1767 1063 1966 1134 inquit,
1995 1077 2142 1133 quw-
2245 1071 2522 1131 sanctum,
2552 1066 2648 1134 qui
2675 1065 2731 1120 in
2761 1065 3128 1121 fabricatione
3151 1066 3345 1121 mundi
3376 1068 3688 1138 cooperarii
3716 1068 3852 1137 ejus

561 1177 767 1231 cunque
796 1160 934 1214 videt
965 1157 1132 1212 Filius
1161 1157 1379 1211 Patrem
1408 1156 1603 1226 facere,
1653 1158 1761 1210 haec
1800 1162 1851 1209 et
1877 1153 2044 1208 Filius
2074 1155 2146 1207 si—
2245 1153 2491 1210 fuerunt.
2528 1157 2597 1211 Et
2625 1157 2821 1213 beatus
2862 1157 2968 1213 Job
2993 1157 3139 1213 idem
3201 1158 3464 1214 similiter
3512 1159 3798 1216 conﬁtens
3828 1179 3846 1213 :

563 1252 761 1306 militer
795 1251 921 1321 facit
951 1250 1019 1316 ‘9,
1059 1259 1114 1303 ct
1141 1265 1272 1316 non,
1307 1248 1438 1302 talia
1465 1249 1523 1314 ll;
1555 1247 1662 1303 hoc
1693 1246 1841 1302 enim
1877 1256 1963 1302 est
1999 1248 2146 1316 ejus-
2245 1245 2438 1302 Manus
2461 1257 2583 1313 tuae,
2603 1235 3055 1319 inquit,‘]ecerunt
3075 1267 3156 1304 me
3177 1260 3226 1305 et
3242 1251 3646 1322 plasmaverunt
3667 1254 3844 1307 me".

561 1344 684 1397 dem
711 1341 1035 1398 substantiae
1072 1341 1344 1411 operatio.
1376 1339 1467 1394 Ait
1495 1338 1664 1410 igitur
1691 1338 1992 1393 Dominus:
2025 1336 2148 1407 Ipse
2249 1339 2316 1394 Et
2357 1340 2562 1394 iterum
2627 1341 2802 1416 David
2866 1343 3280 1412 providentiam
3341 1343 3441 1398 Dei
3503 1359 3801 1415 exponens
3825 1363 3843 1400 :

561 1437 707 1502 mihi,
741 1435 955 1496 scilicet
979 1433 1164 1498 Pater,
1218 1431 1530 1485 mandatum
1582 1430 1724 1484 dedit
1755 1428 1824 1495 '°,
1873 1445 1981 1483 non
2022 1437 2146 1482 tan-
2247 1430 2465 1496 Anima,
2490 1431 2693 1502 inquit,
2746 1449 2863 1486 mea
2889 1435 2943 1488 in
2986 1435 3230 1489 manibus
3283 1437 3388 1489 tuis
3433 1447 3474 1475 ω
3527 1453 3743 1507 semper
3772 1437 3843 1492 ⁸³.

559 1546 725 1601 quam
756 1543 916 1583 servo
943 1526 1215 1597 subjecto,
1245 1523 1340 1578 sed
1397 1533 1658 1594 tanquam
1704 1521 1951 1593 ejusdem
1989 1530 2149 1576 natu-
2248 1524 2408 1590 Quod
2439 1541 2571 1580 vero
2599 1526 2774 1596 magis
2803 1527 2911 1581 hoc
2935 1525 3252 1592 conﬁrmat,
3282 1527 3400 1597 ipse
3437 1543 3542 1597 per
3593 1527 3842 1597 propheu

560 1639 655 1686 rae,
685 1630 742 1676 et
770 1621 934 1676 simul
968 1619 1100 1672 Deo.
1135 1617 1286 1672 ldem
1307 1615 1374 1670 de
1398 1615 1608 1685 Spiritu
1631 1623 1824 1669 sancto
1853 1614 2144 1668 sentimus:
2181 1672 2218 1689 ﬁ
2251 1613 2360 1670 tam
2393 1617 2626 1672 clamat:
2662 1616 2874 1672 Manus
2906 1635 3025 1672 mea
3069 1615 3310 1689 fundavit
3364 1628 3608 1674 terram:
3637 1630 3686 1673 et
3712 1620 3844 1673 dex-

559 1716 700 1772 nihil
721 1714 868 1770 enim
897 1726 1122 1768 servum
1147 1717 1247 1769 est.
1277 1709 1332 1762 in
1382 1718 1571 1763 sancta
1617 1707 1925 1773 Trinitate;
1979 1707 2148 1778 igitur
2181 1672 2220 1729 Β
2249 1713 2365 1759 tera
2385 1722 2501 1759 mea
2525 1705 2763 1773 ﬁrmavit
2786 1705 2973 1761 caelum
2997 1672 3152 1760 “.'Et
3180 1723 3376 1762 rursus
3395 1708 3710 1762 ostendens
3731 1725 3797 1763 ea
3825 1725 3841 1762 :

558 1823 740 1879 neque
776 1814 1068 1862 creatum:
1125 1801 1307 1856 omnis
1355 1802 1502 1855 enim
1552 1809 1811 1855 creatura
1869 1801 2024 1855 Serva
2063 1807 2148 1853 est
2246 1796 2389 1862 Ηωε,
2421 1791 2622 1866 inquit,
2672 1800 2850 1851 omnia
2875 1797 3008 1868 fecit
3061 1786 3253 1852 manus
3277 1802 3428 1860 me'a;
3472 1807 3524 1852 et
3559 1807 3690 1853 sunt
3719 1815 3839 1852 mea

560 1898 826 1956 creatoris
856 1897 975 1961 sui;
1020 1909 1124 1948 nec
1145 1892 1426 1956 alienum;
1453 1890 1695 1945 alienum
1726 1891 1877 1945 enim
1916 1905 2029 1943 non
2065 1889 2148 1944 est
2247 1890 2356 1944 ha’c
2379 1891 2560 1943 omnia
2587 1891 2652 1944 ⁸⁸.
2675 1888 2748 1945 "Si
2782 1897 2968 1944 autem
2999 1891 3188 1945 omnia
3223 1891 3362 1946 fecit
3388 1906 3491 1960 per
3523 1891 3758 1958 Filium,
3787 1891 3842 1945 id

561 2003 891 2052 concreans,
921 1999 1030 2039 non
1066 1982 1409 2038 adorandum
1438 2023 1451 2046 ,
1482 1997 1590 2035 non
1621 1982 1828 2044 lumen,
1862 1997 1972 2035 non
2003 1981 2143 2046 vita;
2247 1985 2352 2043 est,
2380 1992 2482 2048 per
2517 1976 2767 2033 Verbum
2791 1979 2940 2048 quod
2967 1987 3090 2034 erat
3113 1981 3172 2034 in
3201 1981 3503 2051 principio,
3541 1981 3603 2036 id
3637 1991 3751 2045 est,
3779 1982 3838 2036 in

560 2093 616 2139 et
639 2080 856 2152 i-eliqua
895 2079 965 2134 de
994 2079 1134 2141 Deo,
1167 2084 1228 2132 ut
1245 2091 1372 2130 eum
1403 2076 1643 2136 decent,
1672 2075 1956 2152 dicuntur.
1992 2073 2150 2128 Sicut
2247 2067 2440 2152 Patre;
2475 2077 2530 2124 et
2555 2070 2702 2140 apud
2731 2070 2903 2126 Deum
2932 2071 3198 2142 Spiritus,
3223 2082 3280 2128 et
3312 2089 3514 2129 manus
3542 2075 3672 2143 ejus
3705 2073 3843 2129 fecit

561 2173 709 2230 enim
743 2149 1014 2229 Dater‘est
1042 2171 1230 2225 lumen
1252 2176 1308 2222 et
1339 2169 1474 2230 vita,
1507 2169 1588 2222 sic
1607 2175 1663 2224 et
1701 2151 1899 2230 Filius,
1931 2178 1987 2222 et
2026 2166 2149 2238 Spi-
2248 2149 2458 2226 omnia,
2485 2169 2542 2216 et
2572 2162 2731 2233 digiti
2766 2165 2887 2235 ejus
2914 2165 3154 2230 caelum;
3211 2165 3482 2231 arbitror.
3540 2166 3689 2221 nihil
3751 2181 3843 2220 Pe-

567 2269 705 2324 ritus
739 2276 964 2321 sanctus
985 2273 998 2318 :'
1022 2273 1079 2318 et
1094 2265 1212 2319 haec
1237 2263 1461 2316 nomina
1491 2275 1589 2330 per
1618 2269 1784 2316 totam
1803 2261 2146 2331 Scripturam
2247 2255 2398 2310 ferre
2433 2268 2637 2310 vocare
2668 2255 2892 2322 Filium,
2925 2257 3011 2312 vel
3041 2250 3336 2327 Spiritum,
3369 2274 3440 2312 an
3477 2257 3672 2314 dicere
3723 2274 3842 2312 ma-

564 2368 810 2416 sanctam
862 2359 1204 2428 reperimus,
1259 2355 1562 2425 aliquando
1615 2353 1840 2424 quidem
1898 2364 2147 2408 sanctam
2246 2363 2376 2413 nus,
2413 2347 2715 2417 etdigi—tos,
2741 2355 2797 2403 et
2820 2347 3072 2413 brachia,
3106 2359 3163 2404 et
3194 2366 3571 2420 quaecunque,
3617 2352 3663 2405 si
3694 2366 3838 2405 con-

566 2450 892 2505 'l'rinitatem
918 2447 1289 2504 communiter
1321 2444 1638 2510 declarare;
1676 2443 1970 2515 aliquando
2013 2459 2147 2499 vero
2247 2440 2775 2528 substa‘ntialitatem
2809 2449 2865 2495 et
2889 2442 3271 2510 'operatoriam
3313 2443 3425 2497 vim
3459 2451 3518 2498 ct
3548 2445 3837 2515 energiam

568 2560 732 2599 unam
771 2557 1068 2615 personam
1096 2538 1436 2612 specialiter.
1913 2571 1920 2576 -
2247 2529 2366 2604 p’er‘
2413 2533 2862 2603 conjunctionem
2895 2534 3296 2598 membrorum,
3347 2550 3472 2606 qum
3525 2537 3836 2608 symbolice

633 2633 778 2687 XXI.
813 2633 981 2687 Multa
1002 2630 1173 2702 igitur
1196 2629 1565 2700 intelligentia
1597 2641 1736 2697 Opus
1760 2636 1845 2682 est
1888 2626 2049 2684 nobis
2079 2625 2145 2680 ad
2246 2623 2630 2690 nominantur,
2655 2626 2976 2680 declarant:
3011 2626 3291 2696 siquidem
3344 2627 3728 2698 incorporeus
3750 2637 3835 2683 est

568 2725 1010 2796 cognoscendam
1044 2720 1440 2785 differentiam,
1491 2735 1559 2773 ne
1601 2720 1932 2773 frustremur
1962 2718 2147 2772 dubiis
2246 2715 2413 2781 Deus,
2436 2724 2493 2771 et
2520 2715 2676 2771 n'efas
2704 2723 2790 2771 est
2819 2724 3018 2787 putare
3047 2733 3174 2773 eum
3204 2715 3477 2776 membris
3531 2721 3642 2788 uti,
3679 2735 3839 2777 more

569 2814 996 2887 cogitationibus
1026 2821 1262 2867 utentes.
1295 2810 1433 2866 Cum
1470 2812 1616 2864 enim
1653 2811 1802 2865 canit
1846 2810 2016 2865 itavid
2065 2811 2148 2864 in-
2246 2801 2462 2866 nostro.

570 2905 891 2981 quienszfn
916 2905 1113 2959 lumine
1137 2912 1226 2956 tuo
1258 2902 1542 2957 vibebimus
1577 2901 1753 2962 tamen
1787 2903 1854 2965 ⁸¹,
1901 2911 2146 2955 sanctam
2317 2897 2482 2957 XXII.
2526 2893 2694 2970 Quod
2732 2899 2778 2958 si
2810 2901 3452 2981 consubstantialitatem
3487 2907 3609 2962 haec
3659 2906 3841 2962 decla-

571 2973 900 3058 'l"rinitatem
926 2996 1179 3068 profecto
1199 2993 1498 3066 signiﬁcat:
1539 2993 1643 3048 tria
1677 3009 1917 3063 namque
1936 2993 2149 3048 lumina
2175 3017 2220 3076 ο
2254 3003 2400 3060 rant,
2457 2997 2603 3050 sicut
2645 3007 2846 3050 manus
2881 3005 2937 3050 ct
2988 2996 3143 3066 digiti
3177 2973 3426 3067 ejusdem
3458 3009 3675 3054 natura:
3699 3002 3840 3055 inter

575 3094 848 3166 signiﬁcat
876 3091 1180 3161 Propheta;
1222 3103 1393 3144 unum
1423 3087 1515 3144 cui
1570 3101 1763 3157 preces
1816 3087 2143 3152 adhibebat,
2256 3101 2315 3141 se
2361 3095 2416 3139 et
2458 3101 2584 3140 cum
2631 3100 2867 3156 corpore
2921 3089 3370 3159 suntzundique
3396 3090 3837 3147 demonstratum

576 3185 668 3239 hic
694 3191 779 3239 est
800 3182 993 3243 Pater;
1031 3187 1088 3234 et
1114 3179 1304 3232 lumen
1331 3177 1452 3246 ejus
1487 3175 1804 3241 Filium;et
1855 3175 1910 3230 in
1942 3175 2154 3233 lumine
2254 3182 2339 3230 est
2379 3187 2549 3229 unam
2598 3190 2720 3248 esse
2783 3185 2839 3231 et
2875 3176 3224 3234 individuam
3267 3180 3514 3234 divinam
3559 3193 3835 3246 naturam,

574 3279 762 3330 lumen
824 3271 1093 3342 Spiritum
1150 3278 1614 3334 sanctumzlcum
1650 3282 1782 3321 vero
1831 3268 2152 3340 subjungit:
2255 3283 2366 3321 non
2419 3269 2651 3322 scissam
2686 3268 2741 3322 in
2793 3269 3042 3324 diversas
3082 3279 3332 3336 naturas,
3385 3273 3695 3328 secundum
3746 3290 3839 3329 eos

531 3369 542 3375 “
579 3364 814 3422 Extende
868 3360 1290 3418 misericordiam
1350 3368 1501 3414 tuam
1543 3360 1971 3430 cognoscentibus
2004 3369 2052 3414 te
2077 3363 2153 3428 δίς
2255 3357 2352 3425 qui
2401 3357 2590 3413 dicere
2621 3357 2849 3422 audent,
2883 3359 3057 3413 Deum
3091 3359 3421 3428 increatum,
3460 3375 3518 3418 et
3549 3375 3834 3429 creatum;

578 3459 780 3518 Filium
810 3466 972 3514 vocat
997 3453 1458 3516 misericordiam,
1483 3452 1898 3522 siquidemipse
1919 3460 2006 3508 est
2029 3469 2158 3524 pro-
2256 3463 2438 3517 neque
2488 3449 2752 3518 partitam
2795 3450 2852 3503 in
2893 3465 2973 3517 se,
3009 3451 3319 3506 secundum
3351 3454 3610 3510 haeresim
3647 3473 3836 3511 recen-

580 3549 826 3622 pitiatio:
860 3563 1056 3610 rursus
1073 3546 1286 3614 dicitur
1309 3546 1552 3616 Spiritus
1577 3555 1801 3600 sanctus
1822 3546 2154 3611 ἰδιαζόντως,
2260 3549 2392 3606 tem,
2438 3540 2494 3594 in
2546 3549 2736 3610 partes
2780 3557 2918 3622 quas
2958 3542 3064 3614 ipsi
3095 3553 3301 3599 vocant
3347 3547 3694 3604 substantias
3719 3565 3838 3619 spe-

580 3643 634 3704 id
662 3651 764 3706 est,
790 3651 852 3698 ut
881 3642 955 3696 ita
982 3639 1165 3696 dicam
1183 3639 1539 3709 appropriate
1568 3638 1780 3702 lumen,
1811 3645 1873 3693 ut
1899 3652 2028 3696 cum
2045 3637 2153 3692 ait:
2257 3632 2429 3688 ciales
2461 3634 2590 3689 sive
2631 3635 3033 3703 particulares;
3077 3652 3260 3708 neque
3309 3639 3560 3710 priorem
3606 3656 3666 3696 se
3699 3643 3833 3712 ipsa,

579 3736 824 3798 Domine,
842 3735 902 3789 in
941 3732 1141 3790 lumine
1167 3731 1342 3788 vultus
1369 3731 1448 3786 tui
1479 3730 1827 3786 amba-tabum
1850 3730 1922 3794 ⁸³;
1969 3731 2158 3786 lumen
2257 3725 2347 3779 vel
2396 3725 2796 3795 posteriorem:
2823 3728 3102 3796 quomodo
3140 3730 3290 3784 enim
3328 3731 3478 3800 quod
3513 3741 3600 3786 est
3631 3747 3688 3786 se
3721 3733 3836 3802 ipso

578 3827 730 3886 enim
755 3834 884 3882 ante
913 3825 1110 3883 faciem
1153 3823 1254 3880 Dei
1287 3822 1530 3893 Spiritus
1551 3831 1790 3894 “sanctus
1830 3828 1951 3887 est;
1985 3820 2158 3889 siqui-
2258 3816 2421 3886 prius
2459 3825 2516 3871 et
2548 3816 2848 3886 posterius,
2893 3818 3041 3873 Deus
3077 3835 3201 3874 esse
3237 3822 3452 3892 potest?
3502 3822 3661 3879 Sicut
3687 3826 3834 3878 enim

577 3924 706 3983 dem
753 3921 923 3978 facies
972 3919 1068 3976 Dei
1119 3925 1206 3974 est
1243 3915 1599 3986 lJnigenitus,
1625 3916 1788 3985 cujus
1850 3914 2040 3972 lumen
2070 3922 2160 3970 est
2261 3920 2432 3960 unum
2465 3915 2524 3961 ει
2567 3905 2713 3960 idem
2741 3921 2944 3976 corpus
2966 3910 3142 3972 δεηίιισ
3170 3909 3540 3979 ειὲιηοηίιειιε
3572 3913 3688 3968 dici
3720 3929 3827 3968 non

578 4012 823 4083 Spiritus
849 4017 1095 4072 sanctus,
1129 4006 1226 4076 qui
1255 4015 1347 4059 est
1379 4004 1596 4060 sanctis
1643 4003 1755 4058 dux
1798 4003 1920 4069 vim,
1953 4003 2007 4063 in
2042 4018 2156 4072 quo
2259 4005 2471 4067 potest;
2503 3997 2604 4062 ,sic
2635 4012 2779 4064 unus
2814 3999 2962 4058 Deus
2992 4000 3089 4068 qui
3124 3999 3184 4053 in
3217 4001 3400 4058 tribus
3441 4004 3700 4072 personis
3728 4014 3831 4070 est,

581 4103 799 4174 Spiritu
849 4099 1168 4162 ambulant,
1223 4096 1369 4156 sicut
1418 4095 1684 4165 scriptum
1735 4104 1824 4164 est
1870 4111 1884 4147 :
1927 4094 2154 4150 Dmen—
2262 4102 2482 4158 semper
2509 4088 2992 4148 secundumidem
3025 4099 3083 4144 et
3116 4091 3314 4150 eodem
3347 4093 3512 4150 modo
3550 4111 3614 4149 se
3645 4095 3830 4160 habet,

574 4194 659 4248 dit
696 4191 928 4263 Spiritus
967 4209 1000 4245 a
1025 4189 1278 4254 Domino,
1310 4197 1360 4246 et
1391 4204 1576 4243 eorum
1629 4188 1814 4242 ductor
1858 4187 1958 4256 fuit
1990 4188 2068 4252 ³”;
2100 4193 2159 4240 et
2259 4193 2614 4248 nequaquam
2663 4187 2913 4249 tempore
2961 4196 3088 4236 cum
3134 4182 3462 4240 exsistentia
3513 4186 3638 4255 ejus
3674 4186 3831 4240 simul

579 4287 819 4341 iterum:
857 4283 1086 4354 Spiritus
1109 4292 1234 4336 tuus
1263 4281 1430 4336 bonus
1454 4280 1640 4334 ductor
1657 4295 1808 4334 meus
1837 4281 1936 4332 erit
1962 4278 2157 4334 ".De-
2255 4270 2542 4340 cogitato;
2598 4282 2822 4341 sumpto
2866 4281 3056 4328 autem
3087 4276 3346 4345 exemplo
3391 4291 3457 4331 ex
3496 4279 3831 4347 proprietate

581 4380 917 4431 monstratur
968 4378 1151 4430 autem
1200 4367 1748 4424 consubstantialitas
1799 4381 1899 4435 per
1934 4365 2165 4434 copula-
2199 4363 2238 4418 D
2265 4362 2539 4430 corporis,
2571 4363 2979 4424 connexionem
3031 4375 3061 4402 ιι
3091 4375 3341 4426 mutuam
3368 4367 3684 4424 divinarum
3709 4385 3832 4439 per.

582 4466 794 4528 tionem
853 4462 1018 4518 simul
1069 4469 1128 4517 et
1177 4455 1672 4530 cooperationem:
1730 4457 1913 4522 Verbo,
1956 4457 2157 4526 inquit,
2263 4470 2529 4512 sonarum
2569 4469 2668 4525 per
2719 4458 3137 4526 proportionem
3187 4459 3593 4521 membrorum,
3629 4471 3700 4516 ἐι
3755 4479 3834 4518 as-

581 4556 797 4612 Domini
818 4553 932 4608 cali
954 4551 1160 4622 ﬁrmati
1190 4559 1336 4615 sunt,
1376 4552 1636 4621 ctapiritu
1691 4550 1798 4604 oris
1829 4549 1943 4619 ejus
1990 4551 2160 4604 omnia
2263 4545 2657 4606 similationem
2708 4547 3246 4616 repraesentavimus.
3283 4549 3376 4605 Sic
3428 4552 3582 4606 enim
3624 4555 3832 4623 spiritu

578 4649 747 4701 rit-tua
796 4660 978 4700 eorum
1004 4643 1072 4698 ³⁸.
1134 4641 1292 4700 Unde
1321 4656 1522 4704 manus
1549 4640 1647 4696 Dei
1681 4647 1845 4694 vocat
1874 4637 2074 4700 Filium
2103 4649 2162 4696 et
2263 4639 2370 4696 eris
2404 4637 2519 4707 ejus
2553 4637 2621 4702 “,
2670 4638 2732 4694 id
2757 4647 2844 4694 est
2886 4639 3008 4705 Dei,
3042 4640 3253 4696 dicitur
3303 4642 3549 4711 Spiritus
3579 4654 3830 4710 sanctm;

563 4738 853 4808 'Spiritum
890 4742 1142 4791 sanctum
1157 4733 1354 4789 beatus
1382 4731 1575 4795 David,
1597 4747 1724 4788 cum
1737 4731 1818 4786 ait
1849 4729 1906 4786 in
1923 4731 2161 4800 psalmo;
2265 4744 2330 4789 os
2367 4739 2554 4786 autem
2611 4739 2697 4788 est
2731 4729 3062 4802 Unigenitus
3090 4750 3104 4787 :
3137 4749 3203 4789 ac
3235 4750 3431 4790 rursus
3479 4735 3724 4805 Spiritus
3771 4754 3833 4792 ex

580 4828 899 4884 ﬂantum:
926 4825 1163 4896 fecerunt
1210 4839 1292 4876 me
1335 4830 1384 4875 et
1436 4820 1839 4893 plasmaverunt
1895 4820 2075 4885 me";
2103 4827 2161 4888 et
2267 4820 2388 4890 ipso
2413 4821 2747 4891 procedens,
2778 4830 2836 4878 et
2870 4824 3077 4879 missus
3105 4826 3429 4881 nan-solum
3455 4843 3487 4880 a
3525 4827 3708 4891 Patre,
3744 4828 3831 4883 sed

581 4935 810 4976 rursus:
849 4916 1058 4981 Videbo,
1085 4916 1286 4984 inquit,
1315 4913 1471 4971 oculos
1499 4929 1666 4980 apera
1713 4913 1998 4984 digitorum
2037 4920 2162 4968 tuo-
2268 4927 2301 4971 ι
2353 4912 2516 4976 Filio,
2569 4913 2715 4968 sicut
2747 4914 2829 4970 ait
2855 4914 2981 4986 ipse
3005 4915 3646 4974 D0m'tntts:Pua¢lattu
3665 4930 3832 4973 autem

658 5081 701 5112 δ’
743 5041 1128 5140 Psalmis-xxiv,
1198 5077 1250 5133 6.
1353 5075 1398 5109 ⁸⁸
1442 5076 1586 5134 Psal.
1635 5092 1849 5133 sxum.
1893 5051 1976 5132 5..
2031 5049 2902 5141 "Joan.v,59.'°Joan..slt,49.
2981 5080 3023 5111 '“
3081 5079 3530 5144 Psai._xxxv,10.
3605 5080 3653 5110 "
3706 5080 3828 5136 ibid.

587 5154 673 5206 Η.
749 5151 796 5185 ⁸³
834 5151 979 5204 Psal.
1059 5165 1310 5214 Lxxxvut,
1360 5147 1447 5219 16.
1496 5145 1570 5219 _“
1617 5146 1722 5201 lsa.
1794 5163 1941 5219 pxni,
1985 5147 2081 5219 j’t.
2157 5146 2202 5177 "
2250 5146 2388 5219 [’sal.
2418 5161 2576 5219 excit,
2606 5145 2692 5219 1A0.
2755 5148 2816 5182 ’⁸⁸
2870 5149 3011 5204 Psal.
3067 5167 3231 5208 xxxii.
3283 5152 3337 5206 6.
3413 5151 3458 5182 "
3491 5147 3830 5219 Psal.cxvtu,

586 5224 674 5278 75.
752 5219 799 5258 ⁵⁸
823 5221 965 5282 Psal.
996 5236 1111 5281 vui,
1153 5221 1210 5280 αις
1284 5221 1333 5260 il“
1360 5217 1534 5274 Exod.
1558 5233 1702 5281 xxxi,
1752 5217 1840 5272 i8.
1895 5219 1964 5251 "°
1984 5215 2216 5288 Luc.xt,
2255 5215 2346 5268 20.
2405 5213 2682 5288 7“Matth.
2717 5219 2918 5283 xn,28.
2995 5219 3158 5276 "Job
3205 5237 3259 5288 ι,
3284 5223 3337 5276 8.
3418 5221 3465 5253 ⁸³
3494 5213 3830 5287 Psal.cxvm,

589 5294 713 5356 109-.
788 5291 834 5324 “
863 5290 968 5348 lsa.
1001 5307 1186 5356 ιινιιι,
1218 5292 1303 5348 13.
1381 5290 1428 5322 ⁸⁸
1449 5290 1554 5348 lsa.
1590 5304 1732 5355 uvt,
1754 5289 1808 5343 2.
1915 5290 1962 5321 ⁸⁸
2001 5287 2142 5346 Psat.

863 5290 968 5348 lsa.
1001 5307 1186 5356 ιινιιι,
1218 5292 1303 5348 13.
1381 5290 1428 5322 ⁸⁸
1449 5290 1554 5348 lsa.
1590 5289 1808 5355 avni.
1915 5290 1962 5321 “
2001 5287 2142 5346 Ριξξι.
2184 5302 2350 5351 xxxu,
2391 5287 2442 5340 6.

1861 5471 1863 5474 .
1905 5429 2143 5487 VARUS
2184 5429 2592 5490 LECTIONES.

671 5577 688 5625 ἰ
735 5573 1193 5649 Creat._ct_con_cr:
1227 5571 1582 5649 δημιουργὸς,
1613 5571 2120 5649 Περ-»δημιουργὸςᾊ
2179 5573 2202 5611 ἰ
2239 5571 2532 5649 Talia_._A_n
2576 5572 2732 5649 alia?
2809 5575 2828 5613 ι
2855 5574 3077 5646 υἱρῖεοσ.
3106 5575 3262 5632 Forte
3285 5575 3504 5649 digitus.
3583 5587 3626 5617 ιιι
3649 5579 3710 5634 In
3735 5595 3831 5632 tuo

586 5646 737 5700 nibus
771 5645 892 5698 tuis.
925 5645 1078 5718 Vulg.
1107 5646 1159 5698 in
1189 5640 1386 5700 manib.
1427 5640 1565 5697 unus.
1598 5640 1720 5700 Alio
1755 5640 1942 5700 scnsuL
2019 5653 2048 5681 ³
2081 5641 2316 5700 Connex.
2355 5642 2703 5716 ἀλληλουχία.
