4026 6308
276 5771 306 5783 ⁸

300 265 443 331 1325

1334 259 1618 322 ORATIO
1656 261 1704 320 1.
1731 237 1802 296 έ-
1824 260 1923 323 DE
1953 261 2058 322 ss.
2097 255 2534 322 TRINITATB.

3430 257 3566 323 1325

295 391 458 448 quem
497 374 668 428 mittet
718 371 860 426 vobis
905 369 1070 426 Pater
1101 371 1180 435 “;
1213 379 1270 424 et
1299 374 1500 426 lterum
1538 387 1552 426 :
1595 369 1666 426 εί..
1683 370 1884 436 abiero,
1916 379 1962 434 Α
1989 371 2192 441 cuique
2211 371 2360 426 enim
2382 385 2633 442 persona:
2663 369 2981 441 hujusmodt
3009 371 3408 441 appellationes
3437 384 3563 444 apte

297 469 514 522 mittam
563 480 682 520 eum
733 463 804 518 ad
833 479 923 518 vos
967 463 1042 528 “;
1075 462 1144 517 ad
1185 461 1492 531 discipulos
1536 461 1796 517 scilicet:
1824 469 1882 517 et

296 559 474 616 David
498 557 826 628 prophetico
846 556 915 612 ad
939 571 1069 612 eum
1090 555 1380 619 :Emittes,
1412 554 1614 624 inquit,
1633 555 1884 623 spiritum

299 663 476 715 tuum,
505 659 556 703 et
597 648 952 712 creabantur;
992 656 1040 700 et
1075 646 1354 702 renovabis
1399 647 1588 717 faciem
1615 655 1784 701 terra:
1814 648 1880 699 ⁸⁵.

298 744 492 814 Neque
525 756 661 798 vero
694 741 824 812 quia
857 739 1101 799 mittitur
1125 738 1370 808 Spiritus
1415 748 1664 806 sanctus,
1701 741 1882 795 mino-

300 852 426 909 rem
477 836 642 890 Patre
675 842 734 889 et
771 832 916 888 Filio
961 833 1271 888 secundum
1317 833 1686 889 substantiam
1727 839 1886 902 puta-

295 943 480 984 mus:
531 941 736 997 apage;
793 916 958 980 nemo
1003 925 1111 980 hoc
1151 926 1512 995 suspicetur:
1566 940 1678 979 non
1735 925 1894 980 enim-

299 1034 369 1077 ut
417 1019 672 1075 minister
706 1018 972 1084 mittitur,
1017 1017 1114 1074 sed
1162 1025 1224 1072 ut
1269 1017 1784 1083 consubstantialis,
1829 1024 1888 1072 et

299 1113 535 1184 aequalis
572 1111 820 1174 honoris,
867 1119 926 1164 et
970 1111 1207 1180 ejusdem
1252 1120 1466 1166 natura:
1508 1119 1557 1164 ο.
1596 1111 1884 1181 Siquidem

299 1215 363 1263 et
405 1207 584 1276 ipsum
633 1201 835 1266 Filium
881 1201 1114 1256 missum
1147 1199 1270 1257 ease
1301 1201 1604 1258 didicimus
1649 1217 1760 1256 non
1796 1217 1886 1257 so-

301 1300 419 1354 lum
468 1314 499 1353 a
548 1299 736 1360 Patre,
769 1293 887 1348 sed
925 1294 996 1348 ab
1043 1292 1256 1364 Spiritu
1309 1302 1521 1357 sancto,
1575 1293 1719 1348 sicut
1769 1295 1886 1362 ipse

300 1391 456 1446 dixit
492 1405 593 1460 per
644 1388 842 1443 Isaiam
875 1403 896 1440 τ
936 1387 1005 1441 Et
1048 1393 1186 1466 nunc
1212 1385 1470 1454 Dominus
1513 1375 1656 1440 misit
1695 1401 1798 1451 me,
1837 1392 1910 1438 et.

301 1479 538 1553 Spiritus
571 1482 685 1552 ejus
722 1481 792 1534 ⁷ο.
837 1480 1084 1536 Vocatur
1126 1485 1314 1532 autem
1348 1478 1496 1554 Deus
1525 1473 1800 1546 Spiritus;
1833 1485 1890 1532 et

302 1591 503 1630 rursus
532 1592 545 1628 :
587 1573 843 1628 Dominus
873 1580 1054 1626 autem
1091 1570 1321 1642 Spiritus
1347 1579 1424 1624 est
1447 1570 1490 1603 '“
1515 1586 1531 1635 ;
1562 1577 1618 1623 et
1648 1568 1891 1639 Spiritus

301 1677 555 1731 sanctus,
612 1665 846 1736 spiritus
894 1665 1015 1730 Dei,
1061 1672 1120 1719 et
1163 1663 1399 1732 spiritus
1433 1661 1664 1725 Christi,
1689 1671 1747 1717 et
1780 1661 1893 1732 spi-

1989 462 2350 528 adhibentur,
2381 473 2666 519 reservato
2690 463 2794 519 soli
2821 463 2994 529 Patri,
3024 473 3086 518 ut
3115 464 3188 518 sit
3217 464 3402 530 Pater,
3435 469 3566 536 quia

1989 553 2142 608 solus
2183 561 2271 609 est
2300 553 2671 624 principium;
2701 560 2761 608 et
2788 554 2951 619 Filio,
2981 563 3042 609 ut
3091 554 3163 610 sit
3198 555 3394 620 Filius,
3434 560 3566 626 quia

1990 645 2143 701 solus
2190 646 2411 715 genitus
2463 654 2578 710 est;
2631 655 2688 700 et
2722 645 3036 710 Paracleto,
3086 655 3149 700 ut
3193 648 3266 701 sit
3324 648 3569 718 Spiritus

1993 746 2254 804 sanctus;
2322 738 2606 808 propriam
2653 738 2805 794 enim
2858 738 3026 794 habet
3061 741 3479 809 processionem
3535 759 3568 797 a

1992 829 2174 885 Patre.

2064 919 2254 975 XXIV.
2279 919 2435 990 Saepe
2464 921 2729 986 diximus,
2755 922 3128 978 dili'erentiam
3147 927 3434 981 nominum
3456 944 3570 982 non

1992 1011 2212 1066 variare
2241 1022 2496 1068 naturam
2526 1031 2540 1067 :
2567 999 2686 1069 nec,
2709 1014 2858 1069 enim
2892 1015 3077 1082 Pater,
3111 1017 3239 1086 quia
3275 1018 3438 1074 Pater
3465 1030 3571 1084 est,

1994 1102 2206 1160 idcirco
2238 1105 2389 1160 Deus
2412 1113 2534 1172 est;
2561 1122 2744 1176 neque
2769 1109 2901 1177 quia
2937 1109 3112 1164 Filius
3145 1123 3259 1165 non
3284 1121 3370 1167 est
3388 1112 3570 1177 Pater,

1993 1196 2204 1252 idcirco
2218 1213 2330 1253 non
2345 1207 2432 1254 est
2450 1199 2624 1265 Deus;
2651 1199 2911 1254 similiter
2933 1199 3176 1270 Spiritus
3192 1213 3450 1259 sanctus:
3473 1206 3572 1260 sed

1996 1289 2123 1346 ideo
2155 1291 2304 1348 Deus
2341 1301 2448 1356 est,
2481 1293 2612 1362 quia
2655 1302 2744 1348 est
2779 1294 3107 1361 increatum,
3137 1303 3426 1363 aeternum,
3469 1299 3576 1352 im-

1995 1383 2284 1448 mutabile,
2329 1384 2778 1454 incorruptihile,
2805 1385 3158 1452 invariabile,
3188 1397 3388 1444 auctor
3426 1390 3574 1455 vita,

1996 1485 2216 1531 creator
2245 1490 2570 1546 corporum,
2601 1486 2658 1532 et
2687 1493 2886 1532 eorum
2906 1494 3030 1548 quae
3062 1479 3390 1550 incorporea
3422 1493 3574 1538 sunt.

1997 1567 2125 1624 Hinc
2158 1569 2309 1623 enim
2358 1578 2488 1624 sunt
2535 1571 2762 1640 propria
2799 1571 3136 1636 divinitatis;
3184 1581 3241 1629 et
3287 1575 3480 1629 insunt
3519 1576 3577 1630 in

1998 1675 2331 1731 unaquaque
2381 1676 2654 1731 persona,.
2683 1672 2742 1716 et
2789 1669 3020 1732 propter
3073 1664 3192 1718 haec
3233 1681 3580 1738 unaquaeque

303 1758 454 1813 ritus
493 1757 648 1813 Jesu.
694 1756 800 1810 Per
846 1761 996 1810 totas
1054 1753 1384 1823 hypostases
1425 1752 1773 1806 demonstrat
1803 1751 1892 1806 di-
1924 1749 1968 1809 Β
1995 1765 2232 1821 persona
2293 1752 2441 1806 Deus
2483 1761 2589 1818 est,
2621 1753 2927 1823 siquidem
2975 1754 3140 1810 Pater
3181 1766 3412 1825 propter
3461 1757 3582 1814 haec

305 1849 476 1916 vinus
517 1835 702 1904 sermo
750 1846 1064 1900 naturalem
1089 1834 1479 1914 cognationem
1507 1843 1891 1899 edivinitatis.

304 1940 556 2016 Spiritus
587 1939 815 2009 quidem
844 1937 1024 1993 sancti
1061 1936 1152 1992 hic
1176 1944 1264 1992 est
1288 1937 1553 2012 praprius
1581 1936 1894 2002 character,

303 2033 410 2105 qui
432 2034 536 2088 hac
561 2031 937 2104 appellatione
964 2030 1344 2102 signiﬁcatur;
1373 2037 1460 2084 est
1480 2029 1631 2084 enim
1654 2028 1898 2100 Spiritus

303 2136 544 2182 sanctus
586 2144 598 2178 :
640 2124 915 2194 Spiritum
958 2133 1144 2179 autem
1199 2129 1452 2176 sanctum
1487 2129 1665 2176 totum
1700 2120 1782 2175 sic
1809 2120 1896 2175 di-

305 2229 467 2276 ctum
493 2227 550 2274 et
579 2226 839 2272 vocatum
871 2230 986 2270 non
1016 2214 1274 2268 invenies
1297 2213 1490 2268 alium.
1515 2213 1664 2268 Deus
1687 2221 1896 2275 autem,

309 2320 380 2366 ut
410 2318 572 2365 antea
623 2307 759 2372 dixi,
811 2306 1023 2362 dicitur
1080 2305 1358 2374 Spiritus;
1394 2305 1640 2360 et-Deus
1691 2304 1900 2360 dicitur

308 2410 547 2458 sanctus
580 2419 595 2454 :
632 2399 798 2454 ambo
824 2414 958 2454 vero
978 2397 1210 2453 nomina
1233 2397 1545 2467 composita
1581 2403 1900 2468 congruunt

303 2497 391 2562 ei,
436 2495 530 2565 qui
582 2492 806 2565 proprie
852 2481 1062 2546 dicitur
1114 2487 1360 2559 Spiritus
1413 2496 1665 2551 sanctus,
1735 2487 1902 2541 sicuti

308 2586 545 2642 nomen
573 2585 755 2640 Patris
815 2581 1042 2653 prpprie
1091 2581 1370 2637 convenit.
1404 2580 1683 2650 principio
1717 2590 1799 2646 ἠς
1847 2588 1904 2635 et

309 2694 522 2738 nomen
568 2677 692 2732 Filii
735 2676 816 2740 ei,
864 2674 960 2744 qui
1010 2667 1330 2728 immediate
1383 2688 1452 2726 ex
1491 2671 1769 2742 principio
1806 2678 1906 2728 :et

312 2773 437 2828 hac
469 2768 695 2824 nomina
732 2782 842 2820 non
885 2773 1303 2821 commutantur
1361 2763 1510 2818 inter
1553 2779 1613 2818 se
1649 2780 1664 2817 :
1701 2771 1905 2818 cmtera

311 2863 506 2920 omnia
535 2867 828 2915 moventur
845 2865 902 2914 et
927 2858 1318 2912 immutantur.
1354 2854 1508 2910 Sicut
1535 2856 1685 2910 enim
1716 2856 1899 2922 Pater,

311 2939 417 3027 qui
448 2955 596 3010 Deus
627 2960 714 3007 est
761 2958 818 3006 et
864 2951 1046 3015 Pater,
1082 2947 1407 3003 nominibus
1441 2947 1690 3018 Spiritus
1721 2948 1906 3017 appel-

312 3051 505 3115 latur,
559 3054 786 3103 sanctus
823 3044 1039 3100 scilicet
1089 3051 1147 3100 et
1192 3042 1441 3112 spiritus,
1486 3041 1741 3110 quamvis
1793 3055 1900 3100 non

314 3141 633 3212 appellatur
682 3146 862 3194 totum
893 3137 1002 3193 hoc
1050 3135 1296 3206 Spiritus
1327 3142 1587 3200 sanctus;
1619 3131 1900 3189 sic'et'iam

314 3235 567 3306 Spiritus
598 3240 844 3295 sanctus,
873 3229 971 3300 qui
1003 3240 1090 3284 est
1119 3229 1352 3298 spiritus
1385 3234 1442 3282 et
1469 3236 1715 3293 sanctus,
1755 3227 1903 3282 Deus

313 3334 428 3390 est,
472 3334 530 3381 et
575 3324 897 3379 nominatur
928 3342 940 3378 :
969 3331 1026 3377 et
1066 3321 1321 3377 Salvator
1368 3321 1649 3388 similiter,
1679 3321 1778 3390 qui
1817 3329 1904 3375 est

317 3419 518 3484 Filius,
568 3425 625 3474 et
668 3416 940 3471 Dominus
984 3423 1242 3477 vocatur.
1300 3428 1413 3468 non
1467 3413 1625 3468 solus
1658 3428 1794 3469 usus
1819 3421 1906 3469 est

315 3513 429 3568 hac
475 3509 846 3583 appellatione
896 3507 1138 3573 Domini,
1171 3508 1267 3562 sed
1291 3506 1472 3580 Pater
1507 3506 1674 3561 etiam
1721 3506 1905 3560 nomi-

315 3613 490 3661 natur
546 3603 855 3666 Dominus;
920 3609 977 3656 et
1020 3599 1265 3670 Spiritus
1319 3607 1546 3654 sanctus
1587 3598 1907 3653 nominatur

317 3695 492 3751 etiam
531 3693 834 3759 Dominus;
876 3693 1023 3748 sicut
1050 3700 1110 3746 et
1137 3692 1258 3760 ipse
1300 3689 1474 3744 Filius
1503 3690 1650 3744 Deus
1682 3697 1738 3744 et
1784 3689 1909 3760 Spi-

322 3787 474 3842 ritus
508 3795 567 3840 et
601 3795 830 3841 sanctus
861 3793 1130 3840 vocatur..
1541 3779 1544 3783 ’

399 3877 590 3933 XXIII.
631 3875 759 3932 Haec
802 3870 1175 3931 communitas
1203 3873 1637 3944 appellationum
1666 3871 1723 3927 in
1760 3872 1908 3929 Scri-

321 3979 493 4043 ptura
523 3977 713 4024 sancta
741 3967 1109 4032 oeconomiae,
1140 3974 1201 4021 ut
1233 3966 1308 4021 ita
1357 3966 1558 4031 dicam,
1596 3965 1797 4029 fertur,
1845 3972 1910 4019 ut

321 4062 538 4117 nullam
578 4059 823 4114 habeant
872 4058 1129 4112 homines
1176 4056 1484 4128 impietatis
1533 4046 1905 4120 occasionem,

320 4161 388 4209 et
433 4153 737 4223 opinentur
786 4165 910 4206 esse
959 4158 1072 4204 tres
1103 4147 1263 4208 deos.
1293 4149 1505 4204 Idcirco
1536 4147 1721 4204 divina
1741 4147 1908 4202 Scri-

323 4253 516 4317 ptura,
537 4253 615 4299 -ut
637 4255 866 4298 omnem
900 4241 1219 4312 hujusmodi
1245 4242 1615 4311 suspicionem
1650 4241 1910 4296 omnibus

320 4335 681 4416 pmcideret,
699 4331 932 4390 Patrem
952 4333 1180 4403 quidem
1209 4333 1448 4404 appellat
1473 4334 1676 4399 Deum;
1707 4331 1909 4388 Filium

1929 3093 1972 3150 C

1997 1843 2146 1900 Deus
2183 1851 2315 1899 est:
2358 1853 2418 1900 et
2465 1861 2576 1900 non
2624 1846 2757 1916 quia
2800 1847 2964 1901 Pater
2995 1855 3102 1902 est.
3153 1848 3212 1903 Si
3257 1849 3405 1903 enim
3449 1851 3580 1920 quia

1998 1936 2162 1990 Pater
2193 1945 2314 2003 est,
2347 1937 2494 1992 Deus
2546 1947 2670 2003 est,
2724 1939 2908 1994 omnis
2958 1949 3116 2009 pater
3163 1941 3312 1997 Deus
3371 1943 3520 1998 esset
3563 1961 3578 1998 :

1999 2041 2146 2084 nunc
2175 2035 2358 2082 autem
2379 2044 2503 2083 non
2532 2028 2615 2083 sic
2639 2028 2840 2094 habet;
2865 2029 3003 2098 quin
3030 2030 3218 2100 potius
3247 2033 3579 2102 appellatio-

2000 2133 2104 2173 nes
2133 2119 2365 2176 diﬂ‘eren
2377 2130 2458 2177 tes
2485 2122 2736 2176 eamdem
2761 2121 3132 2178 substantiam
3157 2125 3397 2196 signant,
3415 2127 3580 2182 simul

1999 2211 2247 2282 ejusdem
2268 2215 2950 2270 naturatcommunionem
2972 2216 3343 2284 declarantes,
3365 2229 3422 2274 et
3442 2220 3581 2275 nihil

2001 2306 2071 2360 ab
2112 2322 2221 2362 una
2252 2315 2451 2362 natura
2495 2308 2736 2362 alienum
2780 2307 3158 2366 admittentes.
3193 2311 3410 2368 Idcirco
3453 2314 3583 2368 uni.

2002 2411 2163 2456 versa
2201 2401 2489 2471 plenitudo
2530 2402 2841 2458 divinitatis
2887 2420 3034 2460 unus
3090 2406 3236 2462 Deus
3265 2416 3376 2473 est,
3423 2424 3583 2480 super

2003 2495 2204 2559 omnia,
2247 2502 2297 2548 et
2326 2511 2420 2565 per
2446 2497 2646 2562 omnia,
2681 2503 2730 2549 et
2767 2498 2822 2550 in
2869 2498 3109 2552 omnibus
3135 2500 3202 2531 '“'
3237 2518 3250 2554 :
3297 2502 3400 2556 etsi
3430 2501 3582 2558 enim

2005 2584 2192 2640 divina
2227 2584 2510 2654 Scriptura
2555 2579 2793 2640 diversis
2833 2587 3160 2643 nominibus
3187 2591 3425 2660 appellat
3457 2607 3580 2647 san-

2005 2684 2149 2732 ctam
2216 2675 2550 2730 Trinitatem
2614 2691 2778 2746 quam
2849 2677 3147 2733 adoramus
3199 2687 3256 2734 et
3313 2682 3580 2746 colimus,

2005 2767 2328 2824 occasiones
2380 2776 2567 2822 tamen
2601 2767 2873 2837 speciales
2912 2777 3141 2824 naturas
3190 2770 3583 2828 introducendi

2006 2858 2253 2921 sustulit,
2291 2873 2418 2913 cum
2471 2858 2635 2912 unam'
2681 2858 3050 2913 substantiam
3111 2870 3170 2916 et
3217 2861 3468 2918 eamdem
3513 2877 3584 2920 ex

2003 2951 2213 3006 eisdem
2259 2949 2684 3026 operationibus
2731 2950 3154 3020 demonstravit,
3197 2955 3349 3010 nulla
3377 2955 3584 3013 erroris

2003 3057 2171 3098 causa
2218 3043 2412 3097 relicta
2461 3043 2530 3098 iis
2573 3043 2669 3112 qui
2727 3043 2914 3098 lumen
2978 3045 3314 3115 participare
3364 3048 3580 3114 volunt,

2004 3143 2061 3190 et
2106 3151 2215 3190 non
2261 3137 2446 3206 potius
2476 3145 2736 3191 mentem
2767 3151 3069 3203 excmcare,
3121 3148 3183 3192 ut
3215 3139 3299 3193 vel
3325 3153 3580 3197 naturam

2003 3243 2104 3298 per
2151 3229 2308 3293 illud,
2339 3229 2654 3299 aliquando,
2684 3228 2932 3294 et‘illud,
2971 3245 3075 3284 non
3122 3238 3274 3298 erat;
3303 3241 3400 3286 aut
3437 3232 3581 3288 divi~

2006 3325 2234 3378 nitatem
2300 3323 2734 3393 particularibus
2777 3323 3107 3379 substantiis
3155 3324 3428 3381 dividere.
3467 3326 3584 3384 Ner.

2004 3417 2152 3471 enim
2206 3417 2349 3472 sicut
2394 3416 2554 3488 stella
2597 3416 2666 3470 ab
2713 3415 2871 3471 stella
2919 3415 3214 3486 splendore
3261 3416 3472 3485 ditl'ert,
3523 3428 3586 3474 ut

2006 3504 2162 3558 verbi
2211 3504 2425 3575 gratia,
2491 3505 2668 3575 major
2719 3519 2752 3558 a
2791 3504 3049 3569 minore,
3120 3521 3224 3562 nec
3269 3518 3331 3564 ut
3381 3523 3585 3580 corpus

2007 3610 2247 3666 corpore
2298 3598 2476 3668 majus
2525 3605 2612 3653 est
2655 3600 2825 3662 mole,
2868 3605 2930 3652 ut
2977 3613 3179 3670 corpus
3219 3602 3598 3660 adolescentis.

2005 3703 2239 3758 corpore
2289 3690 2468 3757 pueri,
2519 3703 2622 3744 nec
2671 3699 2733 3745 ut
2779 3691 2947 3745 homo
2990 3699 3242 3762 tempore
3280 3695 3583 3765 antiquior,

2009 3787 2070 3835 ut
2114 3780 2354 3852 exempli
2386 3797 2571 3845 causa,
2605 3781 2886 3838 Abraham
2929 3783 3218 3854 antiquior
3256 3786 3449 3852 David,
3488 3797 3586 3842 aut

1994 3872 2178 3928 David
2225 3861 2601 3940 zorobabeie;
2647 3873 2727 3928 sic
2763 3873 2818 3928 in
2865 3875 3120 3944 personis
3170 3885 3373 3932 sancta:
3399 3877 3586 3933 Trini-

2008 3965 2346 4036 tatisloqui
2407 3973 2504 4020 aut
2564 3966 2772 4020 sentire
2823 3965 3140 4022 didicimus.
3197 3965 3344 4034 Quin
3399 3969 3587 4039 potius

2007 4059 2356 4130 operationes
2383 4058 2606 4127 quidem
2631 4059 2911 4113 naturales
2947 4073 3268 4115 communes
3281 4059 3476 4128 habet;
3502 4062 3587 4119 hac

2006 4163 2142 4203 vero
2175 4148 2540 4204 substantiam
2583 4148 2746 4218 plane
2792 4148 3077 4203 declarant
3125 4167 3140 4203 :
3176 4149 3344 4206 simul
3397 4161 3584 4207 autem

2007 4255 2276 4311 personas
2327 4255 2513 4295 secum
2548 4239 2695 4294 inter
2727 4254 2809 4307 se,
2845 4248 2900 4294 et
2945 4240 3000 4294 in
3047 4256 3108 4296 se
3155 4241 3292 4312 ipsis
3339 4245 3584 4300 vicissim

2011 4332 2458 4403 inseparabiliter
2508 4333 2565 4386 in
2584 4331 2777 4387 eadem
2813 4333 2991 4402 gloria
3033 4342 3090 4389 et
3125 4344 3397 4404 potestate
3433 4339 3583 4392 exsi-

325 4441 468 4482 vero
505 4426 840 4491 Dominum;
864 4431 924 4480 et
955 4423 1224 4494 Spiritum
1257 4432 1508 4479 sanctum
1533 4418 1908 4479 Par‘acletum:
2011 4429 2160 4479 stere
2183 4422 3132 4493 contemplamur,quandoquidem
3173 4426 3423 4499 ejusdem
3455 4427 3586 4482 sub-

329 4525 390 4573 et
435 4517 481 4572 si
526 4517 654 4581 hoc,
690 4531 846 4572 more
877 4514 1184 4587 paedagogi,
1230 4515 1502 4585 providit,
1557 4529 1673 4570 non
1729 4523 1912 4570 tamen

329 4607 577 4680 privavit
619 4603 805 4664 divina
833 4624 970 4665 voce
1015 4608 1220 4664 Filium
1249 4615 1308 4662 et
1339 4597 1608 4677 Spiritum
1634 4615 1909 4672 sanetum,

325 4714 516 4769 neque
562 4714 759 4754 vocem
798 4700 1016 4754 Domini
1067 4700 1123 4754 in
1169 4701 1334 4755 Patre
1365 4707 1423 4753 et
1468 4696 1680 4768 Spiritu
1720 4705 1915 4752 sancto

325 4788 609 4844 reticuit:
650 4788 764 4842 imo
813 4802 998 4859 neque
1042 4787 1474 4859 appellationem
1519 4786 1915 4843 sanctiﬁcantis

326 4879 406 4936 ab
447 4879 635 4948 aliqua
663 4893 905 4949 persona
940 4879 1235 4934 Trinitatis
1266 4878 1567 4934 alienavit.
1604 4876 1743 4934 Cum
1776 4890 1912 4933 vero

327 4970 528 5027 eadem
559 4972 634 5027 sit
673 4979 879 5027 sanctae
908 4971 1197 5027 Trinitatis
1229 4969 1515 5036 divinitas,
1545 4971 1638 5026 vel
1657 4969 1913 5026 substan-

334 5062 433 5128 tia,
454 5062 542 5140 vel
565 5073 783 5129 natura,
807 5063 925 5120 sive
955 5062 1120 5129 aliter
1149 5077 1348 5118 vocare
1368 5063 1572 5133 placet,
1597 5071 1912 5118 commeant

327 5153 574 5208 vicissim
627 5153 744 5208 hate
792 5153 1017 5209 nomina
1064 5153 1230 5218 Deus,
1256 5152 1536 5219 Dominus,
1577 5161 1628 5208 et
1655 5151 1908 5223 Spiritus,

329 5253 563 5316 propter
606 5251 860 5300 naturam
896 5246 1305 5316 ineorpoream,
1348 5253 1404 5301 et
1451 5253 1669 5302 sanctus
1707 5258 1725 5298 :
1783 5245 1909 5302 uni-

2011 4511 2226 4568 stantite
2273 4521 2332 4566 et
2375 4521 2586 4566 natura:
2636 4521 2788 4567 sunt.

2085 4603 2247 4660 XXV.
2298 4602 2456 4670 Quod
2515 4612 2702 4658 autem
2755 4611 3002 4673 potestas
3047 4614 3250 4661 sancta:
3297 4606 3586 4664 Trinitatis

2013 4695 2300 4751 individua
2329 4703 2434 4759 est,
2459 4694 2624 4751 sicuti
2655 4703 2712 4750 et
2742 4694 3075 4772 substantia,
3109 4696 3280 4752 David
3313 4697 3580 4764 declarat,

2011 4802 2138 4842 cum
2165 4786 2475 4857 deprecans
2506 4785 2682 4842 Deum
2714 4786 2856 4842 dixit
2885 4803 2899 4840 :
2929 4786 3046 4853 Quo
3072 4789 3155 4844 ibo
3181 4805 3212 4842 a
3239 4791 3428 4859 spiritu
3453 4799 3542 4844 tuo
3561 4792 3586 4844 ?

2013 4885 2064 4930 et
2101 4892 2202 4948 quo
2247 4891 2282 4931 α
2325 4876 2462 4946 facie
2505 4884 2596 4930 tua
2652 4876 2856 4950 fugiam
2904 4878 2989 4933 "Y
3035 4894 3100 4934 ac
3149 4879 3328 4950 primo
3363 4880 3585 4958 quidem

2011 4967 2172 5038 ponit
2216 4967 2471 5038 spiritum
2527 4967 2651 5023 Filii
2691 4970 2790 5040 qui
2849 4979 2935 5026 est
2983 4970 3154 5028 facies
3203 4973 3404 5036 Patris,
3457 4975 3584 5044 quia

2010 5066 2097 5113 est
2123 5056 2178 5110 in
2202 5058 2405 5133 "Patre,
2435 5065 2492 5112 et
2541 5058 2703 5121 Pater
2738 5059 2796 5114 in
2821 5059 2977 5131 ipso;
3005 5076 3120 5118 non
3145 5071 3330 5118 autem
3367 5075 3587 5133 separat

2011 5149 2314 5221 energiam,
2366 5149 2420 5204 id
2467 5157 2572 5215 est,
2623 5152 3028 5222 operationem,
3076 5155 3163 5210 vel
3215 5155 3414 5211 dividit
3452 5157 3584 5211 sub-

2014 5242 2295 5308 stantiam,
2335 5241 2431 5296 sed
2467 5241 2646 5298 solum
2685 5244 2976 5316 distinguit
3007 5245 3348 5319 hypostases,
3378 5247 3586 5318 signiti-

408 5397 452 5474 ξ’
472 5397 627 5474 Juan.
648 5415 760 5465 xiv,
784 5398 905 5474 26.;
949 5373 1175 5458 “'Joan.
1197 5417 1307 5467 xvi,
1331 5400 1385 5455 Ἰ.
1460 5401 1505 5434 ⁸⁸
1536 5401 1676 5456 Psal.
1702 5415 1812 5471 cur,
1838 5398 1924 5456 '50.
1998 5399 2044 5430 '°
2070 5398 2173 5454 lsa.
2203 5414 2384 5462 nvm,
2413 5397 2496 5451 16.
2577 5399 2618 5430 ⁷¹
2641 5398 2799 5454 Joan.
2830 5416 2904 5466 ιν,
2939 5402 3024 5456 24.
3105 5405 3166 5436 “'
3195 5404 3396 5474 Epiros.
3419 5420 3491 5470 tv,
3529 5404 3582 5457 (ἴ.

329 5470 380 5502 ἠ
409 5469 552 5528 Psal.
587 5485 842 5537 cxxxvm,
875 5472 928 5526 '7.

1612 5605 1850 5660 vasta;
1884 5571 2294 5659 LECTIONES.

413 5706 440 5734 ⁶
469 5695 664 5768 Ejusd.
706 5707 818 5753 nat.
856 5697 1125 5771 συμφυές,
1159 5695 1544 5752 connaturalt's.

1631 5706 1660 5748 Ρ
1690 5695 1917 5772 Cagnat.
1961 5693 2299 5766 συγγένειαν.
2376 5702 2402 5742 q
2432 5691 2720 5764 Principio.
2757 5690 2834 5762 τῷ
2868 5693 3044 5766 αξτέῳ.
