4026 6308
535 242 671 309 i327

1664 243 1721 305 S.
1763 245 2160 306 ANASTASII
2199 245 2666 309 ANTIOCHEN‘I

3653 239 3803 308 1328

533 370 668 411 cans
715 367 827 408 non
859 361 984 407 esse
1043 349 1324 406 confusas.
1368 349 1518 405 Dixit
1562 361 1836 419 praeterea
1871 350 2022 406 idem
2059 350 2115 404 in
2145 355 2192 411 Δ
2220 352 2580 423 intelligatur,
2631 363 2690 409 et
2722 353 2886 409 Pater
2941 367 3127 409 secum
3170 350 3399 407 inducat
3443 349 3698 418 Filium;
3744 362 3805 410 et

535 447 643 502 alio
674 445 798 499 loco
834 441 1092 498 :-Facicm
1122 453 1290 507 tuam,
1326 441 1570 507 Domine,
1618 443 1892 512 requiram
1934 443 2016 507 ";
2060 450 2116 497 et

538 553 734 594 rursus
766 555 781 591 :
821 535 1145 606 Deprecatm
1175 552 1295 590 sum
1342 535 1531 604 faciem
1561 544 1710 590 tuam
1737 534 1795 591 in
1824 542 1930 589 toto
1960 535 2120 589 corde

537 647 652 684 meo
699 631 769 684 ⁷⁸.
825 628 948 684 Non
995 628 1146 683 enim
1192 635 1406 696 partem
1467 626 1740 697 corporis,
1792 634 1889 682 aut
1935 627 2117 681 locum

537 739 803 779 sensuum
839 721 978 777 dicit
1005 734 1126 777 esse
1153 718 1349 775 faciem
1379 720 1595 786 Patris;
1629 719 1728 775 sed
1768 719 2118 790 unigenitum

536 814 805 877 Verbum,
857 813 952 882 qui
979 811 1192 882 judicat
1224 811 1410 865 omnia
1437 811 1742 866 secundum
1775 810 2118 866 voluntatem

538 907 720 963 Patris
759 905 871 970 sui,
903 905 1048 958 sicut
1096 902 1243 958 idem
1289 903 1461 958 David
1511 902 1654 957 dixit
1701 919 1716 956 :
1755 902 1800 957 A
1843 903 1978 972 facie
2024 910 2117 956 tua

538 1000 795 1070 iudicium
821 1013 998 1052 meum
1029 1003 1183 1050 exeat
1211 997 1281 1050 ⁷⁸.
1314 995 1506 1050 Facies
1529 994 1700 1065 igitur
1730 993 1913 1050 Patris
1944 993 2119 1050 Filius

537 1089 770 1153 dicitur,
814 1096 1077 1157 tanquam
1116 1086 1300 1157 imago
1321 1094 1378 1140 et
1407 1085 1698 1140 character
1723 1085 1864 1156 ejus,
1890 1084 1986 1154 qui
2020 1099 2120 1153 pm

538 1191 793 1237 testatem
841 1180 1010 1234 habet
1050 1194 1215 1250 quam
1249 1194 1279 1232 a
1328 1178 1492 1232 Patre
1536 1179 1769 1246 accepit,
1806 1173 2117 1246 judicandi,

537 1274 679 1329 sicut
717 1273 985 1341 scriptum
1023 1281 1111 1326 est
1147 1287 1161 1323 :
1197 1267 1378 1334 Facies
1433 1267 1647 1322 Domini
1673 1284 1833 1337 super
1861 1267 2118 1337 facientes

538 1365 706 1429 mala,
747 1375 805 1418 ut
851 1363 1027 1417 deleat
1077 1363 1141 1416 de
1171 1371 1317 1414 terra
1371 1360 1682 1414 memoriam
1713 1357 1993 1421 eorum";
2017 1356 2117 1412 scd

535 1457 684 1513 sicut
727 1456 898 1510 facies
936 1453 1156 1508 Domini
1208 1452 1388 1506 malos
1429 1449 1579 1503 delet
1615 1449 1684 1508 dc
1720 1459 1888 1511 terra,
1917 1452 2120 1501 nonut

536 1547 678 1604 nihil
697 1545 926 1602 omnino
982 1542 1114 1606 sint,
1142 1541 1239 1598 scd
1275 1550 1335 1595 ut
1366 1557 1478 1595 non
1505 1539 1616 1594 sint
1645 1537 1806 1604 mali;
1841 1537 1922 1592 sic
1949 1537 2117 1592 etiam

2221 442 2463 512 Spiritus
2489 453 2716 499 sanctus
2758 458 2888 500 cum
2920 445 3080 501 Patre
3100 453 3156 500 et
3198 444 3340 499 Filio
3365 443 3529 498 simul
3565 445 3807 500 exsistat

2220 541 2481 604 tanquam
2527 551 2655 590 cum
2692 545 2877 591 mente
2905 543 2970 591 et
3029 537 3229 592 Verbo.
3269 537 3492 590 Etenim
3525 537 3805 592 Dominus

2217 625 2611 682 demonstrans
2639 644 2707 682 ex
2738 644 2797 684 se
2838 630 2959 699 ipso
2985 629 3165 698 ipsum
3184 629 3476 692 exsistere,
3509 629 3807 683 insuiﬂans

2219 718 2506 788 discipulis
2528 720 2701 775 dixit:
2723 722 2954 791 Accipite
2976 719 3236 795 Spiritum
3253 729 3500 775 sanctum
3515 722 3561 752 ἰ
3584 735 3602 786 ;
3635 737 3804 792 quem

2218 813 2442 880 quidem
2466 813 2568 883 ipsi
2591 813 2850 883 discipuli
2875 813 3122 868 adhibita
3146 815 3465 884 precatione
3481 797 3594 884 per-
3623 798 3807 884 impo-

2215 905 2474 961 sitionem
2505 913 2768 960 manuum
2806 907 3166 961 credentibus
3199 907 3540 961 tribuebant.
3575 907 3654 961 Ex
3695 923 3807 977 quo

2213 996 2347 1053 licet
2396 998 2767 1054 dill‘erentiam
2797 999 3083 1054 servitutis
3122 1007 3176 1053 et
3209 1000 3542 1069 aequalitatis
3598 1000 3809 1053 intelli-

2216 1103 2367 1160 gere.
2389 1088 2638 1159 Apostoli
2667 1090 2826 1143 enim
2859 1098 3151 1159 precantes
3179 1097 3236 1144 et
3275 1098 3542 1158 tanquam
3568 1089 3808 1142 Domino

2217 1180 2596 1252 supplicantes
2612 1181 2892 1250 Spiritum
2913 1191 3166 1235 sanctum
3185 1180 3254 1234 iis
3276 1180 3536 1249 quidigni
3557 1180 3808 1234 adventu

2215 1273 2336 1342 ejus
2378 1280 2558 1336 erant,
2593 1271 2769 1326 veluti
2797 1270 3154 1326 inducebant.
3189 1271 3439 1326 Salvator
3456 1286 3592 1326 vero
3616 1279 3806 1325 noster

2216 1379 2281 1420 ex
2313 1381 2372 1420 se
2405 1365 2548 1440 ipso,
2577 1373 2836 1434 tanquam
2856 1381 2922 1419 ex
2941 1364 3180 1434 quodam
3205 1363 3492 1426 thesauro,
3523 1363 3808 1432 praebebat

2216 1472 2342 1511 eum
2377 1457 2443 1510 iis
2487 1457 2582 1526 qui
2611 1456 2752 1510 facti
2775 1465 2937 1509 erant
2971 1471 3070 1525 per
3112 1455 3412 1524 puritatem
3440 1457 3575 1509 vitae
3622 1457 3808 1510 idonei

2216 1546 2285 1601 ad
2305 1547 2684 1617 excipiendam
2707 1547 2988 1617 energiam
3007 1548 3149 1617 ejus.
3184 1546 3363 1615 Atque
3391 1547 3666 1616 apostolis
3690 1547 3811 1617 qui-

537 1639 675 1694 illud
718 1656 731 1692 :
770 1638 997 1692 Emitte:
1051 1636 1301 1706 spiritum
1347 1642 1518 1697 tuum,
1567 1641 1617 1685 et
1677 1630 2015 1696 creabantur,
2067 1638 2118 1684 et
2153 1698 2195 1714 ﬁ
2223 1639 2347 1696 dem
2393 1640 2581 1694 adem;
2635 1655 2870 1714 semper.
2910 1641 3276 1710 participare;
3328 1639 3607 1695 salvatori
3663 1649 3811 1695 vero

536 1730 812 1786 renovabis
844 1729 1034 1799 [aciem
1065 1737 1223 1782 terra:
1246 1727 1315 1791 ⁷⁷,
1340 1726 1445 1780 hoc
1463 1733 1568 1788 est,
1596 1723 1876 1777 hominem
1905 1740 1918 1775 :
1953 1722 2120 1777 decor

2226 1731 2444 1786 Christo
2494 1740 2550 1786 et
2591 1732 2704 1787 Deo
2740 1712 2954 1795 nostro,
3004 1741 3265 1802 tanquam
3295 1732 3808 1786 consubstantialis.

537 1826 686 1880 enim
741 1831 903 1877 terra:
954 1829 1042 1876 est
1093 1819 1294 1886 homo;
1342 1817 1487 1874 sicut
1529 1816 1700 1872 decor
1749 1813 1992 1869 hominis
2023 1821 2121 1868 ~est

2226 1824 2289 1879 Et
2336 1824 2483 1878 idem
2524 1824 2670 1878 Deus
2721 1828 2831 1878 hac
2873 1823 3087 1878 ratione
3135 1824 3344 1879 dicitur
3392 1825 3644 1893 Spiritus
3692 1825 3808 1888 Dei,

537 1920 727 1975 facies.
2217 1924 2278 1972 et
2299 1914 2539 1985 Spiritus
2567 1913 2794 1979 Christi,
2841 1929 2954 1968 non
2979 1914 3128 1968 sicut
3162 1915 3550 1968 ministrantes
3584 1915 3814 1983 spiritus

607 2009 799 2066 XXVI.
839 2007 1022 2076 Quare
1061 2005 1291 2077 copiose
1341 2004 1784 2060 demonSll'amm
1813 2009 1918 2066 εει,
1955 2012 2121 2054 “nam
2221 2007 2294 2062 ad
2338 2006 2710 2062 ministerium
2758 2006 2911 2061 missi
2949 2027 2962 2060 :
3004 2005 3084 2059 illi
3128 2007 3276 2060 enim
3328 2006 3815 2075 circumscriptam

538 2121 661 2161 esse
718 2110 924 2160 sanctae
969 2099 1264 2155 Trinitatis
1323 2097 1734 2168 operationem,
1783 2108 1905 2164 quae
1955 2105 2121 2146 unam

539 2196 906 2252 substantiam
930 2208 1054 2248 esse
1089 2191 1253 2252 simul
1279 2189 1659 2253 demonstrat;
1690 2184 2124 2255 siquidem'quia

543 2309 651 2349 una
704 2289 1014 2347 substantia
1063 2284 1380 2340 divinitatis
1413 2296 1536 2337 esse
1590 2277 1966 2350 cognoscitur,
2013 2290 2125 2330 una

539 2385 707 2440 etiam
757 2379 1032 2438 eteadem
1063 2374 1264 2438 Patris,
1298 2382 1356 2428 et
1384 2371 1531 2436 Filii,
1576 2380 1636 2426 et
1664 2368 1912 2439 Spiritus
1945 2365 2123 2420 sancti

542 2472 856 2532 substantia
879 2484 1004 2526 esse
1027 2467 1447 2522 demonstratur
1473 2480 1486 2517 :
1517 2461 1701 2516 statim
1730 2458 1882 2513 enim
1911 2466 1973 2511 ut
1999 2457 2126 2511 bra-

541 2566 733 2620 chium
769 2571 826 2618 et
877 2573 1076 2615 manus
1127 2554 1312 2612 Patris
1349 2552 1522 2607 Filius
1570 2548 1911 2611 nominatur,
1943 2542 2128 2599 .fabri-

543 2666 698 2710 cator
745 2661 802 2708 et
840 2658 1056 2706 creator
1085 2661 1210 2701 esse
1239 2643 1597 2707 declaratur;
1635 2639 1832 2694 eodem
1869 2648 2126 2692 sermone

544 2745 707 2804 simul
737 2741 976 2812 Spiritus
1005 2745 1231 2792 sanctus
1257 2732 1464 2788 similia
1485 2733 1666 2785 facere
1691 2729 2122 2790 demonstratur,

543 2853 670 2894 cum
708 2833 914 2889 dicitur
948 2848 961 2883 :
999 2828 1190 2882 Manus
1236 2835 1342 2878 tute
1374 2827 1613 2893 fecerunt
1660 2837 1742 2874 me
1789 2827 1839 2873 et
1891 2819 2129 2890 plasma-

542 2936 730 2987 νει-νηί
775 2941 856 2981 me
895 2925 958 2976 ⁷⁸.
1026 2920 1241 2976 Dicitur
1289 2917 1437 2974 enim
1483 2915 1602 2985 ipse
1665 2913 1834 2968 etiam
1886 2910 2128 2981 Spiritus

2224 2100 2590 2157 substantiam
2623 2099 2849 2164 habent,
2872 2099 2947 2152 ita
2967 2107 3028 2151 ut
3060 2114 3168 2152 non
3193 2107 3400 2167 posset,
3423 2098 3670 2167 exempli
3701 2114 3818 2169 gra-

2226 2193 2324 2257 tia,
2363 2191 2586 2248 Gabriel
2613 2205 2736 2244 esse
2765 2191 2822 2244 in
2844 2190 2985 2244 cmlo
3040 2189 3202 2243 simul
3226 2197 3283 2242 et
3316 2189 3462 2265 apud
3490 2188 3812 2258 Virginem;

2224 2300 2328 2341 nec
2355 2283 2501 2354 apud
2526 2281 2891 2337 Danielem-in
2918 2281 3239 2351 Babylonia,
3271 2289 3328 2332 et
3364 2280 3420 2332 in
3442 2279 3642 2334 Judaea
3672 2278 3814 2351 apud

2225 2376 2548 2431 llabbacum
2584 2392 2598 2428 :
2634 2373 2907 2443 siquidem
2951 2380 3135 2427 creata
3180 2381 3264 2426 est
3314 2381 3514 2425 natura
3553 2373 3700 2441 ejus.
3753 2371 3814 2424 At

2227 2468 2467 2538 Spiritus
2517 2474 2741 2520 sanctus
2791 2465 2884 2534 qui
2939 2465 3122 2518 omnia
3157 2464 3366 2534 implet,
3421 2471 3478 2516 et
3527 2463 3584 2515 in
3633 2461 3813 2517 ludam

2225 2560 2416 2616 aderat
2443 2558 2760 2630 prophetis;
2812 2566 2871 2612 et
2898 2556 3133 2627 captivis
3160 2556 3215 2609 in
3273 2554 3616 2625 Babylonia;
3642 2561 3700 2607 et
3723 2567 3812 2606 eos

2225 2653 2322 2722 qui
2371 2652 2428 2706 in
2480 2650 2714 2722 Egypto
2753 2657 2932 2714 erant,
2998 2663 3108 2702 non
3143 2647 3487 2711 deserebat;
3556 2644 3811 2699 omnibus

2231 2758 2496 2815 praesens,
2537 2751 2610 2797 ut
2652 2741 2891 2812 quisque
2942 2749 3135 2810 capax;
3179 2747 3322 2816 erat,
3371 2747 3430 2792 et
3487 2738 3811 2806 sapientiam

2227 2833 2456 2889 tradens
2493 2849 2602 2903 pro
2663 2831 3024 2902 proportione
3080 2829 3232 2884 tidci.
3283 2828 3574 2898 Siquidem
3625 2843 3812 2883 omnes

2220 2925 2511 2996 apostolos
2551 2923 2800 2994 implevit
2829 2940 2841 2975 :
2873 2923 2943 2980 Et
2981 2921 3332 2991 loquebantur
3381 2922 3546 2974 variis
3597 2920 3806 2991 linguis,

547 3028 774 3079 sanctus
821 3028 1021 3070 manus
1061 3010 1246 3066 Patris
1285 3026 1298 3063 :
1333 3008 1388 3063 id
1433 3005 1584 3076 quod
1633 3004 1856 3075 planius
1889 3018 1956 3056 ex
1996 3016 2126 3071 pro-

2231 3025 2386 3089 prout
2417 3016 2648 3088 Spiritus
2681 3025 2896 3070 sanctus
2919 3015 3081 3068 dabat
3114 3016 3187 3067 eis
3217 3013 3392 3083 eloqui
3432 3015 3516 3078 ⁸²;
3570 3021 3628 3067 et
3658 3029 3809 3082 pere-

545 3113 752 3187 phetiis
783 3108 1101 3166 didicimus.
1133 3103 1190 3160 Si
1217 3102 1369 3158 enim
1416 3097 1700 3170 prophetae
1731 3095 1885 3166 pleni
1915 3094 2126 3165 Spiritu

549 3215 740 3264 sancto
767 3205 1076 3258 intererant
1101 3195 1306 3251 futuris
1345 3187 2026 3261 tanquamprazsentibus,
2062 3187 2128 3241 li.-

544 3304 702 3370 quet,
752 3292 1196 3364 quotiescunque
1227 3285 1423 3341 dicunt
1451 3301 1464 3338 :
1495 3281 1661 3342 Facta
1692 3289 1769 3335 est
1811 3296 1997 3334 manus
2010 3277 2128 3370 Dos

546 3368 682 3446 enini
723 3399 885 3461 super
919 3399 1000 3437 me
1039 3381 1108 3444 τ’,
1157 3376 1458 3432 adventum
1513 3387 1612 3426 eos
1659 3371 1900 3440 Spiritus
1953 3368 2128 3424 sancti

542 3485 844 3548 nuntiare;
893 3476 1170 3549 siquidem
1219 3490 1318 3545 per
1365 3471 1634 3548 Spiritum
1684 3478 1939 3526 sanctum
1990 3471 2129 3526 ﬁunt

541 3576 908 3651 prophetiae:
953 3570 1104 3642 quod
1141 3583 1322 3624 nemo
1373 3565 1630 3622 dubitare
1676 3565 1864 3630 debet,
1912 3565 2008 3634 qui
2044 3564 2130 3618 in-

556 3667 850 3730 tellexerit,
885 3679 1027 3736 quae
1077 3657 1337 3732 superius
1382 3659 1624 3716 diximus
1668 3657 1740 3712 de
1791 3656 1966 3728 digito
2008 3655 2128 3721 Dei,

547 3777 676 3818 esse
715 3733 938 3822 scilicet
969 3771 1096 3812 eum
1136 3753 1369 3826 digitum
1416 3751 1683 3832 Spiritum
1717 3757 1988 3810 sanctum.
2023 3763 2134 3817 quo

555 3853 729 3925 digito
771 3852 860 3906 lex
885 3848 1088 3921 Moysis
1129 3846 1183 3902 in
1216 3845 1456 3916 lapideis
1497 3843 1700 3898 tabulis
1733 3841 1858 3896 data
1881 3850 1986 3896 est.
2019 3839 2135 3894 Hoc

542 3947 719 4002 etiam
770 3943 1003 3999 Elisazus
1056 3940 1111 3994 in
1148 3938 1438 4009 aenigmate
1463 3933 1812 4005 signiﬁcavit,
1861 3947 1988 3988 cum
2016 3930 2132 3986 ait:

546 4039 786 4108 Accipite
823 4036 953 4090 mihi
982 4031 1320 4104 psallentem.
1365 4028 1435 4083 Et
1473 4029 1675 4098 factum
1703 4034 1958 4090 .est,_cum
1988 4022 2135 4094 psal-

558 4131 688 4184 leret
749 4129 838 4198 qui
890 4124 1185 4196 psallebat,
1251 4123 1394 4190 facta
1457 4127 1533 4173 est
1580 4133 1742 4188 super
1784 4133 1904 4170 cum
1939 4132 2137 4170 manus

545 4221 772 4277 -Domini
797 4221 877 4285 80.;
911 4227 968 4273 et
1016 4216 1155 4272 dixit
1195 4210 1518 4268 declarandi
1571 4209 1751 4281 gratia
1789 4227 1803 4262 :
1837 4207 1906 4264 Et
1935 4206 2137 4276 factum

557 4325 634 4370 est
656 4312 888 4383 Spiritus
937 4309 1148 4365 Domini
1197 4322 1357 4376 super
1388 4321 1538 4358 eum.

2227 3110 2550 3181 grinabatur
2602 3123 2728 3163 cum
2767 3107 3286 3178 peregrinantibus;
3319 3116 3376 3160 et
3409 3122 3537 3161 cum
3566 3121 3808 3161 commo-

2228 3203 2483 3259 rentibus
2514 3201 2982 3269 commorabatur,
3039 3200 3321 3254 individue
3368 3208 3425 3254 et
3463 3199 3810 3268 impartibili-

2229 3306 2313 3352 ter
2329 3309 2454 3350 cum
2479 3293 2740 3349 omnibus
2767 3293 3058 3358 habitans;
3091 3300 3148 3347 et
3175 3291 3481 3347 Antiochiae
3505 3290 3810 3345 Barnabam

2228 3396 2286 3444 et
2331 3387 2558 3444 Saulum
2580 3386 2916 3453 ordinabat;
2953 3393 3011 3440 et
3043 3401 3170 3440 cum
3206 3385 3374 3440 Petro
3403 3392 3574 3454 atque
3605 3384 3809 3439 Joanne

2232 3478 2290 3533 in
2320 3477 2567 3533 Samaria
2607 3479 2834 3556 aderat;
2881 3486 2948 3532 et
2976 3476 3044 3530 ad
3075 3475 3237 3532 alios
3274 3476 3500 3546 quidem
3553 3477 3810 3531 veniebat

2231 3586 2334 3642 per
2360 3570 2769 3640 impositionem
2813 3585 3079 3624 manuum
3114 3570 3491 3640 apostolorum
3542 3585 3649 3638 per
3679 3583 3809 3639 quos

2233 3663 2594 3733 loquebatur;
2660 3663 2800 3717 alios
2869 3677 3005 3718 vero
3063 3661 3132 3717 ad
3197 3661 3618 3731 prmd-candum
3689 3662 3810 3714 mit-

2235 3756 2404 3819 tebat,
2443 3754 2581 3809 alios
2636 3769 2744 3808 non
2797 3755 3015 3809 sinebat
3061 3755 3144 3808 ire
3189 3769 3300 3822 quo
3341 3753 3625 3808 volebant.
3692 3752 3810 3818 Haec

2235 3848 2420 3902 omnia
2485 3855 2616 3902 sunt
2677 3847 2928 3917 exempla
3003 3846 3319 3900 divinarum
3388 3845 3809 3915 eperationurn,

2236 3934 2438 4003 quibus
2494 3935 2806 3990 substantia
2855 3943 3048 4004 aperte
3102 3935 3438 3990 declaratur.

2308 4024 2546 4081 XXV—lli.
2579 4025 2764 4080 Multis
2797 4025 3235 4096 digressionibus
3274 4040 3410 4079 usus
3446 4041 3569 4080 sum
3613 4036 3671 4081 et
3701 4026 3810 4081 for-

2242 4128 2383 4174 tasse
2413 4117 2845 4182 non-inutiliter,
2871 4134 3014 4176 cum.
3025 4119 3365 4187 propositum
3395 4117 3565 4178 fuerit
3591 4119 3816 4174 demon-

2239 4221 2416 4267 strare
2453 4203 2706 4262 eamdem
2749 4223 2872 4264 esse
2916 4209 3314 4273 substantiam,
3348 4220 3405 4263 et
3445 4212 3812 4279 aequalitatem

2203 4314 2624 4380 personarum.
2676 4298 2860 4370 Longe
2911 4299 3060 4353 enim
3107 4299 3356 4356 alienum
3403 4308 3498 4354 est
3547 4316 3578 4354 a
3635 4311 3812 4355 sancta

626 4407 842 4463 XXVII.
881 4403 1330 4459 Demonstratum
1347 4411 1490 4468 ergo
1525 4405 1612 4452 est
1650 4395 1718 4450 iis
1743 4394 1838 4465 qui
1869 4409 1978 4450 non
2002 4408 2136 4449 cono
2169 4393 2214 4450 ι)
2241 4391 2514 4447 Trinitate
2547 4390 2735 4448 dicere
2770 4392 2826 4446 in
2849 4408 2926 4447 ea
2959 4394 3138 4464 majus
3174 4395 3446 4448 etminus
3483 4410 3495 4444 :
3534 4394 3641 4448 etsi
3675 4394 3815 4447 enim

559 4499 841 4555 tradicunt
887 4493 1254 4558 contentiose,
1297 4488 1826 4546 consubstantialem
1857 4502 1980 4541 ese
2009 4501 2138 4541 san-

545 4601 705 4648 ctam
733 4589 1094 4652 Trinitatem;
1148 4585 1311 4640 simul
1344 4583 1508 4638 etiam
1560 4580 2137 4642 demonstratumlest,

561 4684 716 4739 nefas
768 4697 891 4736 esse
943 4678 1330 4750 particulares
1363 4672 1706 4728 substantias
1765 4670 2074 4740 intelligere
2124 4686 2139 4722 :

2239 4483 2444 4539 dicitur
2491 4482 2674 4543 Pater
2704 4484 2882 4553 major
2931 4484 3103 4549 Filio,
3150 4486 3300 4539 sicut
3343 4485 3613 4556 scriptum
3665 4497 3754 4541 est
3798 4505 3810 4540 :

2239 4575 2718 4647 Pater-majorum
2751 4584 2828 4628 est
2846 4574 2915 4640 ⁸³,
2937 4576 3581 4647 scilicetmajor'dicitur
3609 4580 3812 4633 ratione

2241 4665 2533 4737 principii,
2565 4682 2677 4720 non
2730 4666 2948 4721 ratione
2992 4669 3315 4723 substantiae
3360 4687 3373 4722 :
3415 4669 3655 4725 fortasse
3693 4688 3812 4726 vero

561 4773 711 4830 unde
732 4773 881 4828 enim
902 4767 1404 4827 demonstravimus
1426 4773 1673 4818 mutuam
1695 4761 2143 4832 conjunctionem
2244 4754 2432 4810 minor
2473 4756 2634 4810 Patre
2686 4756 2893 4811 dicitur
2941 4757 3148 4823 Filius,
3190 4768 3468 4827 quatenus
3515 4759 3696 4814 factus
3738 4771 3814 4816 est

546 4866 948 4937 operationum
999 4871 1043 4924 ι’,
1084 4859 1211 4914 inde
1250 4872 1415 4912 unam
1449 4870 1573 4911 esse
1621 4852 1992 4909 substantiam
2037 4851 2144 4905 im-

562 4957 882 5030 partibilem
928 4952 1281 5008 manifestum
1333 4947 1591 5011 fecimus,
1617 4960 1818 5014 nempe
1859 4944 2142 5013 insepara-

2247 4849 2431 4904 minor
2455 4850 2709 4920 angelis,
2741 4860 2968 4919 propter
3005 4853 3442 4921 assumptionem
3484 4853 3670 4907 carnis
3716 4872 3730 4906 :
3764 4863 3813 4908 et

2247 4941 2356 4996 hoc
2387 4941 2562 5010 magis
2591 4942 2893 4997 tenendum
2927 4951 3014 4997 est
3049 4963 3062 4997 ε
3096 4959 3205 4998 non
3235 4945 3382 4998 enim
3413 4944 3621 4998 dicitur
3649 4947 3814 5017 major

563 5051 707 5105 biles
727 5062 850 5104 esse
875 5046 1238 5117 hypostases;
1277 5055 1404 5096 cum
1426 5053 1608 5109 neque
1639 5037 1812 5093 Filius
1836 5035 2146 5090 sine-Patre
2224 5049 2372 5090 --esse
2417 5033 2627 5105 Spiritu
2677 5044 2906 5099 sancte,
2946 5036 3043 5092 sed
3093 5034 3234 5091 Filio
3285 5035 3405 5091 solo
3452 5036 3550 5105 qui
3602 5052 3811 5092 carnem

638 5207 684 5238 ⁷⁸
720 5204 862 5259 Psal.
918 5218 1064 5257 xxvi.
1104 5200 1158 5254 8.
1250 5161 1304 5229 τί
1346 5193 1490 5251 Psal.
1546 5208 1726 5258 cxvm,
1774 5186 1862 5244 58.
1939 5191 1982 5224 ⁷⁸
2034 5190 2178 5245 Psal.
2219 5206 2329 5254 xvi,
2375 5192 2435 5246 2.

2537 5192 2584 5222 ’⁷⁸
2623 5191 2769 5246 Psal.
2827 5208 3017 5256 xxxiii,
3066 5190 3152 5247 l7.
3265 5193 3310 5224 ⁷⁷
3345 5193 3487 5260 Psal.
3556 5210 3667 5256 cm,
3726 5193 3804 5248 30.

569 5275 615 5310 "
641 5277 782 5331 Psal.
825 5290 1006 5336 cxvm,
1042 5271 1127 5324 75.
1203 5269 1250 5300 ⁷³
1290 5267 1490 5322 Ezech.
1530 5281 1609 5328 ιιι,
1634 5265 1734 5328 2‘2;
1768 5277 1948 5327 xxxni,
1980 5261 2081 5329 ‘22;
2110 5277 2126 5314 3

2226 5276 2308 5324 γυ,
2333 5261 2385 5314 1.
2420 5317 2430 5328 ,
2461 5261 2508 5293 ⁸⁵
2547 5261 2615 5319 ιγ
2646 5262 2778 5333 Reg.
2806 5278 2884 5328 ιιι,
2914 5263 2998 5318 15.
3072 5263 3114 5294 ⁸¹
3142 5263 3299 5318 Joan.
3338 5278 3427 5328 xx,
3462 5263 3552 5317 22.
3633 5265 3678 5296 ⁸⁸
3697 5263 3807 5318 Act.

567 5362 626 5413 ll,
656 5349 709 5402 4.
785 5347 830 5378 ⁸³
852 5345 1007 5399 Joun.
1033 5358 1140 5406 xw,
1160 5340 1250 5394 28.

1841 5441 2075 5497 VABUE
2113 5439 2525 5496 LECTIONES.

639 5561 662 5588 τ
695 5549 824 5603 Mat.
857 5547 1124 5616 conjunct.
1160 5551 1365 5616 operat.
1399 5539 1755 5616 dilutouxtav
1782 5537 1890 5616 ⁸ςῶν
1921 5530 2857 5616 ὲνεργξιῶνξΑλληλουχίσειηῃιιιηια
2902 5540 3198 5616 habitatio:
3229 5538 3303 5594 ita
3329 5540 3599 5616 _t_i_t__Pater
3629 5541 3812 5616 habeat

565 5621 763 5676 Filium
797 5619 852 5671 in
880 5606 967 5681 se;
985 5606 1240 5670 ctFilius
1281 5606 1534 5678 Patrem;
1571 5606 1905 5681 et'Spiritus
1952 5615 2174 5662 sanctus
2215 5606 2436 5661 Patrem
2479 5619 2536 5663 et
2587 5608 2826 5677 Filium;
2871 5621 2927 5668 et
2987 5611 3148 5668 Pater
3202 5618 3258 5666 et
3329 5610 3501 5668 Filius
3562 5613 3812 5684 Spiritum

545 5699 818 5749 sanctum.
