  <div class='ocr_page' id='page_1' title='image "/cluster/home/n/w/nwhite01/storage/ocr_20150623/89/pst.000005712953/672.png"; bbox 0 0 4026 6308; ppageno 0'>
   <div class='ocr_carea' id='block_1_1' title="bbox 333 334 482 401">
    <p class='ocr_par' dir='ltr' id='par_1_1' title="bbox 333 334 482 401">
     <span class='ocr_line' id='line_1_1' title="bbox 333 334 482 401; baseline 0.027 -4"><span class='ocrx_word' id='word_1_1' title='bbox 333 334 482 401; x_wconf 74' lang='grc'>1329</span> 
     </span>
    </p>
   </div>
   <div class='ocr_carea' id='block_1_2' title="bbox 1365 342 2581 407">
    <p class='ocr_par' dir='ltr' id='par_1_2' title="bbox 1365 342 2581 407">
     <span class='ocr_line' id='line_1_2' title="bbox 1365 342 2581 407; baseline 0.002 -3"><span class='ocrx_word' id='word_1_2' title='bbox 1365 342 1646 406; x_wconf 85' lang='lat' dir='ltr'><strong>ORATIO</strong></span> <span class='ocrx_word' id='word_1_3' title='bbox 1667 346 1734 407; x_wconf 25' lang='lat' dir='ltr'><strong>.I.</strong></span> <span class='ocrx_word' id='word_1_4' title='bbox 1763 372 1832 380; x_wconf 88' lang='lat'><strong>—</strong></span> <span class='ocrx_word' id='word_1_5' title='bbox 1856 347 1956 407; x_wconf 89' lang='lat' dir='ltr'><strong>DE</strong></span> <span class='ocrx_word' id='word_1_6' title='bbox 1995 347 2098 407; x_wconf 89' lang='lat' dir='ltr'><strong>SS.</strong></span> <span class='ocrx_word' id='word_1_7' title='bbox 2140 344 2581 407; x_wconf 75' lang='lat' dir='ltr'><strong>TRINITATE.</strong></span> 
     </span>
    </p>
   </div>
   <div class='ocr_carea' id='block_1_3' title="bbox 3467 335 3601 399">
    <p class='ocr_par' dir='ltr' id='par_1_3' title="bbox 3467 335 3601 399">
     <span class='ocr_line' id='line_1_3' title="bbox 3467 335 3601 399; baseline -0.007 0"><span class='ocrx_word' id='word_1_8' title='bbox 3467 335 3601 399; x_wconf 67' lang='lat'><strong>1330</strong></span> 
     </span>
    </p>
   </div>
   <div class='ocr_carea' id='block_1_4' title="bbox 334 449 3605 526">
    <p class='ocr_par' dir='ltr' id='par_1_4' title="bbox 334 449 3605 526">
     <span class='ocr_line' id='line_1_4' title="bbox 334 449 3605 526; baseline -0.002 -21"><span class='ocrx_word' id='word_1_9' title='bbox 334 450 664 521; x_wconf 76' lang='lat' dir='ltr'><strong>assumpsit.</strong></span> <span class='ocrx_word' id='word_1_10' title='bbox 699 449 761 505; x_wconf 94' lang='lat' dir='ltr'><strong>In</strong></span> <span class='ocrx_word' id='word_1_11' title='bbox 809 449 1118 505; x_wconf 74' lang='lat' dir='ltr'><strong>substantia</strong></span> <span class='ocrx_word' id='word_1_12' title='bbox 1160 449 1330 522; x_wconf 90' lang='lat' dir='ltr'><strong>igitur</strong></span> <span class='ocrx_word' id='word_1_13' title='bbox 1374 452 1582 508; x_wconf 75' lang='lat' dir='ltr'><strong>frustra</strong></span> <span class='ocrx_word' id='word_1_14' title='bbox 1625 465 1682 510; x_wconf 92' lang='lat' dir='ltr'><strong>et</strong></span> <span class='ocrx_word' id='word_1_15' title='bbox 1723 471 1920 526; x_wconf 88' lang='lat' dir='ltr'><strong>super-</strong></span> <span class='ocrx_word' id='word_1_16' title='bbox 1952 463 1993 515; x_wconf 78' lang='grc' dir='ltr'>Α</span> <span class='ocrx_word' id='word_1_17' title='bbox 2025 455 2154 525; x_wconf 91' lang='lat' dir='ltr'><strong>quid</strong></span> <span class='ocrx_word' id='word_1_18' title='bbox 2189 455 2340 510; x_wconf 83' lang='lat' dir='ltr'><strong>aliud</strong></span> <span class='ocrx_word' id='word_1_19' title='bbox 2367 455 2417 511; x_wconf 91' lang='lat' dir='ltr'><strong>ei</strong></span> <span class='ocrx_word' id='word_1_20' title='bbox 2443 453 2756 510; x_wconf 81' lang='lat' dir='ltr'><strong>faciendum</strong></span> <span class='ocrx_word' id='word_1_21' title='bbox 2787 460 2953 517; x_wconf 84' lang='lat' dir='ltr'><strong>esset,</strong></span> <span class='ocrx_word' id='word_1_22' title='bbox 2983 449 3078 522; x_wconf 89' lang='lat' dir='ltr'><strong>qui</strong></span> <span class='ocrx_word' id='word_1_23' title='bbox 3108 462 3338 522; x_wconf 84' lang='lat' dir='ltr'><strong>prepter</strong></span> <span class='ocrx_word' id='word_1_24' title='bbox 3363 462 3605 506; x_wconf 69' lang='grc' dir='ltr'><strong>ειιιιηιςτ-</strong></span> 
     </span>
    </p>
   </div>
   <div class='ocr_carea' id='block_1_5' title="bbox 334 541 1927 610">
    <p class='ocr_par' dir='ltr' id='par_1_5' title="bbox 334 541 1927 610">
     <span class='ocr_line' id='line_1_5' title="bbox 334 541 1927 610; baseline 0.007 -17"><span class='ocrx_word' id='word_1_25' title='bbox 334 552 516 596; x_wconf 85' lang='lat' dir='ltr'><strong>vacue</strong></span> <span class='ocrx_word' id='word_1_26' title='bbox 551 542 732 610; x_wconf 84' lang='lat' dir='ltr'><strong>majus</strong></span> <span class='ocrx_word' id='word_1_27' title='bbox 765 549 822 595; x_wconf 93' lang='lat' dir='ltr'><strong>et</strong></span> <span class='ocrx_word' id='word_1_28' title='bbox 853 541 1039 596; x_wconf 89' lang='lat' dir='ltr'><strong>minus</strong></span> <span class='ocrx_word' id='word_1_29' title='bbox 1072 541 1340 610; x_wconf 73' lang='lat' dir='ltr'><strong>quaeritur</strong></span> <span class='ocrx_word' id='word_1_30' title='bbox 1381 562 1394 598; x_wconf 86' lang='lat'><strong>:</strong></span> <span class='ocrx_word' id='word_1_31' title='bbox 1433 544 1742 603; x_wconf 86' lang='lat' dir='ltr'><strong>substantia</strong></span> <span class='ocrx_word' id='word_1_32' title='bbox 1776 545 1927 604; x_wconf 88' lang='lat' dir='ltr'><strong>enim</strong></span> 
     </span>
    </p>
   </div>
   <div class='ocr_carea' id='block_1_6' title="bbox 337 634 1926 708">
    <p class='ocr_par' dir='ltr' id='par_1_6' title="bbox 337 634 1926 708">
     <span class='ocr_line' id='line_1_6' title="bbox 337 634 1926 708; baseline 0.003 -21"><span class='ocrx_word' id='word_1_33' title='bbox 337 648 453 687; x_wconf 89' lang='lat' dir='ltr'><strong>non</strong></span> <span class='ocrx_word' id='word_1_34' title='bbox 495 634 694 704; x_wconf 84' lang='lat' dir='ltr'><strong>recipit</strong></span> <span class='ocrx_word' id='word_1_35' title='bbox 737 635 915 704; x_wconf 82' lang='lat' dir='ltr'><strong>majus</strong></span> <span class='ocrx_word' id='word_1_36' title='bbox 954 643 1011 688; x_wconf 89' lang='lat' dir='ltr'><strong>et</strong></span> <span class='ocrx_word' id='word_1_37' title='bbox 1051 635 1268 700; x_wconf 89' lang='lat' dir='ltr'><strong>minus,</strong></span> <span class='ocrx_word' id='word_1_38' title='bbox 1307 646 1367 691; x_wconf 91' lang='lat' dir='ltr'><strong>ut</strong></span> <span class='ocrx_word' id='word_1_39' title='bbox 1402 638 1575 694; x_wconf 83' lang='lat' dir='ltr'><strong>exteri</strong></span> <span class='ocrx_word' id='word_1_40' title='bbox 1616 638 1926 708; x_wconf 87' lang='lat' dir='ltr'><strong>philosophi</strong></span> 
     </span>
    </p>
   </div>
   <div class='ocr_carea' id='block_1_7' title="bbox 337 725 1932 798">
    <p class='ocr_par' dir='ltr' id='par_1_7' title="bbox 337 725 1932 798">
     <span class='ocr_line' id='line_1_7' title="bbox 337 725 1932 798; baseline 0.003 -18"><span class='ocrx_word' id='word_1_41' title='bbox 337 726 590 780; x_wconf 88' lang='lat' dir='ltr'><strong>tradunt.</strong></span> <span class='ocrx_word' id='word_1_42' title='bbox 629 726 805 782; x_wconf 87' lang='lat' dir='ltr'><strong>Unam</strong></span> <span class='ocrx_word' id='word_1_43' title='bbox 850 725 1020 790; x_wconf 78' lang='lat' dir='ltr'><strong>igitur</strong></span> <span class='ocrx_word' id='word_1_44' title='bbox 1063 726 1430 782; x_wconf 88' lang='lat' dir='ltr'><strong>substantiam</strong></span> <span class='ocrx_word' id='word_1_45' title='bbox 1477 731 1834 798; x_wconf 78' lang='lat' dir='ltr'><strong>profitemur,</strong></span> <span class='ocrx_word' id='word_1_46' title='bbox 1871 730 1932 784; x_wconf 86' lang='lat' dir='ltr'><strong>in</strong></span> 
     </span>
    </p>
   </div>
   <div class='ocr_carea' id='block_1_8' title="bbox 335 816 1928 890">
    <p class='ocr_par' dir='ltr' id='par_1_8' title="bbox 335 816 1928 890">
     <span class='ocr_line' id='line_1_8' title="bbox 335 816 1928 890; baseline 0.003 -18"><span class='ocrx_word' id='word_1_47' title='bbox 335 835 449 888; x_wconf 89' lang='lat' dir='ltr'><strong>qua</strong></span> <span class='ocrx_word' id='word_1_48' title='bbox 485 833 759 889; x_wconf 77' lang='lat' dir='ltr'><strong>gener-aus</strong></span> <span class='ocrx_word' id='word_1_49' title='bbox 805 827 863 873; x_wconf 91' lang='lat' dir='ltr'><strong>et</strong></span> <span class='ocrx_word' id='word_1_50' title='bbox 896 819 1146 889; x_wconf 88' lang='lat' dir='ltr'><strong>genitum</strong></span> <span class='ocrx_word' id='word_1_51' title='bbox 1179 831 1235 875; x_wconf 95' lang='lat' dir='ltr'><strong>et</strong></span> <span class='ocrx_word' id='word_1_52' title='bbox 1261 816 1574 890; x_wconf 40' lang='lat' dir='ltr'><strong>&quot;procedens</strong></span> <span class='ocrx_word' id='word_1_53' title='bbox 1611 839 1752 878; x_wconf 90' lang='lat' dir='ltr'><strong>unus</strong></span> <span class='ocrx_word' id='word_1_54' title='bbox 1782 823 1928 877; x_wconf 92' lang='lat' dir='ltr'><strong>Deus</strong></span> 
     </span>
    </p>
   </div>
   <div class='ocr_carea' id='block_1_9' title="bbox 337 916 448 963">
    <p class='ocr_par' dir='ltr' id='par_1_9' title="bbox 337 916 448 963">
     <span class='ocr_line' id='line_1_9' title="bbox 337 916 448 963; baseline 0 -1"><span class='ocrx_word' id='word_1_55' title='bbox 337 916 448 963; x_wconf 86' lang='lat' dir='ltr'><strong>est.</strong></span> 
     </span>
    </p>
   </div>
   <div class='ocr_carea' id='block_1_10' title="bbox 416 997 1928 1072">
    <p class='ocr_par' dir='ltr' id='par_1_10' title="bbox 416 997 1928 1072">
     <span class='ocr_line' id='line_1_10' title="bbox 416 997 1928 1072; baseline 0.003 -20"><span class='ocrx_word' id='word_1_56' title='bbox 416 997 608 1053; x_wconf 86' lang='lat' dir='ltr'><strong>XXIX.</strong></span> <span class='ocrx_word' id='word_1_57' title='bbox 643 998 942 1066; x_wconf 85' lang='lat' dir='ltr'><strong>Quomodo</strong></span> <span class='ocrx_word' id='word_1_58' title='bbox 975 1011 1162 1056; x_wconf 90' lang='lat' dir='ltr'><strong>autem</strong></span> <span class='ocrx_word' id='word_1_59' title='bbox 1198 1012 1496 1072; x_wconf 82' lang='lat' dir='ltr'><strong>generatur</strong></span> <span class='ocrx_word' id='word_1_60' title='bbox 1530 1003 1807 1068; x_wconf 78' lang='lat' dir='ltr'><strong>Verbum,</strong></span> <span class='ocrx_word' id='word_1_61' title='bbox 1840 1004 1928 1058; x_wconf 85' lang='lat' dir='ltr'><strong>vel</strong></span> 
     </span>
    </p>
   </div>
   <div class='ocr_carea' id='block_1_11' title="bbox 338 1091 1930 1170">
    <p class='ocr_par' dir='ltr' id='par_1_11' title="bbox 338 1091 1930 1170">
     <span class='ocr_line' id='line_1_11' title="bbox 338 1091 1930 1170; baseline 0.002 -25"><span class='ocrx_word' id='word_1_62' title='bbox 338 1091 602 1160; x_wconf 86' lang='lat' dir='ltr'><strong>procedit</strong></span> <span class='ocrx_word' id='word_1_63' title='bbox 659 1091 937 1162; x_wconf 87' lang='lat' dir='ltr'><strong>Spiritus,</strong></span> <span class='ocrx_word' id='word_1_64' title='bbox 988 1109 1058 1148; x_wconf 91' lang='lat' dir='ltr'><strong>ne</strong></span> <span class='ocrx_word' id='word_1_65' title='bbox 1108 1094 1328 1170; x_wconf 85' lang='lat' dir='ltr'><strong>curiose</strong></span> <span class='ocrx_word' id='word_1_66' title='bbox 1382 1093 1761 1164; x_wconf 87' lang='lat' dir='ltr'><strong>inquiramus;</strong></span> <span class='ocrx_word' id='word_1_67' title='bbox 1817 1109 1930 1148; x_wconf 91' lang='lat' dir='ltr'><strong>non</strong></span> 
     </span>
    </p>
   </div>
   <div class='ocr_carea' id='block_1_12' title="bbox 338 1184 1929 1256">
    <p class='ocr_par' dir='ltr' id='par_1_12' title="bbox 338 1184 1929 1256">
     <span class='ocr_line' id='line_1_12' title="bbox 338 1184 1929 1256; baseline 0 -18"><span class='ocrx_word' id='word_1_68' title='bbox 338 1184 494 1238; x_wconf 85' lang='lat' dir='ltr'><strong>enim</strong></span> <span class='ocrx_word' id='word_1_69' title='bbox 546 1191 726 1239; x_wconf 91' lang='lat' dir='ltr'><strong>tutum</strong></span> <span class='ocrx_word' id='word_1_70' title='bbox 779 1194 863 1240; x_wconf 90' lang='lat' dir='ltr'><strong>est</strong></span> <span class='ocrx_word' id='word_1_71' title='bbox 905 1193 961 1240; x_wconf 88' lang='lat' dir='ltr'><strong>et</strong></span> <span class='ocrx_word' id='word_1_72' title='bbox 1007 1185 1259 1256; x_wconf 91' lang='lat' dir='ltr'><strong>periculo</strong></span> <span class='ocrx_word' id='word_1_73' title='bbox 1321 1201 1572 1240; x_wconf 86' lang='lat' dir='ltr'><strong>vacans:</strong></span> <span class='ocrx_word' id='word_1_74' title='bbox 1621 1185 1730 1240; x_wconf 90' lang='lat' dir='ltr'><strong>hoc</strong></span> <span class='ocrx_word' id='word_1_75' title='bbox 1778 1185 1929 1240; x_wconf 89' lang='lat' dir='ltr'><strong>enim</strong></span> 
     </span>
    </p>
   </div>
   <div class='ocr_carea' id='block_1_13' title="bbox 338 1275 1932 1348">
    <p class='ocr_par' dir='ltr' id='par_1_13' title="bbox 338 1275 1932 1348">
     <span class='ocr_line' id='line_1_13' title="bbox 338 1275 1932 1348; baseline 0.003 -20"><span class='ocrx_word' id='word_1_76' title='bbox 338 1275 694 1331; x_wconf 87' lang='lat' dir='ltr'><strong>solummodo</strong></span> <span class='ocrx_word' id='word_1_77' title='bbox 738 1277 1022 1348; x_wconf 86' lang='lat' dir='ltr'><strong>cognitum</strong></span> <span class='ocrx_word' id='word_1_78' title='bbox 1062 1286 1147 1332; x_wconf 91' lang='lat' dir='ltr'><strong>est</strong></span> <span class='ocrx_word' id='word_1_79' title='bbox 1187 1277 1482 1347; x_wconf 89' lang='lat' dir='ltr'><strong>principio,</strong></span> <span class='ocrx_word' id='word_1_80' title='bbox 1517 1286 1573 1333; x_wconf 89' lang='lat' dir='ltr'><strong>et</strong></span> <span class='ocrx_word' id='word_1_81' title='bbox 1615 1278 1682 1333; x_wconf 91' lang='lat' dir='ltr'><strong>iis</strong></span> <span class='ocrx_word' id='word_1_82' title='bbox 1722 1278 1820 1347; x_wconf 88' lang='lat' dir='ltr'><strong>qui</strong></span> <span class='ocrx_word' id='word_1_83' title='bbox 1863 1293 1932 1332; x_wconf 76' lang='lat' dir='ltr'><strong>ex</strong></span> 
     </span>
    </p>
   </div>
   <div class='ocr_carea' id='block_1_14' title="bbox 341 1366 1927 1440">
    <p class='ocr_par' dir='ltr' id='par_1_14' title="bbox 341 1366 1927 1440">
     <span class='ocr_line' id='line_1_14' title="bbox 341 1366 1927 1440; baseline 0.002 -20"><span class='ocrx_word' id='word_1_84' title='bbox 341 1366 467 1435; x_wconf 90' lang='lat' dir='ltr'><strong>ipso</strong></span> <span class='ocrx_word' id='word_1_85' title='bbox 499 1368 818 1423; x_wconf 74' lang='lat' dir='ltr'><strong>diﬂ‘erenter</strong></span> <span class='ocrx_word' id='word_1_86' title='bbox 847 1378 1090 1424; x_wconf 79' lang='lat' dir='ltr'><strong>exeunt:</strong></span> <span class='ocrx_word' id='word_1_87' title='bbox 1127 1369 1291 1424; x_wconf 87' lang='lat' dir='ltr'><strong>nobis</strong></span> <span class='ocrx_word' id='word_1_88' title='bbox 1322 1385 1473 1433; x_wconf 87' lang='lat' dir='ltr'><strong>vero,</strong></span> <span class='ocrx_word' id='word_1_89' title='bbox 1505 1370 1600 1440; x_wconf 90' lang='lat' dir='ltr'><strong>qui</strong></span> <span class='ocrx_word' id='word_1_90' title='bbox 1636 1385 1735 1439; x_wconf 90' lang='lat' dir='ltr'><strong>per</strong></span> <span class='ocrx_word' id='word_1_91' title='bbox 1765 1369 1927 1424; x_wconf 81' lang='lat' dir='ltr'><strong>iidem</strong></span> 
     </span>
    </p>
   </div>
   <div class='ocr_carea' id='block_1_15' title="bbox 341 1457 1927 1533">
    <p class='ocr_par' dir='ltr' id='par_1_15' title="bbox 341 1457 1927 1533">
     <span class='ocr_line' id='line_1_15' title="bbox 341 1457 1927 1533; baseline 0.003 -23"><span class='ocrx_word' id='word_1_92' title='bbox 341 1457 604 1513; x_wconf 86' lang='lat' dir='ltr'><strong>instructi</strong></span> <span class='ocrx_word' id='word_1_93' title='bbox 631 1475 821 1514; x_wconf 92' lang='lat' dir='ltr'><strong>sumus</strong></span> <span class='ocrx_word' id='word_1_94' title='bbox 840 1461 908 1516; x_wconf 89' lang='lat' dir='ltr'><strong>ad</strong></span> <span class='ocrx_word' id='word_1_95' title='bbox 935 1462 1234 1532; x_wconf 80' lang='lat' dir='ltr'><strong>perfectam</strong></span> <span class='ocrx_word' id='word_1_96' title='bbox 1261 1462 1506 1533; x_wconf 79' lang='lat' dir='ltr'><strong>mysterii</strong></span> <span class='ocrx_word' id='word_1_97' title='bbox 1534 1462 1927 1532; x_wconf 84' lang='lat' dir='ltr'><strong>cognitionem,</strong></span> 
     </span>
    </p>
   </div>
   <div class='ocr_carea' id='block_1_16' title="bbox 343 1549 1930 1620">
    <p class='ocr_par' dir='ltr' id='par_1_16' title="bbox 343 1549 1930 1620">
     <span class='ocr_line' id='line_1_16' title="bbox 343 1549 1930 1620; baseline 0.006 -20"><span class='ocrx_word' id='word_1_98' title='bbox 343 1549 483 1602; x_wconf 80' lang='lat' dir='ltr'><strong>satis</strong></span> <span class='ocrx_word' id='word_1_99' title='bbox 524 1558 610 1602; x_wconf 92' lang='lat' dir='ltr'><strong>est</strong></span> <span class='ocrx_word' id='word_1_100' title='bbox 648 1565 984 1620; x_wconf 82' lang='lat' dir='ltr'><strong>cognoscere</strong></span> <span class='ocrx_word' id='word_1_101' title='bbox 1029 1553 1199 1606; x_wconf 92' lang='lat' dir='ltr'><strong>Deum</strong></span> <span class='ocrx_word' id='word_1_102' title='bbox 1245 1569 1614 1619; x_wconf 70' lang='lat' dir='ltr'><strong>unum~esse,</strong></span> <span class='ocrx_word' id='word_1_103' title='bbox 1667 1561 1722 1608; x_wconf 91' lang='lat' dir='ltr'><strong>et</strong></span> <span class='ocrx_word' id='word_1_104' title='bbox 1766 1570 1930 1610; x_wconf 91' lang='lat' dir='ltr'><strong>unam</strong></span> 
     </span>
    </p>
   </div>
   <div class='ocr_carea' id='block_1_17' title="bbox 347 1643 1930 1724">
    <p class='ocr_par' dir='ltr' id='par_1_17' title="bbox 347 1643 1930 1724">
     <span class='ocr_line' id='line_1_17' title="bbox 347 1643 1930 1724; baseline 0.004 -29"><span class='ocrx_word' id='word_1_105' title='bbox 347 1652 605 1696; x_wconf 87' lang='lat' dir='ltr'><strong>naturam</strong></span> <span class='ocrx_word' id='word_1_106' title='bbox 651 1643 990 1708; x_wconf 80' lang='lat' dir='ltr'><strong>divinitatis,</strong></span> <span class='ocrx_word' id='word_1_107' title='bbox 1034 1647 1287 1724; x_wconf 76' lang='lat' dir='ltr'><strong>quamvis</strong></span> <span class='ocrx_word' id='word_1_108' title='bbox 1331 1646 1392 1718; x_wconf 86' lang='lat' dir='ltr'><strong>in</strong></span> <span class='ocrx_word' id='word_1_109' title='bbox 1437 1646 1617 1701; x_wconf 84' lang='lat' dir='ltr'><strong>tribus</strong></span> <span class='ocrx_word' id='word_1_110' title='bbox 1659 1648 1930 1713; x_wconf 88' lang='lat' dir='ltr'><strong>cernitur,</strong></span> 
     </span>
    </p>
   </div>
   <div class='ocr_carea' id='block_1_18' title="bbox 345 1734 1930 1808">
    <p class='ocr_par' dir='ltr' id='par_1_18' title="bbox 345 1734 1930 1808">
     <span class='ocr_line' id='line_1_18' title="bbox 345 1734 1930 1808; baseline 0.003 -21"><span class='ocrx_word' id='word_1_111' title='bbox 345 1734 656 1804; x_wconf 90' lang='lat' dir='ltr'><strong>principio,</strong></span> <span class='ocrx_word' id='word_1_112' title='bbox 689 1744 746 1805; x_wconf 85' lang='lat' dir='ltr'><strong>et</strong></span> <span class='ocrx_word' id='word_1_113' title='bbox 788 1740 1068 1800; x_wconf 81' lang='lat' dir='ltr'><strong>dreatorc,</strong></span> <span class='ocrx_word' id='word_1_114' title='bbox 1099 1747 1155 1792; x_wconf 90' lang='lat' dir='ltr'><strong>et</strong></span> <span class='ocrx_word' id='word_1_115' title='bbox 1197 1737 1509 1808; x_wconf 83' lang='lat' dir='ltr'><strong>perfectore</strong></span> <span class='ocrx_word' id='word_1_116' title='bbox 1567 1755 1580 1791; x_wconf 92' lang='lat'><strong>:</strong></span> <span class='ocrx_word' id='word_1_117' title='bbox 1635 1739 1739 1808; x_wconf 83' lang='lat' dir='ltr'><strong>tria</strong></span> <span class='ocrx_word' id='word_1_118' title='bbox 1781 1739 1930 1796; x_wconf 88' lang='lat' dir='ltr'><strong>enim</strong></span> 
     </span>
    </p>
   </div>
   <div class='ocr_carea' id='block_1_19' title="bbox 346 1817 2002 1901">
    <p class='ocr_par' dir='ltr' id='par_1_19' title="bbox 346 1817 2002 1901">
     <span class='ocr_line' id='line_1_19' title="bbox 346 1817 2002 1901; baseline 0.004 -23"><span class='ocrx_word' id='word_1_119' title='bbox 346 1826 575 1879; x_wconf 89' lang='lat' dir='ltr'><strong>nomina</strong></span> <span class='ocrx_word' id='word_1_120' title='bbox 621 1836 751 1881; x_wconf 93' lang='lat' dir='ltr'><strong>sunt</strong></span> <span class='ocrx_word' id='word_1_121' title='bbox 791 1829 939 1882; x_wconf 78' lang='lat' dir='ltr'><strong>circa</strong></span> <span class='ocrx_word' id='word_1_122' title='bbox 986 1845 1148 1892; x_wconf 80' lang='lat' dir='ltr'><strong>unam</strong></span> <span class='ocrx_word' id='word_1_123' title='bbox 1193 1830 1595 1900; x_wconf 85' lang='lat' dir='ltr'><strong>substantiam,</strong></span> <span class='ocrx_word' id='word_1_124' title='bbox 1629 1839 1686 1885; x_wconf 91' lang='lat' dir='ltr'><strong>et</strong></span> <span class='ocrx_word' id='word_1_125' title='bbox 1729 1846 1930 1901; x_wconf 84' lang='lat' dir='ltr'><strong>unum-</strong></span> <span class='ocrx_word' id='word_1_126' title='bbox 1962 1817 2002 1869; x_wconf 73' lang='grc' dir='ltr'><strong>Β</strong></span> 
     </span>
    </p>
   </div>
   <div class='ocr_carea' id='block_1_20' title="bbox 346 1917 1936 1990">
    <p class='ocr_par' dir='ltr' id='par_1_20' title="bbox 346 1917 1936 1990">
     <span class='ocr_line' id='line_1_20' title="bbox 346 1917 1936 1990; baseline 0.003 -19"><span class='ocrx_word' id='word_1_127' title='bbox 346 1917 615 1986; x_wconf 84' lang='lat' dir='ltr'><strong>quodque</strong></span> <span class='ocrx_word' id='word_1_128' title='bbox 650 1934 811 1972; x_wconf 89' lang='lat' dir='ltr'><strong>unam</strong></span> <span class='ocrx_word' id='word_1_129' title='bbox 849 1919 1187 1990; x_wconf 82' lang='lat' dir='ltr'><strong>hypostasim</strong></span> <span class='ocrx_word' id='word_1_130' title='bbox 1225 1920 1467 1975; x_wconf 84' lang='lat' dir='ltr'><strong>declarat</strong></span> <span class='ocrx_word' id='word_1_131' title='bbox 1498 1937 1608 1982; x_wconf 88' lang='lat' dir='ltr'><strong>non</strong></span> <span class='ocrx_word' id='word_1_132' title='bbox 1645 1931 1936 1976; x_wconf 85' lang='lat' dir='ltr'><strong>transeun-</strong></span> 
     </span>
    </p>
   </div>
   <div class='ocr_carea' id='block_1_21' title="bbox 353 2009 1934 2081">
    <p class='ocr_par' dir='ltr' id='par_1_21' title="bbox 353 2009 1934 2081">
     <span class='ocr_line' id='line_1_21' title="bbox 353 2009 1934 2081; baseline 0.003 -19"><span class='ocrx_word' id='word_1_133' title='bbox 353 2018 468 2062; x_wconf 88' lang='lat' dir='ltr'><strong>tem</strong></span> <span class='ocrx_word' id='word_1_134' title='bbox 507 2009 562 2062; x_wconf 91' lang='lat' dir='ltr'><strong>in</strong></span> <span class='ocrx_word' id='word_1_135' title='bbox 599 2010 786 2076; x_wconf 88' lang='lat' dir='ltr'><strong>aliam,</strong></span> <span class='ocrx_word' id='word_1_136' title='bbox 812 2019 869 2064; x_wconf 90' lang='lat' dir='ltr'><strong>et</strong></span> <span class='ocrx_word' id='word_1_137' title='bbox 903 2011 1102 2065; x_wconf 83' lang='lat' dir='ltr'><strong>factam</strong></span> <span class='ocrx_word' id='word_1_138' title='bbox 1134 2011 1282 2081; x_wconf 89' lang='lat' dir='ltr'><strong>quod</strong></span> <span class='ocrx_word' id='word_1_139' title='bbox 1319 2029 1426 2067; x_wconf 92' lang='lat' dir='ltr'><strong>non</strong></span> <span class='ocrx_word' id='word_1_140' title='bbox 1458 2022 1596 2067; x_wconf 90' lang='lat' dir='ltr'><strong>erat.</strong></span> <span class='ocrx_word' id='word_1_141' title='bbox 1625 2012 1719 2080; x_wconf 70' lang='lat' dir='ltr'><strong>Ha:</strong></span> <span class='ocrx_word' id='word_1_142' title='bbox 1751 2021 1934 2068; x_wconf 89' lang='lat' dir='ltr'><strong>autem</strong></span> 
     </span>
    </p>
   </div>
   <div class='ocr_carea' id='block_1_22' title="bbox 349 2100 1935 2173">
    <p class='ocr_par' dir='ltr' id='par_1_22' title="bbox 349 2100 1935 2173">
     <span class='ocr_line' id='line_1_22' title="bbox 349 2100 1935 2173; baseline 0.005 -21"><span class='ocrx_word' id='word_1_143' title='bbox 349 2108 486 2153; x_wconf 86' lang='lat' dir='ltr'><strong>sunt</strong></span> <span class='ocrx_word' id='word_1_144' title='bbox 521 2100 702 2166; x_wconf 82' lang='lat' dir='ltr'><strong>Pater,</strong></span> <span class='ocrx_word' id='word_1_145' title='bbox 731 2110 787 2156; x_wconf 90' lang='lat' dir='ltr'><strong>et</strong></span> <span class='ocrx_word' id='word_1_146' title='bbox 822 2101 1029 2167; x_wconf 88' lang='lat' dir='ltr'><strong>Filius,</strong></span> <span class='ocrx_word' id='word_1_147' title='bbox 1059 2111 1115 2158; x_wconf 92' lang='lat' dir='ltr'><strong>et</strong></span> <span class='ocrx_word' id='word_1_148' title='bbox 1151 2100 1658 2173; x_wconf 81' lang='lat' dir='ltr'><strong>Spiritussanctus</strong></span> <span class='ocrx_word' id='word_1_149' title='bbox 1692 2123 1705 2160; x_wconf 89' lang='lat'><strong>:</strong></span> <span class='ocrx_word' id='word_1_150' title='bbox 1742 2105 1935 2160; x_wconf 89' lang='lat' dir='ltr'><strong>eadem</strong></span> 
     </span>
    </p>
   </div>
   <div class='ocr_carea' id='block_1_23' title="bbox 349 2189 1935 2260">
    <p class='ocr_par' dir='ltr' id='par_1_23' title="bbox 349 2189 1935 2260">
     <span class='ocr_line' id='line_1_23' title="bbox 349 2189 1935 2260; baseline 0.004 -16"><span class='ocrx_word' id='word_1_151' title='bbox 349 2191 503 2244; x_wconf 88' lang='lat' dir='ltr'><strong>enim</strong></span> <span class='ocrx_word' id='word_1_152' title='bbox 543 2193 839 2260; x_wconf 67' lang='lat' dir='ltr'><strong>saepissime</strong></span> <span class='ocrx_word' id='word_1_153' title='bbox 883 2189 1072 2249; x_wconf 83' lang='lat' dir='ltr'><strong>dieere</strong></span> <span class='ocrx_word' id='word_1_154' title='bbox 1116 2196 1318 2258; x_wconf 86' lang='lat' dir='ltr'><strong>tutius,</strong></span> <span class='ocrx_word' id='word_1_155' title='bbox 1349 2203 1408 2252; x_wconf 89' lang='lat' dir='ltr'><strong>et</strong></span> <span class='ocrx_word' id='word_1_156' title='bbox 1440 2196 1660 2250; x_wconf 85' lang='lat' dir='ltr'><strong>cautius</strong></span> <span class='ocrx_word' id='word_1_157' title='bbox 1700 2204 1786 2250; x_wconf 89' lang='lat' dir='ltr'><strong>est</strong></span> <span class='ocrx_word' id='word_1_158' title='bbox 1825 2215 1844 2250; x_wconf 69' lang='grc' dir='ltr'>ι</span> <span class='ocrx_word' id='word_1_159' title='bbox 1880 2197 1935 2250; x_wconf 91' lang='lat' dir='ltr'><strong>in</strong></span> 
     </span>
    </p>
   </div>
   <div class='ocr_carea' id='block_1_24' title="bbox 351 2281 1936 2362">
    <p class='ocr_par' dir='ltr' id='par_1_24' title="bbox 351 2281 1936 2362">
     <span class='ocr_line' id='line_1_24' title="bbox 351 2281 1936 2362; baseline 0.004 -27"><span class='ocrx_word' id='word_1_160' title='bbox 351 2281 445 2335; x_wconf 86' lang='lat' dir='ltr'><strong>bis</strong></span> <span class='ocrx_word' id='word_1_161' title='bbox 484 2281 773 2338; x_wconf 85' lang='lat' dir='ltr'><strong>initiamur</strong></span> <span class='ocrx_word' id='word_1_162' title='bbox 820 2285 875 2338; x_wconf 93' lang='lat' dir='ltr'><strong>in</strong></span> <span class='ocrx_word' id='word_1_163' title='bbox 912 2286 1224 2354; x_wconf 88' lang='lat' dir='ltr'><strong>baptismo,</strong></span> <span class='ocrx_word' id='word_1_164' title='bbox 1257 2295 1314 2362; x_wconf 68' lang='lat' dir='ltr'><strong>et</strong></span> <span class='ocrx_word' id='word_1_165' title='bbox 1353 2287 1587 2340; x_wconf 86' lang='lat' dir='ltr'><strong>salutem</strong></span> <span class='ocrx_word' id='word_1_166' title='bbox 1634 2302 1732 2358; x_wconf 85' lang='lat' dir='ltr'><strong>per</strong></span> <span class='ocrx_word' id='word_1_167' title='bbox 1772 2286 1936 2341; x_wconf 79' lang='lat' dir='ltr'><strong>[idem</strong></span> 
     </span>
    </p>
   </div>
   <div class='ocr_carea' id='block_1_25' title="bbox 353 2367 1937 2449">
    <p class='ocr_par' dir='ltr' id='par_1_25' title="bbox 353 2367 1937 2449">
     <span class='ocr_line' id='line_1_25' title="bbox 353 2367 1937 2449; baseline 0.003 -21"><span class='ocrx_word' id='word_1_168' title='bbox 353 2385 737 2444; x_wconf 86' lang='lat' dir='ltr'><strong>reportamus,</strong></span> <span class='ocrx_word' id='word_1_169' title='bbox 773 2385 828 2432; x_wconf 91' lang='lat' dir='ltr'><strong>et</strong></span> <span class='ocrx_word' id='word_1_170' title='bbox 863 2377 929 2432; x_wconf 91' lang='lat' dir='ltr'><strong>ad</strong></span> <span class='ocrx_word' id='word_1_171' title='bbox 962 2379 1130 2433; x_wconf 88' lang='lat' dir='ltr'><strong>vitam</strong></span> <span class='ocrx_word' id='word_1_172' title='bbox 1159 2379 1538 2434; x_wconf 81' lang='lat' dir='ltr'><strong>immortalem</strong></span> <span class='ocrx_word' id='word_1_173' title='bbox 1571 2387 1627 2433; x_wconf 89' lang='lat' dir='ltr'><strong>et</strong></span> <span class='ocrx_word' id='word_1_174' title='bbox 1654 2367 1937 2449; x_wconf 86' lang='lat' dir='ltr'><strong>nunquam</strong></span> 
     </span>
    </p>
   </div>
   <div class='ocr_carea' id='block_1_26' title="bbox 353 2455 1938 2534">
    <p class='ocr_par' dir='ltr' id='par_1_26' title="bbox 353 2455 1938 2534">
     <span class='ocr_line' id='line_1_26' title="bbox 353 2455 1938 2534; baseline 0.003 -15"><span class='ocrx_word' id='word_1_175' title='bbox 353 2455 738 2522; x_wconf 82' lang='lat' dir='ltr'><strong>senescentem</strong></span> <span class='ocrx_word' id='word_1_176' title='bbox 770 2483 834 2523; x_wconf 89' lang='lat' dir='ltr'><strong>ac</strong></span> <span class='ocrx_word' id='word_1_177' title='bbox 875 2468 1075 2524; x_wconf 83' lang='lat' dir='ltr'><strong>inﬁniti</strong></span> <span class='ocrx_word' id='word_1_178' title='bbox 1121 2470 1307 2525; x_wconf 65' lang='lat' dir='ltr'><strong>saaculi</strong></span> <span class='ocrx_word' id='word_1_179' title='bbox 1339 2471 1606 2534; x_wconf 89' lang='lat' dir='ltr'><strong>redimus,</strong></span> <span class='ocrx_word' id='word_1_180' title='bbox 1651 2471 1938 2525; x_wconf 87' lang='lat' dir='ltr'><strong>credentes</strong></span> 
     </span>
    </p>
   </div>
   <div class='ocr_carea' id='block_1_27' title="bbox 356 2557 1939 2637">
    <p class='ocr_par' dir='ltr' id='par_1_27' title="bbox 356 2557 1939 2637">
     <span class='ocr_line' id='line_1_27' title="bbox 356 2557 1939 2637; baseline 0.001 -27"><span class='ocrx_word' id='word_1_181' title='bbox 356 2557 416 2636; x_wconf 89' lang='lat' dir='ltr'><strong>in</strong></span> <span class='ocrx_word' id='word_1_182' title='bbox 472 2557 688 2628; x_wconf 33' lang='lat' dir='ltr'><strong>quibus.</strong></span> <span class='ocrx_word' id='word_1_183' title='bbox 730 2559 995 2629; x_wconf 87' lang='lat' dir='ltr'><strong>baptizati</strong></span> <span class='ocrx_word' id='word_1_184' title='bbox 1052 2576 1278 2624; x_wconf 87' lang='lat' dir='ltr'><strong>sumus,</strong></span> <span class='ocrx_word' id='word_1_185' title='bbox 1338 2569 1394 2614; x_wconf 90' lang='lat' dir='ltr'><strong>et</strong></span> <span class='ocrx_word' id='word_1_186' title='bbox 1452 2560 1657 2628; x_wconf 89' lang='lat' dir='ltr'><strong>quibus</strong></span> <span class='ocrx_word' id='word_1_187' title='bbox 1695 2559 1939 2637; x_wconf 77' lang='lat' dir='ltr'><strong>ascripti</strong></span> 
     </span>
    </p>
   </div>
   <div class='ocr_carea' id='block_1_28' title="bbox 357 2647 1940 2721">
    <p class='ocr_par' dir='ltr' id='par_1_28' title="bbox 357 2647 1940 2721">
     <span class='ocr_line' id='line_1_28' title="bbox 357 2647 1940 2721; baseline 0.002 -18"><span class='ocrx_word' id='word_1_188' title='bbox 357 2647 554 2705; x_wconf 87' lang='lat' dir='ltr'><strong>sumus</strong></span> <span class='ocrx_word' id='word_1_189' title='bbox 602 2671 614 2704; x_wconf 93' lang='lat'><strong>:</strong></span> <span class='ocrx_word' id='word_1_190' title='bbox 660 2652 717 2706; x_wconf 88' lang='lat' dir='ltr'><strong>hi</strong></span> <span class='ocrx_word' id='word_1_191' title='bbox 763 2663 946 2708; x_wconf 87' lang='lat' dir='ltr'><strong>autem</strong></span> <span class='ocrx_word' id='word_1_192' title='bbox 990 2661 1121 2709; x_wconf 90' lang='lat' dir='ltr'><strong>sunt</strong></span> <span class='ocrx_word' id='word_1_193' title='bbox 1157 2669 1300 2708; x_wconf 89' lang='lat' dir='ltr'><strong>unus</strong></span> <span class='ocrx_word' id='word_1_194' title='bbox 1341 2653 1488 2707; x_wconf 90' lang='lat' dir='ltr'><strong>Deus</strong></span> <span class='ocrx_word' id='word_1_195' title='bbox 1527 2654 1700 2718; x_wconf 87' lang='lat' dir='ltr'><strong>solus,</strong></span> <span class='ocrx_word' id='word_1_196' title='bbox 1733 2653 1788 2706; x_wconf 93' lang='lat' dir='ltr'><strong>in</strong></span> <span class='ocrx_word' id='word_1_197' title='bbox 1829 2667 1940 2721; x_wconf 90' lang='lat' dir='ltr'><strong>quo</strong></span> 
     </span>
    </p>
   </div>
   <div class='ocr_carea' id='block_1_29' title="bbox 357 2745 1937 2820">
    <p class='ocr_par' dir='ltr' id='par_1_29' title="bbox 357 2745 1937 2820">
     <span class='ocr_line' id='line_1_29' title="bbox 357 2745 1937 2820; baseline 0.001 -24"><span class='ocrx_word' id='word_1_198' title='bbox 357 2757 672 2812; x_wconf 85' lang='lat' dir='ltr'><strong>generans,</strong></span> <span class='ocrx_word' id='word_1_199' title='bbox 716 2754 773 2800; x_wconf 90' lang='lat' dir='ltr'><strong>et</strong></span> <span class='ocrx_word' id='word_1_200' title='bbox 815 2745 1069 2815; x_wconf 88' lang='lat' dir='ltr'><strong>genitus,</strong></span> <span class='ocrx_word' id='word_1_201' title='bbox 1114 2754 1170 2800; x_wconf 89' lang='lat' dir='ltr'><strong>et</strong></span> <span class='ocrx_word' id='word_1_202' title='bbox 1213 2745 1528 2820; x_wconf 88' lang='lat' dir='ltr'><strong>procedens</strong></span> <span class='ocrx_word' id='word_1_203' title='bbox 1579 2759 1724 2798; x_wconf 91' lang='lat' dir='ltr'><strong>unus</strong></span> <span class='ocrx_word' id='word_1_204' title='bbox 1775 2745 1937 2798; x_wconf 90' lang='lat' dir='ltr'><strong>Deus.</strong></span> 
     </span>
    </p>
   </div>
   <div class='ocr_carea' id='block_1_30' title="bbox 358 2835 1940 2907">
    <p class='ocr_par' dir='ltr' id='par_1_30' title="bbox 358 2835 1940 2907">
     <span class='ocr_line' id='line_1_30' title="bbox 358 2835 1940 2907; baseline 0.003 -21"><span class='ocrx_word' id='word_1_205' title='bbox 358 2835 593 2890; x_wconf 80' lang='lat' dir='ltr'><strong>Omissis</strong></span> <span class='ocrx_word' id='word_1_206' title='bbox 611 2837 777 2906; x_wconf 82' lang='lat' dir='ltr'><strong>igitur</strong></span> <span class='ocrx_word' id='word_1_207' title='bbox 789 2837 1104 2907; x_wconf 85' lang='lat' dir='ltr'><strong>superiluis,</strong></span> <span class='ocrx_word' id='word_1_208' title='bbox 1120 2849 1436 2893; x_wconf 85' lang='lat' dir='ltr'><strong>sanctorum</strong></span> <span class='ocrx_word' id='word_1_209' title='bbox 1449 2838 1681 2892; x_wconf 81' lang='lat' dir='ltr'><strong>vocibus</strong></span> <span class='ocrx_word' id='word_1_210' title='bbox 1697 2845 1940 2904; x_wconf 87' lang='lat' dir='ltr'><strong>utamur,</strong></span> 
     </span>
    </p>
   </div>
   <div class='ocr_carea' id='block_1_31' title="bbox 358 2926 1942 2998">
    <p class='ocr_par' dir='ltr' id='par_1_31' title="bbox 358 2926 1942 2998">
     <span class='ocr_line' id='line_1_31' title="bbox 358 2926 1942 2998; baseline 0.001 -18"><span class='ocrx_word' id='word_1_211' title='bbox 358 2942 487 2996; x_wconf 75' lang='lat' dir='ltr'><strong>qua:</strong></span> <span class='ocrx_word' id='word_1_212' title='bbox 520 2928 853 2998; x_wconf 83' lang='lat' dir='ltr'><strong>nobis‘ipsis</strong></span> <span class='ocrx_word' id='word_1_213' title='bbox 895 2929 1046 2998; x_wconf 90' lang='lat' dir='ltr'><strong>quod</strong></span> <span class='ocrx_word' id='word_1_214' title='bbox 1089 2939 1268 2985; x_wconf 90' lang='lat' dir='ltr'><strong>tutum</strong></span> <span class='ocrx_word' id='word_1_215' title='bbox 1311 2938 1397 2984; x_wconf 88' lang='lat' dir='ltr'><strong>est</strong></span> <span class='ocrx_word' id='word_1_216' title='bbox 1427 2938 1484 2983; x_wconf 90' lang='lat' dir='ltr'><strong>et</strong></span> <span class='ocrx_word' id='word_1_217' title='bbox 1517 2928 1683 2983; x_wconf 91' lang='lat' dir='ltr'><strong>simul</strong></span> <span class='ocrx_word' id='word_1_218' title='bbox 1723 2943 1755 2981; x_wconf 92' lang='lat' dir='ltr'><strong>a</strong></span> <span class='ocrx_word' id='word_1_219' title='bbox 1789 2926 1942 2997; x_wconf 88' lang='lat' dir='ltr'><strong>peri-</strong></span> 
     </span>
    </p>
   </div>
   <div class='ocr_carea' id='block_1_32' title="bbox 360 3015 1941 3091">
    <p class='ocr_par' dir='ltr' id='par_1_32' title="bbox 360 3015 1941 3091">
     <span class='ocr_line' id='line_1_32' title="bbox 360 3015 1941 3091; baseline 0.003 -22"><span class='ocrx_word' id='word_1_220' title='bbox 360 3016 491 3070; x_wconf 90' lang='lat' dir='ltr'><strong>culo</strong></span> <span class='ocrx_word' id='word_1_221' title='bbox 516 3027 697 3081; x_wconf 83' lang='lat' dir='ltr'><strong>vacat,</strong></span> <span class='ocrx_word' id='word_1_222' title='bbox 729 3018 999 3087; x_wconf 61' lang='lat' dir='ltr'><strong>praebent.</strong></span> <span class='ocrx_word' id='word_1_223' title='bbox 1025 3018 1119 3074; x_wconf 72' lang='lat' dir='ltr'><strong>Hae</strong></span> <span class='ocrx_word' id='word_1_224' title='bbox 1147 3015 1332 3074; x_wconf 75' lang='lat' dir='ltr'><strong>autem</strong></span> <span class='ocrx_word' id='word_1_225' title='bbox 1362 3034 1528 3076; x_wconf 87' lang='lat' dir='ltr'><strong>voces</strong></span> <span class='ocrx_word' id='word_1_226' title='bbox 1561 3020 1941 3091; x_wconf 83' lang='lat' dir='ltr'><strong>theologorum</strong></span> 
     </span>
    </p>
   </div>
   <div class='ocr_carea' id='block_1_33' title="bbox 359 3105 1942 3183">
    <p class='ocr_par' dir='ltr' id='par_1_33' title="bbox 359 3105 1942 3183">
     <span class='ocr_line' id='line_1_33' title="bbox 359 3105 1942 3183; baseline 0.004 -21"><span class='ocrx_word' id='word_1_227' title='bbox 359 3108 738 3179; x_wconf 80' lang='lat' dir='ltr'><strong>generationis</strong></span> <span class='ocrx_word' id='word_1_228' title='bbox 773 3111 1176 3176; x_wconf 89' lang='lat' dir='ltr'><strong>meminerunt,</strong></span> <span class='ocrx_word' id='word_1_229' title='bbox 1210 3112 1553 3168; x_wconf 90' lang='lat' dir='ltr'><strong>declarantcs</strong></span> <span class='ocrx_word' id='word_1_230' title='bbox 1586 3105 1749 3183; x_wconf 87' lang='lat' dir='ltr'><strong>plane</strong></span> <span class='ocrx_word' id='word_1_231' title='bbox 1784 3113 1942 3168; x_wconf 92' lang='lat' dir='ltr'><strong>habi-</strong></span> 
     </span>
    </p>
   </div>
   <div class='ocr_carea' id='block_1_34' title="bbox 363 3201 1946 3276">
    <p class='ocr_par' dir='ltr' id='par_1_34' title="bbox 363 3201 1946 3276">
     <span class='ocr_line' id='line_1_34' title="bbox 363 3201 1946 3276; baseline 0.003 -20"><span class='ocrx_word' id='word_1_232' title='bbox 363 3201 614 3258; x_wconf 88' lang='lat' dir='ltr'><strong>tudinem</strong></span> <span class='ocrx_word' id='word_1_233' title='bbox 637 3244 651 3268; x_wconf 93' lang='lat'><strong>,</strong></span> <span class='ocrx_word' id='word_1_234' title='bbox 688 3219 853 3273; x_wconf 91' lang='lat' dir='ltr'><strong>quam</strong></span> <span class='ocrx_word' id='word_1_235' title='bbox 896 3204 1064 3265; x_wconf 83' lang='lat' dir='ltr'><strong>habet</strong></span> <span class='ocrx_word' id='word_1_236' title='bbox 1098 3204 1436 3276; x_wconf 88' lang='lat' dir='ltr'><strong>principium</strong></span> <span class='ocrx_word' id='word_1_237' title='bbox 1480 3205 1549 3261; x_wconf 90' lang='lat' dir='ltr'><strong>ad</strong></span> <span class='ocrx_word' id='word_1_238' title='bbox 1587 3222 1713 3261; x_wconf 90' lang='lat' dir='ltr'><strong>eum</strong></span> <span class='ocrx_word' id='word_1_239' title='bbox 1749 3207 1843 3276; x_wconf 90' lang='lat' dir='ltr'><strong>qui</strong></span> <span class='ocrx_word' id='word_1_240' title='bbox 1877 3221 1946 3260; x_wconf 83' lang='lat' dir='ltr'><strong>ex</strong></span> 
     </span>
    </p>
   </div>
   <div class='ocr_carea' id='block_1_35' title="bbox 363 3292 1946 3368">
    <p class='ocr_par' dir='ltr' id='par_1_35' title="bbox 363 3292 1946 3368">
     <span class='ocr_line' id='line_1_35' title="bbox 363 3292 1946 3368; baseline 0.001 -18"><span class='ocrx_word' id='word_1_241' title='bbox 363 3292 486 3364; x_wconf 90' lang='lat' dir='ltr'><strong>ipso</strong></span> <span class='ocrx_word' id='word_1_242' title='bbox 530 3293 807 3368; x_wconf 85' lang='lat' dir='ltr'><strong>principio</strong></span> <span class='ocrx_word' id='word_1_243' title='bbox 856 3297 1076 3359; x_wconf 79' lang='lat' dir='ltr'><strong>exsistit</strong></span> <span class='ocrx_word' id='word_1_244' title='bbox 1121 3316 1134 3352; x_wconf 88' lang='lat'><strong>:</strong></span> <span class='ocrx_word' id='word_1_245' title='bbox 1185 3297 1300 3368; x_wconf 86' lang='lat' dir='ltr'><strong>Ego</strong></span> <span class='ocrx_word' id='word_1_246' title='bbox 1346 3299 1524 3364; x_wconf 91' lang='lat' dir='ltr'><strong>enim,</strong></span> <span class='ocrx_word' id='word_1_247' title='bbox 1556 3298 1764 3368; x_wconf 85' lang='lat' dir='ltr'><strong>inquit,</strong></span> <span class='ocrx_word' id='word_1_248' title='bbox 1795 3299 1946 3352; x_wconf 83' lang='lat' dir='ltr'><strong>hodie</strong></span> 
     </span>
    </p>
   </div>
   <div class='ocr_carea' id='block_1_36' title="bbox 361 3388 1946 3460">
    <p class='ocr_par' dir='ltr' id='par_1_36' title="bbox 361 3388 1946 3460">
     <span class='ocr_line' id='line_1_36' title="bbox 361 3388 1946 3460; baseline 0.002 -20"><span class='ocrx_word' id='word_1_249' title='bbox 361 3389 523 3457; x_wconf 84' lang='lat' dir='ltr'><strong>genui</strong></span> <span class='ocrx_word' id='word_1_250' title='bbox 559 3394 607 3442; x_wconf 90' lang='lat' dir='ltr'><strong>te</strong></span> <span class='ocrx_word' id='word_1_251' title='bbox 627 3388 702 3454; x_wconf 76' lang='lat'><strong>&quot;‘;</strong></span> <span class='ocrx_word' id='word_1_252' title='bbox 745 3399 803 3444; x_wconf 92' lang='lat' dir='ltr'><strong>et</strong></span> <span class='ocrx_word' id='word_1_253' title='bbox 843 3407 857 3443; x_wconf 90' lang='lat'><strong>:</strong></span> <span class='ocrx_word' id='word_1_254' title='bbox 891 3389 1029 3446; x_wconf 81' lang='lat' dir='ltr'><strong>Ante</strong></span> <span class='ocrx_word' id='word_1_255' title='bbox 1075 3388 1354 3460; x_wconf 78' lang='lat' dir='ltr'><strong>luciferum</strong></span> <span class='ocrx_word' id='word_1_256' title='bbox 1393 3391 1551 3460; x_wconf 83' lang='lat' dir='ltr'><strong>genui</strong></span> <span class='ocrx_word' id='word_1_257' title='bbox 1593 3397 1642 3442; x_wconf 89' lang='lat' dir='ltr'><strong>te</strong></span> <span class='ocrx_word' id='word_1_258' title='bbox 1661 3391 1740 3458; x_wconf 67' lang='lat'><strong>9“;</strong></span> <span class='ocrx_word' id='word_1_259' title='bbox 1782 3397 1946 3459; x_wconf 88' lang='lat' dir='ltr'><strong>atque</strong></span> 
     </span>
    </p>
   </div>
   <div class='ocr_carea' id='block_1_37' title="bbox 365 3475 1946 3550">
    <p class='ocr_par' dir='ltr' id='par_1_37' title="bbox 365 3475 1946 3550">
     <span class='ocr_line' id='line_1_37' title="bbox 365 3475 1946 3550; baseline 0.003 -21"><span class='ocrx_word' id='word_1_260' title='bbox 365 3475 487 3530; x_wconf 63' lang='lat' dir='ltr'><strong>haec</strong></span> <span class='ocrx_word' id='word_1_261' title='bbox 519 3476 744 3546; x_wconf 90' lang='lat' dir='ltr'><strong>quidem</strong></span> <span class='ocrx_word' id='word_1_262' title='bbox 783 3485 1044 3548; x_wconf 88' lang='lat' dir='ltr'><strong>tanquam</strong></span> <span class='ocrx_word' id='word_1_263' title='bbox 1081 3494 1111 3533; x_wconf 88' lang='lat' dir='ltr'><strong>a</strong></span> <span class='ocrx_word' id='word_1_264' title='bbox 1145 3479 1419 3548; x_wconf 85' lang='lat' dir='ltr'><strong>principio</strong></span> <span class='ocrx_word' id='word_1_265' title='bbox 1460 3498 1472 3532; x_wconf 92' lang='lat'>:</span> <span class='ocrx_word' id='word_1_266' title='bbox 1507 3479 1576 3535; x_wconf 91' lang='lat' dir='ltr'><strong>ab</strong></span> <span class='ocrx_word' id='word_1_267' title='bbox 1611 3479 1727 3550; x_wconf 90' lang='lat' dir='ltr'><strong>ipsa</strong></span> <span class='ocrx_word' id='word_1_268' title='bbox 1761 3488 1946 3534; x_wconf 89' lang='lat' dir='ltr'><strong>autem</strong></span> 
     </span>
    </p>
   </div>
   <div class='ocr_carea' id='block_1_38' title="bbox 369 3555 1946 3638">
    <p class='ocr_par' dir='ltr' id='par_1_38' title="bbox 369 3555 1946 3638">
     <span class='ocr_line' id='line_1_38' title="bbox 369 3555 1946 3638; baseline 0.002 -15"><span class='ocrx_word' id='word_1_269' title='bbox 369 3567 656 3638; x_wconf 87' lang='lat' dir='ltr'><strong>Sapientia</strong></span> <span class='ocrx_word' id='word_1_270' title='bbox 706 3569 843 3625; x_wconf 91' lang='lat' dir='ltr'><strong>illud</strong></span> <span class='ocrx_word' id='word_1_271' title='bbox 891 3571 1100 3627; x_wconf 88' lang='lat' dir='ltr'><strong>dictum</strong></span> <span class='ocrx_word' id='word_1_272' title='bbox 1151 3579 1237 3626; x_wconf 92' lang='lat' dir='ltr'><strong>est</strong></span> <span class='ocrx_word' id='word_1_273' title='bbox 1289 3589 1302 3625; x_wconf 91' lang='lat'>:</span> <span class='ocrx_word' id='word_1_274' title='bbox 1354 3573 1493 3627; x_wconf 81' lang='lat' dir='ltr'><strong>Ante</strong></span> <span class='ocrx_word' id='word_1_275' title='bbox 1549 3560 1738 3626; x_wconf 41' lang='lat' dir='ltr'><strong>omnes.</strong></span> <span class='ocrx_word' id='word_1_276' title='bbox 1785 3555 1946 3626; x_wconf 73' lang='lat' dir='ltr'><strong>colles</strong></span> 
     </span>
    </p>
   </div>
   <div class='ocr_carea' id='block_1_39' title="bbox 367 3659 1949 3733">
    <p class='ocr_par' dir='ltr' id='par_1_39' title="bbox 367 3659 1949 3733">
     <span class='ocr_line' id='line_1_39' title="bbox 367 3659 1949 3733; baseline 0.003 -19"><span class='ocrx_word' id='word_1_277' title='bbox 367 3659 610 3730; x_wconf 79' lang='lat' dir='ltr'><strong>generat</strong></span> <span class='ocrx_word' id='word_1_278' title='bbox 640 3677 722 3714; x_wconf 89' lang='lat' dir='ltr'><strong>me</strong></span> <span class='ocrx_word' id='word_1_279' title='bbox 744 3662 815 3727; x_wconf 76' lang='grc'><strong>⁸⁸,</strong></span> <span class='ocrx_word' id='word_1_280' title='bbox 861 3662 1010 3717; x_wconf 88' lang='lat' dir='ltr'><strong>Deus</strong></span> <span class='ocrx_word' id='word_1_281' title='bbox 1056 3662 1290 3718; x_wconf 89' lang='lat' dir='ltr'><strong>scilicet.</strong></span> <span class='ocrx_word' id='word_1_282' title='bbox 1331 3663 1638 3719; x_wconf 90' lang='lat' dir='ltr'><strong>Didicimus</strong></span> <span class='ocrx_word' id='word_1_283' title='bbox 1685 3671 1949 3733; x_wconf 82' lang='lat' dir='ltr'><strong>praeterea</strong></span> 
     </span>
    </p>
   </div>
   <div class='ocr_carea' id='block_1_40' title="bbox 364 3752 1950 3821">
    <p class='ocr_par' dir='ltr' id='par_1_40' title="bbox 364 3752 1950 3821">
     <span class='ocr_line' id='line_1_40' title="bbox 364 3752 1950 3821; baseline 0.001 -15"><span class='ocrx_word' id='word_1_284' title='bbox 364 3752 795 3821; x_wconf 89' lang='lat' dir='ltr'><strong>appellationem</strong></span> <span class='ocrx_word' id='word_1_285' title='bbox 834 3752 1016 3807; x_wconf 87' lang='lat' dir='ltr'><strong>Patris</strong></span> <span class='ocrx_word' id='word_1_286' title='bbox 1055 3769 1069 3807; x_wconf 90' lang='lat'><strong>:</strong></span> <span class='ocrx_word' id='word_1_287' title='bbox 1111 3753 1277 3808; x_wconf 87' lang='lat' dir='ltr'><strong>Pater</strong></span> <span class='ocrx_word' id='word_1_288' title='bbox 1315 3755 1456 3808; x_wconf 87' lang='lat' dir='ltr'><strong>enim</strong></span> <span class='ocrx_word' id='word_1_289' title='bbox 1496 3755 1637 3808; x_wconf 75' lang='lat' dir='ltr'><strong>misit</strong></span> <span class='ocrx_word' id='word_1_290' title='bbox 1677 3771 1758 3808; x_wconf 86' lang='lat' dir='ltr'><strong>me</strong></span> <span class='ocrx_word' id='word_1_291' title='bbox 1781 3753 1847 3818; x_wconf 75' lang='grc'><strong>⁸⁷,</strong></span> <span class='ocrx_word' id='word_1_292' title='bbox 1871 3753 1950 3808; x_wconf 88' lang='lat' dir='ltr'><strong>ait</strong></span> 
     </span>
    </p>
   </div>
   <div class='ocr_carea' id='block_1_41' title="bbox 368 3843 1947 3917">
    <p class='ocr_par' dir='ltr' id='par_1_41' title="bbox 368 3843 1947 3917">
     <span class='ocr_line' id='line_1_41' title="bbox 368 3843 1947 3917; baseline 0 -17"><span class='ocrx_word' id='word_1_293' title='bbox 368 3845 647 3912; x_wconf 80' lang='lat' dir='ltr'><strong>Salvator;</strong></span> <span class='ocrx_word' id='word_1_294' title='bbox 681 3853 737 3900; x_wconf 90' lang='lat' dir='ltr'><strong>et</strong></span> <span class='ocrx_word' id='word_1_295' title='bbox 772 3843 932 3917; x_wconf 86' lang='lat' dir='ltr'><strong>:Ego</strong></span> <span class='ocrx_word' id='word_1_296' title='bbox 964 3864 996 3900; x_wconf 87' lang='lat' dir='ltr'><strong>a</strong></span> <span class='ocrx_word' id='word_1_297' title='bbox 1025 3845 1188 3900; x_wconf 85' lang='lat' dir='ltr'><strong>Patre</strong></span> <span class='ocrx_word' id='word_1_298' title='bbox 1217 3847 1384 3910; x_wconf 67' lang='lat' dir='ltr'><strong>exivi,</strong></span> <span class='ocrx_word' id='word_1_299' title='bbox 1409 3853 1460 3899; x_wconf 86' lang='lat' dir='ltr'><strong>et</strong></span> <span class='ocrx_word' id='word_1_300' title='bbox 1488 3848 1638 3900; x_wconf 81' lang='lat' dir='ltr'><strong>venio</strong></span> <span class='ocrx_word' id='word_1_301' title='bbox 1655 3845 1722 3911; x_wconf 78' lang='grc'><strong>⁸⁸,</strong></span> <span class='ocrx_word' id='word_1_302' title='bbox 1753 3853 1810 3900; x_wconf 82' lang='grc' dir='ltr'>ει</span> <span class='ocrx_word' id='word_1_303' title='bbox 1842 3845 1947 3900; x_wconf 92' lang='lat' dir='ltr'><strong>alia</strong></span> 
     </span>
    </p>
   </div>
   <div class='ocr_carea' id='block_1_42' title="bbox 365 3937 1964 4015">
    <p class='ocr_par' dir='ltr' id='par_1_42' title="bbox 365 3937 1964 4015">
     <span class='ocr_line' id='line_1_42' title="bbox 365 3937 1964 4015; baseline -0.001 -22"><span class='ocrx_word' id='word_1_304' title='bbox 365 3939 1029 4009; x_wconf 82' lang='lat' dir='ltr'><strong>ejusmodi.Vocaverunt</strong></span> <span class='ocrx_word' id='word_1_305' title='bbox 1049 3946 1232 3993; x_wconf 90' lang='lat' dir='ltr'><strong>autem</strong></span> <span class='ocrx_word' id='word_1_306' title='bbox 1257 3937 1562 4008; x_wconf 59' lang='lat' dir='ltr'><strong>Scriptura:</strong></span> <span class='ocrx_word' id='word_1_307' title='bbox 1589 3939 1794 3994; x_wconf 75' lang='lat' dir='ltr'><strong>sanctae</strong></span> <span class='ocrx_word' id='word_1_308' title='bbox 1819 3953 1964 4015; x_wconf 87' lang='lat' dir='ltr'><strong>eum_</strong></span> 
     </span>
    </p>
   </div>
   <div class='ocr_carea' id='block_1_43' title="bbox 366 4028 1945 4100">
    <p class='ocr_par' dir='ltr' id='par_1_43' title="bbox 366 4028 1945 4100">
     <span class='ocr_line' id='line_1_43' title="bbox 366 4028 1945 4100; baseline 0 -16"><span class='ocrx_word' id='word_1_309' title='bbox 366 4030 467 4100; x_wconf 92' lang='lat' dir='ltr'><strong>qui</strong></span> <span class='ocrx_word' id='word_1_310' title='bbox 515 4030 734 4100; x_wconf 89' lang='lat' dir='ltr'><strong>genitus</strong></span> <span class='ocrx_word' id='word_1_311' title='bbox 781 4037 899 4095; x_wconf 89' lang='lat' dir='ltr'><strong>est,</strong></span> <span class='ocrx_word' id='word_1_312' title='bbox 934 4029 1170 4096; x_wconf 88' lang='lat' dir='ltr'><strong>Filium;</strong></span> <span class='ocrx_word' id='word_1_313' title='bbox 1221 4029 1366 4085; x_wconf 91' lang='lat' dir='ltr'><strong>sicut</strong></span> <span class='ocrx_word' id='word_1_314' title='bbox 1408 4045 1535 4084; x_wconf 91' lang='lat' dir='ltr'><strong>eum</strong></span> <span class='ocrx_word' id='word_1_315' title='bbox 1579 4028 1675 4099; x_wconf 90' lang='lat' dir='ltr'><strong>qui</strong></span> <span class='ocrx_word' id='word_1_316' title='bbox 1720 4031 1945 4100; x_wconf 82' lang='lat' dir='ltr'><strong>genuit,</strong></span> 
     </span>
    </p>
   </div>
   <div class='ocr_carea' id='block_1_44' title="bbox 369 4116 1950 4191">
    <p class='ocr_par' dir='ltr' id='par_1_44' title="bbox 369 4116 1950 4191">
     <span class='ocr_line' id='line_1_44' title="bbox 369 4116 1950 4191; baseline 0 -15"><span class='ocrx_word' id='word_1_317' title='bbox 369 4121 596 4176; x_wconf 86' lang='lat' dir='ltr'><strong>Patrem</strong></span> <span class='ocrx_word' id='word_1_318' title='bbox 650 4139 664 4174; x_wconf 89' lang='lat'><strong>:</strong></span> <span class='ocrx_word' id='word_1_319' title='bbox 707 4120 875 4176; x_wconf 78' lang='lat' dir='ltr'><strong>Filius</strong></span> <span class='ocrx_word' id='word_1_320' title='bbox 923 4123 1072 4177; x_wconf 91' lang='lat' dir='ltr'><strong>enim</strong></span> <span class='ocrx_word' id='word_1_321' title='bbox 1094 4163 1114 4190; x_wconf 24' lang='grc' dir='ltr'><strong>,α</strong></span> <span class='ocrx_word' id='word_1_322' title='bbox 1143 4116 1353 4191; x_wconf 83' lang='lat' dir='ltr'><strong>inquit,</strong></span> <span class='ocrx_word' id='word_1_323' title='bbox 1386 4138 1529 4177; x_wconf 82' lang='lat' dir='ltr'><strong>meus</strong></span> <span class='ocrx_word' id='word_1_324' title='bbox 1577 4137 1629 4175; x_wconf 86' lang='lat' dir='ltr'><strong>es</strong></span> <span class='ocrx_word' id='word_1_325' title='bbox 1681 4129 1738 4176; x_wconf 86' lang='lat' dir='ltr'><strong>tu</strong></span> <span class='ocrx_word' id='word_1_326' title='bbox 1757 4119 1824 4176; x_wconf 75' lang='grc'><strong>⁸³.</strong></span> <span class='ocrx_word' id='word_1_327' title='bbox 1859 4121 1950 4176; x_wconf 91' lang='lat' dir='ltr'><strong>Sic</strong></span> 
     </span>
    </p>
   </div>
   <div class='ocr_carea' id='block_1_45' title="bbox 368 4214 1948 4285">
    <p class='ocr_par' dir='ltr' id='par_1_45' title="bbox 368 4214 1948 4285">
     <span class='ocr_line' id='line_1_45' title="bbox 368 4214 1948 4285; baseline 0 -15"><span class='ocrx_word' id='word_1_328' title='bbox 368 4214 559 4270; x_wconf 89' lang='lat' dir='ltr'><strong>divina</strong></span> <span class='ocrx_word' id='word_1_329' title='bbox 597 4215 882 4285; x_wconf 88' lang='lat' dir='ltr'><strong>Scriptura</strong></span> <span class='ocrx_word' id='word_1_330' title='bbox 922 4216 1132 4270; x_wconf 89' lang='lat' dir='ltr'><strong>nostris</strong></span> <span class='ocrx_word' id='word_1_331' title='bbox 1169 4215 1492 4271; x_wconf 86' lang='lat' dir='ltr'><strong>nominibus</strong></span> <span class='ocrx_word' id='word_1_332' title='bbox 1526 4230 1628 4270; x_wconf 93' lang='lat' dir='ltr'><strong>nos</strong></span> <span class='ocrx_word' id='word_1_333' title='bbox 1660 4214 1726 4270; x_wconf 90' lang='lat' dir='ltr'><strong>ad</strong></span> <span class='ocrx_word' id='word_1_334' title='bbox 1762 4231 1948 4270; x_wconf 84' lang='lat' dir='ltr'><strong>veram</strong></span> 
     </span>
    </p>
   </div>
   <div class='ocr_carea' id='block_1_46' title="bbox 371 4307 1950 4376">
    <p class='ocr_par' dir='ltr' id='par_1_46' title="bbox 371 4307 1950 4376">
     <span class='ocr_line' id='line_1_46' title="bbox 371 4307 1950 4376; baseline -0.001 -15"><span class='ocrx_word' id='word_1_335' title='bbox 371 4307 750 4376; x_wconf 80' lang='lat' dir='ltr'><strong>cognitionem</strong></span> <span class='ocrx_word' id='word_1_336' title='bbox 800 4307 1095 4371; x_wconf 77' lang='lat' dir='ltr'><strong>instruxit,</strong></span> <span class='ocrx_word' id='word_1_337' title='bbox 1131 4308 1226 4376; x_wconf 90' lang='lat' dir='ltr'><strong>qui</strong></span> <span class='ocrx_word' id='word_1_338' title='bbox 1276 4322 1386 4360; x_wconf 90' lang='lat' dir='ltr'><strong>non</strong></span> <span class='ocrx_word' id='word_1_339' title='bbox 1434 4315 1750 4376; x_wconf 88' lang='lat' dir='ltr'><strong>poteramus</strong></span> <span class='ocrx_word' id='word_1_340' title='bbox 1789 4307 1950 4362; x_wconf 89' lang='lat' dir='ltr'><strong>aliter</strong></span> 
     </span>
    </p>
   </div>
   <div class='ocr_carea' id='block_1_47' title="bbox 373 4396 1949 4468">
    <p class='ocr_par' dir='ltr' id='par_1_47' title="bbox 373 4396 1949 4468">
     <span class='ocr_line' id='line_1_47' title="bbox 373 4396 1949 4468; baseline -0.001 -16"><span class='ocrx_word' id='word_1_341' title='bbox 373 4397 565 4452; x_wconf 88' lang='lat' dir='ltr'><strong>doceri</strong></span> <span class='ocrx_word' id='word_1_342' title='bbox 597 4412 661 4451; x_wconf 90' lang='lat' dir='ltr'><strong>ea</strong></span> <span class='ocrx_word' id='word_1_343' title='bbox 689 4412 810 4466; x_wconf 71' lang='lat' dir='ltr'><strong>qua:</strong></span> <span class='ocrx_word' id='word_1_344' title='bbox 840 4397 1072 4466; x_wconf 87' lang='lat' dir='ltr'><strong>spiritus</strong></span> <span class='ocrx_word' id='word_1_345' title='bbox 1105 4406 1237 4452; x_wconf 84' lang='lat' dir='ltr'><strong>sunt</strong></span> <span class='ocrx_word' id='word_1_346' title='bbox 1273 4414 1286 4450; x_wconf 88' lang='lat'><strong>:</strong></span> <span class='ocrx_word' id='word_1_347' title='bbox 1323 4412 1426 4452; x_wconf 91' lang='lat' dir='ltr'><strong>nec</strong></span> <span class='ocrx_word' id='word_1_348' title='bbox 1459 4398 1606 4451; x_wconf 91' lang='lat' dir='ltr'><strong>enim</strong></span> <span class='ocrx_word' id='word_1_349' title='bbox 1642 4396 1770 4466; x_wconf 87' lang='lat' dir='ltr'><strong>quia</strong></span> <span class='ocrx_word' id='word_1_350' title='bbox 1801 4398 1949 4468; x_wconf 85' lang='lat' dir='ltr'><strong>Deus</strong></span> 
     </span>
    </p>
   </div>
   <div class='ocr_carea' id='block_1_48' title="bbox 2029 543 3603 615">
    <p class='ocr_par' dir='ltr' id='par_1_48' title="bbox 2029 543 3603 615">
     <span class='ocr_line' id='line_1_48' title="bbox 2029 543 3603 615; baseline -0.003 -15"><span class='ocrx_word' id='word_1_351' title='bbox 2029 554 2137 600; x_wconf 90' lang='lat' dir='ltr'><strong>tem</strong></span> <span class='ocrx_word' id='word_1_352' title='bbox 2164 546 2331 600; x_wconf 84' lang='lat' dir='ltr'><strong>vellet</strong></span> <span class='ocrx_word' id='word_1_353' title='bbox 2355 561 2452 601; x_wconf 90' lang='lat' dir='ltr'><strong>eos</strong></span> <span class='ocrx_word' id='word_1_354' title='bbox 2478 547 2572 615; x_wconf 90' lang='lat' dir='ltr'><strong>qui</strong></span> <span class='ocrx_word' id='word_1_355' title='bbox 2597 559 2788 599; x_wconf 90' lang='lat' dir='ltr'><strong>errore</strong></span> <span class='ocrx_word' id='word_1_356' title='bbox 2814 543 3100 608; x_wconf 89' lang='lat' dir='ltr'><strong>labuntur,</strong></span> <span class='ocrx_word' id='word_1_357' title='bbox 3123 543 3413 606; x_wconf 91' lang='lat' dir='ltr'><strong>dedocere,</strong></span> <span class='ocrx_word' id='word_1_358' title='bbox 3438 557 3603 611; x_wconf 86' lang='lat' dir='ltr'><strong>quam</strong></span> 
     </span>
    </p>
   </div>
   <div class='ocr_carea' id='block_1_49' title="bbox 2026 632 3605 707">
    <p class='ocr_par' dir='ltr' id='par_1_49' title="bbox 2026 632 3605 707">
     <span class='ocr_line' id='line_1_49' title="bbox 2026 632 3605 707; baseline -0.002 -17"><span class='ocrx_word' id='word_1_359' title='bbox 2026 637 2374 707; x_wconf 77' lang='lat' dir='ltr'><strong>vocepatria</strong></span> <span class='ocrx_word' id='word_1_360' title='bbox 2403 644 2459 690; x_wconf 90' lang='lat' dir='ltr'><strong>et</strong></span> <span class='ocrx_word' id='word_1_361' title='bbox 2485 637 2684 690; x_wconf 88' lang='lat' dir='ltr'><strong>usitata</strong></span> <span class='ocrx_word' id='word_1_362' title='bbox 2717 634 3064 688; x_wconf 88' lang='lat' dir='ltr'><strong>auditoribus</strong></span> <span class='ocrx_word' id='word_1_363' title='bbox 3100 634 3217 688; x_wconf 91' lang='lat' dir='ltr'><strong>uti?</strong></span> <span class='ocrx_word' id='word_1_364' title='bbox 3254 642 3312 688; x_wconf 91' lang='lat' dir='ltr'><strong>ut</strong></span> <span class='ocrx_word' id='word_1_365' title='bbox 3344 649 3410 687; x_wconf 77' lang='lat' dir='ltr'><strong>cx</strong></span> <span class='ocrx_word' id='word_1_366' title='bbox 3445 632 3605 687; x_wconf 88' lang='lat' dir='ltr'><strong>nobis</strong></span> 
     </span>
    </p>
   </div>
   <div class='ocr_carea' id='block_1_50' title="bbox 2028 723 3604 799">
    <p class='ocr_par' dir='ltr' id='par_1_50' title="bbox 2028 723 3604 799">
     <span class='ocr_line' id='line_1_50' title="bbox 2028 723 3604 799; baseline -0.003 -19"><span class='ocrx_word' id='word_1_367' title='bbox 2028 727 2164 797; x_wconf 88' lang='lat' dir='ltr'><strong>ipsis</strong></span> <span class='ocrx_word' id='word_1_368' title='bbox 2213 727 2364 798; x_wconf 89' lang='lat' dir='ltr'><strong>quod</strong></span> <span class='ocrx_word' id='word_1_369' title='bbox 2409 729 2620 799; x_wconf 85' lang='lat' dir='ltr'><strong>justum</strong></span> <span class='ocrx_word' id='word_1_370' title='bbox 2673 734 2786 790; x_wconf 89' lang='lat' dir='ltr'><strong>est,</strong></span> <span class='ocrx_word' id='word_1_371' title='bbox 2831 725 3165 796; x_wconf 74' lang='lat' dir='ltr'><strong>iudicemus.</strong></span> <span class='ocrx_word' id='word_1_372' title='bbox 3213 723 3403 779; x_wconf 89' lang='lat' dir='ltr'><strong>Omnis</strong></span> <span class='ocrx_word' id='word_1_373' title='bbox 3456 724 3604 778; x_wconf 86' lang='lat' dir='ltr'><strong>enim</strong></span> 
     </span>
    </p>
   </div>
   <div class='ocr_carea' id='block_1_51' title="bbox 2027 815 3602 873">
    <p class='ocr_par' dir='ltr' id='par_1_51' title="bbox 2027 815 3602 873">
     <span class='ocr_line' id='line_1_51' title="bbox 2027 815 3602 873; baseline -0.004 -1"><span class='ocrx_word' id='word_1_374' title='bbox 2027 819 2194 873; x_wconf 86' lang='lat' dir='ltr'><strong>homo</strong></span> <span class='ocrx_word' id='word_1_375' title='bbox 2250 820 2529 873; x_wconf 86' lang='lat' dir='ltr'><strong>hominem</strong></span> <span class='ocrx_word' id='word_1_376' title='bbox 2581 819 2816 872; x_wconf 89' lang='lat' dir='ltr'><strong>similem</strong></span> <span class='ocrx_word' id='word_1_377' title='bbox 2877 817 3178 872; x_wconf 88' lang='lat' dir='ltr'><strong>secundum</strong></span> <span class='ocrx_word' id='word_1_378' title='bbox 3241 815 3602 870; x_wconf 76' lang='lat' dir='ltr'><strong>substantiam</strong></span> 
     </span>
    </p>
   </div>
   <div class='ocr_carea' id='block_1_52' title="bbox 2027 907 3606 981">
    <p class='ocr_par' dir='ltr' id='par_1_52' title="bbox 2027 907 3606 981">
     <span class='ocr_line' id='line_1_52' title="bbox 2027 907 3606 981; baseline -0.003 -16"><span class='ocrx_word' id='word_1_379' title='bbox 2027 919 2286 981; x_wconf 78' lang='lat' dir='ltr'><strong>generat;</strong></span> <span class='ocrx_word' id='word_1_380' title='bbox 2324 919 2380 965; x_wconf 93' lang='lat' dir='ltr'><strong>et</strong></span> <span class='ocrx_word' id='word_1_381' title='bbox 2413 911 2594 965; x_wconf 90' lang='lat' dir='ltr'><strong>omnis</strong></span> <span class='ocrx_word' id='word_1_382' title='bbox 2627 911 2721 980; x_wconf 89' lang='lat' dir='ltr'><strong>qui</strong></span> <span class='ocrx_word' id='word_1_383' title='bbox 2755 919 3012 981; x_wconf 89' lang='lat' dir='ltr'><strong>generat,</strong></span> <span class='ocrx_word' id='word_1_384' title='bbox 3046 919 3200 980; x_wconf 86' lang='lat' dir='ltr'><strong>pater</strong></span> <span class='ocrx_word' id='word_1_385' title='bbox 3231 918 3344 972; x_wconf 90' lang='lat' dir='ltr'><strong>est;</strong></span> <span class='ocrx_word' id='word_1_386' title='bbox 3383 916 3439 962; x_wconf 93' lang='lat' dir='ltr'><strong>et</strong></span> <span class='ocrx_word' id='word_1_387' title='bbox 3471 907 3606 960; x_wconf 89' lang='lat' dir='ltr'><strong>item</strong></span> 
     </span>
    </p>
   </div>
   <div class='ocr_carea' id='block_1_53' title="bbox 2027 999 3606 1072">
    <p class='ocr_par' dir='ltr' id='par_1_53' title="bbox 2027 999 3606 1072">
     <span class='ocr_line' id='line_1_53' title="bbox 2027 999 3606 1072; baseline -0.005 -13"><span class='ocrx_word' id='word_1_388' title='bbox 2027 1003 2142 1072; x_wconf 65' lang='lat' dir='ltr'><strong>qui.</strong></span> <span class='ocrx_word' id='word_1_389' title='bbox 2166 1010 2485 1072; x_wconf 82' lang='lat' dir='ltr'><strong>generatur,</strong></span> <span class='ocrx_word' id='word_1_390' title='bbox 2516 1003 2694 1068; x_wconf 76' lang='lat' dir='ltr'><strong>filius;</strong></span> <span class='ocrx_word' id='word_1_391' title='bbox 2735 1012 2934 1058; x_wconf 88' lang='lat' dir='ltr'><strong>neuter</strong></span> <span class='ocrx_word' id='word_1_392' title='bbox 2965 1011 3148 1057; x_wconf 87' lang='lat' dir='ltr'><strong>autem</strong></span> <span class='ocrx_word' id='word_1_393' title='bbox 3181 1010 3263 1055; x_wconf 92' lang='lat' dir='ltr'><strong>est</strong></span> <span class='ocrx_word' id='word_1_394' title='bbox 3299 1001 3495 1070; x_wconf 78' lang='lat' dir='ltr'><strong>major,</strong></span> <span class='ocrx_word' id='word_1_395' title='bbox 3521 999 3606 1052; x_wconf 85' lang='lat' dir='ltr'><strong>vel</strong></span> 
     </span>
    </p>
   </div>
   <div class='ocr_carea' id='block_1_54' title="bbox 2032 1090 3608 1164">
    <p class='ocr_par' dir='ltr' id='par_1_54' title="bbox 2032 1090 3608 1164">
     <span class='ocr_line' id='line_1_54' title="bbox 2032 1090 3608 1164; baseline -0.004 -15"><span class='ocrx_word' id='word_1_396' title='bbox 2032 1095 2218 1149; x_wconf 84' lang='lat' dir='ltr'><strong>minor</strong></span> <span class='ocrx_word' id='word_1_397' title='bbox 2241 1103 2440 1149; x_wconf 90' lang='lat' dir='ltr'><strong>natura</strong></span> <span class='ocrx_word' id='word_1_398' title='bbox 2469 1113 2484 1148; x_wconf 89' lang='lat'><strong>:</strong></span> <span class='ocrx_word' id='word_1_399' title='bbox 2513 1110 2617 1150; x_wconf 91' lang='lat' dir='ltr'><strong>nec</strong></span> <span class='ocrx_word' id='word_1_400' title='bbox 2647 1095 2847 1164; x_wconf 88' lang='lat' dir='ltr'><strong>aliquis</strong></span> <span class='ocrx_word' id='word_1_401' title='bbox 2875 1094 3078 1149; x_wconf 89' lang='lat' dir='ltr'><strong>dicitur</strong></span> <span class='ocrx_word' id='word_1_402' title='bbox 3107 1099 3298 1149; x_wconf 85' lang='lat' dir='ltr'><strong>creare</strong></span> <span class='ocrx_word' id='word_1_403' title='bbox 3330 1107 3481 1155; x_wconf 86' lang='lat' dir='ltr'><strong>eum,</strong></span> <span class='ocrx_word' id='word_1_404' title='bbox 3512 1090 3608 1159; x_wconf 79' lang='lat' dir='ltr'><strong>qui</strong></span> 
     </span>
    </p>
   </div>
   <div class='ocr_carea' id='block_1_55' title="bbox 2029 1186 3610 1258">
    <p class='ocr_par' dir='ltr' id='par_1_55' title="bbox 2029 1186 3610 1258">
     <span class='ocr_line' id='line_1_55' title="bbox 2029 1186 3610 1258; baseline -0.003 -17"><span class='ocrx_word' id='word_1_405' title='bbox 2029 1202 2098 1241; x_wconf 81' lang='lat' dir='ltr'><strong>ex</strong></span> <span class='ocrx_word' id='word_1_406' title='bbox 2146 1188 2266 1256; x_wconf 92' lang='lat' dir='ltr'><strong>ipso</strong></span> <span class='ocrx_word' id='word_1_407' title='bbox 2313 1196 2609 1258; x_wconf 87' lang='lat' dir='ltr'><strong>generatur</strong></span> <span class='ocrx_word' id='word_1_408' title='bbox 2655 1205 2670 1240; x_wconf 91' lang='lat'>:</span> <span class='ocrx_word' id='word_1_409' title='bbox 2721 1196 2777 1242; x_wconf 85' lang='lat' dir='ltr'><strong>et</strong></span> <span class='ocrx_word' id='word_1_410' title='bbox 2824 1187 2929 1242; x_wconf 88' lang='lat' dir='ltr'><strong>hoc</strong></span> <span class='ocrx_word' id='word_1_411' title='bbox 2977 1186 3293 1255; x_wconf 84' lang='lat' dir='ltr'><strong>quicunque</strong></span> <span class='ocrx_word' id='word_1_412' title='bbox 3341 1192 3426 1238; x_wconf 91' lang='lat' dir='ltr'><strong>est</strong></span> <span class='ocrx_word' id='word_1_413' title='bbox 3466 1197 3610 1237; x_wconf 74' lang='lat' dir='ltr'><strong>sanae</strong></span> 
     </span>
    </p>
   </div>
   <div class='ocr_carea' id='block_1_56' title="bbox 2030 1275 3608 1342">
    <p class='ocr_par' dir='ltr' id='par_1_56' title="bbox 2030 1275 3608 1342">
     <span class='ocr_line' id='line_1_56' title="bbox 2030 1275 3608 1342; baseline -0.001 -11"><span class='ocrx_word' id='word_1_414' title='bbox 2030 1277 2263 1341; x_wconf 84' lang='lat' dir='ltr'><strong>mentis,</strong></span> <span class='ocrx_word' id='word_1_415' title='bbox 2290 1285 2351 1329; x_wconf 90' lang='lat' dir='ltr'><strong>ut</strong></span> <span class='ocrx_word' id='word_1_416' title='bbox 2377 1277 2621 1342; x_wconf 87' lang='lat' dir='ltr'><strong>videtur,</strong></span> <span class='ocrx_word' id='word_1_417' title='bbox 2651 1275 3033 1340; x_wconf 79' lang='lat' dir='ltr'><strong>conﬁtebitur,</strong></span> <span class='ocrx_word' id='word_1_418' title='bbox 3062 1276 3281 1332; x_wconf 90' lang='lat' dir='ltr'><strong>discens</strong></span> <span class='ocrx_word' id='word_1_419' title='bbox 3313 1292 3381 1330; x_wconf 82' lang='lat' dir='ltr'><strong>ex</strong></span> <span class='ocrx_word' id='word_1_420' title='bbox 3411 1276 3608 1330; x_wconf 89' lang='lat' dir='ltr'><strong>huma-</strong></span> 
     </span>
    </p>
   </div>
   <div class='ocr_carea' id='block_1_57' title="bbox 2031 1367 3610 1439">
    <p class='ocr_par' dir='ltr' id='par_1_57' title="bbox 2031 1367 3610 1439">
     <span class='ocr_line' id='line_1_57' title="bbox 2031 1367 3610 1439; baseline -0.001 -17"><span class='ocrx_word' id='word_1_421' title='bbox 2031 1368 2138 1432; x_wconf 89' lang='lat' dir='ltr'><strong>nis,</strong></span> <span class='ocrx_word' id='word_1_422' title='bbox 2172 1369 2354 1437; x_wconf 84' lang='lat' dir='ltr'><strong>quoad</strong></span> <span class='ocrx_word' id='word_1_423' title='bbox 2387 1367 2519 1423; x_wconf 70' lang='lat' dir='ltr'><strong>tieri</strong></span> <span class='ocrx_word' id='word_1_424' title='bbox 2563 1375 2768 1437; x_wconf 92' lang='lat' dir='ltr'><strong>potest,</strong></span> <span class='ocrx_word' id='word_1_425' title='bbox 2802 1369 3011 1424; x_wconf 91' lang='lat' dir='ltr'><strong>divina.</strong></span> <span class='ocrx_word' id='word_1_426' title='bbox 3049 1369 3152 1435; x_wconf 85' lang='lat' dir='ltr'><strong>Qui</strong></span> <span class='ocrx_word' id='word_1_427' title='bbox 3198 1369 3345 1423; x_wconf 88' lang='lat' dir='ltr'><strong>enim</strong></span> <span class='ocrx_word' id='word_1_428' title='bbox 3386 1376 3610 1439; x_wconf 89' lang='lat' dir='ltr'><strong>generat</strong></span> 
     </span>
    </p>
   </div>
   <div class='ocr_carea' id='block_1_58' title="bbox 2033 1460 3611 1531">
    <p class='ocr_par' dir='ltr' id='par_1_58' title="bbox 2033 1460 3611 1531">
     <span class='ocr_line' id='line_1_58' title="bbox 2033 1460 3611 1531; baseline -0.002 -16"><span class='ocrx_word' id='word_1_429' title='bbox 2033 1460 2208 1515; x_wconf 82' lang='lat' dir='ltr'><strong>tilium</strong></span> <span class='ocrx_word' id='word_1_430' title='bbox 2240 1461 2488 1531; x_wconf 82' lang='lat' dir='ltr'><strong>ejusdem</strong></span> <span class='ocrx_word' id='word_1_431' title='bbox 2519 1475 2704 1515; x_wconf 91' lang='lat' dir='ltr'><strong>secum</strong></span> <span class='ocrx_word' id='word_1_432' title='bbox 2731 1461 3073 1525; x_wconf 77' lang='lat' dir='ltr'><strong>substantiae,</strong></span> <span class='ocrx_word' id='word_1_433' title='bbox 3098 1461 3426 1515; x_wconf 86' lang='lat' dir='ltr'><strong>naturaliter</strong></span> <span class='ocrx_word' id='word_1_434' title='bbox 3448 1476 3611 1531; x_wconf 88' lang='lat' dir='ltr'><strong>gene-</strong></span> 
     </span>
    </p>
   </div>
   <div class='ocr_carea' id='block_1_59' title="bbox 2033 1551 3612 1623">
    <p class='ocr_par' dir='ltr' id='par_1_59' title="bbox 2033 1551 3612 1623">
     <span class='ocr_line' id='line_1_59' title="bbox 2033 1551 3612 1623; baseline -0.001 -16"><span class='ocrx_word' id='word_1_435' title='bbox 2033 1561 2118 1608; x_wconf 86' lang='lat' dir='ltr'><strong>rat</strong></span> <span class='ocrx_word' id='word_1_436' title='bbox 2167 1571 2178 1606; x_wconf 89' lang='lat'>:</span> <span class='ocrx_word' id='word_1_437' title='bbox 2225 1553 2322 1623; x_wconf 90' lang='lat' dir='ltr'><strong>qui</strong></span> <span class='ocrx_word' id='word_1_438' title='bbox 2365 1562 2550 1607; x_wconf 87' lang='lat' dir='ltr'><strong>autem</strong></span> <span class='ocrx_word' id='word_1_439' title='bbox 2599 1561 2782 1616; x_wconf 90' lang='lat' dir='ltr'><strong>creat,</strong></span> <span class='ocrx_word' id='word_1_440' title='bbox 2824 1552 2974 1607; x_wconf 89' lang='lat' dir='ltr'><strong>aliud</strong></span> <span class='ocrx_word' id='word_1_441' title='bbox 3017 1551 3246 1606; x_wconf 82' lang='lat' dir='ltr'><strong>diversae</strong></span> <span class='ocrx_word' id='word_1_442' title='bbox 3290 1552 3612 1606; x_wconf 72' lang='lat' dir='ltr'><strong>substantia:</strong></span> 
     </span>
    </p>
   </div>
   <div class='ocr_carea' id='block_1_60' title="bbox 2033 1643 3613 1715">
    <p class='ocr_par' dir='ltr' id='par_1_60' title="bbox 2033 1643 3613 1715">
     <span class='ocr_line' id='line_1_60' title="bbox 2033 1643 3613 1715; baseline -0.003 -15"><span class='ocrx_word' id='word_1_443' title='bbox 2033 1654 2218 1713; x_wconf 85' lang='lat' dir='ltr'><strong>creat;</strong></span> <span class='ocrx_word' id='word_1_444' title='bbox 2261 1659 2644 1714; x_wconf 76' lang='lat' dir='ltr'><strong>etnunquam</strong></span> <span class='ocrx_word' id='word_1_445' title='bbox 2691 1646 2863 1699; x_wconf 86' lang='lat' dir='ltr'><strong>tilium</strong></span> <span class='ocrx_word' id='word_1_446' title='bbox 2907 1662 2921 1698; x_wconf 73' lang='grc' dir='ltr'><strong>ε</strong></span> <span class='ocrx_word' id='word_1_447' title='bbox 2967 1659 3139 1714; x_wconf 89' lang='lat' dir='ltr'><strong>quare</strong></span> <span class='ocrx_word' id='word_1_448' title='bbox 3181 1645 3227 1699; x_wconf 90' lang='lat' dir='ltr'><strong>si</strong></span> <span class='ocrx_word' id='word_1_449' title='bbox 3271 1643 3490 1715; x_wconf 71' lang='lat' dir='ltr'><strong>geni-tus</strong></span> <span class='ocrx_word' id='word_1_450' title='bbox 3527 1651 3613 1698; x_wconf 90' lang='lat' dir='ltr'><strong>est</strong></span> 
     </span>
    </p>
   </div>
   <div class='ocr_carea' id='block_1_61' title="bbox 2037 1734 3610 1808">
    <p class='ocr_par' dir='ltr' id='par_1_61' title="bbox 2037 1734 3610 1808">
     <span class='ocr_line' id='line_1_61' title="bbox 2037 1734 3610 1808; baseline -0.002 -19"><span class='ocrx_word' id='word_1_451' title='bbox 2037 1737 2230 1808; x_wconf 80' lang='lat' dir='ltr'><strong>Filius,</strong></span> <span class='ocrx_word' id='word_1_452' title='bbox 2254 1751 2364 1790; x_wconf 90' lang='lat' dir='ltr'><strong>non</strong></span> <span class='ocrx_word' id='word_1_453' title='bbox 2394 1745 2480 1790; x_wconf 90' lang='lat' dir='ltr'><strong>est</strong></span> <span class='ocrx_word' id='word_1_454' title='bbox 2508 1744 2793 1800; x_wconf 88' lang='lat' dir='ltr'><strong>creatura;</strong></span> <span class='ocrx_word' id='word_1_455' title='bbox 2824 1745 2880 1789; x_wconf 91' lang='lat' dir='ltr'><strong>et</strong></span> <span class='ocrx_word' id='word_1_456' title='bbox 2908 1734 2952 1788; x_wconf 91' lang='lat' dir='ltr'><strong>si</strong></span> <span class='ocrx_word' id='word_1_457' title='bbox 2985 1743 3183 1789; x_wconf 90' lang='lat' dir='ltr'><strong>natura</strong></span> <span class='ocrx_word' id='word_1_458' title='bbox 3213 1736 3374 1789; x_wconf 89' lang='lat' dir='ltr'><strong>Pater</strong></span> <span class='ocrx_word' id='word_1_459' title='bbox 3401 1743 3492 1789; x_wconf 86' lang='lat' dir='ltr'><strong>est</strong></span> <span class='ocrx_word' id='word_1_460' title='bbox 3515 1734 3610 1801; x_wconf 90' lang='lat' dir='ltr'><strong>qui</strong></span> 
     </span>
    </p>
   </div>
   <div class='ocr_carea' id='block_1_62' title="bbox 2033 1827 3615 1898">
    <p class='ocr_par' dir='ltr' id='par_1_62' title="bbox 2033 1827 3615 1898">
     <span class='ocr_line' id='line_1_62' title="bbox 2033 1827 3615 1898; baseline -0.001 -16"><span class='ocrx_word' id='word_1_461' title='bbox 2033 1829 2244 1897; x_wconf 85' lang='lat' dir='ltr'><strong>genuit,</strong></span> <span class='ocrx_word' id='word_1_462' title='bbox 2270 1844 2380 1898; x_wconf 89' lang='lat' dir='ltr'><strong>quo</strong></span> <span class='ocrx_word' id='word_1_463' title='bbox 2408 1828 2573 1883; x_wconf 89' lang='lat' dir='ltr'><strong>modo</strong></span> <span class='ocrx_word' id='word_1_464' title='bbox 2601 1829 2817 1883; x_wconf 87' lang='lat' dir='ltr'><strong>dicetur</strong></span> <span class='ocrx_word' id='word_1_465' title='bbox 2847 1835 3064 1882; x_wconf 91' lang='lat' dir='ltr'><strong>creator</strong></span> <span class='ocrx_word' id='word_1_466' title='bbox 3095 1827 3307 1896; x_wconf 87' lang='lat' dir='ltr'><strong>geniti?</strong></span> <span class='ocrx_word' id='word_1_467' title='bbox 3337 1827 3490 1881; x_wconf 88' lang='lat' dir='ltr'><strong>Ilanc</strong></span> <span class='ocrx_word' id='word_1_468' title='bbox 3517 1843 3615 1881; x_wconf 88' lang='lat' dir='ltr'><strong>na-</strong></span> 
     </span>
    </p>
   </div>
   <div class='ocr_carea' id='block_1_63' title="bbox 2037 1915 3612 1989">
    <p class='ocr_par' dir='ltr' id='par_1_63' title="bbox 2037 1915 3612 1989">
     <span class='ocr_line' id='line_1_63' title="bbox 2037 1915 3612 1989; baseline 0 -19"><span class='ocrx_word' id='word_1_469' title='bbox 2037 1919 2272 1972; x_wconf 88' lang='lat' dir='ltr'><strong>turalem</strong></span> <span class='ocrx_word' id='word_1_470' title='bbox 2309 1917 2689 1989; x_wconf 82' lang='lat' dir='ltr'><strong>cognationem</strong></span> <span class='ocrx_word' id='word_1_471' title='bbox 2723 1933 2791 1972; x_wconf 82' lang='lat' dir='ltr'><strong>ex</strong></span> <span class='ocrx_word' id='word_1_472' title='bbox 2823 1915 3029 1972; x_wconf 89' lang='lat' dir='ltr'><strong>nostris</strong></span> <span class='ocrx_word' id='word_1_473' title='bbox 3061 1915 3378 1970; x_wconf 84' lang='lat' dir='ltr'><strong>nominibus</strong></span> <span class='ocrx_word' id='word_1_474' title='bbox 3411 1931 3612 1986; x_wconf 88' lang='lat' dir='ltr'><strong>cogno-</strong></span> 
     </span>
    </p>
   </div>
   <div class='ocr_carea' id='block_1_64' title="bbox 2035 2004 3611 2078">
    <p class='ocr_par' dir='ltr' id='par_1_64' title="bbox 2035 2004 3611 2078">
     <span class='ocr_line' id='line_1_64' title="bbox 2035 2004 3611 2078; baseline -0.003 -12"><span class='ocrx_word' id='word_1_475' title='bbox 2035 2010 2244 2078; x_wconf 87' lang='lat' dir='ltr'><strong>vimus;</strong></span> <span class='ocrx_word' id='word_1_476' title='bbox 2274 2020 2534 2066; x_wconf 64' lang='lat' dir='ltr'><strong>caeterum</strong></span> <span class='ocrx_word' id='word_1_477' title='bbox 2564 2010 2750 2064; x_wconf 88' lang='lat' dir='ltr'><strong>divina</strong></span> <span class='ocrx_word' id='word_1_478' title='bbox 2781 2018 2931 2064; x_wconf 89' lang='lat' dir='ltr'><strong>tanto</strong></span> <span class='ocrx_word' id='word_1_479' title='bbox 2954 2009 3044 2064; x_wconf 87' lang='lat' dir='ltr'><strong>his</strong></span> <span class='ocrx_word' id='word_1_480' title='bbox 3074 2008 3393 2064; x_wconf 89' lang='lat' dir='ltr'><strong>nominibus</strong></span> <span class='ocrx_word' id='word_1_481' title='bbox 3415 2004 3611 2063; x_wconf 78' lang='lat' dir='ltr'><strong>altiOra</strong></span> 
     </span>
    </p>
   </div>
   <div class='ocr_carea' id='block_1_65' title="bbox 2034 2097 3614 2170">
    <p class='ocr_par' dir='ltr' id='par_1_65' title="bbox 2034 2097 3614 2170">
     <span class='ocr_line' id='line_1_65' title="bbox 2034 2097 3614 2170; baseline -0.004 -13"><span class='ocrx_word' id='word_1_482' title='bbox 2034 2110 2184 2167; x_wconf 89' lang='lat' dir='ltr'><strong>sunt,</strong></span> <span class='ocrx_word' id='word_1_483' title='bbox 2204 2109 2412 2170; x_wconf 87' lang='lat' dir='ltr'><strong>quanto</strong></span> <span class='ocrx_word' id='word_1_484' title='bbox 2439 2101 2530 2170; x_wconf 83' lang='lat' dir='ltr'><strong>illa</strong></span> <span class='ocrx_word' id='word_1_485' title='bbox 2555 2110 2750 2154; x_wconf 88' lang='lat' dir='ltr'><strong>natura</strong></span> <span class='ocrx_word' id='word_1_486' title='bbox 2784 2109 2976 2154; x_wconf 86' lang='lat' dir='ltr'><strong>nostra</strong></span> <span class='ocrx_word' id='word_1_487' title='bbox 2999 2098 3194 2152; x_wconf 90' lang='lat' dir='ltr'><strong>humili</strong></span> <span class='ocrx_word' id='word_1_488' title='bbox 3228 2107 3424 2153; x_wconf 91' lang='lat' dir='ltr'><strong>natura</strong></span> <span class='ocrx_word' id='word_1_489' title='bbox 3451 2097 3614 2152; x_wconf 89' lang='lat' dir='ltr'><strong>altior</strong></span> 
     </span>
    </p>
   </div>
   <div class='ocr_carea' id='block_1_66' title="bbox 2033 2189 3614 2261">
    <p class='ocr_par' dir='ltr' id='par_1_66' title="bbox 2033 2189 3614 2261">
     <span class='ocr_line' id='line_1_66' title="bbox 2033 2189 3614 2261; baseline -0.004 -13"><span class='ocrx_word' id='word_1_490' title='bbox 2033 2203 2138 2249; x_wconf 88' lang='lat' dir='ltr'><strong>est.</strong></span> <span class='ocrx_word' id='word_1_491' title='bbox 2161 2193 2546 2248; x_wconf 86' lang='lat' dir='ltr'><strong>Consentanea</strong></span> <span class='ocrx_word' id='word_1_492' title='bbox 2575 2191 2664 2246; x_wconf 89' lang='lat' dir='ltr'><strong>his</strong></span> <span class='ocrx_word' id='word_1_493' title='bbox 2692 2203 2879 2247; x_wconf 89' lang='lat' dir='ltr'><strong>tenere</strong></span> <span class='ocrx_word' id='word_1_494' title='bbox 2901 2198 3119 2261; x_wconf 89' lang='lat' dir='ltr'><strong>oportet</strong></span> <span class='ocrx_word' id='word_1_495' title='bbox 3141 2205 3258 2255; x_wconf 81' lang='lat' dir='ltr'><strong>eos,</strong></span> <span class='ocrx_word' id='word_1_496' title='bbox 3281 2189 3376 2259; x_wconf 91' lang='lat' dir='ltr'><strong>qui</strong></span> <span class='ocrx_word' id='word_1_497' title='bbox 3401 2189 3614 2254; x_wconf 56' lang='lat' dir='ltr'><strong>volunt,</strong></span> 
     </span>
    </p>
   </div>
   <div class='ocr_carea' id='block_1_67' title="bbox 2037 2285 2871 2348">
    <p class='ocr_par' dir='ltr' id='par_1_67' title="bbox 2037 2285 2871 2348">
     <span class='ocr_line' id='line_1_67' title="bbox 2037 2285 2871 2348; baseline -0.005 -7"><span class='ocrx_word' id='word_1_498' title='bbox 2037 2295 2099 2342; x_wconf 89' lang='lat' dir='ltr'><strong>ut</strong></span> <span class='ocrx_word' id='word_1_499' title='bbox 2124 2285 2219 2339; x_wconf 87' lang='lat' dir='ltr'><strong>Dei</strong></span> <span class='ocrx_word' id='word_1_500' title='bbox 2248 2285 2506 2340; x_wconf 90' lang='lat' dir='ltr'><strong>voluntas</strong></span> <span class='ocrx_word' id='word_1_501' title='bbox 2533 2293 2639 2348; x_wconf 92' lang='lat' dir='ltr'><strong>est,</strong></span> <span class='ocrx_word' id='word_1_502' title='bbox 2667 2285 2871 2339; x_wconf 90' lang='lat' dir='ltr'><strong>vivere.</strong></span> 
     </span>
    </p>
   </div>
   <div class='ocr_carea' id='block_1_68' title="bbox 2026 2376 3615 2450">
    <p class='ocr_par' dir='ltr' id='par_1_68' title="bbox 2026 2376 3615 2450">
     <span class='ocr_line' id='line_1_68' title="bbox 2026 2376 3615 2450; baseline -0.003 -19"><span class='ocrx_word' id='word_1_503' title='bbox 2026 2447 2028 2450; x_wconf 14' lang='grc' dir='ltr'>ν</span> <span class='ocrx_word' id='word_1_504' title='bbox 2109 2376 2300 2431; x_wconf 83' lang='lat' dir='ltr'><strong>XXXI.</strong></span> <span class='ocrx_word' id='word_1_505' title='bbox 2331 2377 2388 2431; x_wconf 91' lang='lat' dir='ltr'><strong>Si</strong></span> <span class='ocrx_word' id='word_1_506' title='bbox 2421 2385 2604 2431; x_wconf 91' lang='lat' dir='ltr'><strong>autem</strong></span> <span class='ocrx_word' id='word_1_507' title='bbox 2635 2376 2888 2430; x_wconf 90' lang='lat' dir='ltr'><strong>nonnulli</strong></span> <span class='ocrx_word' id='word_1_508' title='bbox 2921 2383 3112 2431; x_wconf 89' lang='lat' dir='ltr'><strong>contra</strong></span> <span class='ocrx_word' id='word_1_509' title='bbox 3145 2385 3398 2430; x_wconf 87' lang='lat' dir='ltr'><strong>naturam</strong></span> <span class='ocrx_word' id='word_1_510' title='bbox 3429 2389 3615 2430; x_wconf 74' lang='lat' dir='ltr'><strong>reruni</strong></span> 
     </span>
    </p>
   </div>
   <div class='ocr_carea' id='block_1_69' title="bbox 2038 2467 3616 2540">
    <p class='ocr_par' dir='ltr' id='par_1_69' title="bbox 2038 2467 3616 2540">
     <span class='ocr_line' id='line_1_69' title="bbox 2038 2467 3616 2540; baseline -0.003 -15"><span class='ocrx_word' id='word_1_511' title='bbox 2038 2471 2404 2540; x_wconf 86' lang='lat' dir='ltr'><strong>cogitationes</strong></span> <span class='ocrx_word' id='word_1_512' title='bbox 2450 2470 2644 2525; x_wconf 90' lang='lat' dir='ltr'><strong>inanes</strong></span> <span class='ocrx_word' id='word_1_513' title='bbox 2690 2470 3033 2525; x_wconf 84' lang='lat' dir='ltr'><strong>fabricantur</strong></span> <span class='ocrx_word' id='word_1_514' title='bbox 3077 2484 3340 2538; x_wconf 87' lang='lat' dir='ltr'><strong>perverso</strong></span> <span class='ocrx_word' id='word_1_515' title='bbox 3384 2467 3616 2522; x_wconf 85' lang='lat' dir='ltr'><strong>oonsilio</strong></span> 
     </span>
    </p>
   </div>
   <div class='ocr_carea' id='block_1_70' title="bbox 2039 2553 3614 2632">
    <p class='ocr_par' dir='ltr' id='par_1_70' title="bbox 2039 2553 3614 2632">
     <span class='ocr_line' id='line_1_70' title="bbox 2039 2553 3614 2632; baseline -0.004 -15"><span class='ocrx_word' id='word_1_516' title='bbox 2039 2571 2096 2618; x_wconf 88' lang='lat' dir='ltr'><strong>et</strong></span> <span class='ocrx_word' id='word_1_517' title='bbox 2130 2562 2436 2632; x_wconf 82' lang='lat' dir='ltr'><strong>proposito,</strong></span> <span class='ocrx_word' id='word_1_518' title='bbox 2465 2562 2616 2632; x_wconf 86' lang='lat' dir='ltr'><strong>quod</strong></span> <span class='ocrx_word' id='word_1_519' title='bbox 2651 2561 2755 2616; x_wconf 90' lang='lat' dir='ltr'><strong>sibi</strong></span> <span class='ocrx_word' id='word_1_520' title='bbox 2791 2561 2894 2630; x_wconf 91' lang='lat' dir='ltr'><strong>ipsi</strong></span> <span class='ocrx_word' id='word_1_521' title='bbox 2932 2560 2989 2613; x_wconf 91' lang='lat' dir='ltr'><strong>in</strong></span> <span class='ocrx_word' id='word_1_522' title='bbox 3022 2560 3225 2614; x_wconf 83' lang='lat' dir='ltr'><strong>malum</strong></span> <span class='ocrx_word' id='word_1_523' title='bbox 3261 2574 3422 2613; x_wconf 84' lang='lat' dir='ltr'><strong>suum</strong></span> <span class='ocrx_word' id='word_1_524' title='bbox 3459 2567 3516 2612; x_wconf 92' lang='lat' dir='ltr'><strong>et</strong></span> <span class='ocrx_word' id='word_1_525' title='bbox 3547 2553 3614 2610; x_wconf 72' lang='lat' dir='ltr'><strong>ad</strong></span> 
     </span>
    </p>
   </div>
   <div class='ocr_carea' id='block_1_71' title="bbox 2041 2652 3618 2724">
    <p class='ocr_par' dir='ltr' id='par_1_71' title="bbox 2041 2652 3618 2724">
     <span class='ocr_line' id='line_1_71' title="bbox 2041 2652 3618 2724; baseline -0.004 -16"><span class='ocrx_word' id='word_1_526' title='bbox 2041 2653 2432 2724; x_wconf 90' lang='lat' dir='ltr'><strong>decipiendum</strong></span> <span class='ocrx_word' id='word_1_527' title='bbox 2487 2653 2856 2723; x_wconf 90' lang='lat' dir='ltr'><strong>simpliciores</strong></span> <span class='ocrx_word' id='word_1_528' title='bbox 2903 2652 3324 2722; x_wconf 80' lang='lat' dir='ltr'><strong>excogitarunt,</strong></span> <span class='ocrx_word' id='word_1_529' title='bbox 3369 2663 3513 2722; x_wconf 58' lang='lat' dir='ltr'><strong>vana</strong></span> <span class='ocrx_word' id='word_1_530' title='bbox 3559 2656 3618 2702; x_wconf 87' lang='lat' dir='ltr'><strong>et</strong></span> 
     </span>
    </p>
   </div>
   <div class='ocr_carea' id='block_1_72' title="bbox 2041 2738 3621 2814">
    <p class='ocr_par' dir='ltr' id='par_1_72' title="bbox 2041 2738 3621 2814">
     <span class='ocr_line' id='line_1_72' title="bbox 2041 2738 3621 2814; baseline -0.005 -14"><span class='ocrx_word' id='word_1_531' title='bbox 2041 2745 2226 2800; x_wconf 89' lang='lat' dir='ltr'><strong>inania</strong></span> <span class='ocrx_word' id='word_1_532' title='bbox 2270 2743 2611 2809; x_wconf 88' lang='lat' dir='ltr'><strong>meditantur</strong></span> <span class='ocrx_word' id='word_1_533' title='bbox 2657 2763 2672 2798; x_wconf 89' lang='lat'><strong>:</strong></span> <span class='ocrx_word' id='word_1_534' title='bbox 2726 2743 2792 2797; x_wconf 86' lang='lat' dir='ltr'><strong>Et</strong></span> <span class='ocrx_word' id='word_1_535' title='bbox 2838 2751 3015 2814; x_wconf 73' lang='lat' dir='ltr'><strong>erunt,</strong></span> <span class='ocrx_word' id='word_1_536' title='bbox 3053 2741 3252 2812; x_wconf 90' lang='lat' dir='ltr'><strong>inquit,</strong></span> <span class='ocrx_word' id='word_1_537' title='bbox 3290 2738 3621 2811; x_wconf 72' lang='lat' dir='ltr'><strong>fraudulenti</strong></span> 
     </span>
    </p>
   </div>
   <div class='ocr_carea' id='block_1_73' title="bbox 2044 2827 3618 2908">
    <p class='ocr_par' dir='ltr' id='par_1_73' title="bbox 2044 2827 3618 2908">
     <span class='ocr_line' id='line_1_73' title="bbox 2044 2827 3618 2908; baseline -0.003 -18"><span class='ocrx_word' id='word_1_538' title='bbox 2044 2827 2292 2908; x_wconf 71' lang='lat' dir='ltr'><strong>frustrati</strong></span> <span class='ocrx_word' id='word_1_539' title='bbox 2306 2838 2616 2902; x_wconf 84' lang='lat' dir='ltr'><strong>venatione;</strong></span> <span class='ocrx_word' id='word_1_540' title='bbox 2636 2852 2738 2891; x_wconf 88' lang='lat' dir='ltr'><strong>nec</strong></span> <span class='ocrx_word' id='word_1_541' title='bbox 2752 2836 2900 2891; x_wconf 89' lang='lat' dir='ltr'><strong>enim</strong></span> <span class='ocrx_word' id='word_1_542' title='bbox 2911 2835 3202 2891; x_wconf 80' lang='lat' dir='ltr'><strong>veritatem</strong></span> <span class='ocrx_word' id='word_1_543' title='bbox 3222 2842 3618 2902; x_wconf 85' lang='lat' dir='ltr'><strong>assequuntur;</strong></span> 
     </span>
    </p>
   </div>
   <div class='ocr_carea' id='block_1_74' title="bbox 2044 2924 3619 3000">
    <p class='ocr_par' dir='ltr' id='par_1_74' title="bbox 2044 2924 3619 3000">
     <span class='ocr_line' id='line_1_74' title="bbox 2044 2924 3619 3000; baseline -0.005 -16"><span class='ocrx_word' id='word_1_544' title='bbox 2044 2945 2225 2998; x_wconf 91' lang='lat' dir='ltr'><strong>neque</strong></span> <span class='ocrx_word' id='word_1_545' title='bbox 2262 2935 2492 2984; x_wconf 86' lang='lat' dir='ltr'><strong>vertunt</strong></span> <span class='ocrx_word' id='word_1_546' title='bbox 2531 2943 2651 2993; x_wconf 88' lang='lat' dir='ltr'><strong>res,</strong></span> <span class='ocrx_word' id='word_1_547' title='bbox 2687 2935 2883 2982; x_wconf 84' lang='lat' dir='ltr'><strong>contra</strong></span> <span class='ocrx_word' id='word_1_548' title='bbox 2918 2941 3056 2997; x_wconf 90' lang='lat' dir='ltr'><strong>quas</strong></span> <span class='ocrx_word' id='word_1_549' title='bbox 3094 2934 3300 2980; x_wconf 90' lang='lat' dir='ltr'><strong>novant</strong></span> <span class='ocrx_word' id='word_1_550' title='bbox 3335 2924 3560 3000; x_wconf 74' lang='lat' dir='ltr'><strong>nomina</strong></span> <span class='ocrx_word' id='word_1_551' title='bbox 3597 2940 3619 2976; x_wconf 67' lang='grc' dir='ltr'><strong>ς</strong></span> 
     </span>
    </p>
   </div>
   <div class='ocr_carea' id='block_1_75' title="bbox 2048 3013 3623 3088">
    <p class='ocr_par' dir='ltr' id='par_1_75' title="bbox 2048 3013 3623 3088">
     <span class='ocr_line' id='line_1_75' title="bbox 2048 3013 3623 3088; baseline -0.004 -14"><span class='ocrx_word' id='word_1_552' title='bbox 2048 3020 2154 3077; x_wconf 73' lang='lat' dir='ltr'><strong>ﬁxa</strong></span> <span class='ocrx_word' id='word_1_553' title='bbox 2195 3020 2343 3088; x_wconf 86' lang='lat' dir='ltr'><strong>enim</strong></span> <span class='ocrx_word' id='word_1_554' title='bbox 2384 3029 2468 3075; x_wconf 91' lang='lat' dir='ltr'><strong>est</strong></span> <span class='ocrx_word' id='word_1_555' title='bbox 2500 3027 2698 3075; x_wconf 85' lang='lat' dir='ltr'><strong>natura</strong></span> <span class='ocrx_word' id='word_1_556' title='bbox 2731 3033 2946 3084; x_wconf 88' lang='lat' dir='ltr'><strong>rerum;</strong></span> <span class='ocrx_word' id='word_1_557' title='bbox 2983 3025 3038 3072; x_wconf 89' lang='lat' dir='ltr'><strong>et</strong></span> <span class='ocrx_word' id='word_1_558' title='bbox 3071 3032 3184 3071; x_wconf 90' lang='lat' dir='ltr'><strong>non</strong></span> <span class='ocrx_word' id='word_1_559' title='bbox 3220 3014 3533 3070; x_wconf 87' lang='lat' dir='ltr'><strong>movebitur</strong></span> <span class='ocrx_word' id='word_1_560' title='bbox 3565 3013 3623 3068; x_wconf 78' lang='lat' dir='ltr'><strong>in</strong></span> 
     </span>
    </p>
   </div>
   <div class='ocr_carea' id='block_1_76' title="bbox 2050 3096 3623 3179">
    <p class='ocr_par' dir='ltr' id='par_1_76' title="bbox 2050 3096 3623 3179">
     <span class='ocr_line' id='line_1_76' title="bbox 2050 3096 3623 3179; baseline -0.006 -9"><span class='ocrx_word' id='word_1_561' title='bbox 2050 3113 2312 3170; x_wconf 79' lang='lat' dir='ltr'><strong>saeculum</strong></span> <span class='ocrx_word' id='word_1_562' title='bbox 2348 3113 2567 3179; x_wconf 69' lang='lat' dir='ltr'><strong>saeculi;</strong></span> <span class='ocrx_word' id='word_1_563' title='bbox 2605 3111 2700 3168; x_wconf 93' lang='lat' dir='ltr'><strong>sed</strong></span> <span class='ocrx_word' id='word_1_564' title='bbox 2735 3119 2798 3166; x_wconf 87' lang='lat' dir='ltr'><strong>ut</strong></span> <span class='ocrx_word' id='word_1_565' title='bbox 2827 3119 2975 3175; x_wconf 88' lang='lat' dir='ltr'><strong>erat,</strong></span> <span class='ocrx_word' id='word_1_566' title='bbox 3008 3118 3065 3164; x_wconf 90' lang='lat' dir='ltr'><strong>et</strong></span> <span class='ocrx_word' id='word_1_567' title='bbox 3094 3118 3206 3172; x_wconf 92' lang='lat' dir='ltr'><strong>est,</strong></span> <span class='ocrx_word' id='word_1_568' title='bbox 3239 3108 3319 3164; x_wconf 80' lang='lat' dir='ltr'><strong>sic</strong></span> <span class='ocrx_word' id='word_1_569' title='bbox 3352 3096 3537 3162; x_wconf 57' lang='lat' dir='ltr'><strong>manét</strong></span> <span class='ocrx_word' id='word_1_570' title='bbox 3566 3117 3623 3160; x_wconf 86' lang='lat' dir='ltr'><strong>et</strong></span> 
     </span>
    </p>
   </div>
   <div class='ocr_carea' id='block_1_77' title="bbox 2050 3199 3621 3278">
    <p class='ocr_par' dir='ltr' id='par_1_77' title="bbox 2050 3199 3621 3278">
     <span class='ocr_line' id='line_1_77' title="bbox 2050 3199 3621 3278; baseline -0.006 -15"><span class='ocrx_word' id='word_1_571' title='bbox 2050 3207 2396 3278; x_wconf 85' lang='lat' dir='ltr'><strong>permanebit</strong></span> <span class='ocrx_word' id='word_1_572' title='bbox 2433 3225 2447 3261; x_wconf 89' lang='lat'><strong>:</strong></span> <span class='ocrx_word' id='word_1_573' title='bbox 2480 3221 2585 3262; x_wconf 84' lang='lat' dir='ltr'><strong>nec</strong></span> <span class='ocrx_word' id='word_1_574' title='bbox 2617 3207 2734 3260; x_wconf 82' lang='lat' dir='ltr'><strong>haec</strong></span> <span class='ocrx_word' id='word_1_575' title='bbox 2767 3211 2861 3260; x_wconf 89' lang='lat' dir='ltr'><strong>aut</strong></span> <span class='ocrx_word' id='word_1_576' title='bbox 2891 3204 2984 3258; x_wconf 89' lang='lat' dir='ltr'><strong>illa</strong></span> <span class='ocrx_word' id='word_1_577' title='bbox 3020 3201 3314 3274; x_wconf 84' lang='lat' dir='ltr'><strong>appellatio</strong></span> <span class='ocrx_word' id='word_1_578' title='bbox 3347 3199 3621 3255; x_wconf 83' lang='lat' dir='ltr'><strong>rationem</strong></span> 
     </span>
    </p>
   </div>
   <div class='ocr_carea' id='block_1_78' title="bbox 2049 3291 3648 3375">
    <p class='ocr_par' dir='ltr' id='par_1_78' title="bbox 2049 3291 3648 3375">
     <span class='ocr_line' id='line_1_78' title="bbox 2049 3291 3648 3375; baseline -0.006 -21"><span class='ocrx_word' id='word_1_579' title='bbox 2049 3300 2169 3370; x_wconf 86' lang='lat' dir='ltr'><strong>ejus</strong></span> <span class='ocrx_word' id='word_1_580' title='bbox 2207 3299 2263 3353; x_wconf 92' lang='lat' dir='ltr'><strong>in</strong></span> <span class='ocrx_word' id='word_1_581' title='bbox 2299 3299 2452 3375; x_wconf 82' lang='lat' dir='ltr'><strong>aliud</strong></span> <span class='ocrx_word' id='word_1_582' title='bbox 2491 3297 2796 3368; x_wconf 79' lang='lat' dir='ltr'><strong>quidquam</strong></span> <span class='ocrx_word' id='word_1_583' title='bbox 2837 3295 3203 3360; x_wconf 85' lang='lat' dir='ltr'><strong>mutabit,.ab</strong></span> <span class='ocrx_word' id='word_1_584' title='bbox 3241 3309 3309 3348; x_wconf 91' lang='lat' dir='ltr'><strong>eo</strong></span> <span class='ocrx_word' id='word_1_585' title='bbox 3345 3291 3494 3363; x_wconf 93' lang='lat' dir='ltr'><strong>quod</strong></span> <span class='ocrx_word' id='word_1_586' title='bbox 3533 3306 3648 3346; x_wconf 65' lang='lat' dir='ltr'><strong>se-‘</strong></span> 
     </span>
    </p>
   </div>
   <div class='ocr_carea' id='block_1_79' title="bbox 2050 3383 3620 3458">
    <p class='ocr_par' dir='ltr' id='par_1_79' title="bbox 2050 3383 3620 3458">
     <span class='ocr_line' id='line_1_79' title="bbox 2050 3383 3620 3458; baseline -0.004 -14"><span class='ocrx_word' id='word_1_587' title='bbox 2050 3389 2292 3444; x_wconf 89' lang='lat' dir='ltr'><strong>cundum</strong></span> <span class='ocrx_word' id='word_1_588' title='bbox 2323 3398 2576 3444; x_wconf 89' lang='lat' dir='ltr'><strong>naturam</strong></span> <span class='ocrx_word' id='word_1_589' title='bbox 2608 3397 2715 3455; x_wconf 91' lang='lat' dir='ltr'><strong>est,</strong></span> <span class='ocrx_word' id='word_1_590' title='bbox 2740 3388 3023 3458; x_wconf 56' lang='lat' dir='ltr'><strong>alienum:</strong></span> <span class='ocrx_word' id='word_1_591' title='bbox 3049 3385 3327 3457; x_wconf 88' lang='lat' dir='ltr'><strong>posterior</strong></span> <span class='ocrx_word' id='word_1_592' title='bbox 3350 3383 3500 3439; x_wconf 90' lang='lat' dir='ltr'><strong>enim</strong></span> <span class='ocrx_word' id='word_1_593' title='bbox 3533 3390 3620 3438; x_wconf 87' lang='lat' dir='ltr'><strong>est</strong></span> 
     </span>
    </p>
   </div>
   <div class='ocr_carea' id='block_1_80' title="bbox 2051 3474 3625 3550">
    <p class='ocr_par' dir='ltr' id='par_1_80' title="bbox 2051 3474 3625 3550">
     <span class='ocr_line' id='line_1_80' title="bbox 2051 3474 3625 3550; baseline -0.004 -16"><span class='ocrx_word' id='word_1_594' title='bbox 2051 3479 2332 3550; x_wconf 90' lang='lat' dir='ltr'><strong>impositio</strong></span> <span class='ocrx_word' id='word_1_595' title='bbox 2354 3479 2680 3545; x_wconf 77' lang='lat' dir='ltr'><strong>nominum;</strong></span> <span class='ocrx_word' id='word_1_596' title='bbox 2708 3479 3031 3548; x_wconf 86' lang='lat' dir='ltr'><strong>prioresque</strong></span> <span class='ocrx_word' id='word_1_597' title='bbox 3055 3488 3186 3533; x_wconf 90' lang='lat' dir='ltr'><strong>sunt</strong></span> <span class='ocrx_word' id='word_1_598' title='bbox 3210 3491 3301 3532; x_wconf 90' lang='lat' dir='ltr'><strong>res</strong></span> <span class='ocrx_word' id='word_1_599' title='bbox 3323 3475 3392 3531; x_wconf 90' lang='lat' dir='ltr'><strong>de</strong></span> <span class='ocrx_word' id='word_1_600' title='bbox 3420 3474 3625 3550; x_wconf 85' lang='lat' dir='ltr'><strong>quibus</strong></span> 
     </span>
    </p>
   </div>
   <div class='ocr_carea' id='block_1_81' title="bbox 2049 3567 3624 3642">
    <p class='ocr_par' dir='ltr' id='par_1_81' title="bbox 2049 3567 3624 3642">
     <span class='ocr_line' id='line_1_81' title="bbox 2049 3567 3624 3642; baseline -0.001 -17"><span class='ocrx_word' id='word_1_601' title='bbox 2049 3570 2597 3626; x_wconf 85' lang='lat' dir='ltr'><strong>nominadicuntur.</strong></span> <span class='ocrx_word' id='word_1_602' title='bbox 2629 3570 2692 3626; x_wconf 84' lang='lat' dir='ltr'><strong>Si</strong></span> <span class='ocrx_word' id='word_1_603' title='bbox 2729 3571 2898 3642; x_wconf 87' lang='lat' dir='ltr'><strong>igitur</strong></span> <span class='ocrx_word' id='word_1_604' title='bbox 2926 3580 3138 3626; x_wconf 73' lang='lat' dir='ltr'><strong>natum</strong></span> <span class='ocrx_word' id='word_1_605' title='bbox 3174 3581 3360 3625; x_wconf 88' lang='lat' dir='ltr'><strong>rerum</strong></span> <span class='ocrx_word' id='word_1_606' title='bbox 3401 3567 3624 3624; x_wconf 88' lang='lat' dir='ltr'><strong>nomina</strong></span> 
     </span>
    </p>
   </div>
   <div class='ocr_carea' id='block_1_82' title="bbox 2052 3657 3622 3730">
    <p class='ocr_par' dir='ltr' id='par_1_82' title="bbox 2052 3657 3622 3730">
     <span class='ocr_line' id='line_1_82' title="bbox 2052 3657 3622 3730; baseline -0.003 -14"><span class='ocrx_word' id='word_1_607' title='bbox 2052 3660 2415 3725; x_wconf 89' lang='lat' dir='ltr'><strong>conveniunt,</strong></span> <span class='ocrx_word' id='word_1_608' title='bbox 2444 3670 2513 3716; x_wconf 91' lang='lat' dir='ltr'><strong>et.</strong></span> <span class='ocrx_word' id='word_1_609' title='bbox 2536 3661 2592 3714; x_wconf 94' lang='lat' dir='ltr'><strong>in</strong></span> <span class='ocrx_word' id='word_1_610' title='bbox 2626 3675 2720 3715; x_wconf 89' lang='lat' dir='ltr'><strong>eas</strong></span> <span class='ocrx_word' id='word_1_611' title='bbox 2755 3675 2844 3714; x_wconf 87' lang='lat' dir='ltr'><strong>res</strong></span> <span class='ocrx_word' id='word_1_612' title='bbox 2880 3660 3114 3730; x_wconf 87' lang='lat' dir='ltr'><strong>pulchre</strong></span> <span class='ocrx_word' id='word_1_613' title='bbox 3147 3661 3325 3714; x_wconf 87' lang='lat' dir='ltr'><strong>oratio</strong></span> <span class='ocrx_word' id='word_1_614' title='bbox 3357 3657 3622 3729; x_wconf 87' lang='lat' dir='ltr'><strong>quadrat;</strong></span> 
     </span>
    </p>
   </div>
   <div class='ocr_carea' id='block_1_83' title="bbox 2050 3752 3624 3822">
    <p class='ocr_par' dir='ltr' id='par_1_83' title="bbox 2050 3752 3624 3822">
     <span class='ocr_line' id='line_1_83' title="bbox 2050 3752 3624 3822; baseline -0.001 -14"><span class='ocrx_word' id='word_1_615' title='bbox 2050 3768 2182 3808; x_wconf 88' lang='lat' dir='ltr'><strong>vera</strong></span> <span class='ocrx_word' id='word_1_616' title='bbox 2228 3753 2430 3808; x_wconf 83' lang='lat' dir='ltr'><strong>merito</strong></span> <span class='ocrx_word' id='word_1_617' title='bbox 2465 3759 2698 3807; x_wconf 86' lang='lat' dir='ltr'><strong>vocatur</strong></span> <span class='ocrx_word' id='word_1_618' title='bbox 2736 3753 2945 3807; x_wconf 89' lang='lat' dir='ltr'><strong>nullam</strong></span> <span class='ocrx_word' id='word_1_619' title='bbox 2992 3753 3284 3808; x_wconf 89' lang='lat' dir='ltr'><strong>incurrens</strong></span> <span class='ocrx_word' id='word_1_620' title='bbox 3321 3752 3624 3822; x_wconf 89' lang='lat' dir='ltr'><strong>reprehen-</strong></span> 
     </span>
    </p>
   </div>
   <div class='ocr_carea' id='block_1_84' title="bbox 2052 3833 3626 3910">
    <p class='ocr_par' dir='ltr' id='par_1_84' title="bbox 2052 3833 3626 3910">
     <span class='ocr_line' id='line_1_84' title="bbox 2052 3833 3626 3910; baseline 0 -12"><span class='ocrx_word' id='word_1_621' title='bbox 2052 3843 2261 3899; x_wconf 87' lang='lat' dir='ltr'><strong>sionem</strong></span> <span class='ocrx_word' id='word_1_622' title='bbox 2312 3863 2326 3898; x_wconf 91' lang='lat'><strong>:</strong></span> <span class='ocrx_word' id='word_1_623' title='bbox 2369 3843 2453 3898; x_wconf 94' lang='lat' dir='ltr'><strong>sin</strong></span> <span class='ocrx_word' id='word_1_624' title='bbox 2497 3852 2680 3898; x_wconf 91' lang='lat' dir='ltr'><strong>autem</strong></span> <span class='ocrx_word' id='word_1_625' title='bbox 2724 3851 2915 3898; x_wconf 88' lang='lat' dir='ltr'><strong>contra</strong></span> <span class='ocrx_word' id='word_1_626' title='bbox 2953 3858 3066 3898; x_wconf 92' lang='lat' dir='ltr'><strong>non</strong></span> <span class='ocrx_word' id='word_1_627' title='bbox 3109 3833 3406 3898; x_wconf 87' lang='lat' dir='ltr'><strong>convenire</strong></span> <span class='ocrx_word' id='word_1_628' title='bbox 3446 3858 3626 3910; x_wconf 88' lang='lat' dir='ltr'><strong>neque</strong></span> 
     </span>
    </p>
   </div>
   <div class='ocr_carea' id='block_1_85' title="bbox 2051 3930 3627 4003">
    <p class='ocr_par' dir='ltr' id='par_1_85' title="bbox 2051 3930 3627 4003">
     <span class='ocr_line' id='line_1_85' title="bbox 2051 3930 3627 4003; baseline 0 -17"><span class='ocrx_word' id='word_1_629' title='bbox 2051 3933 2324 4003; x_wconf 87' lang='lat' dir='ltr'><strong>quadrare</strong></span> <span class='ocrx_word' id='word_1_630' title='bbox 2361 3933 2693 4002; x_wconf 85' lang='lat' dir='ltr'><strong>reperiatur,</strong></span> <span class='ocrx_word' id='word_1_631' title='bbox 2719 3931 3071 3986; x_wconf 84' lang='lat' dir='ltr'><strong>manifestum</strong></span> <span class='ocrx_word' id='word_1_632' title='bbox 3105 3941 3218 3994; x_wconf 90' lang='lat' dir='ltr'><strong>est,</strong></span> <span class='ocrx_word' id='word_1_633' title='bbox 3246 3930 3472 4000; x_wconf 89' lang='lat' dir='ltr'><strong>probari</strong></span> <span class='ocrx_word' id='word_1_634' title='bbox 3505 3945 3627 3987; x_wconf 88' lang='lat' dir='ltr'><strong>esse</strong></span> 
     </span>
    </p>
   </div>
   <div class='ocr_carea' id='block_1_86' title="bbox 2051 4019 3626 4098">
    <p class='ocr_par' dir='ltr' id='par_1_86' title="bbox 2051 4019 3626 4098">
     <span class='ocr_line' id='line_1_86' title="bbox 2051 4019 3626 4098; baseline -0.003 -21"><span class='ocrx_word' id='word_1_635' title='bbox 2051 4021 2244 4077; x_wconf 81' lang='lat' dir='ltr'><strong>falsam</strong></span> <span class='ocrx_word' id='word_1_636' title='bbox 2289 4039 2302 4076; x_wconf 94' lang='lat'>:</span> <span class='ocrx_word' id='word_1_637' title='bbox 2342 4029 2529 4092; x_wconf 78' lang='lat' dir='ltr'><strong>manet</strong></span> <span class='ocrx_word' id='word_1_638' title='bbox 2567 4036 2700 4075; x_wconf 89' lang='lat' dir='ltr'><strong>vero</strong></span> <span class='ocrx_word' id='word_1_639' title='bbox 2741 4035 2828 4075; x_wconf 91' lang='lat' dir='ltr'><strong>res</strong></span> <span class='ocrx_word' id='word_1_640' title='bbox 2866 4036 2988 4090; x_wconf 63' lang='lat' dir='ltr'><strong>quae</strong></span> <span class='ocrx_word' id='word_1_641' title='bbox 3027 4019 3330 4098; x_wconf 81' lang='lat' dir='ltr'><strong>secundum</strong></span> <span class='ocrx_word' id='word_1_642' title='bbox 3372 4027 3626 4074; x_wconf 87' lang='lat' dir='ltr'><strong>naturam</strong></span> 
     </span>
    </p>
   </div>
   <div class='ocr_carea' id='block_1_87' title="bbox 2052 4111 3628 4184">
    <p class='ocr_par' dir='ltr' id='par_1_87' title="bbox 2052 4111 3628 4184">
     <span class='ocr_line' id='line_1_87' title="bbox 2052 4111 3628 4184; baseline -0.003 -14"><span class='ocrx_word' id='word_1_643' title='bbox 2052 4115 2354 4170; x_wconf 89' lang='lat' dir='ltr'><strong>constituta</strong></span> <span class='ocrx_word' id='word_1_644' title='bbox 2389 4121 2496 4176; x_wconf 89' lang='lat' dir='ltr'><strong>est,</strong></span> <span class='ocrx_word' id='word_1_645' title='bbox 2529 4113 2680 4168; x_wconf 86' lang='lat' dir='ltr'><strong>nullo</strong></span> <span class='ocrx_word' id='word_1_646' title='bbox 2716 4113 3067 4168; x_wconf 89' lang='lat' dir='ltr'><strong>incommodo</strong></span> <span class='ocrx_word' id='word_1_647' title='bbox 3103 4129 3170 4168; x_wconf 83' lang='lat' dir='ltr'><strong>ex</strong></span> <span class='ocrx_word' id='word_1_648' title='bbox 3202 4111 3340 4166; x_wconf 81' lang='lat' dir='ltr'><strong>falsa</strong></span> <span class='ocrx_word' id='word_1_649' title='bbox 3375 4111 3628 4184; x_wconf 83' lang='lat' dir='ltr'><strong>oratione</strong></span> 
     </span>
    </p>
   </div>
   <div class='ocr_carea' id='block_1_88' title="bbox 2052 4203 3627 4276">
    <p class='ocr_par' dir='ltr' id='par_1_88' title="bbox 2052 4203 3627 4276">
     <span class='ocr_line' id='line_1_88' title="bbox 2052 4203 3627 4276; baseline -0.003 -14"><span class='ocrx_word' id='word_1_650' title='bbox 2052 4215 2299 4276; x_wconf 90' lang='lat' dir='ltr'><strong>accepto.</strong></span> <span class='ocrx_word' id='word_1_651' title='bbox 2326 4206 2503 4275; x_wconf 85' lang='lat' dir='ltr'><strong>Atque</strong></span> <span class='ocrx_word' id='word_1_652' title='bbox 2528 4205 2636 4259; x_wconf 87' lang='lat' dir='ltr'><strong>hoc</strong></span> <span class='ocrx_word' id='word_1_653' title='bbox 2654 4203 2875 4275; x_wconf 91' lang='lat' dir='ltr'><strong>quidem</strong></span> <span class='ocrx_word' id='word_1_654' title='bbox 2907 4204 2960 4258; x_wconf 91' lang='lat' dir='ltr'><strong>in</strong></span> <span class='ocrx_word' id='word_1_655' title='bbox 2992 4220 3321 4274; x_wconf 88' lang='lat' dir='ltr'><strong>unaquaque</strong></span> <span class='ocrx_word' id='word_1_656' title='bbox 3352 4220 3410 4259; x_wconf 90' lang='lat' dir='ltr'><strong>re</strong></span> <span class='ocrx_word' id='word_1_657' title='bbox 3433 4221 3627 4258; x_wconf 88' lang='lat' dir='ltr'><strong>verum</strong></span> 
     </span>
    </p>
   </div>
   <div class='ocr_carea' id='block_1_89' title="bbox 2052 4297 3626 4368">
    <p class='ocr_par' dir='ltr' id='par_1_89' title="bbox 2052 4297 3626 4368">
     <span class='ocr_line' id='line_1_89' title="bbox 2052 4297 3626 4368; baseline -0.005 -13"><span class='ocrx_word' id='word_1_658' title='bbox 2052 4315 2174 4356; x_wconf 90' lang='lat' dir='ltr'><strong>esse</strong></span> <span class='ocrx_word' id='word_1_659' title='bbox 2217 4298 2539 4368; x_wconf 90' lang='lat' dir='ltr'><strong>comperiet,</strong></span> <span class='ocrx_word' id='word_1_660' title='bbox 2567 4298 2610 4351; x_wconf 93' lang='lat' dir='ltr'><strong>si</strong></span> <span class='ocrx_word' id='word_1_661' title='bbox 2652 4299 2778 4367; x_wconf 90' lang='lat' dir='ltr'><strong>quis</strong></span> <span class='ocrx_word' id='word_1_662' title='bbox 2817 4308 3029 4367; x_wconf 58' lang='lat' dir='ltr'><strong>quaerat</strong></span> <span class='ocrx_word' id='word_1_663' title='bbox 3067 4317 3079 4352; x_wconf 89' lang='lat'>:</span> <span class='ocrx_word' id='word_1_664' title='bbox 3118 4297 3267 4367; x_wconf 89' lang='lat' dir='ltr'><strong>quod</strong></span> <span class='ocrx_word' id='word_1_665' title='bbox 3307 4297 3352 4352; x_wconf 92' lang='lat' dir='ltr'><strong>si</strong></span> <span class='ocrx_word' id='word_1_666' title='bbox 3394 4297 3449 4350; x_wconf 83' lang='lat' dir='ltr'><strong>in</strong></span> <span class='ocrx_word' id='word_1_667' title='bbox 3491 4313 3626 4348; x_wconf 82' lang='lat' dir='ltr'><strong>uua-</strong></span> 
     </span>
    </p>
   </div>
   <div class='ocr_carea' id='block_1_90' title="bbox 2053 4374 3627 4462">
    <p class='ocr_par' dir='ltr' id='par_1_90' title="bbox 2053 4374 3627 4462">
     <span class='ocr_line' id='line_1_90' title="bbox 2053 4374 3627 4462; baseline -0.005 -16"><span class='ocrx_word' id='word_1_668' title='bbox 2053 4407 2270 4462; x_wconf 87' lang='lat' dir='ltr'><strong>quaque</strong></span> <span class='ocrx_word' id='word_1_669' title='bbox 2318 4407 2408 4454; x_wconf 90' lang='lat' dir='ltr'><strong>re,</strong></span> <span class='ocrx_word' id='word_1_670' title='bbox 2457 4389 2632 4445; x_wconf 91' lang='lat' dir='ltr'><strong>multo</strong></span> <span class='ocrx_word' id='word_1_671' title='bbox 2678 4388 2854 4459; x_wconf 88' lang='lat' dir='ltr'><strong>magis</strong></span> <span class='ocrx_word' id='word_1_672' title='bbox 2902 4389 2956 4442; x_wconf 91' lang='lat' dir='ltr'><strong>in</strong></span> <span class='ocrx_word' id='word_1_673' title='bbox 3004 4374 3208 4443; x_wconf 86' lang='lat' dir='ltr'><strong>divinis</strong></span> <span class='ocrx_word' id='word_1_674' title='bbox 3256 4383 3627 4457; x_wconf 86' lang='lat' dir='ltr'><strong>dogmatibus.</strong></span> 
     </span>
    </p>
   </div>
   <div class='ocr_carea' id='block_1_91' title="bbox 373 4472 3630 4563">
    <p class='ocr_par' dir='ltr' id='par_1_91' title="bbox 373 4472 3630 4563">
     <span class='ocr_line' id='line_1_91' title="bbox 373 4472 3630 4563; baseline -0.006 -20"><span class='ocrx_word' id='word_1_675' title='bbox 373 4489 622 4560; x_wconf 88' lang='lat' dir='ltr'><strong>propriis</strong></span> <span class='ocrx_word' id='word_1_676' title='bbox 646 4497 702 4542; x_wconf 92' lang='lat' dir='ltr'><strong>et</strong></span> <span class='ocrx_word' id='word_1_677' title='bbox 727 4489 1074 4563; x_wconf 85' lang='lat' dir='ltr'><strong>naturalibus</strong></span> <span class='ocrx_word' id='word_1_678' title='bbox 1104 4488 1424 4542; x_wconf 85' lang='lat' dir='ltr'><strong>nominibus</strong></span> <span class='ocrx_word' id='word_1_679' title='bbox 1448 4488 1741 4559; x_wconf 88' lang='lat' dir='ltr'><strong>indigeret,</strong></span> <span class='ocrx_word' id='word_1_680' title='bbox 1760 4496 1947 4543; x_wconf 90' lang='lat' dir='ltr'><strong>nostra</strong></span> <span class='ocrx_word' id='word_1_681' title='bbox 1982 4497 2029 4556; x_wconf 83' lang='grc' dir='ltr'><strong>ι)</strong></span> <span class='ocrx_word' id='word_1_682' title='bbox 2055 4484 2240 4540; x_wconf 82' lang='lat' dir='ltr'><strong>Fallax</strong></span> <span class='ocrx_word' id='word_1_683' title='bbox 2263 4482 2410 4538; x_wconf 92' lang='lat' dir='ltr'><strong>enim</strong></span> <span class='ocrx_word' id='word_1_684' title='bbox 2437 4481 2615 4536; x_wconf 89' lang='lat' dir='ltr'><strong>oratio</strong></span> <span class='ocrx_word' id='word_1_685' title='bbox 2638 4479 2855 4550; x_wconf 87' lang='lat' dir='ltr'><strong>aliquos</strong></span> <span class='ocrx_word' id='word_1_686' title='bbox 2879 4472 3050 4543; x_wconf 83' lang='lat' dir='ltr'><strong>fallet,</strong></span> <span class='ocrx_word' id='word_1_687' title='bbox 3070 4486 3128 4533; x_wconf 88' lang='lat' dir='ltr'><strong>et</strong></span> <span class='ocrx_word' id='word_1_688' title='bbox 3155 4477 3404 4532; x_wconf 82' lang='lat' dir='ltr'><strong>fortassis</strong></span> <span class='ocrx_word' id='word_1_689' title='bbox 3431 4491 3460 4529; x_wconf 90' lang='lat' dir='ltr'><strong>a</strong></span> <span class='ocrx_word' id='word_1_690' title='bbox 3487 4473 3630 4527; x_wconf 88' lang='lat' dir='ltr'><strong>veri-</strong></span> 
     </span>
    </p>
   </div>
   <div class='ocr_carea' id='block_1_92' title="bbox 373 4579 1950 4650">
    <p class='ocr_par' dir='ltr' id='par_1_92' title="bbox 373 4579 1950 4650">
     <span class='ocr_line' id='line_1_92' title="bbox 373 4579 1950 4650; baseline 0.001 -15"><span class='ocrx_word' id='word_1_691' title='bbox 373 4580 484 4636; x_wconf 89' lang='lat' dir='ltr'><strong>sibi</strong></span> <span class='ocrx_word' id='word_1_692' title='bbox 522 4579 846 4646; x_wconf 85' lang='lat' dir='ltr'><strong>vindicavit,</strong></span> <span class='ocrx_word' id='word_1_693' title='bbox 879 4588 938 4635; x_wconf 93' lang='lat' dir='ltr'><strong>et</strong></span> <span class='ocrx_word' id='word_1_694' title='bbox 978 4595 1077 4650; x_wconf 91' lang='lat' dir='ltr'><strong>per</strong></span> <span class='ocrx_word' id='word_1_695' title='bbox 1121 4590 1330 4645; x_wconf 89' lang='lat' dir='ltr'><strong>nostra,</strong></span> <span class='ocrx_word' id='word_1_696' title='bbox 1364 4588 1426 4635; x_wconf 90' lang='lat' dir='ltr'><strong>ut</strong></span> <span class='ocrx_word' id='word_1_697' title='bbox 1466 4579 1675 4634; x_wconf 86' lang='lat' dir='ltr'><strong>dictum</strong></span> <span class='ocrx_word' id='word_1_698' title='bbox 1715 4588 1818 4645; x_wconf 92' lang='lat' dir='ltr'><strong>est,</strong></span> <span class='ocrx_word' id='word_1_699' title='bbox 1851 4595 1950 4636; x_wconf 91' lang='lat' dir='ltr'><strong>sua</strong></span> 
     </span>
    </p>
   </div>
   <div class='ocr_carea' id='block_1_93' title="bbox 373 4657 1552 4740">
    <p class='ocr_par' dir='ltr' id='par_1_93' title="bbox 373 4657 1552 4740">
     <span class='ocr_line' id='line_1_93' title="bbox 373 4657 1552 4740; baseline -0.003 -10"><span class='ocrx_word' id='word_1_700' title='bbox 373 4687 480 4740; x_wconf 75' lang='lat' dir='ltr'><strong>nos</strong></span> <span class='ocrx_word' id='word_1_701' title='bbox 511 4671 725 4727; x_wconf 77' lang='lat' dir='ltr'><strong>docuit.</strong></span> <span class='ocrx_word' id='word_1_702' title='bbox 1549 4657 1552 4660; x_wconf 44' lang='grc'><strong>’</strong></span> 
     </span>
    </p>
   </div>
   <div class='ocr_carea' id='block_1_94' title="bbox 448 4761 1954 4834">
    <p class='ocr_par' dir='ltr' id='par_1_94' title="bbox 448 4761 1954 4834">
     <span class='ocr_line' id='line_1_94' title="bbox 448 4761 1954 4834; baseline -0.001 -15"><span class='ocrx_word' id='word_1_703' title='bbox 448 4762 620 4820; x_wconf 77' lang='lat' dir='ltr'><strong>XXX.</strong></span> <span class='ocrx_word' id='word_1_704' title='bbox 651 4762 806 4818; x_wconf 86' lang='lat' dir='ltr'><strong>Sicut</strong></span> <span class='ocrx_word' id='word_1_705' title='bbox 849 4763 1018 4834; x_wconf 88' lang='lat' dir='ltr'><strong>igitur</strong></span> <span class='ocrx_word' id='word_1_706' title='bbox 1069 4762 1115 4817; x_wconf 89' lang='lat' dir='ltr'><strong>si</strong></span> <span class='ocrx_word' id='word_1_707' title='bbox 1161 4761 1317 4832; x_wconf 91' lang='lat' dir='ltr'><strong>quis,</strong></span> <span class='ocrx_word' id='word_1_708' title='bbox 1353 4777 1478 4816; x_wconf 91' lang='lat' dir='ltr'><strong>cum</strong></span> <span class='ocrx_word' id='word_1_709' title='bbox 1526 4761 1691 4815; x_wconf 89' lang='lat' dir='ltr'><strong>vellet</strong></span> <span class='ocrx_word' id='word_1_710' title='bbox 1733 4761 1954 4817; x_wconf 88' lang='lat' dir='ltr'><strong>tradere</strong></span> 
     </span>
    </p>
   </div>
   <div class='ocr_carea' id='block_1_95' title="bbox 375 4851 1957 4921">
    <p class='ocr_par' dir='ltr' id='par_1_95' title="bbox 375 4851 1957 4921">
     <span class='ocr_line' id='line_1_95' title="bbox 375 4851 1957 4921; baseline -0.003 -11"><span class='ocrx_word' id='word_1_711' title='bbox 375 4856 576 4911; x_wconf 63' lang='lat' dir='ltr'><strong>alienae</strong></span> <span class='ocrx_word' id='word_1_712' title='bbox 603 4853 816 4908; x_wconf 89' lang='lat' dir='ltr'><strong>nationi</strong></span> <span class='ocrx_word' id='word_1_713' title='bbox 847 4853 1038 4908; x_wconf 91' lang='lat' dir='ltr'><strong>utilem</strong></span> <span class='ocrx_word' id='word_1_714' title='bbox 1070 4852 1446 4921; x_wconf 82' lang='lat' dir='ltr'><strong>disciplinam,</strong></span> <span class='ocrx_word' id='word_1_715' title='bbox 1469 4866 1699 4920; x_wconf 90' lang='lat' dir='ltr'><strong>eamque</strong></span> <span class='ocrx_word' id='word_1_716' title='bbox 1733 4851 1801 4906; x_wconf 89' lang='lat' dir='ltr'><strong>ad</strong></span> <span class='ocrx_word' id='word_1_717' title='bbox 1839 4867 1957 4907; x_wconf 92' lang='lat' dir='ltr'><strong>me-</strong></span> 
     </span>
    </p>
   </div>
   <div class='ocr_carea' id='block_1_96' title="bbox 377 4942 1956 5014">
    <p class='ocr_par' dir='ltr' id='par_1_96' title="bbox 377 4942 1956 5014">
     <span class='ocr_line' id='line_1_96' title="bbox 377 4942 1956 5014; baseline -0.006 -10"><span class='ocrx_word' id='word_1_718' title='bbox 377 4949 578 5005; x_wconf 86' lang='lat' dir='ltr'><strong>liorem</strong></span> <span class='ocrx_word' id='word_1_719' title='bbox 623 4955 826 5002; x_wconf 90' lang='lat' dir='ltr'><strong>statum</strong></span> <span class='ocrx_word' id='word_1_720' title='bbox 863 4954 920 5000; x_wconf 90' lang='lat' dir='ltr'><strong>et</strong></span> <span class='ocrx_word' id='word_1_721' title='bbox 952 4945 1215 5014; x_wconf 90' lang='lat' dir='ltr'><strong>optimam</strong></span> <span class='ocrx_word' id='word_1_722' title='bbox 1252 4944 1378 4998; x_wconf 82' lang='lat' dir='ltr'><strong>vitae</strong></span> <span class='ocrx_word' id='word_1_723' title='bbox 1414 4958 1664 4998; x_wconf 87' lang='lat' dir='ltr'><strong>normam</strong></span> <span class='ocrx_word' id='word_1_724' title='bbox 1701 4942 1956 5009; x_wconf 87' lang='lat' dir='ltr'><strong>erudire;</strong></span> 
     </span>
    </p>
   </div>
   <div class='ocr_carea' id='block_1_97' title="bbox 377 5034 1958 5110">
    <p class='ocr_par' dir='ltr' id='par_1_97' title="bbox 377 5034 1958 5110">
     <span class='ocr_line' id='line_1_97' title="bbox 377 5034 1958 5110; baseline -0.004 -15"><span class='ocrx_word' id='word_1_725' title='bbox 377 5039 564 5104; x_wconf 83' lang='lat' dir='ltr'><strong>inanis</strong></span> <span class='ocrx_word' id='word_1_726' title='bbox 596 5038 819 5110; x_wconf 89' lang='lat' dir='ltr'><strong>penitus</strong></span> <span class='ocrx_word' id='word_1_727' title='bbox 847 5047 995 5094; x_wconf 89' lang='lat' dir='ltr'><strong>esset</strong></span> <span class='ocrx_word' id='word_1_728' title='bbox 1023 5052 1190 5107; x_wconf 84' lang='lat' dir='ltr'><strong>Opera</strong></span> <span class='ocrx_word' id='word_1_729' title='bbox 1227 5038 1347 5108; x_wconf 81' lang='lat' dir='ltr'><strong>ejus</strong></span> <span class='ocrx_word' id='word_1_730' title='bbox 1381 5044 1438 5092; x_wconf 90' lang='lat' dir='ltr'><strong>et</strong></span> <span class='ocrx_word' id='word_1_731' title='bbox 1467 5035 1735 5098; x_wconf 85' lang='lat' dir='ltr'><strong>studium,</strong></span> <span class='ocrx_word' id='word_1_732' title='bbox 1765 5035 1826 5110; x_wconf 81' lang='lat' dir='ltr'><strong>si</strong></span> <span class='ocrx_word' id='word_1_733' title='bbox 1848 5034 1958 5089; x_wconf 91' lang='lat' dir='ltr'><strong>Iin-</strong></span> 
     </span>
    </p>
   </div>
   <div class='ocr_carea' id='block_1_98' title="bbox 376 5127 1958 5203">
    <p class='ocr_par' dir='ltr' id='par_1_98' title="bbox 376 5127 1958 5203">
     <span class='ocr_line' id='line_1_98' title="bbox 376 5127 1958 5203; baseline -0.002 -18"><span class='ocrx_word' id='word_1_734' title='bbox 376 5145 484 5203; x_wconf 88' lang='lat' dir='ltr'><strong>gua</strong></span> <span class='ocrx_word' id='word_1_735' title='bbox 520 5146 620 5184; x_wconf 90' lang='lat' dir='ltr'><strong>sua</strong></span> <span class='ocrx_word' id='word_1_736' title='bbox 648 5137 922 5194; x_wconf 89' lang='lat' dir='ltr'><strong>uteretur,</strong></span> <span class='ocrx_word' id='word_1_737' title='bbox 953 5144 1078 5184; x_wconf 90' lang='lat' dir='ltr'><strong>cum</strong></span> <span class='ocrx_word' id='word_1_738' title='bbox 1112 5128 1191 5183; x_wconf 89' lang='lat' dir='ltr'><strong>illi</strong></span> <span class='ocrx_word' id='word_1_739' title='bbox 1223 5129 1318 5197; x_wconf 92' lang='lat' dir='ltr'><strong>qui</strong></span> <span class='ocrx_word' id='word_1_740' title='bbox 1351 5128 1459 5182; x_wconf 90' lang='lat' dir='ltr'><strong>alia</strong></span> <span class='ocrx_word' id='word_1_741' title='bbox 1491 5127 1681 5198; x_wconf 82' lang='lat' dir='ltr'><strong>lingua</strong></span> <span class='ocrx_word' id='word_1_742' title='bbox 1718 5127 1958 5197; x_wconf 88' lang='lat' dir='ltr'><strong>loquun-</strong></span> 
     </span>
    </p>
   </div>
   <div class='ocr_carea' id='block_1_99' title="bbox 381 5217 1955 5294">
    <p class='ocr_par' dir='ltr' id='par_1_99' title="bbox 381 5217 1955 5294">
     <span class='ocr_line' id='line_1_99' title="bbox 381 5217 1955 5294; baseline -0.004 -15"><span class='ocrx_word' id='word_1_743' title='bbox 381 5231 497 5289; x_wconf 84' lang='lat' dir='ltr'><strong>tur,</strong></span> <span class='ocrx_word' id='word_1_744' title='bbox 521 5239 633 5279; x_wconf 91' lang='lat' dir='ltr'><strong>non</strong></span> <span class='ocrx_word' id='word_1_745' title='bbox 659 5231 891 5294; x_wconf 89' lang='lat' dir='ltr'><strong>possunt</strong></span> <span class='ocrx_word' id='word_1_746' title='bbox 909 5220 1014 5276; x_wconf 91' lang='lat' dir='ltr'><strong>nisi</strong></span> <span class='ocrx_word' id='word_1_747' title='bbox 1037 5220 1317 5290; x_wconf 82' lang='lat' dir='ltr'><strong>prepriam</strong></span> <span class='ocrx_word' id='word_1_748' title='bbox 1339 5219 1584 5289; x_wconf 88' lang='lat' dir='ltr'><strong>linguam</strong></span> <span class='ocrx_word' id='word_1_749' title='bbox 1609 5217 1913 5288; x_wconf 84' lang='lat' dir='ltr'><strong>intelligere</strong></span> <span class='ocrx_word' id='word_1_750' title='bbox 1942 5235 1955 5272; x_wconf 89' lang='lat'><strong>:</strong></span> 
     </span>
    </p>
   </div>
   <div class='ocr_carea' id='block_1_100' title="bbox 2056 4568 3632 4642">
    <p class='ocr_par' dir='ltr' id='par_1_100' title="bbox 2056 4568 3632 4642">
     <span class='ocr_line' id='line_1_100' title="bbox 2056 4568 3632 4642; baseline -0.005 -12"><span class='ocrx_word' id='word_1_751' title='bbox 2056 4571 2166 4630; x_wconf 87' lang='lat' dir='ltr'><strong>tate</strong></span> <span class='ocrx_word' id='word_1_752' title='bbox 2188 4574 2427 4628; x_wconf 88' lang='lat' dir='ltr'><strong>abducet</strong></span> <span class='ocrx_word' id='word_1_753' title='bbox 2445 4589 2541 4628; x_wconf 90' lang='lat' dir='ltr'><strong>eos</strong></span> <span class='ocrx_word' id='word_1_754' title='bbox 2561 4572 2655 4642; x_wconf 91' lang='lat' dir='ltr'><strong>qui</strong></span> <span class='ocrx_word' id='word_1_755' title='bbox 2678 4587 2788 4626; x_wconf 90' lang='lat' dir='ltr'><strong>non</strong></span> <span class='ocrx_word' id='word_1_756' title='bbox 2815 4579 2947 4626; x_wconf 91' lang='lat' dir='ltr'><strong>sunt</strong></span> <span class='ocrx_word' id='word_1_757' title='bbox 2967 4586 3032 4625; x_wconf 90' lang='lat' dir='ltr'><strong>ea</strong></span> <span class='ocrx_word' id='word_1_758' title='bbox 3054 4568 3284 4634; x_wconf 85' lang='lat' dir='ltr'><strong>imbuti;</strong></span> <span class='ocrx_word' id='word_1_759' title='bbox 3308 4582 3418 4622; x_wconf 91' lang='lat' dir='ltr'><strong>non</strong></span> <span class='ocrx_word' id='word_1_760' title='bbox 3443 4573 3632 4622; x_wconf 89' lang='lat' dir='ltr'><strong>tamen</strong></span> 
     </span>
    </p>
   </div>
   <div class='ocr_carea' id='block_1_101' title="bbox 2057 4657 3628 4734">
    <p class='ocr_par' dir='ltr' id='par_1_101' title="bbox 2057 4657 3628 4734">
     <span class='ocr_line' id='line_1_101' title="bbox 2057 4657 3628 4734; baseline -0.006 -12"><span class='ocrx_word' id='word_1_761' title='bbox 2057 4666 2296 4723; x_wconf 87' lang='lat' dir='ltr'><strong>mutabit</strong></span> <span class='ocrx_word' id='word_1_762' title='bbox 2325 4673 2578 4721; x_wconf 88' lang='lat' dir='ltr'><strong>naturam</strong></span> <span class='ocrx_word' id='word_1_763' title='bbox 2608 4664 2676 4719; x_wconf 90' lang='lat' dir='ltr'><strong>de</strong></span> <span class='ocrx_word' id='word_1_764' title='bbox 2705 4679 2812 4734; x_wconf 90' lang='lat' dir='ltr'><strong>qua</strong></span> <span class='ocrx_word' id='word_1_765' title='bbox 2843 4661 3237 4734; x_wconf 87' lang='lat' dir='ltr'><strong>pronuntiatur.</strong></span> <span class='ocrx_word' id='word_1_766' title='bbox 3276 4676 3288 4712; x_wconf 92' lang='lat'><strong>:</strong></span> <span class='ocrx_word' id='word_1_767' title='bbox 3331 4673 3443 4713; x_wconf 90' lang='lat' dir='ltr'><strong>non</strong></span> <span class='ocrx_word' id='word_1_768' title='bbox 3480 4657 3628 4712; x_wconf 92' lang='lat' dir='ltr'><strong>enim</strong></span> 
     </span>
    </p>
   </div>
   <div class='ocr_carea' id='block_1_102' title="bbox 2055 4748 3635 4820">
    <p class='ocr_par' dir='ltr' id='par_1_102' title="bbox 2055 4748 3635 4820">
     <span class='ocr_line' id='line_1_102' title="bbox 2055 4748 3635 4820; baseline -0.008 -4"><span class='ocrx_word' id='word_1_769' title='bbox 2055 4767 2204 4816; x_wconf 90' lang='lat' dir='ltr'><strong>esset</strong></span> <span class='ocrx_word' id='word_1_770' title='bbox 2236 4767 2436 4815; x_wconf 86' lang='lat' dir='ltr'><strong>natura</strong></span> <span class='ocrx_word' id='word_1_771' title='bbox 2474 4757 2727 4816; x_wconf 90' lang='lat' dir='ltr'><strong>oratione</strong></span> <span class='ocrx_word' id='word_1_772' title='bbox 2765 4753 3064 4820; x_wconf 83' lang='lat' dir='ltr'><strong>valentior,</strong></span> <span class='ocrx_word' id='word_1_773' title='bbox 3099 4753 3146 4808; x_wconf 88' lang='lat' dir='ltr'><strong>si</strong></span> <span class='ocrx_word' id='word_1_774' title='bbox 3184 4768 3321 4809; x_wconf 91' lang='lat' dir='ltr'><strong>sono</strong></span> <span class='ocrx_word' id='word_1_775' title='bbox 3363 4748 3635 4806; x_wconf 91' lang='lat' dir='ltr'><strong>orationis</strong></span> 
     </span>
    </p>
   </div>
   <div class='ocr_carea' id='block_1_103' title="bbox 2057 4856 2544 4904">
    <p class='ocr_par' dir='ltr' id='par_1_103' title="bbox 2057 4856 2544 4904">
     <span class='ocr_line' id='line_1_103' title="bbox 2057 4856 2544 4904; baseline -0.008 0"><span class='ocrx_word' id='word_1_776' title='bbox 2057 4865 2145 4904; x_wconf 70' lang='grc' dir='ltr'><strong>ΓΕΒ</strong></span> <span class='ocrx_word' id='word_1_777' title='bbox 2175 4856 2544 4904; x_wconf 88' lang='lat' dir='ltr'><strong>mutarentur.</strong></span> 
     </span>
    </p>
   </div>
   <div class='ocr_carea' id='block_1_104' title="bbox 2129 4927 3634 5012">
    <p class='ocr_par' dir='ltr' id='par_1_104' title="bbox 2129 4927 3634 5012">
     <span class='ocr_line' id='line_1_104' title="bbox 2129 4927 3634 5012; baseline -0.01 -17"><span class='ocrx_word' id='word_1_778' title='bbox 2129 4939 2344 4995; x_wconf 86' lang='lat' dir='ltr'><strong>XXXII.</strong></span> <span class='ocrx_word' id='word_1_779' title='bbox 2379 4939 2486 4994; x_wconf 90' lang='lat' dir='ltr'><strong>Sed</strong></span> <span class='ocrx_word' id='word_1_780' title='bbox 2531 4939 2812 5007; x_wconf 90' lang='lat' dir='ltr'><strong>deinceps,</strong></span> <span class='ocrx_word' id='word_1_781' title='bbox 2844 4936 2975 5012; x_wconf 86' lang='lat' dir='ltr'><strong>quia</strong></span> <span class='ocrx_word' id='word_1_782' title='bbox 3016 4929 3267 4988; x_wconf 78' lang='lat' dir='ltr'><strong>fortassis</strong></span> <span class='ocrx_word' id='word_1_783' title='bbox 3302 4931 3420 4985; x_wconf 67' lang='lat' dir='ltr'><strong>haec</strong></span> <span class='ocrx_word' id='word_1_784' title='bbox 3456 4927 3634 4982; x_wconf 88' lang='lat' dir='ltr'><strong>oratio</strong></span> 
     </span>
    </p>
   </div>
   <div class='ocr_carea' id='block_1_105' title="bbox 2057 5021 3644 5102">
    <p class='ocr_par' dir='ltr' id='par_1_105' title="bbox 2057 5021 3644 5102">
     <span class='ocr_line' id='line_1_105' title="bbox 2057 5021 3644 5102; baseline -0.009 -14"><span class='ocrx_word' id='word_1_785' title='bbox 2057 5042 2142 5087; x_wconf 88' lang='lat' dir='ltr'><strong>est</strong></span> <span class='ocrx_word' id='word_1_786' title='bbox 2164 5031 2382 5102; x_wconf 89' lang='lat' dir='ltr'><strong>longior</strong></span> <span class='ocrx_word' id='word_1_787' title='bbox 2399 5029 2654 5100; x_wconf 43' lang='lat' dir='ltr'><strong>justo,-ad</strong></span> <span class='ocrx_word' id='word_1_788' title='bbox 2679 5030 2839 5084; x_wconf 88' lang='lat' dir='ltr'><strong>aliam</strong></span> <span class='ocrx_word' id='word_1_789' title='bbox 2868 5041 3181 5098; x_wconf 89' lang='lat' dir='ltr'><strong>pergemus,</strong></span> <span class='ocrx_word' id='word_1_790' title='bbox 3201 5023 3286 5078; x_wconf 88' lang='lat' dir='ltr'><strong>vel</strong></span> <span class='ocrx_word' id='word_1_791' title='bbox 3316 5021 3499 5092; x_wconf 91' lang='lat' dir='ltr'><strong>potius</strong></span> <span class='ocrx_word' id='word_1_792' title='bbox 3523 5035 3644 5074; x_wconf 57' lang='lat' dir='ltr'><strong>non»</strong></span> 
     </span>
    </p>
   </div>
   <div class='ocr_carea' id='block_1_106' title="bbox 2060 5111 3649 5187">
    <p class='ocr_par' dir='ltr' id='par_1_106' title="bbox 2060 5111 3649 5187">
     <span class='ocr_line' id='line_1_106' title="bbox 2060 5111 3649 5187; baseline -0.007 -8"><span class='ocrx_word' id='word_1_793' title='bbox 2060 5123 2127 5179; x_wconf 88' lang='lat' dir='ltr'><strong>ad</strong></span> <span class='ocrx_word' id='word_1_794' title='bbox 2154 5123 2315 5177; x_wconf 88' lang='lat' dir='ltr'><strong>aliam</strong></span> <span class='ocrx_word' id='word_1_795' title='bbox 2348 5139 2361 5176; x_wconf 92' lang='lat'><strong>:</strong></span> <span class='ocrx_word' id='word_1_796' title='bbox 2397 5120 2577 5176; x_wconf 88' lang='lat' dir='ltr'><strong>adhuc</strong></span> <span class='ocrx_word' id='word_1_797' title='bbox 2603 5121 2752 5175; x_wconf 89' lang='lat' dir='ltr'><strong>enim</strong></span> <span class='ocrx_word' id='word_1_798' title='bbox 2787 5121 2840 5174; x_wconf 81' lang='lat' dir='ltr'><strong>in</strong></span> <span class='ocrx_word' id='word_1_799' title='bbox 2871 5118 3079 5174; x_wconf 91' lang='lat' dir='ltr'><strong>eisdem</strong></span> <span class='ocrx_word' id='word_1_800' title='bbox 3111 5123 3382 5187; x_wconf 85' lang='lat' dir='ltr'><strong>versatur,</strong></span> <span class='ocrx_word' id='word_1_801' title='bbox 3414 5111 3649 5168; x_wconf 65' lang='lat' dir='ltr'><strong>tametsi.</strong></span> 
     </span>
    </p>
   </div>
   <div class='ocr_carea' id='block_1_107' title="bbox 2060 5211 3024 5283">
    <p class='ocr_par' dir='ltr' id='par_1_107' title="bbox 2060 5211 3024 5283">
     <span class='ocr_line' id='line_1_107' title="bbox 2060 5211 3024 5283; baseline 0 -15"><span class='ocrx_word' id='word_1_802' title='bbox 2060 5213 2236 5270; x_wconf 83' lang='lat' dir='ltr'><strong>variat</strong></span> <span class='ocrx_word' id='word_1_803' title='bbox 2258 5213 2486 5268; x_wconf 89' lang='lat' dir='ltr'><strong>materia</strong></span> <span class='ocrx_word' id='word_1_804' title='bbox 2512 5211 3024 5283; x_wconf 62' lang='lat' dir='ltr'><strong>argumentationis;</strong></span> 
     </span>
    </p>
   </div>
   <div class='ocr_carea' id='block_1_108' title="bbox 457 5346 1942 5444">
    <p class='ocr_par' dir='ltr' id='par_1_108' title="bbox 457 5369 1942 5444">
     <span class='ocr_line' id='line_1_108' title="bbox 457 5369 1942 5444; baseline -0.013 -8"><span class='ocrx_word' id='word_1_805' title='bbox 457 5371 502 5405; x_wconf 73' lang='lat'>&quot;</span> <span class='ocrx_word' id='word_1_806' title='bbox 528 5376 669 5434; x_wconf 85' lang='lat' dir='ltr'><strong>Psal.</strong></span> <span class='ocrx_word' id='word_1_807' title='bbox 693 5393 752 5444; x_wconf 84' lang='grc' dir='ltr'><strong>ιι,</strong></span> <span class='ocrx_word' id='word_1_808' title='bbox 771 5377 824 5431; x_wconf 90' lang='lat'><strong>7.</strong></span> <span class='ocrx_word' id='word_1_809' title='bbox 900 5375 1105 5430; x_wconf 79' lang='lat' dir='ltr'><strong>&quot;Psal.</strong></span> <span class='ocrx_word' id='word_1_810' title='bbox 1131 5389 1236 5438; x_wconf 67' lang='lat' dir='ltr'><strong>cur,</strong></span> <span class='ocrx_word' id='word_1_811' title='bbox 1259 5373 1312 5426; x_wconf 75' lang='grc' dir='ltr'><strong>ὅ.</strong></span> <span class='ocrx_word' id='word_1_812' title='bbox 1389 5369 1435 5402; x_wconf 75' lang='grc'>⁸⁸</span> <span class='ocrx_word' id='word_1_813' title='bbox 1457 5372 1617 5426; x_wconf 88' lang='lat' dir='ltr'><strong>Prov.</strong></span> <span class='ocrx_word' id='word_1_814' title='bbox 1643 5386 1757 5437; x_wconf 74' lang='lat' dir='ltr'><strong>VIII,</strong></span> <span class='ocrx_word' id='word_1_815' title='bbox 1777 5369 1878 5438; x_wconf 51' lang='lat'><strong>‘25.</strong></span> <span class='ocrx_word' id='word_1_816' title='bbox 1905 5371 1942 5400; x_wconf 71' lang='grc'><strong>⁸⁷</strong></span> 
     </span>
    </p>
   </div>
   <div class='ocr_carea' id='block_1_109' title="bbox 2041 5346 3333 5444">
    <p class='ocr_par' dir='ltr' id='par_1_109' title="bbox 2041 5363 3333 5434">
     <span class='ocr_line' id='line_1_109' title="bbox 2041 5363 3333 5434; baseline -0.003 -11"><span class='ocrx_word' id='word_1_817' title='bbox 2041 5385 2129 5423; x_wconf 85' lang='lat' dir='ltr'><strong>an.</strong></span> <span class='ocrx_word' id='word_1_818' title='bbox 2160 5386 2210 5433; x_wconf 79' lang='grc' dir='ltr'><strong>ν,</strong></span> <span class='ocrx_word' id='word_1_819' title='bbox 2236 5370 2324 5424; x_wconf 72' lang='grc'><strong>56.</strong></span> <span class='ocrx_word' id='word_1_820' title='bbox 2401 5368 2447 5400; x_wconf 75' lang='grc'><strong>⁸⁸</strong></span> <span class='ocrx_word' id='word_1_821' title='bbox 2468 5369 2624 5423; x_wconf 83' lang='lat' dir='ltr'><strong>Joan.</strong></span> <span class='ocrx_word' id='word_1_822' title='bbox 2650 5369 2870 5434; x_wconf 58' lang='lat'><strong>“1,98.</strong></span> <span class='ocrx_word' id='word_1_823' title='bbox 2948 5369 2994 5401; x_wconf 76' lang='lat'>“</span> <span class='ocrx_word' id='word_1_824' title='bbox 3014 5368 3157 5424; x_wconf 85' lang='lat' dir='ltr'><strong>Psal.</strong></span> <span class='ocrx_word' id='word_1_825' title='bbox 3185 5381 3245 5432; x_wconf 84' lang='grc' dir='ltr'><strong>ιι,</strong></span> <span class='ocrx_word' id='word_1_826' title='bbox 3265 5363 3333 5420; x_wconf 58' lang='lat'><strong>&#39;1;</strong></span> 
     </span>
    </p>
   </div>
  </div>
