4054 6312
1722 337 1782 397 S.
1818 340 2218 403 ANASTASII
2258 348 2732 414 ANTIOCHENI

3707 363 3856 430 1332

593 479 3840 562 MM

2081 651 2246 713 .‘II.
2565 656 2568 658 ’

1729 758 1832 818 DE
1869 761 2616 838 INCIRCUMSCBIPTO.

634 988 680 1115 Ι]
702 989 899 1115 omnia
933 995 1102 1115 a‘udet
1121 999 1307 1086 lingua
1335 1005 1549 1074 dolosa,
1581 1027 1704 1080 quas
1735 1022 1790 1068 et
1810 1015 2132 1074 Creatorem
2167 1027 2211 1082 Α
2241 1038 2419 1096 rante,
2442 1032 2560 1090 sine
2587 1051 2697 1106 quo
2721 1055 2843 1096 esse
2870 1051 2980 1098 non
3009 1052 3210 1115 potest.
3236 1048 3328 1105 Sic
3357 1067 3371 1104 :
3401 1049 3536 1106 Caeli
3564 1071 3834 1115 enarrant

634 1094 658 1115 ll
688 1093 833 1115 Δωηι
921 1099 949 1115 α
1009 1101 1130 1115 ιιι-ιιι
1168 1090 1284 1115 λε..-
1324 1094 1498 1115 -ε.μ.-,-
1571 1100 1606 1115 ο-
1955 1109 1967 1115 -
2057 1108 2108 1115 --

556 1082 883 1144 contemnit,
919 1091 976 1137 et
1008 1083 1288 1166 quaeejus
1324 1094 1502 1152 virtus
1539 1100 1632 1165 sit,
1669 1117 1780 1157 non
1825 1109 2014 1162 sentit.
2053 1108 2138 1165 Sit

557 1166 717 1222 nobis
747 1169 1016 1229 Dominus
1049 1178 1256 1234 auxilio
1290 1187 1440 1252 spei,
1475 1189 1790 1262 tribuatque
1821 1207 2133 1254 sermonem

555 1258 864 1358 prudentiae
905 1274 1134 1335 propter
1173 1285 1271 1326 eos
1317 1276 1412 1344 qui
1458 1258 1715 1336 fructum
1750 1287 2035 1358 percipere
2077 1300 2134 1347 et

552 1348 909 1416 prudentiam
949 1372 1152 1429 angere
1174 1364 1407 1433 cupiunt
1446 1386 1459 1420 :
1501 1377 1558 1423 tu
1590 1348 2129 1449 verm-charissime,

551 1456 621 1495 ne
660 1457 786 1498 cum
827 1448 931 1512 eis,
963 1449 1108 1507 sicut
1139 1454 1411 1527 scriptu’m
1445 1472 1532 1516 est
1553 1465 1620 1528 ὀ,
1654 1475 1875 1534 pactum
1907 1471 2078 1530 facias

546 1547 646 1588 eos
683 1534 831 1604 dico,
864 1541 959 1610 qui
999 1541 1172 1600 Deum
1217 1549 1580 1620 imminuunt,
1613 1565 1670 1611 et
1707 1559 1953 1619 divinam
1995 1569 2130 1623 sub-

547 1631 808 1685 stantiam
849 1635 1342 1709 circumscribunt,
1370 1657 1426 1700 et
1459 1662 1726 1718 quantum
1765 1657 1820 1710 in
1856 1659 1993 1728 ipsis
2023 1673 2127 1727 est,

549 1719 774 1776 tradunt
803 1740 1038 1805 vacuum
1083 1747 1208 1788 esse
1251 1739 1569 1796 universum
1615 1761 1644 1798 a
1691 1745 1955 1804 Creatore
2003 1755 2128 1806 uni-

546 1811 693 1864 versi
725 1829 739 1866 :
765 1814 862 1883 qui
887 1817 1149 1877 videntur
1174 1825 1252 1894 pii
1278 1843 1422 1894 esse,
1446 1831 1800 1902 impudenter
1823 1839 2128 1911 blasphemi

545 1912 706 1971 sunt,
751 1906 955 1967 divinae
1001 1925 1216 1975 naturai
1263 1924 1687 1994 amplitudinem
1733 1906 2030 2002 negantes,
2074 1947 2130 1993 et

543 1994 786 2067 linguam
829 2017 983 2059 suam
1027 2009 1398 2081 importunam
1439 2027 1496 2073 et
1528 2020 1814 2091 loquacem
1858 2027 1914 2082 in
1952 2029 2125 2086 Deum

541 2089 792 2148 universi
835 2111 1121 2158 acuentes.
1161 2106 1304 2164 Sane
1339 2111 1564 2180 quidem
1601 2123 2130 2189 noncognoveru'nt

542 2181 657 2250 isti,
689 2201 794 2242 nec
825 2190 1220 2254 intellexerunt
1249 2205 1549 2271 potentiam
1581 2205 1702 2274 Dei,
1731 2212 1862 2280 quin
1897 2217 2082 2284 potius
2109 2236 2121 2271 :

540 2274 887 2341 Obscuratum
937 2300 1040 2358 est,
1078 2295 1224 2350 sicut
1267 2299 1343 2354 ait
1389 2299 1706 2373 Scriptura,
1738 2309 1990 2380 insipiens
2031 2329 2121 2366 cor

537 2385 724 2428 eorum
757 2391 774 2429 :
804 2378 1032 2438 dicentes
1056 2402 1111 2439 se
1135 2405 1246 2442 esse
1271 2395 1554 2463 sapientes,
1579 2398 1730 2454 stulti
1759 2378 1885 2471 fac-ti
1912 2406 2121 2459 sunt“.
2157 2383 2196 2436 Β

539 2461 686 2516 Deus
725 2477 910 2526 autem
954 2461 1354 2544 patientissime
1394 2485 1501 2542 fert
1540 2488 1688 2556 haec,
1854 2511 1963 2550 non
2002 2497 2123 2553 vult

537 2555 682 2649 ullos
722 2562 926 2632 perire,
961 2569 1059 2624 sed
1101 2586 1297 2630 omnes
1335 2578 1403 2632 ad
1447 2583 1834 2649 paenitentiam
1867 2590 2060 2646 venire
2106 2611 2118 2646 :

539 2645 661 2701 Vult
689 2653 831 2707 enim
863 2673 1042 2713 omnes
1075 2664 1310 2723 homines
1343 2645 1517 2727 sale-os
1545 2675 1683 2743 ﬁeri,
1710 2687 1759 2731 et
1792 2681 1862 2733 ad
1889 2685 2118 2752 agnitio-

536 2755 657 2794 nem
693 2748 932 2802 veritatis
971 2755 1149 2808 venire
1169 2759 1238 2811 ".
1270 2760 1426 2816 Fasit
1464 2765 1629 2832 Deus,
1661 2781 1719 2824 ut
1758 2771 1864 2827 hoc
1900 2777 2119 2846 sapiens

533 2833 830 2890 consilium
876 2841 1088 2899 exitum
1134 2847 1340 2905 bonum
1385 2854 1439 2907 in
1481 2857 1562 2912 eis
1607 2833 2118 2935 asscquatur,.ipsis

532 2925 772 3022 salutem
821 2940 1152 2995 consecutis
1194 2942 1500 3004 secundum
1555 2956 1900 3022 propositum
1953 2961 2048 3015 Dei
2103 2983 2114 3015 :

532 3015 638 3082 Qui
663 3033 815 3078 vocat
843 3043 905 3082 ea
933 3047 1053 3100 qua:
1082 3051 1187 3089 non
1215 3049 1361 3107 sunt,
1390 3050 1645 3114 tanquam
1672 3064 1733 3102 ea
1761 3067 1877 3120 qua:
1903 3063 2024 3106 sunt
2046 3055 2112 3108 ’³.

602 3110 668 3167 ll.
716 3115 798 3172 Nc
851 3131 1036 3180 autem
1092 3128 1398 3188 absurdum
1454 3110 1509 3190 et
1566 3110 1821 3196 dolosuin
1884 3145 2113 3202 istorum

534 3203 732 3303 dogma
774 3211 967 3280 lateat,
1000 3219 1322 3290 videamus,
1359 3230 1543 3298 qualia
1583 3231 1698 3286 sint
1735 3251 1857 3303 quae
1897 3237 1964 3293 de
2003 3239 2114 3296 Deo

535 3294 726 3356 dicere
768 3305 974 3362 audent
1019 3329 1030 3362 :
1083 3329 1100 3362 ‹
1149 3313 1405 3388 Energia,
1445 3321 1729 3392 inquiunt,
1763 3327 1816 3380 in
1857 3315 2117 3388 omnibus

533 3389 702 3446 rebus
735 3404 820 3449 est
854 3396 1028 3466 Deus;
1067 3404 1379 3463 substantia
1410 3427 1545 3466 vero
1582 3415 1829 3471 minime.
1869 3439 1887 3470 ›
1937 3421 2111 3478 Encr-

529 3479 673 3549 gi‘am
699 3498 902 3544 vocant
930 3505 1072 3561 opus
1099 3498 1344 3570 energia,
1371 3501 1424 3556 id
1451 3512 1556 3569 est,
1581 3510 1902 3576 operatione
1927 3514 2112 3570 confe-

525 3673 585 3719 et
624 3671 901 3759 textor-in
947 3675 1116 3744 pallio
1157 3682 1301 3750 quod
1347 3686 1540 3740 texuit.
1574 3687 1740 3758 Atqui
1783 3691 1961 3749 dicam
2006 3713 2108 3769 ego

529 3753 954 3826 inseparabilem
998 3779 1120 3822 esse
1166 3785 1196 3823 a
1242 3783 1439 3826 natura
1492 3773 1588 3829 Dei
1636 3779 1914 3848 energiam
1965 3753 2106 3854 ejuvs,

525 3849 780 3919 exemplo
826 3856 1117 3925 superiore
1161 3862 1231 3915 ab
1278 3863 1402 3920 istis
1449 3877 1670 3938 sumpto
1720 3887 1854 3927 usus
1901 3857 2111 3930 :‘sicut

525 3941 674 3996 enim
708 3943 1008 4006 fabricator
1032 3955 1189 4009 navis
1213 3957 1469 4012 cernitur
1497 3959 1552 4013 in
1581 3962 1728 4026 navi,
1756 3974 1811 4018 et
1843 3972 2023 4020 textor
2051 3967 2106 4022 in

523 4037 692 4105 pallio
719 4044 922 4111 textili;
948 4047 1030 4102 sic
1052 4048 1197 4104 Deus
1219 4053 1273 4106 in
1297 4055 1561 4124 operibus
1583 4058 1697 4114 suis
1725 4077 1737 4112 :
1763 4063 1978 4117 tametsi
2004 4063 2104 4130 illi,

524 4137 720 4199 utpote
747 4137 1008 4193 mortales
1036 4148 1092 4194 et
1115 4145 1446 4213 corporibus
1476 4148 1908 4222 circumscripti,
1933 4154 2106 4210 solam

522 4223 808 4292 energiam
845 4226 1166 4299 relinquant
1197 4237 1423 4290 vacuam
1457 4238 1527 4293 ab
1562 4239 1793 4306 artiﬁce,
1825 4245 1919 4314 qui
1953 4247 2108 4316 Operi

523 4310 777 4370 faciendo
808 4326 984 4374 artem
1018 4323 1275 4379 adhibuit
1303 4331 1317 4379 ξ
1350 4337 1515 4398 atque
1548 4333 1822 4389 artificem
1841 4310 2101 4416 quidem,

523 4405 568 4458 si
608 4406 768 4463 adest
799 4420 856 4465 et
889 4417 1265 4485 cognoscitur,
1295 4421 1559 4490 praedicat
1597 4440 1770 4496 opus;
1817 4405 2103 4486 absentem

521 4513 659 4552 vero
692 4507 749 4555 et
794 4499 1174 4576 incogniium,
1210 4513 1439 4568 minime
1485 4533 1499 4568 :
1547 4516 1642 4570 sed
1687 4534 1787 4572 cur
1828 4519 1939 4575 ita?
1973 4524 2103 4592 quia

521 4599 824 4680 utrumque
875 4596 1298 4673 circumscripte
1349 4606 1597 4661 cernitur
1643 4617 1699 4663 et
1745 4627 1915 4681 opus,
1955 4623 2010 4667 et
2048 4616 2103 4669 id

519 4669 666 4734 unde
697 4683 1010 4752 profectum
1037 4699 1121 4744 est
1146 4706 1306 4762 opus.
1327 4695 1469 4760 Quia
1491 4697 1630 4751 vero
1647 4697 1769 4752 viva
1795 4707 1880 4753 est
1905 4709 2102 4757 natura

518 4773 727 4842 divina,
759 4781 1037 4848 energias,
1068 4782 1122 4837 id
1167 4793 1252 4839 est
1293 4789 1667 4856 operationes,
1703 4790 1868 4846 habet
1907 4793 2102 4850 viven-

519 4879 624 4932 tes,
648 4876 704 4922 et
733 4871 853 4925 sine
888 4873 1306 4933 intermissione
1338 4888 1561 4949 agentes
1597 4899 1608 4934 :
1648 4882 1765 4938 sine
1796 4877 2101 4942 substantia

515 4964 702 5012 autem
738 4975 848 5014 non
882 4971 1068 5032 potest
1101 4964 1217 5019 ullo
1251 4967 1416 5023 modo
1451 4967 1674 5038 prodire
1709 4975 1966 5046 energia;
2003 4977 2100 5032 ubi

2236 1301 2690 1375 suo‘alienatum,
2724 1325 2942 1382 semper
2973 1319 3119 1372 enim
3154 1320 3366 1392 indiget
3397 1340 3819 1397 conservatore,

2187 1431 2189 1434 .
2235 1391 2330 1461 qui
2374 1408 2482 1449 non
2525 1397 2657 1453 sinit
2693 1412 3059 1464 veterascere.
3086 1409 3262 1476 Unde,
3284 1391 3427 1484 quia
3466 1433 3635 1475 omne
3675 1425 3822 1492 quod

2229 1489 2348 1557 pati
2379 1480 2584 1560 potest,
2605 1511 2718 1554 non
2748 1510 3072 1558 renovatum
3098 1480 3422 1575 veterascit;
3455 1514 3608 1582 quod
3635 1480 3822 1572 autem

2231 1587 2434 1636 natura
2460 1592 2808 1644 veterascere
2839 1599 3042 1660 potest,
3069 1589 3180 1650 DOIl
3207 1595 3563 1658 veterascens
3594 1622 3824 1664 renova-

2232 1679 2324 1724 tur
2354 1689 2368 1726 :
2402 1673 2607 1750 caelum
2643 1677 2813 1748 igitur
2839 1687 2895 1736 et
2923 1683 3167 1740 caelestia
3200 1704 3435 1759 corpora
3469 1710 3596 1762 quae
3631 1696 3820 1752 hacte-

2228 1777 2336 1817 nus
2365 1766 2508 1822 sicut
2533 1783 2564 1822 a
2592 1769 2867 1842 principio
2895 1772 3035 1830 facta
3066 1787 3213 1842 sunt,
3241 1780 3469 1850 durant,
3501 1790 3819 1843 renovatio-

2229 1870 2356 1909 nem
2383 1856 2440 1911 in
2466 1873 2524 1912 se
2546 1861 2795 1929 quotidie
2819 1862 2940 1919 fieri
2968 1868 3303 1936 ostendunt;
3333 1878 3816 1946 conservationem

2228 1963 2362 2002 vero
2381 1959 2524 2024 voco
2548 1955 2963 2010 renovationem
2992 1976 3005 2012 :
3032 1973 3325 2017 conservat
3347 1974 3532 2020 autem
3559 1983 3627 2022 ea
3647 1970 3814 2033 Deus,

2228 2041 2508 2110 quomodo
2540 2039 2735 2099 aﬂccta
2770 2052 2918 2099 sunt.
2953 2047 3008 2102 Si
3045 2060 3230 2105 autem
3264 2051 3410 2108 recte
3445 2055 3641 2123 habet,
3667 2061 3813 2126 quod

2227 2148 2328 2187 nos
2355 2134 2734 2207 intelligimus,
2755 2140 3056 2210 energiam,
3077 2143 3130 2196 id
3155 2152 3260 2209 est,
3283 2149 3668 2215 operationem
3691 2153 3814 2207 esse

2227 2227 2743 2293 conservationem;
2793 2235 3157 2286 Conservatur
3196 2251 3364 2302 vero,
3399 2249 3454 2292 et
3492 2243 3816 2298 continetur

2233 2320 2584 2386 universum;
2625 2322 2772 2378 circa
2807 2324 3126 2380 universum
3161 2339 3417 2386 versatur
3449 2335 3701 2404 energia.
3733 2335 3812 2391 Ab

2225 2410 2330 2466 hac
2353 2421 2537 2467 autem
2565 2428 2676 2468 non
2701 2426 2786 2470 est
2809 2415 3117 2473 substantia
3145 2421 3500 2490 Separabilis;
3534 2434 3624 2480 est
3647 2427 3812 2498 igitur

2223 2503 2370 2557 eirea
2394 2504 2732 2569 universum,
2753 2514 2813 2570 et
2836 2507 2890 2561 in
2918 2509 3183 2572 universo
3207 2512 3523 2568 substantia
3546 2515 3679 2588 Dei,

2293 2593 2380 2648 lll.
2413 2593 2505 2650 Sic
2537 2595 3095 2668 intelligimus,'quod
3134 2599 3386 2655 Salvator
3415 2602 3557 2657 dixit
3597 2623 3611 2659 τ
3645 2606 3805 2659 Pater

2223 2704 2371 2741 meus
2414 2683 2578 2758 usque
2623 2689 2778 2742 modo
2824 2699 3099 2760 operatur,
3130 2700 3176 2745 et
3225 2709 3317 2763 ego
3361 2691 3554 2763 operor
3575 2697 3651 2761 9';
3697 2714 3802 2753 non

2220 2779 2366 2851 quod
2401 2779 2552 2834 facta
2591 2779 2662 2834 sit
2695 2781 2940 2836 accessio
2985 2782 3248 2838 universo
3292 2802 3304 2837 :
3345 2783 3624 2855 Requievit
3657 2790 3800 2843 enim

2218 2871 2358 2927 Deus
2409 2873 2493 2927 die
2541 2875 2766 2942 septima
2816 2874 2880 2927 ab
2933 2875 3171 2929 omnibus
3215 2877 3455 2946 aperibus
3500 2881 3651 2940 suis,
3689 2891 3802 2950 qua

2217 2961 2368 3031 arpit
2410 2961 2584 3030 facere.
2603 2961 2678 3028 ";
2725 2971 2784 3016 et"
2828 2979 2840 3015 :
2887 2955 3034 3017 Nihil
3077 2973 3153 3018 est
3193 2972 3370 3022 recens
3413 2968 3507 3020 sub
3551 2969 3694 3033 sole,
3727 2971 3800 3024 ait

2218 3051 2480 3110 Salomon
2506 3055 2588 3119 ";
2635 3053 2732 3109 sed
2781 3069 2923 3122 opus
2966 3055 3275 3110 nominavit
3319 3063 3798 3116 conservationem

2218 3143 2489 3200 universi.
2511 3145 2634 3216 Ipsa
2659 3146 2806 3201 enim
2834 3162 3041 3216 genera
3063 3156 3121 3202 et
3149 3134 3364 3218 species
3391 3165 3585 3205 eorum
3612 3153 3800 3208 videre

2214 3235 2344 3290 licet
2371 3251 2591 3307 semper
2620 3237 2962 3303 conservari,
2987 3254 3094 3294 nec
3123 3241 3311 3311 augeri
3343 3244 3588 3312 penitus,
3621 3261 3798 3314 neque

2213 3323 2420 3394 minui;
2463 3336 2868 3384 conservantur
2904 3339 3091 3385 autem
3126 3332 3330 3394 Verbo,
3357 3343 3419 3387 ut
3457 3343 3622 3389 antea
3658 3335 3796 3389 dixi-

2216 3436 2367 3484 mus,
2416 3420 2493 3474 ita
2538 3431 2601 3475 ut
2642 3436 2900 3491 separare
2942 3437 3008 3477 ea
3048 3437 3080 3476 a
3121 3432 3395 3492 potestate
3435 3436 3794 3480 conscrvante

2214 3512 2443 3582 impium
2481 3513 2556 3568 sit
2591 3531 2604 3567 :
2642 3513 2918 3584 siquidem
2959 3515 3028 3569 ad
3067 3515 3356 3570 interitum
3397 3516 3638 3571 deducet
3674 3517 3795 3571 uni.

2212 3622 2471 3670 versum,
2513 3607 2610 3676 qui
2658 3615 2944 3664 auctorem
2993 3609 3241 3692 universi
3285 3609 3355 3664 ab
3398 3610 3662 3665 universo
3708 3625 3794 3665 se-

2209 3699 2477 3770 junxcrit.

2285 3790 2373 3845 IV.
2425 3789 2598 3845 Adest
2650 3791 2817 3862 igitur
2860 3792 2916 3844 in
2962 3791 3224 3845 omnibus
3267 3791 3416 3845 Deus
3459 3805 3572 3845 non
3619 3792 3795 3847 solum

2212 3882 2461 3952 energia,
2490 3882 2542 3936 id
2583 3890 2668 3936 est
2725 3882 3073 3951 operatione,
3098 3883 3192 3937 sed
3230 3882 3400 3938 etiam
3432 3883 3746 3939 substantia
3777 3903 3794 3938 :

2175 4000 2184 4009 -
2213 3973 2654 4028 demonstratum
2690 3971 2838 4027 enim
2875 3983 2981 4038 est,
3009 3986 3119 4029 non
3156 3990 3277 4029 esse
3309 3977 3592 4046 euergiam
3631 3992 3794 4046 sepa-

2213 4072 2386 4118 ratam
2417 4080 2447 4117 a
2478 4063 2808 4117 substantia.
2838 4063 3126 4134 Energiam
3154 4075 3339 4118 autem
3363 4079 3505 4118 voco
3532 4065 3794 4120 virtutem

2209 4153 2490 4213 viventem
2515 4159 2573 4207 et
2595 4166 2812 4221 semper
2835 4161 3087 4222 agentem
3108 4160 3155 4216 ⁸,
3178 4152 3548 4222 prodeuntem
3574 4169 3642 4209 ex
3665 4155 3794 4209 sub-

2211 4243 2412 4298 stantia
2444 4252 2710 4312 operante
2740 4260 2753 4296 :
2789 4242 3084 4312 tripliciter
3107 4243 3255 4297 enim
3287 4241 3498 4297 dicitur
3523 4245 3786 4314 energia;

2209 4336 2294 4389 vis
2327 4334 2594 4405 Operandi
2631 4345 2844 4389 naturae
2879 4334 3073 4402 insita;
3109 4345 3166 4389 et
3196 4334 3468 4390 habitudo
3505 4335 3786 4405 operantis

2209 4428 2277 4482 ad
2311 4442 2472 4496 opus,
2504 4443 2616 4496 quo
2646 4426 2735 4493 fit;
2769 4435 2826 4482 et
2855 4426 2911 4481 id
2946 4427 3146 4496 ipsum,
3171 4427 3319 4495 quod
3353 4442 3420 4481 ex
3455 4428 3788 4498 antegressis

2207 4519 2522 4574 confectum
2578 4528 2682 4574 est.
2730 4518 2896 4575 Prius
2942 4519 3091 4575 enim
3139 4520 3551 4590 contemplatur
3595 4538 3780 4587 mens,

2207 4603 2356 4682 quOd
2416 4610 2730 4666 faciendum
2786 4620 2906 4677 est;
2965 4619 3158 4682 postea
3213 4621 3508 4666 moventur
3555 4629 3778 4678 manus;

2206 4703 2409 4766 deinde
2443 4711 2866 4758 consummatur
2898 4703 3045 4774 quod
3082 4718 3237 4758 mens
3272 4705 3644 4774 contemplata
3681 4713 3778 4768 est,

2203 4803 2260 4851 et
2283 4796 2430 4866 quod
2456 4811 2556 4866 per
2579 4804 2788 4850 mo‘tum
2818 4805 2904 4852 est
2923 4796 3203 4852 effectum.
3226 4795 3318 4851 Hae
3341 4805 3525 4850 autem
3551 4797 3778 4866 energiae

2203 4903 2396 4943 eorum
2435 4896 2584 4953 sunt,
2621 4903 2745 4958 quae
2783 4888 3084 4958 composita
3121 4887 3467 4943 et'mortalia
3509 4897 3639 4941 sunt
3677 4904 3691 4939 :
3725 4896 3776 4940 et

2203 4979 2274 5034 ob
2301 4979 2444 5034 hanc
2469 4994 2687 5035 causam
2717 4995 2827 5034 non
2854 4995 3080 5035 necesse
3107 4989 3213 5043 est,
3240 4990 3299 5035 ut
3321 4979 3469 5048 quod
3500 4987 3772 5048 operatur,

514 5045 665 5099 enim
711 5049 937 5120 en-ergia
986 5053 1269 5120 cernitur,
1306 5054 1469 5111 simul
1523 5074 1647 5113 cum
1700 5061 1802 5116 hae
1850 5045 2101 5120 cernitur
2133 5075 2177 5129 ι)
2209 5077 2428 5139 Semper
2455 5069 2602 5123 adsit
2629 5069 2682 5124 ei
2718 5070 2799 5126 rei
2835 5086 2998 5140 quam
3033 5079 3328 5140 operatur;
3364 5070 3491 5139 quia
3527 5069 3774 5139 prohibet

515 5137 826 5195 substantia
864 5159 932 5198 ex
966 5160 1073 5214 qua
1109 5147 1296 5217 prodit
1329 5167 1342 5202 :
1380 5158 1677 5223 utrumque
1712 5155 1857 5210 enim
1891 5167 1977 5213 est
2007 5159 2095 5212 in-

513 5229 1026 5305 circumscriptum;
1062 5239 1423 5308 quamobrem
1452 5244 1682 5299 omnino
1711 5256 1843 5301 sunt
1869 5248 2016 5304 inter
2038 5241 2096 5306 se

518 5318 903 5404 inseparabilia
942 5345 958 5380 :
995 5330 1260 5398 praedicat
1291 5333 1516 5403 quidem
1551 5337 1803 5406 operatio
1836 5339 2096 5395 substan-

518 5411 647 5466 tiam
685 5414 978 5487 latentem;
1019 5425 1271 5479 cernitur
1303 5441 1437 5482 vero
1470 5430 1768 5500 conjuncta
1801 5447 1928 5486 cum
1961 5447 2095 5502 ope-

583 5533 629 5613 Ἶ
651 5535 814 5590 Prov.
836 5554 876 5613 ε,
904 5539 1005 5613 15.
1032 5541 1114 5613 _“
1141 5541 1300 5613 Rom.
1327 5560 1365 5607 ι,
1388 5545 1479 5611 21,
1503 5545 1590 5599 22.
1667 5548 1712 5578 ⁸⁸
1737 5547 1758 5600 l
1788 5547 1930 5604 Tim.
1959 5565 2018 5613 ιι,
2039 5550 2093 5603 4.

516 5601 557 5628 ’⁸
587 5601 724 5658 Gen.
752 5621 808 5670 ιι,
832 5601 888 5661 2⁷.
961 5610 1006 5638 ³⁷
1032 5610 1214 5666 Ecclc.
1241 5629 1278 5676 ι,
1315 5601 1398 5668 ll).

2204 5159 2401 5215 adesse
2450 5159 2728 5215 crassities
2776 5160 3059 5230 corporis,
3094 5169 3150 5214 et
3194 5175 3346 5214 mors
3390 5159 3698 5229 operantis,
3724 5167 3775 5211 et

2202 5252 2439 5307 cessatio
2472 5252 2835 5320 Operatiouis,
2857 5263 2913 5308 et
2939 5252 3193 5308 fortassis
3215 5253 3381 5308 etiam
3413 5252 3674 5306 interitus
3705 5250 3775 5304 rei

2202 5343 2432 5400 effectae.
2460 5343 2521 5398 ln
2561 5343 2750 5399 divina
2788 5355 2972 5400 autem
3010 5353 3210 5400 natura
3248 5345 3387 5400 nihil
3425 5345 3623 5399 horum
3660 5358 3771 5413 quae

2205 5433 2353 5489 dicta
2377 5441 2528 5500 sunt,
2553 5434 2846 5504 prohibet;
2881 5435 3113 5506 simplex
3139 5435 3289 5490 enim
3314 5442 3420 5500 est,
3443 5433 3573 5503 quia
3600 5434 3770 5487 ineor-

2210 5550 2254 5580 ⁸³
2276 5550 2533 5616 Rom.1v,
2571 5549 2658 5604 Π.
2712 5551 3098 5617 “Psal.xvm,
3140 5552 3189 5605 l.
3290 5550 3336 5583 ⁸⁸
3371 5548 3530 5604 Joan.
3589 5563 3642 5612 v,
3689 5546 3768 5601 Π.

1823 5709 2053 5766 νΑΒιίΕ
2092 5709 2494 5768 LECTIONES.

586 5792 605 5814 ³
641 5786 862 5856 Semper
889 5801 1152 5863 agentem,
1188 5795 1521 5864 ἀεικίνητον.
