3910 6300
185 346 333 415 1333

1122 347 1406 410 ORATIO
1429 347 1528 406 Π.
1551 369 1620 381 -
1643 347 1744 407 DE
1783 346 2496 412 INCIRCUMSCRIPTO.

3307 339 3444 404 133-5.

190 455 392 512 porca;
427 446 484 494 et
519 454 534 494 :
571 437 728 496 Solus
761 439 914 494 habet
946 439 1508 504 immortalitatem";
1550 446 1608 493 et
1645 443 1850 508 per—.A
1881 439 2084 496 ctionis
2114 451 2326 498 naturae
2371 441 2442 496 ab
2491 436 2713 511 energia
2744 438 2860 510 sive
2913 435 3269 508 operatione?
3296 435 3439 493 Nus-

193 543 376 601 petua:
402 531 642 602 energia:
673 532 825 602 ejus;
858 542 918 587 et
937 531 1088 602 quod
1119 531 1377 586 effectum
1408 538 1518 594 est,
1547 545 1775 600 consere

195 635 356 678 vatur
393 641 408 678 :
447 624 658 679 idcirco
698 625 754 679 in
795 625 1066 684 omnibus,
1095 624 1268 680 rebus
1305 623 1616 680 necessario
1653 638 1775 678 cer-

195 717 354 770 nitur
394 714 701 769 substantia
744 715 1051 784 cperantis.
1084 715 1370 784 Siquidem
1418 713 1474 768 in
1519 713 1777 782 exemplo

195 806 508 876 superiore,
537 806 804 874 quamdiu
835 805 895 861 Iit
920 806 973 862 id
1002 808 1056 862 in
1087 823 1197 884 quo
1221 815 1478 862 versatur
1502 806 1775 876 Operatio,

197 898 389 953 tandiu
435 897 748 954 necessario
794 898 954 953 adest
995 907 1193 954 natura
1234 897 1515 968 operantis
1552 912 1567 950 :
1612 909 1778 950 nemo

195 1004 438 1058 namque
471 991 674 1045 absens
711 999 893 1060 potest
927 989 1135 1060 aliquid
1173 989 1415 1070 Operari.
1447 988 1620 1059 Igitur
1649 987 1778 1057 quia

198 1096 414 1152 semper
460 1081 646 1137 omnia
685 1083 834 1137 Deus
877 1091 1170 1152 operatur,
1195 1091 1260 1158 et
1300 1080 1775 1136 conservationem

202 1171 448 1226 universi
498 1173 620 1228 sine
673 1173 984 1253 cessatione
1038 1174 1354 1239 continuat,
1409 1186 1639 1227 necesse
1693 1177 1778 1225 est

200 1263 374 1317 Deum
417 1279 539 1320 esse
580 1265 634 1318 in
680 1265 971 1329 omnibus,
999 1273 1056 1321 et
1095 1280 1125 1320 a
1170 1266 1324 1320 nulla
1349 1281 1423 1320 .re
1461 1272 1777 1334 separatum

198 1369 320 1416 esse
360 1374 374 1408 :
427 1357 634 1426 alioqui
680 1358 959 1428 quomodo
993 1357 1060 1412 de
1106 1359 1240 1422 Deo,
1265 1365 1326 1412 ut
1376 1357 1548 1412 Deum
1595 1355 1774 1421 decet,

201 1445 410 1499 sentire
449 1447 678 1502 liceret?
722 1448 817 1503 fiet
859 1449 1030 1510 enim,
1063 1456 1123 1500 ut
1162 1448 1334 1501 Deum
1376 1433 1622 1518 dicamus
1656 1463 1777 1512 esse

200 1549 426 1603 corpus,
459 1538 605 1606 quod
642 1546 948 1593 extremam
977 1538 1318 1608 impietatem
1353 1545 1580 1607 superat
1613 1555 1625 1591 :
1665 1537 1776 1592 cir-

203 1628 562 1697 cumscriptio
588 1630 734 1684 enim
768 1631 992 1700 pr0pria
1021 1638 1107 1686 est
1130 1644 1450 1699 corporum,
1481 1628 1592 1683 i'no
1624 1643 1777 1684 crea-

205 1727 470 1774 turarum.

271 1810 334 1864 V.
367 1811 420 1866 Si
451 1827 583 1883 ergo
621 1814 906 1884 proprium
934 1803 1342 1884 est'corporum
1371 1822 1430 1868 et
1480 1821 1770 1868 creatura-

203 1915 322 1953 rum
356 1885 746 1957 circumscribi
774 1919 789 1968 ;
818 1903 1131 1972 incorporei
1169 1911 1228 1958 et
1255 1902 1486 1968 increati
1526 1916 1636 1955 non
1664 1901 1772 1955 cir-

201 1992 496 2045 cumscribi
528 2010 542 2046 :
573 1993 670 2062 qui
693 1991 828 2048 dicit
850 2007 978 2048 eum
1015 1993 1111 2064 qui
1139 2002 1337 2048 natura
1366 2001 1450 2047 est
1475 1991 1773 2046 incircum-

201 2081 438 2149 scriptus
457 2098 568 2137 nou
593 2098 714 2138 esse
740 2084 797 2140 in
827 2085 1011 2154 aliqua
1044 2101 1122 2150 re,
1154 2085 1200 2140 is
1231 2084 1770 2156 incircumscriptum

201 2170 649 2226 circumscribit:
677 2157 887 2228 etenim
917 2174 964 2228 si
1006 2173 1076 2228 ab
1113 2189 1226 2228 uno
1259 2175 1397 2238 solo,
1436 2173 1568 2228 licet
1603 2174 1770 2228 mini-

202 2273 310 2323 mo,
341 2271 615 2326 arceatur,
636 2262 834 2317 modus
879 2263 1414 2333 circumscriptionis
1460 2264 1771 2334 est:siqui-

200 2352 324 2406 dem
362 2353 431 2407 ab
479 2354 654 2409 altero
710 2355 994 2410 terminari
1053 2355 1446 2421 substantiam,
1493 2357 1770 2412 terminati

199 2439 675 2518 circumscriptam
731 2461 852 2504 esse
895 2449 1316 2516 -demonstrat,-
1354 2460 1415 2505 ut
1474 2467 1596 2521 qua:
1656 2467 1771 2507 non

199 2537 375 2606 possit
421 2539 881 2596 circumscribere
926 2542 1073 2612 quod
1109 2542 1281 2612 ipsam
1315 2543 1592 2598 terminat.
1615 2543 1772 2612 ‘Quo-

203 2627 368 2681 modo
399 2627 569 2699 igitur
606 2629 798 2685 verum
833 2633 958 2697 erit,
996 2633 1144 2702 quod
1165 2632 1247 2688 ait
1281 2629 1563 2704 Scriptura
1597 2651 1612 2688 :
1645 2633 1770 2706 Spi-

198 2718 332 2798 ritus
359 2711 569 2773 Domini
610 2719 828 2792 replevit
851 2723 1026 2777 orbem
1051 2732 1319 2778 terrarum
1343 2722 1387 2756 ⁸⁸
1410 2723 1433 2777 ?
1457 2721 1594 2780 Cum
1622 2727 1770 2782 enim

199 2808 340 2864 Deus
360 2811 431 2865 sit
451 2811 776 2878 substantia,
791 2816 972 2869 omnia
990 2830 1110 2884 qua:
1136 2823 1286 2879 sunt,
1310 2815 1494 2870 divina
1517 2816 1773 2872 substan-

200 2899 272 2954 tia
305 2899 589 2970 implevit;
622 2903 755 2957 etin
799 2903 1056 2962 omnibus
1081 2910 1166 2958 est
1218 2903 1444 2969 virtute,
1481 2919 1593 2958 non
1631 2904 1770 2959 assia

200 2990 424 3046 milatus
451 2993 583 3047 moli
627 2993 900 3062 corporis,
960 2993 1056 3049 sed
1100 2995 1286 3048 divina
1317 2994 1640 3050 universum
1677 2985 1771 3050 co-

1874 547 2041 602 quam
2069 552 2082 588 :
2111 552 2212 605 per
2257 534 2446 590 omnia
2490 533 2641 590 enim
2671 539 2817 588 meat
2855 533 3019 595 Deus,
3058 531 3317 585 universa
3342 529 3441 583 imo

1875 621 2032 690 plens
2059 623 2421 695 amplitudine
2449 631 2682 688 naturae,
2719 630 2778 678 et
2801 621 3088 692 potestatis
3108 634 3223 675 sua
3259 619 3440 674 abun--

1876 709 2082 786 dantia.
2501 757 2506 762 .

1870 871 1872 874 ν
1946 806 2068 874 VII.
2087 803 2193 861 Sed
2238 812 2370 860 sunt
2399 805 2648 876 quidam,
2675 803 2772 875 qui
2817 801 3193 859 inﬁrmitatem
3231 813 3440 859 natura:

1873 911 1988 958 suae
2020 896 2078 958 in
2123 897 2296 952 Deum
2333 882 2704 962 transferunt,
2731 896 2878 951 circa
2907 895 3140 954 maxima
3189 895 3340 964 parci
3381 904 3448 950 et

1875 987 2140 1043 restricti.
2164 988 2234 1042 At
2281 987 2376 1059 qui
2427 988 2747 1046 existimant
2793 986 2995 1044 melius
3029 1001 3152 1040 esse
3182 985 3442 1041 cohibere

1876 1089 2129 1134 naturam
2160 1079 2402 1135 divinam
2441 1095 2471 1134 a
2494 1079 2748 1141 materia,
2770 1093 2934 1148 quam
2971 1077 3233 1134 arbitrari
3266 1078 3444 1146 porri-

1873 1169 1927 1239 gi
1957 1183 2078 1223 eam
2104 1177 2160 1224 et
2203 1167 2460 1239 protendi
2517 1179 2692 1238 usque
2749 1166 2818 1221 ad
2864 1166 3205 1230 universum,
3236 1166 3442 1234 quique

1877 1269 2074 1333 putant
2116 1259 2340 1331 penitus
2376 1259 2530 1315 nefas
2573 1267 2628 1315 et
2659 1259 2889 1329 impium
2916 1273 3062 1319 esse,
3091 1257 3280 1328 subire
3318 1272 3442 1311 cor-

1876 1333 2587 1426 pora_ipdecora,.sordida
2623 1359 2679 1404 et
2723 1349 2930 1426 fetida,
2975 1349 3064 1404 vel
3101 1347 3312 1402 animas
3345 1348 3446 1400 im-

1875 1443 2013 1516 pias,
2044 1452 2100 1498 et
2135 1443 2242 1498 alia
2283 1442 2532 1521 quadam
2574 1442 2822 1508 minima,
2885 1439 3192 1512 intelligere
3239 1437 3446 1494 debent

1876 1536 1944 1592 de
1974 1537 2109 1602 Deo,
2137 1551 2258 1591 esse
2291 1543 2548 1600 naturam
2577 1549 2704 1605 qua
2734 1533 2994 1598 omnibus
3027 1531 3329 1597 antecellit,
3346 1531 3440 1600 qui

1876 1627 2128 1698 profecto
2184 1625 2417 1680 humilia
2447 1625 2514 1679 de
2560 1626 2676 1680 Deo
2713 1624 2979 1689 sentiunt,
3001 1633 3056 1679 et
3085 1638 3207 1693 qua:
3243 1623 3448 1692 magni-

1879 1719 2068 1774 tudine
2101 1720 2220 1790 ejus
2261 1732 2382 1788 quae
2409 1715 2603 1786 attingi
2635 1731 2744 1770 non
2773 1723 2956 1786 potest
2984 1715 3257 1785 ,.indigna
3293 1722 3443 1769 sunt.

1875 1811 2149 1866 Fortassis
2179 1817 2362 1882 autem
2394 1809 2490 1878 qui
2523 1808 2604 1863 sic
2633 1807 2841 1862 sentire
2865 1807 2918 1861 in
2947 1807 3190 1861 animum
3215 1805 3446 1860 induxe-

1878 1912 2027 1964 runt,
2067 1902 2322 1973 ignorant
2363 1901 2718 1970 operationes
2768 1900 2889 1970 ejus
2939 1915 3062 1968 qua:
3110 1899 3165 1952 in
3216 1900 3443 1953 univer-

1871 2007 1990 2047 sum
2042 1991 2350 2062 pervadunt
2399 2007 2412 2044 :
2469 1989 2618 2046 nulla
2667 1990 2816 2044 enim
2863 1989 3139 2060 particula
3203 1991 3447 2045 materia:

1870 2072 2125 2158 est,.qu:e
2154 2097 2264 2135 non
2293 2081 2365 2136 sit
2393 2096 2532 2151 opus
2557 2081 2653 2135 Dei
2685 2099 2698 2133 :
2729 2097 2910 2151 neque
2941 2081 3241 2152 quidquam
3272 2081 3446 2136 sordi-

1870 2174 2001 2230 dum
2045 2174 2130 2228 vel
2157 2174 2500 2228 immundum
2535 2171 2689 2230 ducit
2717 2173 2862 2228 Deus
2899 2182 3266 2244 praeterquam
3297 2174 3445 2244 cogi-

1872 2267 2129 2331 tationes,
2151 2266 2437 2321 voluntate
2461 2273 2650 2321 nostra
2682 2266 2736 2319 in
2771 2266 2952 2320 anima
2991 2265 3276 2320 conﬂatus.
3299 2264 3443 2332 Quid

1869 2373 2002 2431 ergo
2034 2373 2100 2413 ex
2141 2359 2403 2414 omnibus
2459 2357 2626 2412 rebus
2667 2357 3005 2428 excogitabit
3042 2357 3266 2428 aliquis,
3295 2357 3442 2428 quod

1869 2466 1980 2506 non
2005 2435 2202 2506 fecerit
2224 2450 2369 2505 Deus
2395 2449 2420 2503 ?
2443 2449 2727 2516 Quodnam
2757 2463 2976 2518 corpus,
3011 2448 3315 2518 quamlibet
3343 2448 3445 2502 im-

1871 2539 2134 2595 mundum
2159 2539 2374 2604 sit,non
2405 2553 2531 2609 pars
2548 2545 2631 2594 est
2659 2531 2896 2592 materia:
2922 2535 3181 2608 subjecta:
3202 2538 3447 2608 corpori-

1855 2629 2246 2702 'bus,figuratas
2269 2619 2327 2684 et
2353 2630 2596 2684 formaue
2619 2627 3025 2698 tequalitatibus
3049 2644 3170 2698 qua:
3198 2629 3248 2684 ei
3275 2628 3442 2684 adve-

1869 2721 2079 2776 niunt?
2108 2720 2318 2775 Debilia
2349 2735 2480 2790 ergo
2514 2720 2625 2785 isti,
2662 2728 2718 2774 et
2747 2735 2868 2789 qum
2893 2717 3251 2773 fundamento
3285 2719 3444 2789 peni-

1871 2817 1960 2865 tus
1987 2818 2212 2874 carent,
2246 2811 2493 2881 cogitant
2520 2827 2533 2877 ;
2568 2811 2698 2881 quia
2728 2810 2866 2863 nihil
2896 2817 3278 2864 creaturarum
3314 2825 3444 2864 sua-

1870 2917 1991 2956 rum
2037 2899 2186 2956 Deus
2235 2902 2435 2972 rejicit,‘
2472 2917 2574 2956 nec
2610 2893 2912 2971 quidquam
2955 2917 3140 2956 rerum
3191 2901 3454 2972 putidum:

1869 2993 2149 3050 existimat
2174 3012 2192 3062 ;
2221 2994 2318 3050 sed
2349 3008 2452 3050 nec
2479 2994 2547 3050 ad
2575 3009 2675 3050 nos
2709 2993 2977 3050 accedens
3003 3004 3244 3049 nostram
3273 2993 3447 3065 parti-

199 3091 522 3152 agmentans
571 3092 627 3138 et
682 3086 973 3140 continens
1003 3104 1016 3140 :
1052 3085 1194 3140 nihil
1228 3085 1378 3140 enim
1417 3100 1612 3140 eorum
1644 3099 1765 3156 quae
1791 3099 1843 3159 α
1869 3086 2014 3156 cipat
2043 3084 2368 3156 nequitiam,
2399 3100 2520 3156 qua:
2565 3086 2678 3139 sola
2712 3093 2796 3139 est
2844 3097 3035 3139 revera
3068 3083 3440 3149 immunditia,

199 3182 348 3236 sunt,
385 3187 507 3228 esse
556 3183 758 3252 potest,
803 3176 937 3246 quin
1003 3177 1298 3252 participet
1347 3176 1404 3231 id
1450 3177 1598 3246 quod
1636 3173 1763 3234 est:

199 3263 350 3318 solus
397 3271 581 3318 autem
614 3251 759 3321 Deus
791 3267 1016 3337 proprie
1046 3275 1150 3334 est,
1182 3268 1277 3336 qui
1305 3282 1522 3336 semper
1557 3275 1642 3324 est
1670 3281 1768 3322 eo-

197 3355 320 3410 dem
376 3360 540 3414 modo
585 3367 642 3414 et
698 3367 1118 3430 tenore,neque
1167 3368 1448 3425 mutatur;
1486 3370 1542 3417 et
1565 3361 1608 3414 si
1635 3359 1767 3430 quid

198 3448 402 3503 dicitur
453 3467 596 3516 esse,
628 3467 738 3505 non
783 3451 1060 3522 prmcipue
1107 3461 1228 3506 esse
1269 3450 1495 3516 dicitur,
1522 3451 1619 3506 sed
1646 3467 1768 3507 esse

198 3538 618 3607 participatione
650 3541 790 3609 ejus,
817 3539 912 3610 qui
942 3540 1168 3608 proprie
1204 3545 1261 3593 et
1291 3540 1530 3608 primum
1563 3547 1648 3595 est
1669 3580 1684 3604 ,
1713 3550 1769 3596 et

197 3627 427 3682 fortasse
487 3630 664 3682 solum
713 3638 838 3694 est;
883 3631 962 3685 ait
1006 3613 1170 3698 eniml
1201 3621 1492 3701 Scriptura
1527 3648 1541 3686 :
1574 3631 1766 3703 Diligis

197 3721 397 3784 omnia,
422 3735 540 3790 qua:
572 3728 696 3774 sunt
721 3721 760 3774 ¹.
787 3721 844 3776 Si
880 3727 1064 3777 autem
1113 3719 1248 3793 quae
1267 3733 1396 3778 sunt
1415 3765 1429 3787 ,
1459 3724 1588 3804 ideo
1617 3734 1765 3791 sunt,

196 3809 325 3878 quia
353 3809 407 3864 id
434 3811 581 3880 quod
621 3820 705 3866 est
734 3813 1102 3882 participant;
1134 3813 1468 3884 participant
1497 3825 1680 3872 autem
1709 3816 1766 3870 id

194 3897 342 3966 quod
399 3907 502 3961 est,
552 3900 765 3955 scilicet
812 3901 1119 3971 secundum
1175 3904 1555 3974 operationem
1604 3907 1763 3979 ejus;

195 3985 441 4054 operatio
465 4003 598 4042 vero
628 3989 875 4058 sejuncte
906 4007 934 4044 a
965 3981 1270 4048 substantia
1295 4009 1406 4048 non
1430 3982 1543 4051 exit
1563 4038 1577 4062 ,
1600 4003 1656 4051 et
1679 4007 1768 4053 est

195 4075 252 4127 in
288 4077 544 4132 omnibus
574 4098 586 4133 :
622 4081 931 4135 substantia
960 4082 1129 4152 igitur
1160 4083 1217 4138 in
1251 4085 1509 4142 omnibus
1546 4096 1630 4143 est
1654 4129 1668 4152 ,
1705 4097 1766 4144 ut

159 4167 270 4226 .ait
314 4168 588 4240 Propheta
617 4169 860 4228 :'Caelum
910 4181 960 4226 et
1015 4181 1216 4228 terram
1257 4192 1350 4247 ego
1387 4177 1601 4248 impleo,
1639 4180 1765 4235 dicit

195 4257 450 4336 Dominus
479 4260 499 4290 ⁸
528 4275 542 4324 ;
573 4257 765 4328 implet
795 4268 980 4316 autem
1011 4269 1142 4332 qua:
1173 4273 1305 4319 sunt
1343 4280 1509 4336 supra
1538 4282 1603 4322 ea
1642 4285 1765 4339 quae

193 4359 321 4403 stunt
347 4368 360 4403 :
391 4358 445 4404 et
471 4351 607 4404 nihil
635 4361 721 4408 est
745 4369 999 4417 vacuum,
1031 4365 1142 4410 no‘n
1171 4358 1448 4428 particeps
1479 4362 1619 4432 ejus.
1647 4337 1762 4419 ᾖξε

1869 3190 1992 3245 quae
2033 3190 2137 3230 nec
2192 3184 2299 3241 est,
2331 3175 2448 3242 nisi,
2473 3191 2596 3231 cum
2650 3175 2831 3246 agitur
2868 3184 3100 3241 tantum.
3137 3173 3272 3241 Quis
3312 3188 3444 3247 ergo

1870 3276 1979 3323 tam
2028 3252 2230 3339 puerili
2279 3264 2466 3332 sensu.
2503 3278 2554 3324 et
2599 3277 2709 3324 tam
2760 3284 2928 3340 parvo
2973 3267 3182 3340 judicio
3225 3277 3343 3335 est,
3385 3279 3444 3324 ut

1867 3369 2098 3430 propter
2127 3361 2422 3431 qualitates
2445 3361 2688 3416 vicissim
2715 3361 3077 3416 advenientes
3098 3368 3153 3415 et
3181 3361 3444 3416 receden-

1870 3461 1971 3516 tes,
2004 3439 2176 3506 Dcum
2231 3452 2690 3508 circumscribat:
2723 3452 2889 3526 idque
2934 3470 3002 3508 ne
3047 3453 3307 3524 patiatur,
3346 3455 3442 3524 qui

1869 3541 1978 3612 pati
2017 3553 2124 3595 non
2157 3542 2384 3611 potest?
2505 3541 2508 3544 ’

1871 3617 1874 3622 ’
1938 3627 2072 3687 VIII.
2105 3631 2325 3687 Etenim
2356 3631 2408 3688 si
2458 3634 2539 3688 soi
2577 3633 2783 3704 alioqui
2819 3649 3150 3705 corporeus,
3183 3635 3460 3689 omnibus.

1867 3723 2190 3793 corporibus
2226 3739 2324 3794 per
2357 3725 2544 3792 radios
2589 3742 2719 3781 suos
2763 3728 3211 3797 appropinquans
3233 3767 3246 3790 ,
3275 3726 3441 3780 nullis

1867 3824 2048 3869 tamen
2101 3816 2361 3870 sordibus
2387 3832 2463 3871 se
2492 3817 2766 3887 inquinat,
2792 3833 2974 3887 neque
3007 3819 3236 3873 fetorem
3267 3803 3435 3888 capit,

1865 3905 2119 3975 quamvis
2153 3906 2209 3960 in
2235 3905 2482 3961 infinitas
2521 3922 2609 3962 res
2655 3903 2826 3962 foedas
2861 3907 3045 3962 radios
3077 3908 3243 3979 jaciat
3275 3925 3288 3973 ;
3327 3909 3437 3961 imo

1866 4011 1997 4050 vero
2024 4007 2247 4062 contra,
2276 3997 2550 4068 ejusmodi
2581 3984 2878 4068 qualitates
2923 3998 2977 4052 in
3015 3998 3212 4052 melius
3245 4008 3437 4068 suapte

1865 4077 2060 4144 natura
2105 4098 2280 4144 mutat
2313 4107 2327 4144 :
2365 4095 2576 4160 quanto
2622 4090 2794 4162 magis
2825 4092 2990 4158 Deus,
3015 4091 3107 4161 qui
3143 4098 3227 4146 est
3268 4105 3436 4160 supra

1869 4181 2064 4246 solem,
2103 4181 2249 4235 bona
2309 4197 2408 4237 sua
2469 4182 2924 4248 communicabit,
2951 4191 3006 4237 et
3052 4181 3168 4253 ipse
3220 4183 3438 4237 nullum

1864 4272 2256 4344 participabit?
2280 4272 2392 4329 Nec
2436 4273 2582 4328 enim
2621 4273 2752 4330 licet
2777 4275 2860 4330 sol
2877 4285 3178 4354 .putrorem
3207 4275 3436 4346 partici-

1865 4369 2062 4433 paret,
2095 4363 2413 4419 necessario
2453 4357 2619 4420 etiam
2651 4363 2810 4438 ‘Dcus
2853 4365 3208 4436 participaret
3241 4385 3252 4419 :
3288 4366 3436 4436 quod

189 4440 336 4494 enim
393 4442 706 4497 existimare
780 4445 906 4514 quis
957 4444 1125 4502 debet
1155 4463 1212 4503 se
1247 4450 1420 4504 Deum
1461 4451 1758 4520 honorare,
1795 4436 1836 4491 ί)
1864 4452 1907 4507 si
1931 4467 2108 4522 neque
2130 4453 2209 4508 sol
2239 4436 2707 4524 participat,'cum
2757 4454 2840 4534 sit
2872 4455 3080 4526 alioqui
3116 4456 3392 4527 passibilis
3418 4499 3432 4520 ,

189 4533 346 4600 quasi
403 4534 471 4587 ad
509 4535 682 4590 malos
733 4551 846 4592 non
879 4537 1197 4607 descendat,
1235 4551 1330 4598 aut
1356 4543 1425 4597 ad
1465 4545 1622 4611 alios,
1651 4547 1761 4602 alio

189 4622 354 4698 modo
385 4627 676 4693 praesentia
695 4627 816 4697 ejus
839 4629 1130 4700 indignos;
1157 4647 1226 4687 ne
1249 4648 1466 4690 summo
1489 4629 1761 4694 dedecore

186 4725 245 4770 et
269 4715 567 4785 ignominia
592 4731 718 4770 eum
753 4717 972 4786 alliciat,
1006 4721 1257 4778 tribuens
1281 4724 1332 4778 ei
1359 4728 1758 4796 proprietatem

186 4817 502 4872 corporum,
531 4805 587 4858 id
609 4813 712 4880 est,
749 4806 1320 4879 circumscriptionem
1343 4823 1400 4870 et
1439 4819 1755 4886 terminum,

186 4909 449 4964 separans
481 4897 694 4951 scilicet
736 4902 1114 4968 operationem
1145 4919 1176 4958 a
1218 4906 1526 4964 substantia
1565 4926 1581 4965 :
1612 4916 1762 4982 quod

187 4987 410 5055 quidem
443 4988 498 5041 in
527 4989 640 5043 Deo
661 4991 888 5062 intelligi
910 5010 1020 5049 non
1057 5004 1258 5065 potest.

258 5078 345 5133 VI.
375 5079 514 5134 Ante
537 5081 643 5136 hoc
671 5083 895 5151 quidem
927 5088 1369 5157 cum'Propheta
1402 5091 1608 5158 sciret,
1648 5096 1760 5151 aie-

187 5171 279 5225 bat
309 5189 322 5224 :
353 5169 468 5236 Quo
499 5190 529 5225 a
552 5175 744 5243 spiritu
797 5183 885 5229 tuo
933 5177 1017 5231 ibo
1045 5177 1072 5231 .’
1099 5194 1210 5233 non
1253 5179 1412 5244 dixit,
1444 5182 1514 5236 ab
1557 5200 1754 5254 opera-

186 5259 333 5314 tione
364 5268 454 5314 tua
483 5278 496 5314 :
532 5261 598 5315 Et
625 5281 659 5316 α
687 5263 820 5332 facie
837 5272 950 5329 tua,
985 5281 1088 5336 quo
1113 5267 1312 5337 fugiam
1338 5268 1363 5320 .’
1390 5265 1449 5322 Si
1467 5272 1748 5328 ascendere

179 5354 235 5404 in
267 5351 482 5417 cretum,
509 5359 564 5405 tu
593 5352 703 5407 illic
747 5369 800 5408 es
820 5395 833 5417 ,
861 5371 972 5409 non
1030 5356 1206 5410 solum
1260 5358 1508 5426 operatio
1539 5368 1628 5414 tua
1658 5378 1670 5426 ;
1703 5363 1749 5416 si

177 5443 492 5500 descendere
523 5446 593 5499 ad
619 5445 908 5515 infernum,
934 5445 1058 5501 ades
1077 5447 1096 5478 ³
1121 5465 1135 5513 ;
1173 5456 1231 5504 et
1259 5463 1382 5518 quae
1419 5461 1746 5519 sequuntur.

177 5533 282 5590 Ubi
334 5534 502 5606 igitur
542 5534 830 5607 Scriptura
857 5534 1317 5608 signiﬁcationem
1352 5539 1503 5596 dedit
1531 5542 1746 5615 disjuu-

251 5707 335 5769 ’Ἴ
365 5713 504 5769 Tim.
529 5732 598 5782 γι,
634 5716 712 5771 l6.
790 5718 832 5750 "
863 5717 990 5790 Sap.
1029 5734 1065 5784 ι,
1099 5719 1152 5774 7.

1865 4543 2008 4606 sicut
2048 4541 2260 4614 reliqua
2285 4559 2515 4616 corpora
2547 4559 2561 4600 :
2597 4545 2873 4616 quomodo
2905 4547 3051 4604 Deus
3081 4547 3456 4619 impassibilis.

1855 4636 2274 4715 participaverit
2297 4637 2323 4692 ?

1937 4728 2027 4785 IX.
2055 4727 2345 4796 Caeterum,
2384 4732 2514 4803 quia
2555 4736 2937 4804 operationem
2969 4735 3122 4790 aiunt
3163 4735 3216 4789 in
3253 4735 3436 4789 omni-

1863 4820 1968 4876 bus
2012 4833 2132 4877 esse
2159 4837 2173 4886 ;
2201 4823 2343 4878 hanc
2388 4824 2537 4878 enim
2574 4825 2768 4880 volunt
2808 4841 2916 4880 non
2976 4825 3434 4882 circumscribere

1858 4926 2038 4983 neque
2071 4913 2369 4968 terminare
2391 4955 2406 4978 ,
2437 4915 2813 4986 interrogandi
2850 4923 3014 4983 sunt,
3042 4915 3318 4986 quomodo
3363 4915 3432 4970 de

1855 5017 1919 5057 ea
1950 5004 2232 5058 sentiant:
2264 5018 2334 5059 an
2384 5004 2579 5060 dicunt
2632 5004 2966 5077 participare
3013 5021 3133 5062 eam
3180 5013 3433 5061 terrenas

1855 5094 2066 5158 sordes,
2090 5103 2222 5176 cum
2281 5095 2346 5150 ad
2403 5112 2496 5152 eas
2553 5099 2900 5154 accedit?an
2944 5100 3185 5155 non?Si
3236 5113 3430 5155 verum

1852 5181 2190 5249 fatebuntur,
2245 5186 2598 5256 perspicuum
2647 5199 2771 5253 est,
2800 5190 2915 5245 fieri
2955 5206 3139 5261 posse,
3166 5200 3227 5246 ut
3282 5192 3430 5260 quod

1854 5274 2288 5344 appropinquat,
2317 5293 2426 5331 non
2455 5279 2748 5349 participet
2780 5281 3044 5335 malitiam
3079 5297 3273 5336 eorum
3303 5282 3430 5351 qui-

1855 5365 1960 5420 bus
2010 5367 2454 5437 appropinquat:
2493 5370 2580 5423 sin
2632 5386 2764 5425 vero
2818 5372 3027 5438 dicent,
3078 5375 3430 5444 participare.

1854 5456 1999 5510 idem
2079 5457 2379 5513 absurdum
2451 5463 2670 5517 eveniet
2740 5464 2823 5517 eis
2891 5465 2987 5534 qui
3057 5465 3162 5521 hoc
3214 5464 3428 5530 dicunt,

1855 5549 2004 5618 quod
2049 5558 2110 5604 ut
2153 5549 2430 5621 fugerent,
2463 5553 2631 5608 Deum
2682 5553 3253 5613 circumscribebant:
3291 5572 3426 5611 con~

1234 5719 1402 5790 'Sap.
1437 5735 1509 5787 xv,
1538 5721 1627 5777 25.
1704 5725 1722 5753 ¹
1757 5725 1767 5780 i

1869 5742 1956 5781 2m.
1994 5744 2142 5794 χχιιι,
2181 5730 2270 5783 2i.
2351 5729 2370 5758 ³
2395 5730 2532 5784 ιἐηι.
2578 5749 2834 5802 cum",
2871 5733 2924 5795 7.
2950 5736 3001 5789 8.
