4054 6312
555 255 695 324 i335
1683 266 1746 326 S.
1787 263 2185 326 ANASTASII
2222 261 2698 338 ANTIOCHENI
3697 253 3864 321 1355

558 374 781 428 trahant
844 372 1013 444 igitur
1073 373 1240 430 etiam
1314 374 1661 446 operatione,
1706 383 1767 429 ut
1812 376 2136 430 universum
2164 377 2209 435 Α
2235 377 2461 430 veritate
2483 374 2526 439 ⁸,
2553 382 2610 429 et
2630 373 2804 428 Deum
2829 369 3002 428 Deum
3025 386 3156 427 esse
3184 353 3451 434 scientes,
3479 380 3597 421 non
3618 365 3862 422 deﬂexi

557 461 884 518 dissolvent.
912 463 1070 530 Quod
1110 464 1155 520 si
1195 464 1326 522 dum
1369 465 1474 520 hoc
1506 464 1807 528 absurdum
1855 472 2132 529 metuunt,
2237 483 2268 522 a
2301 467 2388 523 via
2441 475 2588 522 recta
2644 479 2810 535 quam
2862 465 2922 520 in
2957 463 3314 535 dogmatibus
3345 459 3630 515 triverunt
3658 458 3859 528 pedes

559 554 718 624 quasi
745 569 844 610 eos
894 557 1182 613 sententiae
1210 557 1480 628 pmniteat
1503 599 1517 624 ,
1538 557 1755 614 divinas
1783 557 2136 628 operationes
2231 559 2462 616 Patrum
2491 567 2807 616 nostrorum
2840 565 3258 613 mansuetorum
3287 563 3345 610 et
3365 551 3712 615 humilium,
3751 551 3856 620 qui

563 647 702 701 nihil
729 647 853 702 laedi
871 648 1079 715 dicant,
1117 665 1218 704 cur
1243 665 1354 710 non
1382 650 1525 705 idem
1556 650 1625 705 de
1660 650 1967 706 substantia
1994 648 2137 706 allir-
2239 659 2392 707 reete
2447 659 2755 707 tractarunt
2805 650 3038 706 verbum
3092 648 3380 713 veritatis,
3451 661 3626 716 super
3697 659 3855 714 quos

561 740 760 793 mant?
797 739 853 795 Si
882 749 1066 796 autem
1097 731 1478 812 operationem
1527 743 1652 798 ideo
1683 742 1876 798 dicunt
1905 743 2137 798 liberam
2240 745 2458 814 aspexit
2479 745 2749 802 Dominus
2777 752 3006 816 propter
3027 750 3243 797 rectum
3275 754 3378 795 cor
3401 753 3603 793 eorum
3637 753 3656 790 :
3698 751 3856 807 quos

561 844 684 885 esse
725 846 758 886 a
798 833 1242 904 participatione,
1278 837 1426 907 quod
1483 837 1555 893 sit
1603 837 1837 894 facultas
1887 835 2138 906 quaedam
2242 827 2636 913 ipsi'insecuti,
2665 838 2997 894 sententiam
3035 849 3231 908 puram
3261 841 3317 889 et
3361 831 3615 901 undique
3671 829 3856 884 lima-

566 921 937 992 ῖηοονροτεες
983 926 1114 982 inde
1155 927 1287 983 licet
1329 944 1586 1001 arguere.
1617 927 1804 985 dicere
1848 943 1967 992 eos.
2002 927 2138 983 8111)-
2240 943 2356 989 tam
2439 933 2817 1003 exposuimus,
2871 931 3016 986 nilril
3063 927 3351 1000 proprium
3407 933 3850 994 expromentes.

562 1014 821 1070 stantiam
855 1017 951 1072 Dei
985 1034 1098 1074 non
1125 1035 1246 1076 esse
1277 1020 1678 1091 incorpoream,
1707 1030 1764 1076 et
1789 1021 1894 1076 hac
1923 1020 2138 1076 ratione
2244 1027 2341 1095 sed
2390 1025 2574 1096 potius
2619 1033 2941 1080 sanctorum
2979 1021 3154 1076 verba
3185 1027 3451 1089 tanquam
3475 1016 3650 1071 ﬂores
3684 1016 3854 1072 com.

563 1120 686 1160 eam
720 1106 1180 1167 circumscribere
1205 1153 1220 1178 ,
1256 1113 1413 1182 quasi
1451 1123 1704 1168 naturam
1743 1113 2010 1184 corporis.
2042 1113 2140 1167 Est
2237 1125 2452 1191 gentes,
2509 1113 2628 1168 haec
2665 1109 2827 1168 nunc
2889 1122 3147 1181 tanquam
3195 1110 3355 1164 favos
3403 1105 3676 1161 ﬁnximus
3707 1123 3726 1168 ;
3761 1107 3850 1160 usi

565 1207 750 1254 autem
773 1201 935 1271 plane
962 1204 1252 1261 manifesta
1274 1207 1514 1261 amentia
1542 1208 1623 1262 sic
1646 1207 1852 1262 sentire
1871 1216 1928 1261 et
1947 1205 2100 1277 loqui
2125 1224 2137 1259 :
2239 1206 2512 1280 adjutricc
2534 1205 2622 1260 vel
2651 1204 2837 1276 potius
2864 1217 3031 1257 causa
3055 1209 3113 1255 ct
3130 1198 3406 1271 principio
3431 1196 3695 1267 sapiente
3718 1209 3847 1264 ape,

566 1291 843 1361 siquidem
882 1292 1116 1366 Spiritus
1164 1303 1241 1350 est
1292 1296 1432 1351 Deus
1457 1299 1518 1363 ις
1548 1297 1913 1368 quamobrem
1973 1296 2143 1368 spiri-
2241 1303 2403 1372 cujus
2447 1298 2670 1354 labores
2719 1310 2878 1368 reges
2909 1301 2967 1350 et
2999 1290 3204 1365 privati
3231 1291 3300 1348 ad
3332 1291 3641 1348 sanitatem
3683 1287 3851 1342 adbi-

565 1384 752 1441 taliter
776 1401 905 1442 eum
947 1388 1321 1459 glorincemus
1347 1389 1496 1444 omni
1523 1405 1788 1460 corporea
1814 1389 2144 1461 cogitatione
2240 1391 2397 1450 bent.
2491 1393 2500 1400 ’

567 1476 887 1550 longissime
943 1483 1186 1552 repulsa,
1246 1483 1540 1538 adorantes
1603 1499 1732 1540 eum
1771 1485 1826 1537 in
1879 1485 2072 1555 spiritu
2095 1491 2146 1537 et

638 1614 842 1671 ‘Joan.
875 1632 947 1683 ιν,
974 1617 1064 1670 et.
1141 1617 1162 1648 ι
1191 1616 1335 1672 lbid.
1379 1589 1386 1594 ’

588 1786 3828 1814 W

2146 1929 2263 1991 III.

1205 2074 1330 2138 DE.
1355 2073 1639 2135 DIVINA
1675 2068 2175 2143 OECONOMIA',
2209 2066 2293 2130 ID
2337 2057 2474 2127 ES'I‘
2520 2058 3157 2127 INCARNATIONE.

642 2336 687 2397 Ι.
715 2336 947 2412 Oportet
999 2339 1309 2411 sapientem
1351 2340 1660 2397 Salvatoris
1711 2343 1885 2398 nostri
1921 2359 2145 2402 cecono-
2178 2353 2223 2409 Β
2245 2345 2460 2418 iussum
2493 2346 2509 2382 ι
2549 2352 2708 2411 erat;
2741 2342 2978 2400 alterum
3015 2340 3167 2396 enim
3197 2339 3317 2394 sine
3359 2337 3542 2394 altero
3582 2352 3700 2393 non
3722 2343 3834 2392 erat

566 2430 736 2486 miam
783 2447 886 2503 pro
917 2432 1190 2498 tenuitate
1219 2441 1422 2488 nostra:
1468 2433 1848 2504 intelligentiae
1893 2435 2143 2503 laudare,
2248 2437 2425 2494 utile:
2459 2435 2557 2492 sed
2583 2451 2694 2491 non
2720 2432 3023 2490 custodivit
3046 2446 3264 2502 semper
3297 2428 3447 2500 quod
3477 2429 3531 2484 ei
3569 2428 3828 2484 commis-

568 2536 683 2577 non
722 2537 826 2592 pro
879 2520 1149 2592 dignitate
1195 2522 1597 2594 magnitudinis
1645 2524 1833 2579 Verbi.
1861 2525 1982 2580 Non
2042 2526 2147 2582 hoc
2245 2545 2370 2585 sum
2408 2534 2549 2594 erat,
2584 2543 2708 2599 per,
2733 2524 3046 2598 segnitiem,
3073 2531 3130 2580 et
3185 2537 3483 2594 aggressus
3520 2530 3610 2577 est
3646 2521 3828 2583 vetita,

567 2612 875 2684 ΡοΙῙίοθοῐς
908 2609 1296 2685 nequaquam:
1329 2632 1440 2671 non
1503 2616 1650 2672 enim
1684 2626 1866 2687 potest
1905 2618 2146 2678 humana
2245 2624 2377 2684 dolo
2414 2620 2700 2694 cujusdam
2745 2618 2956 2674 fallacis
2992 2616 3296 2686 voluptatis
3348 2614 3639 2670 inductus.
3695 2613 3829 2669 Hinc

569 2719 750 2769 mens,
777 2707 1032 2775 quamvis
1069 2707 1459 2778 purgatissima
1499 2709 1848 2774 sit,-tantam
1883 2712 2146 2781 amplitu-
2248 2714 2329 2770 illi
2365 2712 2548 2769 omnis
2574 2711 2735 2769 labor
2772 2719 2935 2764 natus
2964 2718 3068 2774 est,
3107 2716 3165 2763 et
3193 2705 3465 2774 malorum
3496 2703 3825 2768 inundatio;

577 2799 758 2853 dinem
809 2797 1122 2867 complecti,
1163 2799 1260 2854 sed
1292 2809 1353 2853 ut
1401 2799 1633 2855 inﬁrma:
1682 2809 1740 2856 et
1781 2819 1963 2872 parvae
2001 2803 2190 2859 vires.
2249 2820 2374 2875 qua:
2419 2820 2546 2860 cum
2615 2801 2855 2858 resecari
2906 2799 3112 2870 alioqui
3172 2813 3314 2868 opus
3367 2795 3604 2862 fuisset,
3660 2795 3830 2866 magis

571 2898 775 2944 nostrae
822 2889 1048 2956 ferunt,
1080 2890 1149 2946 de
1175 2891 1280 2946 hac
1305 2906 1366 2945 re
1391 2890 1746 2948 disseremus.
1775 2892 2146 2960 Quamobrem

571 2979 643 3036 ab
684 2980 752 3036 iis
788 2981 883 3052 qui
926 2979 994 3036 ad
1048 2981 1343 3052 legendum
1388 2982 1745 3045 accesserint,
1777 2983 2042 3052 petimus,
2079 2999 2150 3038 ne

572 3082 699 3124 cum
729 3084 894 3126 sensu
930 3070 1125 3126 humili
1153 3085 1356 3142 eorum
1378 3087 1501 3140 qua:
1535 3085 1566 3145 a
1619 3070 1783 3128 nobis
1805 3071 2147 3136 scribuntur,

573 3163 739 3219 simul
784 3162 939 3218 humi
996 3173 1227 3234 repant,
1259 3164 1356 3219 sed
1387 3163 1574 3233 potius
1606 3179 1734 3219 cum
1785 3164 2152 3238 amplitudine

573 3268 760 3308 rerum
811 3251 866 3307 in
918 3252 1093 3308 altum
1141 3253 1442 3308 tollantur:
1483 3252 1587 3309 etsi
1633 3253 1782 3309 enim
1825 3253 2006 3309 oratio
2043 3269 2153 3309 una

517 3345 522 3358 ‘
573 3359 700 3398 cum
748 3333 1123 3400 instrumento
1170 3360 1273 3401 suo
1326 3343 1546 3402 inﬁrma
1588 3352 1694 3411 est,
1732 3354 1920 3401 manet
1966 3355 2152 3403 tamen

575 3437 803 3492 materia
831 3436 1150 3494 detrimenti
1180 3452 1378 3508 expers
1403 3455 1417 3490 :
1453 3453 1576 3508 quae
1609 3437 1717 3492 hoc
1747 3438 1888 3508 ipso
1926 3437 2152 3509 grandi-

2252 2905 2435 2970 tamen
2487 2905 2652 2951 aucta
2695 2900 2851 2950 sunt.
2903 2891 2997 2948 Sic
3036 2891 3187 2946 enim
3227 2891 3300 2946 iis
3339 2889 3569 2944 evenire
3611 2887 3828 2942 solitum

2248 2997 2358 3056 est,
2388 2990 2486 3060 qui
2513 2989 2668 3044 nullo
2695 2987 2894 3043 ordine
2927 2993 3147 3041 servato
3171 2991 3473 3054 aegrotant,
3495 2982 3577 3036 sic
3607 2989 3666 3035 et
3688 2995 3825 3050 prae-

2249 3080 2426 3151 ceptis
2476 3080 2820 3140 medicorum
2874 3092 2989 3132 non
3050 3076 3196 3130 sicut
3248 3071 3496 3138 debent,
3548 3078 3823 3125 utuntur:

2250 3169 2316 3225 1η
2347 3170 2670 3240 profundum
2697 3169 2866 3240 igitur
2894 3165 3163 3221 malorum
3186 3179 3306 3218 cum
3337 3161 3622 3217 deuenisset
3645 3201 3660 3225 ,
3690 3158 3829 3212 sicut

2251 3261 2330 3315 ait
2356 3260 2585 3331 Sapiens
2621 3260 2677 3314 in
2710 3258 3046 3322 Proverbiis,
3078 3254 3392 3325 contempsit
3421 3252 3466 3307 τ.
3509 3248 3670 3306 Unde
3700 3248 3827 3317 quia

2253 3367 2322 3406 ex
2356 3359 2509 3405 tanta
2531 3350 2861 3406 excellentia
2893 3357 2951 3403 et
2985 3345 3282 3420 altitudine
3315 3344 3505 3413 lapsus
3532 3349 3653 3395 erat
3674 3379 3690 3404 ,
3718 3353 3827 3392 non

2252 3441 2596 3512 congruebat
2639 3441 2871 3496 bonitati
2904 3437 3143 3496 naturali
3189 3436 3310 3499 Dei,
3337 3435 3430 3490 hic
3454 3434 3671 3503 lapsum
3708 3431 3826 3484 sine

576 3537 747 3584 tatem
783 3528 1168 3594 demonstrat,
1211 3528 1361 3599 quod
1399 3531 1619 3584 omnem
1643 3544 1955 3585 sermonem
1985 3545 2155 3601 supe-
2255 3531 2530 3607 medicina
2555 3573 2570 3598 ,
2601 3540 2657 3587 et
2684 3535 2842 3586 extra
2867 3529 3086 3586 felicem
3126 3534 3331 3583 statum
3355 3525 3416 3580 in
3443 3538 3555 3594 quo
3577 3521 3827 3597 conditus

576 3627 705 3676 rat:
743 3636 854 3676 non
913 3619 1064 3677 enim
1121 3621 1371 3679 universi
1413 3620 1660 3686 fabrica,
1711 3621 1914 3677 coelum
1972 3621 2226 3696 Verboﬁ
2256 3625 2457 3691 fuerat,
2488 3625 2802 3696 neglectum
2851 3622 3166 3694 praeterire;
3207 3618 3304 3691 qui
3346 3617 3497 3672 enim
3538 3612 3826 3685 aliquando

576 3712 890 3769 οοηῖθεῐυηι
940 3721 998 3769 ει
1033 3713 1316 3778 Sideribus
1359 3720 1616 3768 ornatum
1643 3751 1658 3778 .
1689 3721 1747 3768 el
1798 3722 1943 3767 terra
1987 3727 2156 3783 super
2180 3709 2226 3734 υ
2259 3718 2315 3773 in
2350 3725 2620 3788 purpura,
2651 3727 2718 3785 ut
2739 3717 2817 3771 ait
2841 3714 3132 3786 Propheta,
3162 3711 3313 3766 Altus
3339 3717 3387 3764 et
3407 3709 3658 3763 educatus
3679 3714 3827 3772 erat,

576 3805 814 3860 nihilum
845 3804 1094 3871 fundata,
1129 3814 1186 3861 et
1228 3803 1379 3862 omni
1399 3795 1612 3876 genere
1637 3804 1896 3860 arborum
1926 3802 2156 3874 pulchre
2257 3793 2472 3862 indutus
2501 3815 2579 3860 est
2601 3813 2828 3860 stercore
2857 3804 2900 3868 ε.

575 3897 815 3963 consita,
867 3896 1131 3967 omnique
1206 3895 1397 3967 generi
1457 3892 1824 3950 animantium
1896 3892 2157 3948 alimenta
2329 3897 2420 3952 III.
2453 3895 2666 3952 Idcirco
2694 3895 2972 3966 sapienter
3001 3893 3170 3950 Verbi
3220 3891 3320 3946 Dei
3365 3889 3687 3963 oeconomiae
3730 3901 3825 3942 ne-

577 3989 779 4045 idonea
846 3977 1208 4059 suppeditans
1234 4005 1250 4054 ;
1281 4003 1434 4043 mare
1492 3981 1752 4048 liberum,
1780 3993 1837 4040 et
1864 3984 2001 4039 lines
2027 3997 2158 4038 suos
2257 3991 2470 4064 εοιίυω
2519 3987 2766 4059 suscepit
2795 4002 3027 4058 magnus
3057 3985 3150 4042 ille
3176 3999 3275 4040 rex
3298 4025 3314 4050 ,
3340 3990 3397 4038 et
3432 3996 3564 4038 vere
3591 3977 3824 4051 praelati

577 4097 688 4137 ηοη
731 4081 1059 4152 egrediens;
1097 4096 1194 4136 36"
1220 4079 1399 4143 fusus,
1433 4088 1490 4134 ει
1517 4095 1549 4132 3
1588 4077 1741 4132 ηυΠο
1784 4092 1882 4147 νει
1909 4077 2021 4130 Vim
2060 4090 2158 4130 οο-
2257 4083 2498 4156 generis,
2531 4097 2598 4140 ac
2655 4095 2796 4135 vere.
2840 4079 3070 4138 liberex
3127 4076 3388 4134 omnibus
3441 4074 3539 4144 qui
3591 4079 3716 4126 sunt
3761 4070 3824 4124 ab

578 4181 834 4244 cupatus,
876 4173 975 4229 sed
1025 4171 1283 4243 aequalibi
1336 4170 1759 4242 participatione
1792 4165 2152 4239 aspirantium

2259 4177 2479 4234 oriente
2531 4174 2664 4229 solis
2695 4189 2709 4226 :
2741 4186 3006 4242 egressus
3046 4169 3198 4226 enim
3227 4184 3259 4223 e
3298 4182 3400 4222 sua
3436 4165 3659 4220 civitate
3704 4177 3824 4232 pro-

580 4263 907 4328 δοηοταιυδι
937 4270 993 4318 et
1018 4270 1227 4318 Cmam
1254 4268 1440 4332 Partes
1474 4258 1665 4314 mundi
1690 4258 1880 4322 θτθθιίν
1905 4256 1982 4312 ίῑεὶ
2006 4265 2162 4328 μηδ’
2259 4278 2384 4342 pter
2401 4283 2530 4328 eum
2553 4269 2648 4338 qui
2679 4266 2807 4322 inde
2833 4265 3202 4340 exsulaverat,
3223 4258 3368 4318 sedit
3390 4275 3562 4330 super
3589 4265 3823 4312 nostrum

581 4365 779 4410 διέλιθηι
830 4355 981 4410 illam
1017 4369 1140 4424 quae
1184 4368 1350 4424 supra
1393 4353 1580 4407 omnia
1613 4359 1699 4406 θεῖ
1752 4350 2159 4414 demonstrant»
2260 4371 2480 4418 stercus
2504 4360 2561 4416 in
2591 4374 2702 4431 quo
2725 4358 3076 4422 sedebamus,
3107 4355 3260 4411 exuti
3284 4351 3636 4424 splendidum
3664 4347 3821 4403 vcsti-

581 4457 855 4519 quamum
909 4447 1288 4506 ἀεπιοηειτειῐο
1322 4431 1572 4516 Domi“e
1612 4443 1855 4522 divinam
1907 4450 2160 4525 υθιυῒω
2262 4463 2381 4511 tum
2433 4471 2544 4525 quo
2587 4467 2810 4509 eramus
2849 4459 2977 4506 ante
3022 4446 3517 4518 transgressionem
3558 4441 3749 4504 induti,
3772 4447 3820 4494 et

581 4557 708 4596 cum
738 4549 928 4596 nostra
957 4539 1198 4603 misceri,
1227 4545 1284 4592 et
1307 4537 1552 4606 copulari
1577 4536 1696 4590 sine
1722 4536 1833 4590 ulla
1858 4523 2161 4589 mutatione
2263 4546 2371 4602 hoc
2415 4523 2593 4601 [έιοιοθ
2641 4543 2831 4600 amicti
2861 4560 2874 4596 ς
2911 4549 2968 4596 ει
2992 4541 3257 4612 quoniam
3281 4554 3350 4594 ex
3380 4545 3627 4592 stercore
3668 4531 3820 4586 fetido

583 4646 710 4686 cum
751 4643 984 4700 corpore
1037 4628 1219 4684 anima
1254 4627 1512 4681 rationali
1543 4625 1794 4696 praedito.
1822 4625 1900 4680 Ac
1937 4639 2160 4680 causam
2264 4639 2452 4694 ulcera
2483 4645 2540 4693 ει
2566 4636 2798 4691 vulnera
2836 4646 3252 4710 acceperamus,
3284 4643 3406 4699 qua;
3435 4633 3608 4680 totam
3635 4632 3818 4690 natura

581 4723 806 4794 quidem
846 4721 1011 4791 hujus
1037 4720 1174 4775 tanti
1203 4718 1504 4774 descensus
1531 4716 1831 4788 perfectam
1863 4717 1981 4786 ipse
2011 4717 2152 4772 solut

2263 4737 2468 4787 nostra:
2491 4729 2754 4785 fabricam
2779 4725 3230 4796 corrumpebant,
3260 4719 3474 4789 accepit
3511 4725 3733 4777 testam,
3764 4722 3817 4766 ut

580 4816 762 4880 novit,
797 4822 854 4869 et
890 4811 929 4866 ii
975 4809 1183 4882 quibus
1235 4808 1521 4880 patefecit,
1569 4817 1626 4863 et
1684 4809 1790 4864 hac
1843 4808 2152 4880 cognitione

2265 4825 2500 4880 multum
2541 4831 2827 4893 putrorem
2855 4817 3214 4881 corraderet;
3243 4818 3482 4885 purgare
3507 4809 3654 4864 enim
3683 4805 3814 4861 vole-

2269 4916 2284 4921 _
2459 4915 2474 4921 -
2722 4912 2735 4921 .
2957 4908 2988 4921 ..
3047 4908 3061 4921 .
3245 4905 3336 4921 η.
3381 4910 3512 4921 ._-._
3551 4899 3673 4921 --.ο
3709 4911 3798 4921 ---ν

580 4910 733 4980 digni
766 4908 1012 4964 ίυθηιηί·
2199 4899 2238 4921 ν
2269 4916 2364 4972 bat
2383 4915 2608 4980 vulnus,
2644 4920 2701 4968 et
2722 4912 2927 4966 lavare.
2957 4908 3065 4964 Sed
3099 4921 3221 4978 quae
3243 4905 3349 4960 ista
3380 4910 3520 4957 testa
3545 4899 3673 4955 est?
3705 4911 3811 4952 cor-

649 4996 716 5058 ll.
757 5001 1036 5069 Quantum
1069 5005 1252 5051 autem
1300 5009 1401 5050 nos
1433 4992 1670 5049 assecuti
1717 5007 1907 5048 sumus
1937 4992 2152 5048 illorum

2267 5022 2371 5078 pus
2418 5005 2636 5061 scilicet
2682 5011 3008 5065 terrenum,
3071 5013 3184 5069 quo
3234 5001 3524 5066 peccatum
3589 4996 3811 5044 nostrum

583 5094 808 5166 scriptis
831 5090 1060 5155 eruditi,
1087 5105 1252 5146 causa
1283 5087 1410 5153 fuit,
1436 5095 1497 5140 ut
1528 5087 1712 5152 homo,
1749 5087 1842 5156 qui
1863 5087 2006 5141 male
2031 5100 2152 5156 per-

2267 5097 2628 5152 emundavit:
2665 5094 2848 5165 Agnus
2886 5091 2984 5146 Dei
3014 5089 3212 5155 factus,
3247 5087 3337 5158 qui
3380 5084 3521 5138 tollit
3573 5086 3810 5154 peccatum

584 5190 748 5254 ierat,
777 5187 961 5243 salvus
988 5185 1164 5250 fieret,
1198 5182 1291 5252 qui
1328 5197 1493 5235 manu
1520 5179 1616 5235 Dei
1649 5179 1917 5235 formatus
1942 5189 1996 5234 et
2028 5179 2164 5234 ima-
2267 5189 2510 5246 mundis,
2547 5185 2862 5242 Hoc.-nobis
2906 5190 2992 5238 est,
3035 5185 3293 5251 Magnum
3327 5177 3652 5248 mysterium,
3680 5186 3808 5226 aste-

583 5283 708 5353 gine
761 5281 1086 5343 honoratus,
1119 5275 1352 5347 provide
1405 5274 1462 5328 in
1499 5273 1752 5343 paradiso
1798 5289 1830 5327 a
1863 5273 2161 5329 Conditorc

584 5374 799 5446 positus
825 5373 948 5435 fuit,
982 5378 1039 5425 ut
1069 5373 1478 5443 operaretur,et
1511 5364 1791 5419 custodiret
1818 5381 1937 5420 eum
1955 5367 1996 5432 θ,
2018 5366 2163 5422 sicut

2266 5279 2396 5335 culis
2427 5289 2477 5332 et
2507 5296 2540 5332 a
2593 5275 3018 5349 generationibus
3043 5273 3100 5326 in
3124 5271 3255 5335 Deo,
3287 5270 3378 5340 qui
3408 5269 3588 5321 omnia
3621 5262 3807 5322 crearit.

2271 5357 2696 5430 absconditum"
2727 5384 2742 5433 ;
2775 5363 2930 5435 quod
2979 5364 3221 5420 Joannes
3279 5357 3571 5428 theologia
3635 5353 3807 5410 tonitru

655 5518 676 5548 ‘
708 5516 846 5573 Gen.
881 5531 951 5580 ιι,
982 5513 1070 5569 15.
1142 5513 1160 5543 ⁷
1195 5513 1357 5566 Prov.
1389 5526 1547 5576 xvm,
1576 5510 1630 5564 5.
1709 5508 1730 5540 ³
1764 5508 1972 5564 Thren.
2006 5523 2079 5573 IV,
2105 5509 2156 5563 5.
2233 5511 2254 5541 ³
2275 5508 2432 5564 Joan.
2467 5523 2519 5574 ι,
2550 5505 2643 5562 29.
2722 5503 2763 5538 “
2795 5503 3113 5575 Ephes.‘m,
3145 5501 3210 5566 9;
3240 5496 3509 5563 Coloss.t,
3535 5493 3627 5551 26.

1853 5623 2091 5681 VARIAS
2134 5620 2542 5681 LECTIONES.

674 5727 693 5763 ι
718 5722 953 5778 Juuum.
991 5722 1094 5778 An.
1121 5721 1382 5794 justum?
1421 5719 1527 5777 Sed
1568 5718 1776 5788 ἀπέχω.
