4054 6312
315 304 340 368 Ι
352 307 456 372 337

1299 314 1590 378 emno
1619 315 1738 378 III.
1765 341 1837 354 -ι
1864 315 1965 378 DE
2000 277 2600 384 INCARNATIONE.

3439 315 3578 382 1338

310 419 638 491 praedicavit
657 461 672 487 ,
713 435 841 476 cum
880 436 1047 493 supra
1089 437 1314 489 sensum
1350 433 1410 481 et
1471 441 1641 498 supra
1667 441 1735 482 ea
1771 440 1895 496 quae
1923 431 1970 488 Α
1995 443 2064 483 ex
2088 429 2177 485 his
2201 431 2349 487 enim
2370 432 2585 488 exstitit
2605 446 2808 502 corpus
2831 439 3138 494 terrenum,
3161 429 3312 500 quod
3341 429 3577 500 tempori

309 515 424 570 sub
453 529 677 570 sensum
703 514 931 581 cadunt,
957 517 1208 596 elevatus
1237 534 1252 570 :
1279 516 1346 572 In
1377 519 1659 589 principio,
1695 517 1897 587 inquit,

307 615 436 660 erat
491 605 737 669 Verbum,
771 614 820 660 et
852 605 1078 661 Verbum
1117 618 1235 664 erat
1278 609 1422 680 apud
1462 609 1656 677 Deum,
1682 619 1734 665 et
1762 609 1901 664 Deus

225 724 229 728 -
309 706 435 754 erat
473 696 715 752 Verbum.
749 697 944 754 Omnia
968 715 1063 770 per
1085 701 1260 771 ipsum
1297 701 1441 772 facta
1467 709 1593 755 sunt
1615 702 1680 755 ιι.

388 831 478 888 IV.
511 831 701 903 Ipsum
727 831 898 903 igitur
921 835 1248 905 magistrum
1274 843 1330 890 et
1351 835 1549 891 ducem
1579 845 1898 906 sequentes,

305 924 565 997 ejusdem
599 925 844 1002 vocibus
866 926 1070 983 divinis
1117 937 1340 983 utamur
1379 928 1593 982 aientes
1625 947 1637 981 :
1677 927 1900 983 Verbum

309 1031 440 1074 caro
486 1019 685 1089 factum
723 1028 819 1084 est,
851 1028 900 1073 et
952 1019 1209 1078 habitavit
1246 1023 1302 1078 in
1333 1021 1480 1076 nobis
1510 1022 1573 1076 ¹¹.
1600 1022 1899 1091 Postquam

309 1113 468 1167 enim
502 1111 729 1166 nimiam
760 1110 883 1184 ejus
925 1128 1055 1184 erga
1082 1128 1188 1168 nos
1220 1113 1667 1170 misericordiam
1707 1123 1900 1168 osten-

310 1202 420 1268 dit,
457 1201 612 1257 illum
648 1193 831 1273 ipsum
853 1201 992 1258 dixit
1020 1205 1224 1260 factum
1253 1219 1378 1276 esse
1407 1205 1717 1260 hominem.
1753 1202 1902 1271 Quo-

309 1291 480 1348 ‘modo
531 1285 718 1349 autem
773 1294 897 1350 fieri
938 1294 1238 1366 potuisset,
1284 1304 1346 1351 ut
1395 1297 1492 1366 qui
1525 1303 1644 1350 erat
1691 1295 1901 1367 alioqui

307 1385 696 1452 immutabilis,
728 1385 888 1442 ﬁeret
937 1387 1086 1460 quod
1145 1402 1259 1444 non
1307 1397 1428 1442 erat
1461 1405 1476 1455 ;
1507 1388 1735 1454 docuit,
1773 1404 1900 1443 cum

306 1469 453 1533 dixit
477 1497 491 1533 :
516 1471 588 1533 Et
615 1479 872 1536 habitavit
895 1479 953 1534 in
980 1475 1160 1535 nobis:
1189 1480 1336 1551 quod
1368 1481 1600 1551 perinde
1627 1489 1732 1546 est,
1771 1496 1835 1535 ac
1853 1480 1900 1536 si

307 1571 542 1638 diceret,
570 1570 716 1629 Usus
741 1581 828 1628 est
861 1587 1027 1628 carne
1056 1590 1160 1648 pro
1183 1574 1540 1629 tabernaCulo
1566 1592 1581 1640 ;
1606 1573 1902 1644 oportebat

307 1664 485 1729 enim,
526 1672 587 1720 ut
616 1664 711 1736 qui
747 1667 874 1720 vere
899 1673 954 1721 et
987 1675 1183 1721 natura
1208 1681 1302 1721 res
1327 1676 1517 1720 noster
1539 1673 1680 1731 erat,
1707 1681 1809 1720 nos
1830 1665 1899 1721 ab

307 1754 498 1811 alieno
520 1762 577 1812 et
603 1755 921 1812 adulterino
954 1756 1196 1826 quodam
1220 1757 1446 1811 domino
1472 1771 1767 1827 Oppressus
1801 1756 1896 1827 qui
1926 1782 1970 1837 Β

311 1864 546 1920 regnum
581 1858 866 1920 rapuerat,
893 1849 1040 1920 quod
1074 1847 1141 1902 ad
1177 1863 1305 1904 eum
1337 1849 1491 1903 nulla
1523 1848 1738 1904 ratione
1762 1863 1895 1919 per-

309 1941 544 2006 tinebat,
563 1957 676 1998 non
701 1941 1041 2011 relinqueret
1071 1940 1336 2010 captivos,
1364 1941 1513 1995 nulla
1535 1940 1708 1996 nostri
1742 1921 1900 1995 habi-

311 2044 372 2090 ta
399 2033 611 2089 ratione
662 2041 719 2090 et
778 2049 956 2090 cura:
987 2033 1122 2103 quin
1168 2033 1358 2102 potius
1403 2032 1642 2104 insignia
1692 2042 1897 2088 nostrae

303 2124 602 2185 servitutis
657 2125 938 2190 indueret,
970 2134 1026 2180 et
1076 2124 1145 2181 ad
1205 2141 1307 2180 nos
1358 2126 1599 2191 veniret,
1627 2136 1709 2191 ut,
1735 2142 1897 2181 muro

309 2217 548 2290 disiecto
590 2226 648 2274 et
702 2201 910 2284 diruto,
943 2216 1108 2272 nobis
1137 2217 1409 2306 .praeiret,
1439 2225 1494 2272 et
1527 2231 1713 2272 secum
1745 2219 1896 2287 ejus-

308 2309 444 2366 dem
504 2318 718 2365 naturaa
753 2309 1012 2364 homines
1058 2308 1553 2368 extraheretzimo
1606 2309 1897 2364 servitutis

307 2416 509 2458 eorum
533 2400 868 2472 quibuscum
891 2408 1096 2454 natura
1124 2398 1230 2455 sibi
1251 2398 1563 2454 communis
1590 2405 1758 2465 esset,
1776 2397 1898 2452 vin-

309 2494 440 2550 cula
467 2493 573 2549 sibi
604 2500 801 2562 sponte
825 2491 1100 2564 injiceret.
1517 2475 1525 2482 ’
1593 2489 1596 2491 λ

388 2632 453 2689 V.
487 2630 569 2688 0b
610 2631 755 2687 hanc
798 2645 1023 2686 causam
1049 2629 1206 2686 venit
1230 2629 1298 2684 ad
1325 2643 1428 2685 nos
1455 2629 1551 2699 qui
1579 2628 1740 2698 longe
1768 2641 1897 2681 era-

305 2739 464 2790 mus,
492 2732 549 2779 et
573 2721 738 2778 nobis
762 2721 820 2776 in
856 2721 1161 2794 lengiuquo
1186 2720 1386 2792 positis
1411 2717 1894 2790 appropinquavit,

310 2831 432 2870 non
478 2815 602 2870 loco
627 2831 644 2881 ;
674 2829 780 2869 nec
809 2813 961 2868 enim
1007 2813 1150 2867 facta
1183 2819 1270 2867 est
1308 2811 1417 2867 loci
1449 2809 1682 2865 mutatio
1710 2825 1723 2861 :
1760 2823 1898 2877 quo-

313 2907 487 2964 modo
553 2906 704 2961 enim
757 2904 1050 2969 Divinitas,
1093 2911 1190 2958 aut
1241 2902 1338 2957 ubi
1382 2900 1896 2965 circumscribatur,

309 3015 440 3071 qua
469 2998 729 3054 universa
764 2998 822 3052 in
853 3013 912 3053 se
939 2996 1208 3061 continet,
1225 3003 1283 3051 et
1309 3012 1341 3050 a
1365 2996 1522 3050 nullo
1542 2992 1898 3050 continetur?

2002 519 2262 592 subjecit.
2291 521 2371 575 Ex
2404 521 2605 591 spiritu
2636 536 2768 576 vero
2797 527 2903 586 est,
2936 519 3081 590 quod
3124 528 3210 574 est
3240 517 3491 572 divinum
3521 527 3580 572 et

2003 612 2125 669 sine
2156 622 2429 683 tempore,
2454 613 2603 683 quod
2625 612 2782 668 carni
2815 612 3070 666 animatae
3093 610 3254 665 unire
3270 609 3580 678 voluit,per

1999 720 2169 775 quam
2218 704 2511 760 nobiscum
2548 705 2802 760 versatus
2831 711 2920 759 est
2960 702 3069 756 hoc
3109 700 3380 756 velamine
3411 713 3579 768 opere

2004 805 2134 861 tus;
2166 796 2313 851 sicut
2349 811 2552 865 corpus
2601 795 2736 866 tegit
2784 795 3024 848 animam
3070 801 3315 847 nostram
3343 805 3466 860 quae
3493 795 3580 843 est

2002 885 2435 956 inaspectabilis,
2463 892 2522 940 et
2566 884 2626 938 in
2675 885 2752 940 iis
2779 899 2902 954 quae
2949 883 3053 938 sub
3081 897 3307 937 sensum
3348 879 3576 941 cadunt,

2001 1001 2114 1040 non
2166 994 2532 1041 numeratur:
2560 985 2690 1056 quia
2733 983 2876 1038 facta
2923 986 3008 1035 est
3037 977 3104 1032 ad
3137 971 3430 1044 imaginem
3457 969 3578 1039 ejus

1999 1077 2097 1146 qui
2146 1091 2269 1132 eam
2309 1076 2540 1143 creavit,
2574 1083 2868 1144 servatque
2901 1071 3057 1141 signa
3098 1059 3481 1124 similitudinis
3507 1056 3576 1112 ad

2000 1183 2168 1240 quam
2206 1168 2348 1223 facta
2395 1177 2516 1223 est:
2547 1167 2695 1238 quod
2741 1164 2891 1220 enim
2949 1169 3152 1216 natura
3193 1155 3430 1211 inditum
3466 1156 3574 1214 est,

2000 1276 2112 1316 non
2133 1269 2218 1315 est
2254 1269 2442 1330 aptum
2479 1269 2693 1325 natum,
2721 1267 2787 1312 ut
2817 1255 2977 1311 facile
3009 1259 3300 1308 mutetur-

2007 1369 2019 1378 ·
2072 1351 2165 1406 Vl.
2202 1349 2479 1417 Quantum
2505 1350 2676 1421 igitur
2701 1348 2866 1403 nobis
2899 1344 3125 1400 modum
3155 1336 3383 1395 unionis
3410 1331 3575 1390 Verbi

1999 1457 2128 1498 cum
2149 1457 2317 1497 carne
2346 1441 2667 1512 conjectura
2692 1437 2960 1508 consequi
3008 1435 3161 1495 licet,
3185 1429 3352 1485 aliam
3377 1424 3575 1494 imagio

1999 1549 2130 1590 nem
2186 1542 2243 1589 et
2298 1533 2725 1589 similitudinem
2771 1545 2886 1585 non
2937 1525 3252 1598 poterimus
3301 1517 3572 1589 reperire,

2001 1643 2166 1700 quam
2195 1626 2394 1682 animae
2413 1641 2541 1681 cum
2564 1623 2795 1696 proprio
2813 1632 3068 1690 corpore,
3087 1632 3156 1672 ex
3175 1612 3378 1684 quibus
3401 1621 3576 1700 unum

2003 1698 2209 1776 animal
2253 1719 2420 1774 homo
2445 1717 2686 1783 exsistit,
2715 1729 2899 1785 neque
2926 1709 3180 1783 partibus
3200 1706 3255 1760 in
3297 1698 3576 1771 composi-

2000 1813 2150 1871 tione
2181 1812 2327 1866 inter
2359 1825 2420 1865 se
2458 1809 2708 1873 mutatis,
2738 1822 2843 1862 nec
2869 1820 2979 1860 una
3022 1816 3217 1857 earum
3251 1799 3577 1853 alterutram

1997 1919 2067 1960 ex
2129 1919 2189 1960 se
2249 1902 2489 1958 faciente
2526 1920 2540 1956 :
2573 1900 2669 1956 sed
2727 1898 2915 1970 potius
2960 1892 3294 1951 coeuntibus
3356 1886 3577 1943 duobus

1998 1997 2238 2054 diversis
2275 1994 2409 2050 illud
2442 1993 2695 2058 exsistit,
2745 1987 2895 2060 quod
2943 1995 3073 2058 post
3114 1978 3578 2052 compositionem

1997 2098 2084 2147 est
2113 2098 2170 2145 et
2211 2087 2558 2143 nominatur.
2597 2082 2958 2149 Adhibentes
3000 2077 3172 2148 igitur
3200 2089 3268 2129 ex
3309 2073 3415 2126 hac
3441 2071 3579 2124 ima-

1997 2186 2147 2256 gine,
2179 2189 2449 2252 quantum
2465 2178 2602 2232 utile
2618 2186 2705 2232 est
2726 2174 2795 2231 ad
2827 2171 3144 2241 exemplum
3170 2162 3576 2224 similitudinis,

1999 2273 2264 2330 unionem
2299 2270 2465 2327 Verbi
2498 2284 2625 2324 cum
2656 2265 3008 2322 humanitate
3047 2257 3574 2328 contemplabimur.

1998 2365 2248 2422 Verbum
2292 2363 2440 2418 enim
2483 2358 2634 2431 quod
2679 2359 2736 2413 in
2764 2356 3043 2428 principio
3066 2359 3189 2408 erat
3228 2350 3396 2413 Deus,
3449 2358 3578 2400 cum

1997 2459 2166 2514 vellet
2216 2455 2337 2511 fieri
2389 2456 2580 2519 homo,
2615 2451 2746 2523 quia
2777 2466 2889 2506 non
2938 2453 3129 2519 posset
3187 2445 3357 2499 homo
3416 2439 3577 2493 aliter

1999 2551 2184 2606 salvus
2207 2548 2351 2616 fieri,
2380 2548 2694 2618 ingressum
2716 2553 2804 2599 est
2837 2543 2895 2597 in
2925 2549 3149 2596 uterum
3173 2532 3498 2605 virginalem
3522 2537 3581 2584 et

1999 2641 2180 2698 omnis
2224 2639 2601 2709 corruptionis
2656 2644 2994 2706 expertem:
3048 2638 3171 2686 erat
3219 2626 3370 2682 enim
3429 2622 3577 2691 uirgo

1999 2744 2149 2789 casta
2193 2734 2385 2804 spiritu
2409 2739 2458 2784 et
2488 2728 2787 2797 corpore”.
2824 2723 3198 2793 Quamobrem
3236 2713 3576 2778 necessario,

1999 2834 2062 2881 ut
2085 2823 2340 2889 decebat,
2377 2822 2444 2878 ad
2474 2831 2690 2876 tantum
2746 2816 3000 2891 mysterii
3053 2810 3430 2868 ministerium
3455 2818 3579 2860 eam

1999 2917 2189 2987 elegit,
2222 2914 2556 2982 unitumque
2596 2920 2680 2967 est
2705 2911 2824 2966 sine
2857 2907 3183 2964 confusione
3217 2911 3274 2957 et
3318 2898 3582 2954 mistione

2003 3019 2178 3064 totum
2207 3008 2305 3062 toti
2339 3006 2515 3071 carni,
2538 3005 2720 3059 anima
2748 3001 2982 3066 rationis
3004 2996 3272 3068 participe
3299 2993 3580 3052 animatae,

309 3093 440 3150 Non
496 3092 666 3163 igitur
724 3097 942 3161 Ροιθτθι
985 3089 1034 3143 is
1077 3088 1173 3158 qui
1221 3089 1290 3142 ab
1329 3103 1398 3143 θο
1441 3086 1744 3151 defecerat,
1776 3098 1899 3141 esse
1927 3114 1968 3171 α
2001 3110 2056 3159 ει
2087 3118 2186 3173 per
2210 3101 2512 3156 adventum
2548 3096 2791 3168 Spiritus
2819 3093 2997 3148 sancti
3041 3105 3107 3146 ex
3130 3102 3299 3143 carne
3330 3080 3580 3152 Virginis

309 3196 472 3242 extra
492 3199 788 3239 numerum
819 3199 1013 3239 eorum
1035 3197 1158 3253 quae
1199 3191 1348 3249 sunt,
1383 3190 1444 3236 ut
1473 3181 1771 3235 adventum
1799 3178 1896 3249 qui

311 3276 567 3333 similiter
602 3276 670 3330 ad
695 3276 876 3330 locum
897 3274 1198 3345 pertineat,
1223 3287 1574 3343 quaeramus;
1602 3280 1897 3340 utrumque

299 3365 467 3420 enim
497 3373 618 3420 erat
659 3363 1024 3434 impossibile.
1051 3363 1250 3417 Procul
1280 3365 1482 3427 autem
1501 3362 1570 3416 ab
1601 3377 1669 3416 eo
1701 3362 1899 3416 abera-

313 3471 446 3511 mus
483 3456 815 3520 affectione.
843 3464 904 3510 et
929 3454 1217 3510 voluntate
1241 3452 1508 3523 spiritus,
1539 3460 1601 3506 ut
1627 3453 1706 3508 ait
1750 3452 1900 3508 Scri-

311 3553 507 3620 'ptura.
549 3547 763 3602 Idcirco
809 3547 878 3601 ad
923 3545 1378 3610 nos‘descendit,
1405 3560 1516 3599 non
1547 3545 1738 3599 relicta
1784 3545 1900 3599 vita

315 3640 526 3705 divina,
558 3655 724 3711 quam
754 3654 882 3696 cum
911 3639 1074 3694 Patre
1119 3645 1177 3693 et
1217 3637 1427 3708 Spiritu
1451 3647 1642 3692 sancto
1672 3643 1901 3691 natura-

315 3735 449 3790 liter
495 3734 766 3806 degebat;
807 3749 933 3789 cum
967 3731 1173 3803 quibus
1219 3739 1350 3786 ante
1402 3730 1603 3786 saecula
1647 3730 1704 3784 in
1729 3728 1902 3800 gloria

315 3836 443 3884 erat
489 3827 546 3881 in
600 3825 727 3882 sinu
786 3834 1019 3895 paterno
1077 3823 1471 3893 requiescens;
1522 3821 1621 3876 sed
1675 3827 1903 3890 propter

318 3921 652 3977 charitatem
678 3927 936 3988 suscepta
958 3926 1154 3988 sponte
1185 3916 1494 3972 oeconomia
1523 3930 1646 3985 quae
1682 3913 1904 3968 bonita-

319 4021 434 4067 tem
481 4013 604 4083 ejus
646 4011 961 4066 naturalem
990 4009 1246 4076 decebat,
1275 4009 1360 4063 sic
1381 4023 1604 4063 carnem
1635 4021 1900 4071 crassam,

322 4111 602 4158 terrenam
626 4109 684 4157 et
707 4095 1018 4165 mortalem,
1051 4109 1108 4156 et
1128 4099 1295 4154 morti
1324 4100 1676 4155 resistentem
1699 4099 1900 4164 induit,

318 4192 709 4263 exsuperantia
748 4191 1038 4263 potestatis
1084 4207 1199 4247 sua:
1245 4206 1381 4247 usus
1412 4190 1480 4246 ad
1519 4190 1906 4246 occultandam

319 4286 592 4357 gloriam,
637 4294 694 4340 et
748 4285 817 4339 ad
857 4283 1248 4338 assumendam
1291 4297 1516 4338 carnem
1568 4299 1734 4352 quam
1799 4283 1906 4338 sibi

320 4375 504 4430 univit
519 4383 578 4429 et
593 4374 650 4429 in
670 4389 778 4444 qua
802 4372 1094 4438 habitavit,
1115 4371 1424 4427 divinitatis
1451 4371 1689 4440 propriae
1709 4371 1908 4442 ampli-

1997 3195 2186 3250 Matris
2223 3188 2475 3249 conflata:
2534 3198 2592 3245 et
2647 3186 2981 3250 constitutae,
3024 3181 3177 3237 nulla
3209 3192 3377 3233 causa
3414 3174 3471 3227 in
3515 3185 3583 3225 ea

1999 3295 2318 3358 antegressa
2341 3299 2414 3340 ex
2432 3283 2504 3337 iis
2525 3280 2734 3351 quibus
2753 3280 3167 3334 consueverunt
3184 3281 3419 3339 corpora
3436 3262 3581 3327 ﬁeri,

2001 3386 2205 3450 prater
2231 3373 2496 3432 virtutem
2531 3371 2821 3430 Altissimi.
2853 3369 2980 3425 Sola
3014 3367 3162 3423 enim
3208 3361 3413 3418 mulier
3467 3364 3586 3410 ma-

1947 3507 1949 3514 ι
2002 3471 2201 3526 teriam
2271 3468 2498 3538 corpori
2569 3463 2718 3534 quod
2783 3459 3092 3517 divinitatis
3151 3456 3584 3510 instrumentum

2001 3561 2208 3617 factum
2260 3566 2366 3621 est,
2436 3553 2836 3625 suppeditavit,
2890 3552 3038 3607 sicut
3065 3547 3197 3604 olim
3237 3561 3306 3600 ex
3358 3538 3585 3612 propria

2003 3665 2173 3708 carne
2207 3649 2384 3704 solius
2422 3646 2531 3701 viri
2577 3645 2782 3700 mulier
2805 3651 2862 3698 et
2895 3649 3074 3696 mater
3096 3638 3408 3694 viventium
3441 3634 3586 3687 facta

2003 3754 2110 3801 est.

2072 3832 2184 3889 VII.
2217 3831 2370 3885 Vane
2412 3827 2581 3899 igitur
2630 3823 2896 3885 delirant,
2926 3819 3023 3890 qui
3070 3823 3302 3887 propter
3361 3811 3587 3866 modum

2005 3921 2378 3996 generationis
2430 3925 2634 3989 negant
2680 3929 2803 3970 esse
2843 3911 3010 3967 nobis
3062 3902 3584 3962 consubstantiale:

2005 3994 2201 4072 eadem
2232 4014 2382 4069 enim
2415 4011 2631 4066 ratione
2657 4023 2760 4062 nec
2801 4007 2916 4061 Eva
2945 4004 3054 4058 erit
3100 3994 3590 4056 eonsubstantialis

2005 4109 2151 4172 viro,
2177 4115 2273 4163 aut
2304 4105 2354 4160 ei
2387 4102 2484 4174 qui
2522 4118 2590 4158 ex
2615 4109 2854 4169 utroque
2889 4095 3054 4152 simul
3086 4100 3251 4147 natus
3271 4094 3392 4152 est;
3427 4084 3590 4138 ambo

2008 4201 2158 4257 enim
2183 4201 2342 4255 vario
2367 4195 2534 4251 modo
2562 4191 2903 4250 exstiterunt
2931 4207 2946 4243 :
2972 4202 3079 4242 nec
3103 4199 3229 4240 cum
3255 4177 3460 4248 alioqui
3494 4192 3592 4246 po-

2011 4297 2230 4358 tuisset,
2262 4290 2551 4363 proprium
2587 4300 2794 4354 corpus
2839 4279 3065 4337 aliunde
3113 4274 3290 4337 duxit,
3326 4280 3593 4363 quamex

2011 4361 2278 4446 materiai
2298 4384 2510 4440 nostris
2560 4377 2895 4450 corporibus
2954 4372 3202 4441 subjecta
3235 4384 3249 4420 :
3282 4363 3399 4420 Non
3429 4361 3590 4424 enim,

323 4467 574 4523 tudinem
602 4465 1010 4521 inumbratione
1039 4472 1250 4536 tegens.
1276 4463 1580 4534 Oportebat
1601 4464 1749 4518 enim
1779 4480 1904 4519 eum
1941 4452 1982 4506 ί)
2012 4480 2218 4552 ίιημιίιν
2277 4473 2623 4548 apprehendi:
2671 4467 2912 4540 angelos,
2959 4478 3064 4519 nec
3103 4461 3266 4515 aliam
3310 4453 3591 4511 cmlestem

319 4561 420 4632 qui
452 4569 574 4616 erat
601 4559 1032 4629 inaspectabilis,
1064 4558 1152 4614 cui
1179 4558 1529 4628 propositum
1558 4566 1682 4612 erat
1708 4557 1905 4611 venire

321 4655 394 4710 ad
425 4667 521 4710 eos
557 4653 650 4723 qui
678 4652 986 4708 secundum
1023 4666 1248 4708 sensum
1279 4651 1562 4715 vivebant,
1587 4650 1906 4720 aspectabi-

322 4749 435 4802 lem
465 4747 548 4799 eis
573 4745 692 4800 ﬁeri
724 4754 781 4800 et
801 4745 1062 4800 similem.
1085 4742 1455 4809 Quamobrem
1479 4743 1907 4797 instrumentum

323 4841 434 4896 hoc
448 4838 697 4894 divinum
722 4837 827 4893 sibi
850 4837 1127 4912 formavit,
1152 4845 1213 4890 ut
1229 4851 1329 4906 per
1352 4836 1530 4906 ipsum
1551 4833 1704 4890 ﬁeret
1721 4834 1912 4889 visibi-

322 4931 434 4997 lis;
462 4931 684 5002 etquod
721 4937 925 4986 nostra:
968 4937 1180 4984 natura:
1228 4928 1431 4982 divinae
1460 4935 1581 4982 erat
1615 4934 1671 4982 et
1701 4931 1914 4982 naturae

323 5025 543 5081 unitum
565 5023 768 5079 divinis
788 5022 1102 5078 actionibus
1115 5021 1482 5077 ministraret:
1499 5029 1564 5076 ut
1577 5021 1680 5076 hac
1699 5021 1913 5076 ratione

322 5116 584 5172 omnibus
628 5113 720 5184 qui
756 5113 1192 5184 redemptionem
1230 5113 1350 5183 ejus
1382 5111 1797 5181 exspectabant,
1829 5111 1914 5165 di-

324 5215 482 5265 ceret
513 5225 530 5261 :
582 5206 701 5276 Ipse
734 5207 826 5275 qui
877 5203 1161 5276 loquebar,
1194 5202 1382 5257 adsum
1403 5203 1446 5233 ⁸³
1479 5219 1494 5266 ;
1549 5201 1706 5256 adeét
1759 5202 1908 5256 enim

323 5317 458 5358 vere
500 5299 741 5356 Verbum
778 5317 794 5367 ;
823 5307 879 5354 et
905 5297 1158 5369 quamvis
1188 5296 1367 5350 solum
1402 5309 1607 5365 corpus
1638 5294 1908 5360 cernitur,

325 5399 475 5455 Deus
497 5411 662 5452 verus
681 5403 786 5460 est,
813 5402 871 5450 et
892 5394 1191 5448 humanam
1221 5389 1456 5445 formam
1489 5390 1668 5445 oculis
1703 5389 1912 5444 nostris

325 5489 554 5560 subjicit
568 5506 582 5555 ;
609 5496 668 5544 et
692 5497 821 5542 ante
844 5487 1046 5542 saecula
1065 5493 1170 5550 est,
1188 5484 1320 5540 licet
1346 5491 1502 5538 ortus
1523 5485 1645 5554 ejus
1666 5489 1911 5551 tempore

326 5580 510 5637 factus
551 5577 888 5635 describitur
917 5592 986 5633 ex
1031 5589 1232 5647 genere
1274 5573 1552 5629 Abraham
1589 5579 1645 5628 et
1688 5571 1908 5627 David:

399 5755 442 5788 υ
471 5755 628 5814 Joan.
666 5746 856 5827 1,1,3.
947 5753 986 5784 η
1015 5749 1150 5807 ibid.
1185 5750 1264 5804 Li.

2011 4549 2303 4637 virtutem,
2321 4567 2412 4624 sed
2433 4583 2612 4622 semen
2634 4562 2861 4618 Abraha:
2882 4558 2949 4623 η,
2973 4555 3062 4611 cui
3083 4553 3226 4608 facta
3259 4549 3440 4604 fuerat
3464 4557 3595 4614 pro-

2012 4663 2226 4720 missio.
2263 4657 2551 4728 Quomodo
2584 4654 2752 4726 igitur
2786 4651 2942 4706 aiunt
2971 4645 3215 4718 quidam,
3249 4653 3457 4728 corpus,
3478 4645 3592 4728 ter-

2013 4768 2212 4809 renum
2240 4725 2304 4806 et
2336 4750 2394 4804 in
2427 4756 2576 4802 terra
2609 4725 2799 4799 natum
2845 4739 3071 4796 caeleste
3102 4735 3292 4792 fuisse,
3320 4725 3593 4798 siquidem

2014 4840 2337 4916 hujusmodi
2369 4838 2600 4895 materia
2620 4853 2731 4891 non
2750 4843 2836 4890 est
2858 4833 2917 4886 in
2948 4829 3060 4884 illis
3079 4826 3218 4882 locis
3237 4817 3596 4878 caelestibus?

2023 4939 2168 5008 Ergo
2198 4951 2304 4991 nec
2345 4950 2413 4988 ex
2467 4941 2666 4987 natura
2718 4927 2941 4999 propria
2981 4918 3334 4981 immutabili,
3382 4929 3594 5008 nec

2021 5002 2132 5082 ulla
2165 5027 2293 5085 alia,
2350 5023 2460 5078 nisi
2507 5039 2575 5077 ex
2607 5037 2716 5091 qua
2745 5019 2954 5073 dictum
2995 5022 3113 5077 est,
3157 5005 3450 5064 fabricavit
3483 5002 3593 5080 sibi

2018 5134 2240 5190 corpus.
2279 5116 2449 5173 Valde
2480 5114 2628 5169 enim
2660 5113 2928 5166 absonum
2978 5105 3196 5166 fuisset,
3237 5101 3305 5163 si,
3352 5090 3476 5153 cum
3527 5094 3594 5148 ad

2016 5188 2128 5266 nos
2152 5211 2391 5271 veniret,
2427 5206 2671 5260 alienum
2710 5221 2740 5258 a
2775 5203 2937 5258 nobis
2964 5213 3168 5267 corpus
3211 5195 3417 5257 ferret;
3463 5188 3596 5259 quin

2017 5304 2205 5376 potius
2235 5316 2359 5356 cum
2393 5300 2542 5354 Deus
2563 5306 2776 5352 tantum
2810 5303 2959 5350 esset
2992 5309 3058 5348 ex
3080 5292 3241 5346 Patre
3278 5285 3516 5358 genitus,
3540 5289 3600 5336 et

2017 5407 2270 5453 naturam
2295 5395 2419 5465 ejus
2440 5391 2561 5447 sine
2601 5390 2712 5444 ulla
2741 5388 3031 5451 varietate,
3075 5383 3129 5439 id
3161 5391 3266 5448 est,
3307 5396 3365 5436 se
3417 5378 3597 5447 ipsum

2016 5484 2286 5546 haberet,
2351 5493 2558 5548 corpus
2600 5493 2668 5531 ex
2711 5485 2888 5530 matre
2935 5472 3258 5544 assumpsit,
3305 5469 3598 5536 factusque

2008 5581 2102 5646 cst
2122 5572 2174 5628 ei
2199 5567 2693 5626 consubstantialis
2714 5583 2726 5618 :
2749 5563 3111 5636 quamobrem
3138 5561 3444 5619 secundum
3465 5557 3592 5613 ima-

1348 5749 1388 5782 ’³
1441 5749 1542 5805 lsa.
1583 5763 1675 5815 ut,
1699 5747 1752 5804 6.
1829 5747 1872 5781 "
1907 5747 1926 5803 I
1961 5746 2093 5804 Cor.
2114 5763 2207 5816 vn,
2236 5745 2328 5801 5i.
2403 5745 2446 5778 ¹⁸
2483 5740 2653 5801 llebr.
2687 5758 2750 5819 ιιΙ
