3914 6304
430 269 571 335 1339

1559 276 1622 335 S.
1660 276 2066 337 ANASTASII
2109 275 2579 337 ANTIOCHENI

3585 261 3738 326 1340

431 385 616 456 ginem
641 384 902 455 superius
927 385 1290 456 propositam,
1327 399 1392 440 ex
1431 394 1668 454 utraque
1702 385 2016 442 substantia
2048 391 2091 446 Α
2121 388 2511 444 conﬁteantur.
2545 389 2658 444 Nos
2676 402 2812 442 vero
2843 391 3161 456 spectantes
3187 379 3461 436 unionem
3491 391 3744 435 natura-

436 493 584 533 unus
615 476 875 533 Christus
894 478 1153 546 apparuit
1187 477 1370 541 nobis,
1402 477 1549 531 idem
1575 478 1722 533 Deus
1753 480 2016 534 ethomo.

2123 497 2242 535 rum
2273 481 2583 537 secundum
2608 477 2949 551 bypostasim
2988 474 3222 536 Christi,
3257 472 3353 541 qui
3390 487 3509 525 non
3543 471 3740 551 solum

507 571 645 626 Vlll.
677 571 746 626 Et
776 571 882 626 hoc
905 571 1062 625 estin
1087 570 1194 629 hoc
1215 571 1480 642 mysterio
1501 571 1849 635 admirabile,
1869 573 2019 642 quod
2119 588 2188 628 ex
2215 573 2329 627 Deo
2357 582 2414 628 et
2441 547 2667 630 homine
2684 547 2941 633 constat,
2973 565 3071 622 sed
3109 565 3254 621 idem
3291 565 3447 619 Deus
3467 571 3530 617 et
3551 547 3744 616 homo

440 673 743 732 utrumque
769 677 965 716 eorum
995 677 1118 732 qua:
1151 661 1430 726 coierunt,
1486 663 1886 732 proprietatem
1921 673 2023 718 na-
2121 674 2228 725 est,
2253 664 2422 719 salvis
2450 661 2780 718 substantiis
2816 660 2872 713 in
2919 659 3151 721 unione,
3185 668 3316 725 quae
3350 669 3456 722 per
3496 667 3746 720 compo-

443 753 678 808 turalem
716 759 902 806 servat
931 751 1164 821 perinde
1197 767 1261 806 ac
1295 751 1342 805 si
1371 767 1474 822 per
1507 767 1566 807 se
1590 753 1768 808 solum
1791 755 2026 810 exsiste-

445 847 552 901 ret,
601 854 716 894 non
749 837 894 893 facta
928 839 1158 894 alterius
1207 855 1336 894 cum
1386 840 1563 896 altero
1607 841 1848 907 unione,
1897 856 2025 896 cum

445 928 656 998 alioqui
712 943 821 982 una
867 929 942 983 sit
997 928 1330 998 hypostasis.
1385 929 1644 988 Christus
1709 931 1882 1002 igitur
1940 940 2030 986 est

357 1039 362 1042 ·
447 1018 598 1090 quod
633 1034 702 1074 ex
748 1019 952 1074 unione
1001 1019 1200 1074 harum
1253 1029 1582 1076 naturarum
1617 1022 1874 1088 exsistit,
1917 1035 2030 1077 non

448 1111 741 1176 habitudo,
772 1112 869 1167 sed
890 1112 946 1167 id
986 1113 1164 1183 ipsum
1191 1113 1341 1182 quod
1364 1128 1432 1168 ex
1448 1114 1536 1170 his
1555 1114 1886 1171 substantiis
1900 1130 2033 1169 con-

451 1213 599 1270 stat;
632 1205 744 1259 imo
802 1204 936 1274 ipsae
977 1197 1325 1270 substantiae,
1355 1214 1551 1260 etnon
1589 1206 1780 1261 divina
1823 1205 2035 1276 absque

453 1294 717 1359 humana,
747 1310 930 1364 neque
961 1309 1158 1349 rursus
1185 1294 1430 1349 humana
1457 1295 1670 1364 absque
1695 1293 1907 1360 divina,
1935 1293 2034 1348 sed

455 1387 749 1455 utriusque
782 1385 1174 1455 inseparabilis
1206 1385 1338 1440 unio
1386 1400 1595 1455 :quam
1639 1401 1753 1442 non
1797 1385 2037 1441 dicimus

456 1477 657 1532 factam
679 1493 801 1532 esse
821 1477 891 1532 ad
923 1467 1290 1532 imitationem
1321 1477 1686 1546 liquidorum,
1716 1493 1840 1546 quas
1888 1478 2038 1533 inter

459 1583 520 1622 se
552 1567 716 1622 mista
756 1568 812 1622 in
845 1567 998 1622 aliud
1036 1567 1168 1637 quid
1200 1576 1510 1633 mutantur,
1543 1567 1640 1623 sed
1677 1568 1745 1623 ad
1779 1567 2042 1623 similitu-

459 1643 649 1714 dinem
699 1658 1040 1728 propositam
1073 1657 1270 1730 anima:
1316 1667 1372 1713 et
1403 1659 1675 1729 corporis,
1723 1675 1791 1714 ex
1834 1659 2040 1730 quibus

2125 757 2381 811 sitionem
2414 749 2780 824 compositam
2831 749 3170 823 bypostasim
3217 759 3387 817 quam
3432 744 3742 798 Christum

2127 860 2412 910 vocamus,
2455 842 2721 898 reddunt.

2200 937 2272 992 Χ.
2325 936 2539 992 Idcirco
2593 933 2773 992 sancti
2806 933 3000 988 Patres
3029 930 3098 985 de
3132 919 3360 983 Chrl’sto
3389 941 3510 980 non
3552 924 3742 978 solum

2131 1036 2392 1096 tanquam
2421 1041 2490 1081 ex
2519 1027 2632 1081 Deo
2662 1033 2718 1081 et
2755 1023 3002 1086 homine,
3035 1034 3138 1074 nec
3172 1034 3240 1074 ex
3263 1016 3491 1070 duabus
3516 1015 3742 1071 naturis

2133 1128 2395 1188 tanquam
2423 1135 2492 1174 ex
2520 1116 2816 1188 principiis
2843 1115 3176 1184 loquuntur,
3207 1109 3306 1166 sed
3343 1118 3619 1177 tanquam
3670 1106 3738 1162 de

2132 1211 2246 1265 Deo
2271 1218 2329 1264 et
2359 1210 2610 1273 homine,
2640 1216 2698 1262 et
2724 1207 2792 1260 de
2817 1205 3038 1260 duabus
3078 1202 3329 1266 naturis;
3360 1209 3425 1253 ut
3453 1197 3742 1252 fallaciam

2131 1297 2457 1370 longissime
2520 1297 2802 1367 relegem,
2851 1304 2906 1349 et
2954 1294 3244 1348 veritatem
3303 1290 3478 1359 plane
3538 1285 3744 1356 prandi-

2135 1397 2296 1447 cent:
2323 1389 2476 1459 atqui
2492 1387 2730 1457 simplex
2749 1386 2778 1413 “
2802 1394 2858 1440 et
2882 1392 3024 1438 recta
3052 1391 3173 1437 erat
3204 1378 3546 1460 praedicatio
3563 1377 3736 1446 pieta-

2138 1483 2230 1546 tis,
2267 1481 2374 1536 nisi
2406 1480 2655 1550 plerique
2698 1477 2854 1533 varie
2890 1477 3074 1532 conati
3109 1472 3349 1529 fuissent
3387 1467 3521 1526 eam
3555 1469 3742 1524 verbis

2137 1574 2428 1631 fallacibus
2453 1571 2775 1642 depravare.
2795 1568 3168 1636 Quamobrem
3210 1580 3282 1620 ne
3311 1565 3412 1635 qui
3431 1564 3494 1618 in
3524 1561 3745 1630 simpli-

2141 1665 2308 1720 citate
2335 1662 2531 1717 animae
2568 1659 2982 1730 ingrediuntur,
3015 1656 3247 1712 istorum
3268 1653 3497 1723 laqueis
3537 1651 3746 1704 indicta

461 1749 669 1804 animal
701 1749 937 1803 rationis
981 1750 1282 1819 particeps,
1316 1749 1504 1815 homo,
1538 1750 1939 1817 constituitur;
1974 1766 2042 1806 ex
2073 1735 2115 1791 Β
2145 1769 2310 1810 causa
2366 1759 2702 1821 caperentur
2726 1790 2739 1813 ,
2796 1747 3035 1803 diversis
3091 1745 3450 1814 temporibus
3501 1742 3747 1812 Spiritus

463 1837 830 1906 intelligente,
861 1836 1109 1906 inquam,
1150 1845 1208 1892 et
1241 1838 1430 1903 sen_sili
1459 1839 1773 1910 intelligens
1800 1841 1962 1895 simul
1985 1849 2046 1896 et

464 1928 688 1983 sensile.
751 1927 844 1983 Sic
882 1927 976 1981 hic
1008 1935 1194 1998 potest
1251 1929 1376 1997 quis
1427 1929 1670 1984 tenuiter
1718 1931 2045 2002 mysterium

465 2019 833 2088 contemplari
861 2036 875 2072 :
910 2019 1074 2073 ambo
1107 2020 1258 2074 enim
1293 2019 1457 2074 simul
1488 2027 1694 2076 coeunt
1711 2020 1961 2076 divinum
1991 2028 2049 2076 et

465 2109 770 2165 humanum
809 2128 823 2164 :
860 2124 917 2166 et
948 2111 1096 2181 quod
1129 2127 1197 2168 ex
1230 2112 1336 2166 hac
1363 2111 1772 2182 compositione
1807 2117 2045 2176 constat,

467 2203 609 2257 nihil
655 2202 804 2256 aliud
839 2211 926 2258 est
976 2219 1142 2272 quam
1200 2213 1414 2268 naturae
1446 2205 1658 2258 unita}:
1693 2218 1849 2272 aeque
1898 2203 2050 2257 enim

467 2294 614 2349 Deus
640 2303 696 2348 et
719 2294 907 2360 homo,
935 2294 1216 2360 Christus,
1247 2293 1344 2364 qui
1375 2311 1442 2349 ex
1475 2296 1646 2350 unitis
1666 2295 1829 2349 modo
1863 2294 2055 2348 ineﬁ'a-

471 2386 570 2440 bili
601 2387 861 2456 apparuit
897 2387 1129 2451 mundo,
1165 2387 1384 2442 mortali
1411 2403 1642 2456 corpore
1671 2387 1737 2441 ad
1761 2385 2053 2441 delendam

470 2488 705 2532 mortem
744 2485 907 2532 utens
951 2479 1148 2549 :quod
1206 2488 1293 2534 est
1335 2477 1683 2532 admirabile.
1737 2477 1837 2533 Est
1885 2478 2056 2548 igitur

470 2586 599 2623 vere
631 2571 780 2625 Deus
805 2571 969 2625 simul
999 2580 1056 2626 et
1083 2572 1268 2636 homo,
1303 2571 1732 2640 Christuszquae
1760 2568 2057 2640 appellatio

471 2678 603 2716 vera
638 2677 758 2717 esse
802 2680 914 2717 non
947 2672 1151 2732 potest,
1187 2663 1293 2718 nisi
1333 2663 1444 2716 sint
1478 2662 1712 2720 diversae
1746 2669 1960 2717 natura:
2002 2661 2056 2715 ei

467 2753 758 2822 subjectae.
787 2754 1080 2808 Tribuitur
1118 2765 1304 2808 autem
1350 2769 1494 2822 saepe
1542 2753 1845 2822 separatim
1898 2753 1970 2806 iis
1991 2767 2062 2808 ex

472 2845 681 2916 quibus
709 2854 948 2912 constat,
982 2860 1095 2899 non
1130 2845 1355 2915 quidem
1390 2843 1541 2913 quod
1571 2844 1678 2897 hoc
1721 2844 1899 2897 solum
1946 2841 2056 2910 sit;

428 2943 432 2948 '
474 2950 587 2990 non
618 2934 767 2990 enim
795 2933 914 2989 ﬁeri
938 2943 1140 3005 potest,
1177 2943 1236 2988 ut
1258 2933 1492 2988 alterum
1523 2947 1592 2986 ex
1624 2930 1795 2985 unitis
1813 2941 2062 2986 contem-

475 3028 714 3097 plemur,
748 3026 859 3081 nisi
898 3027 1015 3080 sola
1050 3025 1386 3098 cogitatione
1423 3022 1626 3078 mentis
1665 3022 2053 3087 diseernentis,
2085 3065 2127 3121 ο

475 3127 758 3188 quatenus
778 3117 1188 3189 cognoscimus,
1216 3113 1350 3185 quid
1367 3123 1451 3169 est
1475 3113 1746 3176 divinum,
1777 3110 1925 3182 quod
1946 3126 2059 3166 non

476 3217 564 3266 est
599 3190 940 3275 humanum;
979 3207 1111 3278 quid
1165 3221 1363 3261 rursus
1403 3207 1730 3269 humanum,
1761 3202 1912 3274 quod
1943 3218 2055 3258 non

478 3312 564 3358 est
621 3301 876 3354 divinum
929 3317 944 3352 :
993 3299 1038 3354 si
1094 3298 1243 3353 enim
1299 3297 1599 3380 aliquando
1649 3296 1750 3350 has
1804 3294 2060 3350 notiones

479 3400 664 3449 mente
696 3391 1102 3462 exprimemus,
1160 3389 1412 3444 volentes
1435 3387 1747 3457 signiﬁcare
1785 3387 2062 3457 subiectas

480 3483 837 3546 substantias,
865 3491 922 3537 et
947 3497 1136 3537 earum
1166 3481 1310 3534 inter
1335 3496 1392 3534 se
1432 3479 1836 3542 diversitatem,
1874 3478 2061 3533 statim

481 3576 806 3646 copulamus
833 3583 992 3638 actu;
1028 3589 1220 3628 rursus
1267 3573 1530 3628 unientes
1585 3572 1910 3641 priusquam
1940 3570 2060 3624 dis-

477 3669 802 3740 jungamus,
835 3676 1233 3736 cognoscentes
1272 3679 1446 3718 unum
1492 3662 1778 3719 Christum
1828 3677 1951 3717 esse
1995 3676 2064 3716 ex

483 3759 720 3814 diversis
749 3757 960 3813 daturis
987 3765 1358 3814 constantem.
1717 3807 1719 3809 ,

554 3845 646 3907 IX.
666 3850 782 3906 Etsi
802 3850 950 3906 enim
980 3849 1362 3904 suntdiversaa
1389 3855 1601 3904 natura:
1622 3861 1691 3902 ex
1715 3845 1920 3916 quibus
1945 3845 2065 3899 uni-

487 3953 578 3999 tus
619 3951 704 3998 est
757 3942 826 3997 ad
878 3941 1385 3996 manifestationem
1423 3938 1695 4010 mysterii,
1737 3955 1846 3993 una
1881 3947 2066 3992 tamen

482 4045 572 4091 est
596 4035 910 4106 bypostasis
941 4053 953 4089 :
985 4035 1174 4090 eadem
1205 4033 1356 4088 enim
1401 4031 1724 4103 proprietas
1751 4030 2065 4100 hypostasis

488 4130 712 4192 mansit,
751 4127 890 4182 Filio
919 4128 1086 4181 etiam
1120 4126 1428 4180 incarnato.
1464 4124 1644 4180 Filius
1689 4123 1839 4178 enim
1875 4138 2068 4178 rursus

485 4226 576 4273 est
595 4218 762 4273 etiam
795 4216 1100 4271 secundum
1128 4229 1352 4269 carnem
1385 4231 1398 4267 :
1431 4228 1604 4283 quare
1629 4221 1827 4266 natura
1843 4211 2067 4281 quidem

485 4311 758 4366 diﬂ‘erunt
791 4323 1079 4364 assumens
1127 4317 1184 4362 et
1234 4316 1548 4377 assumpta;
1595 4305 1883 4376 hypostasi
1935 4320 2069 4360 vero

2147 1852 2372 1900 sanctus
2420 1851 2636 1896 mentes
2694 1837 3300 1894 sanctorum-adventu
3359 1851 3467 1888 suo
3514 1833 3743 1895 docuit,

2147 1935 2410 2006 deditque
2439 1932 2547 1989 illis
2581 1947 2895 1987 sermonem
2923 1929 2990 1984 ad
3022 1926 3564 1988 contradicendum,
3601 1935 3659 1978 et
3682 1922 3746 1977 ad

2149 2027 2461 2082 tendiculas
2503 2025 2843 2080 fallaciarum
2893 2029 3089 2076 contra
3118 2019 3416 2074 veritatem
3466 2017 3748 2072 violentas

2149 2117 2566 2188 effugiendum,
2623 2115 2718 2185 qui
2778 2113 2943 2168 nobis
3001 2111 3352 2166 tradiderunt
3401 2099 3750 2164 thesaurum

2151 2224 2411 2280 magnum
2435 2249 2449 2274 ,
2482 2225 2546 2263 ac
2575 2206 2853 2277 praecipue
2870 2203 3106 2274 quidem
3159 2202 3214 2255 in
3249 2201 3404 2256 vasis
3430 2200 3745 2255 ﬁctilibus:

2153 2302 2260 2357 hoc
2285 2299 2435 2356 enim
2484 2298 2720 2354 decebat
2767 2297 2958 2352 divina
2998 2295 3257 2365 dogmata
3285 2302 3342 2347 et
3375 2293 3701 2348 doctrinam
3733 2310 3745 2343 :

2153 2391 2284 2461 quia
2317 2389 2710 2466 conveniebat,
2741 2393 2804 2442 ut
2836 2377 3056 2456 semper
3088 2399 3216 2439 vasa
3252 2383 3664 2455 frangerentur
3699 2384 3749 2437 in

2155 2483 2361 2553 quibus
2388 2496 2620 2551 magnus
2652 2480 2947 2536 thesaurus
2997 2475 3323 2532 reconditus
3355 2483 3467 2540 est,
3523 2485 3749 2545 propter

2159 2574 2496 2630 inﬁrmiores
2521 2571 2678 2627 dedit
2703 2569 3164 2640 praedicatoribus
3184 2567 3447 2622 veritatis
3484 2569 3604 2623 vim
3631 2584 3748 2622 ver-

2159 2665 2355 2720 borum
2379 2662 2447 2717 ad
2482 2658 2856 2717 resistendum
2889 2656 3438 2724 contradicentibus,
3467 2666 3534 2712 et
3570 2657 3639 2710 ad
3673 2657 3751 2726 ia-

2160 2756 2285 2812 cula
2325 2754 2772 2809 adversariorum
2835 2760 3044 2806 temere
3096 2750 3302 2805 emissa
3339 2748 3752 2822 propulsanda.

2162 2846 2349 2912 Quare
2385 2843 2637 2900 Verbum
2672 2842 2930 2898 veritatis
2975 2857 3088 2896 non
3136 2841 3391 2895 vincitur
3433 2838 3749 2897 mendacio,

2165 2936 2261 2991 sed
2285 2935 2473 3006 potius
2498 2934 2771 2990 fallaciam
2803 2932 3080 2988 mendacii
3124 2931 3441 3001 redarguit.
3471 2930 3550 2984 Et
3576 2930 3752 2999 ipsum

2164 3028 2316 3082 omni
2349 3043 2416 3082 eo
2446 3025 2596 3097 quod
2630 3025 2874 3080 alienum
2904 3034 3010 3086 est,
3035 3024 3286 3093 exploso,
3311 3032 3531 3085 manet,
3580 3031 3756 3090 neque

2165 3119 2482 3188 deponitur,
2527 3131 2710 3185 neque
2759 3114 3173 3171 circumfertur.
3214 3115 3439 3170 Idcirco
3488 3113 3757 3170 Christum

2168 3213 2264 3266 Dei
2297 3213 2545 3266 uirtutem
2575 3219 2624 3264 et
2649 3209 2744 3264 Dei
2774 3209 3151 3280 sapientiam“
3203 3223 3328 3264 esse
3352 3207 3552 3268 docet,
3588 3221 3757 3260 unum

2166 3319 2234 3359 ex
2259 3301 2403 3356 cueIo
2427 3310 2485 3355 et
2505 3313 2574 3354 ex
2613 3307 2762 3354 terra
2791 3299 2963 3354 Deum
2985 3308 3043 3353 et
3067 3299 3216 3354 servi
3247 3298 3395 3353 form
3412 3315 3434 3352 ι
3472 3296 3755 3361 indutum,

2169 3405 2230 3450 ut
2253 3397 2452 3450 lateret
2493 3395 2640 3466 Deus
2682 3393 2996 3463 principem
3047 3392 3238 3447 saeculi
3280 3391 3455 3461 hujus
3484 3404 3622 3443 cum
3653 3404 3758 3458 quo

2167 3498 2288 3544 erat
2332 3488 2384 3543 ei
2433 3497 2739 3550 certamen,
2778 3495 2836 3541 et
2876 3500 2990 3541 non
3035 3485 3328 3556 defugeret
3356 3483 3602 3545 luctum,
3645 3491 3760 3534 tan-

2168 3596 2333 3650 quam
2379 3596 2492 3634 non
2530 3596 2655 3635 cum
2684 3580 2796 3634 Deo
2823 3585 3174 3641 certaturus;
3201 3575 3444 3629 fortasse
3471 3587 3617 3628 vero
3637 3612 3651 3634 ,
3701 3583 3759 3624 ut

2170 3686 2270 3741 per
2305 3670 2486 3725 simile
2523 3677 2775 3726 servaret
2819 3667 3024 3724 simile.
3055 3667 3179 3721 Non
3214 3664 3435 3720 ferebat
3464 3664 3642 3734 igitur
3665 3662 3763 3716 ali-

2171 3766 2302 3837 quid
2355 3774 2649 3821 externum
2697 3773 2756 3820 et
2805 3763 3310 3830 alienum-prater
3347 3759 3408 3813 id
3455 3759 3612 3828 quod
3663 3773 3765 3811 nos

2172 3873 2384 3920 sumus,
2411 3857 2508 3912 sed
2543 3865 2715 3911 totam
2761 3864 3008 3910 nostram
3051 3868 3292 3908 massam
3336 3853 3394 3908 in
3428 3865 3545 3906 uno
3571 3851 3766 3905 relicto

2167 3952 2336 4007 nobis
2373 3951 2587 4007 semine
2637 3948 2958 4018 assumpsit,
3008 3947 3188 4002 factus
3236 3947 3504 4017 primitiae
3557 3954 3767 4000 natura

2173 4053 2398 4104 nostrae.
2432 4041 2546 4096 Hac
2575 4051 2762 4096 autem
2787 4040 3006 4094 ratione
3030 4037 3240 4094 dicitur
3261 4038 3609 4108 primum".

2245 4135 2338 4190 XI.
2384 4134 2602 4190 Etenim
2631 4133 2763 4204 quia
2790 4141 2971 4188 totum
3012 4131 3165 4202 quod
3189 4131 3488 4192 ceciderat,
3522 4129 3767 4185 excitare

2174 4226 2521 4299 prepositum
2550 4234 2670 4282 erat
2691 4225 2778 4291 ei,
2811 4225 3094 4280 ceciderat
3117 4234 3303 4278 autem
3334 4232 3517 4276 totum
3556 4235 3764 4292 genus;

2177 4332 2235 4370 se
2253 4326 2429 4371 totum
2462 4315 2560 4370 toti
2585 4313 2716 4370 Adm
2746 4313 3074 4377 immiscuit,
3104 4313 3218 4367 vita
3250 4320 3498 4374 mortuo,
3532 4320 3598 4364 ut
3639 4325 3766 4365 eum

492 4405 742 4458 minime.
784 4403 877 4459 Sic
907 4403 1175 4466 dicimus,
1234 4415 1400 4455 unam
1447 4414 1567 4455 esse
1603 4399 1938 4469 bypostasim
1975 4413 2072 4452 na-
2107 4415 2148 4468 υ
2179 4414 2447 4472 servaret,
2487 4405 2543 4459 in
2581 4421 2708 4460 cum
2738 4413 2914 4459 ιοωιη
2955 4415 3256 4474 penetrans
3284 4403 3373 4457 cui
3404 4402 3607 4456 unitas
3626 4410 3765 4462 εηι,

494 4508 618 4550 tura
649 4495 1047 4556 diﬁ‘erentium,
1094 4493 1356 4547 omnibus
1406 4492 1680 4563 theologis
1720 4500 1776 4545 et
1809 4491 2072 4546 Ecclesiae

489 4587 816 4641 doctoribus
861 4584 1324 4655 approbantibus,
1360 4584 1454 4653 qui
1486 4583 1744 4638 eumdem
1794 4582 2072 4637 afﬁrmant

487 4693 616 4734 esse
638 4679 811 4732 Deum
840 4685 896 4732 et
921 4676 1221 4730 hominem.
1260 4675 1354 4730 llae
1385 4673 1532 4728 enim
1563 4683 1696 4729 sunt
1727 4681 1963 4738 naturzu,
1997 4688 2070 4728 ex

492 4773 703 4842 quibus
721 4771 1068 4841 compositus
1087 4779 1172 4824 est
1197 4787 1208 4822 :
1242 4777 1470 4823 naturas
1498 4783 1631 4822 vero
1663 4783 1813 4821 nunc
1839 4766 2080 4820 dicimus

493 4881 608 4918 non
639 4863 933 4933 principia,
984 4871 1046 4917 ut
1078 4861 1304 4931 quidam
1333 4860 1546 4924 dicunt,
1578 4859 1674 4926 qui
1725 4857 2077 4928 simpliciori-

497 4955 602 5010 bus
639 4955 871 5009 insidias
897 4962 1114 5024 ponunt
1156 4953 1224 5007 ad
1254 4950 1671 5021 decipiendum,
1701 4949 1952 5004 dicentes
1974 4965 2076 5004 na-

499 5059 653 5102 turas
681 5063 747 5103 ex
768 5047 971 5117 quibus
1000 5046 1144 5102 facta
1173 5053 1257 5101 est
1290 5045 1445 5110 unio,
1469 5057 1590 5098 esse
1623 5044 1795 5097 Deum
1829 5042 2076 5106 Patrem,

497 5139 859 5210 rtVirginem
885 5147 1140 5202 matrem,
1170 5138 1264 5207 qui
1290 5146 1436 5192 tecte
1456 5144 1514 5191 et
1541 5135 1856 5189 inumbrate
1889 5133 2084 5190 dicunt

500 5228 660 5294 illud,
693 5244 756 5281 ex
788 5228 996 5299 quibus,
1038 5237 1102 5282 ut
1137 5227 1275 5282 nihil
1323 5225 1726 5295 assumptionis
1776 5224 1830 5278 in
1860 5222 2086 5277 Christo

2169 4495 2312 4549 sicut
2334 4495 2518 4549 anima
2541 4494 2724 4566 magni
2760 4495 3036 4565 corporis,
3067 4501 3248 4548 totum
3281 4492 3562 4554 animans,
3587 4502 3646 4546 et
3669 4493 3766 4545 toti

2172 4587 2344 4642 vitam
2393 4587 2718 4656 impartiens
2748 4587 3052 4641 sensiliter.
3082 4585 3177 4640 Sic
3207 4586 3416 4640 dicitur
3444 4600 3632 4654 genus
3663 4585 3768 4638 hu-

2173 4696 2397 4735 manum
2418 4679 2461 4712 ¹⁸
2493 4693 2684 4750 corpus
2709 4678 2928 4746 Christi,
2960 4688 3011 4732 et
3041 4679 3280 4733 membra
3307 4694 3369 4732 ea
3395 4687 3556 4748 parte
3574 4689 3624 4743 ν,
3650 4688 3756 4732 tan-

2175 4784 2340 4839 quam
2381 4783 2482 4838 per
2526 4783 2720 4824 omnes
2745 4769 3120 4824 communiter
3144 4767 3516 4837 permeantis,
3561 4778 3621 4823 et
3647 4777 3767 4821 tan-

2180 4872 2345 4926 quam
2369 4857 2424 4910 in
2448 4870 2782 4926 unoquoque
2808 4853 3117 4910 habitantis
3139 4854 3438 4924 separatim
3457 4855 3769 4910 secundum

2185 4963 2501 5004 mensuram
2540 4945 2690 5002 ﬁdei.
2731 4945 2980 5000 Membra
3018 4945 3167 4999 enim
3193 4943 3481 5014 prOprium
3527 4945 3666 5014 quid
3697 4947 3772 4999 si-

2187 5039 2473 5110 gniﬁcant,
2497 5045 2774 5107 quatenus
2804 5036 3179 5104 membrorum
3197 5034 3495 5104 dignitates
3513 5033 3774 5089 ὤσει-θη-

2192 5138 2277 5183 tes
2331 5135 2495 5184 sunt:
2542 5127 2743 5184 horum
2793 5127 2942 5182 enim
2975 5125 3081 5180 alia
3135 5133 3266 5180 sunt
3313 5125 3633 5189 honorata;
3677 5135 3774 5177 am

2194 5220 2435 5284 inﬁrma,
2453 5219 2559 5274 alia
2584 5234 2716 5278 vero
2743 5219 3008 5285 honesta;
3030 5217 3156 5272 aliis
3182 5226 3370 5273 autem
3394 5217 3576 5288 major
3605 5219 3778 5274 honor

577 5366 657 5421 "l
686 5366 813 5422 Cor.
839 5383 877 5432 ι,
911 5367 1000 5422 24.
1080 5366 1123 5397 ⁸⁷
1151 5365 1172 5418 I
1205 5363 1334 5419 Cor.
1369 5380 1457 5428 xv,
1486 5362 1575 5428 20,
1609 5361 1698 5416 93.
1780 5361 1822 5392 ’⁸
1856 5360 1873 5413 I
1904 5358 2033 5414 Cor.
2069 5375 2163 5423 ιιι,
2198 5357 2286 5410 27.

963 5461 966 5464 .
1790 5498 2024 5556 VARIAS
2063 5494 2466 5553 LECTIONES.

583 5619 606 5645 ’³
647 5623 882 5695 Simplex
908 5634 1014 5677 (τις.
1051 5625 1330 5677 ἀποίκι).ον
1362 5627 1459 5695 τῆς
1489 5625 1773 5688 εὐσεϐείας
1807 5623 2090 5694 κήρυγμα.

513 5694 578 5746 At
619 5694 771 5762 'v'ulg.
814 5695 1042 5748 membra
1077 5695 1136 5750 de.
1162 5697 1408 5750 membro.

2170 5629 2193 5657 ν
2221 5617 2463 5673 Membra
2494 5630 2560 5672 ea:
2587 5626 2760 5688 parte.
2793 5617 2952 5671 Juxta
2979 5613 3250 5679 Graecum,
3281 5611 3429 5683 μέλη
3468 5613 3535 5665 ἐκ
3571 5614 3784 5685 μέρους.
