4054 6312
249 344 386 409 1341

1204 345 1486 411 ORATIO
1523 348 1640 412 IlI.
1679 375 1749 386 —
1783 350 2518 419 DEJNCARNATIONE.

3336 355 3497 422 ’1312

240 457 550 513 adhibetur
583 475 596 510 :
630 463 798 526 atque
824 457 942 512 hac
965 471 1078 512 non
1113 457 1184 514 de
1205 460 1601 516 communitate
1629 475 1825 531 corpo-
1852 462 1896 516 A
1928 461 2191 528 ticulare;
2225 472 2284 518 et
2310 462 2356 518 si
2377 471 2529 518 retro
2548 468 2840 528 commeat,
2863 461 2919 518 id
2941 469 3048 528 est,
3075 460 3223 532 quod
3253 464 3498 533 particu-

241 553 329 607 ris
359 551 747 622 praedicantur.
784 549 965 616 Quare
989 565 1116 606 cum
1137 551 1435 621 Apostolus
1455 552 1594 607 dixit
1608 569 1818 623 corpus,

237 654 307 699 et
331 643 565 698 membra
590 643 916 707 nominavit,
932 641 1121 697 docuit
1136 642 1360 698 differre
1380 658 1552 713 genus
1577 659 1608 698 a
1626 650 1818 710 parte:

239 742 306 790 ct
355 748 482 790 eum
533 749 646 788 non
691 748 867 804 genus
915 732 1121 789 Christi
1163 734 1436 799 vocavit,
1473 733 1819 804 signiﬁcavit,

240 819 660 881 communitati.
683 817 1008 880 substantia
1053 832 1259 881 nostra
1284 825 1500 881 unitum
1530 841 1681 890 esse,
1707 841 1822 881 non

240 919 439 972 autem‘
500 917 820 987 particulari
875 917 1187 989 hypostasi;
1251 918 1458 988 alioqui
1511 917 1822 976 membrum

240 1013 392 1082 cjus,
416 1024 529 1064 non
572 1009 840 1076 membra,
880 1025 1061 1080 neque
1099 1025 1304 1082 corpus
1325 1025 1448 1066 esse
1485 1011 1819 1066 diceremur.

325 1102 441 1159 Xll.
475 1104 774 1173 Postquam
805 1118 938 1159 vero
983 1105 1154 1160 semel
1180 1104 1369 1172 voluit
1401 1104 1644 1161 Verbum
1700 1103 1820 1160 fieri

243 1193 442 1259 homo,
466 1201 523 1249 et
540 1208 644 1248 nos
668 1200 816 1248 totos
834 1193 1220 1248 indumentum
1249 1203 1410 1249 suum
1441 1193 1658 1259 facere;
1695 1207 1820 1248 cum

247 1294 556 1354 utrumque
579 1284 673 1347 sit,
711 1285 948 1339 alterum
979 1283 1219 1351 dicitur;
1243 1294 1302 1341 et
1327 1299 1452 1340 cum
1475 1285 1712 1340 alterum
1734 1283 1823 1338 di-

245 1377 420 1441 citur,
442 1374 740 1447 utrumque
777 1387 884 1442 est,
912 1391 1024 1432 non
1051 1377 1374 1433 nominibus
1407 1377 1777 1432 commutatus
1805 1391 1818 1430 :

245 1483 359 1522 nec
401 1470 550 1523 enim
579 1469 698 1524 hac
731 1485 832 1540 per
859 1469 1185 1526 abusionem
1234 1469 1531 1536 dicuntur;
1574 1469 1674 1530 sed
1693 1484 1821 1523 cum

247 1569 552 1630 utrumque
578 1561 670 1626 sit,
692 1560 1009 1617 nominatur
1027 1562 1359 1633 separatim:
1393 1577 1521 1618 eum
1546 1563 1694 1616 enim
1719 1576 1822 1616 no-

244 1653 528 1708 minamus
542 1653 737 1718 Deum,
759 1669 870 1708 non
897 1656 1136 1725 aliquem
1158 1657 1359 1722 Deum;
1385 1656 1640 1710 eumdem
1655 1655 1822 1711 etiam

248 1743 608 1800 nominamus
639 1743 916 1800 hominem
940 1786 954 1811 ,
983 1761 1093 1801 non
1128 1747 1368 1817 aliquem
1397 1747 1696 1801 hominem.
1726 1746 1824 1802 Est

251 1842 443 1889 autem
471 1835 617 1889 Deus
641 1834 804 1890 simul
833 1845 889 1890 et
918 1836 1083 1891 homo
1115 1851 1214 1906 per
1234 1838 1459 1890 nomina
1482 1836 1823 1906 generaliora

252 1923 611 1990 declaratum,
629 1941 696 1981 ex
716 1927 920 1994 quibus
943 1936 1192 1992 constat;
1223 1927 1436 1983 scilicet
1468 1941 1578 1982 non
1598 1942 1663 1982 ex
1696 1942 1823 1996 par-

255 2014 585 2070 ticularibus
610 2015 1265 2086 hypostasibus-constat,
1315 2016 1413 2072 sed
1447 2031 1516 2070 ex
1544 2015 1820 2086 generali-

255 2104 364 2161 bus
425 2106 798 2163 substantiis.-
832 2107 1104 2164 Existimo
1179 2108 1326 2161 enim
1381 2121 1560 2177 neque
1607 2115 1820 2176 partem

252 2197 580 2255 substantia
599 2213 721 2254 esse
752 2200 942 2255 :aiunt
968 2200 1114 2254 enim
1137 2197 1232 2268 qui
1266 2196 1429 2254 iubis
1451 2211 1510 2253 se
1539 2204 1819 2264 exercent,

255 2296 444 2358 partes
488 2288 926 2343 substantiarum
959 2287 1300 2344 substantias
1342 2301 1483 2342 esse.
1519 2287 1604 2340 An
1651 2287 1821 2357 igitur

255 2392 387 2449 pars
408 2379 732 2434 substantia
748 2379 1081 2449 reperietur,
1109 2393 1232 2449 qua
1259 2378 1530 2433 rationem
1563 2378 1822 2433 substans

253 2471 346 2523 tia
381 2485 492 2524 non
536 2470 758 2539 recipit,
808 2477 870 2524 ut
899 2469 1266 2524 substantiam
1297 2468 1685 2538 particularem
1719 2483 1824 2522 no-

249 2559 572 2615 minemus?
599 2561 697 2615 Sin
736 2571 918 2616 autem
949 2575 1115 2631 quam
1161 2569 1362 2616 vocant
1394 2569 1608 2631 partem
1652 2567 1822 2615 totam

252 2651 524 2706 rationem
557 2652 801 2722 recipit,
845 2661 1021 2708 totum
1046 2653 1173 2716 erit,
1204 2667 1313 2708 non
1333 2667 1462 2722 pars
1500 2669 1515 2706 :
1541 2667 1646 2706 nec
1673 2651 1821 2706 enim
1857 2656 1874 2666 "

250 2742 402 2798 sicut
437 2743 493 2798 in
525 2745 772 2799 sectione
806 2739 1002 2799 circuli
1032 2744 1089 2798 in
1123 2743 1263 2798 duos
1297 2742 1699 2806 semicirculos,
1728 2750 1825 2796 aut

253 2833 324 2888 in
355 2834 594 2904 reliquas
622 2844 837 2904 partes;
867 2851 1046 2906 neque
1063 2837 1208 2893 sicut
1241 2837 1297 2892 in
1318 2838 1564 2892 sectione
1597 2838 1826 2906 sphaera
1875 2879 1879 2883 .

253 2925 316 2979 in
350 2935 588 2995 quatuor
610 2935 814 2998 partes,
855 2939 952 2982 aut
996 2930 1052 2982 in
1078 2929 1496 2999 hemispharia,
1527 2931 1608 2985 sic
1651 2929 1824 2984 sectio

253 3017 579 3073 substantia
626 3019 856 3089 intelligi
888 3029 1088 3088 potest.
1117 3019 1260 3086 Quid
1305 3023 1454 3076 enim
1502 3019 1666 3076 faciet
1689 3021 1824 3076 sub~

1920 554 2035 610 lare
2063 565 2172 617 est.
2199 565 2288 610 est
2305 569 2619 610 commune.
2745 575 2760 592 ο
2912 607 2914 610 ,
3303 574 3306 576 τ

1992 645 2130 700 XlV.
2155 647 2404 717 Denique
2429 661 2540 717 quo
2572 645 2746 715 magis
2770 643 2843 699 sit
2875 644 2982 700 hoc
3013 645 3343 714 absurdum,
3372 650 3499 719 quis

1921 743 2031 790 tam
2064 736 2297 792 demens
2318 746 2425 804 est,
2463 745 2525 793 ut
2547 752 2670 792 esse
2697 743 2754 790 et
2792 736 2976 791 taliter
3004 751 3148 801 esse,
3180 739 3495 809 cujusmodi

1921 837 2052 883 sunt
2073 829 2448 885 substantiam
2469 844 2592 885 esse
2620 837 2677 884 et
2718 828 3056 898 hypostasim
3086 844 3230 895 esse,
3261 832 3497 886 alterum

1922 936 2026 991 pro
2053 921 2235 976 altero
2259 921 2503 976 vicissim
2540 920 2814 990 accipiat?
2855 935 2967 974 non
3011 920 3158 974 enim
3188 921 3499 976 substantia

1921 1008 2386 1079 estparticularis
2415 1016 2636 1063 natura.
2663 1008 2802 1063 Cum
2832 1007 3001 1078 igitur
3035 1016 3356 1063 naturarum
3382 1011 3499 1064 sive

1921 1101 2359 1158 substantiarum
2391 1101 2652 1156 unionem
2679 1099 2939 1163 dicimus,
2980 1099 3128 1168 ipsas
3150 1099 3493 1155 substantias

1924 1196 1980 1249 in
2008 1194 2217 1248 unione
2245 1191 2706 1260 contemplamur,
2739 1205 2851 1244 non
2883 1190 2964 1244 sic
2984 1188 3131 1245 facta
3157 1190 3386 1254 unione,
3439 1199 3502 1246 ut

1922 1296 2122 1340 natura
2154 1284 2212 1338 in
2261 1293 2516 1338 naturam
2541 1291 2802 1345 transeat,
2850 1289 2948 1335 aut
2980 1280 3075 1334 liat
3121 1280 3378 1336 confusio
3409 1282 3499 1336 vel

1925 1377 2146 1442 mistio;
2193 1375 2292 1431 sed
2331 1375 2602 1429 naturalis
2634 1373 2934 1442 copulatio.
2978 1373 3090 1428 Has
3116 1388 3248 1428 vero
3275 1380 3501 1428 naturas

1923 1469 2038 1524 sive
2061 1466 2420 1529 substantias,
2455 1463 2730 1518 sententia
2758 1470 2946 1517 nostra
2986 1470 3070 1516 est
3095 1476 3218 1516 esse
3248 1461 3393 1516 inter
3440 1475 3502 1516 se

1924 1558 2326 1628 inseparabiles
2354 1574 2367 1609 :
2394 1571 2504 1610 non
2547 1555 2699 1609 enim
2734 1552 3042 1608 secundum
3092 1553 3497 1618 habitudinem,

1923 1660 2020 1706 aut
2050 1648 2478 1719 appositionem,
2513 1653 2610 1700 aut
2641 1645 3109 1715 prosopOpaiam,
3141 1654 3238 1698 aut
3259 1643 3501 1713 dignita-

1926 1752 2058 1805 tem,
2092 1749 2190 1795 aut
2207 1739 2378 1794 alium
2405 1737 2628 1793 modum
2658 1737 2728 1791 ab
2754 1736 2824 1791 iis
2846 1736 3222 1806 excogitatum
3248 1736 3344 1805 qui
3361 1735 3502 1790 duas

1923 1847 2188 1904 personas
2209 1830 2459 1902 "dicunt,
2494 1829 2732 1888 dicimus
2762 1827 2966 1882 factam
3001 1841 3122 1882 esse
3159 1827 3499 1882 incarnatio-

1921 1939 2046 1980 nem
2075 1921 2384 1978 Salvatoris
2410 1919 2587 1975 nostri
2609 1937 2623 1986 ;
2643 1923 2738 1974 sed
2765 1919 3030 1974 unionem
3061 1919 3306 1988 ipsarum
3338 1926 3502 1972 natu-

1923 2029 2109 2070 rarum
2130 2012 2438 2070 secundum
2468 2011 2806 2082 hypostasim
2832 2010 3295 2080 contemplantes,
3326 2021 3499 2061 unum

1921 2114 1978 2161 et
2015 2105 2272 2160 eumdem
2301 2099 2592 2159 Christum
2613 2103 2932 2168 adoramus,
2965 2101 3062 2170 qui
3091 2110 3212 2156 erat
3239 2111 3368 2154 ante
3409 2099 3497 2152 in-

1922 2196 2296 2252 carnationem
2329 2194 2497 2257 Deus,
2523 2201 2580 2250 et
2599 2193 2798 2250 mansit
2824 2195 3127 2262 Deus‘post
3156 2191 3500 2246 incarnatio-

1920 2305 2077 2355 nem;
2115 2289 2215 2359 qui
2245 2288 2351 2343 iuit
2374 2287 2562 2342 unitus
2578 2287 2810 2342 diversa
2827 2285 3169 2349 substantiae,
3198 2290 3260 2338 ut
3285 2285 3496 2338 salvum

1921 2379 2128 2434 faceret
2160 2377 2312 2447 quod
2358 2385 2481 2432 erat
2527 2376 2636 2432 sibi
2681 2375 3156 2431 eonsubstantiale
3195 2392 3210 2430 :
3253 2375 3498 2430 consub-

1923 2471 2194 2526 stantialis
2221 2471 2370 2525 enim
2405 2470 2581 2526 factus
2607 2477 2693 2524 est
2721 2469 2938 2524 diversa
2970 2459 3276 2522 substantia
3301 2465 3499 2536 pradi-

1922 2561 2027 2627 tis;
2057 2571 2112 2616 et
2141 2561 2209 2616 ad
2238 2559 2564 2629 capiendam
2594 2559 3008 2628 generationem
3041 2558 3338 2612 humanam
3367 2572 3500 2627 pro-

1923 2651 2110 2716 cessit,
2141 2651 2238 2721 qui
2283 2660 2404 2706 erat
2431 2642 2636 2719 aliaqui
2667 2659 2793 2705 ante
2828 2650 3024 2706 saecula
3051 2665 3122 2705 ex
3156 2650 3317 2704 Patre
3345 2650 3499 2704 nullo

1923 2741 2108 2796 medio
2127 2741 2422 2811 interiecto
2449 2741 2694 2810 genitus.

1993 2831 2109 2888 XV.
2163 2831 2322 2888 Unde
2378 2830 2515 2904 duas
2570 2831 2960 2899 generationes
3000 2844 3122 2885 esse
3165 2829 3498 2884 credimus:

1923 2921 2182 2978 eumdem
2209 2921 2360 2976 enim
2391 2935 2490 2989 per
2517 2919 2656 2974 duas
2691 2927 2920 2974 naturas
2947 2919 3184 2974 exivisse
3210 2933 3320 2973 non
3348 2920 3504 2973 simi-

1925 3015 2071 3076 liter.
2112 3013 2209 3070 sed
2243 3011 2592 3068 dissimiliter
2623 3010 2947 3076 didicimus;
2989 3011 3149 3064 aliter
3176 3026 3414 3079 namque
3434 3025 3502 3063 ex

250 3109 458 3166 stantia
488 3110 673 3166 secta?
707 3110 936 3168 fortasse
957 3119 1142 3183 partes
1168 3112 1593 3169 substantiazat
1613 3109 1822 3168 dictum
1855 3125 1897 3182 ο
1928 3111 2092 3166 Patre
2116 3109 2338 3180 genitus
2359 3114 2540 3173 est,et
2563 3106 2726 3161 aliter
2753 3119 2820 3160 ex
2843 3115 3042 3161 matre.
3060 3106 3329 3162 Caterum
3354 3105 3501 3159 idem

249 3214 344 3260 est
376 3215 561 3274 partes
585 3206 908 3260 substantiae
947 3205 1282 3260 substantias
1304 3219 1455 3272 esse;
1483 3207 1652 3275 igitur
1678 3206 1825 3261 indi-

250 3296 426 3351 vidua
442 3297 931 3366 est,"impartibilis
957 3297 1267 3351 substantia
1311 3314 1324 3350 :
1359 3297 1504 3351 sicut
1532 3297 1679 3351 enim
1714 3311 1825 3350 non

253 3394 444 3457 potest
502 3386 680 3442 secari
713 3387 928 3456 sphara
961 3393 1057 3440 aut
1106 3385 1371 3451 circulus,
1401 3394 1458 3440 et
1491 3387 1672 3441 facere
1705 3403 1829 3440 rur-

253 3493 355 3534 sus
380 3477 624 3547 spharas
649 3478 734 3532 vel
763 3478 1030 3544 circulos;
1065 3477 1146 3534 sic
1170 3493 1281 3532 non
1307 3477 1674 3547 potestdivisa
1693 3478 1826 3532 sub-

253 3569 461 3624 stantia
486 3569 666 3624 iacere
683 3570 1045 3639 particulares
1070 3569 1410 3624 substantias
1439 3585 1539 3638 per
1559 3585 1616 3624 se
1632 3585 1753 3624 esse
1778 3581 1825 3623 ι.

334 3661 473 3715 Xlll.
518 3661 597 3715 Ne
642 3661 809 3731 igitur
833 3661 958 3731 quis
1010 3657 1219 3716 frustra
1269 3661 1518 3725 laboret,
1553 3669 1617 3714 ut
1671 3649 1830 3716 vanis

258 3750 572 3806 rationibus
587 3748 926 3806 demonstret
943 3751 1092 3821 quod
1106 3751 1472 3806 demonstrari
1499 3767 1609 3804 non
1627 3759 1827 3820 potest,

255 3857 386 3896 esse
421 3841 634 3896 scilicet
666 3841 926 3896 unionem
963 3840 1361 3895 incarnationis
1413 3839 1576 3896 Verbi
1630 3839 1829 3894 factam

260 3931 322 3985 in
355 3930 567 3985 naturis
597 3929 1042 4000 particularibus,
1075 3936 1262 3983 etnon
1298 3929 1691 3999 generalibus;
1717 3944 1829 3998 quo

257 4021 488 4090 quidem
519 4021 690 4074 miror
718 4019 997 4089 quomodo
1045 4034 1156 4072 non
1183 4033 1280 4073 eos
1328 4019 1535 4088 pudet,
1570 4018 1667 4088 qui
1726 4019 1833 4074 hoc

257 4116 452 4170 dicunt
487 4130 503 4167 :
533 4121 617 4168 est
643 4113 790 4168 enim
825 4127 936 4166 non
965 4112 1152 4166 minus
1176 4111 1244 4164 ad
1272 4111 1693 4182 intelligendum
1722 4112 1832 4167 dii”-

259 4206 427 4272 ﬁcile,
454 4221 618 4276 quam
652 4204 871 4260 difﬁcile
899 4212 983 4258 est
1015 4202 1257 4275 gryphas
1288 4202 1668 4274 interpretari.
1695 4203 1831 4261 Cum

257 4297 412 4355 enim
464 4296 769 4353 substantia
801 4294 1075 4368 signiﬁcet
1100 4313 1245 4363 esse,
1303 4307 1362 4351 et
1392 4297 1580 4352 omnia
1621 4297 1835 4352 scilicet

259 4404 390 4460 qua
426 4397 552 4443 sunt
605 4387 958 4452 substantia,
990 4387 1244 4442 similiter
1261 4387 1574 4454 essentiam
1603 4388 1834 4456 partici-

1926 3209 2030 3263 est,
2085 3200 2192 3255 etsi
2238 3196 2706 3254 nonsecundum
2757 3196 2904 3251 idem
2946 3215 2959 3250 :
2996 3195 3317 3252 dili‘erentia
3352 3195 3503 3250 enim

1927 3291 2359 3347 substantiarum
2407 3288 2690 3344 unitarum
2737 3288 3060 3344 differentes
3119 3287 3505 3358 generationes

1928 3381 2086 3444 fecit;
2151 3389 2210 3436 et
2253 3388 2488 3449 utraque
2530 3386 2619 3434 est
2679 3375 3043 3433 excellentior
3086 3385 3145 3432 et
3203 3377 3506 3431 admirabi-

1928 3472 2054 3534 lior,
2105 3486 2273 3540 quam
2317 3479 2381 3524 ut
2425 3469 2790 3539 intelligentia
2840 3466 3238 3538 comprehendi
3281 3474 3450 3534 queat
3486 3483 3505 3520 :

1931 3562 2147 3617 tametsi
2175 3577 2320 3616 unus
2337 3568 2443 3621 est,
2467 3561 2558 3614 cui
2581 3560 2823 3630 dignitas
2845 3560 3032 3623 datur,
3068 3559 3212 3614 sicut
3240 3559 3296 3612 in
3323 3557 3506 3624 nobis,

1931 3662 1990 3708 ut
2023 3654 2129 3708 hac
2161 3651 2577 3720 comparatione
2609 3661 2855 3716 utamur,
2883 3665 2953 3705 ex
2977 3664 3208 3717 corpore
3241 3657 3298 3704 et
3325 3649 3508 3705 anima

1931 3761 2055 3815 qua
2083 3745 2312 3799 diversa
2339 3751 2549 3797 natura
2573 3751 2724 3808 sunt,
2747 3758 2893 3797 unus
2914 3741 3168 3797 exsistit:
3202 3756 3330 3796 eum
3355 3742 3505 3796 enim

1930 3839 2025 3908 qui
2057 3848 2184 3892 ante
2217 3840 2415 3891 saecula
2442 3845 2548 3900 est,
2577 3843 2636 3890 et
2659 3835 2987 3890 saculorum
3020 3839 3240 3897 auctor,
3275 3833 3361 3887 vel
3390 3848 3510 3888 me-

1931 3930 2198 3986 diocriter
2216 3925 2442 3996 assequi
2459 3926 2802 3996 impossibile
2837 3934 2943 3980 est.

2002 4021 2139 4077 XVI.
2166 4021 2337 4075 Nemo
2365 4033 2498 4073 vero
2521 4034 2585 4072 ex
2617 4018 2687 4072 iis
2719 4017 2813 4087 qui
2845 4026 3001 4072 extra
3030 4015 3332 4072 Ecclesiam
3358 4023 3508 4079 sunt,

1932 4129 1999 4170 ea
2029 4129 2151 4181 quae
2173 4110 2438 4176 diximus,
2467 4118 2678 4180 carpat,
2708 4119 2765 4165 et
2795 4123 2954 4164 more
3001 4123 3104 4163 suo
3134 4108 3279 4162 hanc
3308 4108 3513 4162 doctri-

1933 4222 2062 4264 nam
2113 4206 2344 4267 laceret,
2371 4211 2426 4257 et
2464 4210 2724 4271 tanquam
2756 4215 2850 4255 sus
2875 4199 3150 4269 fulgentes
3181 4198 3511 4267 margaritas

1936 4301 2107 4357 illatis
2147 4297 2383 4369 pedibus
2428 4301 2694 4364 proterat.
2745 4293 3070 4362 Ignorantes
3109 4290 3258 4345 enim
3294 4304 3417 4358 qua
3443 4289 3514 4342 sit

1937 4403 2090 4450 certa
2128 4401 2186 4448 et
2217 4400 2335 4446 tuta
2368 4387 2619 4444 doctrina
2664 4385 2733 4440 de
2773 4385 2844 4439 iis
2893 4400 3015 4454 qua
3047 4383 3385 4444 didicerunt,
3419 4396 3518 4434 au-

263 4487 435 4551 Ρεηῑν
491 4479 624 4550 (ἰυίά
667 4494 862 4534 eorum
917 4478 1223 4534 secundum
1263 4479 1534 4536 ῐθιίοηθῐη
1580 4479 1836 4534 essentia!
1863 4469 1912 4528 θ
1938 4491 2130 4546 dacter
2148 4493 2342 4541 contra
2366 4481 2602 4536 verbum
2627 4477 2884 4532 veritatis
2923 4475 3199 4538 insiliunt,
3225 4473 3513 4541 aiuntque,

261 4573 452 4628 minus
469 4579 656 4638 est,ut
682 4572 816 4626 illud
869 4571 1220 4641 particularis
1257 4585 1322 4625 ac
1364 4571 1662 4641 singularis
1700 4572 1834 4627 sub-

261 4667 470 4722 stantia
501 4666 717 4720 dicatur
739 4666 764 4719 ?
785 4680 910 4720 cum
942 4665 1147 4734 alioqui
1180 4664 1486 4720 substantia
1509 4665 1717 4734 aliquid
1744 4681 1838 4735 ge-

264 4759 478 4822 nerale,
505 4773 614 4812 non
644 4766 830 4813 autem
874 4755 1192 4828 singulare!
1224 4756 1469 4811 declaret
1505 4773 1519 4809 :
1569 4771 1634 4810 ac
1663 4771 1838 4827 genus

262 4846 490 4920 quidem
549 4851 1021 4920 generalissimum
1080 4848 1423 4914 audivimus,
1487 4857 1544 4904 et
1592 4849 1834 4919 speciem

263 4939 753 5009 specialissimam;
785 4955 958 5008 genus
981 4954 1114 4994 vero
1136 4939 1634 5010 singularissimum
1685 4955 1835 4996 nunc

265 5030 510 5099 primum
543 5029 830 5085 discimus.
889 5029 1005 5084 Etsi
1060 5029 1208 5084 enim
1268 5029 1520 5100 quaedam
1571 5029 1836 5086 dicuntur

265 5137 471 5196 genera
503 5124 832 5193 specierum,
881 5123 1027 5178 sicut
1060 5123 1240 5178 media
1273 5140 1398 5194 qua
1419 5125 1682 5179 dicuntur
1713 5142 1837 5196 spe—

266 5217 386 5272 cies
406 5231 691 5287 generum,
735 5224 793 5270 et
824 5215 939 5284 ipsa
981 5225 1110 5270 sunt
1146 5215 1378 5270 aliarum
1407 5218 1717 5286 specierum
1749 5233 1842 5289 ge-

268 5323 438 5371 nera;
471 5321 658 5360 verum
690 5306 809 5360 hac
836 5306 1020 5362 omnia
1051 5307 1118 5362 de
1137 5307 1390 5376 pluribus
1421 5308 1792 5378 praedicantur
1824 5327 1838 5363 :

266 5397 418 5469 quod
443 5396 668 5467 quidem
698 5396 872 5468 magis
897 5405 984 5452 est
1015 5398 1450 5464 communitatis,
1481 5414 1647 5467 quam
1671 5401 1842 5469 parti-

269 5487 599 5545 cularitatis.
625 5488 794 5559 igitur
819 5488 966 5559 quod
1002 5503 1295 5546 commune
1322 5498 1426 5555 est,
1460 5498 1686 5552 nonest
1716 5507 1843 5561 par-

1940 4581 2153 4639 sentire
2187 4585 2431 4632 sanctam
2461 4570 2792 4626 Trinitatem
2814 4566 2970 4622 carni
3009 4565 3218 4620 unitam
3247 4578 3390 4624 esse,
3422 4561 3516 4631 qui

1940 4670 2447 4744 quomodocunque
2501 4664 2638 4718 dicit
2671 4677 2840 4717 unam
2875 4660 3220 4714 divinitatem
3255 4656 3516 4711 substan-

1939 4763 2031 4818 tia
2058 4775 2202 4825 esse,
2227 4766 2284 4813 et
2315 4757 2462 4810 hanc
2495 4751 2794 4808 confitetur
2816 4765 2944 4804 cum
2967 4756 3163 4802 natura
3187 4751 3376 4799 nostra
3397 4756 3519 4796 esse

1941 4831 2300 4920 copulatam:
2327 4853 2387 4900 et
2405 4845 2538 4899 dum
2581 4841 2946 4897 temeritatem
2979 4836 3183 4891 mentis
3222 4850 3336 4888 sua
3368 4842 3522 4902 pate-

1941 4942 2155 4996 faciunt
2197 4947 2253 4994 et
2303 4934 2707 4991 absurditatem
2769 4945 2931 5012 quam
2991 4929 3102 4999 piis
3157 4927 3516 4989 induxerunt,

1939 5035 2132 5104 fugere
2183 5029 2478 5093 videntur;
2535 5026 2694 5080 aiunt
2721 5025 2927 5079 habere
2955 5021 3199 5077 Verbum
3240 5017 3520 5088 propriam

1941 5136 2220 5184 naturam,
2267 5121 2418 5175 Patri
2460 5127 2515 5173 et
2563 5115 2796 5187 Spiritui
2849 5124 3039 5171 sancto
3080 5110 3519 5173 connaturalem,

1941 5231 2066 5287 qua
2094 5215 2257 5269 nobis
2301 5227 2414 5281 per-
2444 5208 2885 5264 incarnationem
2933 5221 3002 5262 ex
3052 5199 3322 5259 charitate
3369 5198 3524 5254 unita

1943 5319 2050 5364 est.
2094 5307 2263 5361 Miror
2309 5305 2426 5373 ipse
2461 5302 2569 5356 hoc
2617 5309 2729 5354 tam
2775 5301 3068 5362 absonum,
3107 5296 3384 5364 velimque
3435 5293 3524 5347 di-

1943 5416 2070 5457 cere
2119 5399 2177 5452 in
2229 5397 2394 5451 istum
2440 5407 2543 5464 pro
2585 5393 2825 5458 viribus,
2859 5407 2984 5462 qua
3010 5388 3524 5446 conveniuntznon

1945 5505 2119 5565 arguo
2164 5502 2337 5552 nunc,
2376 5485 2627 5564 possitne
2673 5483 2820 5538 Deus
2882 5498 3104 5539 carnem
3165 5479 3392 5536 indutus
3425 5475 3531 5530 ba-

1577 5641 1810 5698 VARIA.
1840 5640 2240 5699 LECTIONES.

351 5759 376 5790 ³
405 5751 508 5806 Per
544 5769 598 5805 se
630 5767 758 5806 esse.
788 5751 1113 5822 ὑποστῆσαι,
1139 5753 1488 5824 suppositare.
1569 5761 1596 5802 γ
1625 5753 1929 5825 Singularc.
1962 5753 2124 5823 εδική,
2157 5748 2506 5822 particulare.
2553 5746 2557 5750 ⁷
