4054 6312
585 288 720 352 1343

1719 291 1780 350 S.
1820 288 2221 349 ANASTAS‘II
2261 288 2728 354 ANTIOCEENI

3723 286 3866 350 1314

494 381 510 450 ῗ
582 401 715 456 bere
763 399 1046 468 propriam
1089 407 1367 463 naturam,
1409 413 1476 453 an
1525 413 1668 463 non;
1707 398 1804 453 sed
1835 396 2158 452 demonstro
2187 398 2232 453 Α
2260 397 2530 455 habitudb
2569 398 2794 468 quidem
2816 395 3084 452 naturalis
3111 405 3196 452 est
3244 396 3313 451 ad
3337 412 3493 460 eum,
3533 398 3604 452 ad
3633 397 3870 453 Patrem

582 506 709 545 eum
756 491 848 558 qui
881 489 996 545 hac
1038 489 1195 553 dicit,
1237 504 1358 542 non-
1383 503 1544 557 posse
1567 488 1779 543 sentire
1808 486 2158 568 esseFilium

583 583 732 637 Patri
781 582 1312 636 consubstantialem
1373 600 1385 633 :
1437 595 1601 636 omne
1658 580 1807 636 enim
1852 579 2002 649 quod
2071 587 2159 634 est

584 674 750 728 unius
800 674 1157 738 substantia,
1211 672 1462 728 eamdem
1513 672 1784 728 rationem
1835 671 2160 727 substantia

583 765 816 833 recipit;
845 772 902 818 et
941 763 1185 822 vicissim
1215 779 1377 818 omne
1422 764 1569 834 quod
1607 763 1858 819 eamdem
1887 764 2160 818 rationem

583 854 911 911 substantia
955 854 1177 924 recipit,
1231 855 1402 909 unius
1433 864 1491 909 et
1531 854 1782 926 ejusdem
1834 847 2162 909 substantia

582 954 670 1002 est
701 965 717 976 -
762 957 821 1001 et
853 955 1068 1010 contra,
1100 947 1249 1016 quod
1274 959 1386 1002 non
1409 953 1496 1002 est
1528 947 1779 1018 ejusdem
1809 946 2158 1010 substantia,

503 1030 508 1037 ’
583 1053 688 1092 nec
708 1039 960 1092 eamdem
993 1038 1265 1092 rationem
1289 1038 1520 1108 recipit;
1551 1048 1608 1091 et
1640 1037 1788 1106 quod
1825 1052 1938 1091 non
1964 1037 2162 1106 recipit

584 1129 838 1185 eamdem
896 1130 1193 1197 rationem,
1236 1145 1341 1186 nec
1395 1130 1642 1200 ejusdem
1679 1129 2002 1184 substantia
2040 1144 2162 1184 esse

585 1232 792 1292 potest.
838 1225 1057 1293 Eligant
1082 1223 1274 1292 igitur,
1324 1230 1512 1275 utrum
1543 1221 1718 1276 velint
1750 1238 1764 1274 :
1793 1221 2162 1290 undecunque

587 1323 844 1368 occurret
871 1315 952 1368 eis
972 1313 1298 1368 absurdam.
1322 1311 1377 1367 Si
1403 1312 1578 1366 Filius
1609 1310 1860 1366 eamdem
1889 1311 2160 1367 rationem

585 1402 910 1456 substantia
943 1418 1068 1456 cum
1104 1402 1265 1456 Patre
1303 1401 1522 1470 recipit,
1574 1416 1686 1455 una
1732 1401 2044 1456 substantia
2075 1410 2165 1457 est

584 1490 766 1545 Patris
785 1500 842 1545 et
875 1491 1036 1545 Filii:
1062 1499 1117 1545 et
1148 1491 1464 1546 communis
1483 1490 1737 1546 deﬁnitio
1759 1493 1842 1548 eis
1873 1493 2162 1548 reddetur.

584 1580 660 1634 At
698 1580 980 1649 quomodo
1017 1581 1167 1650 quod
1205 1582 1578 1636 communiter
1615 1581 1892 1648 redditur,
1915 1583 2166 1652 particu-

581 1670 700 1725 lare
735 1671 880 1724 erit?
925 1671 1013 1726 siu
1058 1680 1243 1726 autem
1273 1687 1384 1726 uon
1417 1672 1667 1727 eamdem
1687 1673 2074 1729 deﬁnitionem
2105 1683 2164 1730 et

2261 487 2496 555 scilicet,
2551 504 2620 545 ex
2658 505 2768 560 quo
2821 489 3238 546 Filittstilius
3283 505 3420 545 vero
3464 490 3730 561 ejusdem
3776 491 3864 545 di-

2259 581 2511 636 vinitatis
2569 590 2659 636 est
2703 597 2830 636 cum
2899 581 3085 636 Patre.
3133 581 3351 636 Rursus
3400 582 3566 636 enim
3614 581 3861 636 dicimus

2260 670 2626 726 substantiam
2672 671 3066 739 particularem
3098 670 3304 726 habere
3336 672 3755 734 characterem,
3799 673 3858 724 ﬁ-

2259 761 2543 816 liatiouem
2572 780 2585 815 :
2610 763 2697 819 hic
2730 763 2880 817 enim
2901 763 3107 817 dicitur
3127 778 3248 818 esse
3266 764 3558 820 character
3575 773 3851 833 paterna,

2260 867 2371 906 non
2411 852 2636 920 quidem
2666 864 2912 921 natura;
2950 854 3084 908 illud
3108 855 3256 908 enim
3287 855 3470 924 ipsum
3489 867 3598 909 est
3625 853 3850 916 natura,

2260 943 2409 1012 quod
2444 944 2606 998 Pater
2649 953 2762 1011 est;
2791 945 2886 1000 sed
2920 945 3252 1016 hypostasis,
3293 945 3349 1000 id
3381 954 3490 1008 est,
3539 961 3802 1015 persona
3837 964 3850 999 :

2262 1041 2453 1103 utpote
2502 1033 2750 1092 inferens
2789 1049 2979 1090 secum
3029 1036 3272 1098 Patrem,
3304 1035 3467 1090 simul
3502 1044 3566 1089 ut
3595 1035 3855 1090 nomina-

2265 1132 2354 1178 tus
2376 1132 2462 1179 est
2502 1125 2676 1180 Filius
2701 1126 3004 1186 secundum
3039 1127 3422 1182 habitudinem
3451 1125 3754 1195 categoria
3784 1127 3854 1181 ad

2262 1214 2501 1284 aliquid;
2545 1231 2668 1285 qua
2697 1223 2804 1282 est,
2849 1233 2976 1274 cum
3009 1219 3066 1274 id
3108 1218 3256 1290 quod
3300 1226 3406 1281 est,
3456 1218 3698 1273 alterius
3728 1234 3852 1274 esse

2262 1307 2488 1374 dicitur,
2536 1319 2596 1364 ut
2651 1309 2825 1365 Filius
2865 1310 3047 1365 Patris
3085 1317 3171 1365 est
3208 1307 3376 1374 ﬁlius,
3419 1316 3479 1363 et
3515 1308 3682 1363 Pater
3727 1309 3854 1364 Filii

2262 1409 2456 1469 pater,-
2497 1399 2628 1470 quia
2669 1415 2768 1470 per
2806 1401 2988 1470 ipsum
3019 1400 3288 1455 habemus
3327 1413 3624 1454 accessum
3649 1399 3720 1454 ad
3753 1399 3857 1453 Pa—

2264 1497 2425 1553 t—rem,
2456 1503 2514 1546 et
2548 1491 2664 1559 ipse
2699 1500 2786 1545 est
2809 1491 3076 1561 magister
3101 1498 3310 1554 noster,
3341 1498 3401 1562 et
3435 1498 3642 1544 auctor
3665 1491 3856 1560 cogni-

2267 1582 2432 1638 tionis
2473 1584 2623 1653 ejus;
2667 1583 2814 1640 sicut
2859 1583 3004 1639 idem
3041 1583 3183 1638 dixit
3230 1582 3381 1638 Patri
3433 1601 3449 1637 :
3500 1583 3853 1653 Manifestasi

2264 1688 2454 1728 nomen
2486 1681 2633 1728 tuum
2674 1676 2969 1730 hominibus
2999 1677 3077 1742 '9;
3110 1674 3495 1730 .manil‘estavit
3525 1685 3722 1746 autem
3749 1690 3853 1730 no-

586 1761 859 1816 rationem
883 1761 1100 1831 recipit,
1126 1779 1236 1817 non
1260 1763 1370 1817 erit
1394 1779 1505 1820 una
1541 1765 1850 1820 substantia
1883 1781 2166 1835 :quorum
2195 1741 2239 1797 Β
2267 1777 2393 1816 men
2443 1778 2554 1818 non
2589 1773 2650 1817 ut
2684 1765 2819 1830 Dei;
2868 1765 2975 1819 hoc
3029 1765 3177 1819 enim
3217 1765 3327 1834 jam
3373 1764 3510 1818 olim
3562 1741 3852 1835 cognitum

587 1860 771 1906 autem
789 1867 898 1906 non
913 1865 998 1908 est
1011 1851 1323 1908 substantia
1341 1853 1890 1910 consubstantialitas
1904 1870 2018 1916 non
2035 1855 2165 1912 erit.

589 1942 747 1996 Sicut
778 1943 927 1998 enim
953 1959 1076 2012 qua
1098 1942 1347 2013 ejusdem
1379 1944 1707 1998 substantia
1739 1955 1894 2006 sunt,
1927 1946 2168 2001 consub-

586 2034 868 2088 stantialia
912 2043 1080 2101 sunt,
1120 2035 1202 2089 sic
1244 2050 1370 2103 qua
1416 2050 1531 2090 non
1575 2042 1709 2090 sunt
1752 2035 2004 2107 ejusdem
2029 2037 2165 2092 sub-

587 2130 823 2192 stantia,
854 2144 968 2183 non
992 2138 1123 2184 sunt
1149 2129 1678 2184 consubstantialia:
1697 2129 1976 2200 quomodo
1999 2131 2168 2202 igitur

587 2220 747 2274 aiunt
778 2219 980 2274 Filium
1004 2235 1127 2274 esse
1159 2219 1311 2275 Patri
1343 2219 1892 2287 consubstantialem,
1918 2222 2168 2278 tribuen-

587 2328 673 2374 tes
702 2319 754 2373 ei
783 2319 1174 2387 particularem
1197 2316 1605 2371 substantiam?
1630 2316 1986 2385 particularis
2015 2317 2163 2371 enim

585 2427 709 2466 esse
749 2426 864 2466 non
908 2417 1110 2480 potest.
1154 2424 1277 2480 qua
1309 2422 1434 2462 cum
1467 2407 1643 2462 altero
1687 2405 1830 2462 facta
1885 2416 1971 2462 est
2013 2422 2170 2463 com-

587 2501 794 2556 munis.
1288 2566 1296 2573 ,

659 2591 818 2647 XVII.
859 2591 1003 2658 Quid
1034 2606 1166 2662 ergo
1199 2591 1391 2646 dicent
1439 2606 1562 2647 esse
1597 2590 1744 2646 hanc
1772 2581 2167 2662 particularem

587 2682 1005 2736 substantiam?
1041 2682 1097 2736 Si
1144 2684 1334 2738 dicant
1365 2698 1489 2738 esse
1529 2683 1855 2738 ﬁliationem
1881 2702 1896 2738 :
1927 2684 2168 2754 primum

588 2786 700 2824 non
749 2779 836 2825 est
875 2771 1070 2826 ﬁliatio
1123 2773 1438 2826 substantia
1469 2790 1484 2826 :
1515 2772 1750 2840 deinde,
1779 2774 1888 2828 etsi
1922 2775 2086 2830 detur
2113 2785 2171 2831 et

588 2864 929 2919 concedatur
972 2864 1082 2918 hoc
1102 2905 1116 2929 ,
1150 2879 1347 2918 rursus
1375 2863 1743 2918 concludetur
1775 2864 1832 2918 in
1861 2880 1959 2920 eos
1983 2865 2170 2920 diver-

588 2956 728 3012 sitas
767 2957 1113 3012 substantia.
1155 2955 1313 3012 Sicut
1351 2955 1499 3010 enim
1553 2971 1665 3011 non
1691 2964 1778 3012 est
1804 2957 1998 3012 eadem
2027 2958 2170 3026 ratio

2265 1863 2406 1916 erat,
2447 1854 2555 1909 sed.
2573 1864 2633 1910 ut
2661 1856 2838 1910 Patris
2871 1875 2885 1910 :
2921 1857 3036 1926 ipse
3069 1857 3219 1912 enim
3256 1857 3638 1926 cognitionem
3673 1858 3853 1913 Patris

2266 1945 2552 1999 revelavit.
2849 1955 2852 1959 '
3347 1995 3352 2000 .

2337 2033 2522 2088 XVIII.
2591 2035 2734 2110 Usus
2787 2051 2908 2090 sum
2942 2043 3023 2091 tot
3065 2036 3529 2107 digressionibus,
3582 2035 3725 2105 quia
3759 2050 3854 2090 vo-

2260 2126 2456 2180 lebam
2502 2127 2909 2192 demonstrare,
2969 2128 3118 2198 quod
3187 2143 3319 2198 pars
3365 2128 3700 2183 substantia
3744 2143 3849 2182 non

2264 2226 2384 2283 est;
2425 2227 2486 2273 ut
2534 2217 2683 2274 dicat
2731 2219 2955 2289 aliquis,
2991 2219 3200 2275 factam,
3244 2235 3366 2275 esse
3401 2221 3848 2279 incarnationem

2267 2309 2600 2365 assumendo
2648 2319 2863 2380 partem
2911 2311 3143 2366 alterius
3183 2311 3564 2366 substantia:
3617 2321 3678 2366 et
3726 2311 3848 2381 quia

2266 2399 2524 2453 nolebam
2569 2399 2852 2470 corrigere
2890 2413 3083 2454 eorum
3117 2399 3438 2468 opinionem
3481 2399 3582 2469 qui
3631 2406 3845 2470 putant,

2267 2506 2397 2547 eum
2427 2490 2522 2561 qui
2545 2491 2684 2545 dicit
2710 2490 3074 2557 substantiam
3098 2490 3366 2560 integram
3391 2500 3415 2527 ι
3437 2489 3613 2545 Verbi
3645 2491 3845 2546 unitaln

2265 2599 2388 2640 esse
2435 2582 2610 2647 carni,
2645 2583 2866 2638 Patrem
2914 2590 2972 2638 et
3009 2581 3278 2652 Spiritum
3307 2592 3564 2638 sanctum
3605 2582 3676 2637 ad
3702 2597 3845 2638 aco-

2268 2675 2510 2729 nomiam
2545 2674 2942 2730 incarnationis
2986 2674 3206 2730 deferre
3239 2692 3254 2728 :
3286 2675 3432 2744 quod
3462 2676 3694 2744 quidem
3741 2690 3846 2730 non

2221 2815 2229 2823 .
2269 2783 2391 2822 esse
2419 2767 2814 2831 necessarium,
2833 2755 2973 2822 satis
2998 2767 3504 2822 demonstravimus
3528 2767 3600 2821 iis
3625 2768 3844 2836 quino

2271 2860 2637 2922 contentiose,
2685 2859 2783 2914 sed
2834 2859 3102 2914 benevole
3129 2859 3189 2914 in
3225 2859 3400 2914 Deum
3428 2859 3520 2928 pia
3561 2866 3624 2912 et
3663 2857 3841 2912 divina

2269 2967 2414 3007 vera
2460 2949 2586 3006 ﬁdei
2619 2959 2821 3006 nostra
2848 2950 3103 3021 dogmata
3133 2950 3418 3020 accipiunt
3451 2966 3466 3002 :
3496 2949 3678 3004 Filius
3704 2949 3846 3004 enim

589 3051 946 3120 paternitatis
977 3057 1036 3105 et
1084 3048 1395 3113 ﬁliationis,
1443 3049 1528 3104 sic
1573 3065 1686 3104 non
1733 3048 1842 3104 erit
1873 3048 2048 3105 Filius
2080 3067 2169 3106 se-
2196 3061 2245 3124 ο
2272 3059 2382 3098 non
2403 3052 2488 3098 est
2519 3042 2848 3110 subﬂanlia.
2882 3043 2980 3098 sed
3009 3042 3325 3113 hyposlasis
3358 3040 3624 3103 ὲνοῦσιος.
3664 3041 3720 3094 id
3749 3049 3844 3104 est.

591 3137 836 3192 cundum
887 3139 1042 3206 ipsos
1068 3139 1236 3192 unius
1267 3145 1324 3190 et
1372 3137 1623 3206 ejusdem
1669 3153 1794 3192 cum
1841 3138 2002 3192 Patre
2044 3138 2178 3194 sub-

594 3226 814 3280 stantia
846 3243 858 3277 :
888 3241 1009 3294 qua
1031 3235 1216 3280 autem
1244 3239 1357 3279 non
1385 3233 1516 3279 sunt
1549 3225 1797 3296 ejusdem
1822 3226 2170 3293 substantia,

596 3331 762 3371 nemo
812 3318 1037 3387 negabit
1067 3333 1180 3372 non
1214 3333 1337 3373 esse
1378 3319 1896 3375 consubstantialia.
1948 3322 2174 3377 Desinat

593 3425 728 3479 ergo
772 3410 878 3464 ista
924 3411 1224 3465 verborum
1269 3411 1484 3467 vanitas
1529 3428 1746 3477 eorum,
1783 3415 1878 3484 qui
1918 3430 2171 3470 commu-

595 3518 724 3556 nem
758 3510 816 3556 et
863 3503 1261 3572 particularem
1283 3505 1651 3559 substantiam
1677 3505 1905 3560 dicunt:
1940 3506 2172 3562 demon-

519 3648 521 3650 .
594 3602 827 3648 stratum
860 3594 1009 3648 enim
1059 3603 1146 3650 est
1172 3596 1416 3665 copiose,
1471 3611 1579 3650 non
1641 3613 1762 3652 esse
1808 3598 2171 3653 substantiam

595 3683 991 3751 particularem
1027 3700 1058 3737 ε·
1080 3686 1174 3754 qui
1214 3685 1364 3739 enim
1400 3686 1654 3740 nominat
1693 3687 2006 3757 aliquorum
2042 3689 2172 3744 sub-

593 3774 876 3839 stantiam,
906 3776 1231 3831 necessario
1258 3791 1608 3832 communem
1636 3779 1908 3848 signiﬁcat
1941 3797 2174 3852 :super-

594 3880 901 3921 vacaneum
946 3867 1116 3936 igitur
1159 3876 1245 3922 est
1275 3868 1483 3923 addere
1513 3870 1838 3926 substantia
1870 3889 2168 3941 commune;

594 3958 828 4026 perinde
863 3959 1013 4012 enim
1059 3969 1168 4025 est,
1202 3971 1264 4014 ut
1301 3960 1347 4014 si
1379 3963 1504 4028 quis
1541 3961 1690 4016 dicat
1717 3980 1990 4020 commune
2032 3984 2172 4022 com-

596 4049 915 4102 munitatem
949 4065 967 4103 :
1004 4056 1063 4104 et
1110 4051 1306 4104 multo.
1339 4052 1516 4121 magis
1557 4066 2031 4122 supervacaneum
2085 4067 2171 4114 est

595 4139 784 4194 dicere
834 4139 1226 4209 particularem
1296 4141 1697 4209 substantiam;
1746 4143 1895 4214 quod
1945 4147 2168 4216 quidem

597 4248 708 4285 non
743 4241 826 4286 est
852 4231 1002 4286 aliud
1028 4247 1194 4301 quam
1218 4231 1404 4288 dicere
1429 4249 1784 4292 communem
1817 4239 2168 4308 particulari.

599 4331 786 4378 tatem.
807 4324 1019 4378 Idcirco
1036 4323 1294 4379 doctores
1324 4325 1584 4382 Ecclesia
1606 4329 1830 4398 proprie
1859 4331 2164 4400 loquentes,

596 4430 889 4470 commune
936 4416 1161 4485 quidem
1192 4429 1533 4477 vocaverunt
1581 4393 1989 4488 substantiam;
2036 4393 2166 4494 pars
2200 4393 2244 4447 D

599 4506 829 4561 ticulare
864 4522 1000 4562 vero
1042 4508 1158 4563 sive
1204 4508 1462 4576 speciale,
1487 4511 1826 4581 hypostasim
1856 4529 1871 4565 :
1902 4521 1964 4565 ut
2003 4513 2168 4568 homo

597 4615 890 4655 commune
931 4609 1054 4665 est;
1082 4601 1285 4670 aliquis
1329 4602 1516 4667 homo,
1556 4603 1912 4671 particulare,
1950 4604 2055 4659 hoc
2085 4611 2171 4660 est

600 4693 908 4762 hypostasis
922 4733 936 4756 ,
960 4692 1098 4746 illud
1124 4693 1432 4747 substantia
1457 4709 1471 4746 :
1495 4708 1598 4748 nec
1617 4693 1764 4747 enim
1786 4694 1987 4764 aliquis
2005 4696 2170 4752 homo

595 4800 710 4838 non
749 4791 837 4837 est
880 4783 1068 4848 homo,
1104 4783 1202 4838 sed
1243 4792 1330 4838 est
1384 4783 1607 4854 quidem
1654 4785 1912 4852 ὲνούσιος,
1961 4786 2014 4842 id
2064 4796 2170 4855 est,

597 4877 652 4930 in
698 4875 1042 4941 substantia;
1089 4890 1201 4930 non
1235 4883 1419 4930 autem
1457 4876 1760 4931 secundum
1810 4877 2173 4936 substantiam

599 4966 994 5037 particularem
1024 4976 1081 5020 et
1115 4974 1424 5036 separatam
1456 4983 1486 5021 a
1521 4969 1824 5034 communi,
1849 4969 1946 5023 sed
1973 4985 2174 5025 secun-

599 5059 730 5112 dum
761 5056 1032 5121 eamdem,
1070 5057 1374 5112 secundum
1407 5075 1571 5128 quam
1613 5059 1812 5130 singuli
1841 5075 2035 5116 omnes
2073 5062 2175 5117 sub

597 5150 789 5202 eadem
805 5147 988 5217 specie
1009 5147 1192 5202 sortiti
1215 5156 1346 5202 sunt
1365 5147 1730 5202 substantiam
1753 5165 1766 5201 :
1796 5150 2176 5220 unusquisque

599 5240 746 5292 enim
775 5238 1024 5293 eamdem
1057 5254 1182 5293 cum
1205 5238 1437 5311 reliquis
1459 5240 1730 5294 rationem
1759 5239 1958 5309 recipit
1977 5256 1992 5294 :
2011 5241 2176 5295 homo

600 5333 747 5386 cutim
804 5343 891 5388 est
922 5335 1235 5388 communis
1296 5335 1485 5399 homo,
1530 5341 1587 5388 et
1627 5335 1829 5404 aliquis
1883 5336 2072 5402 homo,
2121 5347 2179 5392 et

601 5433 802 5480 neuter
837 5433 925 5480 est
959 5427 1105 5495 plus,
1139 5435 1236 5480 attt
1290 5427 1476 5482 minus
1523 5427 1711 5481 homo.
1756 5427 1975 5483 Filiatio
2009 5429 2178 5500 igitur

677 5546 717 5576 "
757 5546 912 5600 Jnan.
954 5563 1082 5612 xvn,
1119 5548 1172 5600 ﬁ.
1252 5551 1296 5580 ’θ
1346 5548 1556 5605 Baruch
1599 5567 1674 5618 ιιι,
1725 5550 1916 5608 56-58.
1995 5552 2036 5583 ²¹
2078 5553 2222 5607 Psal.
2276 5570 2415 5617 χιιι,
2452 5553 2501 5606 I.

2276 3135 2638 3192 substantiam
2669 3135 2902 3189 habens.
2932 3134 3086 3201 Quod
3113 3135 3161 3190 si
3192 3133 3501 3188 substantia
3529 3141 3639 3196 est,
3666 3143 3728 3188 ut
3749 3134 3846 3188 hoc

2276 3243 2426 3282 nunc
2472 3227 2874 3292 concedamus;
2919 3234 2977 3280 at
3007 3241 3119 3280 non
3147 3234 3231 3280 est
3265 3225 3574 3302 substantia
3609 3227 3846 3294 particu-

2274 3320 2442 3374 laris:
2493 3327 2663 3373 totam
2697 3319 2845 3373 enim
2879 3317 3247 3372 substantiam
3282 3317 3496 3388 integre
3534 3317 3736 3380 habet;
3755 3317 3842 3386 qui

2273 3413 2394 3483 ejus
2427 3413 2705 3482 particeps
2735 3418 2840 3466 est.
2865 3412 3072 3468 Verum
3102 3411 3271 3482 igitur
3294 3419 3400 3475 est,
3442 3410 3592 3480 quod
3626 3411 3842 3475 dicitur,

2273 3504 2420 3574 quod
2465 3519 2532 3558 ex
2571 3503 2788 3558 duabus
2820 3503 3148 3558 substantiis
3185 3502 3450 3572 perfectis
3477 3503 3698 3558 exstitit
3745 3516 3842 3556 una

2273 3586 2587 3666 hypostasis
2631 3595 2859 3662 Christi,
2898 3596 2994 3664 qui
3030 3604 3115 3650 est
3163 3596 3330 3661 Deus,
3376 3595 3528 3650 sicut
3570 3597 3754 3660 Pater,
3800 3596 3840 3649 si

2272 3701 2401 3758 pars
2430 3694 2597 3751 esset,
2629 3694 2686 3741 et
2719 3702 2830 3741 non
2856 3696 3030 3742 totum
3059 3687 3242 3757 :atqui
3269 3686 3419 3757 quod
3443 3688 3593 3742 Deus
3611 3689 3842 3758 appelle-

2275 3789 2384 3840 tur,
2417 3778 2601 3832 statim
2627 3777 2986 3842 docebimus;
3010 3777 3212 3833 deinde
3231 3778 3378 3847 quod
3403 3778 3606 3844 homo;
3639 3787 3840 3848 postea,

2272 3870 2417 3940 quod
2447 3870 2787 3938 compositus
2815 3886 2881 3924 ex
2915 3869 3176 3924 diversis.
3458 3935 3464 3940 _

2344 3962 2486 4016 XIX.
2527 3962 2677 4017 Dixit
2723 3976 2856 4032 ergo
2905 3961 3173 4017 Jeremias
3209 3961 3461 4017 indicans
3512 3963 3668 4017 hunc
3704 3981 3718 4015 :
3757 3962 3844 4016 Hic

2272 4065 2347 4110 est
2380 4055 2516 4108 Deus
2554 4064 2751 4118 noster,
2791 4063 2840 4107 et
2879 4069 2983 4108 non
3027 4055 3378 4108 astimabitur
3421 4055 3560 4109 alius
3601 4056 3844 4109 adversus

2271 4161 2409 4198 eum.
2438 4144 2534 4198 Hic
2564 4144 2833 4197 adinveuit
2873 4159 3082 4197 omnem
3119 4145 3260 4198 viam
3289 4144 3600 4213 disciplina,
3634 4155 3684 4198 et
3713 4143 3845 4198 dedit

2271 4235 2423 4289 illam
2467 4234 2628 4289 Iacob
2670 4250 2831 4304 puero
2873 4251 2990 4298 suo,
3033 4241 3082 4288 et
3118 4234 3299 4288 Israel.
3333 4234 3523 4289 dilecto
3569 4253 3688 4290 suo.
3728 4235 3841 4290 Post

2271 4327 2378 4380 hac
2403 4327 2459 4379 in
2484 4327 2637 4378 terris
2668 4326 2808 4379 visus
2847 4335 2944 4389 est,
2973 4336 3018 4378 et
3047 4341 3166 4378 cum
3189 4326 3482 4380 hominibus
3516 4337 3837 4380 conuersam

2273 4427 2345 4472 est
2373 4419 2438 4472 ⁸ο.
2481 4416 2638 4482 Quod
2671 4425 2855 4472 autem
2888 4417 2993 4471 hoc
3024 4417 3348 4471 vaticinium
3395 4417 3464 4472 de
3503 4417 3730 4474 Christo
3770 4420 3837 4473 di-

2271 4520 2419 4566 ctum
2457 4509 2550 4574 sit,
2578 4509 2739 4578 plane
2767 4509 3112 4564 demonstrat
3139 4509 3487 4564 conversatio
3513 4526 3644 4565 cum
3680 4512 3836 4566 humi

2273 4603 2456 4665 nibus,
2513 4599 2738 4670 quando
2789 4615 3013 4655 carnem
3081 4601 3328 4669 suscepit
3384 4601 3554 4661 Deus,
3615 4602 3686 4657 de
3729 4596 3842 4672 quo

2274 4693 2448 4749 David
2480 4693 2692 4762 plectro
2724 4692 2962 4747 chordas
3010 4692 3334 4762 percutiens
3389 4693 3629 4747 canebat
3671 4713 3684 4746 ε
3716 4693 3841 4747 Deus

2275 4787 2493 4841 deorum
2543 4784 2679 4838 Deus
2735 4783 2937 4838 locutus
2968 4792 3064 4848 est,
3099 4795 3147 4839 et
3186 4787 3389 4838 vocavit
3425 4789 3724 4851 terram";
3753 4795 3836 4841 et:

2277 4876 2418 4931 Deus
2461 4875 2738 4945 manifeste
2773 4876 2942 4930 veniet
2983 4876 3048 4929 “.
3083 4875 3151 4929 Et
3181 4891 3251 4930 ne
3297 4874 3440 4929 forte
3468 4877 3750 4931 existimes
3783 4875 3838 4929 de

2279 4970 2387 5024 alio
2437 4968 2720 5039 quopiam,
2766 4982 2931 5036 quam
2982 4967 3051 5022 de
3105 4967 3225 5036 ipso
3267 4965 3515 5036 pradici,
3547 4967 3698 5036 quod
3724 4966 3840 5020 sub-

2276 5063 2460 5134 jungit
2509 5061 2753 5134 declarat
2781 5075 2906 5114 eum
2943 5074 3086 5123 esse,
3120 5057 3214 5128 qui
3247 5065 3576 5127 potestatem
3602 5058 3788 5128 judicii
3813 5073 3840 5110 a

2277 5155 2435 5209 Patre
2478 5151 2711 5220 accepit,
2767 5151 2898 5223 quia
2955 5149 3128 5203 Filius
3176 5149 3420 5203 hominis
3453 5159 3572 5213 est;
3605 5149 3839 5217 sequitur

2273 5246 2462 5301 enim:
2497 5244 2642 5314 Ignis
2675 5245 2732 5296 in
2770 5250 3047 5310 conspectu
3073 5241 3184 5310 ejus
3213 5238 3436 5301 ardebit,
3475 5250 3526 5293 et
3559 5241 3614 5293 in
3640 5241 3835 5293 circuitu

2277 5339 2392 5407 ejus
2432 5344 2712 5405 tempestas
2738 5333 2954 5388 ualida:
2986 5331 3256 5385 advocabit
3280 5331 3467 5384 caelum
3498 5332 3768 5386 desursum
3796 5335 3836 5382 el

2279 5440 2499 5495 terram,
2539 5429 2832 5482 discernere
2879 5423 3132 5496 populant
3183 5439 3338 5476 suum
3373 5424 3441 5479 ".
3485 5423 3646 5490 Quod
3675 5432 3837 5478 autem

2581 5552 2624 5581 ²¹
2669 5551 2801 5605 ibid.
2859 5550 2911 5603 5.
2989 5547 3032 5580 ’³
3066 5544 3199 5600 ibid.
3235 5545 3286 5609 ὅ,
3324 5545 3373 5598 ι.

1913 5668 2143 5725 ῪΑΙῖΙᾹΞ
2187 5669 2594 5726 LECTIONES.

679 5743 698 5769 ’-
724 5733 1010 5799 Inlegmm.
1050 5735 1170 5809 ἁκὲξ
1194 5751 1330 5788 αιον.
