4054 6312
243 239 383 307 1345

1225 247 1508 310 ORATIO
1546 249 1661 312 ῘΙΙ.
1698 275 1768 286 ’-
1795 249 1895 311 DE
1931 249 2523 314 INCARNATIONE.

3363 251 3500 318 1346

239 351 412 410 Pater
451 370 556 408 non
593 353 805 424 judicat
843 371 1161 426 quemquam
1202 355 1272 425 ἰ,
1317 373 1386 412 ex
1435 359 1556 429 ipso
1587 359 1822 414 Domino
1850 361 1896 417 Α
1923 361 2228 430 pr0phetas
2272 361 2574 424 hominem,
2602 358 2709 429 qui
2757 366 2841 415 est
2877 358 3083 430 alioqui
3109 360 3274 416 Deus.
3311 361 3501 418 Relin-

236 447 576 502 audivimus.
605 449 752 502 Deus
793 449 960 518 igitur
987 450 1296 522 dijudicans
1334 454 1598 522 populum
1631 469 1814 520 suum,

234 537 500 594 Christus
545 547 632 594 est
683 541 990 596 secundum
1033 542 1454 599 humanitatem.

312 629 433 686 XX.
475 631 536 684 In
573 631 824 688 eamdem
869 632 1203 688 sententiam
1253 635 1467 690 dictum
1513 642 1600 691 est
1634 636 1813 691 illud:

238 719 385 774 Deus
430 723 572 776 stetit
611 725 668 776 in
701 740 973 795 synagoga
1024 725 1275 791 deorum;
1331 727 1392 782 in
1436 727 1607 782 medio
1645 735 1818 782 autem

237 812 367 864 deos
408 811 718 882 dijudicabit
749 815 815 867 ”.
851 812 1066 869 Clamat
1094 823 1361 884 praeterea
1392 815 1563 870 Oscae
1599 831 1666 871 ex
1692 831 1822 887 per-

238 918 380 958 sona
418 905 540 974 ejus
573 905 936 974 prOphetans,
964 915 1022 960 et
1045 906 1238 962 dicens
1275 924 1302 960 τ·
1324 906 1463 962 Deus
1494 923 1611 962 sum
1641 916 1690 961 et
1717 924 1822 962 non

239 995 433 1060 homo;
460 995 516 1050 in
559 1002 608 1046 te
634 1003 851 1049 sanctus
886 997 953 1050 ’⁸.
986 996 1054 1050 Et
1076 996 1245 1051 Isaias
1275 996 1344 1052 ad
1373 1012 1502 1052 eum
1531 997 1778 1054 referens
1803 1015 1818 1053 :

236 1082 310 1140 In
344 1094 414 1150 te,
447 1085 648 1155 inquit,
687 1096 763 1140 est
793 1085 954 1152 Deus,
991 1095 1042 1141 et
1081 1103 1183 1142 non
1219 1097 1295 1142 est
1338 1089 1476 1143 alius
1504 1098 1698 1160 pmter
1750 1106 1819 1146 te.

242 1176 321 1229 Tu
343 1177 483 1229 enim
505 1192 555 1229 es
575 1175 736 1242 Deus,
758 1184 808 1230 et
837 1178 1170 1244 nescivimus,
1188 1175 1328 1233 Deus
1359 1179 1534 1235 Israel
1562 1181 1820 1236 salvator.

242 1264 674 1335 Confundentur,
706 1276 756 1320 et
788 1268 1158 1323 reverebantur
1190 1287 1372 1325 omnes
1414 1272 1506 1341 qui
1534 1270 1826 1328 adversan-

245 1364 337 1408 tur
357 1357 404 1410 ei
432 1358 504 1410 ²⁷.
539 1354 696 1423 Quod
720 1367 905 1413 autem
939 1359 1138 1415 Judaei
1157 1369 1214 1416 et
1237 1362 1374 1432 legis
1406 1363 1666 1420 doctores
1699 1380 1828 1435 pro-

246 1455 379 1516 pter
412 1447 802 1504 indumentum
857 1451 1043 1505 carnis
1073 1452 1125 1506 ei
1179 1453 1458 1508 adversati
1507 1464 1659 1523 sunt,
1708 1472 1826 1512 ma-

240 1539 517 1595 nifestum
565 1549 671 1596 est.
722 1541 874 1597 Cum
901 1543 1050 1596 enim
1104 1544 1454 1614 ignoraretur
1503 1547 1630 1616 quis
1683 1557 1829 1604 esset

1918 454 2128 523 quitur,
2186 463 2248 508 ut
2301 469 2368 508 ex
2413 452 2622 508 eisdem
2665 451 2968 521 Scripturis
3015 452 3368 506 manifestum
3417 453 3500 509 fa—

1917 543 2150 608 ciamus,
2181 543 2460 612 quomodo
2504 542 2650 597 idem
2691 542 2836 596 Deus
2866 550 2952 596 est
2984 541 3148 596 simul
3194 542 3391 608 homo;
3442 554 3504 598 ut

1917 649 2042 703 quae
2109 635 2350 689 diximus
2395 633 2782 690 auctoritatem
2838 632 3122 700 habeant,
3167 633 3506 688 testimoniis

1919 726 2342 796 Scripturarum
2387 725 2734 780 conﬁrmata.
2766 724 3071 780 Considera
3121 725 3291 795 igitur
3343 725 3501 789 mihi,

1921 833 1990 871 an
2036 817 2144 872 hoc
2191 818 2559 886 compositum
2601 817 2774 871 David
2808 817 2864 870 in
2893 817 3185 887 aenigmate
3232 815 3506 886 signiﬁcet

1921 908 1978 962 in
2024 909 2238 978 psalmo
2284 907 2706 978 quadragesimo
2761 917 2996 977 quarto,
3054 907 3150 977 qui
3202 907 3504 976 inscriptus

1921 1011 2010 1054 est
2047 1018 2060 1052 :
2094 999 2198 1053 Pro
2232 1000 2579 1054 immutandis
2622 1000 2694 1054 ad
2747 998 3073 1054 intellectum
3111 1000 3378 1052 canticum
3409 1013 3505 1066 pro

1923 1090 2113 1144 dilecto
2135 1091 2200 1143 ³⁸.
2226 1091 2470 1146 Dilectus
2497 1100 2683 1145 autem
2709 1099 2796 1146 est
2821 1091 2975 1145 solus
3013 1090 3208 1155 Filius,
3245 1099 3304 1143 ut
3337 1097 3508 1144 testa-

1927 1189 2017 1235 tur
2041 1181 2404 1253 Evangelium
2436 1182 2494 1236 in
2533 1197 2644 1252 quo
2673 1198 2778 1237 vox
2807 1182 2988 1236 Patris
3015 1181 3193 1236 fertur
3215 1196 3339 1250 qua:
3365 1180 3507 1235 dixit

1923 1269 2148 1327 Christo
2204 1290 2219 1326 :
2271 1273 2346 1326 Tu
2389 1289 2443 1326 es
2491 1272 2656 1326 Filius
2686 1288 2830 1326 meus
2859 1271 3079 1325 dilectus
3111 1273 3178 1324 ³⁹.
3226 1270 3328 1326 Hic
3357 1269 3505 1325 enim

1925 1371 2173 1418 mutatus
2215 1372 2300 1418 est
2333 1364 2514 1419 factus
2559 1365 2748 1427 homo,
2795 1379 2907 1418 non
2945 1364 3250 1418 mutatione
3295 1371 3507 1416 naturae

1927 1455 2310 1523 immutabilis,
2346 1457 2443 1512 sed
2487 1457 2862 1526 assumptione
2901 1456 3131 1510 alterius
3160 1475 3174 1510 :
3203 1455 3327 1510 Haec
3357 1455 3504 1508 enim

1927 1554 2004 1600 est
2025 1549 2248 1601 mutatio
2275 1546 2507 1602 dentem
2529 1547 2784 1602 Altissimi
2819 1547 2885 1627 βο,
2909 1562 3031 1616 quae
3052 1546 3196 1600 facta
3221 1553 3326 1608 est,
3357 1545 3506 1613 quod

242 1633 344 1703 qui
371 1633 432 1687 in
486 1633 667 1688 aliena
715 1633 891 1688 forma
929 1636 1288 1701 cernebatur,
1343 1636 1717 1694 audiebat‘ab
1762 1640 1828 1695 iis
1929 1654 2039 1693 non
2081 1648 2219 1694 erat.
2271 1638 2380 1693 Aut
2426 1639 2552 1693 sic:
2596 1638 2703 1692 Pro
2739 1637 3084 1695 immutandis
3132 1635 3371 1705 gentibus
3410 1648 3506 1703 per
3582 1647 3588 1654 '

241 1725 342 1793 qui
392 1725 761 1796 ignorabant:
793 1724 972 1790 Quare
1011 1736 1087 1792 tu,
1125 1729 1278 1781 homo
1319 1745 1441 1783 cum
1473 1731 1566 1794 sis,
1603 1730 1733 1800 facis
1779 1739 1829 1786 te
1860 1709 1905 1765 Β
1938 1731 2138 1801 ipsum.
2179 1730 2238 1784 In
2279 1731 2387 1784 hoc
2424 1730 2592 1800 igitur
2642 1729 2852 1799 psalmo
2902 1744 2997 1799 pro
3040 1725 3250 1792 dilecto,
3277 1725 3384 1779 vel:
3411 1739 3506 1796 pro

239 1815 419 1885 ipsum
445 1814 615 1870 Deum
648 1816 735 1870 ἐἳ
767 1815 834 1870 Ili
865 1817 1036 1887 igitur
1063 1817 1478 1873 conlundentur
1511 1820 1827 1890 aliquando,

241 1923 374 1964 cum
404 1908 719 1978 intelligent
762 1908 1054 1962 veritatem
1105 1923 1232 1963 cum
1262 1910 1478 1979 pudore
1528 1913 1830 1982 superioris

243 1999 596 2071 ignorantiae.
629 1999 810 2068 Atque
839 1999 955 2054 haec
997 1999 1272 2056 hactenus
1306 2019 1320 2054 :
1351 2017 1500 2058 nunc
1549 2019 1616 2058 ex
1641 2005 1831 2060 multis

241 2106 420 2161 pauca
445 2106 568 2160 quae
603 2089 984 2144 testimonium
1009 2090 1264 2145 tribuunt
1287 2092 1562 2148 divinitati
1600 2093 1827 2161 Christi,

239 2191 303 2236 ct
347 2181 522 2236 Deum
561 2195 697 2236 esse
735 2196 863 2235 eum
911 2197 1042 2236 cum
1087 2197 1255 2238 carne
1288 2181 1687 2239 demonstrant.

319 2271 465 2326 XXI.
504 2271 663 2338 Quod
696 2280 881 2327 autem
912 2273 1080 2328 homo
1115 2283 1222 2340 est,
1272 2290 1468 2330 rursus
1501 2291 1570 2331 ex
1617 2275 1829 2331 eisdem

245 2361 557 2432 Scripturi‘s
607 2361 849 2433 Spiritus
885 2363 1062 2418 sancti
1111 2379 1213 2435 pro
1243 2365 1392 2420 virili
1431 2375 1586 2434 parte
1619 2367 1831 2437 patefa-

237 2453 484 2508 ciemus.
527 2454 722 2508 Primo
752 2453 921 2524 igitur
947 2454 1118 2510 Isaias
1142 2466 1434 2525 postquam
1459 2472 1586 2510 eum
1620 2457 1833 2512 vocavit

246 2561 510 2615 puerum,
559 2554 618 2602 et
641 2546 855 2618 virgam
886 2562 954 2603 ex
984 2546 1175 2604 radice
1203 2549 1356 2605 Jesse
1387 2560 1585 2616 ortam,
1617 2561 1672 2606 et
1701 2553 1832 2608 Em-

247 2637 586 2702 manuelem,
632 2645 690 2692 et
738 2653 948 2692 marem
996 2654 1065 2694 ex
1105 2640 1458 2708 pr0phetissa
1503 2648 1714 2704 natum,
1776 2653 1832 2698 et

246 2736 543 2799 postquam
593 2728 902 2782 nominavit
933 2743 1061 2782 eum
1113 2716 1368 2782 Celeriter
1405 2728 1598 2800 spolia,
1647 2740 1698 2784 et
1727 2733 1831 2786 cito

248 2818 495 2889 prwdare
527 2820 607 2882 ";
663 2818 810 2876 hunc
838 2818 1020 2888 ipsum
1065 2818 1156 2874 his
1186 2819 1374 2874 verbis
1415 2821 1710 2876 nominans
1733 2821 1829 2876 ho-

249 2909 460 2964 minem
491 2926 506 2963 :
539 2908 609 2963 Et
644 2909 892 2976 vidimus,
944 2910 1146 2979 inquit,
1197 2926 1338 2974 eum,
1369 2921 1420 2965 et
1459 2929 1564 2966 non
1608 2913 1832 2987 habebat

245 3003 476 3073 speciem
511 3017 677 3072 neque
703 3002 1153 3073 pulchritudinem
1169 3021 1202 3069 ;_
1223 3005 1316 3068 sed
1351 3007 1556 3075 ‘species
1592 3008 1709 3076 ejus
1747 3008 1832 3060 in-

247 3100 517 3158 honorata
556 3111 575 3150 :
605 3095 852 3164 deﬁciens
889 3103 1082 3165 praeter
1129 3111 1310 3150 omnes
1351 3098 1639 3152 homines:
1679 3100 1834 3154 homo

245 3190 308 3243 in
345 3187 504 3258 plaga
531 3235 534 3237 .
557 3189 830 3252 exsistens,
866 3194 916 3240 et
958 3189 1126 3241 sciens
1173 3187 1314 3257 ferre
1353 3188 1725 3257 inﬁrmitatem
1766 3192 1832 3246 ’°.

252 3280 324 3334 Et
389 3293 582 3334 rursus
630 3277 800 3332 David
869 3278 1208 3347 psalmorum
1267 3279 1529 3349 scriptor,
1588 3281 1834 3336 divinam

250 3370 430 3440 lyram
461 3368 707 3437 plectens
735 3383 748 3420 :
778 3364 935 3431 Quid,
960 3366 1161 3436 inquit,
1189 3374 1267 3421 est
1284 3369 1439 3422 homo
1469 3375 1607 3438 quod
1637 3386 1837 3424 memor

249 3478 307 3516 es
340 3460 500 3530 ejus?
537 3469 634 3514 aut
671 3458 839 3512 Filius
871 3459 1119 3524 hominis,
1155 3460 1284 3530 quia
1316 3460 1524 3514 visitas~
1547 3463 1710 3514 eum?
1736 3461 1836 3515 bli-

251 3553 419 3606 nuisti
457 3568 577 3606 eum
618 3551 781 3622 paulo
815 3552 1003 3605 minus
1032 3550 1096 3604 ab
1117 3550 1328 3621 angelis
1371 3551 1833 3608 ".—Minoratus

248 3652 357 3709 est,
392 3646 563 3716 enim,
599 3653 662 3700 ut
709 3644 912 3698 Paulus
958 3643 1035 3697 ait
1072 3659 1086 3696 :
1126 3642 1288 3713 paulo
1317 3645 1492 3698 minus
1535 3661 1700 3714 quam
1732 3662 1834 3699 an-

249 3736 384 3809 geli,
404 3737 583 3792 lactus
613 3737 801 3801 homo,
826 3744 1042 3807 propter
1071 3737 1370 3806 passionem
1388 3738 1575 3791 mortis
1602 3753 1834 3807 :quam-

249 3829 450 3884 obrem
501 3827 702 3898 glaria'
741 3838 792 3882 et
841 3831 1038 3883 honore
1091 3837 1376 3882 coronatus
1425 3836 1502 3882 est
1535 3829 1604 3893 θ’,
1642 3831 1835 3885 omnes

247 3929 452 3994 gentes
475 3935 577 3990 pro
609 3919 812 3990 quibus
833 3927 1080 3973 mortem
1121 3919 1315 3984 subiit,
1368 3920 1424 3974 in
1457 3920 1832 3976 hereditatem

248 4012 537 4080 accipiens
560 4029 575 4064 :
599 4011 717 4064 hac
739 4009 890 4063 enim
919 4015 1040 4063 erat
1067 4007 1241 4079 gloria
1265 4025 1427 4079 quam
1452 4010 1594 4080 apud
1615 4009 1834 4064 Patrem

247 4103 498 4168 habebat,
545 4110 832 4172 antequam
865 4100 1119 4155 -mundus
1170 4101 1324 4170 ﬁeret
1354 4101 1416 4155 ³³.
1439 4101 1670 4171 Propter
1693 4102 1834 4158 hanc

249 4197 422 4253 scivit
445 4196 610 4251 ferre
664 4193 1065 4259 inﬁrmitatem,
1095 4202 1155 4248 ut
1186 4209 1309 4262 quae
1339 4194 1599 4249 universo
1627 4194 1833 4249 mundo

250 4287 546 4344 sanitatem
595 4286 884 4340 all‘erebat.
913 4283 1015 4339 Hic
1053 4285 1222 4355 igitur
1261 4285 1369 4339 etsi
1401 4285 1693 4340 videbatur
1721 4301 1832 4340 non

1935 1823 2282 1877 immutandis
2328 1822 2407 1876 ait
2447 1821 2656 1876 David:
2700 1820 2974 1890 Speciosus
3025 1818 3196 1887 {arma
3238 1831 3348 1886 pm
3379 1815 3507 1883 ﬁliis

1937 1914 2241 1980 hominum;
2269 1915 2459 1984 diffusa
2488 1920 2563 1967 est
2591 1914 2767 1982 gratia
2799 1913 2857 1964 in
2901 1910 3051 1963 labiis
3089 1910 3193 1962 tuis
3223 1925 3241 1963 :
3267 1914 3510 1978 propter-

1936 2021 2000 2058 ea
2037 2006 2188 2058 unxit
2213 2012 2262 2058 te
2302 2004 2463 2069 Deus,
2504 2003 2643 2057 Deus
2685 2009 2827 2066 tuus,
2860 1999 2972 2054 oleo
2999 1999 3368 2054 exsultationis
3397 2012 3508 2068 pra:

1937 2097 2282 2167 participibus
2307 2099 2412 2150 tuis
2451 2095 2519 2148 “.
2555 2094 2711 2160 Quod
2736 2091 3083 2148 manifestius
3115 2091 3246 2146 fecit
3277 2089 3419 2144 alius
3438 2103 3508 2143 ex

1938 2189 2360 2259 interpretibus,
2392 2188 2686 2258 inquiens:
2725 2187 2884 2241 Una'it
2927 2194 2975 2238 te
3002 2185 3162 2248 Deus,
3191 2182 3329 2236 Deus
3357 2191 3507 2246 tuus;

1937 2283 2164 2351 ungitur
2192 2281 2342 2335 enim
2373 2281 2518 2335 Deus
2545 2296 2574 2334 a
2597 2280 2731 2342 Deo,
2762 2293 2874 2337 non
2899 2284 3174 2346 quatenus
3214 2263 3379 2338 Deus,
3409 2273 3505 2327 sed

1936 2382 2208 2442 quatenus
2240 2373 2410 2426 Filius
2454 2371 2714 2425 hominis.
2747 2368 2887 2424 Cum
2928 2368 3075 2422 enim
3101 2374 3348 2420 vocasset
3377 2380 3505 2418 cum

1937 2464 2112 2519 lilium
2167 2463 2428 2527 hominis,
2477 2464 2766 2534 speciosum
2818 2461 2991 2530 {arma
3023 2473 3134 2530 pra:
3163 2456 3288 2526 ﬁliis
3335 2457 3505 2509 homi-

1937 2573 2098 2623 num;
2117 2570 2185 2610 ne
2215 2555 2310 2626 qui
2334 2555 2472 2609 forte
2498 2569 2596 2625 per
2622 2552 2952 2622 imperitiam
2980 2549 3262 2604 hominem
3295 2554 3506 2600 tantum

1937 2665 2058 2704 esse
2103 2649 2542 2718 suspicarentur,
2577 2646 2762 2700 divina
2813 2643 2986 2714 gratia
3034 2655 3146 2711 prae
3176 2640 3300 2694 aliis
3332 2637 3510 2693 homi-

1938 2740 2105 2794 nibus
2142 2739 2483 2804 decoratum,
2523 2742 2649 2792 eum
2686 2736 2948 2803 deinceps
2975 2733 3146 2786 Deum
3180 2728 3509 2794 nominavit,

1939 2832 2200 2902 inquiens
2241 2847 2256 2884 :
2304 2830 2465 2886 Unxit
2505 2838 2554 2882 te
2590 2828 2750 2892 Deus,
2792 2827 2932 2880 Deus
2971 2835 3089 2878 tuus
3137 2823 3251 2877 oleo
3279 2819 3512 2875 exsulta-

1939 2925 2098 2978 tionis
2129 2923 2239 2993 pm
2283 2922 2626 2991 participibus
2667 2921 2790 2974 tuis.
2837 2918 3047 2973 Similia
3084 2917 3173 2970 his
3201 2922 3352 2977 sunt,
3391 2929 3513 2983 quas

1937 3012 2206 3067 Dominus
2234 3028 2264 3066 a
2286 3010 2520 3065 mortuis
2541 3009 2838 3064 suscitatus
2867 3005 3007 3060 dixit
3026 3005 3207 3058 Mariae
3236 3020 3248 3054 :
3275 3004 3512 3056 Ascendo

1939 3101 2009 3155 ad
2048 3100 2271 3155 Patrem
2303 3116 2478 3153 meum
2506 3107 2556 3151 et
2586 3097 2804 3151 Patrem
2847 3102 3099 3158 vestrum,
3149 3091 3316 3144 Deum
3340 3106 3511 3144 meum

1936 3199 1986 3244 et
2029 3191 2201 3244 Deum
2248 3197 2478 3243 vestrum
2519 3188 2586 3241 “.
2634 3187 2806 3241 Nemo
2855 3193 3039 3238 autem
3090 3191 3175 3237 est
3223 3190 3513 3249 tantopere

1936 3295 2104 3336 sensu
2153 3280 2355 3335 mentis
2403 3295 2561 3349 puer,
2615 3286 2675 3330 ut
2723 3275 3038 3344 suspicetur
3077 3289 3204 3327 eum
3239 3273 3333 3341 qui
3384 3286 3512 3325 vene

1936 3371 2082 3426 Deus
2124 3379 2227 3434 est,
2281 3369 2508 3438 pr0prie
2564 3366 2674 3420 dici
2724 3365 2886 3434 posse
2933 3362 3139 3417 habere
3167 3362 3374 3425 Deum;
3409 3373 3514 3412 nec

1933 3476 2061 3517 eum
2094 3460 2190 3531 qui
2232 3461 2398 3514 homo
2445 3468 2660 3514 tantum
2692 3458 2785 3523 sit,
2812 3457 3258 3511 Patrem‘vocare
3287 3449 3512 3521 proprie

1935 3554 2110 3607 Deum
2162 3565 2346 3606 suum.
2385 3548 2491 3604 Sed
2540 3549 2671 3618 quia
2701 3547 2808 3602 hoc
2831 3556 2896 3601 et
2917 3545 3053 3600 illud
3087 3554 3174 3600 est
3201 3544 3257 3598 in
3291 3542 3509 3606 eodem,

1934 3643 2084 3698 Deus
2127 3641 2291 3696 simul
2327 3648 2384 3695 et
2418 3639 2608 3706 homo,
2643 3646 2942 3706 utrumque
2969 3636 3194 3706 praprie
3237 3650 3360 3690 esse
3387 3649 3510 3688 cer-

1931 3732 2130 3787 nitur:
2166 3730 2340 3785 Filius
2371 3730 2522 3785 enim
2556 3736 2663 3792 est,
2699 3735 2756 3782 et
2789 3740 3015 3791 servus;
3050 3725 3258 3780 idcirco
3291 3723 3512 3794 proprie

1934 3832 2095 3878 vocat
2122 3825 2322 3888 Deum,
2350 3822 2514 3878 simul
2561 3821 2733 3876 Deum
2763 3828 2820 3874 et
2856 3819 3075 3873 Patrem
3104 3837 3116 3872 :
3148 3818 3368 3872 Patrem
3391 3815 3514 3884 qui-

1934 3918 2060 3973 dem
2093 3927 2156 3972 ut
2185 3918 2414 3972 Patrem
2437 3916 2557 3980 Dei,
2586 3915 2758 3970 Deum
2787 3926 2922 3968 vero
2955 3919 3017 3965 ut
3047 3912 3218 3966 Deum
3247 3909 3508 3964 hominis.

1931 4009 2056 4064 Non
2107 4010 2258 4063 enim
2322 4015 2506 4079 potest
2557 4007 2685 4077 quis
2742 4019 3038 4077 separare,
3091 4017 3214 4072 qute
3265 3999 3512 4070 separari

1933 4116 2045 4154 non
2083 4105 2338 4169 possunt.
2365 4099 2496 4154 dum
2533 4097 2789 4153 Christus
2817 4109 2920 4162 est,
2958 4095 3053 4166 qui
3083 4110 3150 4149 ex
3177 4093 3263 4148 his
3291 4105 3515 4161 compo-

1933 4193 2074 4247 situs
2113 4199 2218 4247 est.

2004 4281 2198 4337 XXIII.
2239 4281 2394 4336 Unde
2459 4281 2726 4336 adversus
2771 4295 2888 4345 eos,
2939 4264 3034 4348 qui
3077 4287 3304 4348 propter
3350 4276 3512 4331 indu-

249 4378 464 4440 babere
508 4378 753 4448 speciem
799 4377 884 4431 vel
921 4375 1439 4446 pulchritudinem:
1485 4377 1623 4432 Erat
1655 4387 1830 4432 tamen
1864 4403 1907 4458 ι)
1935 4383 2184 4428 mentum
2229 4372 2415 4428 carnis
2453 4371 2682 4441 decepti.
2721 4379 2870 4436 sunt,
2915 4367 3514 4438 existimantque‘pro-

245 4466 514 4534 speciosus
561 4465 736 4534 {arma
765 4480 874 4533 pra:
894 4463 1022 4532 ﬁliis
1057 4465 1328 4518 hominum
1360 4465 1424 4518 “.
1467 4465 1638 4521 Filius
1684 4467 1833 4520 enim

247 4567 377 4613 erat
419 4556 541 4622 Dei,
592 4567 648 4611 et
702 4557 879 4612 Filius
931 4557 1173 4611 hominis
1228 4557 1608 4624 conﬁrmatus,
1660 4566 1717 4614 et
1757 4560 1840 4613 uir

248 4651 487 4705 dentem
535 4666 566 4704 a
620 4649 830 4720 Spiritu
881 4659 1072 4705 sancto
1119 4659 1365 4704 vocatus.
1439 4648 1582 4716 Fiat,
1634 4651 1834 4722 inquit,

249 4760 448 4798 manus
487 4752 579 4797 tua
607 4759 763 4813 super
809 4744 982 4797 virum
1016 4743 1245 4799 deatem
1285 4753 1408 4809 tute,
1443 4752 1493 4796 et
1535 4759 1693 4814 super
1745 4743 1836 4797 Fi-

251 4836 387 4890 lium
421 4835 647 4889 hominis
699 4851 852 4906 quem
892 4834 1220 4904 conﬁrmasti
1251 4835 1343 4888 tibi
1372 4835 1437 4887 ³⁵.
1481 4835 1695 4890 Dicitur
1747 4835 1835 4890 vir

248 4925 473 4990 Oriens,
523 4925 828 4981 secundum
871 4926 1219 4996 prophetiam
1248 4925 1526 4981 Zachariae
1557 4941 1683 4981 cum
1719 4927 1832 4981 ait:

252 5017 391 5072 Ecce
422 5018 522 5080 vir,
573 5018 762 5073 Oriens
816 5034 1009 5072 nomen
1060 5019 1172 5088 ejus
1205 5018 1250 5050 ³⁸
1279 5036 1294 5071 :
1325 5033 1533 5072 marem
1580 5018 1728 5071 enim
1766 5033 1834 5072 ex

250 5109 612 5182 prophetissa
651 5108 885 5173 editum,
920 5117 984 5162 ut
1012 5107 1181 5163 Isaias
1225 5107 1621 5178 evangelizavit
1650 5107 1718 5173 ³⁷,
1752 5123 1838 5162 re-

248 5199 394 5272 liqui
435 5201 772 5276 interpretes
811 5209 1153 5256 vocaverunt
1187 5200 1380 5254 virum.

327 5293 497 5350 XXII.
533 5293 984 5348 Demonstratum
1008 5307 1142 5364 ergo
1170 5299 1257 5348 est
1276 5291 1468 5347 vocari
1503 5293 1672 5348 etiam
1693 5290 1840 5360 apud

327 5449 371 5479 “
420 5449 580 5504 Joan.
625 5464 675 5510 ι’,
710 5447 800 5501 22.
876 5447 922 5478 "
957 5447 1101 5502 Psal.
1139 5462 1315 5511 uxxr,
1354 5445 1406 5500 1.

327 5535 374 5570 ιι.
428 5525 477 5570 1.
555 5518 600 5549 ³⁰
637 5518 740 5570 Isa.
779 5533 889 5570 ιλιι.
924 5518 979 5570 2.
1016 5516 1069 5570 5.
1150 5517 1190 5547 ³¹
1226 5516 1367 5570 Psal.

249 5535 374 5576 “ll.
428 5535 477 5572 1.

201 5683 214 5688 -
254 5674 442 5726 uxvn,
496 5659 584 5714 11.
663 5659 705 5690 ⁸¹
762 5656 910 5714 Psal.

555 5488 580 5502 ι.
625 5464 675 5510 v,
710 5447 800 5501 22.
876 5447 922 5478 "
957 5447 1101 5502 Psal.
1139 5462 1315 5511 uxxr,
1354 5445 1406 5500 1.
1506 5445 1552 5476 ⁸⁸
1582 5443 1723 5500 Osee
1766 5461 1830 5508 ιι,

555 5518 600 5549 ³ο
637 5518 740 5571 Isa.
779 5533 889 5581 ιλιι,
924 5518 979 5581 2,
1016 5516 1069 5571 5.
1150 5517 1190 5547 ³¹
1226 5516 1367 5570 Psal.
1421 5531 1538 5579 vm,
1587 5515 1644 5578 5,
1687 5516 1738 5570 6.
1815 5514 1830 5546 ³

2031 5443 2074 5475 ’⁷
2107 5444 2213 5499 Isa.
2257 5460 2377 5507 xcv,
2429 5444 2612 5500 H-l6.
2709 5447 2756 5478 ³⁸
2797 5447 2877 5502 Jo:

1931 5513 2074 5569 lcbr.
2131 5532 2187 5579 ιι,
2223 5509 2275 5576 7,
2310 5508 2408 5564 9.⁵³
2454 5515 2610 5571 Joan.
2645 5533 2774 5580 xm,
2827 5518 2877 5571 5.

252 5590 308 5624 ³⁸
349 5589 489 5644 Psal.
529 5603 708 5651 Lxxtx,
758 5587 844 5642 18.
919 5587 968 5619 ³⁸
1014 5587 1181 5643 Zach.
1218 5601 1293 5650 v1,
1340 5585 1428 5639 l2.
1506 5585 1550 5616 ³⁷
1598 5584 1700 5640 Isa.
1738 5600 1851 5649 vm,
1903 5585 1957 5639 5.

995 5673 1139 5728 xuv,
1195 5658 1250 5725 5,
1294 5655 1348 5712 8.
1424 5655 1467 5688 ’δ’
1510 5655 1663 5711 Joan.
1706 5671 1797 5723 xx,
1833 5656 1917 5711 l7.

1936 4467 2157 4537 phetam
2222 4474 2474 4520 sanctum
2530 4479 2652 4519 esse
2707 4479 2856 4528 eum,
2894 4463 3183 4533 viderique
3233 4462 3514 4516 hominem

1891 4549 1898 4560 ’
1935 4563 2187 4623 tantum;
2232 4556 2308 4611 ait
2343 4555 2612 4611 Dominus
2654 4558 2754 4625 per
2799 4553 3120 4609 Zachariam
3149 4555 3511 4624 prophetam:

1935 4649 2057 4703 Non
2110 4667 2228 4704 sum
2271 4666 2364 4720 ego
2415 4649 2692 4720 propheta,
2747 4651 2874 4719 quia
2913 4650 3066 4703 homo
3098 4649 3278 4717 genuit
3321 4663 3404 4699 me
3448 4646 3514 4699 ab

1938 4738 2294 4793 adolescentia
2344 4755 2461 4795 mea
2499 4739 2572 4805 “;
2622 4739 2676 4794 id
2711 4749 2836 4795 est:
2873 4740 2952 4794 Ne
2989 4738 3294 4800 existimes,
3326 4735 3421 4806 qui
3446 4751 3515 4790 ex

1937 4830 2164 4886 homine
2217 4833 2436 4903 genitus
2482 4848 2624 4896 sum,
2653 4833 2978 4902 prOphetam
3010 4842 3130 4884 esse
3160 4845 3173 4882 :
3207 4843 3340 4882 mea:
3365 4826 3514 4881 enim

1939 4924 2326 4980 adolescentiae
2356 4933 2443 4981 est
2468 4926 2585 4981 htec
2613 4926 2916 4996 generatio,
2954 4938 3062 4978 non
3093 4930 3275 4976 autem
3300 4929 3518 4976 aeternae

1937 5032 2074 5071 mea:
2121 5017 2400 5072 essentia.
2451 5017 2519 5071 Et
2577 5033 2679 5087 per
2714 5017 2881 5071 alium
2930 5015 3255 5086 prophetam
3312 5012 3520 5067 clarius

1939 5106 2120 5161 dixit:
2153 5107 2290 5161 Deus
2329 5123 2470 5172 sum,
2510 5115 2559 5161 et
2611 5125 2715 5163 non
2753 5110 2937 5174 homo;
2981 5110 3035 5162 in
3076 5117 3125 5162 te
3167 5115 3378 5162 sanctus
3427 5106 3517 5172 “;

1941 5211 2049 5251 non
2089 5203 2268 5268 negat
2301 5214 2360 5252 se
2413 5198 2716 5263 hominem,
2768 5200 2863 5256 sed
2912 5201 3098 5270 potius
3145 5215 3214 5254 ex
3255 5214 3322 5254 eo
3368 5199 3517 5268 quod

1944 5291 2310 5360 principalins
2351 5299 2456 5354 est,
2513 5299 2570 5346 et
2627 5293 2778 5361 quod
2827 5309 2937 5347 non
2989 5293 3341 5358 credebatur,
3387 5293 3518 5362 quia

2031 5443 2074 5475 "
2107 5444 2213 5499 Isa.
2257 5460 2377 5507 xcv,
2429 5444 2612 5500 H-l6.
2709 5447 2756 5478 ³⁸
2797 5447 2957 5502 Joan.
3010 5465 3061 5507 x.
3118 5450 3208 5507 ⁸55.

2991 5517 3036 5550 ³⁸
3075 5519 3218 5574 Psal.
3261 5536 3402 5580 xuv.
3461 5521 3518 5578 5.

2651 5589 2696 5620 ³⁸
2749 5586 2939 5641 Matth.
2991 5604 3068 5651 ιιι,
3119 5591 3203 5642 17.
3281 5592 3325 5622 ⁸ο
3371 5590 3518 5646 Psal.

2578 5658 2620 5689 “
2659 5656 2796 5713 Osce
2850 5674 2923 5724 χι,
2969 5660 3022 5714 9.

2709 5447 2756 5478 ³⁸
2797 5447 2957 5502 Joan.
3010 5465 3061 5508 χ.
3118 5450 3208 5507 ⁸55.
3311 5451 3358 5482 ⁸⁸
3410 5449 3512 5504 Isa.

2035 5585 2265 5675 1""Ps'al.
2307 5601 2478 5675 XLIV,”
2504 5589 2553 5640 1.

1998 5655 2042 5687 ’⁵³
2081 5655 2248 5714 Zach.
2293 5672 2406 5723 xm,
2447 5660 2497 5716 ὅ.
