4054 6312
615 213 747 281 1347

1727 224 1789 284 5.
1829 225 2228 287 ANASTA‘SII
2260 223 2729 286 ANTIOCHENI

3737 220 3878 286 1348

611 328 788 386 oculis
835 330 1020 385 carnis
1063 344 1175 387 non
1229 331 1546 398 videbatur,
1595 332 1839 403 seipsum
1894 335 2186 390 nominat:
2221 337 2260 394 Α
2291 333 2398 388 sit?
2421 332 2468 388 si
2492 333 2641 387 enim
2673 347 2786 388 non
2808 331 2960 396 facit,
3000 341 3063 388 ut
3089 331 3272 388 aiebat
3304 331 3368 397 ιδ,
3406 345 3578 402 opera
3625 333 3754 402 ejus
3781 337 3876 402 qui

612 429 738 474 erat
779 420 931 474 enim
970 428 1029 475 et
1081 429 1169 479 est
1222 431 1542 492 utrumque,
1585 439 1655 478 ex
1688 440 1799 494 quo
1855 425 2197 482 instrumen-

613 518 732 565 tum
777 526 1108 582 corporeum
1151 513 1259 567 sibi
1295 514 1508 582 aptavit
1555 525 1770 573 natura:
1809 515 2011 571 divinae
2040 515 2198 570 vehi-

612 605 824 666 culum,
874 619 986 673 quo
1037 606 1273 660 salutem
1307 607 1662 664 machinatus
1690 616 1800 672 est,
1825 609 2030 678 quibus
2058 622 2198 677 opus

612 703 754 750 erat.
781 695 989 756 Idcirco
1018 706 1139 765 post
1172 695 1446 752 sacrificia
1469 697 1607 768 legis
1646 713 1769 768 (piae
1799 697 2061 768 prodesse
2086 712 2197 752 non

612 796 932 856 potuerant,
980 787 1164 842 aiebat
1193 806 1206 842 :
1241 788 1377 843 Ecce
1409 793 1560 843 venio
1599 798 1785 860 aptato
1825 790 1952 845 mihi
1980 804 2218 858 corpore,

612 893 724 946 quo
747 885 1036 947 peccatum
1056 880 1250 934 mundi
1282 881 1503 944 tollam;
1523 881 1640 936 haec
1663 881 1813 936 enim
1845 889 1932 937 est
1946 881 2200 936 voluntas

613 966 816 1032 Patris,
864 977 930 1023 ut
968 983 1162 1024 omnes
1213 970 1468 1026 homines
1495 971 1634 1026 salvi
1679 971 1816 1028 ﬁant
1849 989 1865 1026 :
1902 971 2081 1035 Venio,
2103 971 2199 1026 iu-

611 1061 756 1129 quit,
792 1069 850 1114 ut
893 1060 1091 1129 faciam
1137 1061 1470 1118 uoluntatem
1513 1072 1665 1118 tuam
1711 1063 1780 1118 “.

684 1153 876 1210 XXIV.
917 1155 1307 1210 Demonstrato
1331 1157 1500 1228 igitur
1534 1159 1604 1213 iis
1623 1159 1719 1228 qui
1741 1174 1852 1214 non
1876 1167 2006 1215 sunt
2035 1159 2200 1216 nimis

611 1242 684 1296 ab
732 1243 1010 1298 audiendo
1053 1252 1110 1298 et
1147 1245 1471 1301 obedientia
1524 1248 1718 1312 alieni,
1753 1249 1901 1317 quod
1935 1241 2081 1305 Deus
2113 1257 2199 1304 est

607 1332 890 1400 Christus,
938 1344 997 1390 et
1041 1336 1190 1406 quod
1237 1338 1438 1403 homo;
1483 1349 1542 1394 et
1582 1341 1731 1410 quod
1771 1330 1916 1394 Deus
1945 1342 2108 1396 simul
2145 1348 2201 1395 et

612 1425 782 1480 homo
808 1434 916 1491 est,
963 1429 1286 1483 testimonio
1344 1430 1484 1500 legis
1526 1441 1586 1486 et
1633 1432 2074 1500 prophetarum:
2113 1440 2196 1485 tac-

610 1518 776 1571 snetsi
804 1533 1212 1587 supervacuum
1246 1521 1320 1574 sit
1353 1521 1832 1576 testimonia'Novi
1859 1523 2199 1578 Testamenti

608 1601 903 1667 adhibere,
954 1613 1140 1660 tamen
1188 1622 1258 1662 ex
1289 1607 1624 1664 redundanti
1669 1610 1940 1666 accedant
1994 1611 2063 1665 ad
2099 1627 2198 1666 ve-

605 1702 735 1748 tera
768 1695 909 1750 noi'a
948 1713 1072 1767 qua:
1114 1700 1225 1755 illis
1275 1702 1408 1770 ipsis
1454 1714 1781 1769 consonent,
1824 1714 2083 1775 tanquam
2125 1705 2196 1760 ab

615 1802 728 1842 uno
772 1796 830 1844 et
871 1791 1066 1845 eodem
1102 1792 1314 1862 Spiritu
1354 1795 1584 1865 scripta.
1623 1795 1767 1862 Quid
1801 1805 2100 1853 autem-est
2140 1797 2195 1852 in

611 1879 705 1934 his
735 1882 1080 1950 explanatius
1114 1887 1339 1942 nomine
1367 1887 1710 1953 Emmanuel,
1749 1890 1889 1960 quod
1931 1891 2194 1959 interpre-

615 1976 789 2022 totum
825 1978 922 2035 est,
972 1981 1032 2026 ut
1070 1974 1149 2028 ait
1179 1974 1526 2046 Evangelista
1561 1976 1605 2007 “
1638 1994 1653 2030 :
1693 1977 1974 2032 Nobiscum
2007 1977 2196 2032 Deus?

615 2075 727 2114 non
769 2062 931 2116 aliter
976 2065 1271 2120 nobiscum
1306 2068 1453 2122 Deus
1483 2067 1688 2132 dictus,
1740 2068 1850 2123 nisi
1883 2069 2014 2138 quia
2050 2071 2197 2128 Deus

615 2160 736 2205 erat
769 2154 934 2208 simul
971 2164 1020 2208 et
1069 2153 1266 2223 homo.
1295 2175 1364 2215 ex
1413 2160 1579 2215 nobis
1627 2161 1795 2216 simul
1847 2171 1906 2217 et
1935 2177 2003 2217 ex
2032 2163 2146 2218 Deo
2178 2179 2193 2216 :

616 2238 938 2314 hujusmo'di
983 2251 1133 2303 enim
1169 2259 1254 2305 est
1283 2253 1616 2322 compositio
1652 2253 1976 2309 Salvatoris.
2037 2255 2196 2311 Unde

616 2349 742 2389 cum
782 2338 1024 2406 pontifex
1073 2342 1463 2412 jusjurandum
1507 2343 1560 2398 ei
1614 2346 2016 2414 proposuisset,
2063 2346 2194 2401 dum

613 2428 885 2497 judicium
935 2439 992 2485 et
1018 2433 1353 2488 calumniam
1377 2435 1613 2501 subiret,
1650 2436 1904 2507 nihilque
1935 2438 2004 2492 ad
2031 2437 2196 2495 falsas

617 2519 1038 2579 criminationes
1090 2526 1474 2595 responderet,
1529 2528 1900 2597 interrogatus
1959 2546 2030 2587 an
2061 2532 2194 2601 ipse

617 2611 794 2666 Filius
811 2614 907 2668 Dei
926 2624 1090 2681 esset,
1109 2619 1459 2672 commodum
1478 2620 1764 2689 respondit
1789 2622 1892 2676 :Tu
1921 2623 2100 2678 dixisti
2118 2624 2190 2690 ";

617 2717 750 2758 sane
787 2707 1015 2773 quidem
1059 2723 1173 2763 non
1207 2725 1468 2766 assensus
1512 2705 1710 2767 fuisset
1753 2716 2192 2782 percunctationi

618 2794 762 2862 ejus,
813 2795 909 2862 qui
965 2798 1238 2853 malitiose
1269 2808 1325 2853 et
1353 2801 1687 2856 veteratorie
1726 2803 2110 2872 jusjurandum
2141 2806 2191 2861 ei

617 2881 912 2944 inferebat.
954 2887 1057 2940 nisi
1111 2888 1272 2956 plane
1323 2889 1493 2944 sciret
1542 2905 1599 2946 se
1651 2892 1824 2947 Deum
1859 2909 1980 2950 esse
2029 2889 2192 2951 siul

2291 437 2422 480 eum
2453 423 2626 489 misit,
2672 437 2782 479 non
2815 431 2902 480 est
2929 424 3270 480 credendum
3297 423 3348 478 ei
3379 439 3502 479 esse
3549 424 3763 488 Deum;
3792 425 3876 480 sin

2292 528 2427 567 vero
2459 512 2612 578 facit,
2636 523 2865 570 necesse
2889 523 2977 570 est
2997 515 3262 585 operibus
3291 515 3413 585 ejus
3435 514 3672 569 credere
3704 533 3721 568 :
3762 515 3876 569 haec

2293 604 2441 661 enim
2492 604 2880 662 demonstrant
2931 605 3322 670 substantiam,
3371 605 3684 678 secundum
3729 607 3877 661 axio-

2296 712 2385 751 ma
2411 697 2562 766 quod
2598 697 2679 753 ait
2707 713 2721 750 :
2748 697 2995 764 Quorum
3024 706 3111 753 est
3140 699 3390 768 operatio
3407 698 3628 763 eadem,
3659 706 3719 753 et
3750 697 3875 752 sub-

2293 788 2498 842 stantia
2546 802 2678 852 una,
2721 787 2915 842 eadem
2947 787 3058 843 erit
3102 797 3160 844 et
3192 788 3569 858 suboperatip.
3602 787 3875 854 Quocirca

2295 876 2355 931 in
2401 893 2570 932 carne
2621 877 2832 934 latebat
2897 873 3388 934 consubstantialis
3436 879 3614 945 Patri,
3655 878 3874 934 eadem-

2294 983 2404 1038 que
2458 968 2540 1024 illi
2591 968 2826 1035 faciens,
2881 971 2978 1040 qui
3033 971 3265 1026 aiebat:
3311 971 3478 1025 Pater
3517 986 3668 1024 meus
3717 985 3873 1040 usque

2297 1059 2450 1115 modo
2493 1067 2770 1130 operatur,
2812 1068 2861 1115 et
2900 1077 2994 1131 ego
3035 1078 3226 1132 operor
3257 1061 3324 1116 ".
3351 1061 3422 1117 Et
3466 1061 3674 1115 iterum
3712 1059 3874 1124 εοεαε

2295 1150 2433 1210 uidet
2467 1150 2685 1205 Patrem
2717 1152 3019 1220 facientem,
3045 1154 3158 1207 haec
3177 1151 3346 1206 Filius
3370 1151 3621 1206 similiter
3650 1152 3780 1221 facit
3811 1153 3870 1204 ".

2370 1240 2535 1298 XXV.
2584 1242 2761 1298 Recte
2803 1257 2938 1312 ergo
2963 1242 3054 1298 .de
3099 1243 3213 1298 Deo
3249 1242 3555 1298 sentientes
3592 1243 3872 1297 uidebimus

2295 1347 2417 1385 eunt
2446 1333 2604 1386 sicuti
2631 1333 2790 1397 est‘,
2823 1348 2935 1388 non
2973 1341 3215 1402 quantus
3242 1342 3329 1389 est
3353 1351 3366 1387 :
3391 1344 3478 1388 est
3517 1343 3710 1389 autem
3741 1333 3873 1387 Dus

2291 1423 2594 1478 benedictus
2629 1426 2685 1478 in
2715 1425 2936 1490 tacula,
2974 1433 3036 1479 ut
3071 1425 3370 1494 Apostolus
3401 1425 3480 1480 ait
3502 1426 3569 1479 ".
3606 1425 3718 1480 Sed
3749 1425 3872 1479 licet

2298 1515 2442 1571 Deus
2471 1526 2791 1581 est,-tamen
2819 1532 2888 1574 ex
2903 1518 3076 1573 altera
3096 1529 3250 1587 parte
3271 1531 3299 1559 α
3326 1534 3358 1572 a
3390 1534 3450 1574 se
3492 1519 3612 1590 ipse
3647 1527 3874 1574 vocatus

2299 1608 2594 1678 reperitur,
2618 1609 2754 1679 quin
2777 1610 2947 1666 etiam
2975 1625 3007 1665 a
3027 1610 3488 1680 discipulis-suis;
3519 1610 3708 1666 aiebat
3736 1613 3872 1665 enim

2231 1677 2270 1732 Β
2297 1677 2505 1756 Iudaeis
2535 1719 2550 1755 :
2579 1677 2732 1756 Nunc
2768 1703 3004 1774 queritis
3034 1719 3118 1757 nte
3142 1677 3464 1772 interficere,
3494 1706 3768 1758 hominem
3792 1706 3875 1773 qui

2293 1795 2571 1850 ueritatem
2607 1795 2748 1849 vobis
2788 1794 2902 1849 dico
2927 1795 3008 1861 ⁸³;
3039 1781 3166 1865 quae
3209 1795 3436 1865 quidem
3467 1811 3599 1850 cum
3637 1795 3874 1866 perfecte

2297 1883 2498 1940 Paulus
2542 1885 2891 1956 intelligeret,
2917 1899 3108 1940 vocem
3157 1901 3280 1955 qua:
3317 1900 3510 1954 parem
3537 1885 3652 1938 vim
3693 1884 3871 1940 habet.

2296 1970 2350 2024 in
2387 1972 2646 2040 Epistolis
2700 1973 2814 2030 suis
2855 1972 3100 2043 reliquit,
3131 1989 3260 2029 cum
3293 1974 3431 2029 dixit
3458 1991 3473 2028 :
3498 1973 3674 2028 Homo
3727 1972 3872 2029 Chri—

2296 2070 2409 2116 stus
2441 2062 2615 2128 Iesus,
2652 2065 2741 2134 qui
2782 2063 2923 2118 dedit
2963 2079 3020 2118 se
3058 2065 3233 2135 ipsum
3272 2080 3369 2136 pro
3420 2064 3758 2118 omnibus“.
3791 2063 3871 2118 Sic

2303 2154 2467 2225 igitur
2491 2155 2587 2224 qui
2611 2155 2729 2210 sine
2754 2155 3111 2212 contentione
3142 2155 3360 2226 quaerit,
3391 2170 3505 2210 non
3538 2155 3870 2210 aberrabita

2298 2246 2552 2310 veritate,
2615 2261 2738 2316 quas
2787 2245 2856 2302 iis
2909 2247 3002 2316 qui
3041 2261 3164 2302 eam
3215 2246 3569 2310 desiderant,
3623 2244 3869 2314 pateﬁeri

2297 2347 2496 2409 potest,
2528 2340 2688 2409 cujus
2721 2353 2822 2394 nos
2861 2339 3045 2408 cupidi
3079 2348 3136 2394 et
3173 2337 3404 2394 studiosi
3438 2353 3621 2409 pauca
3647 2353 3720 2393 ex
3748 2336 3871 2390 mul-

2297 2428 2369 2483 tis
2398 2443 2519 2498 qute
2561 2428 2616 2482 in
2656 2427 2861 2484 divinis
2895 2420 3196 2498 Scripturis
3222 2429 3470 2500 disperse
3496 2429 3869 2491 continentur,

2295 2522 2672 2592 exposuimus,
2699 2531 2965 2592 quantum
2988 2521 3252 2577 memoria
3279 2537 3348 2576 ex
3371 2532 3627 2591 tempore
3655 2520 3866 2576 obtulit.

2295 2613 2533 2669 Possunt
2572 2622 2755 2670 autem
2795 2613 2893 2682 qui
2939 2612 3114 2668 libros
3152 2625 3338 2668 sacros
3380 2613 3438 2667 in
3477 2611 3739 2667 manibus
3783 2611 3870 2665 ha-

2295 2703 2448 2768 bent,
2502 2704 2764 2774 colligere
2813 2703 3001 2759 omnia
3056 2703 3127 2759 de
3184 2718 3246 2759 re
3291 2704 3418 2768 bac,
3458 2715 3517 2759 et
3575 2704 3782 2759 habere
3819 2703 3868 2756 in

2294 2803 2556 2864 promptu
2581 2793 2649 2849 ad
2670 2809 2825 2850 suam
2850 2793 3146 2850 utilitatem
3169 2801 3226 2848 et
3257 2791 3706 2864 redarguendum
3730 2803 3866 2846 men-

2294 2887 2515 2965 dacium
2549 2904 2563 2941 :
2595 2888 2744 2958 quod
2793 2887 3016 2958 quidem
3043 2903 3147 2958 ego
3171 2902 3321 2942 nunc
3361 2886 3547 2942 facere
3581 2902 3693 2940 non
3728 2887 3871 2956 potui

615 2979 674 3025 et
707 2973 1010 3030 hominem.
1045 2977 1261 3031 Etenim
1305 2979 1352 3034 si
1386 2979 1552 3034 homo
1595 2982 1774 3035 solum
1810 2991 1950 3048 erat,
1983 2994 2046 3039 ut
2073 2988 2195 3056 qui-
2223 3006 2266 3064 ο
2299 2980 2358 3035 in
2393 2980 2608 3037 exsilio.
2649 2980 2756 3036 Sed
2797 2996 2926 3036 cum
2977 2995 3152 3050 pauca
3199 2980 3441 3036 habeant
3477 2980 3732 3035 eamdem
3769 2983 3870 3035 vim

615 3063 742 3118 dam
792 3065 860 3121 de
901 3082 968 3122 eo
1002 3069 1268 3136 sentiunt,
1307 3071 1586 3140 quomodo
1612 3071 1921 3130 afﬁrmabat
1945 3092 2004 3132 se
2027 3077 2200 3142 Deum

616 3155 688 3210 de
715 3161 820 3211 hoc
845 3159 1254 3230 interrogatus?
1283 3161 1405 3216 Non
1437 3165 1586 3218 enim
1615 3174 1866 3220 servatur
1895 3171 2199 3226 secundum

618 3246 754 3300 istos
797 3248 938 3302 ratio
984 3250 1151 3318 justi;
1187 3251 1461 3320 siquidem
1494 3253 1588 3322 qui
1631 3254 1939 3312 divinitatis
1968 3259 2199 3328 gloriam

615 3346 674 3390 et
709 3338 1026 3406 Opinionem
1079 3341 1184 3394 sibi
1232 3343 1485 3408 assumit,
1537 3358 1664 3398 cum
1710 3346 1916 3416 alioqui
1970 3365 2083 3404 non
2128 3335 2199 3404 sit

617 3425 783 3490 Deus,
839 3443 952 3481 non
987 3429 1166 3482 solum
1203 3446 1312 3485 non
1338 3440 1423 3486 est
1464 3435 1669 3504 justus,
1714 3435 1812 3490 sed
1857 3427 2013 3492 valde
2050 3438 2199 3494 blas-

613 3518 892 3587 phemus;
933 3521 1084 3591 atqui
1128 3530 1389 3592 tanquam
1420 3524 1800 3596 blasphemum
1825 3528 1960 3583 fatui
1985 3538 2042 3584 et
2066 3529 2196 3588 caci

613 3625 742 3668 eum
795 3611 865 3665 ad
905 3622 1137 3668 mortem
1189 3615 1612 3682 damnaverunt,
1645 3635 1758 3673 non
1802 3620 2193 3691 intelligentes,

613 3703 763 3770 quod
801 3705 948 3757 clare
977 3715 1033 3759 et
1059 3721 1192 3761 vere
1228 3707 1437 3762 dictum
1477 3720 1618 3764 erat.
1647 3709 1828 3776 Quare
1853 3711 2088 3766 alterum
2124 3728 2192 3768 ex

615 3791 835 3848 duobus
860 3797 1241 3850 necessarium
1277 3806 1383 3864 est,
1413 3807 1510 3853 aut
1541 3799 1794 3855 conﬁteri
1831 3815 1960 3856 eum
1981 3803 2190 3871 Deum;

610 3893 709 3938 aut
741 3900 922 3954 neque
970 3886 1248 3943 hominem
1293 3890 1517 3959 quidem
1540 3892 1774 3962 justum,
1818 3895 1916 3964 qui
1959 3910 2020 3950 se
2055 3896 2194 3952 dixit

613 3974 784 4030 Deum
809 3992 932 4033 esse
965 3995 980 4030 :
1011 3980 1158 4035 sicut
1185 3982 1332 4036 enim
1371 3983 1537 4039 unius
1581 3985 1800 4055 negatio
1845 3988 2076 4044 alterius
2105 3997 2192 4044 est

613 4068 921 4134 recusatio;
977 4071 1058 4124 sic
1097 4072 1264 4126 unius
1319 4072 1610 4128 afﬁrmatio
1644 4076 1877 4132 alterius
1925 4085 2013 4133 est
2053 4094 2188 4134 con-

611 4154 871 4212 firmatio.
891 4158 1081 4228 Itaque
1098 4161 1493 4217 confitentibus
1509 4164 1718 4234 justum
1749 4165 2028 4222 hominem
2043 4183 2184 4235 esse,

607 4248 884 4316 sequitur,
941 4259 1002 4304 ut
1049 4252 1366 4308 necessario
1402 4256 1572 4310 Deum
1624 4271 1747 4311 esse
1795 4259 2183 4325 conﬁteantur,

605 4339 706 4408 qui
740 4339 879 4395 dixit
909 4356 970 4396 se
1005 4357 1130 4399 esse
1161 4345 1354 4400 Deum.
1387 4344 1530 4412 Quid
1559 4348 1708 4403 enim
1744 4349 1930 4406 obstat
1955 4351 2086 4420 quin
2114 4351 2190 4406 ita
2223 4341 2266 4396 ι)

680 4471 727 4549 ξιξ
755 4475 916 4549 *Βεειί
950 4495 1131 4543 xxxix,
1160 4480 1238 4543 .7,
1284 4461 1352 4536 8.-
1412 4482 1457 4512 “‘
1495 4482 1685 4536 Matth.
1735 4473 1774 4548 ι,
1809 4484 1898 4538 23.
1979 4483 2024 4517 δ’
2057 4485 2247 4540 Matth.
2288 4458 2432 4549 xix",
2471 4487 2557 4544 64.

2303 3086 2467 3143 quam
2494 3072 2702 3128 habent
2735 3073 2926 3138 multa,
2962 3073 3210 3142 paucitas
3235 3088 3429 3130 eorum
3470 3088 3596 3142 qua:
3633 3074 3872 3144 exposita

2301 3171 2452 3229 sunt,
2484 3179 2597 3219 non
2622 3165 2866 3220 obstabit
2906 3165 2974 3220 iis
3010 3164 3107 3235 qui
3133 3167 3412 3220 voluerint
3441 3177 3658 3221 certum
3698 3173 3756 3220 et
3783 3181 3871 3220 e1-

2299 3257 2575 3328 ploratum
2611 3255 2839 3318 habere.
2881 3256 2940 3311 in
2967 3273 3080 3326 quo
3118 3273 3259 3329 opus
3291 3264 3411 3312 erat
3455 3257 3664 3312 habere
3692 3275 3704 3309 :
3730 3257 3869 3326 quod

2298 3349 2448 3403 enim
2477 3347 2640 3404 ﬁdem
2673 3355 2730 3403 et
2773 3349 3156 3404 auctoritatem
3190 3349 3356 3404 habet
3390 3349 3445 3402 in
3486 3364 3602 3403 uno
3633 3349 3779 3419 quod
3804 3349 3869 3404 ab

2297 3447 2366 3494 eo
2411 3439 2638 3504 dicitur,
2667 3454 2777 3493 non
2823 3437 3013 3493 minus
3045 3439 3316 3495 credibile
3353 3439 3510 3504 facit,
3553 3454 3725 3508 quam
3761 3439 3804 3494 si
3841 3455 3869 3492 a

2297 3530 2450 3585 mille
2475 3529 2679 3586 similis
2722 3529 3066 3585 auctoritatis
3102 3531 3310 3586 dictum
3343 3541 3521 3595 esset;
3552 3531 3699 3586 idem
3727 3531 3868 3586 enim

2296 3620 2528 3690 spiritus
2558 3628 2645 3675 est
2675 3620 2734 3674 in
2776 3619 3056 3676 omnibus.
3085 3620 3191 3676 Sed
3240 3621 3372 3691 quid
3401 3636 3543 3692 opus
3582 3631 3670 3676 est
3699 3622 3868 3691 pluri—

2295 3712 2401 3788 bus
2428 3712 2654 3767 verbis?
2691 3711 2973 3781 Siquidem
3016 3714 3134 3785 ipse
3163 3729 3194 3768 a
3221 3729 3333 3784 quo
3368 3712 3613 3784 Spiritus
3651 3725 3869 3770 sanctus

2293 3805 2562 3874 procedit,
2617 3806 2686 3862 de
2738 3806 2922 3876 seipso
2980 3815 3168 3876 aperte
3221 3809 3599 3864 testimonium
3651 3807 3867 3866 veritati

2291 3896 2520 3967 prabet,
2552 3897 2648 3967 qui
2687 3897 2950 3968 seipsum,
2976 3908 3035 3954 et
3051 3900 3200 3970 quod
3234 3901 3288 3954 in
3319 3915 3378 3954 se
3401 3909 3508 3966 est,
3545 3901 3863 3972 cognoscit:

2292 3987 2414 4058 Ipse
2441 3989 2606 4053 enim,
2639 3989 2822 4060 inquit
2839 3978 3212 4062 Evangelista,
3247 3993 3468 4058 sciebat,
3492 3995 3625 4063 quid
3651 4004 3785 4048 esset
3811 3995 3860 4045 in

2289 4080 2499 4134 homine
2518 4082 2586 4134 ".
2613 4080 2760 4136 Satis
2817 4081 3124 4138 hactenus:
3154 4097 3445 4155 pergamus
3495 4085 3762 4156 deinceps
3797 4084 3861 4140 ad

2287 4174 2698 4241 exponendum,
2734 4187 2836 4244 pro
2859 4174 3094 4241 viribus,
3125 4190 3246 4245 qua
3291 4176 3358 4230 ad
3391 4177 3705 4246 passionem
3749 4177 3862 4235 Sal-

2287 4263 2492 4318 vatoi-is
2517 4266 2816 4334 pertinent.

2666 4487 2711 4520 ιο
2757 4476 2914 4548 ιοςιῆ.
2954 4487 3008 4555 x‘,
3051 4492 3140 4556 57,
3189 4491 3278 4547 58.
3376 4493 3421 4525 ιο
3466 4493 3626 4550 Joan.
3655 4513 3729 4558 _v,
3772 4497 3852 4551 ιι.

603 4542 658 4574 ⁸⁸
691 4544 828 4600 ibid.
863 4548 948 4602 l9.
1025 4550 1070 4580 “
1094 4549 1114 4602 l
1140 4542 1295 4604 Joan.
1330 4568 1408 4616 ιιι,
1440 4552 1494 4606 2.
1571 4553 1616 4584 ⁸³
1657 4542 1816 4608 Rom.
1841 4571 1916 4620 ix,
1947 4555 1999 4609 5.
2076 4557 2124 4587 ³⁸
2148 4557 2197 4610 .1(

2293 4596 2306 4610 .
2344 4542 2458 4622 vni,
2482 4542 2582 4612 '40;
2661 4559 2706 4640 f.‘
2727 4542 2916 4614 ι’Τῖτῆ.
3194 4542 3312 4595 "ﬂ"
3338 4542 3722 4632 banti—1:15:

1882 4665 2114 4721 vitata:
2155 4651 2559 4728 LECTIONES.

677 4756 702 4785 ι
734 4743 818 4800 Ea:
849 4747 1020 4801 altera
1049 4757 1219 4819 parte.
1251 4749 1330 4804 Ex
1364 4761 1622 4806 contextu
1662 4753 1753 4808 hic
1779 4770 1882 4809 vos
1917 4757 2069 4810 homo
2104 4756 2297 4813 deesse
2322 4758 2563 4814 videtur.

2176 4915 3840 4950 _._______________________

2115 4995 2126 5022 ’
2189 5020 2290 5081 1v.

1318 5129 1426 5190 DE
1477 5129 1863 5193 PASSIONE
1909 5135 2009 5195 ET
2060 5133 2760 5205 lMPASSIBlLITATE
2801 5145 3143 5212 CHRISTI.

669 5340 712 5397 Ι.
743 5341 880 5396 Cum
917 5359 975 5399 se
1004 5342 1258 5398 Christus
1293 5359 1392 5415 per
1425 5360 1490 5399 ea
1535 5360 1655 5414 quae
1678 5345 1897 5401 dicebat
1931 5356 1987 5403 et
2013 5347 2182 5404 facie-

597 5431 714 5496 bat,
763 5449 957 5488 verum
1001 5435 1171 5488 Deum
1221 5445 1278 5489 et
1318 5436 1612 5490 Dominum
1660 5437 1898 5493 universi
1949 5438 2180 5493 demon-

598 5529 846 5587 strasset,
878 5525 1098 5578 dicebat
1130 5525 1417 5596 discipulis
1465 5527 1580 5582 suis
1626 5543 1960 5586 ascensurus
1987 5529 2180 5584 llicro-

2286 5352 2552 5424 solymam
2579 5373 2592 5411 :
2620 5356 2755 5412 Ecce
2789 5355 3118 5416 as'cendimus
3149 5363 3605 5438 Hierosolymam,
3634 5381 3682 5426 ct
3702 5370 3847 5425 I'iliss

2285 5444 2513 5500 hominis
2546 5448 2784 5503 tradetur
2814 5453 3056 5523 gentibus
3103 5465 3150 5507 et
3192 5457 3531 5526 pontificibus
3566 5471 3617 5514 ct
3649 5460 3844 5522 Scribis,

2286 5534 2356 5586 ad
2392 5537 2800 5607 ﬂagellandum,
2837 5551 2884 5597 et
2909 5542 3254 5612 illudemlum,
3287 5555 3336 5600 et
3365 5548 3843 5620 crucifigendunt“.

667 5635 715 5666 "
749 5635 940 5690 Matth.
995 5654 1079 5703 xx,
1129 5639 1214 5706 l8,
1266 5640 1362 5707 l9;
1415 5641 1576 5696 Marc.
1609 5659 1660 5710 x,
1699 5644 1912 5713 53,54;
1941 5644 2076 5700 Luc.
2119 5661 2265 5713 xvm,
2303 5648 2498 5707 5l-35.
