3914 6304
149 243 314 308 13’49

655 243 940 305 ORATIO
980 244 1079 306 IV.
1109 269 1173 281 -
1207 245 1305 305 DE
1344 242 1712 305 PASSIONE
1750 243 1848 304 ET
1887 243 2555 306 IMPASSIBILITATE
2589 245 2901 306 CHRISTI

3285 243 3424 308 1350

143 357 356 413 Aiebat
402 363 586 411 autem
627 354 747 411 hac
788 370 911 425 quae
945 364 1104 410 erant
1135 365 1506 412 consentanea
1539 357 1735 426 praedi-
1771 377 1814 432 Α
1845 357 1928 414 vit
1957 358 2257 428 accepisse,
2291 359 2586 429 inquiens:
2620 359 2763 413 Data
2787 369 2863 413 est
2900 359 3028 414 mihi
3067 362 3238 416 omnis
3273 379 3420 433 ροιθ-

147 452 445 506 ctlonlbus
496 447 912 516 prophetarum,
972 448 1066 516 qui
1123 447 1494 517 praedixerant
1533 449 1743 502 exitum

149 555 328 609 quem
376 548 498 594 erat
548 537 1222 608 Hierosolymissfacturus
1261 557 1275 594 :
1309 541 1456 596 unde
1496 549 1743 611 tempore

155 633 315 687 illius
351 631 684 686 incursionis
704 631 1124 697 sceleratorum,
1155 633 1380 702 quando
1405 648 1530 688 cum
1549 632 1746 704 gladiis

157 732 219 777 et
253 723 492 778 fustibus
520 730 796 777 venerunt
826 722 894 776 ad
921 724 1501 793 comprehendendum
1533 723 1741 788 Jesum,

159 815 306 870 duce
354 809 504 870 illius
540 823 740 869 turmae
769 813 932 879 Juda,
967 829 1133 884 quem
1182 815 1380 870 melius
1411 815 1607 870 fuisset
1633 829 1745 869 non

161 922 288 962 esse
323 916 542 972 natum;
577 921 704 962 cum
733 906 928 960 Petrus
973 905 1226 961 districto
1252 906 1456 974 gladio,
1501 893 1568 961 et
1600 907 1750 961 auri-

164 998 290 1052 cuia
319 998 602 1068 cujusdam
630 995 826 1052 Malcbi
853 997 998 1052 servi
1030 996 1305 1066 pontiﬁcis
1335 1005 1615 1067 amputata
1662 997 1748 1052 in-

161 1087 367 1158 juriam
422 1087 670 1158 magistri
707 1086 903 1143 ulcisci
936 1088 1122 1154 vellet,
1159 1089 1277 1158 ipse
1319 1089 1588 1144 Dominus
1643 1090 1748 1144 Pe-

169 1189 316 1232 trum
351 1179 638 1247 increpans
661 1197 674 1232 :
699 1177 976 1243 Converte,
998 1179 1198 1249 inquit,
1221 1179 1460 1250 gladium
1486 1181 1540 1232 in
1575 1178 1746 1234 locum

168 1286 358 1332 suum;
397 1285 578 1324 omnes
623 1271 765 1324 enim
803 1269 894 1339 qui
942 1272 1237 1341 acceperint
1268 1269 1534 1342 gladium,
1563 1271 1746 1341 gladio

171 1363 432 1431 peribunt.
473 1361 556 1416 An
604 1369 783 1430 putas,
819 1363 959 1432 quod
1003 1379 1107 1416 non
1149 1379 1358 1433 possum
1407 1378 1600 1432 rogare
1633 1362 1744 1417 Pa-

175 1464 306 1507 trem
336 1470 532 1519 meum,
565 1462 614 1506 et
643 1453 897 1508 exhibebit
925 1457 1053 1510 mihi
1079 1455 1234 1509 modo
1265 1455 1384 1528 plus
1421 1475 1583 1528 quam
1612 1457 1746 1512 duo-

173 1546 339 1598 decim
370 1545 598 1616 legiones
619 1545 926 1617 angelorum
950 1547 976 1602 ν
1006 1545 1276 1612 Quomodo
1297 1563 1422 1616 ergo
1452 1547 1747 1618 implebun-

173 1646 262 1690 tur
290 1637 603 1710 Scriptum,
631 1640 756 1709 quia
781 1641 854 1694 sic
877 1648 1085 1710 Oportet
1107 1639 1225 1706 fieri
1241 1641 1284 1673 ⁵⁷
1299 1641 1322 1702 ?
1339 1639 1395 1694 Si
1419 1654 1552 1710 ergo
1585 1654 1747 1709 opor-

1844 459 1960 505 stas
2001 453 2058 505 in
2097 451 2226 506 caelo
2278 460 2326 505 et
2375 453 2432 505 in
2468 460 2615 506 terra
2635 452 2716 518 ⁸⁸;
2748 463 2810 506 ut
2837 453 2949 522 jam
2995 454 3286 509 manifeste
3322 455 3424 513 de-

1841 549 2211 598 monstratum
2242 543 2335 609 sit,
2370 544 2534 616 hujus
2558 543 2746 613 gloriae
2777 547 2996 599 causiam
3027 560 3149 601 esse
3179 559 3420 612 crucem,

1843 642 1899 688 et
1936 641 2176 689 mortem
2219 650 2318 708 per
2346 649 2570 690 crucem
2601 652 2614 688 :
2642 645 2760 689 erat
2793 639 2938 690 enim
2981 638 3299 692 universum
3331 655 3425 711 ge-

1843 742 1952 781 nus
1995 737 2246 784 nostrum
2306 743 2460 782 reum
2515 729 2729 792 mortis,
2767 728 2894 798 quia
2948 746 3126 784 omnes
3181 743 3426 799 peccare-

1846 819 2073 884 runt“;
2099 819 2348 873 stimulus
2377 828 2555 874 autem
2591 823 2774 874 mortis
2802 831 3074 892 peccatum
3117 833 3190 876 est
3209 825 3276 888 ⁸⁷,
3312 841 3424 894 quo

1845 927 1946 966 nos
2005 927 2158 966 mors
2214 913 2532 967 vulneratos
2593 915 2909 983 prostravit.
2952 914 3064 969 Nec
3111 915 3272 969 aliter
3328 916 3423 984 qui

1845 1003 2016 1059 armis
2041 1004 2336 1075 expugnati
2367 1011 2420 1058 et
2447 1004 2590 1073 capti
2631 1013 2810 1070 erant,
2843 1005 2950 1060 nisi
2983 1019 3080 1074 per
3131 1014 3362 1060 mortem
3395 1021 3424 1059 a

1845 1095 2083 1150 vinculis
2115 1095 2400 1150 servitutis
2427 1095 2648 1150 liberari
2683 1103 2936 1164 poterant
2964 1113 2976 1148 :
3009 1097 3252 1165 pretium
3275 1096 3422 1150 enim

1846 1182 2192 1238 liberationis
2225 1183 2280 1237 in
2314 1183 2596 1238 voluntate
2638 1199 2832 1238 eorum
2867 1183 2963 1254 qui
3009 1185 3258 1253 captivos
3287 1185 3427 1239 deti-

1846 1282 2006 1338 nent,
2032 1275 2276 1343 positum
2304 1285 2408 1330 est.
2450 1275 2569 1330 Non
2603 1284 2724 1330 erat
2765 1277 2954 1346 igitur,
2986 1279 3078 1346 qui
3118 1284 3304 1346 posset
3331 1293 3427 1331 nc-

1846 1359 2057 1430 gotium
2114 1364 2398 1432 suscipere
2435 1374 2504 1416 'et
2553 1364 2828 1419 redimere
2874 1367 3292 1436 genus;nullus
3325 1367 3431 1420 illl-

1849 1452 1993 1506 mani
2026 1453 2246 1522 generis
2276 1453 2416 1508 liber
2446 1463 2564 1508 erat
2589 1461 2604 1507 ξ
2629 1456 2718 1510 vix
2754 1456 2901 1510 enim
2931 1457 3054 1526 quis
3081 1473 3181 1527 pro
3211 1473 3268 1512 se
3314 1474 3424 1512 mo-

1849 1543 2002 1597 riens
2042 1543 2264 1613 propria
2315 1544 2651 1615 obligatione
2702 1547 2993 1612 liberatur,
3044 1548 3139 1618 qui
3204 1549 3430 1604 minime

1849 1644 2030 1704 potest
2059 1636 2143 1688 vel
2176 1652 2348 1691 unum
2379 1653 2565 1692 secum
2597 1638 2833 1699 liberare
2861 1657 2874 1692 :
2901 1639 3047 1710 quod
3082 1642 3127 1695 si
3157 1657 3226 1696 ne
3255 1657 3428 1696 unum

172 1730 318 1785 tebat
334 1730 472 1796 ﬁeri,
503 1746 730 1787 necesse
760 1747 986 1803 prorsus
1013 1741 1132 1787 erat
1162 1732 1282 1788 ﬁeri
1303 1731 1331 1786 ἐ
1361 1732 1506 1802 quod
1559 1739 1745 1786 autem
1779 1723 1820 1777 Β
1841 1719 2073 1794 quidem
2111 1737 2311 1797 potest,
2355 1730 2450 1798 qui
2480 1736 2698 1799 poterat
2757 1738 2932 1786 totum
2960 1734 3227 1804 mundum
3255 1734 3432 1789 servi-

169 1839 393 1880 necesse
423 1833 511 1882 est
539 1837 602 1880 ut
630 1825 744 1892 ﬁat,
783 1842 895 1882 non
935 1834 1116 1897 potest
1146 1842 1258 1882 non
1287 1826 1439 1882 ﬁeri.
1473 1826 1613 1882 Cum
1645 1826 1746 1896 igi-

172 1922 262 1970 tur
288 1916 469 1970 divina
484 1916 780 1988 Scriptura
797 1933 827 1972 a
844 1918 1120 1996 principio
1143 1918 1486 1988 praedixisset
1509 1928 1744 1972 mortem

169 2005 397 2070 Christi,
414 2010 763 2077 etpassiones
779 2019 904 2064 ante
923 2018 1156 2064 mortem
1175 2024 1438 2080 mutaque
1455 2017 1580 2079 post
1594 2025 1749 2064 mor-

171 2105 281 2154 tem
309 2101 525 2169 corpori
543 2101 663 2170 ejus
693 2108 912 2156 mortuo
935 2099 1290 2167 acciderunt,
1311 2110 1368 2156 et
1406 2101 1555 2156 hunc
1573 2102 1746 2156 Deum

172 2191 260 2246 cui
291 2191 408 2246 haec
448 2191 794 2258 acciderunt,
849 2193 1240 2264 impassibilem
1281 2202 1354 2250 et‘
1380 2193 1744 2248 immortalem

171 2281 457 2352 praedicit:
489 2282 652 2338 aliter
708 2283 855 2338 enim
896 2293 1177 2354 nunquam
1221 2285 1372 2344 Deus
1411 2283 1600 2349 fuerit,
1638 2282 1746 2338 nisi

171 2373 231 2428 in
261 2373 549 2428 veritatem
583 2374 980 2429 incarnationis
1003 2375 1324 2440 intuentes,
1362 2375 1519 2429 illinc
1553 2389 1749 2431 causas

173 2466 442 2521 ducamus
467 2475 620 2520 recte
661 2475 717 2521 et
759 2467 910 2538 juste
941 2475 1238 2537 utrumque
1265 2467 1588 2534 conﬁtendi,
1628 2483 1751 2537 pas-

173 2557 383 2613 sionem
455 2557 667 2613 scilicet
714 2566 772 2613 et
834 2558 1365 2628 impassibiiitatem;
1417 2574 1482 2614 ac
1528 2575 1750 2615 causam

171 2647 395 2720 quidem
426 2651 653 2719 propter
679 2663 842 2719 quam
875 2649 1116 2704 Verbum
1143 2650 1262 2716 Dei,
1288 2650 1493 2720 alioqui
1547 2652 1752 2721 impas-

173 2740 351 2805 sibile,
381 2741 449 2795 ad
490 2741 800 2810 passionem
826 2741 1012 2807 venit;
1039 2741 1242 2811 quippe
1271 2755 1398 2795 cum
1424 2757 1533 2796 non
1568 2751 1753 2812 posset

172 2831 329 2887 aliter
391 2831 557 2887 homo
615 2832 800 2887 salvus
850 2831 1004 2898 ﬁeri,
1057 2833 1174 2901 ipse
1232 2833 1409 2896 solus.
1450 2833 1638 2898 novit,
1695 2843 1752 2887 et

169 2924 372 2996 quibus
409 2925 523 2994 ipse
549 2924 766 2994 aperuit
797 2943 810 2978 :
837 2924 1028 2980 omnia
1051 2924 1377 2979 enimnovit
1413 2939 1535 2992 qua:
1574 2923 1752 2979 Patris

167 3023 317 3079 sunt,
346 3015 488 3071 sicut
519 3033 533 3069 :
560 3015 792 3086 Spiritus
813 3024 1084 3071 scrutatur
1103 3015 1370 3085 profunda
1393 3015 1438 3049 ⁵⁸
1470 3015 1746 3086 mysteria.

242 3107 305 3162 li.
339 3108 728 3163 Verumtamen
785 3109 1092 3177 oportebat
1131 3108 1244 3177 pati
1311 3107 1634 3174 Christum;
1695 3117 1752 3162 et

166 3214 284 3256 non
324 3207 540 3269 poterat
583 3200 810 3269 penitus
853 3215 963 3254 non
1017 3199 1136 3255 ﬁeri
1190 3199 1394 3269 passio,
1441 3199 1588 3254 sicut
1633 3200 1752 3269 ipse

165 3289 478 3358 aﬁirmavit,
510 3308 636 3354 cum
675 3293 862 3346 tardos
898 3299 948 3346 et
987 3292 1178 3346 stultos
1205 3291 1420 3346 vocavit
1442 3291 1487 3323 "
1509 3306 1605 3346 eos
1655 3289 1751 3360 qui

167 3383 501 3452 ignorabant
533 3381 617 3438 sic
645 3389 903 3452 oportere
931 3380 1216 3437 Christum
1242 3380 1379 3450 pati,
1427 3388 1484 3437 et
1536 3381 1750 3451 ingredi

170 3476 228 3530 in
255 3475 478 3544 gloriam
533 3485 707 3530 suam.
752 3473 1038 3544 Siquidem
1084 3473 1242 3528 exivit
1272 3472 1344 3525 ad
1371 3471 1604 3526 salutem
1654 3487 1751 3542 po-

167 3567 284 3638 puli
310 3569 391 3621 sui
408 3568 474 3632 ‘°,
518 3567 706 3622 relicta
743 3565 916 3636 gloria
968 3565 1058 3619 illa
1106 3577 1270 3633 quam
1323 3563 1566 3618 habebat
1606 3564 1751 3633 apud

169 3659 387 3714 Patrem
441 3667 566 3713 ante
606 3673 772 3728 quam
810 3657 1052 3711 mundus
1087 3656 1244 3711 ﬁeret
1262 3655 1343 3722 “;
1387 3656 1536 3711 salus
1563 3664 1750 3710 autem

167 3751 573 3805 consummatio
616 3757 758 3813 erat,
816 3765 939 3818 quae
993 3749 1285 3819 oportebat
1313 3758 1376 3802 ut
1411 3763 1514 3818 per
1537 3747 1752 3818 passio-

168 3857 298 3896 nem
349 3839 526 3905 ﬁerct,
575 3847 634 3896 et
686 3839 896 3894 auctori
927 3839 1055 3893 vitae
1102 3847 1308 3893 nostra:
1351 3837 1748 3903 ascriberetur,

170 3931 316 3988 sicut
353 3932 553 3987 Paulus
583 3931 770 3995 docet,
797 3943 925 3985 cum
954 3931 1030 3984 ait
1061 3947 1078 3980 :
1101 3929 1283 4001 Ipsum
1337 3946 1446 3984 esse
1480 3937 1750 3984 auctorem

171 4023 292 4078 vitae
344 4040 436 4094 per
479 4023 752 4093 passiones
813 4031 1242 4098 consummatum
1262 4023 1330 4076 θ’.
1395 4021 1464 4076 Et
1527 4020 1752 4076 videtur

168 4111 578 4183 quodammodo
614 4112 786 4182 gloria
813 4111 1120 4181 Unigeniti,
1149 4119 1305 4166 extra
1337 4125 1500 4181 quam
1533 4110 1600 4166 ad
1626 4111 1750 4168 bre-

165 4217 237 4256 ve
265 4211 479 4273 tempus
505 4212 729 4272 propter
779 4218 880 4257 nos
933 4203 1134 4285 fueratz
1171 4218 1273 4272 per
1313 4217 1534 4258 crucem
1568 4203 1748 4258 eidem

169 4293 425 4348 restituta
465 4293 519 4346 in
563 4308 730 4348 carne
764 4301 1082 4363 assumpta;
1113 4295 1192 4347 ait
1232 4293 1382 4348 enim
1424 4293 1574 4349 ﬁlius
1607 4295 1750 4348 toni-

171 4383 284 4439 trui
330 4384 382 4438 in
437 4383 732 4454 Evangelia
790 4398 913 4446 suo,
980 4399 1106 4440 cum
1153 4385 1403 4454 exponit,
1449 4399 1572 4456 quae
1602 4392 1749 4440 esset
1779 4425 1824 4480 Β

1854 1817 1971 1871 tute
2004 1817 2242 1872 liberare
2267 1819 2292 1871 ?
2321 1819 2436 1874 Etsi
2497 1821 2664 1886 enim,
2695 1828 2757 1875 ut
2805 1821 2913 1877 hoc
2946 1835 3234 1900 ponamus,
3266 1841 3433 1881 unus.

1853 1901 2088 1978 quisque
2147 1909 2380 1965 idoneus
2435 1909 2630 1966 fuisset
2677 1913 2743 1966 ad
2775 1912 3176 1968 liberationem
3232 1931 3429 1970 suam:

1854 2008 2038 2057 tamen
2067 2019 2179 2058 non
2208 2003 2458 2068 decebat,
2503 2015 2563 2060 ut
2591 2022 2786 2061 omnes
2828 2016 3198 2075 morerentur,
3228 2017 3285 2064 et
3313 2025 3434 2063 oms

1854 2108 1954 2148 nes
1997 2095 2100 2149 sub
2134 2105 2406 2164 potestate
2447 2098 2641 2153 mortis
2692 2107 3062 2156 remanerent.
3093 2100 3264 2171 Cujus
3300 2116 3434 2172 ergo

1854 2195 1975 2243 erat
2004 2197 2114 2243 tam
2150 2190 2426 2244 excellens
2466 2190 2746 2246 oﬁicium?
2774 2193 2988 2249 scilicet
3035 2194 3290 2264 alicujus,
3336 2197 3430 2265 qui

1853 2291 2082 2348 peccare
2107 2295 2218 2333 non
2245 2279 2532 2349 potuisset.
2563 2281 2698 2348 Quis
2723 2291 2907 2338 autem
2932 2299 2998 2338 ex
3025 2286 3281 2340 omnibus
3313 2295 3433 2340 crat

1855 2369 1951 2438 qui
1988 2385 2219 2440 peccare
2263 2372 2536 2441 nequiret,
2563 2374 2669 2428 nisi
2698 2376 2849 2429 solus
2893 2376 3078 2431 Deus?
3107 2377 3276 2448 igitur
3305 2379 3432 2448 quia

1856 2461 1954 2515 Dei
1983 2472 2103 2514 erat
2157 2461 2262 2517 hoc
2305 2479 2469 2532 opus,
2496 2463 2660 2534 idque
2704 2466 2824 2520 sine
2853 2476 3028 2521 morte
3060 2475 3116 2522 et
3157 2469 3276 2524 sine
3307 2485 3432 2539 pas-

1858 2550 2110 2606 sionibus
2146 2569 2268 2622 quae
2305 2556 2469 2610 morti
2503 2558 2860 2624 antecedunt,
2899 2559 3095 2628 perﬁci
3127 2577 3238 2616 non
3275 2571 3433 2630 pote-

1859 2649 1974 2708 rat;
2003 2643 2151 2698 Deus
2183 2654 2366 2699 autem
2392 2647 2614 2715 penitus
2642 2665 2752 2702 non
2776 2657 2861 2704 est
2887 2666 3054 2720 capax
3084 2661 3278 2707 mortis
3306 2673 3318 2706 :
3344 2668 3433 2708 as-

1859 2735 2095 2803 sumpsit
2131 2746 2404 2801 naturam,
2439 2747 2642 2794 nostra:
2689 2743 3216 2798 consubstantialem
3248 2751 3304 2798 et
3336 2761 3436 2814 per

1858 2822 2044 2877 omnia
2093 2824 2358 2886 similem;
2395 2843 2519 2895 quae
2551 2829 2838 2898 passiones
2882 2843 2938 2886 et
2970 2843 3206 2887 mortem
3237 2849 3434 2904 capere

1856 2920 2074 2979 posset;
2125 2912 2379 2980 praebens
2420 2916 2582 2970 simul
2638 2920 2984 2976 occasionem
3036 2923 3203 2977 morti
3255 2941 3434 2995 oppu-

1859 3003 2061 3072 gnandi
2115 3019 2358 3071 carnem,
2405 3015 2462 3060 et
2526 3008 2699 3077 ipsam
2742 3021 2975 3065 mortem
3026 3029 3126 3083 per
3181 3025 3433 3071 naturam

1779 3075 1823 3132 ί)
1858 3096 2023 3150 morti
2056 3097 2360 3182 subjectam
2393 3075 2732 3156 decertando
2768 3075 3204 3175 expugnaturus,
3242 3119 3302 3163 ut
3334 3127 3437 3165 ne-

1853 3201 1962 3256 que
2001 3203 2150 3242 mors
2195 3190 2384 3245 dicere
2420 3201 2605 3261 posset
2652 3209 2710 3248 se
2750 3209 2858 3249 non
2896 3197 2964 3250 ab
2997 3197 3240 3264 homine,
3279 3196 3378 3255 sed
3405 3219 3436 3257 a

1853 3273 1966 3327 Deo
1999 3287 2312 3344 superatam
2369 3294 2531 3345 esse;
2587 3297 2766 3351 neque
2827 3299 2930 3339 nos
2968 3287 3162 3342 molles
3195 3289 3436 3345 eliiccre-

1852 3359 1978 3430 mur
2009 3357 2076 3420 ad
2117 3376 2420 3435 certamen,
2456 3387 2581 3426 cum
2617 3379 2834 3444 tempus
2862 3386 3088 3432 vocaret
3115 3396 3127 3432 :
3153 3381 3431 3450 siquidem

1851 3457 2163 3525 exemplum
2218 3459 2548 3517 haberemus
2597 3463 2655 3517 in
2715 3481 2880 3522 carne
2918 3468 3165 3539 ejusdem
3222 3480 3435 3527 natura:

1853 3559 1918 3599 ac
1939 3545 2285 3623 substantiae,
2319 3549 2375 3604 in
2411 3541 2517 3621 qua
2549 3557 2839 3623 peccatum
2865 3557 3184 3616 damnatum
3217 3562 3439 3632 fuisset,

1851 3634 2000 3703 quod
2031 3636 2212 3690 locum
2241 3639 2456 3694 nullum
2487 3641 2543 3694 in
2574 3651 2639 3696 ea
2663 3647 2981 3714 reperisset.
3008 3647 3430 3710 Conﬁixitenim

1851 3739 1952 3794 per
1991 3739 2112 3780 eam
2147 3743 2276 3784 cum
2323 3739 2501 3798 morte
2567 3733 2988 3804 impassibiliter
3013 3741 3258 3798 Verbum
3309 3746 3438 3814 Dei,

1851 3816 1982 3886 quia
2019 3817 2190 3888 ipsam
2217 3835 2440 3874 carnem
2473 3825 2751 3893 pr0priam
2787 3826 2935 3895 fecit,
2971 3838 3027 3885 et
3055 3847 3180 3887 cum
3215 3851 3278 3889 ea
3304 3839 3430 3890 uni-

1851 3917 1969 3963 tum
2005 3920 2108 3976 est,
2137 3912 2282 3968 sicut
2307 3915 2488 3970 anima
2516 3931 2642 3971 cum
2674 3933 2909 3990 corpore
2939 3941 2951 3975 :
2978 3923 3119 3979 hanc
3144 3928 3438 3997 proprium

1851 4007 2055 4072 corpus
2095 4012 2152 4058 et
2187 4019 2412 4059 carnem
2443 4014 2624 4062 vocat.
2673 4009 2739 4063 Et
2801 4012 2985 4066 omnia
3034 4029 3156 4083 quae
3215 4015 3270 4068 in
3316 4018 3436 4087 ipsa

1850 4095 1994 4152 facta
2025 4107 2174 4163 sunt,
2208 4101 2432 4169 propria
2461 4101 2614 4156 ducit
2666 4111 2724 4157 et
2780 4113 3020 4174 reputat.
3050 4107 3331 4178 Siquidem
3364 4128 3431 4167 ex

1850 4201 2086 4257 persona
2121 4191 2244 4260 ejus
2278 4190 2479 4245 clamat
2507 4193 2775 4263 propheta
2809 4195 3067 4265 inquiens
3092 4199 3294 4270 :Super
3335 4204 3431 4257 do-

1851 4279 2018 4333 iorem
2045 4280 2327 4336 vulnerum
2342 4298 2583 4337 meorum
2604 4285 2920 4340 addiderunt
2944 4289 3008 4342 ⁸³.
3031 4289 3245 4346 Vulnus
3269 4308 3435 4349 suum

1851 4381 2015 4427 vocat
2046 4373 2249 4429 vulnus
2277 4377 2530 4444 corporis
2563 4378 2680 4438 sui:
2714 4387 2768 4433 et
2797 4389 2984 4449 partes
3005 4374 3268 4452 corporis
3301 4402 3437 4456 pro--

168 4477 312 4545 aqua
364 4477 456 4531 illa
530 4491 696 4546 quam
740 4475 878 4530 dixit
918 4475 1173 4531 Salvator
1228 4477 1444 4547 ﬂuxisse
1491 4485 1748 4546 tanquam

1853 4462 1974 4532 pria
2000 4465 2246 4547 membra
2277 4475 2517 4535 reputat,
2546 4469 2690 4524 sicut
2725 4480 2782 4525 et
2808 4479 2981 4526 totum
3015 4487 3217 4544 corpus
3251 4495 3264 4529 :
3296 4476 3436 4532 Dor-

165 4567 391 4638 ﬂumina
415 4567 478 4621 de
501 4577 683 4622 ventre
705 4567 962 4620 credentis
996 4585 1012 4622 :
1038 4565 1148 4620 Hoc
1177 4575 1376 4629 autem,
1401 4564 1600 4635 inquit,
1619 4564 1752 4618 dixit

161 4656 232 4710 de
270 4655 472 4728 Spiritu
499 4667 898 4729 sancto,’.quem
915 4660 1184 4729 accepturi
1212 4667 1367 4728 erant
1392 4657 1658 4710 credentes
1693 4657 1750 4709 in

163 4767 293 4804 eum
323 4767 342 4806 :
374 4752 610 4804 nondum
655 4753 796 4804 enim
825 4751 982 4804 datus
1013 4759 1128 4804 erat
1158 4748 1410 4820 Spiritus,
1441 4750 1565 4820 quia
1596 4748 1750 4803 Iesus

164 4843 408 4898 nondum
433 4853 548 4896 erat
587 4843 913 4914 gloriﬁcatus
937 4841 1008 4909 1³⁸;
1036 4842 1266 4913 gloriam
1317 4851 1473 4896 vocat
1515 4849 1746 4896 mortem

162 4935 228 4989 in
259 4949 443 4989 cruce.
479 4935 635 4991 Unde
667 4935 932 4989 Dominus
947 4934 1015 4998 “,
1051 4949 1174 4988 cum
1205 4947 1416 5002 preces,
1453 4941 1748 5002 antequam

159 5041 391 5081 crucem
438 5026 671 5092 subiret,
701 5026 1018 5090 adhiberet,
1049 5025 1268 5080 Patrem
1310 5024 1659 5094 precabatur,
1685 5031 1746 5078 ut

156 5118 570 5191 gloriﬁcaretur
605 5133 668 5173 ea
721 5118 898 5189 gloria
939 5119 1102 5189 quam
1135 5117 1372 5174 habebat
1404 5116 1552 5187 apud
1593 5131 1744 5184 eum,

156 5211 460 5278 antequam
493 5209 733 5265 mundus
759 5219 925 5264 esset.

235 5301 328 5356 lli.
367 5302 498 5357 Post
554 5302 1021 5357 resurrectionem
1083 5315 1216 5356 vero
1255 5300 1387 5356 dum
1427 5307 1745 5356 versaretur

153 5409 288 5450 cum
333 5393 618 5463 discipulis
662 5394 801 5459 suis,
846 5394 990 5448 hanc
1035 5409 1200 5464 quam
1231 5393 1475 5464 petebat,
1507 5392 1744 5447 aﬁirma-

239 5533 286 5567 ⁸⁷
307 5533 498 5588 Matth.
524 5551 667 5600 xxvt,
691 5534 875 5590 52-34.

164 5629 232 5667 ιι,
262 5606 348 5658 10.
426 5605 470 5636 “
495 5603 651 5660 Joan.
697 5623 788 5670 vn,
826 5606 913 5671 58,
953 5608 1040 5661 59.
1120 5607 1164 5637 ⁸⁸
1187 5607 1342 5662 Joan.
1378 5623 1505 5670 xvn,
1540 5607 1592 5661 5.

990 5537 1034 5568 ⁸⁸
1059 5537 1079 5590 1
1113 5536 1240 5591 Cor.
1275 5535 1427 5597 ".10.
1503 5536 1550 5568 ”
1579 5536 1716 5593 Luc.
1742 5553 1886 5600 xxiv,
1911 5536 2002 5592 35.
2082 5537 2128 5569 "
2147 5535 2349 5594 iiabac.
2379 5555 2456 5602 ιιι,
2485 5539 2569 5592 15.

990 5608 1040 5661 9.
1120 5607 1164 5637 “
1187 5607 1342 5662 Joan.
1378 5623 1505 5662 xvn.
1540 5607 1592 5661 5.
1695 5608 1740 5640 “
1770 5607 1960 5661 Matth.
1987 5623 2169 5662 xxvm.
2200 5607 2286 5662 18.
2390 5609 2569 5662 “Bon

1824 5623 1960 5661 attn.
1987 5623 2169 5674 xxviii,
2200 5623 2286 5667 16.

1850 4570 1968 4608 sum
1997 4559 2190 4620 meum,
2227 4555 2430 4628 inquit,
2462 4561 2584 4614 dedi
2612 4555 2668 4616 in
2700 4563 2915 4618 verbera
2936 4573 2986 4618 et
3011 4581 3173 4636 genas
3204 4585 3347 4623 meas
3371 4567 3429 4624 in

1851 4640 2142 4717 alapas;et
2186 4648 2376 4718 faciem
2401 4661 2571 4704 meum
2598 4668 2702 4706 non
2731 4656 2899 4708 averti
2923 4672 2955 4708 a
2974 4655 3219 4710 dedecore
3249 4673 3433 4729 sputo—
3493 4695 3504 4718 ι

1851 4755 1971 4794 rum
1984 4742 2127 4796 ".Et
2144 4757 2366 4798 rursus:
2386 4743 2653 4799 Foderunt
2669 4763 2858 4802 manus
2875 4765 3020 4816 meas
3037 4758 3088 4803 et
3101 4751 3254 4820 pedes
3270 4769 3434 4818 meos,

1849 4842 1896 4886 et
1917 4834 2379 4890 dinumeraverunt
2401 4839 2579 4892 omnia
2596 4855 2715 4894 ossa
2736 4857 2852 4894 mea
2873 4841 2939 4895 ⁷⁸.
2958 4841 3135 4913 Atque
3157 4842 3274 4899 hinc
3305 4847 3436 4916 qui-

1853 4924 1984 4979 dem'
2000 4926 2216 4982 dicitde
2243 4931 2654 5000 corpore,quod
2675 4947 2835 4987 suum
2855 4933 3007 4988 dicit.
3036 4934 3104 4988 Et
3132 4951 3254 5004 quae
3281 4937 3434 4992 illata

1850 5017 2074 5073 fuerunt
2088 5020 2332 5089 corpori,
2349 5021 2478 5086 sibi,
2493 5023 2586 5091 qui
2607 5038 2808 5094 corpus
2825 5026 3090 5096 gestabat,
3108 5027 3257 5080 illata
3275 5028 3435 5083 dicit.

1921 5115 2009 5171 iV.
2046 5113 2317 5171 Caeterum
2349 5125 2406 5170 et
2438 5117 2554 5186 ipse
2585 5119 2742 5185 dicit,
2777 5136 2836 5175 se
2885 5137 3106 5190 passum
3139 5137 3282 5186 esse,
3312 5121 3436 5178 sine

1850 5203 2235 5264 nominatione
2271 5207 2547 5277 corporis,
2572 5217 2667 5264 aut
2717 5210 3108 5267 numeratione
3151 5211 3438 5270 membrc~

1847 5315 2007 5364 rum;
2043 5308 2104 5352 ut
2132 5313 2258 5353 cum
2289 5303 2368 5355 ait
2409 5302 2678 5371 prOpbeta
2708 5320 2722 5356 :
2755 5302 3030 5374 Tanquam
3058 5306 3166 5360 oris
3193 5307 3263 5360 ad
3289 5307 3432 5361 occi-

1844 5393 2045 5447 sionem
2076 5391 2264 5446 ductus
2292 5401 2369 5446 est
2391 5394 2456 5447 ⁷¹.
2491 5394 2560 5449 Et
2594 5393 2903 5458 :Dederunt
2948 5397 3001 5451 in
3036 5399 3206 5453 cibum
3255 5416 3432 5455 meum

2648 5539 2688 5571 “
2719 5539 2874 5595 Joan.
2900 5555 3024 5604 xvn,
3054 5542 3106 5596 5.
3183 5541 3226 5573 ⁶²
3253 5541 3429 5599 Hebr.

2390 5611 2434 5641 ⁸⁸
2454 5609 2616 5666 Rom.
2646 5626 2724 5676 ιιι,
2752 5610 2844 5666 25.
2941 5613 2984 5644 ⁸⁷
3014 5611 3031 5666 ι
3058 5611 3187 5668 Cor.
3220 5628 3312 5680 xv,
3337 5613 3428 5670 56.

167 5681 222 5711 “
250 5676 393 5731 Psal.
418 5690 598 5744 vam,
624 5677 714 5732 27.
790 5677 834 5710 "
855 5677 959 5731 lsa.
989 5693 1038 5743 ι,
1061 5677 1114 5733 6.
1191 5679 1234 5711 ⁷⁸
1266 5677 1416 5734 Psal.
1440 5694 1548 5744 axx,
1579 5677 1665 5730 i7.
1743 5679 1784 5710 '"
1813 5676 1918 5732 lsa.
1946 5692 2061 5743 Lill,
2104 5677 2159 5730 7.
