4054 6312
520 214 660 275 1351

1643 219 1706 278 S.
1749 217 2150 277 ANASTASII
2182 214 2655 279 ANTIOCHENI

3649 192 3822 256 1352

523 324 612 396 fel,
639 332 691 380 et
718 325 773 379 in
813 323 902 378 siti
934 339 1051 378 mea
1087 331 1399 394 putaverunt
1441 339 1523 378 me
1561 325 1791 399 dceto".
1848 323 1928 378 Ne
1973 323 2099 393 quis
2129 329 2174 386 Α
2205 323 2392 378 omnia
2420 321 2588 376 unius
2614 331 2671 376 et
2689 317 2938 391 ejusdem
2955 331 3076 376 esse
3101 315 3449 388 proﬁtemur,
3470 314 3812 387 passionem

523 415 721 481 divise,
759 415 854 470 sed
901 416 1089 485 potius
1139 417 1432 485 conjuncte
1474 415 1660 470 omnia
1707 414 1776 470 de
1826 416 1947 485 ipso
1992 414 2104 470 dici

522 515 707 576 putet;
743 506 950 560 idcirco
974 513 1030 560 et
1065 507 1304 560 humana
1331 514 1389 559 et
1421 505 1608 560 divina
1642 507 2010 562 communiter
2035 506 2105 562 de

525 597 644 666 ipso
678 597 1066 666 praedicantur,
1105 605 1286 651 mente
1326 596 1701 666 distinguente
1743 613 1866 666 qua:
1899 606 2112 651 utram--

524 703 634 757 que
674 695 929 742 naturam
967 687 1296 742 condecent.
1344 687 1617 741 Divinitas
1666 688 1816 742 enim
1849 687 2107 758 impassi-

523 774 652 832 bilis
679 786 793 842 est;
831 786 887 831 et
915 791 1028 830 non
1072 784 1255 845 potest
1312 791 1556 845 unquam
1607 777 1791 845 passio
1835 777 2108 847 attingere

526 867 955 936 impassihilem;
988 881 1092 920 nec
1117 881 1470 936 quaecunque
1511 867 1710 921 animae
1739 867 2104 932 conveniunt,

525 969 622 1012 aut
653 973 994 1028 quaecunque
1031 959 1255 1028 corpori
1283 969 1380 1012 aut
1412 957 1636 1028 corpori
1670 959 1919 1012 animato
1948 975 1962 1010 :
1989 958 2110 1012 ani-

527 1064 630 1104 mae
680 1049 829 1104 enim
874 1050 1088 1103 ratibus
1135 1049 1380 1119 praeditas
1408 1057 1494 1126 est
1523 1049 1734 1114 dolere,
1759 1058 1818 1104 et
1864 1050 2105 1113 turbari,

527 1152 581 1198 et
611 1160 868 1208 maerere,
890 1153 948 1199 et
977 1144 1158 1199 tristia
1185 1144 1442 1213 urgentia
1482 1152 1538 1198 et
1579 1143 1930 1198 adventantia
1960 1143 2112 1214 cogi-

529 1245 684 1302 tare;
733 1238 986 1308 corporis
1017 1253 1149 1292 vero
1197 1237 1397 1299 secari,
1431 1244 1492 1290 et
1528 1236 1826 1306 conjungi:
1855 1236 2110 1305 corporis

528 1328 757 1383 animati
807 1329 1045 1393 esurire,
1096 1328 1272 1392 sitire,
1327 1327 1594 1382 laborare
1629 1337 1688 1382 et
1737 1328 1957 1382 sudare.
1985 1327 2113 1382 llaec

529 1418 736 1482 omnia,
771 1426 827 1473 et
857 1433 1051 1472 eorum
1093 1418 1306 1487 singula
1337 1418 1568 1486 patienti
1607 1417 1870 1478 accidunt
1915 1433 2114 1473 secun-

530 1509 662 1564 dum
715 1509 1078 1563 mutationem
1119 1508 1504 1577 dispositionis
1535 1507 1713 1561 :Deus
1768 1514 1976 1574 autem,
2024 1507 2113 1574 in-

531 1602 670 1672 quit,
703 1617 798 1671 ego
834 1617 974 1664 sum,
1003 1607 1051 1652 et
1082 1616 1187 1653 non
1236 1599 1495 1652 mutor".
1527 1599 1596 1653 Et
1625 1598 1678 1653 ei
1729 1598 1873 1652 alius
1902 1598 2115 1654 theolo-

532 1665 634 1762 gus
663 1665 840 1745 dicit:
875 1689 951 1744 Tu
986 1698 1168 1743 autem
1193 1688 1469 1757 idem'ipse
1495 1688 1632 1740 es“.
1669 1687 1896 1754 Qualem
1947 1687 2114 1758 igitur
2144 1665 2186 1724 Β

533 1783 850 1854 passionem
882 1781 1156 1850 suspicari
1178 1780 1380 1850 aliquis
1403 1787 1587 1849 potest
1613 1779 1870 1834 accidere
1901 1779 2110 1848 impas—

535 1869 720 1923 sibili?
740 1871 822 1922 An
854 1868 1165 1937 passionem
1189 1867 1547 1937 corpoream?
1570 1867 1641 1920 At
1669 1882 1780 1937 quo
1804 1875 1965 1937 pacto
1997 1868 2115 1924 haec

535 1961 771 2024 accidat,
803 1975 926 2029 quae
955 1975 1057 2014 nec
1079 1960 1279 2024 animae
1315 1975 1438 2028 qua:
1464 1966 1650 2013 creata
1673 1966 1780 2023 est,
1815 1965 1872 2013 et
1895 1973 2111 2026 recens,

535 2051 789 2107 accidere
833 2051 1038 2122 queat?
1064 2051 1147 2106 An
1199 2053 1510 2121 passionem
1564 2051 1879 2115 animalem,
1909 2050 1966 2105 id
2007 2059 2112 2116 est,

536 2141 733 2195 animae
751 2141 964 2195 ratione
987 2141 1350 2210 praedite?At
1367 2141 1473 2195 hoc
1496 2142 1653 2196 valde
1676 2142 1978 2196 absurdum
2007 2150 2114 2208 est,

536 2232 583 2286 si
613 2233 738 2301 quis
777 2232 944 2297 dicat,
993 2232 1213 2310 easdem
1245 2233 1528 2302 passiones
1557 2232 1755 2296 cadere
1784 2233 1840 2287 in
1882 2231 2116 2288 Creato-

538 2340 656 2378 rem
696 2325 942 2378 universi
974 2340 1098 2394 quze
1126 2325 1182 2378 in
1215 2334 1499 2380 creaturas
1529 2325 1844 2391 cadunt;et
1876 2341 1986 2380 non
2012 2325 2117 2381 hoc

539 2423 774 2480 tantum,
803 2415 900 2470 sed
933 2431 1130 2485 capere
1160 2415 1326 2472 etiam
1355 2417 1720 2472 mutationem
1752 2423 1809 2471 et
1850 2416 2114 2471 variatio-

539 2521 704 2578 nem‘:
733 2506 1008 2576 siquidem
1042 2505 1162 2560 ﬁeri
1198 2522 1310 2560 non
1336 2514 1537 2576 potest,
1569 2515 1631 2560 ut
1675 2501 1946 2577 ejusmodi
1988 2521 2129 2586 pas-’

540 2598 723 2652 siones
755 2597 954 2652 cadant
983 2597 1102 2652 sine
1134 2598 1474 2666 mutatione;
1494 2598 1680 2664 divina
1707 2593 1890 2653 autem
1921 2607 2117 2654 natura

540 2687 740 2740 mutari
776 2703 888 2741 non
901 2697 1108 2764 potest.
1139 2689 1210 2743 At
1237 2690 1422 2746 carnis
1444 2691 1700 2750 animatae
1723 2691 1907 2760 passio
1935 2690 2117 2761 attigit

543 2776 911 2830 divinitatem.
959 2778 1163 2848 Apage,
1205 2780 1385 2848 inquit
1456 2780 1934 2850 prOphetazbcus
1977 2781 2117 2833 enim

544 2877 772 2921 internus
804 2884 909 2920 non
940 2870 1154 2930 esuriat,
1186 2886 1351 2940 neque
1384 2870 1644 2925 laborabit
1672 2888 1691 2924 :
1717 2888 1814 2926 nec
1843 2880 1920 2926 est
1967 2873 2114 2926 inve-

539 2960 754 3028 stigatio
781 2959 808 2998 δ
838 2959 1131 3030 prudentia:
1167 2961 1280 3031 ejus
1303 2963 1374 3016 ⁷⁵.

613 3051 674 3104 ν.
701 3050 838 3105 Cum
897 3051 1066 3122 igitur
1107 3061 1302 3107 natura
1357 3053 2014 3125 divinasubstantialiter
2044 3056 2116 3111 sit

539 3157 737 3211 expers
766 3144 1058 3212 passionis,
1086 3153 1140 3198 et
1173 3145 1501 3214 praedicetur
1533 3148 1718 3216 passio
1743 3157 1800 3203 et
1833 3163 1969 3202 crux
1996 3148 2118 3217 qui.-

542 3231 646 3285 bus
671 3233 806 3286 salvi
833 3233 963 3288 facti
998 3251 1228 3301 sumus;
1260 3237 1336 3290 ait
1367 3237 1514 3292 enim
1543 3239 1793 3299 Paulus:
1824 3238 1942 3292 Non
1966 3239 2118 3309 judi-

537 3326 655 3376 cavi
684 3325 975 3393 quidquam
1007 3327 1141 3379 scire
1178 3327 1233 3379 in
1283 3327 1444 3391 vobis,
1477 3330 1577 3382 nisi
1604 3328 1868 3385 Christum
1897 3335 1948 3384 et
1980 3332 2118 3389 hunc

540 3413 946 3480 cruciﬁxum”;
981 3416 1294 3470 necessario
1337 3419 1609 3488 sequitur,
1639 3420 1952 3488 passionem
1990 3435 2120 3490 pro-

543 3504 663 3573 prie
697 3503 943 3572 quidem,
978 3517 1035 3561 et
1083 3507 1265 3577 primo
1298 3524 1420 3564 esse
1446 3518 1656 3567 naturae
1677 3521 1990 3584 assumptaa,
2017 3515 2118 3569 mi-

544 3597 693 3650 nime
739 3613 870 3652 vero
920 3610 1172 3670 separata
1201 3611 1400 3664 natura
1435 3617 1777 3672 assumente,
1811 3608 1910 3664 sed
1961 3608 2118 3664 unita

540 3687 849 3744 secundum
892 3689 1233 3760 hypostasim
1283 3694 1487 3751 unione
1517 3696 1920 3765 indissolubili;
1947 3700 2022 3754 ita
2057 3709 2118 3755 ut

543 3781 726 3835 omnia
765 3782 876 3860 sint
907 3783 1072 3839 unius
1113 3784 1344 3854 Christi,
1376 3797 1492 3844 tum
1531 3788 1734 3854 divina,
1763 3798 1877 3844 tum
1919 3791 2116 3847 huma-

543 3890 633 3938 na,
666 3889 778 3928 non
831 3875 1204 3933 confundente
1237 3895 1301 3935 ea
1347 3880 1680 3951 cogitatione
1728 3891 1957 3949 nostra,
1987 3898 2116 3939 cum

543 3964 660 4017 vult
688 3963 1024 4030 discernere,
1059 3967 1193 4036 quid
1229 3976 1316 4024 est
1361 3969 1629 4037 divinum,
1669 3983 1728 4028 et
1755 3974 1894 4043 quid
1923 3991 2115 4031 rursus

543 4055 866 4111 humanum.
918 4057 1062 4125 Quin
1099 4061 1302 4134 potius
1351 4062 1419 4117 de
1453 4080 1563 4120 uno
1585 4075 1641 4120 et
1671 4064 1866 4121 eodem
1897 4076 2118 4137 oportet

542 4155 774 4219 utraque
793 4149 1120 4218 praedicare,
1149 4155 1432 4222 passiones
1451 4155 1575 4210 dico
1613 4165 1670 4211 et
1703 4158 2116 4228 impasslbilita—

544 4244 683 4299 tem;
736 4240 866 4312 quia
921 4241 1038 4309 ipse
1096 4243 1164 4297 de
1229 4260 1340 4314 quo
1384 4247 1776 4317 pmdicantur,
1827 4244 1895 4304 ex
1952 4250 2117 4307 utris-

541 4345 646 4398 que
672 4333 1009 4404 compositus
1035 4347 1120 4390 est
1141 4355 1160 4392 ,ε
1178 4337 1320 4393 sicut
1344 4340 1617 4397 sectiones
1635 4344 1883 4413 corporis
1903 4345 2116 4400 anima-

540 4423 620 4486 ti._
641 4431 697 4476 et
730 4424 937 4479 vibices
965 4427 1021 4480 in
1049 4428 1240 4497 primis
1279 4431 1346 4486 ad
1375 4448 1575 4502 corpus
1606 4437 1885 4504 pertinere
1912 4452 2118 4509 cogno-

529 4528 780 4582 scimus;
815 4526 1038 4586 propter
1062 4521 1520 4590 compositionem
1558 4539 1691 4580 vero
1735 4527 1970 4583 dicimus
1994 4544 2118 4584 esse

539 4607 756 4674 animae,
785 4625 909 4664 cum
940 4611 1146 4681 alioqui
1173 4615 1412 4670 sciamus
1445 4633 1556 4671 non
1579 4632 1740 4686 posse
1767 4618 1908 4686 ﬁeri,
1940 4629 2000 4675 ut
2029 4620 2118 4676 his

540 4700 722 4752 anima
743 4699 1028 4755 amciatur.
1064 4703 1271 4760 Deinde
1305 4719 1486 4762 motus
1507 4709 1723 4775 animae,
1761 4717 1818 4764 et
1857 4711 2116 4768 scientias

538 4806 660 4861 quas
704 4791 915 4846 ratione
974 4793 1289 4860 traduntur,
1323 4812 1450 4852 cum
1497 4798 1608 4854 sint
1649 4799 1858 4871 alioqui
1891 4801 2113 4869 animae,

538 4879 774 4935 dicimus
815 4887 996 4936 tamen
1053 4898 1176 4938 esse
1216 4885 1471 4941 animalis
1518 4889 1829 4958 compositi,
1861 4891 2114 4960 quamvis

536 4981 731 5024 natura
759 4987 1024 5042 corporea
1069 4990 1180 5030 non
1229 4987 1353 5048 apta
1385 4978 1454 5032 ad
1485 4965 1808 5049 capiendam
1846 4982 2114 5052 cognitio-

534 5077 661 5116 nem
691 5079 702 5113 :
733 5063 815 5119 sic
841 5062 898 5117 in
926 5062 1146 5120 Christo
1191 5068 1283 5139 qui
1316 5069 1468 5124 Deus.
1487 5069 1650 5126 simul
1696 5081 1752 5126 et
1799 5072 1965 5128 homo
2006 5080 2110 5140 est,

605 5221 651 5292 τῗ
674 5220 816 5275 Psal.
848 5237 1027 5286 vam,
1067 5222 1156 5278 2‘2.
1230 5225 1278 5257 ⁷³
1312 5225 1565 5288 Malach.,
1600 5243 1678 5287 ιιι,
1704 5199 1794 5282 6..
1833 5228 1878 5259 ⁷⁸
2074 5245 2145 5292 cr,
2171 5229 2260 5284 28.

533 5291 584 5368 Ῐξ
603 5291 1144 5368 ﬁatth._xvr,_i(_i,_i7.
1219 5296 1262 5327 ⁷⁹
1285 5295 1474 5368 ιᾹΡεῑς.
1505 5313 1563 5368 n,
1585 5296 1673 5368 22.
1699 5367 1705 5368 ί
1750 5297 1796 5329 ⁸⁸
1818 5298 2008 5352 Matth.
2034 5291 2201 5367 xxvn,
2226 5300 2428 5368 17,18,
2469 5291 2665 5360 21-251

535 5360 843 5426 “lsa.t.,l.
918 5362 1187 5419 “lPetr.
1214 5365 1358 5432 ι,18,
1388 5366 1473 5422 19.
1551 5366 1910 5433 “001035.11,
1937 5369 2022 5424 ﬂ.

2206 413 2513 469 naturalem
2550 421 2621 474 et,
2640 410 3164 481 impassibilitatem.
3628 453 3632 456 _

2278 505 2365 561 Vl.
2393 504 2483 559 Sic
2511 504 2661 573 loqui
2688 511 2745 558 et
2765 502 2970 557 sentire
2996 503 3190 557 Petrus
3216 501 3475 572 princeps
3498 497 3810 570 apostolo-

2207 609 2329 648 rum
2364 609 2466 649 nos
2497 593 2710 658 docuit,
2738 608 2863 647 cum
2899 592 2977 645 ait
3011 609 3025 644 :
3061 590 3267 646 Christo
3301 599 3427 644 ante
3449 600 3472 630 ο
3504 606 3665 660 passo
3701 607 3816 657 pro

2207 687 2355 740 nobis
2395 702 2556 740 carne
2577 686 2653 750 7’;
2693 699 2820 738 cum
2860 693 3044 739 tamen
3080 683 3228 738 clare
3269 693 3326 738 et
3361 690 3552 752 aperte
3591 680 3814 736 Filium

2207 780 2306 834 Dei
2339 793 2462 833 esse
2493 776 2784 832 confessus
2816 776 3049 840 esset",
3076 789 3202 830 cum
3229 773 3431 829 merito
3463 772 3818 844 praedicatus

2209 878 2296 925 est
2325 869 2547 936 beatus,
2580 876 2641 922 ut
2678 867 2780 937 qui
2819 865 3135 935 hujusmodi
3175 863 3572 920 revelationem
3610 879 3644 917 a
3685 863 3815 917 Deo

2209 961 2371 1016 Patre
2400 959 2719 1029 accepisset.
2749 956 3180 1027 Oportetigitur
3211 965 3272 1011 ut
3303 971 3407 1011 nos
3439 956 3673 1011 Petrum
3711 972 3812 1010 se-

2211 1060 2443 1122 quentes
2475 1052 2571 1122 qui
2605 1051 2675 1106 de
2709 1051 2813 1106 hac
2845 1066 2904 1106 re
2939 1049 3312 1120 cognitionem
3347 1062 3379 1101 a
3411 1047 3527 1101 Deo
3557 1048 3812 1116 accepit,

2210 1143 2400 1198 eadem
2439 1142 2627 1214 regula
2662 1151 2902 1207 utamur,
2931 1150 2987 1196 et
3017 1139 3301 1197 Christum
3333 1137 3588 1192 dicamus
3619 1137 3814 1206 passi—

2211 1234 2378 1290 bilem
2417 1248 2562 1300 esse,
2586 1242 2647 1289 ut
2678 1233 2881 1289 Paulus
2915 1229 3353 1302 sapientissimus
3391 1228 3661 1298 loquitur,
3685 1243 3814 1282 non

2214 1335 2397 1380 tamen
2430 1325 2734 1380 secundum
2760 1324 3135 1390 divinitatem;
3166 1330 3224 1382 et
3249 1320 3508 1377 eumdem
3536 1320 3810 1389 impassi-

2213 1422 2403 1487 bilem,
2431 1437 2622 1477 verum
2653 1436 2765 1476 non
2803 1419 3106 1476 secundum
3143 1417 3566 1472 humanitatem.
3595 1415 3809 1470 Passus

2213 1529 2342 1584 ergo
2369 1522 2456 1569 est
2479 1512 2768 1583 passiones
2795 1522 3026 1578 naturae,
3053 1525 3190 1580 quas
3221 1525 3334 1564 non
3369 1509 3626 1578 sequitur
3650 1509 3808 1562 vitu-

2215 1605 2448 1675 peratio,
2475 1604 2571 1659 sed
2602 1602 2890 1674 magniﬁca
2917 1601 3307 1672 contemplatio
3333 1609 3665 1656 naturarum
3695 1599 3810 1654 sibi

2217 1695 2363 1751 inter
2419 1710 2479 1750 se
2536 1695 2936 1766 oppositarnm.
2984 1694 3056 1752 Et
3100 1701 3188 1748 est
3238 1691 3460 1763 quidem
3509 1691 3660 1746 Deus
3704 1691 3811 1760 qui

2216 1787 2444 1858 patitur,
2478 1801 2593 1840 non
2632 1786 2882 1856 capiente
2923 1771 3608 1855 passionemdivinitate;
3652 1781 3807 1838 idem

2214 1893 2347 1933 vero
2374 1877 2540 1932 homo
2573 1892 2685 1930 non
2714 1876 2932 1946 patiens
2956 1873 3247 1930 divinitate
3272 1889 3394 1944 qua:
3424 1873 3483 1928 in
3509 1873 3636 1950 ipso
3659 1881 3806 1938 erat,

2215 1969 2454 2024 habente
2488 1968 2791 2023 secundum
2826 1976 3084 2024 naturam
3118 1964 3642 2036 impassibilitatem,
3672 1964 3814 2018 licet

2215 2062 2519 2131 composita
2551 2075 2678 2116 cum
2712 2075 2946 2130 corpore
2979 2059 3225 2130 patiente
3255 2074 3270 2110 ς
3301 2058 3418 2127 ipse
3443 2071 3575 2111 vero
3606 2055 3813 2112 modus

2217 2153 2492 2222 passionis
2525 2151 2866 2206 demonstrat
2893 2149 3618 2210 diﬂ‘erentiamnaturarum
3648 2161 3810 2202 com-

2216 2243 2634 2315 positarum,et
2661 2250 2871 2298 natura:
2904 2242 3184 2311 passibilis
3217 2241 3592 2296 innocentiam
3636 2258 3652 2294 :
3692 2255 3810 2295 non

2214 2339 2367 2392 enim
2391 2335 2539 2407 quod
2564 2336 2772 2406 aliquid
2797 2335 3167 2398 commisisset
3190 2341 3366 2388 morte
3393 2340 3490 2386 aut
3511 2340 3812 2386 contume-

2215 2429 2289 2484 lia
2328 2429 2585 2498 dignum,
2622 2428 2802 2497 capite
2841 2427 3132 2483 damnatus
3164 2434 3249 2480 est
3284 2443 3298 2476 :
3331 2423 3619 2478 Peccatum
3653 2423 3809 2478 enim

2217 2537 2322 2576 non
2353 2523 2612 2591 fecit,'nec
2637 2503 2880 2574 inuentus
2901 2503 2987 2572 est
3011 2517 3162 2572 dolus
3190 2517 3247 2572 in
3275 2531 3372 2570 ore.
3390 2515 3506 2586 ejus
3527 2515 3596 2566 τ’.

2289 2612 2401 2667 VII.
2431 2610 2546 2666 Hoc
2575 2617 2758 2666 autem
2785 2618 2842 2664 et
2869 2609 2910 2663 ii
2940 2609 3037 2680 qui
3065 2623 3195 2663 eum
3227 2605 3428 2676 capitis
3459 2603 3805 2660 condemna-

2217 2711 2381 2767 runt,
2408 2700 2591 2768 testati
2627 2708 2756 2756 sunt
2788 2701 2872 2765 ei;
2910 2698 3188 2770 siquidem
3219 2697 3423 2753 Judaeis
3457 2693 3802 2767 congregatis

2216 2803 2274 2848 et
2310 2793 2629 2863 petentibus
2667 2792 2974 2848 Barabbam
3016 2793 3321 2853 latronem,
3355 2789 3569 2844 Pilatus
3605 2787 3802 2842 dixit:

2221 2884 2389 2940 Vultis
2431 2885 2700 2940 dimittam
2739 2869 2880 2937 vobis
2917 2882 3130 2951 Iesum,
3163 2883 3254 2954 qui
3291 2882 3485 2936 dicitur
3521 2877 3809 2935 Christus?

2142 3006 2185 3064 ο
2222 2978 2418 3033 sciebat
2441 2978 2628 3060 enim,
2663 2975 2820 3046 quod
2843 2992 2936 3046 per
2973 2974 3231 3029 invidiam
3268 2973 3614 3064 tradidissent
3659 2988 3802 3026 eum

2219 3069 2626 3140 Responderunt
2652 3085 2669 3122 :
2698 3067 2838 3130 Non,
2861 3066 2952 3120 sed
2985 3065 3291 3121 Barabbam
3322 3083 3340 3120 :
3370 3063 3577 3134 quibus
3603 3079 3803 3119 rursus

2219 3162 2359 3216 dixit
2381 3161 2594 3226 Pilatus
2627 3178 2641 3215 :
2678 3159 2816 3225 Quid
2841 3175 2965 3230 ergo
2995 3158 3192 3228 faciam
3219 3158 3283 3211 de
3311 3157 3458 3222 Iesu,
3489 3157 3583 3228 qui
3605 3157 3805 3211 dicitur

2219 3251 2500 3308 Christus?
2532 3250 2625 3306 Illi
2657 3259 2835 3306 autem
2869 3250 3120 3304 dixerunt
3157 3266 3174 3304 .'
3209 3247 3599 3320 Cruciﬁgatur;
3635 3257 3802 3318 atque

2219 3342 2423 3401 iterum
2443 3349 2517 3394 ut
2546 3339 2758 3409 pudore
2791 3354 2888 3394 cos
2914 3338 3124 3397 Pilatus
3152 3337 3419 3403 alliceret,
3443 3337 3585 3392 dixit
3615 3354 3629 3391 :
3665 3336 3804 3402 Quid

2219 3433 2358 3510 enim
2388 3431 2528 3487 male
2551 3433 2674 3503 fecit
2697 3432 2779 3484 3°?
2810 3431 2982 3501 Igitur
3010 3446 3136 3504 gum
3168 3429 3305 3484 nihil
3335 3429 3467 3483 mali
3495 3428 3800 3484 commisis-

2218 3535 2323 3592 set,
2347 3525 2584 3584 traditus
2609 3532 2696 3580 est
2721 3524 2785 3579 in
2805 3533 3040 3579 mortem
3066 3539 3166 3594 per
3188 3537 3428 3578 crucem.
3450 3521 3608 3579 Unde
3635 3521 3802 3577 lsaias

2218 3617 2297 3671 ait
2329 3635 2342 3670 :
2374 3616 2602 3687 Propter
2633 3624 2848 3686 peccata
2881 3631 3084 3682 eorum,
3115 3613 3326 3671 scilicet
3349 3613 3660 3678 hominum,
3688 3620 3802 3666 tra-

2219 3709 2356 3762 ditus
2387 3715 2467 3772 est
2485 3708 2552 3761 θί.
2583 3707 2652 3760 Et
2688 3707 2887 3762 iterum
2922 3725 2936 3760 :
2965 3706 3008 3762 A
3037 3706 3265 3778 peccatis
3299 3704 3480 3776 populi
3511 3706 3615 3758 mei
3653 3711 3800 3758 actus

2217 3815 2336 3852 sum
2379 3798 2448 3852 ad
2492 3805 2717 3852 mortem
2739 3798 2809 3851 ⁸².
2841 3799 3055 3852 Revera
3099 3797 3244 3868 enim
3286 3812 3392 3851 nos
3433 3811 3677 3860 eramus,
3705 3795 3801 3864 qui

2218 3901 2452 3946 mortem
2475 3891 2816 3946 habebamus
2839 3889 3209 3945 adulterinam
3229 3889 3532 3952 dominam,
3550 3897 3609 3944 et
3629 3889 3804 3943 bono»-

2218 3995 2308 4034 res
2331 3988 2554 4034 nostros
2579 3980 2648 4034 ab
2677 3995 2745 4034 eo
2774 3980 3097 4045 tuleramus,
3125 3995 3189 4034 ac
3215 3986 3441 4049 peccata
3468 3977 3540 4034 ad
3564 3988 3800 4040 mortem

2217 4085 2664 4140 peccaveramus.
2723 4069 2936 4142 Clamat
3000 4069 3169 4140 igitur
3230 4069 3505 4139 propheta
3564 4085 3800 4142 arguens

2218 4160 2400 4215 scelus
2433 4160 2801 4225 venditionis,
2837 4157 3148 4230 inquiens:
3184 4157 3313 4214 Ecce
3348 4161 3577 4230 peccatis
3618 4163 3798 4217 vestris

2218 4253 2412 4306 uenditi
2449 4253 2572 4306 estis
2595 4252 2662 4306 ⁸³.
2699 4251 2808 4307 Sed
2842 4251 2972 4307 licet
3001 4251 3253 4306 venditio
3287 4252 3558 4306 scelerata
3589 4251 3794 4323 fuerat,

2147 4341 2197 4400 Ι)
2221 4343 2518 4414 oportebat
2555 4353 2739 4398 tamen
2770 4345 2973 4414 justam
3009 4351 3064 4398 et
3095 4343 3396 4414 legitimam
3433 4359 3556 4400 esse
3600 4344 3798 4399 libera-

2217 4437 2446 4491 tionem.
2467 4436 2652 4505 Empti
2675 4436 2825 4490 enim
2856 4451 3049 4491 sumus
3074 4451 3267 4498 omnes
3293 4437 3518 4506 pretioso
3541 4439 3797 4508 sanguine

2216 4531 2344 4598 agni
2380 4527 2712 4582 immaculati
2754 4537 2804 4582 et
2840 4512 3270 4594 incontaminati,
3301 4525 3497 4583 Christi
3516 4527 3596 4596 “;
3636 4538 3796 4600 atque

2212 4619 2288 4674 ita
2315 4619 2532 4684 liberati
2563 4634 2593 4672 a
2621 4633 2844 4674 carcere
2867 4619 3008 4690 ejus,
3032 4620 3128 4691 qui
3153 4634 3257 4675 nos
3279 4619 3519 4689 primum
3544 4620 3605 4675 in
3629 4621 3796 4676 servi-

2215 4718 2389 4772 tutem
2415 4709 2724 4780 redegerat.

2291 4800 2428 4856 Vill.
2485 4797 2808 4878 Opportune
2869 4799 3186 4857 libertatem
3239 4802 3526 4856 consecuti
3583 4817 3785 4859 smnus.

2221 4891 2398 4948 Scidit
2429 4891 2596 4962 igitur
2628 4893 2879 4946 uestrum
2910 4891 3337 4963 chirographum
3357 4891 3402 4923 ⁸⁸
3426 4906 3536 4961 quo
3558 4907 3660 4948 nos
3679 4881 3787 4963 ipsi

2219 4984 2473 5042 servituti
2501 4982 2957 5053 mancipavimus,
2984 4985 3169 5040 omnia
3193 4993 3420 5055 propter
3443 4999 3545 5040 nos
3575 4999 3789 5056 perpes-

2219 5089 2334 5138 sus,
2367 5089 2710 5145 quascunque
2744 5072 2938 5130 dicunt
2965 5091 3086 5132 esse
3120 5071 3273 5148 signa
3305 5076 3536 5147 integra:
3562 5076 3783 5133 liberta-

2365 5231 2410 5302 ’ξ
2440 5233 2544 5289 lsa.
2573 5235 2754 5301 xL,28.
2861 5236 2907 5267 "
2930 5235 2949 5288 Ι
2973 5235 3099 5292 Cor.
3134 5253 3190 5302 ιι,
3221 5238 3275 5292 2.
3353 5239 3398 5269 ⁷⁷
3422 5238 3440 5292 l
3467 5239 3617 5294 Petr.
3640 5256 3708 5302 ir,
3729 5241 3775 5296 l.

2770 5305 2813 5338 “
2837 5305 2932 5361 15a.
2976 5324 3086 5376 Lm,
3125 5308 3176 5362 8.
3257 5309 3303 5342 ⁸²
3323 5307 3460 5363 ibid.
3485 5325 3598 5365 sec.
3623 5310 3774 5368 LXX.

1811 5522 2052 5580 VARl/E
2095 5525 2503 5586 LECTIONES.

621 5625 1016 5701 hlttt'estigatio.
1049 5632 1343 5704 ὲξεὺρεσις.

1427 5643 1447 5674 ι
1480 5634 1634 5691 Ante.
1675 5637 1992 5708 Legendum
2018 5638 2236 5698 videtur
2261 5652 2460 5700 autem.
