4054 6312
195 276 323 341 1⁸353

683 280 966 341 ORATIO
1013 280 1199 341 lV.-—
1227 279 1325 339 DE
1364 274 1731 343 PASSIONE
1774 273 1868 331 ET
1909 270 2576 331 IMPASSIBILITATE
2615 268 2950 329 CHRISTI.

3295 268 3433 332 135$

191 393 279 447 tis.
305 390 518 446 Etenim
545 390 869 470 verberatus
897 398 1000 453 est,
1025 401 1081 443 et
1110 389 1308 459 pugnis
1336 401 1530 449 caesus,
1559 384 1756 454 perdu-
1789 404 1832 459 Α
1932 379 1998 431 Χ.
2031 378 2397 445 Quamobrem
2432 393 2558 433 eum
2590 377 2935 432 admiramur
2954 376 3003 442 δ’
3030 376 3122 447 qui
3156 377 3261 433 hoc
3291 382 3436 449 qum

192 482 292 537 ctis
321 479 545 550 quidem
576 481 643 533 ad
679 479 939 535 effectum
976 478 1428 549 praedictionibus
1463 475 1760 546 propheta-

194 587 309 626 rum
338 587 460 640 qua:
487 571 555 626 de
593 571 679 626 his
712 571 870 626 facta:
905 581 1090 636 erant;
1126 570 1284 624 nobis
1314 584 1445 623 vero
1477 565 1758 621 liberatio-

192 679 313 718 nem
340 663 622 719 servitutir
646 663 717 719 ab
742 663 850 717 illis
877 663 1296 733 praenuntiatam
1320 661 1554 729 adeptus
1580 678 1592 713 :
1622 655 1758 711 nihil

190 756 330 811 enim
363 770 555 809 eorum
586 770 709 825 quae
738 756 791 809 in
819 755 1072 824 passione
1099 755 1218 824 ejus
1246 753 1516 807 honorata
1546 748 1763 804 accide—

194 854 336 909 runt,
365 845 569 899 frustra
598 852 692 898 aut
721 853 929 898 temere
957 844 1189 909 accidit;
1222 842 1385 906 absit,
1415 851 1478 896 ut
1506 841 1612 895 hoc
1640 839 1761 908 opi-

193 932 414 984 nemuri
454 931 550 985 sed
583 931 795 986 ratione
825 932 1060 1002 quadam
1093 932 1318 986 meliore
1347 939 1405 985 et
1429 929 1760 992 necessaria,

192 1037 352 1091 quam
385 1023 535 1077 nuda
563 1023 646 1077 vis
672 1024 965 1079 verborum
997 1024 1215 1094 assequi
1248 1022 1442 1093 possit.

260 1114 353 1169 IX.
375 1115 512 1169 Cum
543 1117 690 1171 enim
724 1132 825 1171 nes
850 1117 1061 1173 venditi
1091 1133 1360 1183 essemus,
1382 1123 1439 1172 et
1464 1116 1592 1170 facti
1619 1114 1763 1170 servi

195 1207 390 1260 mortis
429 1222 552 1275 quae
596 1206 650 1260 in
696 1222 887 1261 omnes
931 1208 1222 1278 imperium
1264 1206 1516 1270 tenebat;
1555 1214 1612 1259 et
1646 1204 1766 1273 ipse

198 1298 367 1352 voluit
394 1312 497 1367 pro
530 1297 692 1351 nobis
720 1298 913 1365 vendi;
946 1313 1138 1352 verum
1173 1313 1272 1352 nes
1306 1297 1487 1368 pretio
1512 1296 1763 1365 volupta-

198 1390 284 1450 tis,
314 1390 429 1459 ipse
458 1405 591 1447 vero
624 1392 834 1461 argenti
871 1409 884 1444 ε
918 1392 1036 1462 ipse
1065 1391 1211 1445 enim
1245 1390 1441 1445 fortior
1465 1396 1587 1442 erat
1614 1387 1768 1441 volu-

195 1490 360 1550 ptate.
391 1482 456 1536 Et
480 1499 580 1537 nos
611 1484 715 1553 ipsi
745 1499 775 1537 a
804 1483 966 1538 nobis
994 1482 1202 1538 venditi
1238 1496 1458 1547 sumus;
1497 1480 1612 1549 ipse
1638 1494 1768 1533 vero

195 1591 223 1628 a
257 1574 417 1629 nobis
453 1592 466 1627 :
504 1591 614 1646 qua
650 1576 768 1646 ipse
800 1557 912 1629 non
946 1583 1030 1629 est
1063 1574 1320 1628 venditor
1348 1571 1642 1637 libertatis,
1670 1571 1764 1626 scd

193 1666 413 1721 vindex.
441 1668 509 1721 Et
536 1667 842 1722 honoribus
867 1682 1007 1736 quos
1037 1667 1106 1721 ab
1136 1682 1202 1721 eo
1237 1666 1558 1724 tuleramus,
1588 1664 1653 1718 ad
1681 1664 1768 1716 in-

1870 470 2051 534 iiebat,
2082 470 2427 539 spectabant,
2458 479 2509 524 et
2543 485 2667 524 cum
2701 470 2804 525 hoc
2838 479 2949 525 tam
2985 470 3177 541 ingens
3205 472 3442 527 miracu‘

1869 561 2010 627 lum,
2059 570 2121 615 ut
2168 577 2266 630 par
2313 570 2459 626 erat,
2510 560 2920 632 divulgaretur,
2973 575 3443 632 congregaverunt

1868 662 2098 709 cunctos
2146 654 2350 723 quibus
2402 662 2587 723 partes
2631 652 2881 723 corporis
2927 654 3068 709 laesae
3114 662 3302 719 erant,
3347 656 3444 725 qui

1870 752 2222 798 accesserunt
2269 744 2335 798 ad
2381 760 2509 798 eum
2555 744 2609 797 in
2655 745 2889 813 templo,
2929 753 2985 799 et
3029 746 3204 799 sanati
3247 754 3375 801 sunt
3428 764 3442 799 :

1870 836 2046 906 majus
2102 836 2286 905 priore
2350 836 2675 892 miraculum
2739 837 3064 891 secundum.
3122 837 3235 892 Lex
3295 840 3442 893 enim

1871 926 2098 981 claudes
2129 935 2185 982 et
2212 942 2384 982 caecos
2417 929 2608 998 procul
2640 945 2670 983 a
2702 930 2904 999 temple
2934 930 3159 985 arcebat
3189 946 3201 983 :
3236 938 3293 985 at
3320 947 3443 986 cum

1872 1015 1978 1070 hoc
2009 1016 2335 1073 admirabile
2368 1018 2677 1089 prodigium
2712 1021 3001 1090 cjectionis
3033 1036 3225 1076 eorum
3260 1023 3353 1092 qui
3392 1023 3446 1077 in

1875 1116 2121 1162 mercatu
2169 1120 2359 1176 erant,
2398 1110 2453 1165 hi
2497 1111 2592 1180 qui
2639 1112 2895 1166 viderant
2933 1122 2991 1167 et
3037 1113 3357 1178 audierant,
3392 1122 3450 1169 et

1876 1200 2051 1270 majus
2086 1217 2250 1271 quam
2288 1217 2388 1271 pro
2422 1202 2632 1258 viribus
2667 1204 2923 1259 humanis
2956 1206 3273 1277 hujusmodi
3309 1218 3448 1276 opus

1877 1290 2171 1356 docebant,
2200 1293 2461 1348 audacter
2490 1294 2722 1365 ingressi
2754 1306 2884 1351 sunt
2922 1314 2935 1350 :
2972 1304 3183 1352 etcum
3222 1298 3275 1352 in
3312 1308 3450 1352 tem—

1874 1384 1966 1451 ple
2001 1393 2209 1451 essent,
2235 1396 2593 1441 accesserunt
2626 1387 2692 1441 ad
2726 1388 2935 1450 Iesum,
2964 1398 3021 1443 et
3052 1389 3268 1443 curavit
3299 1405 3395 1445 eos
3433 1407 3446 1442 :

1875 1474 2260 1529 demonstrans
2293 1491 2393 1545 per
2423 1479 2629 1541 omnia,
2657 1493 2776 1533 esse
2809 1494 2867 1534 se
2902 1480 3073 1535 Deum
3111 1482 3355 1537 abditum
3395 1484 3449 1536 in

1875 1579 2077 1630 carne,
2127 1582 2291 1637 quam
2349 1569 2553 1623 Paulus
2607 1569 2850 1625 velamen
2911 1578 3071 1627 vocat
3093 1573 3138 1605 ’°
3189 1590 3203 1626 :
3267 1574 3447 1629 velum

1876 1666 2061 1712 autem
2097 1658 2535 1730 integumentum
2570 1671 2887 1716 sanctorum
2926 1671 3011 1718 est
3044 1673 3101 1718 ct
3134 1673 3448 1719 sanctorum

196 1759 418 1814 teritum
456 1759 614 1813 abusi
652 1774 861 1813 sumus.
893 1758 1206 1813 fEstimatio
1240 1764 1423 1811 autem
1457 1755 1639 1819 liberi,
1668 1754 1773 1809 fuit
1808 1761 1846 1813 Β
1876 1750 2348 1806 sanctissimomm
2414 1753 2776 1822 operculum;
2836 1768 2947 1824 quo
3001 1755 3153 1810 solus
3206 1757 3451 1826 pontifex

195 1848 499 1920 “peregrinis
545 1849 828 1918 sepultura
853 1849 922 1913 ⁸⁸,
967 1857 1027 1903 ιιι
1070 1856 1254 1902 servet
1301 1861 1533 1917 corpora
1580 1860 1772 1899 eorum

196 1942 286 2012 qui
321 1941 380 1995 in
418 1949 566 1995 terra
602 1941 780 1996 aliena
810 1942 998 1995 vivere
1032 1939 1344 2003 desierunt;
1380 1938 1560 1993 donec
1589 1936 1776 1990 veniat

196 2034 286 2102 qui
313 2048 549 2102 corpora
580 2033 832 2096 suscitet,
860 2046 1095 2102 quorum
1135 2031 1333 2084 animae
1367 2029 1611 2099 pretioso
1644 2043 1774 2083 san-

194 2123 355 2193 guine
403 2122 702 2191 redempta:
745 2128 875 2175 sunt
922 2136 936 2173 :
985 2119 1199 2174 effusus
1239 2116 1386 2172 enim
1431 2126 1516 2172 est
1552 2115 1777 2187 sanguis

195 2215 330 2284 ejus,
360 2222 423 2268 ut
456 2222 603 2267 esset
640 2213 877 2283 pretium
916 2210 1319 2279 redemptionis
1354 2223 1456 2279 pro
1494 2208 1683 2264 multis
1702 2208 1771 2262 ⁸⁷.

196 2305 450 2359 Fortasse
476 2312 659 2359 autem
694 2303 895 2359 melius
912 2310 1062 2358 esset
1087 2302 1296 2366 dicere,
1332 2317 1434 2372 pro
1466 2301 1722 2356 omnibus
1757 2319 1771 2354 :

196 2411 390 2451 omnes
424 2395 571 2450 enim
607 2402 766 2458 sunt,
797 2395 893 2464 qui
929 2401 1059 2449 sunt
1093 2393 1272 2448 multi.
1302 2393 1371 2447 Et
1402 2401 1521 2446 erat
1551 2392 1775 2462 quidem

199 2489 374 2558 primo
408 2497 630 2557 aspectu
669 2488 834 2542 homo
872 2487 966 2557 qui
1010 2493 1282 2540 mactatus
1324 2493 1438 2551 est;
1480 2485 1587 2539 hoc
1625 2485 1775 2539 enim

198 2582 374 2637 solum
405 2580 739 2636 cernebatur
767 2599 778 2633 :
813 2579 1062 2650 prodigia
1091 2594 1223 2633 vero
1248 2577 1317 2633 ab
1345 2593 1412 2632 eo
1438 2578 1584 2633 edita
1612 2586 1779 2633 testa-

200 2673 400 2729 bantur
429 2688 594 2742 supra
631 2671 912 2726 hominem
948 2686 1070 2727 esse
1104 2679 1358 2725 naturam
1396 2671 1536 2740 ejus,
1567 2686 1632 2725 ex
1668 2685 1776 2740 qua

199 2769 443 2834 operatio
486 2763 944 2834 proﬁciscebatur
983 2779 997 2817 :
1040 2778 1148 2817 non
1190 2763 1317 2818 dico
1359 2762 1774 2817 suscitationem

200 2866 564 2921 mortuorum,
594 2865 878 2925 aspectum
909 2855 1069 2910 caecis
1096 2854 1434 2920 restitutum,
1459 2870 1569 2908 non
1597 2855 1777 2925 lepro-

200 2966 385 3004 serum
411 2948 883 3011 emendationem.
914 2964 1022 3002 non
1050 2949 1281 3003 aliarum
1309 2947 1595 3002 laesionum
1620 2963 1778 3003 cura-

201 3043 405 3097 tionem
437 3060 450 3095 :
481 3043 596 3097 haec
625 3043 772 3097 enim
805 3056 1001 3096 omnes
1027 3041 1189 3111 vulgo
1216 3040 1483 3095 Saivateri
1515 3049 1770 3110 tanquam

198 3134 308 3190 Deo
346 3135 760 3201 attribuebant;
807 3134 903 3189 sed
951 3132 1088 3187 illud
1129 3134 1319 3198 etiam,
1358 3133 1503 3202 quod
1540 3132 1770 3187 fortasse

200 3240 306 3279 non
353 3224 544 3279 multis
596 3223 651 3277 in
699 3230 941 3277 mentem
991 3221 1160 3277 venit.
1198 3219 1340 3287 Quid
1390 3220 1528 3274 hoc?
1573 3235 1771 3290 nempe

200 3313 376 3371 facere
417 3316 600 3370 omnia
639 3330 765 3370 cum
808 3323 1100 3385 potestate,
1133 3329 1298 3384 supra
1335 3313 1521 3368 omnia
1565 3323 1768 3377 autem,

199 3408 396 3477 ejicere
428 3423 495 3463 ex
528 3409 735 3479 temple
769 3422 1050 3463 sacrorum
1085 3421 1382 3477 caupones,
1416 3405 1511 3476 qui
1548 3406 1771 3460 domum

199 3501 468 3557 orationis
513 3502 834 3571 speluncam
885 3502 1161 3555 latronum
1208 3497 1487 3554 faciebant
1511 3498 1557 3529 ⁸⁸
1605 3514 1618 3551 :
1666 3498 1771 3553 nisi

198 3591 342 3645 enim
394 3598 640 3661 potestas
682 3592 804 3661 ejus
848 3590 1019 3645 nimia
1067 3590 1291 3655 fuisset,
1328 3604 1610 3659 nunquam
1662 3601 1773 3644 tam

199 3684 367 3738 multa
412 3683 583 3738 millia
625 3683 929 3738 ementium
969 3691 1025 3739 et
1060 3682 1420 3738 vendentium
1460 3696 1529 3736 ex
1570 3681 1773 3750 temple

197 3777 571 3841 exturbasset;
619 3777 925 3845 praesertim
968 3774 1110 3830 festo
1147 3775 1407 3839 instante,
1437 3784 1494 3829 et
1529 3774 1772 3845 undique

196 3868 262 3923 ad
287 3884 415 3923 eum
445 3868 875 3932 confluentibus,
896 3882 1021 3922 cum
1054 3867 1141 3921 lex
1170 3880 1362 3921 omnes
1386 3881 1452 3920 ex
1478 3866 1629 3920 omni
1651 3867 1773 3921 loco

196 3960 261 4014 ad
300 3962 447 4016 diem
487 3977 805 4033 azymorum
847 3968 1199 4023 convocaret,
1230 3958 1286 4012 in
1326 3972 1436 4027 quo
1464 3948 1536 4013 ut
1570 3957 1775 4029 pascha

196 4048 600 4114 immolaretur,
636 4052 754 4121 lege
798 4048 1071 4105 sancitum
1117 4054 1257 4105 erat.
1294 4046 1429 4115 Quis
1469 4047 1617 4102 enim
1664 4046 1775 4101 dux

195 4143 421 4212 copioso
449 4143 698 4199 exercitu
724 4143 961 4196 militum
990 4149 1327 4195 armatorum
1362 4140 1634 4207 immisso,
1665 4146 1774 4193 tam

195 4234 400 4289 multos
422 4234 622 4304 ejicere
649 4233 940 4304 potuisset,
966 4232 1269 4303 praesertim
1299 4247 1424 4286 cum
1449 4231 1539 4285 illa
1566 4230 1774 4285 nefaria

193 4336 507 4381 mercatura
531 4326 795 4381 diuturno
826 4336 1073 4394 tempore
1099 4323 1423 4379 confirmata
1451 4324 1631 4379 esset?
1652 4323 1773 4393 ipse

1874 1847 2042 1901 semel
2073 1860 2174 1915 per
2198 1862 2403 1902 annum
2438 1848 2869 1918 ingrediebatur,
2899 1860 2960 1905 ut
2993 1850 3165 1907 Deum
3203 1869 3301 1922 pro
3335 1854 3452 1908 suis

1874 1944 1932 1990 et
1976 1938 2166 2007 pepuli
2224 1939 2899 2011 ignorantiis-propitium
2951 1942 3229 1999 redderet.
3272 1943 3451 2011 Quare

1875 2036 2125 2082 sanctum
2157 2028 2337 2099 primo
2362 2031 2489 2086 velo
2516 2039 2746 2096 tectum,
2771 2041 2827 2087 et
2852 2044 3103 2089 sanctum
3133 2044 3449 2091 sanctorum

1875 2121 2152 2187 secundo,
2198 2122 2280 2177 sic
2327 2123 2682 2193 interpretari
2734 2125 3041 2187 audemus,
3091 2137 3152 2182 ut
3202 2128 3453 2184 dicamus

1876 2212 2114 2281 primum
2139 2214 2363 2283 quidem
2390 2216 2574 2269 velum
2603 2230 2724 2271 esse
2747 2231 2949 2287 corpus
2977 2217 3219 2285 Christi;
3252 2234 3452 2275 secun-

1876 2302 2006 2361 dum
2031 2319 2163 2359 vero
2190 2305 2428 2360 animam
2462 2325 2474 2359 :
2508 2306 2689 2361 anima
2725 2308 2873 2361 enim
2909 2323 3164 2379 corpore,
3192 2319 3450 2381 tanquam

1875 2394 2057 2462 primo
2074 2396 2198 2450 velo
2222 2396 2453 2466 tegitur;
2480 2396 2662 2450 anima
2680 2411 2814 2452 vero
2837 2405 2921 2453 est
2943 2399 3245 2453 secundum
3269 2401 3448 2455 velum

1876 2487 2062 2543 Verbi.

1946 2578 2038 2635 XI.
2067 2580 2337 2647 Caeterum
2372 2583 2483 2638 duo
2519 2585 2872 2642 tabernacula
2902 2585 3195 2641 commissa
3224 2600 3289 2641 ac
3316 2601 3451 2641 con-

1874 2671 2066 2741 juncta
2114 2671 2340 2729 fuerunt
2393 2676 2711 2733 retinaculis
2757 2686 2814 2732 et
2856 2678 3104 2741 annulis,
3147 2693 3271 2747 quze
3317 2677 3453 2731 mihi

1876 2762 2137 2818 videnlur
2179 2765 2478 2835 symbolice
2526 2767 2893 2838 signiﬁcasse,
2931 2769 3134 2839 quibus
3178 2770 3357 2824 modis
3400 2780 3457 2825 et

1878 2855 2219 2919 raticnibus,
2255 2870 2378 2927 quae
2423 2857 2566 2913 sicut
2613 2860 2858 2931 symbela
2888 2860 3122 2915 obscura
3172 2860 3239 2914 ad
3285 2876 3454 2932 cxpe-

1879 2943 2171 3012 diendum,
2200 2947 2359 3002 valde
2392 2948 2643 3003 diiiiciles
2679 2949 2745 3004 ad
2780 2949 3165 3019 explicandum
3201 2961 3453 3005 conteru-

1878 3035 2152 3105 plationes
2176 3037 2380 3093 habent
2407 3054 2419 3092 :
2451 3048 2597 3094 tanta
2624 3040 2719 3105 Dei
2748 3056 2875 3111 erga
2900 3055 3003 3095 nos
3032 3041 3272 3096 Charitas
3298 3042 3453 3096 exhi-

1878 3127 1991 3182 bita
2031 3136 2136 3183 est.
2170 3130 2350 3186 Unum
2396 3131 2542 3186 enim
2590 3131 3023 3196 tabernaculum,
3056 3148 3227 3187 unum
3269 3134 3451 3189 velum

1879 3218 2047 3274 habet
2078 3236 2108 3275 a
2144 3237 2361 3278 summo
2391 3224 2459 3278 ad
2494 3224 2663 3280 imum
2703 3244 2717 3280 :
2751 3242 2854 3282 nec
2886 3227 3048 3281 aliter
3079 3228 3209 3283 licet
3240 3243 3304 3283 ca
3332 3230 3452 3283 vela

1876 3313 2263 3382 contemplari,
2296 3330 2459 3383 quam
2500 3316 2545 3370 si
2583 3316 2708 3385 quis
2751 3318 2819 3372 ab
2861 3318 3122 3373 extremis
3165 3318 3229 3372 ad
3276 3319 3451 3389 prima

1877 3402 2213 3469 ascendens,
2245 3406 2444 3459 evadat
2478 3406 2536 3459 in
2572 3408 2926 3478 principium.
2960 3409 3301 3480 Compositio
3332 3412 3450 3481 qui-

1876 3494 2001 3548 dem
2054 3495 2233 3550 tendit
2280 3512 2309 3551 a
2361 3512 2577 3552 summe
2632 3499 2930 3567 deorsum;
2987 3501 3277 3557 dissolutio
3322 3518 3454 3557 veru

1879 3586 2062 3657 (hanc
2105 3593 2289 3640 autem
2330 3602 2592 3645 vocamus
2635 3590 3078 3663 intelligentiam)
3116 3596 3185 3649 ab
3229 3596 3340 3650 imo
3386 3596 3452 3650 ad

1878 3693 2153 3733 summum
2189 3694 2284 3734 eos
2313 3680 2408 3750 qui
2442 3681 2593 3753 digni
2627 3692 2786 3747 sunt,
2814 3685 3017 3740 evehit.
3050 3684 3165 3743 lloc
3202 3689 3453 3743 taberna-

1877 3768 2053 3824 culum
2084 3770 2266 3840 posuit
2294 3768 2537 3826 Verbum
2566 3772 2619 3826 in
2652 3774 2874 3827 circuitu
2903 3774 3184 3831 latibulum
3211 3782 3452 3844 suum“,

1878 3861 2151 3930 primitias
2188 3863 2356 3917 totius
2389 3863 2782 3931 humanitatis;
2820 3875 2876 3921 et
2900 3867 3004 3921 hoc
3032 3867 3452 3938 dedit-pretium

1877 3965 1978 4020 pro
2021 3951 2314 4017 omnibus,
2351 3952 2575 4008 tradens
2615 3955 2853 4009 animam
2892 3972 3046 4011 suam
3094 3957 3146 4012 in
3187 3967 3451 4028 mortem;

1877 4049 1939 4097 ut
1979 4041 2136 4097 fieret
2176 4059 2278 4113 pro
2326 4044 2585 4102 universo
2626 4061 2828 4117 genere
2867 4049 3110 4105 humane
3147 4061 3454 4107 commuta-

1877 4142 1992 4187 tum
2030 4151 2043 4187 :
2079 4150 2180 4203 pro
2214 4135 2473 4190 omnibus
2504 4137 2652 4191 enim
2686 4140 2925 4208 gustavit
2957 4149 3214 4209 mortem,
3239 4158 3268 4198 a
3303 4144 3456 4201 nullo

1876 4239 1977 4294 per
2010 4225 2121 4279 vim
2160 4226 2228 4279 ad
2264 4226 2370 4281 hoc
2402 4226 2574 4281 invite
2613 4234 2843 4302 tractus.
2871 4230 3015 4284 Dixit
3049 4231 3196 4285 enim
3242 4250 3254 4286 :
3290 4232 3454 4287 Nemo

1878 4316 2018 4370 tollit
2043 4319 2283 4372 animam
2311 4335 2485 4371 meam
2512 4335 2544 4372 a
2571 4333 2681 4383 me;
2702 4325 2794 4373 sed
2819 4335 2911 4391 ego
2937 4334 3075 4391 pono
3098 4324 3270 4394 ipsum
3293 4343 3325 4379 a
3351 4343 3454 4384 me.

192 4432 325 4471 vero
362 4418 479 4472 solo
509 4416 724 4487 ﬂagello
760 4430 828 4472 ex
863 4415 1126 4471 funiculis
1158 4414 1304 4471 facto
1342 4414 1627 4469 universos
1658 4414 1769 4483 cjea
1803 4430 1850 4489 ι)
1877 4407 2199 4463 Potestatem
2228 4409 2393 4465 habeo
2426 4411 2654 4480 ponendi
2686 4427 2834 4477 eam;
2869 4420 2917 4466 et
2949 4408 3259 4485 po't‘estatcm
3293 4419 3454 4473 habeo

189 4509 357 4573 cit”,
394 4509 682 4579 appellans
724 4508 950 4563 domum
997 4523 1152 4562 suam
1199 4507 1427 4562 domum
1473 4506 1772 4573 orationis,

189 4615 354 4668 quam
415 4599 494 4654 illi
550 4599 643 4670 qui
695 4600 868 4654 Deum
927 4598 1415 4668 cauponabantur,
1462 4596 1774 4667 emporium

186 4688 439 4744 fecerant
483 4700 733 4744 ementes
782 4688 964 4759 pullos
1014 4687 1427 4744 columbarum.
1464 4693 1520 4740 et
1560 4684 1775 4740 divinas

188 4779 509 4851 Scripturas
559 4789 937 4850 permutanles
988 4788 1246 4849 tanquam
1294 4777 1557 4833 mensarii
1609 4793 1773 4832 num-

188 4887 336 4937 mos,
374 4883 610 4942 querum
649 4871 851 4927 mensae
890 4872 1089 4927 merito
1126 4877 1472 4931 evertuntur,
1507 4877 1563 4923 et
1595 4884 1764 4939 pecu-

185 4965 291 5020 nite
314 4964 681 5019 effunduntur
704 4963 889 5017 divina
914 4962 1120 5017 virtute
1150 4961 1299 5015 illius
1324 4960 1417 5030 qui
1442 4968 1670 5015 venerat
1697 4959 1764 5014 ad

185 5055 598 5127 repurgandum
642 5056 929 5126 templum,
961 5054 1016 5108 in
1062 5068 1174 5124 quo
1214 5053 1299 5107 lex
1337 5052 1563 5123 jubebat
1600 5066 1793 5122 purasi

182 5149 396 5204 bestias
438 5149 550 5203 Dee
591 5148 909 5213 immolare,
941 5161 1051 5201 non
1092 5154 1277 5201 autem
1321 5154 1381 5199 ut
1417 5143 1624 5198 nefaria
1664 5145 1792 5199 ista'

183 5241 403 5298 tierent.
932 5262 937 5267 ί
1255 5232 1260 5243 ’

251 5398 298 5430 ⁸⁸
315 5400 505 5456 Matth.
534 5413 700 5458 xxvrr,
721 5399 774 5451 '7.

176 5471 221 5502 ”'
238 5471 400 5528 Joan.
426 5486 479 5535 x,
502 5470 589 5524 18.
660 5470 705 5503 ⁸³
725 5468 859 5523 Luc.
884 5484 976 5533 xu,
1001 5467 1092 5523 ΞΟ.

243 5702 270 5743 ἀ
300 5701 734 5759 ΑιΙτηὶναὺαηιιιν
758 5716 789 5755 e
820 5707 1084 5753 contextu
1117 5698 1439 5771 legendum.

419 5794 696 5857 PATROL.
743 5795 863 5855 (in.
905 5792 1225 5853 LXXXIX.

847 5397 891 5428 θ’
915 5395 1103 5451 Matth.
1132 5411 1276 5461 ηνι,
1297 5394 1387 5450 ίὶὸ.
1406 5394 1450 5427 ⁸⁸
1472 5394 1665 5450 Matth.
1688 5409 1794 5458 XXI,
1826 5393 1910 5447 l5.

1874 4500 2065 4553 iterum
2090 4500 2331 4554 sumendi
2357 4516 2476 4554 eam
2497 4502 2562 4555 θ’.
2591 4500 2649 4556 ln
2675 4516 2785 4573 quo
2811 4504 2977 4559 etiam
3009 4520 3068 4561 se
3098 4521 3265 4577 supra
3289 4525 3453 4578 quam

1872 4590 2155 4649 hominem
2195 4605 2316 4653 esse
2358 4590 2678 4648 declarabat
2716 4610 2729 4648 :
2763 4594 3036 4666 siquidem
3071 4599 3253 4654 omnis
3288 4599 3456 4657 homo

1873 4679 2048 4735 invite
2079 4681 2319 4737 animam
2355 4696 2511 4736 suam
2543 4682 2799 4751 dimittit;
2831 4693 2888 4741 et
2915 4686 3008 4741 alii
3045 4696 3176 4743 sunt
3203 4690 3298 4760 qui
3332 4691 3453 4746 ani-

1872 4787 2015 4826 mam
2050 4772 2277 4836 tollant,
2310 4773 2406 4843 qui
2439 4781 2567 4829 sunt
2598 4775 2666 4830 ad
2700 4776 2807 4832 hoc
2838 4778 3077 4834 ministri
3114 4781 3401 4836 constituti
3437 4800 3448 4835 :

1872 4864 2036 4920 sicuti
2088 4864 2302 4919 dictum
2357 4874 2443 4921 est
2496 4866 2574 4920 iiii
2632 4856 2835 4933 diviti,
2865 4871 3029 4942 cujus
3076 4856 3206 4945 agei'
3254 4867 3453 4929 uberes

1871 4957 2085 5014 fructus
2124 4956 2341 5022 tulerat,
2368 4958 2463 5027 qui
2500 4959 2825 5045 imprudens
2854 4946 3147 5045 consilum:
3179 4972 3404 5036 ceperat
3435 4984 3446 5019 :

1874 5048 1989 5105 Hac
2028 5058 2179 5104 nocte
2216 5051 2456 5103 animum
2491 5059 2642 5106 tuam
2684 5040 3168 5125 a'iterrepefeut".
3199 5056 3448 5113 Animam

1843 5156 2008 5197 .vere
2066 5141 2365 5198 Salv'ateris
2422 5145 2820 5201 nostri'nemo
2875 5144 3137 5215 abstulit,
3187 5146 3281 5205 sed
3336 5150 3454 5221 ipse
3534 5160 3541 5166 '

1872 5233 2058 5304 potius
2091 5246 2227 5288 eam
2249 5240 2446 5303 sponte
2481 5236 2665 5305 posuit
2698 5226 2766 5291 ad
2802 5227 3010 5339 breve:
3032 5234 3227 5297 eadem
3266 5241 3451 5296 divina

1986 5393 2030 5425 ⁸³
2049 5394 2208 5449 Jean.
2230 5407 2288 5458 ti,
2313 5395 2396 5450 i5.
2475 5395 2520 5427 '°
2542 5393 2705 5450 Hebr.
2733 5411 2783 5463 x,
2808 5395 2897 5451 20.

2976 5400 3015 5431 "
3043 5399 3183 5454 Psal.
3210 5415 3336 5462 .vvu,
3364 5402 3454 5460 49..

1460 5603 1700 5660 νᾹῐὶιᾹῖ
1745 5601 2157 5659 ιποτιοκες.

2966 5789 3097 5850 ῑι3ν
