4054 6312
695 315 716 378 i
732 316 828 380 355

1849 318 1908 378 S.
1931 317 2328 378 ANASTASII
2362 319 2797 382 ANTIOCHEN
2803 320 2831 381 Ι

3850 321 3953 386 1356

691 425 1046 498 providentia
1069 441 1174 496 qua
1198 437 1426 497 propter
1444 440 1547 482 nos
1566 424 1742 482 lactus
1770 435 1855 482 est
1881 427 2078 495 homo;
2109 445 2276 499 opor-
2309 440 2348 492 Α
2379 432 2481 486 eioi
2499 475 2513 497 ,
2555 441 2759 488 tamine
2817 432 3201 488 rabachthani?
3259 433 3400 504 quod
3458 434 3898 502 interpretantur
3937 451 3951 488 :

699 519 846 575 tehat
870 518 1022 574 enim
1048 517 1320 589 proﬁcisci
1349 517 1419 572 ad
1449 516 1664 572 animas
1689 517 1899 575 solutas
1921 521 2273 591 corporibus,

688 621 754 666 et
804 611 1097 684 pradicare
1155 611 1379 680 captivis
1441 610 1890 664 remissionem".
1941 610 2046 677 Qui
2108 611 2280 682 igitur

695 702 890 758 volens
927 701 1169 757 animam
1211 701 1495 772 propriam
1535 700 1787 767 dimittit,
1820 718 1932 757 non
1970 710 2056 757 est
2097 703 2273 759 solum

689 793 879 848 anima
903 807 1138 864 corpore
1170 800 1334 848 utens
1360 810 1373 846 :
1401 792 1535 863 quid
1561 794 1712 849 enim
1735 803 1841 861 est,
1860 795 2008 864 quod
2033 795 2274 850 animam

693 892 891 956 sponte
921 884 1120 940 solvit?
1152 901 1266 940 non
1299 885 1448 940 enim
1483 894 1921 942 consentaneum
1959 888 2158 942 rationi
2191 897 2276 944 est

693 976 1016 1035 existimare
1041 992 1203 1047 posse
1227 977 1335 1032 hoc
1356 977 1538 1032 facere
1560 993 1784 1048 corpus,
1803 978 1949 1048 quod
1975 994 2086 1033 non
2109 980 2277 1035 habet

694 1070 1038 1126 voluntarias
1065 1070 1454 1142 appetitiones.
1475 1071 1680 1127 Verum
1708 1072 1754 1126 si
1782 1071 1889 1127 hoc
1917 1073 2274 1139 concedatur,

696 1163 1012 1234 reperietur
1035 1178 1158 1218 esse
1184 1179 1387 1234 corpus
1415 1163 1659 1218 nobilius
1687 1163 1870 1218 anima
1899 1164 2129 1220 rationis
2153 1180 2279 1234 par-

697 1256 892 1327 ticipe,
937 1255 1212 1326 siquidem
1256 1271 1462 1326 corpus
1500 1254 1731 1310 dimittit
1770 1256 2042 1322 animam,
2094 1257 2277 1312 anima

694 1362 830 1404 vero
859 1347 1183 1402 dimittitur.
1207 1347 1421 1402 Idcirco
1447 1362 1674 1402 necesse
1705 1356 1794 1402 est
1819 1348 2049 1403 omnino
2080 1355 2276 1418 putare

697 1442 754 1497 in
791 1441 1195 1512 compositione
1232 1439 1473 1506 Christi,
1501 1439 1652 1495 aliud
1683 1439 1814 1510 quid
1849 1449 2048 1511 praeter
2075 1455 2278 1510 corpus

693 1541 753 1589 et
777 1533 1040 1596 animam,
1065 1541 1303 1603 utroque
1328 1531 1554 1602 quidem
1575 1531 1822 1587 nobilius
1852 1549 1866 1586 :
1897 1534 2278 1603 praestantiore

696 1643 829 1684 vero
850 1626 1244 1698 principalius;
1273 1625 1421 1696 quod
1446 1625 1670 1695 quidem
1696 1641 1798 1695 pro
1824 1627 2156 1682 auctoritate
2179 1643 2279 1682 sua

694 1734 898 1790 corpus
935 1719 993 1774 in
1031 1717 1220 1774 cibum
1259 1717 1548 1787 discipulis
1585 1717 1769 1784 dedit;
1808 1727 1864 1772 et
1896 1719 2137 1773 animam
2175 1735 2277 1789 pro

691 1809 888 1866 amicis
926 1808 1113 1880 posuit
1143 1825 1156 1862 :
1191 1815 1360 1879 atque
1391 1805 1497 1862 hac
1527 1807 1740 1862 ratione
1769 1807 1996 1862 nimiam
2027 1809 2272 1865 charita-

693 1912 804 1957 tem
836 1901 892 1956 in
917 1915 1020 1956 nos
1043 1915 1202 1955 suam
1228 1900 1500 1956 ostendit.

765 1991 880 2049 ΧΠ.
911 1989 1054 2057 Quid
1076 1997 1261 2044 autem
1299 1989 1406 2045 hoc
1440 1989 1593 2045 erat?
1627 1988 1838 2060 Nempe
1873 1989 2126 2046 divinum
2166 2008 2272 2046 nu-

694 2100 854 2150 men,
883 2083 1251 2152 compositum
1291 2081 1504 2146 scilicet
1541 2081 1659 2137 sine
1699 2083 1956 2152 passione
1994 2098 2119 2138 cum
2163 2092 2275 2138 ter-

698 2190 833 2232 reno
867 2189 1120 2246 corpore.
1150 2175 1227 2229 Ac
1263 2173 1467 2228 latebat
1501 2174 1748 2243 quidem,
1775 2184 1832 2230 et
1865 2190 1977 2229 non
2009 2176 2275 2231 cerneba-

697 2276 810 2331 tur,
835 2275 1058 2338 propter
1084 2255 1487 2320 tabernaculum
1520 2266 1690 2337 quod,
1710 2275 1770 2322 ut
1801 2267 1938 2333 dixi,
1963 2270 2019 2322 in
2055 2270 2277 2323 circuitu

693 2358 1022 2424 erat"-“;et
1041 2357 1170 2428 quia
1207 2365 1408 2413 natura
1445 2367 1532 2413 est
1565 2358 1947 2430 inaspectabili
1993 2378 2006 2413 :
2051 2376 2277 2415 verum-

697 2459 880 2504 tamen
907 2447 1323 2505 demonstrabat
1351 2464 1410 2504 se
1440 2449 1612 2504 Deum
1641 2466 1738 2520 per
1762 2466 1848 2516 ea,
1873 2466 1995 2521 quae
2020 2451 2273 2507 faciebat.

693 2540 1020 2597 Clamabam
1042 2541 1190 2596 enim
1215 2557 1383 2612 opera
1411 2558 1534 2613 quae
1560 2543 1731 2598 Deum
1764 2544 1820 2598 in
1851 2560 2017 2600 carne
2048 2544 2279 2600 abscon-

697 2634 876 2688 ditum
917 2633 1294 2703 praedicabant
1331 2651 1344 2686 :
1389 2644 1445 2689 et
1481 2643 1641 2690 erant
1679 2637 1964 2704 passiones
2003 2637 2278 2708 praecipue

698 2723 921 2795 quidem
954 2732 1010 2778 et
1040 2723 1096 2778 in
1122 2723 1317 2794 primis
1346 2724 1558 2790 carnis;
1590 2734 1866 2794 quatenus
1889 2741 2024 2780 vero
2049 2742 2142 2782 eas
2171 2727 2278 2782 sibi

698 2814 1059 2876 attribuebat,
1092 2823 1252 2868 erant
1286 2815 1409 2886 ejus
1447 2815 1543 2884 qui
1584 2831 1807 2870 carnem
1847 2827 2222 2885 assumpserat
2261 2835 2274 2872 :

698 2905 964 2961 miracula
1007 2921 1139 2961 vero
1183 2907 1239 2961 in
1284 2905 1478 2976 primis
1525 2916 1684 2962 erant
1727 2907 1892 2962 Verbi
1935 2909 2069 2974 Dei;
2115 2909 2278 2964 simul

697 3007 882 3053 autem
932 3013 1057 3052 cum
1102 2997 1190 3053 his
1235 3013 1366 3053 caro
1414 2997 1858 3069 gloriﬁcabatur,
1891 3001 2023 3072 quia
2065 3001 2282 3056 scilicet

699 3088 868 3143 Verbi
915 3089 1012 3144 Dei
1051 3099 1192 3145 erat.
1223 3088 1368 3144 Caro
1413 3091 1532 3160 ipsa
1581 3090 1838 3145 transﬁxa
1881 3102 1968 3147 est
2007 3093 2179 3147 clavis
2224 3093 2281 3147 in

603 3175 609 3181 ’
697 3196 887 3246 cruce,
916 3189 974 3236 et
1005 3181 1197 3236 lancea
1229 3182 1526 3237 vulnerata
1563 3191 1669 3248 est,
1701 3191 1758 3237 et
1791 3193 1945 3238 aceto
1986 3193 2196 3255 potata,
2226 3194 2282 3240 et

698 3288 862 3329 omne
913 3289 1088 3344 genus
1137 3274 1494 3330 contumelia;
1547 3290 1578 3328 a
1627 3273 1877 3330 scelestis
1926 3274 2034 3329 illis
2086 3285 2282 3344 sponte

697 3367 935 3438 accepit,
967 3382 1092 3421 cum
1118 3365 1363 3422 Verbum
1401 3366 1499 3421 Dei
1539 3381 1726 3421 secum
1763 3366 2069 3421 secundum
2109 3366 2282 3436 hypo-

699 3457 888 3512 stasiin
929 3457 1144 3513 unitum
1186 3457 1436 3513 haberet.
1465 3457 1621 3514 Unde
1661 3457 1887 3527 sanguis
1922 3458 2019 3528 qui
2055 3474 2122 3513 ex
2167 3459 2283 3527 ipsa

701 3549 928 3615 luebat,
957 3551 1182 3620 sanguis
1215 3550 1380 3607 Verbi
1429 3549 1742 3620 incorporei
1785 3561 1841 3604 et
1877 3549 2146 3622 sanguine
2189 3565 2284 3604 ca-

702 3643 875 3699 rentis
908 3657 1032 3696 esse
1065 3642 1294 3703 dicitur,
1322 3651 1598 3712 quatenus
1634 3657 1777 3696 unus
1813 3650 1898 3696 est
1930 3657 1996 3695 ex
2033 3642 2282 3710 utrisque

699 3732 1039 3804 compositus
1084 3731 1372 3797 Christus,
1423 3733 1570 3787 Deus
1619 3732 1782 3786 simul
1830 3740 1887 3786 et
1934 3731 2122 3784 homo.
2169 3731 2284 3785 Hoc

699 3835 883 3881 autem
922 3825 997 3880 ita
1029 3839 1149 3880 esse
1185 3836 1374 3896 aperte
1411 3825 1654 3881 declarat
1688 3823 1828 3892 ipse,
1856 3837 1982 3878 cum
2019 3822 2191 3876 Deum
2229 3823 2283 3875 in

699 3933 866 3972 cruce
896 3917 1116 3972 Patrem
1144 3925 1200 3973 et
1240 3919 1414 3974 Deum
1463 3931 1626 3972 suum
1655 3925 1818 3970 vocat
1848 3933 1861 3968 :
1891 3913 2036 3980 Eloi,
2081 3914 2282 3984 inquit,

773 4057 822 4089 ”
847 4053 951 4112 lsa.
977 4071 1084 4124 ut,

705 4130 721 4163 ⁶
746 4128 935 4183 lauit.
960 4143 1127 4196 uvn,

716 4307 973 4324 ﬂ

1175 4056 1202 4110 l
1232 4071 1250 4123 ;
1292 4054 1422 4111 Luc.
1461 4070 1533 4119 tv,
1576 4053 1664 4110 l8.
1701 4054 1836 4093 ”-"
1858 4058 2001 4112 Psal.
2025 4073 2154 4118 xvn,
2181 4057 2265 4112 l2.
2341 4057 2387 4091 "
2414 4058 2581 4112 Marc.
2604 4075 2692 4124 xv,
2721 4060 2815 4117 54.

1315 4130 1335 4160 ²
1359 4131 1498 4184 Psal.
1521 4146 1627 4196 crx,
1652 4131 1705 4186 '5.
1784 4130 1804 4162 ³
1824 4129 1992 4184 Hebr.
2018 4145 2074 4192 ll,
2103 4130 2185 4183 l6.
2261 4128 2281 4158 ⁸
2304 4128 2438 4182 ibid.
2461 4130 2550 4182 14.

2382 524 2516 578 Deus
2559 541 2726 594 meus,
2763 525 2900 580 Deus
2943 541 3110 587 meus,
3138 534 3195 577 ut
3233 524 3361 596 quid
3402 541 3486 579 me
3530 523 3953 596 dereliquisti"?

2377 617 2446 673 Et
2482 618 2684 673 iterum
2729 637 2742 673 :
2777 619 2944 673 Pater
2973 635 3141 681 meus,
3171 620 3228 672 in
3267 634 3458 671 manus
3499 625 3623 671 tua:
3659 620 3947 672 commend:

2375 711 2620 779 spiritum
2645 727 2820 765 meum
2843 711 2910 764 ⁸³.
2934 711 3004 765 Et
3028 708 3187 774 illud,
3212 718 3405 778 aperto
3431 709 3609 764 latere
3637 709 3830 764 exisse
3858 726 3946 764 san-

2377 804 2599 873 guinem
2631 813 2686 857 et
2716 819 2915 873 aquam
2947 819 3015 858 ex
3045 817 3275 871 corpore
3305 802 3420 871 jam
3453 811 3682 856 mortuo
3705 803 3779 866 ”,
3812 820 3945 872 supra

2377 905 2632 949 naturam
2659 895 2902 950 hominis
2930 905 3053 950 erat
3086 914 3098 949 :
3129 893 3278 964 quod
3308 893 3535 963 quidem
3571 896 3881 949 nonnullos
3902 912 3942 947 ί]

2379 987 2698 1042 infidelibus
2734 990 2829 1058 qui
2873 989 3160 1052 astabant,
3201 991 3270 1046 ad
3313 988 3659 1045 credendum
3702 987 3942 1048 adduxit,

2378 1083 2708 1137 conﬁtentes
2740 1099 2858 1137 vere
2894 1083 3089 1138 Filium
3123 1084 3222 1138 Dei
3255 1101 3364 1139 esse
3388 1086 3429 1148 ⁵,
3455 1089 3688 1152 propter
3716 1096 3885 1150 quem
3907 1087 3943 1133 el

2377 1189 2478 1244 per
2507 1191 2672 1245 quem
2713 1184 2793 1230 tot
2826 1191 2890 1231 ac
2927 1185 3080 1231 tanta
3119 1176 3367 1248 prodigia
3404 1175 3556 1230 edita
3592 1182 3814 1228 essent.
3843 1173 3944 1238 Qua

2377 1280 2512 1318 vero
2551 1266 2801 1336 prodigia
2837 1268 3031 1322 erant?
3067 1267 3276 1336 Nempe
3316 1266 3450 1320 solis
3472 1264 3716 1318 defectio
3756 1263 3943 1317 decima

2378 1367 2574 1429 quarta
2601 1360 2750 1424 luna,
2770 1374 2894 1413 cum
2923 1357 3004 1413 fas
3027 1367 3147 1413 erat
3169 1358 3374 1414 Judaeis
3399 1356 3693 1410 immolare
3718 1355 3942 1424 pascha:

2380 1459 2542 1504 terra:
2578 1459 2780 1516 motus,
2817 1465 2946 1505 saxa
2984 1450 3179 1513 scissa,
3216 1449 3472 1518 sepulcra
3516 1456 3729 1515 aperta,
3764 1447 3943 1499 mortui

2379 1537 2663 1603 suscitati,
2696 1538 2879 1593 velum
2930 1539 3122 1608 templi
3169 1532 3404 1593 scissum
3451 1552 3480 1590 a
3527 1550 3751 1589 summo
3795 1550 3946 1603 usque

2379 1625 2660 1692 deorsum,
2695 1636 2752 1683 et
2781 1637 2977 1683 caetera
3012 1625 3306 1698 ejusmodi,
3331 1640 3454 1694 quae
3480 1624 3593 1676 vim
3632 1623 3759 1692 ejus
3794 1622 3946 1676 decla-

2381 1719 2612 1783 rabant,
2644 1719 2739 1788 qui
2784 1720 2840 1774 in
2887 1719 3036 1790 ligno
3080 1716 3388 1788 pendebat,
3421 1725 3478 1769 et
3524 1723 3821 1784 peccatum
3868 1726 3943 1764 no-

2383 1818 2558 1864 strum
2607 1809 2662 1863 in
2711 1824 2779 1864 eo
2823 1810 3122 1864 damnavit.
3162 1807 3285 1863 Non
3329 1807 3478 1861 enim
3527 1811 3943 1858 consentaneum

2381 1910 2521 1967 erat,
2551 1912 2611 1956 ut
2640 1909 2864 1972 propter
2893 1917 3020 1956 eum
3049 1901 3144 1970 qui
3173 1901 3341 1954 homo
3370 1899 3550 1952 solum
3579 1906 3755 1959 esset,
3786 1906 3944 1949 tanto-

2382 2009 2516 2064 pere
2552 1993 2876 2048 universum
2911 2002 3382 2054 commoveretur;
3415 1998 3471 2044 et
3499 1989 3545 2044 si
3575 1989 3704 2058 quis
3737 1987 3944 2041 fortasse

2382 2100 2729 2154 compassum
2770 2099 2893 2138 esse
2932 2083 3101 2146 dicat,
3133 2097 3246 2136 non
3290 2079 3570 2135 aberrabit
3619 2096 3633 2131 :
3677 2077 3944 2147 Oportebat

2382 2174 2531 2229 enim
2574 2183 2634 2228 ut
2669 2182 2940 2229 creaturae
2975 2172 3228 2228 Creatori
3269 2178 3749 2240 compaterentur.
3782 2169 3944 2236 Neque

2383 2266 2502 2322 sine
2535 2265 2806 2336 probabili
2843 2264 3056 2319 ratione
3095 2265 3214 2318 haec
3248 2263 3507 2326 dicimus,
3536 2262 3809 2330 quoniam
3845 2275 3944 2314 cum

2383 2359 2634 2429 plerique
2657 2357 2791 2428 justi
2822 2365 2981 2411 antea
3012 2355 3159 2426 passi
3189 2365 3393 2419 essent,
3423 2354 3558 2408 nihil
3598 2355 3654 2407 in
3689 2353 3946 2407 universi-

2387 2459 2496 2505 tate
2532 2448 2723 2504 mundi
2759 2447 3009 2503 ordinem
3031 2463 3191 2501 suum
3215 2445 3441 2515 reliquit
3467 2461 3482 2498 :
3511 2444 3646 2514 quid
3672 2445 3824 2508 enim
3850 2445 3946 2498 Lit-

2385 2543 2519 2598 teris
2551 2541 2832 2612 proditum
2864 2549 2948 2596 est
2979 2541 3232 2595 evenisse
3269 2537 3528 2606 lapidatis
3562 2538 3796 2598 sanctis,
3821 2537 3948 2590 occi-

2385 2631 2540 2686 sione
2589 2629 2757 2700 gladii
2801 2629 3135 2700 peremptis,
3177 2627 3380 2682 sectis?
3420 2627 3490 2680 At
3536 2626 3670 2697 quia
3717 2627 3947 2681 universa

2385 2731 2639 2778 creatura
2667 2721 2775 2775 hoc
2801 2722 3051 2791 patiente
3083 2729 3357 2774 commota
3393 2727 3499 2782 est,
3529 2717 3674 2772 facta
3711 2729 3800 2772 est
3831 2733 3950 2788 pne-

2386 2813 2622 2868 dicatrix
2656 2812 2727 2868 iis
2760 2812 2856 2882 qui
2891 2827 3055 2866 aures
3087 2810 3352 2866 audiendi
3389 2810 3623 2874 habent,
3644 2825 3778 2864 vere
3807 2810 3951 2862 luisse

2386 2906 2587 2961 Filium
2627 2905 2747 2970 Dei,
2777 2919 2842 2959 ac
2883 2904 3079 2969 Deum,
3109 2919 3223 2958 non
3264 2902 3585 2973 adoptatum
3628 2902 3848 2962 Filium,
3876 2907 3953 2953 aut

2388 2997 2691 3054 secundum
2736 2998 2968 3068 gratiam
3013 2997 3223 3061 Deum,
3263 2995 3359 3050 sed
3403 3005 3602 3048 natura
3650 2994 3877 3050 Filium.
3908 3000 3952 3044 et

2387 3099 2584 3145 natura
2614 3091 2810 3154 Deum,
2837 3099 2891 3145 et
2920 3091 3153 3161 genitori
3184 3087 3745 3150 consubstantialem,
3771 3104 3838 3141 ex
3863 3100 3954 3155 quo

2387 3190 2511 3236 ante
2554 3181 2833 3251 luciferum
2871 3180 3078 3251 genitus
3114 3182 3232 3235 est’
3264 3181 3410 3234 Deus
3448 3180 3848 3249 incorporeus,
3876 3176 3952 3245 qui

2385 3281 2580 3342 postea
2600 3289 2776 3326 semen
2799 3272 3025 3326 Abrahm
3055 3271 3405 3343 apprehendit
3427 3270 3472 3334 ³,
3499 3278 3556 3324 et
3582 3285 3685 3338 per
3714 3272 3956 3322 unionem

2387 3380 2514 3419 cum
2545 3380 2612 3420 eo
2635 3364 2814 3420 factus
2843 3373 2927 3420 est
2952 3364 3141 3430 homo,
3162 3364 3256 3433 qui
3287 3377 3514 3417 carnem
3542 3371 3602 3416 et
3626 3361 3955 3431 sanguinem.

2387 3458 2533 3512 sicut
2579 3458 2776 3526 pueri,
2818 3457 3172 3527 participavit
3196 3455 3236 3509 ⁸.
3287 3455 3441 3510 lianc
3487 3469 3714 3508 carnem
3768 3455 3823 3507 in
3866 3464 3957 3520 qua

2389 3550 2535 3605 Deus
2565 3557 2708 3614 erat,
2738 3550 2807 3605 de
2838 3564 3004 3605 cruce
3034 3549 3340 3620 depositam
3371 3555 3678 3617 posuerunt
3709 3546 3769 3600 in
3794 3543 3958 3613 sepul-

2390 3655 2509 3706 cro,
2541 3651 2599 3696 et
2640 3640 2872 3696 sindone
2913 3640 3120 3694 munda
3165 3640 3549 3704 involverunt;
3595 3643 3956 3693 secesserunt-

2392 3747 2523 3801 que,
2552 3732 2646 3801 qui
2687 3747 2800 3803 prae
2838 3731 3012 3785 nimia
3049 3731 3402 3786 condolentia
3437 3745 3645 3799 corpus
3679 3731 3954 3799 petierant.

2393 3824 2526 3878 Erat
2545 3833 2727 3878 autem
2752 3822 2892 3893 lapis
2915 3823 3009 3892 qui
3032 3823 3234 3878 ostium
3257 3822 3603 3876 monumenti
3631 3820 3953 3878 obstruebat,

2392 3916 2710 3972 testimonio
2726 3955 2740 3982 ,
2765 3930 2896 3970 vere
2921 3923 3198 3968 mortuum
3225 3929 3346 3968 esse
3370 3923 3426 3968 et
3448 3913 3754 3982 sepultum.

2910 4059 2955 4091 "
2980 4058 3116 4113 Luc.
3140 4073 3292 4124 xxut,
3314 4055 3406 4112 46.
3499 4056 3545 4087 ⁹⁹
3564 4055 3724 4110 Joan.
3753 4070 3853 4116 xxx,
3875 4053 3935 4106 54

1753 4577 1862 4638 DE
1906 4574 2570 4638 RESUBRECTIONE
2607 4573 2947 4635 CHRISTI.

800 4829 839 4890 l.
863 4831 1073 4888 Verum
1109 4845 1218 4914 res
1241 4829 1549 4914 salvatoris
1590 4839 1648 4886 et
1693 4831 1916 4886 Domini
1962 4833 2142 4888 nostri
2183 4848 2294 4887 non
2330 4836 2373 4890 D
2401 4837 2602 4890 lateret
2662 4840 2817 4902 quod
2858 4835 3066 4887 factum
3094 4828 3296 4894 fuerat,
3329 4826 3542 4884 idcirco
3586 4829 3670 4882 sic
3730 4832 3956 4877 mutue

717 4929 897 4996 natiue
927 4919 1004 4978 ad
1057 4913 1177 4978 hac
1219 4913 1442 4978 tantum
1486 4931 1885 4980 consummata
1930 4933 2093 4991 sunt;
2154 4940 2298 4995 opus

717 5015 875 5073 errim
891 5022 1014 5071 erat
1037 5011 1371 5087 plenissima
1407 5015 1745 5083 mammia,
1801 5014 2108 5088 deeratque
2135 5014 2295 5073 ﬁnis:

717 5111 952 5178 propter
979 5101 1458 5162 resurrech
1484 5103 1641 5160 enim
1662 5118 1735 5160 es
1759 5104 2001 5163 mortuis
2045 5106 2170 5180 ejus
2201 5108 2300 5178 qui

721 5207 978 5255 mortuus
1003 5204 1112 5265 est,
1157 5196 1377 5254 exstitit
1413 5207 1576 5254 ortus
1618 5197 1878 5271 ejusdem
1903 5198 2001 5271 qui
2034 5208 2166 5256 ante
2190 5215 2299 5256 sae-

718 5289 842 5343 cula
887 5287 1111 5359 genitus
1140 5297 1245 5349 est,
1275 5296 1333 5343 et
1361 5303 1510 5342 mors
1542 5303 1640 5358 per
1675 5304 1898 5343 crucem
1928 5290 2051 5360 ejus
2077 5288 2173 5358 qui
2214 5300 2303 5345 est

717 5379 1087 5436 immortalis:
1119 5390 1244 5450 quat
1269 5380 1496 5448 quidem
1533 5396 1643 5434 non
1700 5381 1903 5435 accidit
1954 5380 2206 5446 fortuito,
2237 5391 2299 5438 ut

716 5469 923 5540 aliquis
948 5469 1184 5526 fortasse
1215 5470 1399 5525 dicat:
1434 5472 1596 5526 multi
1655 5488 1894 5542 namque
1923 5483 2072 5536 sunt,
2121 5483 2179 5528 et
2208 5474 2296 5528 di-

716 5561 866 5618 versi
912 5562 1113 5616 mortis
1161 5561 1310 5615 modi
1368 5563 1465 5632 qui
1507 5561 1832 5616 hominibus
1867 5562 2164 5630 accidunt;
2202 5563 2296 5618 alii

718 5653 947 5723 quidem
983 5669 1052 5707 ex
1087 5652 1463 5721 providentia,
1501 5655 1595 5707 alii
1622 5671 1843 5709 veroex
1891 5655 2112 5710 insidiis
2149 5673 2162 5708 :
2200 5657 2296 5710 sed

719 5755 781 5800 ut
810 5747 955 5816 apud
974 5760 1167 5799 omnes
1185 5745 1407 5814 publica
1426 5758 1572 5802 esset
1596 5763 1747 5802 mors
1772 5750 1913 5819 ejus,
1932 5760 1987 5804 et
2018 5751 2298 5804 neminem

2401 4935 2490 4982 est
2518 4944 2530 4980 :
2552 4925 2680 4996 quis
2711 4922 2867 4980 enim
2885 4936 3016 4979 eum
3037 4921 3134 4992 qui
3162 4921 3220 4976 in
3248 4933 3420 4976 cruce
3443 4917 3714 4990 pependit
3743 4919 3795 4971 et
3812 4915 3902 4968 dm
3921 4927 3958 4961 ξς

2406 5021 2713 5076 transﬁxus
2740 5026 2830 5073 est
2865 5026 2925 5073 et
2953 5015 3037 5072 sic
3065 5013 3243 5070 vitam
3269 5011 3520 5082 reliquit,
3559 5018 3835 5066 mortuum
3850 5016 3952 5056 eas?

2403 5118 2612 5182 neget,
2665 5107 2926 5181 quamvis
2982 5105 3212 5162 veritati
3274 5116 3617 5175 magnopere
3677 5095 3958 5171 repugtgfl.‘

2408 5201 2574 5259 Solus
2614 5206 2766 5258 cnim
2802 5201 2965 5258 Iesus
2993 5215 3063 5256 ex
3114 5199 3183 5256 iis
3234 5197 3332 5269 qui
3390 5212 3522 5254 cum
3556 5213 3626 5252 eo
3653 5196 3714 5251 in
3741 5189 3956 5266 patibula

2406 5295 2657 5358 fuerunt,
2683 5303 2936 5349 mortuus
2970 5301 3078 5356 est,
3110 5293 3253 5347 duos
3281 5291 3412 5347 dico
3443 5292 3714 5353 latrones,
3738 5287 3956 5357 quitan

2407 5397 2476 5438 eo
2505 5382 2764 5438 cruciﬁxi
2793 5382 2937 5435 nihil
2963 5381 3069 5436 tale
3104 5381 3254 5451 passi
3299 5388 3453 5435 sunt.
3505 5380 3797 5435 Tcslantnr
3839 5375 3951 5423 hac.

2412 5491 2534 5545 qure
2565 5475 2830 5543 deinceps
2851 5483 3003 5544 gesta
3037 5482 3204 5529 sunt:
3262 5489 3392 5528 cum
3450 5473 3599 5527 enim
3630 5483 3811 5537 magno
3836 5461 3932 5514 Feb

2411 5567 2542 5622 bato
2565 5567 2621 5620 in
2651 5567 2852 5621 festum
2881 5567 3215 5636 Azymorum
3251 5565 3574 5619 incurrentc
3609 5561 3772 5617 Judr-i
3795 5571 3821 5608 a
3864 5553 3873 5601 ἰ
3900 5552 3943 5600 ί·

2409 5659 2522 5712 lato
2584 5659 2901 5728 petiisscnt,
2944 5667 3006 5712 ut
3061 5673 3296 5727 corpora
3339 5671 3540 5710 eorum
3585 5653 3677 5726 qui
3732 5640 3936 5703 cruciﬁxi

2408 5760 2587 5817 erant,
2618 5751 3064 5820 deponerentur,
3117 5749 3606 5804 concessissetaue
3643 5746 3825 5800 Pilatus
3861 5749 3946 5783 ί-θ-
