  <div class='ocr_page' id='page_1' title='image "/cluster/home/n/w/nwhite01/storage/ocr_20150623/89/pst.000005712953/686.png"; bbox 0 0 4054 6312; ppageno 0'>
   <div class='ocr_carea' id='block_1_1' title="bbox 244 272 387 340">
    <p class='ocr_par' dir='ltr' id='par_1_1' title="bbox 244 272 387 340">
     <span class='ocr_line' id='line_1_1' title="bbox 244 272 387 340; baseline -0.021 -3"><span class='ocrx_word' id='word_1_1' title='bbox 244 272 387 340; x_wconf 80' lang='lat'><strong>1357</strong></span> 
     </span>
    </p>
   </div>
   <div class='ocr_carea' id='block_1_2' title="bbox 1061 245 2720 323">
    <p class='ocr_par' dir='ltr' id='par_1_2' title="bbox 1061 245 2720 323">
     <span class='ocr_line' id='line_1_2' title="bbox 1061 245 2720 323; baseline -0.011 0"><span class='ocrx_word' id='word_1_2' title='bbox 1061 260 1342 323; x_wconf 81' lang='lat' dir='ltr'><strong>ORATIO</strong></span> <span class='ocrx_word' id='word_1_3' title='bbox 1376 262 1535 323; x_wconf 82' lang='lat' dir='ltr'><strong>V.--</strong></span> <span class='ocrx_word' id='word_1_4' title='bbox 1561 260 1658 322; x_wconf 87' lang='lat' dir='ltr'><strong>DE</strong></span> <span class='ocrx_word' id='word_1_5' title='bbox 1697 253 2343 318; x_wconf 79' lang='lat' dir='ltr'><strong>RESURRECTIONE</strong></span> <span class='ocrx_word' id='word_1_6' title='bbox 2380 245 2720 314; x_wconf 79' lang='lat' dir='ltr'><strong>CHRISTI.</strong></span> 
     </span>
    </p>
   </div>
   <div class='ocr_carea' id='block_1_3' title="bbox 3371 228 3506 293">
    <p class='ocr_par' dir='ltr' id='par_1_3' title="bbox 3371 228 3506 293">
     <span class='ocr_line' id='line_1_3' title="bbox 3371 228 3506 293; baseline 0.007 -2"><span class='ocrx_word' id='word_1_7' title='bbox 3371 228 3506 293; x_wconf 70' lang='lat'><strong>1358</strong></span> 
     </span>
    </p>
   </div>
   <div class='ocr_carea' id='block_1_4' title="bbox 243 350 3507 452">
    <p class='ocr_par' dir='ltr' id='par_1_4' title="bbox 243 350 3507 452">
     <span class='ocr_line' id='line_1_4' title="bbox 243 350 3507 452; baseline -0.011 -17"><span class='ocrx_word' id='word_1_8' title='bbox 243 399 376 440; x_wconf 86' lang='lat' dir='ltr'><strong>rum</strong></span> <span class='ocrx_word' id='word_1_9' title='bbox 426 382 642 452; x_wconf 87' lang='lat' dir='ltr'><strong>justum</strong></span> <span class='ocrx_word' id='word_1_10' title='bbox 697 379 1057 446; x_wconf 87' lang='lat' dir='ltr'><strong>postulatum.</strong></span> <span class='ocrx_word' id='word_1_11' title='bbox 1106 372 1478 443; x_wconf 83' lang='lat' dir='ltr'><strong>jussissetque</strong></span> <span class='ocrx_word' id='word_1_12' title='bbox 1522 379 1585 425; x_wconf 90' lang='lat' dir='ltr'><strong>ut</strong></span> <span class='ocrx_word' id='word_1_13' title='bbox 1630 384 1823 424; x_wconf 90' lang='lat' dir='ltr'><strong>eorum</strong></span> <span class='ocrx_word' id='word_1_14' title='bbox 1856 374 1898 428; x_wconf 79' lang='grc' dir='ltr'><strong>Α</strong></span> <span class='ocrx_word' id='word_1_15' title='bbox 1930 368 2220 438; x_wconf 86' lang='lat' dir='ltr'><strong>pecuniam</strong></span> <span class='ocrx_word' id='word_1_16' title='bbox 2269 363 2542 421; x_wconf 76' lang='lat' dir='ltr'><strong>militibus</strong></span> <span class='ocrx_word' id='word_1_17' title='bbox 2584 354 2840 430; x_wconf 79' lang='lat' dir='ltr'><strong>polliciti,</strong></span> <span class='ocrx_word' id='word_1_18' title='bbox 2884 351 3121 409; x_wconf 81' lang='lat' dir='ltr'><strong>suadent</strong></span> <span class='ocrx_word' id='word_1_19' title='bbox 3166 350 3422 405; x_wconf 87' lang='lat' dir='ltr'><strong>occulere</strong></span> <span class='ocrx_word' id='word_1_20' title='bbox 3451 357 3507 400; x_wconf 86' lang='lat' dir='ltr'><strong>et</strong></span> 
     </span>
    </p>
   </div>
   <div class='ocr_carea' id='block_1_5' title="bbox 240 457 1831 537">
    <p class='ocr_par' dir='ltr' id='par_1_5' title="bbox 240 457 1831 537">
     <span class='ocr_line' id='line_1_5' title="bbox 240 457 1831 537; baseline -0.011 -9"><span class='ocrx_word' id='word_1_21' title='bbox 240 487 414 529; x_wconf 89' lang='lat' dir='ltr'><strong>crura</strong></span> <span class='ocrx_word' id='word_1_22' title='bbox 443 468 853 537; x_wconf 89' lang='lat' dir='ltr'><strong>frangerentur,</strong></span> <span class='ocrx_word' id='word_1_23' title='bbox 881 468 1074 517; x_wconf 88' lang='lat' dir='ltr'><strong>narrat</strong></span> <span class='ocrx_word' id='word_1_24' title='bbox 1096 460 1330 514; x_wconf 84' lang='lat' dir='ltr'><strong>historia</strong></span> <span class='ocrx_word' id='word_1_25' title='bbox 1354 460 1397 520; x_wconf 80' lang='grc'><strong>⁵,</strong></span> <span class='ocrx_word' id='word_1_26' title='bbox 1422 459 1584 529; x_wconf 89' lang='lat' dir='ltr'><strong>primi</strong></span> <span class='ocrx_word' id='word_1_27' title='bbox 1606 457 1831 528; x_wconf 85' lang='lat' dir='ltr'><strong>quidem</strong></span> 
     </span>
    </p>
   </div>
   <div class='ocr_carea' id='block_1_6' title="bbox 242 548 1831 627">
    <p class='ocr_par' dir='ltr' id='par_1_6' title="bbox 242 548 1831 627">
     <span class='ocr_line' id='line_1_6' title="bbox 242 548 1831 627; baseline -0.012 -6"><span class='ocrx_word' id='word_1_28' title='bbox 242 573 313 621; x_wconf 85' lang='lat' dir='ltr'><strong>et</strong></span> <span class='ocrx_word' id='word_1_29' title='bbox 367 558 600 618; x_wconf 89' lang='lat' dir='ltr'><strong>secundi</strong></span> <span class='ocrx_word' id='word_1_30' title='bbox 654 554 913 627; x_wconf 86' lang='lat' dir='ltr'><strong>quicum</strong></span> <span class='ocrx_word' id='word_1_31' title='bbox 962 568 1030 607; x_wconf 93' lang='lat' dir='ltr'><strong>eo</strong></span> <span class='ocrx_word' id='word_1_32' title='bbox 1066 551 1292 607; x_wconf 77' lang='lat' dir='ltr'><strong>fuerant</strong></span> <span class='ocrx_word' id='word_1_33' title='bbox 1322 551 1379 605; x_wconf 93' lang='lat' dir='ltr'><strong>in</strong></span> <span class='ocrx_word' id='word_1_34' title='bbox 1436 566 1658 605; x_wconf 85' lang='lat' dir='ltr'><strong>crucen.</strong></span> <span class='ocrx_word' id='word_1_35' title='bbox 1701 548 1831 612; x_wconf 84' lang='lat' dir='ltr'><strong>acti,</strong></span> 
     </span>
    </p>
   </div>
   <div class='ocr_carea' id='block_1_7' title="bbox 244 640 1832 726">
    <p class='ocr_par' dir='ltr' id='par_1_7' title="bbox 244 640 1832 726">
     <span class='ocr_line' id='line_1_7' title="bbox 244 640 1832 726; baseline -0.014 -13"><span class='ocrx_word' id='word_1_36' title='bbox 244 655 486 726; x_wconf 79' lang='lat' dir='ltr'><strong>fregisse</strong></span> <span class='ocrx_word' id='word_1_37' title='bbox 516 664 720 714; x_wconf 89' lang='lat' dir='ltr'><strong>crura;</strong></span> <span class='ocrx_word' id='word_1_38' title='bbox 779 647 848 701; x_wconf 88' lang='lat' dir='ltr'><strong>ad</strong></span> <span class='ocrx_word' id='word_1_39' title='bbox 881 646 1071 702; x_wconf 82' lang='lat' dir='ltr'><strong>Jesum</strong></span> <span class='ocrx_word' id='word_1_40' title='bbox 1117 653 1305 698; x_wconf 88' lang='lat' dir='ltr'><strong>autem</strong></span> <span class='ocrx_word' id='word_1_41' title='bbox 1353 658 1480 698; x_wconf 91' lang='lat' dir='ltr'><strong>cum</strong></span> <span class='ocrx_word' id='word_1_42' title='bbox 1531 640 1832 703; x_wconf 83' lang='lat' dir='ltr'><strong>venissent,</strong></span> 
     </span>
    </p>
   </div>
   <div class='ocr_carea' id='block_1_8' title="bbox 245 730 1839 817">
    <p class='ocr_par' dir='ltr' id='par_1_8' title="bbox 245 730 1839 817">
     <span class='ocr_line' id='line_1_8' title="bbox 245 730 1839 817; baseline -0.013 -13"><span class='ocrx_word' id='word_1_43' title='bbox 245 745 630 817; x_wconf 79' lang='lat' dir='ltr'><strong>eumquejam</strong></span> <span class='ocrx_word' id='word_1_44' title='bbox 659 738 945 795; x_wconf 85' lang='lat' dir='ltr'><strong>mortuum</strong></span> <span class='ocrx_word' id='word_1_45' title='bbox 971 736 1263 797; x_wconf 87' lang='lat' dir='ltr'><strong>vidissent,</strong></span> <span class='ocrx_word' id='word_1_46' title='bbox 1295 749 1409 788; x_wconf 90' lang='lat' dir='ltr'><strong>non</strong></span> <span class='ocrx_word' id='word_1_47' title='bbox 1453 731 1686 803; x_wconf 81' lang='lat' dir='ltr'><strong>fregisse</strong></span> <span class='ocrx_word' id='word_1_48' title='bbox 1717 730 1839 801; x_wconf 85' lang='lat' dir='ltr'><strong>ejus</strong></span> 
     </span>
    </p>
   </div>
   <div class='ocr_carea' id='block_1_9' title="bbox 246 853 443 897">
    <p class='ocr_par' dir='ltr' id='par_1_9' title="bbox 246 853 443 897">
     <span class='ocr_line' id='line_1_9' title="bbox 246 853 443 897; baseline -0.036 0"><span class='ocrx_word' id='word_1_49' title='bbox 246 853 443 897; x_wconf 77' lang='lat' dir='ltr'><strong>Crura.</strong></span> 
     </span>
    </p>
   </div>
   <div class='ocr_carea' id='block_1_10' title="bbox 330 908 1837 997">
    <p class='ocr_par' dir='ltr' id='par_1_10' title="bbox 330 908 1837 997">
     <span class='ocr_line' id='line_1_10' title="bbox 330 908 1837 997; baseline -0.015 -14"><span class='ocrx_word' id='word_1_50' title='bbox 330 929 399 983; x_wconf 93' lang='lat' dir='ltr'><strong>ll.</strong></span> <span class='ocrx_word' id='word_1_51' title='bbox 451 926 591 983; x_wconf 88' lang='lat' dir='ltr'><strong>Cum</strong></span> <span class='ocrx_word' id='word_1_52' title='bbox 630 924 800 997; x_wconf 83' lang='lat' dir='ltr'><strong>igitur</strong></span> <span class='ocrx_word' id='word_1_53' title='bbox 839 929 1009 976; x_wconf 86' lang='lat' dir='ltr'><strong>testes</strong></span> <span class='ocrx_word' id='word_1_54' title='bbox 1036 918 1150 973; x_wconf 92' lang='lat' dir='ltr'><strong>sint</strong></span> <span class='ocrx_word' id='word_1_55' title='bbox 1192 923 1475 971; x_wconf 90' lang='lat' dir='ltr'><strong>mortuum</strong></span> <span class='ocrx_word' id='word_1_56' title='bbox 1511 926 1666 975; x_wconf 88' lang='lat' dir='ltr'><strong>esse,</strong></span> <span class='ocrx_word' id='word_1_57' title='bbox 1711 908 1837 963; x_wconf 49' lang='lat' dir='ltr'><strong>nul-</strong></span> 
     </span>
    </p>
   </div>
   <div class='ocr_carea' id='block_1_11' title="bbox 251 1000 1843 1081">
    <p class='ocr_par' dir='ltr' id='par_1_11' title="bbox 251 1000 1843 1081">
     <span class='ocr_line' id='line_1_11' title="bbox 251 1000 1843 1081; baseline -0.014 -7"><span class='ocrx_word' id='word_1_58' title='bbox 251 1020 350 1074; x_wconf 86' lang='lat' dir='ltr'><strong>lus</strong></span> <span class='ocrx_word' id='word_1_59' title='bbox 372 1016 607 1072; x_wconf 85' lang='lat' dir='ltr'><strong>habebit</strong></span> <span class='ocrx_word' id='word_1_60' title='bbox 630 1016 816 1069; x_wconf 91' lang='lat' dir='ltr'><strong>locum</strong></span> <span class='ocrx_word' id='word_1_61' title='bbox 840 1009 1084 1081; x_wconf 79' lang='lat' dir='ltr'><strong>negandi</strong></span> <span class='ocrx_word' id='word_1_62' title='bbox 1117 1016 1350 1061; x_wconf 89' lang='lat' dir='ltr'><strong>mortem</strong></span> <span class='ocrx_word' id='word_1_63' title='bbox 1398 1002 1654 1057; x_wconf 85' lang='lat' dir='ltr'><strong>suscitati</strong></span> <span class='ocrx_word' id='word_1_64' title='bbox 1682 1020 1693 1055; x_wconf 94' lang='lat'>:</span> <span class='ocrx_word' id='word_1_65' title='bbox 1732 1000 1843 1054; x_wconf 88' lang='lat' dir='ltr'><strong>imo</strong></span> 
     </span>
    </p>
   </div>
   <div class='ocr_carea' id='block_1_12' title="bbox 250 1093 1842 1179">
    <p class='ocr_par' dir='ltr' id='par_1_12' title="bbox 250 1093 1842 1179">
     <span class='ocr_line' id='line_1_12' title="bbox 250 1093 1842 1179; baseline -0.014 -13"><span class='ocrx_word' id='word_1_66' title='bbox 250 1120 321 1166; x_wconf 85' lang='lat' dir='ltr'><strong>et</strong></span> <span class='ocrx_word' id='word_1_67' title='bbox 345 1109 550 1179; x_wconf 81' lang='lat' dir='ltr'><strong>Joseph</strong></span> <span class='ocrx_word' id='word_1_68' title='bbox 606 1122 732 1162; x_wconf 88' lang='lat' dir='ltr'><strong>cum</strong></span> <span class='ocrx_word' id='word_1_69' title='bbox 789 1102 1046 1175; x_wconf 83' lang='lat' dir='ltr'><strong>petiisset</strong></span> <span class='ocrx_word' id='word_1_70' title='bbox 1096 1113 1299 1169; x_wconf 91' lang='lat' dir='ltr'><strong>corpus</strong></span> <span class='ocrx_word' id='word_1_71' title='bbox 1350 1095 1421 1151; x_wconf 92' lang='lat' dir='ltr'><strong>ad</strong></span> <span class='ocrx_word' id='word_1_72' title='bbox 1476 1093 1842 1155; x_wconf 84' lang='lat' dir='ltr'><strong>humandum,</strong></span> 
     </span>
    </p>
   </div>
   <div class='ocr_carea' id='block_1_13' title="bbox 254 1182 1845 1265">
    <p class='ocr_par' dir='ltr' id='par_1_13' title="bbox 254 1182 1845 1265">
     <span class='ocr_line' id='line_1_13' title="bbox 254 1182 1845 1265; baseline -0.014 -6"><span class='ocrx_word' id='word_1_73' title='bbox 254 1203 498 1259; x_wconf 83' lang='lat' dir='ltr'><strong>miratus</strong></span> <span class='ocrx_word' id='word_1_74' title='bbox 532 1208 617 1256; x_wconf 90' lang='lat' dir='ltr'><strong>est</strong></span> <span class='ocrx_word' id='word_1_75' title='bbox 647 1199 882 1261; x_wconf 81' lang='lat' dir='ltr'><strong>Pilatus,</strong></span> <span class='ocrx_word' id='word_1_76' title='bbox 914 1186 1189 1265; x_wconf 88' lang='lat' dir='ltr'><strong>quodjam</strong></span> <span class='ocrx_word' id='word_1_77' title='bbox 1218 1200 1476 1243; x_wconf 89' lang='lat' dir='ltr'><strong>mortuus</strong></span> <span class='ocrx_word' id='word_1_78' title='bbox 1500 1192 1670 1241; x_wconf 84' lang='lat' dir='ltr'><strong>esset.</strong></span> <span class='ocrx_word' id='word_1_79' title='bbox 1701 1182 1845 1251; x_wconf 85' lang='lat' dir='ltr'><strong>Quid</strong></span> 
     </span>
    </p>
   </div>
   <div class='ocr_carea' id='block_1_14' title="bbox 253 1275 1847 1364">
    <p class='ocr_par' dir='ltr' id='par_1_14' title="bbox 253 1275 1847 1364">
     <span class='ocr_line' id='line_1_14' title="bbox 253 1275 1847 1364; baseline -0.014 -12"><span class='ocrx_word' id='word_1_80' title='bbox 253 1311 389 1352; x_wconf 86' lang='lat' dir='ltr'><strong>esse</strong></span> <span class='ocrx_word' id='word_1_81' title='bbox 415 1300 598 1364; x_wconf 84' lang='lat' dir='ltr'><strong>potest</strong></span> <span class='ocrx_word' id='word_1_82' title='bbox 643 1288 962 1347; x_wconf 87' lang='lat' dir='ltr'><strong>evidentius</strong></span> <span class='ocrx_word' id='word_1_83' title='bbox 1020 1282 1338 1340; x_wconf 89' lang='lat' dir='ltr'><strong>testimonio</strong></span> <span class='ocrx_word' id='word_1_84' title='bbox 1364 1279 1704 1342; x_wconf 71' lang='lat' dir='ltr'><strong>Iudaeorum,</strong></span> <span class='ocrx_word' id='word_1_85' title='bbox 1754 1275 1847 1345; x_wconf 89' lang='lat' dir='ltr'><strong>qui</strong></span> 
     </span>
    </p>
   </div>
   <div class='ocr_carea' id='block_1_15' title="bbox 254 1370 1849 1441">
    <p class='ocr_par' dir='ltr' id='par_1_15' title="bbox 254 1370 1849 1441">
     <span class='ocr_line' id='line_1_15' title="bbox 254 1370 1849 1441; baseline -0.012 0"><span class='ocrx_word' id='word_1_86' title='bbox 254 1384 419 1441; x_wconf 88' lang='lat' dir='ltr'><strong>omni</strong></span> <span class='ocrx_word' id='word_1_87' title='bbox 453 1381 690 1438; x_wconf 81' lang='lat' dir='ltr'><strong>artiﬁcio</strong></span> <span class='ocrx_word' id='word_1_88' title='bbox 749 1376 1229 1434; x_wconf 82' lang='lat' dir='ltr'><strong>resurrectionem</strong></span> <span class='ocrx_word' id='word_1_89' title='bbox 1283 1372 1509 1429; x_wconf 89' lang='lat' dir='ltr'><strong>Domini</strong></span> <span class='ocrx_word' id='word_1_90' title='bbox 1568 1370 1849 1425; x_wconf 87' lang='lat' dir='ltr'><strong>occultare</strong></span> 
     </span>
    </p>
   </div>
   <div class='ocr_carea' id='block_1_16' title="bbox 256 1462 1852 1540">
    <p class='ocr_par' dir='ltr' id='par_1_16' title="bbox 256 1462 1852 1540">
     <span class='ocr_line' id='line_1_16' title="bbox 256 1462 1852 1540; baseline -0.012 -9"><span class='ocrx_word' id='word_1_91' title='bbox 256 1474 500 1530; x_wconf 82' lang='lat' dir='ltr'><strong>volunt?</strong></span> <span class='ocrx_word' id='word_1_92' title='bbox 531 1473 671 1528; x_wconf 87' lang='lat' dir='ltr'><strong>Cum</strong></span> <span class='ocrx_word' id='word_1_93' title='bbox 696 1471 846 1526; x_wconf 91' lang='lat' dir='ltr'><strong>enim</strong></span> <span class='ocrx_word' id='word_1_94' title='bbox 882 1477 1105 1540; x_wconf 89' lang='lat' dir='ltr'><strong>postero</strong></span> <span class='ocrx_word' id='word_1_95' title='bbox 1144 1466 1236 1520; x_wconf 90' lang='lat' dir='ltr'><strong>die</strong></span> <span class='ocrx_word' id='word_1_96' title='bbox 1274 1464 1418 1534; x_wconf 90' lang='lat' dir='ltr'><strong>apud</strong></span> <span class='ocrx_word' id='word_1_97' title='bbox 1444 1462 1689 1517; x_wconf 87' lang='lat' dir='ltr'><strong>Pilatum</strong></span> <span class='ocrx_word' id='word_1_98' title='bbox 1721 1474 1852 1514; x_wconf 88' lang='lat' dir='ltr'><strong>con-</strong></span> 
     </span>
    </p>
   </div>
   <div class='ocr_carea' id='block_1_17' title="bbox 257 1550 1851 1628">
    <p class='ocr_par' dir='ltr' id='par_1_17' title="bbox 257 1550 1851 1628">
     <span class='ocr_line' id='line_1_17' title="bbox 257 1550 1851 1628; baseline -0.013 -6"><span class='ocrx_word' id='word_1_99' title='bbox 257 1566 583 1628; x_wconf 72' lang='lat' dir='ltr'><strong>venissent,</strong></span> <span class='ocrx_word' id='word_1_100' title='bbox 619 1564 880 1618; x_wconf 82' lang='lat' dir='ltr'><strong>dixerunt</strong></span> <span class='ocrx_word' id='word_1_101' title='bbox 931 1576 944 1612; x_wconf 91' lang='lat'>:</span> <span class='ocrx_word' id='word_1_102' title='bbox 975 1557 1257 1612; x_wconf 82' lang='lat' dir='ltr'><strong>Recordati</strong></span> <span class='ocrx_word' id='word_1_103' title='bbox 1289 1571 1492 1618; x_wconf 81' lang='lat' dir='ltr'><strong>sumus,</strong></span> <span class='ocrx_word' id='word_1_104' title='bbox 1524 1552 1662 1624; x_wconf 88' lang='lat' dir='ltr'><strong>quod</strong></span> <span class='ocrx_word' id='word_1_105' title='bbox 1693 1550 1851 1604; x_wconf 83' lang='lat' dir='ltr'><strong>sedu-</strong></span> 
     </span>
    </p>
   </div>
   <div class='ocr_carea' id='block_1_18' title="bbox 262 1641 1853 1719">
    <p class='ocr_par' dir='ltr' id='par_1_18' title="bbox 262 1641 1853 1719">
     <span class='ocr_line' id='line_1_18' title="bbox 262 1641 1853 1719; baseline -0.013 -6"><span class='ocrx_word' id='word_1_106' title='bbox 262 1668 391 1713; x_wconf 86' lang='lat' dir='ltr'><strong>ctor</strong></span> <span class='ocrx_word' id='word_1_107' title='bbox 419 1655 530 1719; x_wconf 80' lang='lat' dir='ltr'><strong>ille,</strong></span> <span class='ocrx_word' id='word_1_108' title='bbox 579 1671 695 1709; x_wconf 89' lang='lat' dir='ltr'><strong>cum</strong></span> <span class='ocrx_word' id='word_1_109' title='bbox 733 1653 905 1708; x_wconf 82' lang='lat' dir='ltr'><strong>adhuc</strong></span> <span class='ocrx_word' id='word_1_110' title='bbox 933 1652 1147 1709; x_wconf 84' lang='lat' dir='ltr'><strong>viveret,</strong></span> <span class='ocrx_word' id='word_1_111' title='bbox 1211 1647 1345 1701; x_wconf 72' lang='lat' dir='ltr'><strong>dixit</strong></span> <span class='ocrx_word' id='word_1_112' title='bbox 1375 1662 1393 1699; x_wconf 91' lang='lat'><strong><em>:</em></strong></span> <span class='ocrx_word' id='word_1_113' title='bbox 1448 1644 1573 1698; x_wconf 82' lang='lat' dir='ltr'><strong>Post</strong></span> <span class='ocrx_word' id='word_1_114' title='bbox 1602 1651 1706 1696; x_wconf 90' lang='lat' dir='ltr'><strong>tres</strong></span> <span class='ocrx_word' id='word_1_115' title='bbox 1745 1641 1853 1694; x_wconf 88' lang='lat' dir='ltr'><strong>dies</strong></span> 
     </span>
    </p>
   </div>
   <div class='ocr_carea' id='block_1_19' title="bbox 266 1731 1852 1818">
    <p class='ocr_par' dir='ltr' id='par_1_19' title="bbox 266 1731 1852 1818">
     <span class='ocr_line' id='line_1_19' title="bbox 266 1731 1852 1818; baseline -0.012 -15"><span class='ocrx_word' id='word_1_116' title='bbox 266 1747 593 1818; x_wconf 65' lang='lat' dir='ltr'><strong>resurgam“</strong></span> <span class='ocrx_word' id='word_1_117' title='bbox 622 1785 635 1799; x_wconf 94' lang='lat'><strong>.</strong></span> <span class='ocrx_word' id='word_1_118' title='bbox 660 1743 798 1800; x_wconf 86' lang='lat' dir='ltr'><strong>Cum</strong></span> <span class='ocrx_word' id='word_1_119' title='bbox 837 1757 968 1812; x_wconf 85' lang='lat' dir='ltr'><strong>ergo</strong></span> <span class='ocrx_word' id='word_1_120' title='bbox 1015 1739 1073 1794; x_wconf 89' lang='lat' dir='ltr'><strong>hi</strong></span> <span class='ocrx_word' id='word_1_121' title='bbox 1098 1739 1304 1797; x_wconf 86' lang='lat' dir='ltr'><strong>dicant,</strong></span> <span class='ocrx_word' id='word_1_122' title='bbox 1333 1749 1458 1791; x_wconf 90' lang='lat' dir='ltr'><strong>cum</strong></span> <span class='ocrx_word' id='word_1_123' title='bbox 1485 1734 1667 1788; x_wconf 88' lang='lat' dir='ltr'><strong>adhuc</strong></span> <span class='ocrx_word' id='word_1_124' title='bbox 1700 1731 1852 1786; x_wconf 88' lang='lat' dir='ltr'><strong>vive-</strong></span> 
     </span>
    </p>
   </div>
   <div class='ocr_carea' id='block_1_20' title="bbox 269 1823 1858 1905">
    <p class='ocr_par' dir='ltr' id='par_1_20' title="bbox 269 1823 1858 1905">
     <span class='ocr_line' id='line_1_20' title="bbox 269 1823 1858 1905; baseline -0.013 -10"><span class='ocrx_word' id='word_1_125' title='bbox 269 1849 392 1905; x_wconf 83' lang='lat' dir='ltr'><strong>ret,</strong></span> <span class='ocrx_word' id='word_1_126' title='bbox 426 1838 628 1903; x_wconf 85' lang='lat' dir='ltr'><strong>aiebat,</strong></span> <span class='ocrx_word' id='word_1_127' title='bbox 661 1846 719 1891; x_wconf 89' lang='lat' dir='ltr'><strong>et</strong></span> <span class='ocrx_word' id='word_1_128' title='bbox 748 1832 1007 1896; x_wconf 90' lang='lat' dir='ltr'><strong>dicendo,</strong></span> <span class='ocrx_word' id='word_1_129' title='bbox 1059 1845 1179 1884; x_wconf 85' lang='lat' dir='ltr'><strong>cum</strong></span> <span class='ocrx_word' id='word_1_130' title='bbox 1208 1828 1379 1883; x_wconf 83' lang='lat' dir='ltr'><strong>adhuc</strong></span> <span class='ocrx_word' id='word_1_131' title='bbox 1421 1827 1637 1889; x_wconf 79' lang='lat' dir='ltr'><strong>viveret,</strong></span> <span class='ocrx_word' id='word_1_132' title='bbox 1697 1823 1858 1893; x_wconf 86' lang='lat' dir='ltr'><strong>plane</strong></span> 
     </span>
    </p>
   </div>
   <div class='ocr_carea' id='block_1_21' title="bbox 269 1921 1861 1990">
    <p class='ocr_par' dir='ltr' id='par_1_21' title="bbox 269 1921 1861 1990">
     <span class='ocr_line' id='line_1_21' title="bbox 269 1921 1861 1990; baseline -0.014 -1"><span class='ocrx_word' id='word_1_133' title='bbox 269 1933 572 1990; x_wconf 86' lang='lat' dir='ltr'><strong>declarant</strong></span> <span class='ocrx_word' id='word_1_134' title='bbox 654 1935 937 1982; x_wconf 91' lang='lat' dir='ltr'><strong>mortuum</strong></span> <span class='ocrx_word' id='word_1_135' title='bbox 1000 1921 1213 1988; x_wconf 89' lang='lat' dir='ltr'><strong>fuisse,</strong></span> <span class='ocrx_word' id='word_1_136' title='bbox 1266 1932 1430 1975; x_wconf 88' lang='lat' dir='ltr'><strong>omne</strong></span> <span class='ocrx_word' id='word_1_137' title='bbox 1485 1922 1861 1972; x_wconf 87' lang='lat' dir='ltr'><strong>commentum</strong></span> 
     </span>
    </p>
   </div>
   <div class='ocr_carea' id='block_1_22' title="bbox 269 2011 1862 2087">
    <p class='ocr_par' dir='ltr' id='par_1_22' title="bbox 269 2011 1862 2087">
     <span class='ocr_line' id='line_1_22' title="bbox 269 2011 1862 2087; baseline -0.013 -5"><span class='ocrx_word' id='word_1_138' title='bbox 269 2025 604 2082; x_wconf 86' lang='lat' dir='ltr'><strong>convictum</strong></span> <span class='ocrx_word' id='word_1_139' title='bbox 648 2020 760 2078; x_wconf 91' lang='lat' dir='ltr'><strong>erit</strong></span> <span class='ocrx_word' id='word_1_140' title='bbox 799 2033 1016 2084; x_wconf 87' lang='lat' dir='ltr'><strong>eorum,</strong></span> <span class='ocrx_word' id='word_1_141' title='bbox 1091 2015 1188 2087; x_wconf 86' lang='lat' dir='ltr'><strong>qui</strong></span> <span class='ocrx_word' id='word_1_142' title='bbox 1240 2014 1428 2070; x_wconf 81' lang='lat' dir='ltr'><strong>dicere</strong></span> <span class='ocrx_word' id='word_1_143' title='bbox 1480 2011 1688 2067; x_wconf 86' lang='lat' dir='ltr'><strong>audent</strong></span> <span class='ocrx_word' id='word_1_144' title='bbox 1749 2023 1862 2064; x_wconf 89' lang='lat' dir='ltr'><strong>non</strong></span> 
     </span>
    </p>
   </div>
   <div class='ocr_carea' id='block_1_23' title="bbox 271 2116 785 2171">
    <p class='ocr_par' dir='ltr' id='par_1_23' title="bbox 271 2116 785 2171">
     <span class='ocr_line' id='line_1_23' title="bbox 271 2116 785 2171; baseline -0.012 0"><span class='ocrx_word' id='word_1_145' title='bbox 271 2116 458 2171; x_wconf 83' lang='lat' dir='ltr'><strong>fuisse</strong></span> <span class='ocrx_word' id='word_1_146' title='bbox 485 2120 785 2167; x_wconf 89' lang='lat' dir='ltr'><strong>mortuum.</strong></span> 
     </span>
    </p>
   </div>
   <div class='ocr_carea' id='block_1_24' title="bbox 361 2213 1867 2293">
    <p class='ocr_par' dir='ltr' id='par_1_24' title="bbox 361 2213 1867 2293">
     <span class='ocr_line' id='line_1_24' title="bbox 361 2213 1867 2293; baseline -0.011 -7"><span class='ocrx_word' id='word_1_147' title='bbox 361 2228 454 2288; x_wconf 86' lang='lat' dir='ltr'><strong>lli.</strong></span> <span class='ocrx_word' id='word_1_148' title='bbox 513 2225 721 2282; x_wconf 88' lang='lat' dir='ltr'><strong>Deinde</strong></span> <span class='ocrx_word' id='word_1_149' title='bbox 779 2223 1054 2293; x_wconf 84' lang='lat' dir='ltr'><strong>signatum</strong></span> <span class='ocrx_word' id='word_1_150' title='bbox 1105 2219 1277 2276; x_wconf 86' lang='lat' dir='ltr'><strong>fuisse</strong></span> <span class='ocrx_word' id='word_1_151' title='bbox 1327 2216 1667 2288; x_wconf 87' lang='lat' dir='ltr'><strong>sepulcrum,</strong></span> <span class='ocrx_word' id='word_1_152' title='bbox 1717 2213 1867 2286; x_wconf 85' lang='lat' dir='ltr'><strong>quod</strong></span> 
     </span>
    </p>
   </div>
   <div class='ocr_carea' id='block_1_25' title="bbox 277 2305 1863 2383">
    <p class='ocr_par' dir='ltr' id='par_1_25' title="bbox 277 2305 1863 2383">
     <span class='ocr_line' id='line_1_25' title="bbox 277 2305 1863 2383; baseline -0.009 -10"><span class='ocrx_word' id='word_1_153' title='bbox 277 2315 524 2374; x_wconf 79' lang='lat' dir='ltr'><strong>scelesti</strong></span> <span class='ocrx_word' id='word_1_154' title='bbox 577 2314 659 2369; x_wconf 90' lang='lat' dir='ltr'><strong>illi</strong></span> <span class='ocrx_word' id='word_1_155' title='bbox 709 2318 1132 2383; x_wconf 85' lang='lat' dir='ltr'><strong>suggesserant,</strong></span> <span class='ocrx_word' id='word_1_156' title='bbox 1186 2307 1607 2363; x_wconf 90' lang='lat' dir='ltr'><strong>consultissimo</strong></span> <span class='ocrx_word' id='word_1_157' title='bbox 1656 2305 1863 2361; x_wconf 89' lang='lat' dir='ltr'><strong>factum</strong></span> 
     </span>
    </p>
   </div>
   <div class='ocr_carea' id='block_1_26' title="bbox 282 2396 1871 2476">
    <p class='ocr_par' dir='ltr' id='par_1_26' title="bbox 282 2396 1871 2476">
     <span class='ocr_line' id='line_1_26' title="bbox 282 2396 1871 2476; baseline -0.008 -13"><span class='ocrx_word' id='word_1_158' title='bbox 282 2419 384 2464; x_wconf 86' lang='lat' dir='ltr'><strong>est</strong></span> <span class='ocrx_word' id='word_1_159' title='bbox 407 2406 474 2460; x_wconf 87' lang='lat' dir='ltr'><strong>ad</strong></span> <span class='ocrx_word' id='word_1_160' title='bbox 504 2404 771 2476; x_wconf 88' lang='lat' dir='ltr'><strong>pudorem</strong></span> <span class='ocrx_word' id='word_1_161' title='bbox 804 2417 1022 2464; x_wconf 88' lang='lat' dir='ltr'><strong>eorum,</strong></span> <span class='ocrx_word' id='word_1_162' title='bbox 1055 2400 1150 2470; x_wconf 90' lang='lat' dir='ltr'><strong>qui</strong></span> <span class='ocrx_word' id='word_1_163' title='bbox 1180 2399 1439 2455; x_wconf 89' lang='lat' dir='ltr'><strong>dicebant</strong></span> <span class='ocrx_word' id='word_1_164' title='bbox 1465 2398 1683 2453; x_wconf 83' lang='lat' dir='ltr'><strong>venisse</strong></span> <span class='ocrx_word' id='word_1_165' title='bbox 1705 2396 1871 2452; x_wconf 87' lang='lat' dir='ltr'><strong>disci-</strong></span> 
     </span>
    </p>
   </div>
   <div class='ocr_carea' id='block_1_27' title="bbox 280 2487 1869 2570">
    <p class='ocr_par' dir='ltr' id='par_1_27' title="bbox 280 2487 1869 2570">
     <span class='ocr_line' id='line_1_27' title="bbox 280 2487 1869 2570; baseline -0.008 -18"><span class='ocrx_word' id='word_1_166' title='bbox 280 2497 461 2570; x_wconf 84' lang='lat' dir='ltr'><strong>pulos</strong></span> <span class='ocrx_word' id='word_1_167' title='bbox 529 2503 715 2560; x_wconf 90' lang='lat' dir='ltr'><strong>nocte,</strong></span> <span class='ocrx_word' id='word_1_168' title='bbox 742 2501 798 2548; x_wconf 93' lang='lat' dir='ltr'><strong>et</strong></span> <span class='ocrx_word' id='word_1_169' title='bbox 823 2492 1034 2546; x_wconf 90' lang='lat' dir='ltr'><strong>furatos</strong></span> <span class='ocrx_word' id='word_1_170' title='bbox 1079 2504 1201 2544; x_wconf 87' lang='lat' dir='ltr'><strong>esse</strong></span> <span class='ocrx_word' id='word_1_171' title='bbox 1238 2503 1388 2543; x_wconf 90' lang='lat' dir='ltr'><strong>eum.</strong></span> <span class='ocrx_word' id='word_1_172' title='bbox 1445 2487 1670 2561; x_wconf 82' lang='lat' dir='ltr'><strong>Signato</strong></span> <span class='ocrx_word' id='word_1_173' title='bbox 1721 2487 1869 2543; x_wconf 89' lang='lat' dir='ltr'><strong>enim</strong></span> 
     </span>
    </p>
   </div>
   <div class='ocr_carea' id='block_1_28' title="bbox 284 2570 1893 2651">
    <p class='ocr_par' dir='ltr' id='par_1_28' title="bbox 284 2570 1893 2651">
     <span class='ocr_line' id='line_1_28' title="bbox 284 2570 1893 2651; baseline -0.006 -9"><span class='ocrx_word' id='word_1_174' title='bbox 284 2595 685 2650; x_wconf 86' lang='lat' dir='ltr'><strong>monumento,</strong></span> <span class='ocrx_word' id='word_1_175' title='bbox 708 2592 766 2639; x_wconf 91' lang='lat' dir='ltr'><strong>et</strong></span> <span class='ocrx_word' id='word_1_176' title='bbox 789 2581 1058 2637; x_wconf 87' lang='lat' dir='ltr'><strong>militibus</strong></span> <span class='ocrx_word' id='word_1_177' title='bbox 1078 2580 1231 2651; x_wconf 86' lang='lat' dir='ltr'><strong>signa</strong></span> <span class='ocrx_word' id='word_1_178' title='bbox 1260 2579 1728 2645; x_wconf 89' lang='lat' dir='ltr'><strong>custodientibus,</strong></span> <span class='ocrx_word' id='word_1_179' title='bbox 1753 2570 1893 2649; x_wconf 75' lang='lat' dir='ltr'><strong>quae</strong></span> 
     </span>
    </p>
   </div>
   <div class='ocr_carea' id='block_1_29' title="bbox 290 2671 1877 2747">
    <p class='ocr_par' dir='ltr' id='par_1_29' title="bbox 290 2671 1877 2747">
     <span class='ocr_line' id='line_1_29' title="bbox 290 2671 1877 2747; baseline -0.005 -14"><span class='ocrx_word' id='word_1_180' title='bbox 290 2678 447 2734; x_wconf 84' lang='lat' dir='ltr'><strong>ratio</strong></span> <span class='ocrx_word' id='word_1_181' title='bbox 478 2675 780 2747; x_wconf 88' lang='lat' dir='ltr'><strong>probabilis</strong></span> <span class='ocrx_word' id='word_1_182' title='bbox 816 2672 1095 2728; x_wconf 87' lang='lat' dir='ltr'><strong>videbitur</strong></span> <span class='ocrx_word' id='word_1_183' title='bbox 1148 2671 1214 2726; x_wconf 88' lang='lat' dir='ltr'><strong>ad</strong></span> <span class='ocrx_word' id='word_1_184' title='bbox 1265 2671 1693 2726; x_wconf 89' lang='lat' dir='ltr'><strong>inumbrandum</strong></span> <span class='ocrx_word' id='word_1_185' title='bbox 1732 2671 1877 2725; x_wconf 83' lang='lat' dir='ltr'><strong>veri-</strong></span> 
     </span>
    </p>
   </div>
   <div class='ocr_carea' id='block_1_30' title="bbox 292 2764 1875 2834">
    <p class='ocr_par' dir='ltr' id='par_1_30' title="bbox 292 2764 1875 2834">
     <span class='ocr_line' id='line_1_30' title="bbox 292 2764 1875 2834; baseline -0.004 -8"><span class='ocrx_word' id='word_1_186' title='bbox 292 2771 514 2826; x_wconf 81' lang='lat' dir='ltr'><strong>tatem?</strong></span> <span class='ocrx_word' id='word_1_187' title='bbox 541 2769 647 2825; x_wconf 87' lang='lat' dir='ltr'><strong>Sed</strong></span> <span class='ocrx_word' id='word_1_188' title='bbox 681 2783 784 2823; x_wconf 91' lang='lat' dir='ltr'><strong>nec</strong></span> <span class='ocrx_word' id='word_1_189' title='bbox 832 2765 966 2820; x_wconf 93' lang='lat' dir='ltr'><strong>illud</strong></span> <span class='ocrx_word' id='word_1_190' title='bbox 1017 2765 1086 2819; x_wconf 91' lang='lat' dir='ltr'><strong>ab</strong></span> <span class='ocrx_word' id='word_1_191' title='bbox 1141 2764 1273 2832; x_wconf 88' lang='lat' dir='ltr'><strong>ullo,</strong></span> <span class='ocrx_word' id='word_1_192' title='bbox 1311 2770 1374 2819; x_wconf 93' lang='lat' dir='ltr'><strong>ut</strong></span> <span class='ocrx_word' id='word_1_193' title='bbox 1415 2764 1676 2828; x_wconf 88' lang='lat' dir='ltr'><strong>arbitror,</strong></span> <span class='ocrx_word' id='word_1_194' title='bbox 1728 2764 1875 2834; x_wconf 84' lang='lat' dir='ltr'><strong>juste</strong></span> 
     </span>
    </p>
   </div>
   <div class='ocr_carea' id='block_1_31' title="bbox 290 2851 1875 2929">
    <p class='ocr_par' dir='ltr' id='par_1_31' title="bbox 290 2851 1875 2929">
     <span class='ocr_line' id='line_1_31' title="bbox 290 2851 1875 2929; baseline -0.006 -13"><span class='ocrx_word' id='word_1_195' title='bbox 290 2859 417 2916; x_wconf 89' lang='lat' dir='ltr'><strong>dici</strong></span> <span class='ocrx_word' id='word_1_196' title='bbox 441 2858 668 2929; x_wconf 89' lang='lat' dir='ltr'><strong>poterit,</strong></span> <span class='ocrx_word' id='word_1_197' title='bbox 701 2854 1043 2912; x_wconf 87' lang='lat' dir='ltr'><strong>accusandos</strong></span> <span class='ocrx_word' id='word_1_198' title='bbox 1076 2868 1198 2908; x_wconf 90' lang='lat' dir='ltr'><strong>esse</strong></span> <span class='ocrx_word' id='word_1_199' title='bbox 1245 2851 1435 2907; x_wconf 85' lang='lat' dir='ltr'><strong>violati</strong></span> <span class='ocrx_word' id='word_1_200' title='bbox 1479 2853 1721 2923; x_wconf 90' lang='lat' dir='ltr'><strong>sepulcri</strong></span> <span class='ocrx_word' id='word_1_201' title='bbox 1744 2868 1875 2923; x_wconf 92' lang='lat' dir='ltr'><strong>pro-</strong></span> 
     </span>
    </p>
   </div>
   <div class='ocr_carea' id='block_1_32' title="bbox 291 2944 1883 3023">
    <p class='ocr_par' dir='ltr' id='par_1_32' title="bbox 291 2944 1883 3023">
     <span class='ocr_line' id='line_1_32' title="bbox 291 2944 1883 3023; baseline -0.005 -18"><span class='ocrx_word' id='word_1_202' title='bbox 291 2950 564 3023; x_wconf 87' lang='lat' dir='ltr'><strong>pinquos,</strong></span> <span class='ocrx_word' id='word_1_203' title='bbox 598 2948 747 3005; x_wconf 84' lang='lat' dir='ltr'><strong>forte</strong></span> <span class='ocrx_word' id='word_1_204' title='bbox 792 2961 995 3016; x_wconf 90' lang='lat' dir='ltr'><strong>corpus</strong></span> <span class='ocrx_word' id='word_1_205' title='bbox 1022 2945 1312 3000; x_wconf 89' lang='lat' dir='ltr'><strong>sustulisse</strong></span> <span class='ocrx_word' id='word_1_206' title='bbox 1346 2944 1556 2999; x_wconf 86' lang='lat' dir='ltr'><strong>relictis</strong></span> <span class='ocrx_word' id='word_1_207' title='bbox 1607 2944 1777 3013; x_wconf 84' lang='lat' dir='ltr'><strong>signis</strong></span> <span class='ocrx_word' id='word_1_208' title='bbox 1796 2944 1883 2998; x_wconf 91' lang='lat' dir='ltr'><strong>in-</strong></span> 
     </span>
    </p>
   </div>
   <div class='ocr_carea' id='block_1_33' title="bbox 1936 438 3509 520">
    <p class='ocr_par' dir='ltr' id='par_1_33' title="bbox 1936 438 3509 520">
     <span class='ocr_line' id='line_1_33' title="bbox 1936 438 3509 520; baseline -0.014 -7"><span class='ocrx_word' id='word_1_209' title='bbox 1936 458 2220 514; x_wconf 90' lang='lat' dir='ltr'><strong>mendacia</strong></span> <span class='ocrx_word' id='word_1_210' title='bbox 2269 465 2587 518; x_wconf 84' lang='lat' dir='ltr'><strong>contexere,</strong></span> <span class='ocrx_word' id='word_1_211' title='bbox 2643 464 2765 520; x_wconf 71' lang='lat' dir='ltr'><strong>qua:</strong></span> <span class='ocrx_word' id='word_1_212' title='bbox 2809 443 2913 516; x_wconf 85' lang='lat' dir='ltr'><strong>ipsi</strong></span> <span class='ocrx_word' id='word_1_213' title='bbox 2969 441 3133 498; x_wconf 80' lang='lat' dir='ltr'><strong>valde</strong></span> <span class='ocrx_word' id='word_1_214' title='bbox 3177 439 3324 495; x_wconf 89' lang='lat' dir='ltr'><strong>fatue</strong></span> <span class='ocrx_word' id='word_1_215' title='bbox 3376 438 3509 508; x_wconf 82' lang='lat' dir='ltr'><strong>ipsis</strong></span> 
     </span>
    </p>
   </div>
   <div class='ocr_carea' id='block_1_34' title="bbox 1939 529 3510 621">
    <p class='ocr_par' dir='ltr' id='par_1_34' title="bbox 1939 529 3510 621">
     <span class='ocr_line' id='line_1_34' title="bbox 1939 529 3510 621; baseline -0.016 -14"><span class='ocrx_word' id='word_1_216' title='bbox 1939 545 2579 621; x_wconf 80' lang='lat' dir='ltr'><strong>suggesseruntzDicitc,</strong></span> <span class='ocrx_word' id='word_1_217' title='bbox 2619 538 2900 610; x_wconf 82' lang='lat' dir='ltr'><strong>inquiunt,</strong></span> <span class='ocrx_word' id='word_1_218' title='bbox 2939 532 3080 605; x_wconf 84' lang='lat' dir='ltr'><strong>quod</strong></span> <span class='ocrx_word' id='word_1_219' title='bbox 3117 529 3361 601; x_wconf 78' lang='lat' dir='ltr'><strong>discipuli</strong></span> <span class='ocrx_word' id='word_1_220' title='bbox 3395 529 3510 600; x_wconf 68' lang='lat' dir='ltr'><strong>ejus</strong></span> 
     </span>
    </p>
   </div>
   <div class='ocr_carea' id='block_1_35' title="bbox 1938 626 3515 697">
    <p class='ocr_par' dir='ltr' id='par_1_35' title="bbox 1938 626 3515 697">
     <span class='ocr_line' id='line_1_35' title="bbox 1938 626 3515 697; baseline -0.015 0"><span class='ocrx_word' id='word_1_221' title='bbox 1938 648 2193 697; x_wconf 75' lang='lat' dir='ltr'><strong>venerunt</strong></span> <span class='ocrx_word' id='word_1_222' title='bbox 2226 647 2380 693; x_wconf 88' lang='lat' dir='ltr'><strong>noctu</strong></span> <span class='ocrx_word' id='word_1_223' title='bbox 2400 645 2447 692; x_wconf 89' lang='lat' dir='ltr'><strong>et</strong></span> <span class='ocrx_word' id='word_1_224' title='bbox 2478 635 2624 688; x_wconf 85' lang='lat' dir='ltr'><strong>nobis</strong></span> <span class='ocrx_word' id='word_1_225' title='bbox 2647 629 3025 685; x_wconf 81' lang='lat' dir='ltr'><strong>dormientibus</strong></span> <span class='ocrx_word' id='word_1_226' title='bbox 3058 626 3198 697; x_wconf 79' lang='lat' dir='ltr'><strong>furto</strong></span> <span class='ocrx_word' id='word_1_227' title='bbox 3226 640 3344 677; x_wconf 89' lang='lat' dir='ltr'><strong>eum</strong></span> <span class='ocrx_word' id='word_1_228' title='bbox 3397 640 3515 676; x_wconf 78' lang='lat' dir='ltr'><strong>sus-</strong></span> 
     </span>
    </p>
   </div>
   <div class='ocr_carea' id='block_1_36' title="bbox 1943 713 3516 788">
    <p class='ocr_par' dir='ltr' id='par_1_36' title="bbox 1943 713 3516 788">
     <span class='ocr_line' id='line_1_36' title="bbox 1943 713 3516 788; baseline -0.014 -1"><span class='ocrx_word' id='word_1_229' title='bbox 1943 734 2181 787; x_wconf 80' lang='lat' dir='ltr'><strong>tulerunt</strong></span> <span class='ocrx_word' id='word_1_230' title='bbox 2229 731 2273 786; x_wconf 80' lang='grc'><strong>⁸.</strong></span> <span class='ocrx_word' id='word_1_231' title='bbox 2324 729 2521 784; x_wconf 85' lang='lat' dir='ltr'><strong>Merito</strong></span> <span class='ocrx_word' id='word_1_232' title='bbox 2555 727 2610 779; x_wconf 94' lang='lat' dir='ltr'><strong>in</strong></span> <span class='ocrx_word' id='word_1_233' title='bbox 2648 725 2779 779; x_wconf 88' lang='lat' dir='ltr'><strong>istos</strong></span> <span class='ocrx_word' id='word_1_234' title='bbox 2819 721 2927 775; x_wconf 85' lang='lat' dir='ltr'><strong>dici</strong></span> <span class='ocrx_word' id='word_1_235' title='bbox 2966 726 3147 788; x_wconf 86' lang='lat' dir='ltr'><strong>potest</strong></span> <span class='ocrx_word' id='word_1_236' title='bbox 3192 734 3204 768; x_wconf 94' lang='lat'>:</span> <span class='ocrx_word' id='word_1_237' title='bbox 3244 713 3287 769; x_wconf 93' lang='grc' dir='ltr'>Ο</span> <span class='ocrx_word' id='word_1_238' title='bbox 3339 713 3516 783; x_wconf 74' lang='lat' dir='ltr'><strong>magi-</strong></span> 
     </span>
    </p>
   </div>
   <div class='ocr_carea' id='block_1_37' title="bbox 1947 803 3519 888">
    <p class='ocr_par' dir='ltr' id='par_1_37' title="bbox 1947 803 3519 888">
     <span class='ocr_line' id='line_1_37' title="bbox 1947 803 3519 888; baseline -0.017 -8"><span class='ocrx_word' id='word_1_239' title='bbox 1947 834 2089 880; x_wconf 89' lang='lat' dir='ltr'><strong>stros</strong></span> <span class='ocrx_word' id='word_1_240' title='bbox 2117 821 2344 878; x_wconf 87' lang='lat' dir='ltr'><strong>absurdi</strong></span> <span class='ocrx_word' id='word_1_241' title='bbox 2379 827 2435 875; x_wconf 89' lang='lat' dir='ltr'><strong>et</strong></span> <span class='ocrx_word' id='word_1_242' title='bbox 2463 814 2825 888; x_wconf 81' lang='lat' dir='ltr'><strong>repugnantis</strong></span> <span class='ocrx_word' id='word_1_243' title='bbox 2892 807 3197 864; x_wconf 83' lang='lat' dir='ltr'><strong>mendacii!</strong></span> <span class='ocrx_word' id='word_1_244' title='bbox 3244 803 3519 874; x_wconf 85' lang='lat' dir='ltr'><strong>quomodo</strong></span> 
     </span>
    </p>
   </div>
   <div class='ocr_carea' id='block_1_38' title="bbox 1946 897 3522 985">
    <p class='ocr_par' dir='ltr' id='par_1_38' title="bbox 1946 897 3522 985">
     <span class='ocr_line' id='line_1_38' title="bbox 1946 897 3522 985; baseline -0.015 -15"><span class='ocrx_word' id='word_1_245' title='bbox 1946 915 2064 970; x_wconf 81' lang='lat' dir='ltr'><strong>fieri</strong></span> <span class='ocrx_word' id='word_1_246' title='bbox 2101 921 2334 985; x_wconf 84' lang='lat' dir='ltr'><strong>poterat,</strong></span> <span class='ocrx_word' id='word_1_247' title='bbox 2364 919 2427 965; x_wconf 90' lang='lat' dir='ltr'><strong>ut</strong></span> <span class='ocrx_word' id='word_1_248' title='bbox 2459 909 2555 980; x_wconf 90' lang='lat' dir='ltr'><strong>qui</strong></span> <span class='ocrx_word' id='word_1_249' title='bbox 2598 904 2970 964; x_wconf 87' lang='lat' dir='ltr'><strong>dormiebant,</strong></span> <span class='ocrx_word' id='word_1_250' title='bbox 3000 900 3252 955; x_wconf 86' lang='lat' dir='ltr'><strong>viderent</strong></span> <span class='ocrx_word' id='word_1_251' title='bbox 3294 897 3522 966; x_wconf 86' lang='lat' dir='ltr'><strong>quinam</strong></span> 
     </span>
    </p>
   </div>
   <div class='ocr_carea' id='block_1_39' title="bbox 1946 997 3527 1077">
    <p class='ocr_par' dir='ltr' id='par_1_39' title="bbox 1946 997 3527 1077">
     <span class='ocr_line' id='line_1_39' title="bbox 1946 997 3527 1077; baseline -0.014 -13"><span class='ocrx_word' id='word_1_252' title='bbox 1946 1016 2152 1073; x_wconf 87' lang='lat' dir='ltr'><strong>essent,</strong></span> <span class='ocrx_word' id='word_1_253' title='bbox 2186 1006 2281 1077; x_wconf 88' lang='lat' dir='ltr'><strong>qui</strong></span> <span class='ocrx_word' id='word_1_254' title='bbox 2313 1003 2480 1059; x_wconf 89' lang='lat' dir='ltr'><strong>furati</strong></span> <span class='ocrx_word' id='word_1_255' title='bbox 2507 1001 2672 1057; x_wconf 83' lang='lat' dir='ltr'><strong>sunt?</strong></span> <span class='ocrx_word' id='word_1_256' title='bbox 2702 999 2760 1054; x_wconf 89' lang='lat' dir='ltr'><strong>Si</strong></span> <span class='ocrx_word' id='word_1_257' title='bbox 2784 1002 2969 1052; x_wconf 89' lang='lat' dir='ltr'><strong>autem</strong></span> <span class='ocrx_word' id='word_1_258' title='bbox 2997 1009 3124 1048; x_wconf 83' lang='lat' dir='ltr'><strong>vere</strong></span> <span class='ocrx_word' id='word_1_259' title='bbox 3146 997 3527 1061; x_wconf 85' lang='lat' dir='ltr'><strong>cognoverunt</strong></span> 
     </span>
    </p>
   </div>
   <div class='ocr_carea' id='block_1_40' title="bbox 1949 1082 3527 1165">
    <p class='ocr_par' dir='ltr' id='par_1_40' title="bbox 1949 1082 3527 1165">
     <span class='ocr_line' id='line_1_40' title="bbox 1949 1082 3527 1165; baseline -0.015 -8"><span class='ocrx_word' id='word_1_260' title='bbox 1949 1102 2133 1165; x_wconf 91' lang='lat' dir='ltr'><strong>fures;</strong></span> <span class='ocrx_word' id='word_1_261' title='bbox 2172 1099 2278 1153; x_wconf 93' lang='lat' dir='ltr'><strong>hoc</strong></span> <span class='ocrx_word' id='word_1_262' title='bbox 2302 1097 2453 1153; x_wconf 91' lang='lat' dir='ltr'><strong>enim</strong></span> <span class='ocrx_word' id='word_1_263' title='bbox 2503 1093 2638 1164; x_wconf 88' lang='lat' dir='ltr'><strong>ipsis</strong></span> <span class='ocrx_word' id='word_1_264' title='bbox 2694 1099 2755 1145; x_wconf 89' lang='lat' dir='ltr'><strong>ut</strong></span> <span class='ocrx_word' id='word_1_265' title='bbox 2804 1089 3093 1151; x_wconf 88' lang='lat' dir='ltr'><strong>dicerent,</strong></span> <span class='ocrx_word' id='word_1_266' title='bbox 3136 1082 3527 1155; x_wconf 83' lang='lat' dir='ltr'><strong>suggessistis;</strong></span> 
     </span>
    </p>
   </div>
   <div class='ocr_carea' id='block_1_41' title="bbox 1951 1172 3528 1262">
    <p class='ocr_par' dir='ltr' id='par_1_41' title="bbox 1951 1172 3528 1262">
     <span class='ocr_line' id='line_1_41' title="bbox 1951 1172 3528 1262; baseline -0.014 -16"><span class='ocrx_word' id='word_1_267' title='bbox 1951 1191 2199 1262; x_wconf 90' lang='lat' dir='ltr'><strong>profecto</strong></span> <span class='ocrx_word' id='word_1_268' title='bbox 2226 1187 2467 1243; x_wconf 85' lang='lat' dir='ltr'><strong>videndo</strong></span> <span class='ocrx_word' id='word_1_269' title='bbox 2485 1188 2898 1255; x_wconf 89' lang='lat' dir='ltr'><strong>cognoverunt:</strong></span> <span class='ocrx_word' id='word_1_270' title='bbox 2917 1176 3193 1248; x_wconf 78' lang='lat' dir='ltr'><strong>quomodo</strong></span> <span class='ocrx_word' id='word_1_271' title='bbox 3213 1175 3381 1245; x_wconf 84' lang='lat' dir='ltr'><strong>igitur</strong></span> <span class='ocrx_word' id='word_1_272' title='bbox 3400 1172 3528 1227; x_wconf 85' lang='lat' dir='ltr'><strong>dor-</strong></span> 
     </span>
    </p>
   </div>
   <div class='ocr_carea' id='block_1_42' title="bbox 1954 1263 3530 1346">
    <p class='ocr_par' dir='ltr' id='par_1_42' title="bbox 1954 1263 3530 1346">
     <span class='ocr_line' id='line_1_42' title="bbox 1954 1263 3530 1346; baseline -0.013 -7"><span class='ocrx_word' id='word_1_273' title='bbox 1954 1283 2222 1346; x_wconf 90' lang='lat' dir='ltr'><strong>miebant,</strong></span> <span class='ocrx_word' id='word_1_274' title='bbox 2245 1279 2290 1335; x_wconf 91' lang='lat' dir='ltr'><strong>si</strong></span> <span class='ocrx_word' id='word_1_275' title='bbox 2316 1275 2617 1333; x_wconf 87' lang='lat' dir='ltr'><strong>viderunt?</strong></span> <span class='ocrx_word' id='word_1_276' title='bbox 2643 1274 2754 1329; x_wconf 87' lang='lat' dir='ltr'><strong>Cur</strong></span> <span class='ocrx_word' id='word_1_277' title='bbox 2769 1287 2878 1325; x_wconf 90' lang='lat' dir='ltr'><strong>non</strong></span> <span class='ocrx_word' id='word_1_278' title='bbox 2905 1270 3091 1340; x_wconf 84' lang='lat' dir='ltr'><strong>potius</strong></span> <span class='ocrx_word' id='word_1_279' title='bbox 3112 1268 3318 1323; x_wconf 90' lang='lat' dir='ltr'><strong>furtum</strong></span> <span class='ocrx_word' id='word_1_280' title='bbox 3337 1263 3530 1336; x_wconf 89' lang='lat' dir='ltr'><strong>prohi-</strong></span> 
     </span>
    </p>
   </div>
   <div class='ocr_carea' id='block_1_43' title="bbox 1956 1358 3531 1431">
    <p class='ocr_par' dir='ltr' id='par_1_43' title="bbox 1956 1358 3531 1431">
     <span class='ocr_line' id='line_1_43' title="bbox 1956 1358 3531 1431; baseline -0.016 1"><span class='ocrx_word' id='word_1_281' title='bbox 1956 1374 2203 1431; x_wconf 76' lang='lat' dir='ltr'><strong>bebant?</strong></span> <span class='ocrx_word' id='word_1_282' title='bbox 2231 1372 2314 1428; x_wconf 92' lang='lat' dir='ltr'><strong>Ob</strong></span> <span class='ocrx_word' id='word_1_283' title='bbox 2337 1371 2481 1424; x_wconf 90' lang='lat' dir='ltr'><strong>hanc</strong></span> <span class='ocrx_word' id='word_1_284' title='bbox 2506 1367 2654 1422; x_wconf 88' lang='lat' dir='ltr'><strong>enim</strong></span> <span class='ocrx_word' id='word_1_285' title='bbox 2678 1378 2899 1420; x_wconf 89' lang='lat' dir='ltr'><strong>causam</strong></span> <span class='ocrx_word' id='word_1_286' title='bbox 2932 1367 3314 1415; x_wconf 72' lang='lat' dir='ltr'><strong>remanserant</strong></span> <span class='ocrx_word' id='word_1_287' title='bbox 3335 1358 3388 1411; x_wconf 93' lang='lat' dir='ltr'><strong>in</strong></span> <span class='ocrx_word' id='word_1_288' title='bbox 3416 1373 3531 1411; x_wconf 79' lang='lat' dir='ltr'><strong>mu-</strong></span> 
     </span>
    </p>
   </div>
   <div class='ocr_carea' id='block_1_44' title="bbox 1955 1451 3533 1533">
    <p class='ocr_par' dir='ltr' id='par_1_44' title="bbox 1955 1451 3533 1533">
     <span class='ocr_line' id='line_1_44' title="bbox 1955 1451 3533 1533; baseline -0.013 -9"><span class='ocrx_word' id='word_1_289' title='bbox 1955 1473 2246 1530; x_wconf 86' lang='lat' dir='ltr'><strong>numento,</strong></span> <span class='ocrx_word' id='word_1_290' title='bbox 2277 1472 2338 1518; x_wconf 81' lang='lat' dir='ltr'><strong>ut.</strong></span> <span class='ocrx_word' id='word_1_291' title='bbox 2361 1459 2704 1533; x_wconf 88' lang='lat' dir='ltr'><strong>propositum</strong></span> <span class='ocrx_word' id='word_1_292' title='bbox 2732 1457 2911 1511; x_wconf 79' lang='lat' dir='ltr'><strong>fuerat</strong></span> <span class='ocrx_word' id='word_1_293' title='bbox 2941 1454 3127 1524; x_wconf 90' lang='lat' dir='ltr'><strong>impiis</strong></span> <span class='ocrx_word' id='word_1_294' title='bbox 3161 1451 3385 1507; x_wconf 84' lang='lat' dir='ltr'><strong>etfalsis</strong></span> <span class='ocrx_word' id='word_1_295' title='bbox 3414 1468 3533 1506; x_wconf 82' lang='lat' dir='ltr'><strong>ma-</strong></span> 
     </span>
    </p>
   </div>
   <div class='ocr_carea' id='block_1_45' title="bbox 1956 1543 3538 1634">
    <p class='ocr_par' dir='ltr' id='par_1_45' title="bbox 1956 1543 3538 1634">
     <span class='ocr_line' id='line_1_45' title="bbox 1956 1543 3538 1634; baseline -0.012 -18"><span class='ocrx_word' id='word_1_296' title='bbox 1956 1560 2165 1634; x_wconf 83' lang='lat' dir='ltr'><strong>gistris,</strong></span> <span class='ocrx_word' id='word_1_297' title='bbox 2196 1557 2292 1629; x_wconf 89' lang='lat' dir='ltr'><strong>qui</strong></span> <span class='ocrx_word' id='word_1_298' title='bbox 2323 1553 2731 1611; x_wconf 82' lang='lat' dir='ltr'><strong>aﬂirmavcrant</strong></span> <span class='ocrx_word' id='word_1_299' title='bbox 2774 1562 3037 1603; x_wconf 90' lang='lat' dir='ltr'><strong>suasuros</strong></span> <span class='ocrx_word' id='word_1_300' title='bbox 3062 1562 3121 1600; x_wconf 83' lang='lat' dir='ltr'><strong>se</strong></span> <span class='ocrx_word' id='word_1_301' title='bbox 3184 1544 3402 1615; x_wconf 74' lang='lat' dir='ltr'><strong>praesidi</strong></span> <span class='ocrx_word' id='word_1_302' title='bbox 3450 1543 3538 1598; x_wconf 82' lang='lat' dir='ltr'><strong>Pi-</strong></span> 
     </span>
    </p>
   </div>
   <div class='ocr_carea' id='block_1_46' title="bbox 1961 1637 3393 1722">
    <p class='ocr_par' dir='ltr' id='par_1_46' title="bbox 1961 1637 3393 1722">
     <span class='ocr_line' id='line_1_46' title="bbox 1961 1637 3393 1722; baseline -0.013 -13"><span class='ocrx_word' id='word_1_303' title='bbox 1961 1654 2094 1718; x_wconf 91' lang='lat' dir='ltr'><strong>lato,</strong></span> <span class='ocrx_word' id='word_1_304' title='bbox 2116 1649 2262 1722; x_wconf 91' lang='lat' dir='ltr'><strong>quod</strong></span> <span class='ocrx_word' id='word_1_305' title='bbox 2293 1646 2640 1703; x_wconf 90' lang='lat' dir='ltr'><strong>dormientes</strong></span> <span class='ocrx_word' id='word_1_306' title='bbox 2666 1657 2796 1697; x_wconf 88' lang='lat' dir='ltr'><strong>vera</strong></span> <span class='ocrx_word' id='word_1_307' title='bbox 2839 1640 3030 1694; x_wconf 89' lang='lat' dir='ltr'><strong>dicunt</strong></span> <span class='ocrx_word' id='word_1_308' title='bbox 3067 1653 3125 1693; x_wconf 91' lang='lat' dir='ltr'><strong>se</strong></span> <span class='ocrx_word' id='word_1_309' title='bbox 3167 1637 3393 1693; x_wconf 81' lang='lat' dir='ltr'><strong>vidisse.</strong></span> 
     </span>
    </p>
   </div>
   <div class='ocr_carea' id='block_1_47' title="bbox 2037 1750 3542 1834">
    <p class='ocr_par' dir='ltr' id='par_1_47' title="bbox 2037 1750 3542 1834">
     <span class='ocr_line' id='line_1_47' title="bbox 2037 1750 3542 1834; baseline -0.012 -13"><span class='ocrx_word' id='word_1_310' title='bbox 2037 1766 2102 1821; x_wconf 83' lang='lat' dir='ltr'><strong>V.</strong></span> <span class='ocrx_word' id='word_1_311' title='bbox 2138 1765 2319 1834; x_wconf 85' lang='lat' dir='ltr'><strong>Atque</strong></span> <span class='ocrx_word' id='word_1_312' title='bbox 2341 1758 2419 1814; x_wconf 92' lang='lat' dir='ltr'><strong>illi</strong></span> <span class='ocrx_word' id='word_1_313' title='bbox 2452 1756 2676 1829; x_wconf 89' lang='lat' dir='ltr'><strong>quidem</strong></span> <span class='ocrx_word' id='word_1_314' title='bbox 2720 1754 2802 1812; x_wconf 91' lang='lat' dir='ltr'><strong>sic</strong></span> <span class='ocrx_word' id='word_1_315' title='bbox 2822 1770 2881 1809; x_wconf 90' lang='lat' dir='ltr'><strong>se</strong></span> <span class='ocrx_word' id='word_1_316' title='bbox 2920 1750 3312 1808; x_wconf 81' lang='lat' dir='ltr'><strong>existimabant</strong></span> <span class='ocrx_word' id='word_1_317' title='bbox 3337 1750 3542 1806; x_wconf 80' lang='lat' dir='ltr'><strong>verita-</strong></span> 
     </span>
    </p>
   </div>
   <div class='ocr_carea' id='block_1_48' title="bbox 1967 1845 3541 1918">
    <p class='ocr_par' dir='ltr' id='par_1_48' title="bbox 1967 1845 3541 1918">
     <span class='ocr_line' id='line_1_48' title="bbox 1967 1845 3541 1918; baseline -0.006 -9"><span class='ocrx_word' id='word_1_318' title='bbox 1967 1865 2077 1911; x_wconf 86' lang='lat' dir='ltr'><strong>tem</strong></span> <span class='ocrx_word' id='word_1_319' title='bbox 2122 1854 2428 1910; x_wconf 87' lang='lat' dir='ltr'><strong>obscurare</strong></span> <span class='ocrx_word' id='word_1_320' title='bbox 2479 1858 2540 1906; x_wconf 91' lang='lat' dir='ltr'><strong>et</strong></span> <span class='ocrx_word' id='word_1_321' title='bbox 2566 1856 2903 1918; x_wconf 85' lang='lat' dir='ltr'><strong>contegere;</strong></span> <span class='ocrx_word' id='word_1_322' title='bbox 2936 1845 3188 1900; x_wconf 85' lang='lat' dir='ltr'><strong>Salvator</strong></span> <span class='ocrx_word' id='word_1_323' title='bbox 3230 1859 3367 1899; x_wconf 90' lang='lat' dir='ltr'><strong>vero</strong></span> <span class='ocrx_word' id='word_1_324' title='bbox 3410 1858 3541 1899; x_wconf 85' lang='lat' dir='ltr'><strong>vere</strong></span> 
     </span>
    </p>
   </div>
   <div class='ocr_carea' id='block_1_49' title="bbox 1966 1938 3543 2008">
    <p class='ocr_par' dir='ltr' id='par_1_49' title="bbox 1966 1938 3543 2008">
     <span class='ocr_line' id='line_1_49' title="bbox 1966 1938 3543 2008; baseline -0.01 -4"><span class='ocrx_word' id='word_1_325' title='bbox 1966 1949 2130 2004; x_wconf 89' lang='lat' dir='ltr'><strong>tertio</strong></span> <span class='ocrx_word' id='word_1_326' title='bbox 2168 1948 2258 2003; x_wconf 90' lang='lat' dir='ltr'><strong>die</strong></span> <span class='ocrx_word' id='word_1_327' title='bbox 2288 1943 2556 2008; x_wconf 82' lang='lat' dir='ltr'><strong>surrexit,</strong></span> <span class='ocrx_word' id='word_1_328' title='bbox 2588 1941 2782 1998; x_wconf 88' lang='lat' dir='ltr'><strong>relicta</strong></span> <span class='ocrx_word' id='word_1_329' title='bbox 2831 1938 3193 2008; x_wconf 89' lang='lat' dir='ltr'><strong>corruptione</strong></span> <span class='ocrx_word' id='word_1_330' title='bbox 3251 1938 3309 1993; x_wconf 91' lang='lat' dir='ltr'><strong>in</strong></span> <span class='ocrx_word' id='word_1_331' title='bbox 3354 1938 3543 2007; x_wconf 89' lang='lat' dir='ltr'><strong>sepul-</strong></span> 
     </span>
    </p>
   </div>
   <div class='ocr_carea' id='block_1_50' title="bbox 1967 2031 3547 2106">
    <p class='ocr_par' dir='ltr' id='par_1_50' title="bbox 1967 2031 3547 2106">
     <span class='ocr_line' id='line_1_50' title="bbox 1967 2031 3547 2106; baseline -0.008 -10"><span class='ocrx_word' id='word_1_332' title='bbox 1967 2056 2062 2097; x_wconf 90' lang='lat' dir='ltr'><strong>cro</strong></span> <span class='ocrx_word' id='word_1_333' title='bbox 2087 2048 2145 2094; x_wconf 90' lang='lat' dir='ltr'><strong>et</strong></span> <span class='ocrx_word' id='word_1_334' title='bbox 2172 2038 2350 2093; x_wconf 88' lang='lat' dir='ltr'><strong>factus</strong></span> <span class='ocrx_word' id='word_1_335' title='bbox 2393 2035 2772 2106; x_wconf 83' lang='lat' dir='ltr'><strong>primogenitus</strong></span> <span class='ocrx_word' id='word_1_336' title='bbox 2826 2047 2888 2086; x_wconf 75' lang='lat' dir='ltr'><strong>ea:</strong></span> <span class='ocrx_word' id='word_1_337' title='bbox 2935 2032 3155 2086; x_wconf 82' lang='lat' dir='ltr'><strong>mortuis</strong></span> <span class='ocrx_word' id='word_1_338' title='bbox 3180 2032 3239 2096; x_wconf 81' lang='lat'><strong>&#39;;</strong></span> <span class='ocrx_word' id='word_1_339' title='bbox 3284 2031 3547 2086; x_wconf 78' lang='lat' dir='ltr'><strong>descendit</strong></span> 
     </span>
    </p>
   </div>
   <div class='ocr_carea' id='block_1_51' title="bbox 1968 2123 3549 2200">
    <p class='ocr_par' dir='ltr' id='par_1_51' title="bbox 1968 2123 3549 2200">
     <span class='ocr_line' id='line_1_51' title="bbox 1968 2123 3549 2200; baseline -0.006 -13"><span class='ocrx_word' id='word_1_340' title='bbox 1968 2132 2115 2188; x_wconf 91' lang='lat' dir='ltr'><strong>enim</strong></span> <span class='ocrx_word' id='word_1_341' title='bbox 2146 2132 2201 2185; x_wconf 86' lang='lat' dir='ltr'><strong>in</strong></span> <span class='ocrx_word' id='word_1_342' title='bbox 2230 2129 2506 2200; x_wconf 77' lang='lat' dir='ltr'><strong>inferiores</strong></span> <span class='ocrx_word' id='word_1_343' title='bbox 2550 2134 2728 2197; x_wconf 86' lang='lat' dir='ltr'><strong>partes</strong></span> <span class='ocrx_word' id='word_1_344' title='bbox 2780 2134 2937 2179; x_wconf 79' lang='lat' dir='ltr'><strong>terra:</strong></span> <span class='ocrx_word' id='word_1_345' title='bbox 2984 2124 3026 2155; x_wconf 75' lang='grc' dir='ltr'><strong>θ’</strong></span> <span class='ocrx_word' id='word_1_346' title='bbox 3071 2132 3130 2178; x_wconf 88' lang='lat' dir='ltr'><strong>et</strong></span> <span class='ocrx_word' id='word_1_347' title='bbox 3185 2123 3241 2178; x_wconf 92' lang='lat' dir='ltr'><strong>in</strong></span> <span class='ocrx_word' id='word_1_348' title='bbox 3283 2139 3381 2178; x_wconf 91' lang='lat' dir='ltr'><strong>cor</strong></span> <span class='ocrx_word' id='word_1_349' title='bbox 3428 2124 3549 2193; x_wconf 85' lang='lat' dir='ltr'><strong>ejus</strong></span> 
     </span>
    </p>
   </div>
   <div class='ocr_carea' id='block_1_52' title="bbox 1969 2218 3551 2290">
    <p class='ocr_par' dir='ltr' id='par_1_52' title="bbox 1969 2218 3551 2290">
     <span class='ocr_line' id='line_1_52' title="bbox 1969 2218 3551 2290; baseline -0.005 -13"><span class='ocrx_word' id='word_1_350' title='bbox 1969 2223 2143 2289; x_wconf 88' lang='lat' dir='ltr'><strong>venit,</strong></span> <span class='ocrx_word' id='word_1_351' title='bbox 2167 2230 2321 2277; x_wconf 89' lang='lat' dir='ltr'><strong>tanto</strong></span> <span class='ocrx_word' id='word_1_352' title='bbox 2343 2229 2590 2290; x_wconf 89' lang='lat' dir='ltr'><strong>tempore</strong></span> <span class='ocrx_word' id='word_1_353' title='bbox 2608 2218 2724 2273; x_wconf 91' lang='lat' dir='ltr'><strong>illic</strong></span> <span class='ocrx_word' id='word_1_354' title='bbox 2741 2224 3141 2279; x_wconf 78' lang='lat' dir='ltr'><strong>commoratus,</strong></span> <span class='ocrx_word' id='word_1_355' title='bbox 3158 2225 3371 2286; x_wconf 79' lang='lat' dir='ltr'><strong>quanto</strong></span> <span class='ocrx_word' id='word_1_356' title='bbox 3392 2231 3551 2286; x_wconf 85' lang='lat' dir='ltr'><strong>opor-</strong></span> 
     </span>
    </p>
   </div>
   <div class='ocr_carea' id='block_1_53' title="bbox 1975 2306 3551 2382">
    <p class='ocr_par' dir='ltr' id='par_1_53' title="bbox 1975 2306 3551 2382">
     <span class='ocr_line' id='line_1_53' title="bbox 1975 2306 3551 2382; baseline -0.004 -15"><span class='ocrx_word' id='word_1_357' title='bbox 1975 2313 2100 2380; x_wconf 89' lang='lat' dir='ltr'><strong>tuit,</strong></span> <span class='ocrx_word' id='word_1_358' title='bbox 2120 2322 2179 2366; x_wconf 88' lang='lat' dir='ltr'><strong>ut</strong></span> <span class='ocrx_word' id='word_1_359' title='bbox 2202 2311 2436 2382; x_wconf 81' lang='lat' dir='ltr'><strong>gratiam</strong></span> <span class='ocrx_word' id='word_1_360' title='bbox 2459 2324 2614 2364; x_wconf 90' lang='lat' dir='ltr'><strong>suam</strong></span> <span class='ocrx_word' id='word_1_361' title='bbox 2637 2316 2693 2363; x_wconf 94' lang='lat' dir='ltr'><strong>et</strong></span> <span class='ocrx_word' id='word_1_362' title='bbox 2720 2307 3015 2361; x_wconf 81' lang='lat' dir='ltr'><strong>utilitatem</strong></span> <span class='ocrx_word' id='word_1_363' title='bbox 3037 2306 3106 2374; x_wconf 76' lang='lat' dir='ltr'><strong>iis</strong></span> <span class='ocrx_word' id='word_1_364' title='bbox 3130 2307 3224 2377; x_wconf 91' lang='lat' dir='ltr'><strong>qui</strong></span> <span class='ocrx_word' id='word_1_365' title='bbox 3250 2306 3305 2361; x_wconf 91' lang='lat' dir='ltr'><strong>in</strong></span> <span class='ocrx_word' id='word_1_366' title='bbox 3332 2307 3551 2362; x_wconf 84' lang='lat' dir='ltr'><strong>inferno</strong></span> 
     </span>
    </p>
   </div>
   <div class='ocr_carea' id='block_1_54' title="bbox 1977 2400 3554 2472">
    <p class='ocr_par' dir='ltr' id='par_1_54' title="bbox 1977 2400 3554 2472">
     <span class='ocr_line' id='line_1_54' title="bbox 1977 2400 3554 2472; baseline -0.004 -10"><span class='ocrx_word' id='word_1_367' title='bbox 1977 2408 2329 2463; x_wconf 88' lang='lat' dir='ltr'><strong>tenebantur.</strong></span> <span class='ocrx_word' id='word_1_368' title='bbox 2387 2401 2749 2472; x_wconf 89' lang='lat' dir='ltr'><strong>impartiret:</strong></span> <span class='ocrx_word' id='word_1_369' title='bbox 2809 2415 2921 2455; x_wconf 91' lang='lat' dir='ltr'><strong>non</strong></span> <span class='ocrx_word' id='word_1_370' title='bbox 2969 2400 3119 2454; x_wconf 89' lang='lat' dir='ltr'><strong>enim</strong></span> <span class='ocrx_word' id='word_1_371' title='bbox 3173 2400 3377 2456; x_wconf 81' lang='lat' dir='ltr'><strong>frustra</strong></span> <span class='ocrx_word' id='word_1_372' title='bbox 3420 2402 3554 2456; x_wconf 91' lang='lat' dir='ltr'><strong>illuc</strong></span> 
     </span>
    </p>
   </div>
   <div class='ocr_carea' id='block_1_55' title="bbox 1978 2491 3558 2567">
    <p class='ocr_par' dir='ltr' id='par_1_55' title="bbox 1978 2491 3558 2567">
     <span class='ocr_line' id='line_1_55' title="bbox 1978 2491 3558 2567; baseline -0.004 -12"><span class='ocrx_word' id='word_1_373' title='bbox 1978 2498 2295 2563; x_wconf 87' lang='lat' dir='ltr'><strong>descendit,</strong></span> <span class='ocrx_word' id='word_1_374' title='bbox 2326 2496 2458 2567; x_wconf 89' lang='lat' dir='ltr'><strong>quia</strong></span> <span class='ocrx_word' id='word_1_375' title='bbox 2505 2493 2648 2548; x_wconf 87' lang='lat' dir='ltr'><strong>nihil</strong></span> <span class='ocrx_word' id='word_1_376' title='bbox 2683 2492 2963 2549; x_wconf 86' lang='lat' dir='ltr'><strong>incassum</strong></span> <span class='ocrx_word' id='word_1_377' title='bbox 2999 2491 3130 2546; x_wconf 90' lang='lat' dir='ltr'><strong>facit</strong></span> <span class='ocrx_word' id='word_1_378' title='bbox 3161 2493 3329 2560; x_wconf 90' lang='lat' dir='ltr'><strong>Deus,</strong></span> <span class='ocrx_word' id='word_1_379' title='bbox 3365 2494 3462 2549; x_wconf 86' lang='lat' dir='ltr'><strong>sed</strong></span> <span class='ocrx_word' id='word_1_380' title='bbox 3498 2505 3558 2548; x_wconf 89' lang='lat' dir='ltr'><strong>ut</strong></span> 
     </span>
    </p>
   </div>
   <div class='ocr_carea' id='block_1_56' title="bbox 1976 2582 3562 2659">
    <p class='ocr_par' dir='ltr' id='par_1_56' title="bbox 1976 2582 3562 2659">
     <span class='ocr_line' id='line_1_56' title="bbox 1976 2582 3562 2659; baseline -0.005 -13"><span class='ocrx_word' id='word_1_381' title='bbox 1976 2606 2071 2647; x_wconf 90' lang='lat' dir='ltr'><strong>eos</strong></span> <span class='ocrx_word' id='word_1_382' title='bbox 2082 2591 2176 2659; x_wconf 90' lang='lat' dir='ltr'><strong>qui</strong></span> <span class='ocrx_word' id='word_1_383' title='bbox 2199 2589 2255 2642; x_wconf 90' lang='lat' dir='ltr'><strong>in</strong></span> <span class='ocrx_word' id='word_1_384' title='bbox 2278 2599 2501 2642; x_wconf 89' lang='lat' dir='ltr'><strong>carcere</strong></span> <span class='ocrx_word' id='word_1_385' title='bbox 2523 2595 2702 2644; x_wconf 87' lang='lat' dir='ltr'><strong>erant,</strong></span> <span class='ocrx_word' id='word_1_386' title='bbox 2719 2582 3005 2647; x_wconf 88' lang='lat' dir='ltr'><strong>educeret,</strong></span> <span class='ocrx_word' id='word_1_387' title='bbox 3033 2590 3090 2637; x_wconf 87' lang='lat' dir='ltr'><strong>et</strong></span> <span class='ocrx_word' id='word_1_388' title='bbox 3108 2583 3404 2640; x_wconf 87' lang='lat' dir='ltr'><strong>reduceret</strong></span> <span class='ocrx_word' id='word_1_389' title='bbox 3422 2594 3562 2655; x_wconf 70' lang='lat' dir='ltr'><strong>prae-</strong></span> 
     </span>
    </p>
   </div>
   <div class='ocr_carea' id='block_1_57' title="bbox 1977 2677 3561 2746">
    <p class='ocr_par' dir='ltr' id='par_1_57' title="bbox 1977 2677 3561 2746">
     <span class='ocr_line' id='line_1_57' title="bbox 1977 2677 3561 2746; baseline -0.004 -9"><span class='ocrx_word' id='word_1_390' title='bbox 1977 2681 2163 2738; x_wconf 84' lang='lat' dir='ltr'><strong>eundo</strong></span> <span class='ocrx_word' id='word_1_391' title='bbox 2197 2688 2326 2734; x_wconf 89' lang='lat' dir='ltr'><strong>ante</strong></span> <span class='ocrx_word' id='word_1_392' title='bbox 2375 2692 2492 2744; x_wconf 91' lang='lat' dir='ltr'><strong>eos,</strong></span> <span class='ocrx_word' id='word_1_393' title='bbox 2535 2684 2594 2730; x_wconf 93' lang='lat' dir='ltr'><strong>ut</strong></span> <span class='ocrx_word' id='word_1_394' title='bbox 2644 2684 2836 2745; x_wconf 89' lang='lat' dir='ltr'><strong>pastor</strong></span> <span class='ocrx_word' id='word_1_395' title='bbox 2886 2685 3015 2729; x_wconf 89' lang='lat' dir='ltr'><strong>ante</strong></span> <span class='ocrx_word' id='word_1_396' title='bbox 3056 2690 3210 2740; x_wconf 85' lang='lat' dir='ltr'><strong>oves,</strong></span> <span class='ocrx_word' id='word_1_397' title='bbox 3261 2677 3561 2746; x_wconf 58' lang='lat' dir='ltr'><strong>quaerendo</strong></span> 
     </span>
    </p>
   </div>
   <div class='ocr_carea' id='block_1_58' title="bbox 1981 2767 3563 2845">
    <p class='ocr_par' dir='ltr' id='par_1_58' title="bbox 1981 2767 3563 2845">
     <span class='ocr_line' id='line_1_58' title="bbox 1981 2767 3563 2845; baseline -0.003 -16"><span class='ocrx_word' id='word_1_398' title='bbox 1981 2788 2121 2845; x_wconf 88' lang='lat' dir='ltr'><strong>quos</strong></span> <span class='ocrx_word' id='word_1_399' title='bbox 2144 2771 2494 2843; x_wconf 89' lang='lat' dir='ltr'><strong>perdiderat,</strong></span> <span class='ocrx_word' id='word_1_400' title='bbox 2528 2767 2940 2823; x_wconf 90' lang='lat' dir='ltr'><strong>etinveniendo</strong></span> <span class='ocrx_word' id='word_1_401' title='bbox 2974 2784 3117 2838; x_wconf 86' lang='lat' dir='ltr'><strong>quos</strong></span> <span class='ocrx_word' id='word_1_402' title='bbox 3153 2769 3474 2840; x_wconf 55' lang='lat' dir='ltr'><strong>quaesierat,</strong></span> <span class='ocrx_word' id='word_1_403' title='bbox 3498 2786 3563 2824; x_wconf 89' lang='lat' dir='ltr'><strong>ac</strong></span> 
     </span>
    </p>
   </div>
   <div class='ocr_carea' id='block_1_59' title="bbox 1984 2859 3558 2932">
    <p class='ocr_par' dir='ltr' id='par_1_59' title="bbox 1984 2859 3558 2932">
     <span class='ocr_line' id='line_1_59' title="bbox 1984 2859 3558 2932; baseline -0.003 -13"><span class='ocrx_word' id='word_1_404' title='bbox 1984 2863 2303 2921; x_wconf 89' lang='lat' dir='ltr'><strong>reducendo</strong></span> <span class='ocrx_word' id='word_1_405' title='bbox 2328 2878 2425 2917; x_wconf 90' lang='lat' dir='ltr'><strong>eos</strong></span> <span class='ocrx_word' id='word_1_406' title='bbox 2447 2869 2675 2932; x_wconf 89' lang='lat' dir='ltr'><strong>propter</strong></span> <span class='ocrx_word' id='word_1_407' title='bbox 2686 2875 2825 2930; x_wconf 92' lang='lat' dir='ltr'><strong>quos</strong></span> <span class='ocrx_word' id='word_1_408' title='bbox 2846 2859 3252 2915; x_wconf 89' lang='lat' dir='ltr'><strong>descenderat:</strong></span> <span class='ocrx_word' id='word_1_409' title='bbox 3274 2876 3385 2916; x_wconf 89' lang='lat' dir='ltr'><strong>non</strong></span> <span class='ocrx_word' id='word_1_410' title='bbox 3406 2862 3558 2917; x_wconf 89' lang='lat' dir='ltr'><strong>enim</strong></span> 
     </span>
    </p>
   </div>
   <div class='ocr_carea' id='block_1_60' title="bbox 1988 2950 3563 3022">
    <p class='ocr_par' dir='ltr' id='par_1_60' title="bbox 1988 2950 3563 3022">
     <span class='ocr_line' id='line_1_60' title="bbox 1988 2950 3563 3022; baseline -0.004 -9"><span class='ocrx_word' id='word_1_411' title='bbox 1988 2958 2168 3013; x_wconf 92' lang='lat' dir='ltr'><strong>solum</strong></span> <span class='ocrx_word' id='word_1_412' title='bbox 2214 2953 2502 3009; x_wconf 91' lang='lat' dir='ltr'><strong>interitum</strong></span> <span class='ocrx_word' id='word_1_413' title='bbox 2556 2966 2859 3021; x_wconf 88' lang='lat' dir='ltr'><strong>corporum</strong></span> <span class='ocrx_word' id='word_1_414' title='bbox 2906 2950 3160 3006; x_wconf 87' lang='lat' dir='ltr'><strong>dissolvit</strong></span> <span class='ocrx_word' id='word_1_415' title='bbox 3186 2950 3240 3004; x_wconf 87' lang='lat' dir='ltr'><strong>in</strong></span> <span class='ocrx_word' id='word_1_416' title='bbox 3275 2954 3563 3022; x_wconf 83' lang='lat' dir='ltr'><strong>sepulcro,</strong></span> 
     </span>
    </p>
   </div>
   <div class='ocr_carea' id='block_1_61' title="bbox 302 3037 3569 3115">
    <p class='ocr_par' dir='ltr' id='par_1_61' title="bbox 302 3037 3569 3115">
     <span class='ocr_line' id='line_1_61' title="bbox 302 3037 3569 3115; baseline -0.005 -1"><span class='ocrx_word' id='word_1_417' title='bbox 302 3042 514 3113; x_wconf 69' lang='grc' dir='ltr'><strong>ιεῑζτίεί</strong></span> <span class='ocrx_word' id='word_1_418' title='bbox 548 3056 655 3095; x_wconf 71' lang='grc' dir='ltr'><strong>που</strong></span> <span class='ocrx_word' id='word_1_419' title='bbox 685 3039 834 3096; x_wconf 66' lang='lat' dir='ltr'><strong>enim</strong></span> <span class='ocrx_word' id='word_1_420' title='bbox 867 3044 1253 3093; x_wconf 71' lang='grc' dir='ltr'><strong>οοηειτυεῑυηι</strong></span> <span class='ocrx_word' id='word_1_421' title='bbox 1288 3043 1407 3091; x_wconf 61' lang='lat' dir='ltr'><strong>erat</strong></span> <span class='ocrx_word' id='word_1_422' title='bbox 1457 3045 1880 3091; x_wconf 73' lang='grc' dir='ltr'><strong>ηιοηυιῐιεηιιιῐη</strong></span> <span class='ocrx_word' id='word_1_423' title='bbox 1911 3043 1953 3102; x_wconf 89' lang='lat' dir='ltr'><strong>C</strong></span> <span class='ocrx_word' id='word_1_424' title='bbox 1989 3046 2084 3103; x_wconf 89' lang='lat' dir='ltr'><strong>sed</strong></span> <span class='ocrx_word' id='word_1_425' title='bbox 2121 3054 2176 3101; x_wconf 90' lang='lat' dir='ltr'><strong>et</strong></span> <span class='ocrx_word' id='word_1_426' title='bbox 2201 3043 2445 3114; x_wconf 89' lang='lat' dir='ltr'><strong>captivas</strong></span> <span class='ocrx_word' id='word_1_427' title='bbox 2466 3040 2678 3095; x_wconf 82' lang='lat' dir='ltr'><strong>animus</strong></span> <span class='ocrx_word' id='word_1_428' title='bbox 2710 3055 2778 3094; x_wconf 81' lang='lat' dir='ltr'><strong>ex</strong></span> <span class='ocrx_word' id='word_1_429' title='bbox 2804 3037 3019 3094; x_wconf 85' lang='lat' dir='ltr'><strong>inferno</strong></span> <span class='ocrx_word' id='word_1_430' title='bbox 3052 3039 3107 3093; x_wconf 91' lang='lat' dir='ltr'><strong>in</strong></span> <span class='ocrx_word' id='word_1_431' title='bbox 3126 3056 3237 3109; x_wconf 90' lang='lat' dir='ltr'><strong>quo</strong></span> <span class='ocrx_word' id='word_1_432' title='bbox 3266 3049 3569 3115; x_wconf 76' lang='lat' dir='ltr'><strong>pertyran-</strong></span> 
     </span>
    </p>
   </div>
   <div class='ocr_carea' id='block_1_62' title="bbox 295 3128 1887 3202">
    <p class='ocr_par' dir='ltr' id='par_1_62' title="bbox 295 3128 1887 3202">
     <span class='ocr_line' id='line_1_62' title="bbox 295 3128 1887 3202; baseline -0.006 -10"><span class='ocrx_word' id='word_1_433' title='bbox 295 3152 380 3193; x_wconf 81' lang='lat' dir='ltr'><strong>ex</strong></span> <span class='ocrx_word' id='word_1_434' title='bbox 416 3134 608 3190; x_wconf 88' lang='lat' dir='ltr'><strong>electis</strong></span> <span class='ocrx_word' id='word_1_435' title='bbox 632 3131 911 3202; x_wconf 90' lang='lat' dir='ltr'><strong>lapidibus</strong></span> <span class='ocrx_word' id='word_1_436' title='bbox 951 3130 1097 3184; x_wconf 91' lang='lat' dir='ltr'><strong>inter</strong></span> <span class='ocrx_word' id='word_1_437' title='bbox 1126 3144 1185 3184; x_wconf 89' lang='lat' dir='ltr'><strong>se</strong></span> <span class='ocrx_word' id='word_1_438' title='bbox 1209 3128 1624 3198; x_wconf 87' lang='lat' dir='ltr'><strong>coagmentatis,</strong></span> <span class='ocrx_word' id='word_1_439' title='bbox 1661 3128 1758 3183; x_wconf 92' lang='lat' dir='ltr'><strong>sed</strong></span> <span class='ocrx_word' id='word_1_440' title='bbox 1788 3144 1887 3198; x_wconf 84' lang='lat' dir='ltr'><strong>po-</strong></span> 
     </span>
    </p>
   </div>
   <div class='ocr_carea' id='block_1_63' title="bbox 302 3219 1891 3292">
    <p class='ocr_par' dir='ltr' id='par_1_63' title="bbox 302 3219 1891 3292">
     <span class='ocr_line' id='line_1_63' title="bbox 302 3219 1891 3292; baseline -0.006 -8"><span class='ocrx_word' id='word_1_441' title='bbox 302 3229 426 3285; x_wconf 85' lang='lat' dir='ltr'><strong>tius</strong></span> <span class='ocrx_word' id='word_1_442' title='bbox 455 3234 570 3281; x_wconf 88' lang='lat' dir='ltr'><strong>erat</strong></span> <span class='ocrx_word' id='word_1_443' title='bbox 611 3234 767 3292; x_wconf 88' lang='lat' dir='ltr'><strong>petra</strong></span> <span class='ocrx_word' id='word_1_444' title='bbox 811 3222 1018 3286; x_wconf 88' lang='lat' dir='ltr'><strong>nativa,</strong></span> <span class='ocrx_word' id='word_1_445' title='bbox 1057 3236 1177 3292; x_wconf 71' lang='lat' dir='ltr'><strong>qua:</strong></span> <span class='ocrx_word' id='word_1_446' title='bbox 1236 3228 1407 3274; x_wconf 89' lang='lat' dir='ltr'><strong>totam</strong></span> <span class='ocrx_word' id='word_1_447' title='bbox 1443 3219 1587 3274; x_wconf 88' lang='lat' dir='ltr'><strong>banc</strong></span> <span class='ocrx_word' id='word_1_448' title='bbox 1622 3220 1891 3290; x_wconf 88' lang='lat' dir='ltr'><strong>suspicio-</strong></span> 
     </span>
    </p>
   </div>
   <div class='ocr_carea' id='block_1_64' title="bbox 299 3314 1891 3389">
    <p class='ocr_par' dir='ltr' id='par_1_64' title="bbox 299 3314 1891 3389">
     <span class='ocr_line' id='line_1_64' title="bbox 299 3314 1891 3389; baseline -0.006 -14"><span class='ocrx_word' id='word_1_449' title='bbox 299 3334 444 3376; x_wconf 86' lang='lat' dir='ltr'><strong>nem</strong></span> <span class='ocrx_word' id='word_1_450' title='bbox 468 3316 723 3389; x_wconf 75' lang='lat' dir='ltr'><strong>eji‘ciebat</strong></span> <span class='ocrx_word' id='word_1_451' title='bbox 754 3331 768 3370; x_wconf 88' lang='lat'><strong>:</strong></span> <span class='ocrx_word' id='word_1_452' title='bbox 802 3315 874 3371; x_wconf 93' lang='lat' dir='ltr'><strong>ob</strong></span> <span class='ocrx_word' id='word_1_453' title='bbox 904 3314 1042 3368; x_wconf 82' lang='lat' dir='ltr'><strong>hanc</strong></span> <span class='ocrx_word' id='word_1_454' title='bbox 1074 3328 1298 3368; x_wconf 84' lang='lat' dir='ltr'><strong>causam</strong></span> <span class='ocrx_word' id='word_1_455' title='bbox 1321 3327 1524 3367; x_wconf 88' lang='lat' dir='ltr'><strong>novum</strong></span> <span class='ocrx_word' id='word_1_456' title='bbox 1546 3319 1664 3366; x_wconf 90' lang='lat' dir='ltr'><strong>erat</strong></span> <span class='ocrx_word' id='word_1_457' title='bbox 1694 3328 1891 3366; x_wconf 83' lang='lat' dir='ltr'><strong>monu—</strong></span> 
     </span>
    </p>
   </div>
   <div class='ocr_carea' id='block_1_65' title="bbox 310 3401 1891 3474">
    <p class='ocr_par' dir='ltr' id='par_1_65' title="bbox 310 3401 1891 3474">
     <span class='ocr_line' id='line_1_65' title="bbox 310 3401 1891 3474; baseline -0.006 -9"><span class='ocrx_word' id='word_1_458' title='bbox 310 3416 596 3473; x_wconf 85' lang='lat' dir='ltr'><strong>mentum,</strong></span> <span class='ocrx_word' id='word_1_459' title='bbox 624 3415 878 3462; x_wconf 90' lang='lat' dir='ltr'><strong>recenter</strong></span> <span class='ocrx_word' id='word_1_460' title='bbox 904 3405 957 3458; x_wconf 92' lang='lat' dir='ltr'><strong>in</strong></span> <span class='ocrx_word' id='word_1_461' title='bbox 989 3414 1142 3474; x_wconf 83' lang='lat' dir='ltr'><strong>petra</strong></span> <span class='ocrx_word' id='word_1_462' title='bbox 1172 3401 1399 3467; x_wconf 87' lang='lat' dir='ltr'><strong>factum,</strong></span> <span class='ocrx_word' id='word_1_463' title='bbox 1447 3402 1503 3456; x_wconf 90' lang='lat' dir='ltr'><strong>in</strong></span> <span class='ocrx_word' id='word_1_464' title='bbox 1535 3417 1644 3471; x_wconf 88' lang='lat' dir='ltr'><strong>quo</strong></span> <span class='ocrx_word' id='word_1_465' title='bbox 1677 3403 1891 3456; x_wconf 91' lang='lat' dir='ltr'><strong>nullum</strong></span> 
     </span>
    </p>
   </div>
   <div class='ocr_carea' id='block_1_66' title="bbox 304 3493 1896 3569">
    <p class='ocr_par' dir='ltr' id='par_1_66' title="bbox 304 3493 1896 3569">
     <span class='ocr_line' id='line_1_66' title="bbox 304 3493 1896 3569; baseline -0.005 -13"><span class='ocrx_word' id='word_1_466' title='bbox 304 3509 481 3558; x_wconf 84' lang='lat' dir='ltr'><strong>antea</strong></span> <span class='ocrx_word' id='word_1_467' title='bbox 514 3513 717 3569; x_wconf 90' lang='lat' dir='ltr'><strong>corpus</strong></span> <span class='ocrx_word' id='word_1_468' title='bbox 744 3496 1027 3552; x_wconf 91' lang='lat' dir='ltr'><strong>conditum</strong></span> <span class='ocrx_word' id='word_1_469' title='bbox 1076 3496 1290 3561; x_wconf 88' lang='lat' dir='ltr'><strong>fuerat;</strong></span> <span class='ocrx_word' id='word_1_470' title='bbox 1352 3509 1422 3548; x_wconf 89' lang='lat' dir='ltr'><strong>ne</strong></span> <span class='ocrx_word' id='word_1_471' title='bbox 1448 3493 1503 3548; x_wconf 90' lang='lat' dir='ltr'><strong>in</strong></span> <span class='ocrx_word' id='word_1_472' title='bbox 1533 3493 1765 3548; x_wconf 92' lang='lat' dir='ltr'><strong>dubium</strong></span> <span class='ocrx_word' id='word_1_473' title='bbox 1801 3508 1896 3549; x_wconf 89' lang='lat' dir='ltr'><strong>ve-</strong></span> 
     </span>
    </p>
   </div>
   <div class='ocr_carea' id='block_1_67' title="bbox 306 3584 1892 3660">
    <p class='ocr_par' dir='ltr' id='par_1_67' title="bbox 306 3584 1892 3660">
     <span class='ocr_line' id='line_1_67' title="bbox 306 3584 1892 3660; baseline -0.004 -13"><span class='ocrx_word' id='word_1_474' title='bbox 306 3592 469 3649; x_wconf 86' lang='lat' dir='ltr'><strong>niret</strong></span> <span class='ocrx_word' id='word_1_475' title='bbox 491 3590 559 3645; x_wconf 87' lang='lat' dir='ltr'><strong>iis</strong></span> <span class='ocrx_word' id='word_1_476' title='bbox 580 3589 674 3660; x_wconf 88' lang='lat' dir='ltr'><strong>qui</strong></span> <span class='ocrx_word' id='word_1_477' title='bbox 734 3596 1022 3658; x_wconf 88' lang='lat' dir='ltr'><strong>utcunque</strong></span> <span class='ocrx_word' id='word_1_478' title='bbox 1072 3587 1542 3641; x_wconf 75' lang='lat' dir='ltr'><strong>resurrecdonem</strong></span> <span class='ocrx_word' id='word_1_479' title='bbox 1591 3584 1892 3656; x_wconf 90' lang='lat' dir='ltr'><strong>recipiunt,</strong></span> 
     </span>
    </p>
   </div>
   <div class='ocr_carea' id='block_1_68' title="bbox 330 3680 1405 3753">
    <p class='ocr_par' dir='ltr' id='par_1_68' title="bbox 330 3680 1405 3753">
     <span class='ocr_line' id='line_1_68' title="bbox 330 3680 1405 3753; baseline -0.004 -16"><span class='ocrx_word' id='word_1_480' title='bbox 330 3682 589 3753; x_wconf 88' lang='lat' dir='ltr'><strong>quisnam</strong></span> <span class='ocrx_word' id='word_1_481' title='bbox 616 3696 647 3735; x_wconf 87' lang='lat' dir='ltr'><strong>a</strong></span> <span class='ocrx_word' id='word_1_482' title='bbox 667 3680 900 3735; x_wconf 91' lang='lat' dir='ltr'><strong>mortuis</strong></span> <span class='ocrx_word' id='word_1_483' title='bbox 923 3681 1196 3734; x_wconf 79' lang='lat' dir='ltr'><strong>excitatus</strong></span> <span class='ocrx_word' id='word_1_484' title='bbox 1237 3684 1405 3733; x_wconf 91' lang='lat' dir='ltr'><strong>esset.</strong></span> 
     </span>
    </p>
   </div>
   <div class='ocr_carea' id='block_1_69' title="bbox 402 3766 1901 3847">
    <p class='ocr_par' dir='ltr' id='par_1_69' title="bbox 402 3766 1901 3847">
     <span class='ocr_line' id='line_1_69' title="bbox 402 3766 1901 3847; baseline -0.005 -19"><span class='ocrx_word' id='word_1_485' title='bbox 402 3773 493 3829; x_wconf 76' lang='grc' dir='ltr'><strong>ιν.</strong></span> <span class='ocrx_word' id='word_1_486' title='bbox 525 3771 651 3827; x_wconf 69' lang='lat' dir='ltr'><strong>Haec</strong></span> <span class='ocrx_word' id='word_1_487' title='bbox 675 3772 862 3827; x_wconf 90' lang='lat' dir='ltr'><strong>omnia</strong></span> <span class='ocrx_word' id='word_1_488' title='bbox 888 3780 946 3826; x_wconf 89' lang='lat' dir='ltr'><strong>et</strong></span> <span class='ocrx_word' id='word_1_489' title='bbox 979 3771 1085 3826; x_wconf 88' lang='lat' dir='ltr'><strong>alia</strong></span> <span class='ocrx_word' id='word_1_490' title='bbox 1130 3771 1288 3841; x_wconf 91' lang='lat' dir='ltr'><strong>plura</strong></span> <span class='ocrx_word' id='word_1_491' title='bbox 1351 3768 1440 3822; x_wconf 81' lang='lat' dir='ltr'><strong>liis</strong></span> <span class='ocrx_word' id='word_1_492' title='bbox 1481 3766 1699 3837; x_wconf 87' lang='lat' dir='ltr'><strong>provisa</strong></span> <span class='ocrx_word' id='word_1_493' title='bbox 1744 3775 1901 3847; x_wconf 54' lang='lat' dir='ltr'><strong>sunt,</strong></span> 
     </span>
    </p>
   </div>
   <div class='ocr_carea' id='block_1_70' title="bbox 324 3860 1901 3922">
    <p class='ocr_par' dir='ltr' id='par_1_70' title="bbox 324 3860 1901 3922">
     <span class='ocr_line' id='line_1_70' title="bbox 324 3860 1901 3922; baseline -0.003 0"><span class='ocrx_word' id='word_1_494' title='bbox 324 3866 406 3922; x_wconf 82' lang='lat' dir='ltr'><strong>ad</strong></span> <span class='ocrx_word' id='word_1_495' title='bbox 479 3865 784 3921; x_wconf 86' lang='lat' dir='ltr'><strong>faciendam</strong></span> <span class='ocrx_word' id='word_1_496' title='bbox 866 3864 1029 3919; x_wconf 87' lang='lat' dir='ltr'><strong>ﬁdem</strong></span> <span class='ocrx_word' id='word_1_497' title='bbox 1106 3861 1535 3918; x_wconf 88' lang='lat' dir='ltr'><strong>resurrectionis</strong></span> <span class='ocrx_word' id='word_1_498' title='bbox 1601 3860 1901 3917; x_wconf 89' lang='lat' dir='ltr'><strong>Salvatoris</strong></span> 
     </span>
    </p>
   </div>
   <div class='ocr_carea' id='block_1_71' title="bbox 324 3951 1898 4028">
    <p class='ocr_par' dir='ltr' id='par_1_71' title="bbox 324 3951 1898 4028">
     <span class='ocr_line' id='line_1_71' title="bbox 324 3951 1898 4028; baseline -0.006 -13"><span class='ocrx_word' id='word_1_499' title='bbox 324 3959 547 4026; x_wconf 86' lang='lat' dir='ltr'><strong>nostri;</strong></span> <span class='ocrx_word' id='word_1_500' title='bbox 575 3958 643 4014; x_wconf 91' lang='lat' dir='ltr'><strong>ad</strong></span> <span class='ocrx_word' id='word_1_501' title='bbox 673 3973 839 4028; x_wconf 88' lang='lat' dir='ltr'><strong>quam</strong></span> <span class='ocrx_word' id='word_1_502' title='bbox 885 3954 1287 4011; x_wconf 87' lang='lat' dir='ltr'><strong>ostendendam</strong></span> <span class='ocrx_word' id='word_1_503' title='bbox 1326 3951 1615 4008; x_wconf 89' lang='lat' dir='ltr'><strong>descendit</strong></span> <span class='ocrx_word' id='word_1_504' title='bbox 1655 3951 1898 4022; x_wconf 87' lang='lat' dir='ltr'><strong>angelus,</strong></span> 
     </span>
    </p>
   </div>
   <div class='ocr_carea' id='block_1_72' title="bbox 323 4043 1898 4122">
    <p class='ocr_par' dir='ltr' id='par_1_72' title="bbox 323 4043 1898 4122">
     <span class='ocr_line' id='line_1_72' title="bbox 323 4043 1898 4122; baseline -0.004 -17"><span class='ocrx_word' id='word_1_505' title='bbox 323 4051 433 4122; x_wconf 87' lang='lat' dir='ltr'><strong>qui</strong></span> <span class='ocrx_word' id='word_1_506' title='bbox 465 4050 700 4120; x_wconf 89' lang='lat' dir='ltr'><strong>lapidem</strong></span> <span class='ocrx_word' id='word_1_507' title='bbox 722 4050 798 4103; x_wconf 83' lang='lat' dir='ltr'><strong>ab</strong></span> <span class='ocrx_word' id='word_1_508' title='bbox 831 4048 948 4104; x_wconf 93' lang='lat' dir='ltr'><strong>otio</strong></span> <span class='ocrx_word' id='word_1_509' title='bbox 997 4046 1346 4102; x_wconf 89' lang='lat' dir='ltr'><strong>monumenti</strong></span> <span class='ocrx_word' id='word_1_510' title='bbox 1399 4043 1654 4108; x_wconf 82' lang='lat' dir='ltr'><strong>revolvit,</strong></span> <span class='ocrx_word' id='word_1_511' title='bbox 1705 4058 1815 4098; x_wconf 91' lang='lat' dir='ltr'><strong>non</strong></span> <span class='ocrx_word' id='word_1_512' title='bbox 1844 4053 1898 4122; x_wconf 81' lang='lat' dir='ltr'><strong>ut</strong></span> 
     </span>
    </p>
   </div>
   <div class='ocr_carea' id='block_1_73' title="bbox 318 4116 1904 4210">
    <p class='ocr_par' dir='ltr' id='par_1_73' title="bbox 318 4116 1904 4210">
     <span class='ocr_line' id='line_1_73' title="bbox 318 4116 1904 4210; baseline -0.006 -11"><span class='ocrx_word' id='word_1_513' title='bbox 318 4142 539 4201; x_wconf 75' lang='lat' dir='ltr'><strong>exitum</strong></span> <span class='ocrx_word' id='word_1_514' title='bbox 571 4141 798 4196; x_wconf 87' lang='lat' dir='ltr'><strong>bumato</strong></span> <span class='ocrx_word' id='word_1_515' title='bbox 841 4146 1091 4210; x_wconf 88' lang='lat' dir='ltr'><strong>pararet;</strong></span> <span class='ocrx_word' id='word_1_516' title='bbox 1135 4138 1247 4209; x_wconf 88' lang='lat' dir='ltr'><strong>jam</strong></span> <span class='ocrx_word' id='word_1_517' title='bbox 1272 4136 1419 4192; x_wconf 91' lang='lat' dir='ltr'><strong>enim</strong></span> <span class='ocrx_word' id='word_1_518' title='bbox 1446 4135 1602 4205; x_wconf 87' lang='lat' dir='ltr'><strong>prius</strong></span> <span class='ocrx_word' id='word_1_519' title='bbox 1625 4134 1713 4189; x_wconf 90' lang='lat' dir='ltr'><strong>die</strong></span> <span class='ocrx_word' id='word_1_520' title='bbox 1743 4116 1904 4190; x_wconf 82' lang='lat' dir='ltr'><strong>tertio</strong></span> 
     </span>
    </p>
   </div>
   <div class='ocr_carea' id='block_1_74' title="bbox 320 4226 1905 4298">
    <p class='ocr_par' dir='ltr' id='par_1_74' title="bbox 320 4226 1905 4298">
     <span class='ocr_line' id='line_1_74' title="bbox 320 4226 1905 4298; baseline -0.005 -8"><span class='ocrx_word' id='word_1_521' title='bbox 320 4241 648 4291; x_wconf 79' lang='lat' dir='ltr'><strong>surrexerat</strong></span> <span class='ocrx_word' id='word_1_522' title='bbox 680 4230 945 4286; x_wconf 88' lang='lat' dir='ltr'><strong>Dominus</strong></span> <span class='ocrx_word' id='word_1_523' title='bbox 978 4245 1009 4283; x_wconf 88' lang='lat' dir='ltr'><strong>a</strong></span> <span class='ocrx_word' id='word_1_524' title='bbox 1044 4229 1197 4284; x_wconf 91' lang='lat' dir='ltr'><strong>nullo</strong></span> <span class='ocrx_word' id='word_1_525' title='bbox 1232 4227 1567 4298; x_wconf 89' lang='lat' dir='ltr'><strong>prohibitus,</strong></span> <span class='ocrx_word' id='word_1_526' title='bbox 1602 4226 1697 4281; x_wconf 86' lang='lat' dir='ltr'><strong>sed</strong></span> <span class='ocrx_word' id='word_1_527' title='bbox 1727 4234 1787 4281; x_wconf 89' lang='lat' dir='ltr'><strong>ut</strong></span> <span class='ocrx_word' id='word_1_528' title='bbox 1810 4228 1905 4282; x_wconf 88' lang='lat' dir='ltr'><strong>de-</strong></span> 
     </span>
    </p>
   </div>
   <div class='ocr_carea' id='block_1_75' title="bbox 323 4320 1902 4390">
    <p class='ocr_par' dir='ltr' id='par_1_75' title="bbox 323 4320 1902 4390">
     <span class='ocr_line' id='line_1_75' title="bbox 323 4320 1902 4390; baseline -0.003 -9"><span class='ocrx_word' id='word_1_529' title='bbox 323 4333 672 4383; x_wconf 84' lang='lat' dir='ltr'><strong>monstraret</strong></span> <span class='ocrx_word' id='word_1_530' title='bbox 719 4325 922 4388; x_wconf 87' lang='lat' dir='ltr'><strong>locum,</strong></span> <span class='ocrx_word' id='word_1_531' title='bbox 983 4322 1079 4376; x_wconf 89' lang='lat' dir='ltr'><strong>ubi</strong></span> <span class='ocrx_word' id='word_1_532' title='bbox 1118 4336 1339 4390; x_wconf 88' lang='lat' dir='ltr'><strong>corpus</strong></span> <span class='ocrx_word' id='word_1_533' title='bbox 1388 4320 1628 4390; x_wconf 88' lang='lat' dir='ltr'><strong>positum</strong></span> <span class='ocrx_word' id='word_1_534' title='bbox 1702 4321 1902 4387; x_wconf 87' lang='lat' dir='ltr'><strong>fuerat,</strong></span> 
     </span>
    </p>
   </div>
   <div class='ocr_carea' id='block_1_76' title="bbox 320 4382 1981 4485">
    <p class='ocr_par' dir='ltr' id='par_1_76' title="bbox 320 4382 1981 4485">
     <span class='ocr_line' id='line_1_76' title="bbox 320 4382 1981 4485; baseline -0.003 -10"><span class='ocrx_word' id='word_1_535' title='bbox 320 4418 429 4475; x_wconf 89' lang='lat' dir='ltr'><strong>ubi</strong></span> <span class='ocrx_word' id='word_1_536' title='bbox 480 4428 663 4473; x_wconf 86' lang='lat' dir='ltr'><strong>vestes</strong></span> <span class='ocrx_word' id='word_1_537' title='bbox 692 4424 903 4472; x_wconf 89' lang='lat' dir='ltr'><strong>tantum</strong></span> <span class='ocrx_word' id='word_1_538' title='bbox 957 4422 1119 4469; x_wconf 88' lang='lat' dir='ltr'><strong>erant</strong></span> <span class='ocrx_word' id='word_1_539' title='bbox 1158 4382 1428 4473; x_wconf 78' lang='lat' dir='ltr'><strong>suscitati.</strong></span> <span class='ocrx_word' id='word_1_540' title='bbox 1475 4413 1633 4470; x_wconf 89' lang='lat' dir='ltr'><strong>Unde</strong></span> <span class='ocrx_word' id='word_1_541' title='bbox 1676 4382 1906 4485; x_wconf 80' lang='lat' dir='ltr'><strong>angelus</strong></span> <span class='ocrx_word' id='word_1_542' title='bbox 1938 4382 1981 4438; x_wconf 70' lang='grc' dir='ltr'>υ</span> 
     </span>
    </p>
   </div>
   <div class='ocr_carea' id='block_1_77' title="bbox 319 4504 1904 4582">
    <p class='ocr_par' dir='ltr' id='par_1_77' title="bbox 319 4504 1904 4582">
     <span class='ocr_line' id='line_1_77' title="bbox 319 4504 1904 4582; baseline -0.001 -20"><span class='ocrx_word' id='word_1_543' title='bbox 319 4509 429 4582; x_wconf 81' lang='lat' dir='ltr'><strong>qui</strong></span> <span class='ocrx_word' id='word_1_544' title='bbox 461 4507 788 4563; x_wconf 89' lang='lat' dir='ltr'><strong>mulieribus</strong></span> <span class='ocrx_word' id='word_1_545' title='bbox 817 4522 938 4576; x_wconf 79' lang='lat' dir='ltr'><strong>qua:</strong></span> <span class='ocrx_word' id='word_1_546' title='bbox 976 4514 1350 4561; x_wconf 85' lang='lat' dir='ltr'><strong>convenerant</strong></span> <span class='ocrx_word' id='word_1_547' title='bbox 1381 4504 1635 4574; x_wconf 82' lang='lat' dir='ltr'><strong>apparuit</strong></span> <span class='ocrx_word' id='word_1_548' title='bbox 1669 4522 1683 4559; x_wconf 89' lang='lat'><strong>:</strong></span> <span class='ocrx_word' id='word_1_549' title='bbox 1710 4505 1904 4571; x_wconf 78' lang='lat' dir='ltr'><strong>Nolite,</strong></span> 
     </span>
    </p>
   </div>
   <div class='ocr_carea' id='block_1_78' title="bbox 321 4596 1910 4669">
    <p class='ocr_par' dir='ltr' id='par_1_78' title="bbox 321 4596 1910 4669">
     <span class='ocr_line' id='line_1_78' title="bbox 321 4596 1910 4669; baseline -0.003 -13"><span class='ocrx_word' id='word_1_550' title='bbox 321 4601 538 4664; x_wconf 83' lang='lat' dir='ltr'><strong>aiebat,</strong></span> <span class='ocrx_word' id='word_1_551' title='bbox 559 4603 741 4654; x_wconf 88' lang='lat' dir='ltr'><strong>timere</strong></span> <span class='ocrx_word' id='word_1_552' title='bbox 762 4615 849 4653; x_wconf 79' lang='lat' dir='ltr'><strong>eos</strong></span> <span class='ocrx_word' id='word_1_553' title='bbox 874 4616 892 4653; x_wconf 88' lang='lat'><strong><em>:</em></strong></span> <span class='ocrx_word' id='word_1_554' title='bbox 921 4600 1028 4653; x_wconf 85' lang='lat' dir='ltr'><strong>scio</strong></span> <span class='ocrx_word' id='word_1_555' title='bbox 1062 4598 1200 4669; x_wconf 88' lang='lat' dir='ltr'><strong>quod</strong></span> <span class='ocrx_word' id='word_1_556' title='bbox 1226 4596 1409 4650; x_wconf 72' lang='lat' dir='ltr'><strong>Iesum</strong></span> <span class='ocrx_word' id='word_1_557' title='bbox 1431 4596 1910 4651; x_wconf 79' lang='lat' dir='ltr'><strong>Nazarenumcru-</strong></span> 
     </span>
    </p>
   </div>
   <div class='ocr_carea' id='block_1_79' title="bbox 326 4689 1914 4762">
    <p class='ocr_par' dir='ltr' id='par_1_79' title="bbox 326 4689 1914 4762">
     <span class='ocr_line' id='line_1_79' title="bbox 326 4689 1914 4762; baseline -0.004 -13"><span class='ocrx_word' id='word_1_558' title='bbox 326 4691 556 4762; x_wconf 69' lang='lat' dir='ltr'><strong>ciﬁxum</strong></span> <span class='ocrx_word' id='word_1_559' title='bbox 589 4693 855 4762; x_wconf 54' lang='lat' dir='ltr'><strong>queritis;</strong></span> <span class='ocrx_word' id='word_1_560' title='bbox 892 4707 996 4744; x_wconf 87' lang='lat' dir='ltr'><strong>non</strong></span> <span class='ocrx_word' id='word_1_561' title='bbox 1022 4700 1095 4743; x_wconf 87' lang='lat' dir='ltr'><strong>est</strong></span> <span class='ocrx_word' id='word_1_562' title='bbox 1123 4691 1237 4753; x_wconf 88' lang='lat' dir='ltr'><strong>hic;</strong></span> <span class='ocrx_word' id='word_1_563' title='bbox 1269 4690 1584 4753; x_wconf 72' lang='lat' dir='ltr'><strong>resurrexit,</strong></span> <span class='ocrx_word' id='word_1_564' title='bbox 1602 4693 1735 4743; x_wconf 86' lang='lat' dir='ltr'><strong>sicut</strong></span> <span class='ocrx_word' id='word_1_565' title='bbox 1756 4689 1914 4743; x_wconf 76' lang='lat' dir='ltr'><strong>dixit:</strong></span> 
     </span>
    </p>
   </div>
   <div class='ocr_carea' id='block_1_80' title="bbox 328 4774 1917 4850">
    <p class='ocr_par' dir='ltr' id='par_1_80' title="bbox 328 4774 1917 4850">
     <span class='ocr_line' id='line_1_80' title="bbox 328 4774 1917 4850; baseline -0.004 -12"><span class='ocrx_word' id='word_1_566' title='bbox 328 4782 534 4846; x_wconf 73' lang='lat' dir='ltr'><strong>venite,</strong></span> <span class='ocrx_word' id='word_1_567' title='bbox 570 4781 735 4835; x_wconf 79' lang='lat' dir='ltr'><strong>videte</strong></span> <span class='ocrx_word' id='word_1_568' title='bbox 778 4780 949 4835; x_wconf 85' lang='lat' dir='ltr'><strong>locum</strong></span> <span class='ocrx_word' id='word_1_569' title='bbox 990 4780 1078 4835; x_wconf 87' lang='lat' dir='ltr'><strong>ubi</strong></span> <span class='ocrx_word' id='word_1_570' title='bbox 1112 4780 1313 4850; x_wconf 84' lang='lat' dir='ltr'><strong>positus</strong></span> <span class='ocrx_word' id='word_1_571' title='bbox 1367 4784 1484 4832; x_wconf 87' lang='lat' dir='ltr'><strong>erat</strong></span> <span class='ocrx_word' id='word_1_572' title='bbox 1517 4774 1561 4832; x_wconf 80' lang='lat'><strong>’.</strong></span> <span class='ocrx_word' id='word_1_573' title='bbox 1607 4777 1705 4833; x_wconf 87' lang='lat' dir='ltr'><strong>His</strong></span> <span class='ocrx_word' id='word_1_574' title='bbox 1747 4779 1917 4849; x_wconf 87' lang='lat' dir='ltr'><strong>gestis</strong></span> 
     </span>
    </p>
   </div>
   <div class='ocr_carea' id='block_1_81' title="bbox 326 4869 1913 4942">
    <p class='ocr_par' dir='ltr' id='par_1_81' title="bbox 326 4869 1913 4942">
     <span class='ocr_line' id='line_1_81' title="bbox 326 4869 1913 4942; baseline -0.003 -13"><span class='ocrx_word' id='word_1_575' title='bbox 326 4871 547 4929; x_wconf 83' lang='lat' dir='ltr'><strong>milites</strong></span> <span class='ocrx_word' id='word_1_576' title='bbox 582 4872 849 4928; x_wconf 85' lang='lat' dir='ltr'><strong>custodes</strong></span> <span class='ocrx_word' id='word_1_577' title='bbox 889 4878 1040 4926; x_wconf 87' lang='lat' dir='ltr'><strong>metu</strong></span> <span class='ocrx_word' id='word_1_578' title='bbox 1076 4870 1355 4942; x_wconf 85' lang='lat' dir='ltr'><strong>perterriti</strong></span> <span class='ocrx_word' id='word_1_579' title='bbox 1376 4869 1913 4941; x_wconf 85' lang='lat' dir='ltr'><strong>jacebanttanquam</strong></span> 
     </span>
    </p>
   </div>
   <div class='ocr_carea' id='block_1_82' title="bbox 327 4961 1916 5020">
    <p class='ocr_par' dir='ltr' id='par_1_82' title="bbox 327 4961 1916 5020">
     <span class='ocr_line' id='line_1_82' title="bbox 327 4961 1916 5020; baseline -0.002 0"><span class='ocrx_word' id='word_1_580' title='bbox 327 4964 544 5020; x_wconf 86' lang='lat' dir='ltr'><strong>mortui</strong></span> <span class='ocrx_word' id='word_1_581' title='bbox 571 4965 697 5020; x_wconf 82' lang='lat' dir='ltr'><strong>:vix</strong></span> <span class='ocrx_word' id='word_1_582' title='bbox 731 4975 914 5020; x_wconf 87' lang='lat' dir='ltr'><strong>autem</strong></span> <span class='ocrx_word' id='word_1_583' title='bbox 947 4972 1158 5019; x_wconf 85' lang='lat' dir='ltr'><strong>terrore</strong></span> <span class='ocrx_word' id='word_1_584' title='bbox 1199 4962 1513 5018; x_wconf 87' lang='lat' dir='ltr'><strong>formidinis</strong></span> <span class='ocrx_word' id='word_1_585' title='bbox 1559 4961 1781 5017; x_wconf 88' lang='lat' dir='ltr'><strong>liberati</strong></span> <span class='ocrx_word' id='word_1_586' title='bbox 1827 4961 1916 5017; x_wconf 86' lang='lat' dir='ltr'><strong>fu-</strong></span> 
     </span>
    </p>
   </div>
   <div class='ocr_carea' id='block_1_83' title="bbox 327 5055 1914 5129">
    <p class='ocr_par' dir='ltr' id='par_1_83' title="bbox 327 5055 1914 5129">
     <span class='ocr_line' id='line_1_83' title="bbox 327 5055 1914 5129; baseline -0.001 -19"><span class='ocrx_word' id='word_1_587' title='bbox 327 5066 540 5129; x_wconf 74' lang='lat' dir='ltr'><strong>gerunt</strong></span> <span class='ocrx_word' id='word_1_588' title='bbox 564 5059 618 5113; x_wconf 92' lang='lat' dir='ltr'><strong>in</strong></span> <span class='ocrx_word' id='word_1_589' title='bbox 655 5057 958 5121; x_wconf 75' lang='lat' dir='ltr'><strong>civitatem,</strong></span> <span class='ocrx_word' id='word_1_590' title='bbox 984 5067 1046 5113; x_wconf 91' lang='lat' dir='ltr'><strong>ut</strong></span> <span class='ocrx_word' id='word_1_591' title='bbox 1067 5056 1391 5112; x_wconf 87' lang='lat' dir='ltr'><strong>nuntiarent</strong></span> <span class='ocrx_word' id='word_1_592' title='bbox 1416 5070 1539 5126; x_wconf 69' lang='lat' dir='ltr'><strong>quae</strong></span> <span class='ocrx_word' id='word_1_593' title='bbox 1558 5055 1914 5111; x_wconf 89' lang='lat' dir='ltr'><strong>accidissent.</strong></span> 
     </span>
    </p>
   </div>
   <div class='ocr_carea' id='block_1_84' title="bbox 328 5147 1921 5219">
    <p class='ocr_par' dir='ltr' id='par_1_84' title="bbox 328 5147 1921 5219">
     <span class='ocr_line' id='line_1_84' title="bbox 328 5147 1921 5219; baseline -0.001 -14"><span class='ocrx_word' id='word_1_594' title='bbox 328 5148 607 5205; x_wconf 79' lang='lat' dir='ltr'><strong>Scelerati</strong></span> <span class='ocrx_word' id='word_1_595' title='bbox 634 5164 767 5204; x_wconf 90' lang='lat' dir='ltr'><strong>vero</strong></span> <span class='ocrx_word' id='word_1_596' title='bbox 796 5149 1113 5205; x_wconf 80' lang='lat' dir='ltr'><strong>sacerdotes</strong></span> <span class='ocrx_word' id='word_1_597' title='bbox 1148 5147 1487 5216; x_wconf 71' lang='lat' dir='ltr'><strong>Iudaeorum,</strong></span> <span class='ocrx_word' id='word_1_598' title='bbox 1524 5163 1666 5219; x_wconf 88' lang='lat' dir='ltr'><strong>quos</strong></span> <span class='ocrx_word' id='word_1_599' title='bbox 1700 5156 1921 5217; x_wconf 88' lang='lat' dir='ltr'><strong>oporte-</strong></span> 
     </span>
    </p>
   </div>
   <div class='ocr_carea' id='block_1_85' title="bbox 330 5240 1919 5312">
    <p class='ocr_par' dir='ltr' id='par_1_85' title="bbox 330 5240 1919 5312">
     <span class='ocr_line' id='line_1_85' title="bbox 330 5240 1919 5312; baseline -0.001 -14"><span class='ocrx_word' id='word_1_600' title='bbox 330 5242 440 5298; x_wconf 73' lang='lat' dir='ltr'><strong>bat</strong></span> <span class='ocrx_word' id='word_1_601' title='bbox 471 5240 693 5295; x_wconf 85' lang='lat' dir='ltr'><strong>tandem</strong></span> <span class='ocrx_word' id='word_1_602' title='bbox 719 5256 945 5297; x_wconf 85' lang='lat' dir='ltr'><strong>sensum</strong></span> <span class='ocrx_word' id='word_1_603' title='bbox 976 5256 1211 5312; x_wconf 85' lang='lat' dir='ltr'><strong>capere.</strong></span> <span class='ocrx_word' id='word_1_604' title='bbox 1232 5248 1289 5295; x_wconf 89' lang='lat' dir='ltr'><strong>et</strong></span> <span class='ocrx_word' id='word_1_605' title='bbox 1315 5255 1510 5295; x_wconf 90' lang='lat' dir='ltr'><strong>eorum</strong></span> <span class='ocrx_word' id='word_1_606' title='bbox 1533 5256 1655 5311; x_wconf 68' lang='lat' dir='ltr'><strong>quae</strong></span> <span class='ocrx_word' id='word_1_607' title='bbox 1671 5243 1919 5296; x_wconf 81' lang='lat' dir='ltr'><strong>fecerant</strong></span> 
     </span>
    </p>
   </div>
   <div class='ocr_carea' id='block_1_86' title="bbox 329 5331 1915 5407">
    <p class='ocr_par' dir='ltr' id='par_1_86' title="bbox 329 5331 1915 5407">
     <span class='ocr_line' id='line_1_86' title="bbox 329 5331 1915 5407; baseline -0.001 -20"><span class='ocrx_word' id='word_1_608' title='bbox 329 5331 644 5407; x_wconf 66' lang='lat' dir='ltr'><strong>paenitere,</strong></span> <span class='ocrx_word' id='word_1_609' title='bbox 670 5345 863 5388; x_wconf 87' lang='lat' dir='ltr'><strong>contra</strong></span> <span class='ocrx_word' id='word_1_610' title='bbox 899 5334 1090 5403; x_wconf 86' lang='lat' dir='ltr'><strong>potius</strong></span> <span class='ocrx_word' id='word_1_611' title='bbox 1129 5332 1185 5388; x_wconf 91' lang='lat' dir='ltr'><strong>in</strong></span> <span class='ocrx_word' id='word_1_612' title='bbox 1240 5332 1450 5386; x_wconf 88' lang='lat' dir='ltr'><strong>malitia</strong></span> <span class='ocrx_word' id='word_1_613' title='bbox 1476 5339 1915 5402; x_wconf 86' lang='lat' dir='ltr'><strong>perseverantes,</strong></span> 
     </span>
    </p>
   </div>
   <div class='ocr_carea' id='block_1_87' title="bbox 332 5422 1919 5488">
    <p class='ocr_par' dir='ltr' id='par_1_87' title="bbox 332 5422 1919 5488">
     <span class='ocr_line' id='line_1_87' title="bbox 332 5422 1919 5488; baseline -0.001 -9"><span class='ocrx_word' id='word_1_614' title='bbox 332 5422 649 5480; x_wconf 81' lang='lat' dir='ltr'><strong>studebant</strong></span> <span class='ocrx_word' id='word_1_615' title='bbox 672 5424 1230 5480; x_wconf 82' lang='lat' dir='ltr'><strong>utresurrectionem</strong></span> <span class='ocrx_word' id='word_1_616' title='bbox 1270 5422 1549 5488; x_wconf 87' lang='lat' dir='ltr'><strong>celarent,</strong></span> <span class='ocrx_word' id='word_1_617' title='bbox 1582 5430 1642 5478; x_wconf 91' lang='lat' dir='ltr'><strong>et</strong></span> <span class='ocrx_word' id='word_1_618' title='bbox 1686 5422 1919 5477; x_wconf 87' lang='lat' dir='ltr'><strong>multam</strong></span> 
     </span>
    </p>
   </div>
   <div class='ocr_carea' id='block_1_88' title="bbox 419 5611 1589 5687">
    <p class='ocr_par' dir='ltr' id='par_1_88' title="bbox 419 5611 1589 5687">
     <span class='ocr_line' id='line_1_88' title="bbox 419 5611 1589 5687; baseline -0.009 -11"><span class='ocrx_word' id='word_1_619' title='bbox 419 5622 440 5654; x_wconf 85' lang='lat'><strong>&#39;</strong></span> <span class='ocrx_word' id='word_1_620' title='bbox 462 5621 621 5676; x_wconf 85' lang='lat' dir='ltr'><strong>Joan.</strong></span> <span class='ocrx_word' id='word_1_621' title='bbox 651 5634 761 5679; x_wconf 68' lang='grc' dir='ltr'><strong>ιιι,</strong></span> <span class='ocrx_word' id='word_1_622' title='bbox 784 5620 875 5673; x_wconf 68' lang='lat'><strong>32.</strong></span> <span class='ocrx_word' id='word_1_623' title='bbox 950 5618 972 5650; x_wconf 80' lang='grc'>⁸</span> <span class='ocrx_word' id='word_1_624' title='bbox 1002 5614 1196 5671; x_wconf 82' lang='lat' dir='ltr'><strong>Matth.</strong></span> <span class='ocrx_word' id='word_1_625' title='bbox 1263 5630 1407 5671; x_wconf 76' lang='lat' dir='ltr'><strong>xxvn</strong></span> <span class='ocrx_word' id='word_1_626' title='bbox 1430 5662 1446 5687; x_wconf 90' lang='lat'><strong>,</strong></span> <span class='ocrx_word' id='word_1_627' title='bbox 1501 5611 1589 5669; x_wconf 78' lang='lat'><strong>65.</strong></span> 
     </span>
    </p>
   </div>
   <div class='ocr_carea' id='block_1_89' title="bbox 332 5687 1772 5760">
    <p class='ocr_par' dir='ltr' id='par_1_89' title="bbox 332 5687 1772 5760">
     <span class='ocr_line' id='line_1_89' title="bbox 332 5687 1772 5760; baseline -0.006 -11"><span class='ocrx_word' id='word_1_628' title='bbox 332 5706 424 5760; x_wconf 76' lang='lat' dir='ltr'><strong>ﬂ,</strong></span> <span class='ocrx_word' id='word_1_629' title='bbox 461 5691 514 5748; x_wconf 87' lang='lat'><strong>9.</strong></span> <span class='ocrx_word' id='word_1_630' title='bbox 593 5692 637 5723; x_wconf 82' lang='lat'><strong>“</strong></span> <span class='ocrx_word' id='word_1_631' title='bbox 700 5690 906 5747; x_wconf 80' lang='lat' dir='ltr'><strong>Jcrem.</strong></span> <span class='ocrx_word' id='word_1_632' title='bbox 942 5703 1068 5753; x_wconf 72' lang='lat' dir='ltr'><strong>xxx,</strong></span> <span class='ocrx_word' id='word_1_633' title='bbox 1112 5691 1191 5742; x_wconf 80' lang='lat' dir='ltr'><strong>tti.</strong></span> <span class='ocrx_word' id='word_1_634' title='bbox 1270 5689 1310 5719; x_wconf 81' lang='lat'>“</span> <span class='ocrx_word' id='word_1_635' title='bbox 1370 5689 1530 5742; x_wconf 72' lang='lat' dir='ltr'><strong>lium.</strong></span> <span class='ocrx_word' id='word_1_636' title='bbox 1581 5704 1690 5752; x_wconf 77' lang='lat' dir='ltr'><strong>xiv,</strong></span> <span class='ocrx_word' id='word_1_637' title='bbox 1719 5687 1772 5743; x_wconf 88' lang='lat'><strong>9.</strong></span> 
     </span>
    </p>
   </div>
   <div class='ocr_carea' id='block_1_90' title="bbox 1994 3127 3569 3200">
    <p class='ocr_par' dir='ltr' id='par_1_90' title="bbox 1994 3127 3569 3200">
     <span class='ocr_line' id='line_1_90' title="bbox 1994 3127 3569 3200; baseline -0.004 -8"><span class='ocrx_word' id='word_1_638' title='bbox 1994 3136 2180 3192; x_wconf 91' lang='lat' dir='ltr'><strong>nidem</strong></span> <span class='ocrx_word' id='word_1_639' title='bbox 2204 3133 2624 3195; x_wconf 89' lang='lat' dir='ltr'><strong>detinebantur,</strong></span> <span class='ocrx_word' id='word_1_640' title='bbox 2662 3128 2953 3193; x_wconf 89' lang='lat' dir='ltr'><strong>liberavit;</strong></span> <span class='ocrx_word' id='word_1_641' title='bbox 2986 3135 3036 3183; x_wconf 91' lang='lat' dir='ltr'><strong>et</strong></span> <span class='ocrx_word' id='word_1_642' title='bbox 3062 3127 3297 3183; x_wconf 88' lang='lat' dir='ltr'><strong>fortasse</strong></span> <span class='ocrx_word' id='word_1_643' title='bbox 3328 3144 3438 3183; x_wconf 89' lang='lat' dir='ltr'><strong>non</strong></span> <span class='ocrx_word' id='word_1_644' title='bbox 3470 3145 3569 3200; x_wconf 87' lang='lat' dir='ltr'><strong>per</strong></span> 
     </span>
    </p>
   </div>
   <div class='ocr_carea' id='block_1_91' title="bbox 2001 3219 3567 3300">
    <p class='ocr_par' dir='ltr' id='par_1_91' title="bbox 2001 3219 3567 3300">
     <span class='ocr_line' id='line_1_91' title="bbox 2001 3219 3567 3300; baseline -0.004 -17"><span class='ocrx_word' id='word_1_645' title='bbox 2001 3227 2371 3300; x_wconf 88' lang='lat' dir='ltr'><strong>tyrannidem,</strong></span> <span class='ocrx_word' id='word_1_646' title='bbox 2396 3223 2491 3279; x_wconf 89' lang='lat' dir='ltr'><strong>sed</strong></span> <span class='ocrx_word' id='word_1_647' title='bbox 2526 3238 2627 3294; x_wconf 93' lang='lat' dir='ltr'><strong>pro</strong></span> <span class='ocrx_word' id='word_1_648' title='bbox 2655 3221 2847 3276; x_wconf 91' lang='lat' dir='ltr'><strong>multis</strong></span> <span class='ocrx_word' id='word_1_649' title='bbox 2876 3220 3080 3275; x_wconf 86' lang='lat' dir='ltr'><strong>debitis</strong></span> <span class='ocrx_word' id='word_1_650' title='bbox 3131 3219 3567 3288; x_wconf 80' lang='lat' dir='ltr'><strong>detinebantur;</strong></span> 
     </span>
    </p>
   </div>
   <div class='ocr_carea' id='block_1_92' title="bbox 1993 3311 3569 3390">
    <p class='ocr_par' dir='ltr' id='par_1_92' title="bbox 1993 3311 3569 3390">
     <span class='ocr_line' id='line_1_92' title="bbox 1993 3311 3569 3390; baseline -0.005 -17"><span class='ocrx_word' id='word_1_651' title='bbox 1993 3319 2200 3390; x_wconf 87' lang='lat' dir='ltr'><strong>quibus</strong></span> <span class='ocrx_word' id='word_1_652' title='bbox 2257 3315 2588 3388; x_wconf 88' lang='lat' dir='ltr'><strong>persolutis,</strong></span> <span class='ocrx_word' id='word_1_653' title='bbox 2618 3313 2713 3384; x_wconf 84' lang='lat' dir='ltr'><strong>qui</strong></span> <span class='ocrx_word' id='word_1_654' title='bbox 2756 3319 2986 3383; x_wconf 90' lang='lat' dir='ltr'><strong>pr0pter</strong></span> <span class='ocrx_word' id='word_1_655' title='bbox 3030 3311 3422 3367; x_wconf 86' lang='lat' dir='ltr'><strong>liberationem</strong></span> <span class='ocrx_word' id='word_1_656' title='bbox 3470 3312 3569 3367; x_wconf 84' lang='lat' dir='ltr'><strong>de-</strong></span> 
     </span>
    </p>
   </div>
   <div class='ocr_carea' id='block_1_93' title="bbox 1996 3404 3573 3475">
    <p class='ocr_par' dir='ltr' id='par_1_93' title="bbox 1996 3404 3573 3475">
     <span class='ocr_line' id='line_1_93' title="bbox 1996 3404 3573 3475; baseline -0.005 -9"><span class='ocrx_word' id='word_1_657' title='bbox 1996 3410 2308 3475; x_wconf 88' lang='lat' dir='ltr'><strong>scenderat,</strong></span> <span class='ocrx_word' id='word_1_658' title='bbox 2368 3406 2594 3462; x_wconf 80' lang='lat' dir='ltr'><strong>reduxit</strong></span> <span class='ocrx_word' id='word_1_659' title='bbox 2658 3420 2911 3475; x_wconf 86' lang='lat' dir='ltr'><strong>magnam</strong></span> <span class='ocrx_word' id='word_1_660' title='bbox 2948 3405 3162 3474; x_wconf 87' lang='lat' dir='ltr'><strong>copiam</strong></span> <span class='ocrx_word' id='word_1_661' title='bbox 3206 3404 3573 3475; x_wconf 81' lang='lat' dir='ltr'><strong>captivorum.</strong></span> 
     </span>
    </p>
   </div>
   <div class='ocr_carea' id='block_1_94' title="bbox 1995 3497 3578 3574">
    <p class='ocr_par' dir='ltr' id='par_1_94' title="bbox 1995 3497 3578 3574">
     <span class='ocr_line' id='line_1_94' title="bbox 1995 3497 3578 3574; baseline -0.003 -18"><span class='ocrx_word' id='word_1_662' title='bbox 1995 3501 2333 3574; x_wconf 90' lang='lat' dir='ltr'><strong>promittens</strong></span> <span class='ocrx_word' id='word_1_663' title='bbox 2373 3499 2554 3569; x_wconf 88' lang='lat' dir='ltr'><strong>ipsum</strong></span> <span class='ocrx_word' id='word_1_664' title='bbox 2602 3497 2771 3552; x_wconf 88' lang='lat' dir='ltr'><strong>etiam</strong></span> <span class='ocrx_word' id='word_1_665' title='bbox 2827 3497 3128 3566; x_wconf 91' lang='lat' dir='ltr'><strong>aliquando</strong></span> <span class='ocrx_word' id='word_1_666' title='bbox 3175 3498 3273 3568; x_wconf 87' lang='lat' dir='ltr'><strong>qui</strong></span> <span class='ocrx_word' id='word_1_667' title='bbox 3328 3498 3578 3569; x_wconf 83' lang='lat' dir='ltr'><strong>captivos</strong></span> 
     </span>
    </p>
   </div>
   <div class='ocr_carea' id='block_1_95' title="bbox 1998 3589 3576 3662">
    <p class='ocr_par' dir='ltr' id='par_1_95' title="bbox 1998 3589 3576 3662">
     <span class='ocr_line' id='line_1_95' title="bbox 1998 3589 3576 3662; baseline -0.003 -11"><span class='ocrx_word' id='word_1_668' title='bbox 1998 3595 2258 3658; x_wconf 83' lang='lat' dir='ltr'><strong>duxerat,</strong></span> <span class='ocrx_word' id='word_1_669' title='bbox 2316 3590 2596 3662; x_wconf 88' lang='lat' dir='ltr'><strong>captivum</strong></span> <span class='ocrx_word' id='word_1_670' title='bbox 2626 3598 2683 3644; x_wconf 89' lang='lat' dir='ltr'><strong>et</strong></span> <span class='ocrx_word' id='word_1_671' title='bbox 2741 3604 2963 3645; x_wconf 88' lang='lat' dir='ltr'><strong>servum</strong></span> <span class='ocrx_word' id='word_1_672' title='bbox 3014 3589 3388 3657; x_wconf 90' lang='lat' dir='ltr'><strong>habiturum;</strong></span> <span class='ocrx_word' id='word_1_673' title='bbox 3424 3591 3576 3646; x_wconf 87' lang='lat' dir='ltr'><strong>illum</strong></span> 
     </span>
    </p>
   </div>
   <div class='ocr_carea' id='block_1_96' title="bbox 2000 3680 3582 3754">
    <p class='ocr_par' dir='ltr' id='par_1_96' title="bbox 2000 3680 3582 3754">
     <span class='ocr_line' id='line_1_96' title="bbox 2000 3680 3582 3754; baseline -0.001 -14"><span class='ocrx_word' id='word_1_674' title='bbox 2000 3685 2145 3750; x_wconf 87' lang='lat' dir='ltr'><strong>dico,</strong></span> <span class='ocrx_word' id='word_1_675' title='bbox 2171 3683 2266 3754; x_wconf 89' lang='lat' dir='ltr'><strong>qui</strong></span> <span class='ocrx_word' id='word_1_676' title='bbox 2294 3683 2458 3754; x_wconf 90' lang='lat' dir='ltr'><strong>paulo</strong></span> <span class='ocrx_word' id='word_1_677' title='bbox 2515 3689 2645 3735; x_wconf 89' lang='lat' dir='ltr'><strong>ante</strong></span> <span class='ocrx_word' id='word_1_678' title='bbox 2692 3680 2959 3736; x_wconf 88' lang='lat' dir='ltr'><strong>dominus</strong></span> <span class='ocrx_word' id='word_1_679' title='bbox 3014 3681 3333 3749; x_wconf 84' lang='lat' dir='ltr'><strong>putabatur.</strong></span> <span class='ocrx_word' id='word_1_680' title='bbox 3401 3683 3582 3738; x_wconf 83' lang='lat' dir='ltr'><strong>Erunt</strong></span> 
     </span>
    </p>
   </div>
   <div class='ocr_carea' id='block_1_97' title="bbox 2002 3773 3583 3847">
    <p class='ocr_par' dir='ltr' id='par_1_97' title="bbox 2002 3773 3583 3847">
     <span class='ocr_line' id='line_1_97' title="bbox 2002 3773 3583 3847; baseline -0.004 -12"><span class='ocrx_word' id='word_1_681' title='bbox 2002 3779 2173 3844; x_wconf 90' lang='lat' dir='ltr'><strong>enim,</strong></span> <span class='ocrx_word' id='word_1_682' title='bbox 2202 3776 2406 3847; x_wconf 87' lang='lat' dir='ltr'><strong>inquit,</strong></span> <span class='ocrx_word' id='word_1_683' title='bbox 2434 3774 2650 3844; x_wconf 85' lang='lat' dir='ltr'><strong>captivi,</strong></span> <span class='ocrx_word' id='word_1_684' title='bbox 2682 3773 2773 3844; x_wconf 86' lang='lat' dir='ltr'><strong>qui</strong></span> <span class='ocrx_word' id='word_1_685' title='bbox 2803 3788 2891 3826; x_wconf 82' lang='lat' dir='ltr'><strong>vos</strong></span> <span class='ocrx_word' id='word_1_686' title='bbox 2923 3774 3157 3842; x_wconf 83' lang='lat' dir='ltr'><strong>captivos</strong></span> <span class='ocrx_word' id='word_1_687' title='bbox 3201 3774 3501 3840; x_wconf 72' lang='lat' dir='ltr'><strong>duxerunt;</strong></span> <span class='ocrx_word' id='word_1_688' title='bbox 3532 3787 3583 3829; x_wconf 80' lang='lat' dir='ltr'><strong>et</strong></span> 
     </span>
    </p>
   </div>
   <div class='ocr_carea' id='block_1_98' title="bbox 2002 3863 3374 3934">
    <p class='ocr_par' dir='ltr' id='par_1_98' title="bbox 2002 3863 3374 3934">
     <span class='ocr_line' id='line_1_98' title="bbox 2002 3863 3374 3934; baseline -0.004 -9"><span class='ocrx_word' id='word_1_689' title='bbox 2002 3871 2334 3925; x_wconf 86' lang='lat' dir='ltr'><strong>dominatum</strong></span> <span class='ocrx_word' id='word_1_690' title='bbox 2360 3866 2625 3930; x_wconf 81' lang='lat' dir='ltr'><strong>subibunt,</strong></span> <span class='ocrx_word' id='word_1_691' title='bbox 2664 3864 2753 3934; x_wconf 85' lang='lat' dir='ltr'><strong>qui</strong></span> <span class='ocrx_word' id='word_1_692' title='bbox 2779 3863 2916 3919; x_wconf 84' lang='lat' dir='ltr'><strong>vobis</strong></span> <span class='ocrx_word' id='word_1_693' title='bbox 2939 3863 3285 3920; x_wconf 85' lang='lat' dir='ltr'><strong>dominantur</strong></span> <span class='ocrx_word' id='word_1_694' title='bbox 3311 3867 3374 3920; x_wconf 87' lang='grc'><strong>¹⁰.</strong></span> 
     </span>
    </p>
   </div>
   <div class='ocr_carea' id='block_1_99' title="bbox 2073 3956 3584 4023">
    <p class='ocr_par' dir='ltr' id='par_1_99' title="bbox 2073 3956 3584 4023">
     <span class='ocr_line' id='line_1_99' title="bbox 2073 3956 3584 4023; baseline -0.004 -5"><span class='ocrx_word' id='word_1_695' title='bbox 2073 3962 2161 4018; x_wconf 77' lang='lat' dir='ltr'><strong>Vl.</strong></span> <span class='ocrx_word' id='word_1_696' title='bbox 2204 3960 2285 4015; x_wconf 82' lang='lat' dir='ltr'><strong>Ad</strong></span> <span class='ocrx_word' id='word_1_697' title='bbox 2324 3961 2418 4014; x_wconf 80' lang='lat' dir='ltr'><strong>hoc</strong></span> <span class='ocrx_word' id='word_1_698' title='bbox 2452 3956 2690 4013; x_wconf 84' lang='lat' dir='ltr'><strong>Christus</strong></span> <span class='ocrx_word' id='word_1_699' title='bbox 2740 3962 2979 4011; x_wconf 87' lang='lat' dir='ltr'><strong>mortuus</strong></span> <span class='ocrx_word' id='word_1_700' title='bbox 3024 3963 3101 4010; x_wconf 79' lang='lat' dir='ltr'><strong>est</strong></span> <span class='ocrx_word' id='word_1_701' title='bbox 3157 3965 3208 4010; x_wconf 87' lang='lat' dir='ltr'><strong>et</strong></span> <span class='ocrx_word' id='word_1_702' title='bbox 3258 3959 3409 4023; x_wconf 78' lang='lat' dir='ltr'><strong>uixit,</strong></span> <span class='ocrx_word' id='word_1_703' title='bbox 3445 3968 3501 4012; x_wconf 90' lang='lat' dir='ltr'><strong>ut</strong></span> <span class='ocrx_word' id='word_1_704' title='bbox 3536 3969 3584 4012; x_wconf 83' lang='lat' dir='ltr'><strong>et</strong></span> 
     </span>
    </p>
   </div>
   <div class='ocr_carea' id='block_1_100' title="bbox 2005 4045 3584 4110">
    <p class='ocr_par' dir='ltr' id='par_1_100' title="bbox 2005 4045 3584 4110">
     <span class='ocr_line' id='line_1_100' title="bbox 2005 4045 3584 4110; baseline -0.004 -1"><span class='ocrx_word' id='word_1_705' title='bbox 2005 4062 2335 4110; x_wconf 86' lang='lat' dir='ltr'><strong>mortuorum</strong></span> <span class='ocrx_word' id='word_1_706' title='bbox 2369 4056 2419 4103; x_wconf 86' lang='lat' dir='ltr'><strong>et</strong></span> <span class='ocrx_word' id='word_1_707' title='bbox 2444 4049 2681 4102; x_wconf 84' lang='lat' dir='ltr'><strong>vivorum</strong></span> <span class='ocrx_word' id='word_1_708' title='bbox 2704 4045 2960 4100; x_wconf 76' lang='lat' dir='ltr'><strong>Dominus</strong></span> <span class='ocrx_word' id='word_1_709' title='bbox 3015 4047 3085 4101; x_wconf 84' lang='lat' dir='ltr'><strong>sit</strong></span> <span class='ocrx_word' id='word_1_710' title='bbox 3111 4047 3178 4100; x_wconf 82' lang='grc'><strong>¹¹.</strong></span> <span class='ocrx_word' id='word_1_711' title='bbox 3221 4046 3328 4102; x_wconf 89' lang='lat' dir='ltr'><strong>Sed</strong></span> <span class='ocrx_word' id='word_1_712' title='bbox 3371 4065 3476 4103; x_wconf 84' lang='lat' dir='ltr'><strong>non</strong></span> <span class='ocrx_word' id='word_1_713' title='bbox 3506 4058 3584 4105; x_wconf 82' lang='lat' dir='ltr'><strong>est</strong></span> 
     </span>
    </p>
   </div>
   <div class='ocr_carea' id='block_1_101' title="bbox 2007 4135 3588 4210">
    <p class='ocr_par' dir='ltr' id='par_1_101' title="bbox 2007 4135 3588 4210">
     <span class='ocr_line' id='line_1_101' title="bbox 2007 4135 3588 4210; baseline -0.001 -13"><span class='ocrx_word' id='word_1_714' title='bbox 2007 4143 2171 4206; x_wconf 84' lang='lat' dir='ltr'><strong>Deus,</strong></span> <span class='ocrx_word' id='word_1_715' title='bbox 2226 4139 2369 4193; x_wconf 86' lang='lat' dir='ltr'><strong>Deus</strong></span> <span class='ocrx_word' id='word_1_716' title='bbox 2417 4143 2778 4198; x_wconf 83' lang='lat' dir='ltr'><strong>mortuorum,</strong></span> <span class='ocrx_word' id='word_1_717' title='bbox 2827 4135 2918 4188; x_wconf 83' lang='lat' dir='ltr'><strong>sed</strong></span> <span class='ocrx_word' id='word_1_718' title='bbox 2961 4137 3248 4192; x_wconf 84' lang='lat' dir='ltr'><strong>viventium</strong></span> <span class='ocrx_word' id='word_1_719' title='bbox 3306 4140 3366 4194; x_wconf 82' lang='lat'><strong>&quot;.</strong></span> <span class='ocrx_word' id='word_1_720' title='bbox 3414 4138 3588 4210; x_wconf 80' lang='lat' dir='ltr'><strong>Igitur</strong></span> 
     </span>
    </p>
   </div>
   <div class='ocr_carea' id='block_1_102' title="bbox 2007 4225 3580 4300">
    <p class='ocr_par' dir='ltr' id='par_1_102' title="bbox 2007 4225 3580 4300">
     <span class='ocr_line' id='line_1_102' title="bbox 2007 4225 3580 4300; baseline -0.004 -9"><span class='ocrx_word' id='word_1_721' title='bbox 2007 4232 2211 4291; x_wconf 89' lang='lat' dir='ltr'><strong>mortui</strong></span> <span class='ocrx_word' id='word_1_722' title='bbox 2232 4229 2456 4300; x_wconf 91' lang='lat' dir='ltr'><strong>quibus,</strong></span> <span class='ocrx_word' id='word_1_723' title='bbox 2493 4227 2588 4297; x_wconf 89' lang='lat' dir='ltr'><strong>qui</strong></span> <span class='ocrx_word' id='word_1_724' title='bbox 2616 4225 2776 4289; x_wconf 83' lang='lat' dir='ltr'><strong>vixit,</strong></span> <span class='ocrx_word' id='word_1_725' title='bbox 2810 4226 3149 4291; x_wconf 87' lang='lat' dir='ltr'><strong>dominatur,</strong></span> <span class='ocrx_word' id='word_1_726' title='bbox 3183 4243 3296 4282; x_wconf 88' lang='lat' dir='ltr'><strong>non</strong></span> <span class='ocrx_word' id='word_1_727' title='bbox 3315 4238 3580 4285; x_wconf 87' lang='lat' dir='ltr'><strong>suntam-</strong></span> 
     </span>
    </p>
   </div>
   <div class='ocr_carea' id='block_1_103' title="bbox 2010 4304 3591 4400">
    <p class='ocr_par' dir='ltr' id='par_1_103' title="bbox 2010 4304 3591 4400">
     <span class='ocr_line' id='line_1_103' title="bbox 2010 4304 3591 4400; baseline -0.002 -18"><span class='ocrx_word' id='word_1_728' title='bbox 2010 4327 2157 4400; x_wconf 88' lang='lat' dir='ltr'><strong>plius</strong></span> <span class='ocrx_word' id='word_1_729' title='bbox 2209 4321 2412 4378; x_wconf 89' lang='lat' dir='ltr'><strong>mortui</strong></span> <span class='ocrx_word' id='word_1_730' title='bbox 2441 4360 2455 4384; x_wconf 91' lang='lat'><strong>,</strong></span> <span class='ocrx_word' id='word_1_731' title='bbox 2501 4317 2600 4373; x_wconf 89' lang='lat' dir='ltr'><strong>sed</strong></span> <span class='ocrx_word' id='word_1_732' title='bbox 2635 4304 2915 4384; x_wconf 80' lang='lat' dir='ltr'><strong>viventes;</strong></span> <span class='ocrx_word' id='word_1_733' title='bbox 2949 4330 3005 4375; x_wconf 81' lang='lat' dir='ltr'><strong>et</strong></span> <span class='ocrx_word' id='word_1_734' title='bbox 3035 4318 3243 4376; x_wconf 87' lang='lat' dir='ltr'><strong>idcirco</strong></span> <span class='ocrx_word' id='word_1_735' title='bbox 3270 4322 3591 4380; x_wconf 90' lang='lat' dir='ltr'><strong>dominatur</strong></span> 
     </span>
    </p>
   </div>
   <div class='ocr_carea' id='block_1_104' title="bbox 2013 4412 3589 4481">
    <p class='ocr_par' dir='ltr' id='par_1_104' title="bbox 2013 4412 3589 4481">
     <span class='ocr_line' id='line_1_104' title="bbox 2013 4412 3589 4481; baseline -0.003 -7"><span class='ocrx_word' id='word_1_736' title='bbox 2013 4422 2096 4474; x_wconf 89' lang='lat' dir='ltr'><strong>eis</strong></span> <span class='ocrx_word' id='word_1_737' title='bbox 2126 4416 2259 4479; x_wconf 88' lang='lat' dir='ltr'><strong>vita,</strong></span> <span class='ocrx_word' id='word_1_738' title='bbox 2314 4424 2376 4469; x_wconf 93' lang='lat' dir='ltr'><strong>ut</strong></span> <span class='ocrx_word' id='word_1_739' title='bbox 2398 4413 2609 4476; x_wconf 86' lang='lat' dir='ltr'><strong>vivant,</strong></span> <span class='ocrx_word' id='word_1_740' title='bbox 2642 4425 2753 4464; x_wconf 85' lang='lat' dir='ltr'><strong>non</strong></span> <span class='ocrx_word' id='word_1_741' title='bbox 2789 4412 3027 4481; x_wconf 89' lang='lat' dir='ltr'><strong>amplius</strong></span> <span class='ocrx_word' id='word_1_742' title='bbox 3063 4423 3297 4467; x_wconf 75' lang='lat' dir='ltr'><strong>inertem</strong></span> <span class='ocrx_word' id='word_1_743' title='bbox 3332 4422 3589 4470; x_wconf 86' lang='lat' dir='ltr'><strong>metuen-</strong></span> 
     </span>
    </p>
   </div>
   <div class='ocr_carea' id='block_1_105' title="bbox 2015 4505 3593 4593">
    <p class='ocr_par' dir='ltr' id='par_1_105' title="bbox 2015 4505 3593 4593">
     <span class='ocr_line' id='line_1_105' title="bbox 2015 4505 3593 4593; baseline -0.002 -29"><span class='ocrx_word' id='word_1_744' title='bbox 2015 4518 2119 4574; x_wconf 87' lang='lat' dir='ltr'><strong>tes,</strong></span> <span class='ocrx_word' id='word_1_745' title='bbox 2150 4509 2293 4563; x_wconf 88' lang='lat' dir='ltr'><strong>sicut</strong></span> <span class='ocrx_word' id='word_1_746' title='bbox 2316 4507 2556 4563; x_wconf 80' lang='lat' dir='ltr'><strong>Christus</strong></span> <span class='ocrx_word' id='word_1_747' title='bbox 2583 4509 2841 4562; x_wconf 67' lang='lat' dir='ltr'><strong>excitatus</strong></span> <span class='ocrx_word' id='word_1_748' title='bbox 2881 4523 2911 4593; x_wconf 64' lang='grc' dir='ltr'><em>ᾳ</em></span> <span class='ocrx_word' id='word_1_749' title='bbox 2946 4506 3192 4569; x_wconf 85' lang='lat' dir='ltr'><strong>mortuis,</strong></span> <span class='ocrx_word' id='word_1_750' title='bbox 3223 4522 3329 4559; x_wconf 84' lang='lat' dir='ltr'><strong>non</strong></span> <span class='ocrx_word' id='word_1_751' title='bbox 3360 4505 3593 4577; x_wconf 81' lang='lat' dir='ltr'><strong>amplius</strong></span> 
     </span>
    </p>
   </div>
   <div class='ocr_carea' id='block_1_106' title="bbox 2016 4598 3592 4667">
    <p class='ocr_par' dir='ltr' id='par_1_106' title="bbox 2016 4598 3592 4667">
     <span class='ocr_line' id='line_1_106' title="bbox 2016 4598 3592 4667; baseline -0.004 -8"><span class='ocrx_word' id='word_1_752' title='bbox 2016 4603 2242 4659; x_wconf 89' lang='lat' dir='ltr'><strong>moritur</strong></span> <span class='ocrx_word' id='word_1_753' title='bbox 2268 4602 2346 4655; x_wconf 71' lang='lat' dir='ltr'><strong>ta:</strong></span> <span class='ocrx_word' id='word_1_754' title='bbox 2384 4600 2465 4655; x_wconf 90' lang='lat' dir='ltr'><strong>sic</strong></span> <span class='ocrx_word' id='word_1_755' title='bbox 2488 4598 2741 4654; x_wconf 83' lang='lat' dir='ltr'><strong>suscitati</strong></span> <span class='ocrx_word' id='word_1_756' title='bbox 2791 4605 2847 4651; x_wconf 88' lang='lat' dir='ltr'><strong>et</strong></span> <span class='ocrx_word' id='word_1_757' title='bbox 2886 4612 2916 4651; x_wconf 87' lang='lat' dir='ltr'><strong>a</strong></span> <span class='ocrx_word' id='word_1_758' title='bbox 2961 4599 3321 4667; x_wconf 78' lang='lat' dir='ltr'><strong>corruptione</strong></span> <span class='ocrx_word' id='word_1_759' title='bbox 3348 4598 3592 4665; x_wconf 80' lang='lat' dir='ltr'><strong>liberati,</strong></span> 
     </span>
    </p>
   </div>
   <div class='ocr_carea' id='block_1_107' title="bbox 2017 4687 3596 4761">
    <p class='ocr_par' dir='ltr' id='par_1_107' title="bbox 2017 4687 3596 4761">
     <span class='ocr_line' id='line_1_107' title="bbox 2017 4687 3596 4761; baseline -0.001 -15"><span class='ocrx_word' id='word_1_760' title='bbox 2017 4706 2127 4747; x_wconf 91' lang='lat' dir='ltr'><strong>non</strong></span> <span class='ocrx_word' id='word_1_761' title='bbox 2150 4690 2388 4761; x_wconf 87' lang='lat' dir='ltr'><strong>amplius</strong></span> <span class='ocrx_word' id='word_1_762' title='bbox 2428 4699 2662 4745; x_wconf 86' lang='lat' dir='ltr'><strong>mortem</strong></span> <span class='ocrx_word' id='word_1_763' title='bbox 2714 4688 3006 4752; x_wconf 88' lang='lat' dir='ltr'><strong>videbunt,</strong></span> <span class='ocrx_word' id='word_1_764' title='bbox 3064 4687 3241 4742; x_wconf 86' lang='lat' dir='ltr'><strong>futuri</strong></span> <span class='ocrx_word' id='word_1_765' title='bbox 3292 4687 3596 4760; x_wconf 81' lang='lat' dir='ltr'><strong>participes</strong></span> 
     </span>
    </p>
   </div>
   <div class='ocr_carea' id='block_1_108' title="bbox 2016 4779 3595 4852">
    <p class='ocr_par' dir='ltr' id='par_1_108' title="bbox 2016 4779 3595 4852">
     <span class='ocr_line' id='line_1_108' title="bbox 2016 4779 3595 4852; baseline -0.001 -13"><span class='ocrx_word' id='word_1_766' title='bbox 2016 4781 2441 4841; x_wconf 87' lang='lat' dir='ltr'><strong>resurrectionis</strong></span> <span class='ocrx_word' id='word_1_767' title='bbox 2480 4779 2712 4843; x_wconf 90' lang='lat' dir='ltr'><strong>Christi,</strong></span> <span class='ocrx_word' id='word_1_768' title='bbox 2769 4780 2914 4834; x_wconf 89' lang='lat' dir='ltr'><strong>sicut</strong></span> <span class='ocrx_word' id='word_1_769' title='bbox 2975 4780 3093 4852; x_wconf 84' lang='lat' dir='ltr'><strong>ipse</strong></span> <span class='ocrx_word' id='word_1_770' title='bbox 3160 4782 3360 4836; x_wconf 88' lang='lat' dir='ltr'><strong>mortis</strong></span> <span class='ocrx_word' id='word_1_771' title='bbox 3397 4796 3595 4838; x_wconf 90' lang='lat' dir='ltr'><strong>eorum</strong></span> 
     </span>
    </p>
   </div>
   <div class='ocr_carea' id='block_1_109' title="bbox 2018 4854 3599 4944">
    <p class='ocr_par' dir='ltr' id='par_1_109' title="bbox 2018 4854 3599 4944">
     <span class='ocr_line' id='line_1_109' title="bbox 2018 4854 3599 4944; baseline 0.002 -17"><span class='ocrx_word' id='word_1_772' title='bbox 2018 4873 2302 4944; x_wconf 88' lang='lat' dir='ltr'><strong>particeps</strong></span> <span class='ocrx_word' id='word_1_773' title='bbox 2347 4872 2471 4928; x_wconf 87' lang='lat' dir='ltr'><strong>fuit.</strong></span> <span class='ocrx_word' id='word_1_774' title='bbox 2507 4872 2629 4929; x_wconf 84' lang='lat' dir='ltr'><strong>Non</strong></span> <span class='ocrx_word' id='word_1_775' title='bbox 2658 4872 2807 4928; x_wconf 87' lang='lat' dir='ltr'><strong>enim</strong></span> <span class='ocrx_word' id='word_1_776' title='bbox 2830 4872 2939 4928; x_wconf 87' lang='lat' dir='ltr'><strong>alia</strong></span> <span class='ocrx_word' id='word_1_777' title='bbox 2985 4872 3057 4929; x_wconf 90' lang='lat' dir='ltr'><strong>de</strong></span> <span class='ocrx_word' id='word_1_778' title='bbox 3103 4888 3269 4929; x_wconf 87' lang='lat' dir='ltr'><strong>causa</strong></span> <span class='ocrx_word' id='word_1_779' title='bbox 3303 4854 3599 4930; x_wconf 87' lang='lat' dir='ltr'><strong>descendit</strong></span> 
     </span>
    </p>
   </div>
   <div class='ocr_carea' id='block_1_110' title="bbox 2019 4962 3596 5039">
    <p class='ocr_par' dir='ltr' id='par_1_110' title="bbox 2019 4962 3596 5039">
     <span class='ocr_line' id='line_1_110' title="bbox 2019 4962 3596 5039; baseline 0.003 -19"><span class='ocrx_word' id='word_1_780' title='bbox 2019 4965 2077 5020; x_wconf 91' lang='lat' dir='ltr'><strong>in</strong></span> <span class='ocrx_word' id='word_1_781' title='bbox 2105 4973 2334 5031; x_wconf 87' lang='lat' dir='ltr'><strong>terram,</strong></span> <span class='ocrx_word' id='word_1_782' title='bbox 2366 4965 2528 5036; x_wconf 85' lang='lat' dir='ltr'><strong>cujus</strong></span> <span class='ocrx_word' id='word_1_783' title='bbox 2555 4973 2746 5019; x_wconf 86' lang='lat' dir='ltr'><strong>vectes</strong></span> <span class='ocrx_word' id='word_1_784' title='bbox 2775 4962 3093 5039; x_wconf 78' lang='lat' dir='ltr'><strong>detinentes</strong></span> <span class='ocrx_word' id='word_1_785' title='bbox 3122 4967 3342 5029; x_wconf 55' lang='lat' dir='ltr'><strong>&#39;attcrni,</strong></span> <span class='ocrx_word' id='word_1_786' title='bbox 3377 4966 3482 5020; x_wconf 91' lang='lat' dir='ltr'><strong>nisi</strong></span> <span class='ocrx_word' id='word_1_787' title='bbox 3536 4974 3596 5025; x_wconf 82' lang='lat' dir='ltr'><strong>ut</strong></span> 
     </span>
    </p>
   </div>
   <div class='ocr_carea' id='block_1_111' title="bbox 2020 5057 3601 5127">
    <p class='ocr_par' dir='ltr' id='par_1_111' title="bbox 2020 5057 3601 5127">
     <span class='ocr_line' id='line_1_111' title="bbox 2020 5057 3601 5127; baseline 0 -15"><span class='ocrx_word' id='word_1_788' title='bbox 2020 5073 2188 5112; x_wconf 66' lang='lat' dir='ltr'><strong>(creas</strong></span> <span class='ocrx_word' id='word_1_789' title='bbox 2222 5063 2408 5127; x_wconf 81' lang='lat' dir='ltr'><strong>portas</strong></span> <span class='ocrx_word' id='word_1_790' title='bbox 2458 5063 2752 5110; x_wconf 82' lang='lat' dir='ltr'><strong>contereret</strong></span> <span class='ocrx_word' id='word_1_791' title='bbox 2771 5062 2822 5109; x_wconf 84' lang='lat' dir='ltr'><strong>et</strong></span> <span class='ocrx_word' id='word_1_792' title='bbox 2871 5064 3038 5111; x_wconf 78' lang='lat' dir='ltr'><strong>vectes</strong></span> <span class='ocrx_word' id='word_1_793' title='bbox 3074 5063 3270 5126; x_wconf 66' lang='lat' dir='ltr'><strong>terrens</strong></span> <span class='ocrx_word' id='word_1_794' title='bbox 3297 5057 3601 5127; x_wconf 75' lang='lat' dir='ltr'><strong>confringa-</strong></span> 
     </span>
    </p>
   </div>
   <div class='ocr_carea' id='block_1_112' title="bbox 2021 5146 3605 5217">
    <p class='ocr_par' dir='ltr' id='par_1_112' title="bbox 2021 5146 3605 5217">
     <span class='ocr_line' id='line_1_112' title="bbox 2021 5146 3605 5217; baseline 0.001 -13"><span class='ocrx_word' id='word_1_795' title='bbox 2021 5156 2104 5204; x_wconf 83' lang='lat' dir='ltr'><strong>ret</strong></span> <span class='ocrx_word' id='word_1_796' title='bbox 2133 5146 2199 5213; x_wconf 75' lang='grc'><strong>³⁸,</strong></span> <span class='ocrx_word' id='word_1_797' title='bbox 2223 5154 2369 5202; x_wconf 88' lang='lat' dir='ltr'><strong>etut</strong></span> <span class='ocrx_word' id='word_1_798' title='bbox 2393 5161 2462 5201; x_wconf 81' lang='lat' dir='ltr'><strong>ex</strong></span> <span class='ocrx_word' id='word_1_799' title='bbox 2512 5146 2883 5217; x_wconf 88' lang='lat' dir='ltr'><strong>corruptione</strong></span> <span class='ocrx_word' id='word_1_800' title='bbox 2923 5147 3095 5202; x_wconf 86' lang='lat' dir='ltr'><strong>vitam</strong></span> <span class='ocrx_word' id='word_1_801' title='bbox 3146 5157 3396 5203; x_wconf 88' lang='lat' dir='ltr'><strong>nostram</strong></span> <span class='ocrx_word' id='word_1_802' title='bbox 3441 5148 3510 5203; x_wconf 83' lang='lat' dir='ltr'><strong>ad</strong></span> <span class='ocrx_word' id='word_1_803' title='bbox 3544 5164 3605 5206; x_wconf 90' lang='lat' dir='ltr'><strong>sc</strong></span> 
     </span>
    </p>
   </div>
   <div class='ocr_carea' id='block_1_113' title="bbox 2022 5237 3606 5310">
    <p class='ocr_par' dir='ltr' id='par_1_113' title="bbox 2022 5237 3606 5310">
     <span class='ocr_line' id='line_1_113' title="bbox 2022 5237 3606 5310; baseline -0.004 -16"><span class='ocrx_word' id='word_1_804' title='bbox 2022 5237 2205 5310; x_wconf 90' lang='lat' dir='ltr'><strong>ipsum</strong></span> <span class='ocrx_word' id='word_1_805' title='bbox 2235 5237 2525 5301; x_wconf 88' lang='lat' dir='ltr'><strong>educeret,</strong></span> <span class='ocrx_word' id='word_1_806' title='bbox 2556 5252 2659 5307; x_wconf 89' lang='lat' dir='ltr'><strong>pro</strong></span> <span class='ocrx_word' id='word_1_807' title='bbox 2688 5237 2960 5297; x_wconf 87' lang='lat' dir='ltr'><strong>servitute</strong></span> <span class='ocrx_word' id='word_1_808' title='bbox 3006 5237 3214 5294; x_wconf 83' lang='lat' dir='ltr'><strong>donata</strong></span> <span class='ocrx_word' id='word_1_809' title='bbox 3247 5239 3411 5295; x_wconf 88' lang='lat' dir='ltr'><strong>nobis</strong></span> <span class='ocrx_word' id='word_1_810' title='bbox 3437 5239 3606 5295; x_wconf 72' lang='lat' dir='ltr'><strong>liber—</strong></span> 
     </span>
    </p>
   </div>
   <div class='ocr_carea' id='block_1_114' title="bbox 2025 5314 3604 5399">
    <p class='ocr_par' dir='ltr' id='par_1_114' title="bbox 2025 5314 3604 5399">
     <span class='ocr_line' id='line_1_114' title="bbox 2025 5314 3604 5399; baseline -0.001 -14"><span class='ocrx_word' id='word_1_811' title='bbox 2025 5335 2161 5385; x_wconf 87' lang='lat' dir='ltr'><strong>tate.</strong></span> <span class='ocrx_word' id='word_1_812' title='bbox 2195 5326 2352 5394; x_wconf 88' lang='lat' dir='ltr'><strong>Quod</strong></span> <span class='ocrx_word' id='word_1_813' title='bbox 2379 5327 2427 5381; x_wconf 88' lang='lat' dir='ltr'><strong>si</strong></span> <span class='ocrx_word' id='word_1_814' title='bbox 2455 5327 2629 5396; x_wconf 82' lang='lat' dir='ltr'><strong>bujus</strong></span> <span class='ocrx_word' id='word_1_815' title='bbox 2653 5329 2984 5382; x_wconf 73' lang='lat' dir='ltr'><strong>meonomiae</strong></span> <span class='ocrx_word' id='word_1_816' title='bbox 3013 5343 3156 5398; x_wconf 89' lang='lat' dir='ltr'><strong>opus</strong></span> <span class='ocrx_word' id='word_1_817' title='bbox 3184 5328 3433 5382; x_wconf 91' lang='lat' dir='ltr'><strong>nondum</strong></span> <span class='ocrx_word' id='word_1_818' title='bbox 3472 5314 3604 5399; x_wconf 82' lang='lat' dir='ltr'><strong>per—</strong></span> 
     </span>
    </p>
   </div>
   <div class='ocr_carea' id='block_1_115' title="bbox 2028 5415 3606 5484">
    <p class='ocr_par' dir='ltr' id='par_1_115' title="bbox 2028 5415 3606 5484">
     <span class='ocr_line' id='line_1_115' title="bbox 2028 5415 3606 5484; baseline -0.001 -10"><span class='ocrx_word' id='word_1_819' title='bbox 2028 5417 2236 5474; x_wconf 88' lang='lat' dir='ltr'><strong>fectum</strong></span> <span class='ocrx_word' id='word_1_820' title='bbox 2276 5417 2526 5481; x_wconf 75' lang='lat' dir='ltr'><strong>videtur,</strong></span> <span class='ocrx_word' id='word_1_821' title='bbox 2567 5415 2753 5472; x_wconf 88' lang='lat' dir='ltr'><strong>adhuc</strong></span> <span class='ocrx_word' id='word_1_822' title='bbox 2789 5416 2940 5472; x_wconf 89' lang='lat' dir='ltr'><strong>enim</strong></span> <span class='ocrx_word' id='word_1_823' title='bbox 2973 5417 3236 5474; x_wconf 85' lang='lat' dir='ltr'><strong>homines</strong></span> <span class='ocrx_word' id='word_1_824' title='bbox 3266 5419 3606 5484; x_wconf 86' lang='lat' dir='ltr'><strong>moriuntur,</strong></span> 
     </span>
    </p>
   </div>
   <div class='ocr_carea' id='block_1_116' title="bbox 1671 5613 3614 5679">
    <p class='ocr_par' dir='ltr' id='par_1_116' title="bbox 1671 5613 3614 5679">
     <span class='ocr_line' id='line_1_116' title="bbox 1671 5613 3614 5679; baseline 0.004 -9"><span class='ocrx_word' id='word_1_825' title='bbox 1671 5617 1690 5647; x_wconf 88' lang='lat'><strong>&quot;</strong></span> <span class='ocrx_word' id='word_1_826' title='bbox 1721 5616 1917 5671; x_wconf 84' lang='lat' dir='ltr'><strong>Matth.</strong></span> <span class='ocrx_word' id='word_1_827' title='bbox 1959 5616 2224 5679; x_wconf 75' lang='lat' dir='ltr'><strong>xxvm,5,</strong></span> <span class='ocrx_word' id='word_1_828' title='bbox 2255 5614 2309 5669; x_wconf 89' lang='lat'><strong>6.</strong></span> <span class='ocrx_word' id='word_1_829' title='bbox 2386 5613 2574 5669; x_wconf 82' lang='lat' dir='ltr'><strong>&#39;ibid.</strong></span> <span class='ocrx_word' id='word_1_830' title='bbox 2614 5614 2703 5669; x_wconf 78' lang='grc'><strong>15.</strong></span> <span class='ocrx_word' id='word_1_831' title='bbox 2780 5613 3031 5670; x_wconf 80' lang='lat' dir='ltr'><strong>&#39;Coloss.</strong></span> <span class='ocrx_word' id='word_1_832' title='bbox 3085 5616 3239 5679; x_wconf 70' lang='lat'><strong>1,18.</strong></span> <span class='ocrx_word' id='word_1_833' title='bbox 3313 5618 3357 5651; x_wconf 82' lang='lat'><strong>&quot;</strong></span> <span class='ocrx_word' id='word_1_834' title='bbox 3407 5615 3614 5679; x_wconf 79' lang='lat' dir='ltr'><strong>Ephes.</strong></span> 
     </span>
    </p>
   </div>
   <div class='ocr_carea' id='block_1_117' title="bbox 1853 5634 3490 5751">
    <p class='ocr_par' dir='ltr' id='par_1_117' title="bbox 1853 5634 3490 5751">
     <span class='ocr_line' id='line_1_117' title="bbox 1853 5634 3490 5718; baseline 0.001 -47"><span class='ocrx_word' id='word_1_835' title='bbox 1853 5634 1917 5718; x_wconf 52' lang='lat'><strong>.3.</strong></span> <span class='ocrx_word' id='word_1_836' title='bbox 1959 5634 2145 5679; x_wconf 65' lang='lat' dir='ltr'><strong>XXVI&quot;,</strong></span> <span class='ocrx_word' id='word_1_837' title='bbox 2170 5634 2224 5677; x_wconf 73' lang='grc' dir='ltr'><strong>ὓ.</strong></span> <span class='ocrx_word' id='word_1_838' title='bbox 2255 5634 2309 5669; x_wconf 83' lang='grc' dir='ltr'><strong>ο.</strong></span> <span class='ocrx_word' id='word_1_839' title='bbox 2386 5634 2408 5646; x_wconf 84' lang='lat'>&#39;</span> <span class='ocrx_word' id='word_1_840' title='bbox 2434 5634 2574 5669; x_wconf 80' lang='grc' dir='ltr'><strong>ιυια.</strong></span> <span class='ocrx_word' id='word_1_841' title='bbox 2614 5634 2703 5669; x_wconf 80' lang='grc' dir='ltr'><strong>ιο.</strong></span> <span class='ocrx_word' id='word_1_842' title='bbox 2783 5634 3031 5670; x_wconf 66' lang='grc' dir='ltr'><strong>ὐοιοεδο</strong></span> <span class='ocrx_word' id='word_1_843' title='bbox 3085 5634 3124 5679; x_wconf 72' lang='grc' dir='ltr'><strong>ἰ,</strong></span> <span class='ocrx_word' id='word_1_844' title='bbox 3148 5634 3239 5675; x_wconf 80' lang='grc' dir='ltr'><strong>ιδ.</strong></span> <span class='ocrx_word' id='word_1_845' title='bbox 3314 5634 3357 5651; x_wconf 83' lang='grc'><strong>’“</strong></span> <span class='ocrx_word' id='word_1_846' title='bbox 3407 5634 3490 5689; x_wconf 68' lang='grc' dir='ltr'><strong>ΕΡ</strong></span> 
     </span>
     <span class='ocr_line' id='line_1_118' title="bbox 1936 5684 3398 5751; baseline 0.003 -10"><span class='ocrx_word' id='word_1_847' title='bbox 1936 5686 2070 5743; x_wconf 87' lang='lat' dir='ltr'><strong>Luc.</strong></span> <span class='ocrx_word' id='word_1_848' title='bbox 2102 5701 2192 5751; x_wconf 81' lang='lat' dir='ltr'><strong>xx,</strong></span> <span class='ocrx_word' id='word_1_849' title='bbox 2231 5684 2321 5741; x_wconf 77' lang='lat'><strong>58.</strong></span> <span class='ocrx_word' id='word_1_850' title='bbox 2415 5684 2457 5716; x_wconf 79' lang='lat'><strong>&quot;</strong></span> <span class='ocrx_word' id='word_1_851' title='bbox 2491 5684 2650 5740; x_wconf 80' lang='lat' dir='ltr'><strong>Rom.</strong></span> <span class='ocrx_word' id='word_1_852' title='bbox 2686 5686 2833 5751; x_wconf 81' lang='lat' dir='ltr'><strong>vt,9.</strong></span> <span class='ocrx_word' id='word_1_853' title='bbox 2913 5685 2956 5718; x_wconf 72' lang='lat'><strong>“</strong></span> <span class='ocrx_word' id='word_1_854' title='bbox 2991 5686 3266 5751; x_wconf 81' lang='lat' dir='ltr'><strong>Psal.cv1,</strong></span> <span class='ocrx_word' id='word_1_855' title='bbox 3311 5688 3398 5748; x_wconf 76' lang='grc'><strong>16.</strong></span> 
     </span>
    </p>
   </div>
   <div class='ocr_carea' id='block_1_118' title="bbox 2415 5684 3398 5753">
    <p class='ocr_par' dir='ltr' id='par_1_118' title="bbox 2415 5684 3398 5753">
     <span class='ocr_line' id='line_1_119' title="bbox 2415 5684 3398 5753; baseline 0.007 -14"><span class='ocrx_word' id='word_1_856' title='bbox 2415 5684 2457 5716; x_wconf 76' lang='grc'><strong>⁸³</strong></span> <span class='ocrx_word' id='word_1_857' title='bbox 2491 5684 2650 5740; x_wconf 80' lang='lat' dir='ltr'><strong>Rom.</strong></span> <span class='ocrx_word' id='word_1_858' title='bbox 2686 5686 2833 5751; x_wconf 81' lang='lat' dir='ltr'><strong>vt,9.</strong></span> <span class='ocrx_word' id='word_1_859' title='bbox 2913 5685 2956 5718; x_wconf 72' lang='lat'><strong>“</strong></span> <span class='ocrx_word' id='word_1_860' title='bbox 2991 5686 3266 5753; x_wconf 81' lang='lat' dir='ltr'><strong>Psal.cv1,</strong></span> <span class='ocrx_word' id='word_1_861' title='bbox 3311 5688 3398 5748; x_wconf 76' lang='grc'><strong>16.</strong></span> 
     </span>
    </p>
   </div>
  </div>
