4054 6312
591 222 600 235 ’
642 264 788 330 1359

1796 269 1858 329 S.
1900 268 2300 331 ANASTASII
2342 268 2816 333 ANTIOCHENI

3721 218 3923 339 '1360

642 386 700 435 et
728 376 1219 446 corporainteritu
1255 376 1670 443 dissolvuntur;
1698 377 1869 445 absit,
1902 389 1965 435 ut
2003 380 2111 436 hoc
2134 379 2229 435 fiat
2260 385 2301 443 Α
2332 381 2630 451 qualitates
2682 394 2885 451 capere
2941 385 3145 451 potest,
3188 380 3293 459 etsi
3340 395 3452 437 non
3486 396 3689 439 omnes
3724 384 3917 453 simul;

642 468 862 525 occasio
891 466 1156 539 perfidiae.
1185 467 1305 525 1am
1335 468 1492 524 enim
1522 478 1686 525 antea
1731 471 1983 527 omnium
2046 472 2226 527 bono-

643 579 766 619 rum
790 574 815 604 σ
840 579 964 635 quae
982 563 1132 619 dicta
1159 568 1311 629 sunt,
1343 562 1716 619 arrhabonem
1737 564 1970 621 tulimus
1992 580 2092 636 per
2109 564 2227 635 pri-

643 656 832 713 mitias
856 666 1208 727 nostras,per
1222 671 1367 727 quas
1394 656 1467 713 ad
1500 657 1861 714 altitudinem
1889 658 2018 715 cteli
2048 658 2227 714 evasi-

645 765 790 815 mus,
821 757 878 804 et
899 746 1261 803 consedimus
1286 748 1340 804 ei
1378 749 1475 820 qui
1507 765 1610 804 nos
1644 764 1837 804 secum
1894 751 1952 805 in
1989 749 2229 805 sublime

643 840 889 908 sustulit,
921 840 1086 897 sicuti
1110 841 1315 897 Paulus
1345 841 1588 913 quodam
1615 843 1738 899 loco
1766 843 1878 899 ait:
1914 843 1986 899 Et
2037 859 2229 898 conre-

643 936 934 999 snscitavit,
986 943 1036 989 et
1080 935 1351 989 considere
1402 953 1495 991 nos
1547 936 1669 1007 fecit
1722 938 1779 991 in
1829 937 2119 992 caelestibus
2170 938 2229 990 in

645 1026 851 1082 Christo
880 1026 942 1079 ⁸⁵.
980 1024 1247 1082 Feremus
1272 1035 1459 1082 autem
1507 1028 2068 1094 consummationem,
2098 1042 2223 1082 eum

645 1117 825 1173 aderit
852 1128 1072 1188 tempus
1093 1133 1123 1172 a
1161 1117 1323 1173 Patre
1348 1118 1706 1189 prmfinitum,
1741 1136 1868 1175 cum
1904 1136 2009 1176 nos
2040 1120 2228 1191 pueri-

648 1212 779 1264 tiam
826 1210 1193 1282 deponemus,
1260 1220 1317 1265 et
1371 1211 1427 1264 in
1475 1212 1648 1265 virum
1698 1211 1986 1282 perfectura
2032 1211 2231 1266 evade-

648 1317 770 1355 mus
805 1303 891 1354 η’.
932 1300 1049 1357 [loc
1071 1302 1221 1356 enim
1246 1300 1426 1356 visum
1470 1311 1557 1357 est
1584 1302 1735 1356 Patri
1782 1302 2134 1367 saeculorum,
2171 1308 2233 1356 ut

647 1391 868 1444 firmum
895 1389 968 1444 sit
995 1389 1185 1444 datum
1215 1404 1441 1455 munus,
1489 1398 1553 1444 et
1594 1406 1707 1445 non
1757 1407 1950 1447 rursus
1983 1399 2233 1447 contem—

642 1490 815 1537 natur
838 1488 1276 1550 repuerascenle
1298 1481 1485 1536 adhuc
1505 1491 1713 1539 mente.

718 1573 830 1629 γη.
894 1572 974 1627 Ne
1013 1571 1140 1642 quis
1196 1573 1363 1643 igitur
1393 1572 1680 1628 existimet
1732 1588 1844 1629 non
1887 1589 2013 1631 esse
2040 1574 2232 1631 datum

646 1665 1041 1729 arrhabonem,
1104 1680 1172 1719 ex
1205 1679 1295 1731 eo,
1325 1665 1471 1734 quod
1525 1665 1709 1721 adhuc
1756 1665 1911 1723 videt
1964 1668 2233 1738 quosdam

552 1792 555 1797 -
647 1759 935 1830 prioribus
962 1757 1170 1829 debitis
1202 1757 1477 1829 obligatos
1512 1757 1553 1812 τ.
1591 1757 1770 1814 Antea
1812 1760 1961 1814 enim
2018 1760 2236 1817 solutus

646 1865 752 1919 est,
777 1863 838 1909 ut
870 1853 1138 1919 diximus,
1174 1852 1439 1919 arrhabo,
1492 1853 1591 1924 qui
1616 1862 1800 1910 certos
1826 1853 1961 1911 facit
1989 1856 2057 1911 de
2081 1856 2236 1912 solu-

646 1948 799 2011 tione
830 1948 1007 2003 totius
1028 1930 1298 2002 summae:
1341 1945 1585 2001 arrhabo
1615 1961 1856 2017 namque
1884 1963 1996 2001 non
2015 1955 2103 2003 est
2124 1957 2235 2004 tota

648 2055 887 2105 summa,
945 2038 1044 2094 sed
1101 2054 1251 2110 pars,
1308 2053 1477 2109 quam
1540 2036 1766 2108 quidem
1827 2039 2032 2094 Paulus
2074 2049 2237 2095 vocat

647 2134 879 2203 enigma
917 2132 983 2186 ¹⁸.
1041 2130 1172 2187 Haec
1200 2145 1333 2187 vero
1367 2130 1553 2185 omnia
1607 2138 1740 2185 tunc
1788 2132 2232 2198 evacuabuntur,

646 2240 765 2276 eum
796 2223 898 2276 erit
934 2220 1075 2275 Deus
1101 2221 1285 2275 omnia
1321 2220 1377 2273 in
1400 2218 1641 2274 omnibus
1661 2221 1725 2273 ".
1759 2219 1928 2276 Vides
1952 2221 2097 2276 unde
2134 2237 2238 2277 nos

645 2312 881 2367 eduxit?
912 2322 1047 2366 sane
1074 2309 1304 2380 quidem
1341 2317 1398 2365 et
1434 2308 1670 2376 educet;
1707 2326 1859 2365 mors
1888 2311 2041 2365 enim
2077 2310 2238 2367 Chri-

645 2406 718 2462 sti
748 2406 891 2461 facta
944 2413 1032 2460 est
1077 2403 1191 2460 vita
1246 2403 1528 2460 mortuis:
1588 2404 1871 2459 contraria
1937 2406 2236 2462 contrariis

649 2506 825 2562 curat,
854 2497 950 2567 qui
1000 2506 1185 2567 potest
1232 2495 1520 2566 sapienter
1570 2495 1782 2551 morbis
1827 2497 2237 2554 insanabilibus

645 2589 881 2644 mederi.
904 2588 1016 2643 Sed
1042 2588 1211 2644 etiam
1263 2596 1657 2644 consummato
1712 2588 1980 2661 mysterio
2018 2590 2234 2653 mortis,

648 2692 708 2737 ut
735 2682 949 2737 dictum
997 2689 1104 2747 est,
1140 2688 1200 2736 el.
1234 2690 1412 2736 morte
1447 2697 1571 2752 quae
1600 2682 1656 2735 in
1711 2696 1943 2752 corpora
1996 2681 2238 2737 habebat

646 2775 963 2846 imperium,
984 2775 1335 2846 interempta,
1355 2782 1629 2846 potestate
1655 2776 1750 2831 Dei
1764 2792 1966 2847 corpus
1985 2786 2236 2835 nostrum

646 2867 851 2931 induti,
901 2876 1198 2938 postquam
1242 2866 1566 2937 sepulcrum
1616 2866 1707 2922 die
1736 2868 1920 2933 tertio,
1953 2869 2047 2940 qui
2105 2886 2236 2926 vere

634 2963 912 3017 'humatus
944 2958 1145 3025 fuerat,
1175 2958 1429 3029 reliquit,
1457 2959 1759 3029 oportebat
1783 2968 1843 3015 ut
1876 2977 2071 3017 rursus
2104 2978 2235 3017 cum

635 3064 881 3122 corpore
914 3057 1204 3120 assumpto
1231 3047 1302 3103 ad
1339 3048 1561 3105 Patrem
1616 3052 1713 3121 qui
1756 3052 2002 3121 miserat,
2045 3070 2237 3111 ascen-
2262 3083 2306 3140 ο

645 3145 825 3209 deret,
885 3142 986 3213 qui
1041 3139 1414 3197 descenderat
1464 3140 1534 3195 ad
1593 3142 1899 3199 tollendum
1945 3156 2234 3216 peccatum

642 3232 863 3290 mundi.
899 3231 1020 3288 Non
1049 3231 1200 3288 enim
1248 3240 1370 3287 erat
1412 3230 1477 3286 'in
1531 3240 1819 3303 posterum
1863 3244 2012 3292 terra
2080 3237 2238 3294 locus

638 3325 886 3380 idoneus
910 3331 964 3378 et
986 3331 1152 3393 aptus
1180 3322 1430 3393 corpori,
1469 3322 1619 3394 quod
1662 3326 2087 3383 crassitudinem
2114 3344 2238 3384 ear-

649 3432 807 3471 neam
836 3415 1198 3486 deposuerat,
1246 3421 1306 3470 et
1340 3430 1407 3469 ex
1456 3416 1810 3486 corruptibili
1860 3416 2071 3473 factum
2118 3429 2237 3475 erat

648 3504 1196 3576 incorruptibile,ex
1242 3503 1465 3559 mortali
1505 3504 1845 3572 immortale,
1891 3523 1959 3563 ex
2005 3508 2233 3563 animali

653 3597 966 3669 spirituale.
1016 3594 1174 3653 Sicut
1215 3595 1366 3652 enim
1412 3595 1572 3663 locus
1625 3606 1885 3653 terrenus
1934 3613 2234 3669 corporum

652 3689 997 3746 domicilium
1027 3696 1135 3754 est,
1194 3688 1277 3744 sic
1310 3687 1481 3744 'locus
1542 3688 1787 3744 caelestis
1835 3688 2231 3760 spiritualium.

648 3782 807 3852 Quod
853 3792 1039 3838 autem
1098 3794 1307 3852 corpus
1350 3779 1574 3835 Domini
1612 3779 1906 3849 spirituale
1967 3779 2232 3846 surrexit,

647 3875 780 3948 quid
821 3889 964 3946 opus
1004 3881 1089 3931 est
1115 3871 1328 3938 dicere,
1362 3886 1488 3928 cum
1538 3871 1743 3928 Paulus
1784 3870 1854 3928 de
1908 3872 2236 3943 corporibus

649 3974 909 4034 testetur,
939 3964 1197 4021 seminari
1219 3962 1485 4018 animalia
1507 3969 1565 4016 et
1583 3978 1800 4035 surgere
1815 3963 2123 4034 spiritualia
2150 3965 2192 3997 "
2217 3980 2232 4019 :

639 4056 1043 4129 transﬁgurata
1077 4053 1299 4110 scilicet
1323 4052 1391 4109 ad
1446 4052 1744 4124 gloriosam
1787 4054 2234 4126 transﬁguratio-

647 4167 774 4207 nem
805 4149 1015 4206 Christi
1045 4147 1205 4203 ducis
1232 4145 1580 4217 praeeuntis?
1600 4144 1890 4215 Siquidem
1918 4154 1973 4201 et
1999 4147 2236 4216 Aposto-

648 4244 732 4298 lus
755 4243 885 4308 hoc,
921 4238 1072 4312 quod
1108 4239 1274 4311 plane
1307 4236 1545 4302 sciebat,
1577 4236 1728 4292 omni
1752 4236 1943 4309 generi
1991 4237 2235 4294 humano

645 4343 975 4388 eventurum
1001 4345 1123 4388 esse
1145 4329 1223 4385 ait
1247 4343 1348 4400 per
1364 4327 1668 4394 Christum,
1699 4329 1790 4400 qui
1832 4325 2235 4399 transﬁgurabit

2328 488 2510 543 neque
2534 471 2775 528 edicitur
2804 471 2932 538 alia,
2962 470 3060 528 sed
3086 471 3273 539 varia;
3301 472 3359 528 id
3384 483 3490 540 est,
3529 473 3659 530 aliis
3681 479 3917 546 qua‘lita-

2331 566 2480 620 tibus
2543 563 2762 631 affecta,
2817 579 2985 635 quam
3034 563 3241 634 quibus
3302 565 3462 635 prius
3495 566 3723 624 ~aﬂ'ecta
3771 581 3913 624 erat:

2328 657 2506 712 variat
2536 667 2723 712 autem
2754 665 2812 713 et
2835 667 3014 713 mutat
3043 656 3164 724 has,
3195 657 3421 728 quando
3443 660 3631 730 placet
3648 660 3913 718 Creatori.

2403 749 2535 807 Vill.
2584 750 2759 804 Nemo
2784 764 2918 822 ergo
2949 764 3077 806 cum
3116 750 3274 806 audit
3301 752 3598 821 spirituale
3632 753 3839 809 factum
3858 774 3911 810 e:

2329 839 2580 905 animali,
2598 838 2885 896 existimet
2903 855 3013 895 non
3027 841 3359 897 suscitatum
3381 857 3507 898 esse
3516 843 3680 913 prius
3695 860 3911 915 corpus:

2328 949 2489 989 error
2507 934 2656 988 enim
2690 943 2778 989 est
2816 932 2931 1003 hic,
2962 942 3019 990 et
3060 934 3278 989 inimici
3326 935 3587 989 veritatis
3622 937 3911 992 sententia.

2332 1024 2656 1081 Substantia
2685 1040 2928 1096 namque
2996 1026 3247 1094 subiecta
3282 1024 3525 1096 corpori,
3584 1025 3773 1080 dicam
3823 1028 3911 1081 ite-

2331 1134 2476 1183 rum,
2505 1126 2826 1188 perseverat
2878 1116 3105 1187 qutdem
3153 1116 3350 1173 eadem
3385 1131 3636 1186 semper,
3679 1118 3913 1186 quandiu

2331 1210 2581 1267 Creatori
2625 1211 2804 1265 visum
2829 1210 2957 1276 erit,
3002 1220 3064 1266 ut
3095 1210 3391 1279 persistat;
3420 1219 3637 1264 mutata
3660 1220 3847 1265 autem
3871 1212 3909 1263 ir

2332 1299 2643 1369 spirituale,
2674 1300 2889 1354 variata
2912 1308 3021 1366 est,
3056 1300 3155 1355 sed
3177 1316 3288 1355 non
3316 1300 3423 1354 alia
3458 1299 3629 1354 facta.
3667 1300 3759 1356 Sic
3781 1303 3915 1356 enim

2334 1400 2394 1445 et
2419 1388 2676 1446 Christus
2720 1392 2964 1446 surrexit
2990 1408 3005 1444 :
3037 1401 3278 1462 suntque
3303 1392 3425 1462 ejus
3446 1392 3777 1447 testimonia
3802 1408 3919 1446 cum

2338 1485 2512 1540 multa
2542 1484 2672 1549 alia,
2708 1493 2824 1539 tum
2870 1484 2989 1539 hazc
3011 1484 3261 1539 omnium
3298 1483 3614 1554 potissima,
3634 1484 3921 1555 reliquisse

2338 1576 2554 1633 scilicet
2584 1576 2639 1630 in
2692 1584 3061 1630 monumento
3090 1575 3282 1640 lintea,
3330 1574 3516 1629 exisse
3551 1576 3784 1644 signato
3812 1590 3921 1628 mo-

2338 1678 2627 1732 numento,
2662 1668 2974 1739 ingressum
2999 1682 3121 1723 esse
3171 1666 3360 1738 januis
3391 1666 3625 1732 clausis,
3660 1682 3774 1721 non
3803 1682 3919 1721 con.

2337 1760 2548 1816 versari
2602 1760 2842 1830 amplius
2906 1758 3060 1813 omni
3132 1768 3384 1828 tempore
3429 1773 3558 1812 cum
3613 1756 3915 1828 discipulis.

2337 1852 2484 1909 sicut
2506 1852 2686 1923 prius,
2714 1851 2810 1908 sed
2848 1851 3152 1921 derepente
3195 1849 3390 1905 adesse
3430 1850 3544 1904 illis
3574 1851 3636 1904 in
3670 1850 3800 1905 aliis
3820 1851 3919 1903 for-

2335 1944 2468 1999 mis:
2500 1960 2612 1999 non
2644 1944 2886 2014 amplius
2904 1943 3032 1998 cibo
3047 1950 3145 1997 aut
3166 1943 3373 1997 vestitu
3403 1941 3695 2013 indigere;
3725 1943 3918 2013 primas

2335 2037 2484 2093 enim
2517 2045 2704 2092 vestes
2745 2037 2954 2092 milites
2993 2035 3185 2106 partiti
3213 2044 3377 2103 sunt;
3408 2051 3535 2106 qua:
3577 2035 3651 2090 ad
3684 2037 3915 2105 sepultu-

2336 2145 2451 2184 ram
2476 2129 2839 2200 spectabant,
2874 2144 2938 2184 ea
2972 2128 3200 2198 reliquit
3232 2127 3285 2181 in
3311 2136 3684 2182 monumento
3720 2138 3776 2183 et
3810 2144 3915 2181 sur-

2338 2224 2501 2279 rexit.
2539 2223 2607 2278 Et
2632 2222 2854 2293 quando
2896 2221 3189 2292 discipulis
3217 2221 3543 2292 apparebat,
3570 2222 3914 2292 colloqueba-

2338 2325 2429 2368 tur
2451 2312 2677 2384 quidem
2711 2328 2835 2369 cum
2857 2312 2964 2377 eis,
3000 2328 3111 2368 non
3141 2320 3323 2367 tamen
3358 2313 3776 2383 agnoscebatur
3804 2318 3914 2384 quis

2337 2413 2504 2470 esset,
2536 2403 2715 2460 donec
2731 2402 3062 2474 praebuisset
3088 2401 3171 2456 eis
3199 2402 3356 2473 signa
3388 2402 3537 2472 quod
3570 2414 3727 2459 esset
3775 2405 3911 2476 ipse;

2338 2497 2640 2569 aliquando
2700 2494 2928 2567 quidem
2983 2496 3222 2550 ostensis
3273 2495 3533 2551 manibus
3583 2507 3645 2552 et
3692 2498 3913 2567 pedibus

2338 2590 2510 2648 clavis
2551 2588 2852 2661 perforatis
2876 2596 2933 2644 et
2969 2588 3144 2644 latere
3169 2589 3362 2644 lancea
3385 2591 3912 2662 aperto;aliquando

2337 2699 2473 2740 vero
2504 2693 2727 2753 sumpto
2761 2697 2887 2738 cum
2914 2681 3055 2752 ipsis
3084 2681 3233 2747 cibo,
3259 2692 3319 2737 et
3362 2691 3631 2737 renovata
3659 2686 3910 2739 memoria

2338 2773 2775 2846 comprandendi
2801 2789 2927 2829 cum
2955 2774 3039 2828 eis
3065 2783 3194 2828 ante
3214 2774 3568 2843 passionem:
3620 2776 3773 2846 quod
3802 2793 3907 2845 per-

2339 2869 2468 2924 inde
2495 2877 2637 2934 erat,
2675 2876 2737 2922 ut
2756 2865 2803 2922 si
2819 2866 3050 2933 diceret,
3082 2865 3213 2920 dum
3241 2865 3359 2920 haec
3386 2865 3625 2936 agebat:
3650 2869 3772 2938 lpse
3801 2884 3911 2923 sum

2340 2961 2454 3028 ille,
2475 2975 2640 3032 quem
2675 2960 2730 3014 in
2756 2974 2944 3015 crasso
2976 2972 3211 3028 corpore
3262 2957 3553 3014 vobiscum
3606 2970 3911 3015 versantem

2338 3062 2394 3110 et
2422 3053 2809 3109 conviventem
2833 3049 3201 3121 cognovistis;
3233 3049 3382 3120 quod
3414 3065 3567 3105 nunc
3606 3065 3814 3122 corpus
3856 3051 3915 3105 ab

2339 3145 2488 3202 omni
2515 3143 2839 3199 infirmitate
2883 3142 3123 3197 liberum
3161 3157 3316 3213 gero,
3355 3144 3668 3199 mutatione
3721 3145 3914 3200 factum

2340 3232 2665 3304 gloriosum.
2688 3230 2984 3300 Nunquam
3040 3238 3120 3284 tot
3157 3230 3435 3301 tantisque
3465 3232 3643 3302 signis
3671 3248 3736 3287 se
3758 3233 3915 3287 disci-

2337 3324 2505 3396 pulis,
2541 3322 2708 3393 idque
2740 3337 2852 3377 non
2890 3321 2967 3377 ita
2989 3320 3084 3376 diu
3111 3338 3143 3376 a
3188 3337 3248 3377 se
3299 3322 3653 3391 absentibus,
3688 3326 3914 3380 manife-

2338 3429 2485 3473 stum
2515 3416 2696 3472 facere
2726 3415 3019 3483 voluisset,
3050 3414 3162 3471 nisi
3193 3415 3427 3470 mutatio
3480 3416 3674 3472 forma:
3725 3433 3917 3489 corpus

2344 3512 2469 3585 eius
2497 3510 2790 3566 variasset.
2842 3508 3066 3564 Etenim
3119 3508 3164 3563 si
3198 3508 3434 3563 multum
3482 3511 3757 3581 temporis
3784 3527 3914 3582 pra:-

2338 3601 2580 3666 terisset,
2604 3600 2844 3657 fortasse
2888 3600 3019 3670 quis
3077 3598 3267 3655 dicere
3316 3588 3529 3669 posset,
3585 3601 3823 3657 oblitum
3861 3617 3915 3657 se

2335 3693 2521 3764 qualia
2552 3689 3019 3761 essentcorporis
3057 3689 3416 3757 lineamenta,
3460 3707 3529 3747 ex
3578 3692 3787 3762 quibus
3824 3710 3918 3749 nos

2337 3785 2484 3839 inter
2511 3798 2615 3839 nos
2645 3792 2878 3839 naturas
2913 3781 3244 3853 dignoscere
3270 3782 3552 3837 solemus:
3580 3785 3764 3840 tribus
3794 3802 3916 3841 vero

2336 3873 2536 3929 diebus
2563 3874 2756 3944 lapsis,
2785 3887 2908 3944 qua:
2943 3869 3154 3927 oblivio
3177 3885 3379 3942 capere
3430 3871 3620 3941 potuit
3669 3888 3795 3937 eos,
3828 3874 3915 3945 qui

2335 3979 2449 4026 tam
2471 3968 2741 4024 diuturno
2771 3977 3021 4037 tempore
3045 3977 3177 4021 eum
3199 3980 3267 4021 eo
3290 3966 3500 4021 versati
3522 3965 3790 4023 fuerant?
3814 3969 3915 4024 lla-
3952 4022 3965 4039 ,

2333 4060 2597 4116 nifcstum
2626 4073 2765 4130 ergo
2792 4064 2899 4123 est,
2957 4064 3017 4111 et
3056 4054 3288 4110 minime
3339 4053 3599 4118 dubium,
3651 4068 3912 4113 mutatum

2335 4167 2458 4209 esse
2484 4153 2542 4207 in
2569 4150 2886 4222 gloriosius,
2913 4164 2983 4205 ex
3016 4148 3242 4203 animali
3267 4149 3481 4202 factum
3515 4149 3914 4219 spirituale,ex

2337 4244 2556 4299 infirmo
2575 4241 2821 4297 ﬁrmum.
2849 4241 2941 4296 Ait
2965 4241 3116 4297 enim
3128 4240 3430 4311 Apostolus
3451 4255 3467 4293 :
3491 4239 3579 4294 Ea:
3606 4240 3914 4309 inﬁrmitate

2336 4335 2620 4404 cruciﬁxus
2645 4342 2753 4396 est,
2787 4334 2880 4388 sed
2902 4334 3026 4388 vivit
3073 4349 3137 4387 ea:
3183 4334 3381 4386 uirtute
3409 4333 3477 4396 “,
3528 4349 3643 4387 non
3690 4335 3912 4403 amplius

591 4466 612 4495 κ,
647 4441 835 4494 corpus
857 4421 1173 4477 humilitatis
1205 4431 1420 4485 nostra,
1484 4427 1546 4474 ut
1583 4416 1748 4473 faciat
1770 4416 1908 4472 illud
1966 4417 2233 4488 conforme
2263 4421 2310 4482 υ
2337 4428 2481 4482 hanc
2513 4425 2896 4479 inﬁrmitatem
2948 4423 3184 4478 habens,
3237 4422 3333 4477 Esi
3365 4430 3553 4476 autem
3613 4421 3737 4476 hac
3777 4423 3910 4476 ίηιῖτ.

646 4515 855 4587 corpori
882 4512 1145 4568 claritatis
1167 4525 1279 4565 sua:
1314 4511 1376 4564 ".
1424 4509 1483 4564 Si
1513 4508 1684 4580 igitur
1713 4508 2120 4580 transﬂguratio
2146 4518 2232 4565 est

637 4602 882 4662 mutatio
909 4606 966 4661 in
985 4619 1191 4675 corpus
1212 4600 1541 4673 spirituale;
1580 4600 1686 4655 hoc
1740 4607 1924 4655 autem
1948 4599 2232 4656 conforme

645 4710 729 4756 rst
756 4697 978 4771 corpori
1009 4696 1201 4767 gloria:
1223 4694 1432 4762 Christi
1460 4712 1473 4747 :
1502 4708 1628 4748 cum
1660 4706 1897 4762 corpore
1928 4692 2098 4761 igitur
2120 4693 2232 4763 spi-

649 4793 836 4849 rituali
871 4788 1117 4847 surrexit
1140 4785 1431 4853 Christus;
1460 4785 1608 4854 quod
1637 4801 1745 4839 non
1781 4793 1866 4839 est
1896 4784 2043 4839 aliud
2068 4801 2231 4855 quam

648 4885 796 4955 quod
821 4884 1140 4939 seminatum
1162 4889 1237 4934 est
1256 4881 1308 4934 in
1340 4877 1865 4950 ignobilitate”;scd
1894 4878 2028 4934 illud
2051 4879 2231 4949 ipsum

648 4976 796 5047 quod
844 4975 903 5030 in
962 4956 1231 5028 honorem
1285 4980 1560 5026 mutatum
1617 4980 1724 5027 est.
1787 4970 1944 5039 Quod
2005 4973 2232 5043 quidem

635 5084 853 5139 corpus
878 5079 1007 5121 vere
1034 5063 1260 5127 mansit,
1295 5078 1425 5117 caro
1483 5077 1614 5115 vero
1646 5062 1900 5127 minimc,
1962 5078 2071 5115 non
2103 5062 2233 5133 qui-

646 5161 771 5215 dem
802 5157 951 5230 quod
978 5154 1286 5212 substantia
1315 5154 1563 5224 subjecta
1622 5153 1925 5220 interierit,
1959 5153 2053 5207 sed
2085 5153 2233 5224 quod

638 5257 787 5309 facta
816 5250 989 5323 fuerit
1026 5249 1343 5322 gloriosior.
1385 5247 1708 5303 Substantia
1744 5247 1893 5301 enim
1924 5246 2234 5311 contrarias

2338 4518 2502 4571 mitas
2540 4529 2743 4585 corpus
2773 4512 2912 4569 illud
2941 4528 3196 4570 crassum
3243 4520 3302 4567 et
3352 4520 3641 4567 terrenum
3673 4522 3891 4566 sanetur

2337 4622 2565 4678 corpus,
2627 4604 2776 4676 quod
2826 4612 2952 4674 post
3002 4604 3123 4660 dies
3184 4602 3560 4676 quadraginta
3613 4603 3684 4659 ad
3729 4605 3875 4659 cozlu

2337 4706 2601 4768 tanquam
2633 4695 2701 4751 ad
2728 4695 3020 4767 proprium
3059 4696 3246 4751 locum
3274 4696 3529 4759 recessit,
3570 4697 3724 4752 nube
3757 4698 3887 4751 vel...

2338 4788 2597 4844 vehiculo
2628 4805 2825 4847 usum:
2861 4805 2971 4842 non
3002 4789 3154 4844 enim
3172 4789 3636 4860 corpusamplius
3661 4790 3909 4844 deorum

2338 4891 2481 4937 nutu
2516 4896 2618 4938 suo
2675 4880 2981 4946 ferebatur,
3016 4881 3164 4936 sicut
3213 4883 3404 4951 gravia
3440 4896 3684 4952 corpora
3731 4891 3908 4935 natm

2333 4974 2616 5037 feruntur,
2647 4973 2745 5028 sed
2778 4974 2967 5043 potius
3001 4989 3128 5028 cum
3161 4973 3311 5027 nube
3345 4973 3526 5028 levius
3555 4982 3726 5038 esset,
3757 4986 3908 5041 ευμεν

2335 5065 2513 5134 ipsam
2546 5064 2599 5118 in
2620 5065 2866 5119 sublime
2889 5064 3173 5119 sublatum
3198 5073 3307 5123 est.
3335 5073 3392 5119 ct
3414 5064 3671 5121 consedit
3696 5063 3763 5117 ad
3787 5063 3907 5117 dex-

2334 5165 2510 5210 teram
2557 5156 2653 5210 Dei
2688 5155 2891 5220 Patris,
2945 5156 3226 5226 profectus
3275 5158 3330 5210 in
3384 5157 3615 5222 caelum,
3659 5154 3908 5227 subjcrtis

2333 5247 2439 5319 ipsi
2476 5249 2708 5318 angelis,
2738 5258 2793 5304 et
2817 5248 3189 5320 potestatibus
3220 5290 3233 5315 ,
3262 5259 3318 5304 et
3365 5250 3695 5305 virtutibus.
3727 5248 3903 5304 Veniet

706 5413 756 5443 "5
789 5410 999 5480 Ephes.
1020 5425 1089 5467 νη.
1118 5408 1174 5463 6.
1253 5406 1319 5480 ’δέ
1351 5404 1556 5480 _F_.ph_es.
1579 5419 1654 5465 tv,
1696 5403 1787 5480 l5._
1858 5402 1900 5433 ⁸⁸
1926 5409 1939 5455 l
1967 5401 2094 5457 Cor.
2135 5418 2247 5467 lilii,
2279 5403 2365 5458 l2.
2443 5405 2485 5435 ”
2516 5404 2536 5459 l
2564 5403 2692 5459 Cor.
2713 5421 2803 5471 xv,
2835 5403 2922 5459 28.
3002 5403 3046 5436 ¹⁸
3075 5404 3211 5459 ibid.
3232 5405 3320 5459 44.
3398 5408 3446 5439 ¹⁹
3477 5401 3899 5478 Philipp.nt,?.l.

645 5481 733 5535 ὀί
791 5474 922 5537 Cur.
956 5496 1045 5534 xv.
1094 5480 1182 5532 45.
1262 5478 1302 5509 ¹¹
1350 5474 1411 5530 η
1443 5476 1570 5530 Cor.
1604 5490 1722 5539 xm,
1761 5474 1815 5527 4.

1917 5588 2156 5645 νΑιιιΑῖ
2193 5589 2597 5647 LECTIONES.

720 5721 743 5750 ε
774 5706 1067 5761 Honorum.
1102 5705 1285 5773 Forte,
1325 5706 1599 5757 bonorum.

1728 5702 1747 5741 ί
1783 5701 2054 5757 Prioribus
2102 5704 2283 5760 det-itis
2314 5705 2495 5776 eblig.,
2536 5707 2643 5771 toi;
2679 5707 2965 5778 πρῡτὲροις
3004 5709 3309 5780 ὲνέχεςοαι.
