3914 6304
108 342 204 411 361
771 348 1029 411 SERMO
1065 350 1117 411 Ι.
1157 375 1228 387 -
1258 352 1342 413 ΙΝ
1389 352 2235 418 TRANSFIGURATIONEM
2274 358 2342 417 1).
2386 356 2461 417 N.
2501 356 2558 418 Ι.
2599 356 2660 417 C.
3206 350 3345 415 1363'.

72 467 256 515 autem
288 468 490 516 iterum
524 461 723 518 eodem
742 478 975 534 corpore
1003 465 1266 522 Christus
1288 467 1459 540 judcx
1487 470 1646 525 vivo-
1676 477 1723 535 Α
1754 471 1826 527 ad
1869 488 1952 527 me
1986 472 2162 543 ipsum
2217 470 2479 526 adducam
2531 470 2598 525 ⁸³.
2633 469 2791 524 Tunc
2814 475 2873 524 et
2914 465 3126 523 inimici
3157 466 3334 535 subji-

72 565 195 605 rum
216 559 274 607 et
295 562 665 623 mortuorum,
689 557 834 612 sicut
856 559 1038 631 angeli
1063 558 1643 632 dixeruntdiscipulis,
1757 563 1979 619 cientur
2007 564 2112 619 sub
2128 563 2368 634 pedibus
2385 565 2528 634 ejus,
2579 560 2727 618 sicut
2748 560 2801 614 ei
2852 558 3192 631 promissum
3228 564 3333 612 est:

72 660 199 701 cum
221 645 274 700 in
297 645 394 701 illo
416 646 488 702 ad
506 649 673 703 caelos
702 664 939 704 ascensu
963 650 1331 719 mirabantur,
1356 662 1413 707 et
1444 653 1502 708 in
1525 668 1655 709 eum
1760 655 1910 710 Dixit
1934 655 2085 710 cnim
2116 654 2375 711 Dominus
2415 653 2642 708 Domino
2685 667 2802 707 meo
2821 667 2840 706 :
2886 648 3019 706 Sede
3069 667 3108 702 a.
3146 647 3344 702 dextris

72 738 455 808 aspiciebant:
493 740 625 807 Viri,
643 741 927 812 inquiunt,
946 742 1073 814 quid
1094 745 1251 799 statis
1269 744 1581 815 aspicientes
1602 746 1658 799 in
1762 749 1915 813 meis,
1942 747 2107 802 donec
2136 763 2333 819 ponam
2374 746 2619 801 inimicos
2667 756 2784 799 tuos
2833 739 3124 798 scabellum
3154 737 3344 810 pedum

73 829 264 884 caelum
296 832 322 885 .9
349 833 433 887 hic
457 832 611 887 Iesus
640 835 731 905 qui
756 841 1056 906 assumptus
1090 844 1167 890 est
1215 854 1249 890 a
1304 837 1446 892 vobis
1476 838 1529 891 in
1559 853 1663 891 εοε-
1763 849 1978 894 tuorum
2004 840 2071 895 “.
2097 840 2391 894 Ponuntur
2421 847 2608 894 autem
2639 837 2846 908 partim
2894 833 3092 898 invite,
3143 830 3345 900 partim

76 917 212 984 lum,
244 921 319 974 sic
348 922 536 988 veniet,
571 923 1017 993 quemadmodum
1061 925 1265 980 vidistis
1317 943 1437 981 eum
1478 943 1662 982 ascen-
1766 940 1963 1002 sponte
1996 948 2012 997 ;
2045 931 2367 987 necessario
2397 930 2548 986 enim
2596 936 2821 1000 oportet
2860 941 3067 983 omnes
3089 933 3348 994 peccato-

73 1007 287 1063 dentem
318 1011 375 1063 in
418 1010 606 1065 caelum
642 1012 710 1066 “.

145 1099 242 1154 1X.
291 1100 482 1171 Itaque
511 1101 715 1158 iterum
771 1119 900 1160 cum
935 1120 1177 1176 corpore
1220 1106 1659 1162 resurrectionis

75 1190 280 1257 aderit,
317 1192 464 1248 sicut
501 1195 682 1265 angeli
714 1198 892 1253 sancti
918 1213 1054 1254 voce
1093 1214 1193 1254 sua
1219 1198 1501 1263 dixerunt,
1532 1210 1661 1254 cum

75 1296 194 1353 quo
212 1298 361 1338 nunc
387 1285 619 1355 proprio
654 1286 804 1342 Patri
838 1287 1117 1345 considet.
1146 1288 1261 1343 Hoc
1314 1296 1503 1343 autem
1533 1303 1663 1342 cum

74 1375 145 1429 ad
204 1375 420 1431 Patrem
457 1376 753 1433 adduxerit
803 1386 1019 1435 naturae
1068 1388 1277 1435 nostrae
1337 1380 1659 1451 primitias,

74 1466 252 1522 etiam
282 1467 609 1524 universum
645 1470 703 1524 in
728 1477 906 1525 totum
943 1470 1217 1528 adducet:
1252 1470 1529 1542 siquidem
1556 1471 1664 1526 hoe

72 1558 363 1629 promisit,
393 1575 518 1617 cum
554 1561 729 1618 dixit:
780 1561 915 1619 Cum
961 1562 1229 1619 exaltatus
1278 1564 1448 1634 fuero,
1480 1579 1662 1618 omnes

1766 1037 1858 1077 res
1881 1021 2183 1077 sceleratos
2201 1021 2270 1077 de
2298 1029 2445 1075 terra
2469 1018 2670 1085 deleri,
2703 1026 2765 1073 ut
2810 1032 2923 1072 non
2980 1012 3220 1084 amplius
3255 1028 3350 1067 ex-

1766 1112 1987 1167 sistant.
2021 1111 2182 1167 Tunc
2209 1126 2353 1166 nova
2375 1109 2627 1165 laudatio
2653 1116 2712 1164 et
2752 1113 3059 1178 perpetuus
3107 1103 3350 1175 hymnus

1758 1219 1861 1275 per
1889 1204 2141 1259 omnium
2176 1219 2272 1259 ora
2326 1201 2690 1259 adhibebitur
2720 1199 2875 1256 Patri
2928 1206 3243 1268 temporum
3291 1201 3350 1247 et

1760 1293 2131 1361 saeculorum;
2164 1302 2223 1349 et
2252 1310 2406 1348 omne
2426 1309 2563 1365 genu
2581 1294 2846 1364 ﬂectetur,
2872 1287 3183 1351 ealestium,
3243 1293 3351 1339 ter-

1762 1385 2011 1440 restrium
2034 1392 2084 1439 et
2098 1384 2473 1455 infernarum;
2505 1392 2554 1439 et
2575 1384 2747 1439 omnis
2777 1382 2961 1454 lingua
2986 1378 3344 1450 conﬁtebitur,

1761 1470 1901 1543 quod
1928 1471 2187 1527 Dominus
2207 1472 2362 1529 Iesus
2396 1470 2637 1529 Christus
2677 1472 2734 1527 in
2783 1469 2958 1544 gloria
2977 1478 3053 1525 est
3087 1468 3184 1523 Dei
3238 1466 3348 1521 Pa--

1764 1564 1858 1618 tris
1876 1565 1944 1618 ’³.
1973 1562 2077 1619 Cui
2107 1565 2288 1637 gloria
2314 1564 2373 1621 in
2405 1565 2609 1623 saecula
2641 1564 2993 1639 saeculorum.
3042 1559 3236 1618 Amen.

146 1670 200 1703 ³⁸
220 1669 346 1727 Act.
377 1687 419 1741 ι,
454 1674 542 1730 ll.
615 1674 836 1733 "Joan.
868 1693 967 1745 ιιι,
1010 1678 1099 1734 52.
1177 1679 1392 1736 "Psal.
1434 1695 1543 1747 cur,
1593 1680 1647 1735 1.

1804 1680 2056 1752 Philipp.
2089 1697 2152 1748 ιι,
2184 1680 2276 1749 10,
2313 1683 2402 1737 Η..

78 1848 3349 1886 W

574 1995 914 2116 ΤΟΥ
1022 1996 1594 2115 ΑΥΤΟΥ
1729 1996 2856 2118 ΑΝΑΣΤΑΣΙΟΥ

935 2220 1476 2362 ΛΟΓΟΙ
1601 2221 2498 2359 ΤΕΣΣΑΡΕΣ.

577 2547 1225 2644 EJUSDEM

834 2758 1670 2891 SERMONES

1348 2548 1836 2644 SANCTI
1954 2552 2718 2648 ANASTASII

1786 2762 2595 2912 QUATUOR.

1246 2956 1540 3029 Interprete
1562 2958 1845 3014 Francisco
1878 2959 2209 3032 Combeﬁsio.

785 3068 1078 3140 (Germano,
1104 3067 1349 3125 Veterum
1377 3069 1606 3126 Patrum
1626 3070 1947 3129 Bibliotheca
1968 3116 1983 3142 ,
2019 3084 2154 3130 tom.
2184 3074 2304 3141 ΧΠ,
2344 3091 2471 3148 pag.
2502 3075 2656 3147 258.)

702 3295 926 3350 ΛΟΓΟΣ
964 3297 1045 3350 A'.

72 3387 194 3454 Εις
232 3385 349 3455 τὴν
378 3384 851 3508 Μεταμόρφωὲιν
878 3386 986 3466 τοῖς
1015 3386 1237 3454 Κυρίου
1262 3383 1432 3455 ἡμῶν
1466 3385 1672 3455 Ἰησοῦ

771 3470 1006 3508 οιστου.

765 3470 1006 3524 ριστου.

1776 3390 1842 3446 In
1894 3304 2711 3465 Transﬁgurationesn?Rgi)?nilrii
2764 3398 2931 3454 nostri
2955 3397 3082 3454 Iesu
3137 3396 3353 3455 Christi.

173 3569 232 3623 '0
275 3567 661 3639 φιλάνθρωπος
705 3566 955 3637 Ἰησοῦς,
1012 3567 1301 3636 ἐπιφανεὶς
1352 3566 1431 3637 τῷ
1477 3565 1672 3637 κόσμῳ

1847 3567 1890 3621 l.
1924 3567 2205 3639 Benignus
2235 3585 2299 3625 ac
2331 3571 2577 3628 clemens
2607 3575 2791 3640 Iesus,
2817 3575 3026 3630 bonum
3051 3590 3110 3631 se
3149 3575 3358 3631 mundo

72 3660 414 3722 διδάσκαλος
458 3659 697 3727 ἀγαθὸς,
748 3658 872 3712 ἐπεὶ
910 3657 1006 3711 καὶ
1046 3657 1208 3725 Θεὸς,
1264 3653 1387 3711 εἷπε
1415 3660 1530 3721 τοῖς
1561 3675 1670 3728 μα-

76 3750 284 3821 θηταῖς
328 3747 528 3800 αὐτοῦ·
579 3747 655 3801 El
698 3764 790 3813 τις
835 3746 995 3801 θέλει
1044 3746 1239 3801 ὀπίσω
1272 3765 1393 3817 μου
1437 3747 1668 3815 ἐλθεῖν,

74 3838 543 3908 ἀπαρνησάσθω
587 3837 836 3904 ἑαυτὸν,
886 3838 988 3892 καὶ
1025 3837 1222 3907 ἀράτω
1262 3839 1370 3892 τὸν
1401 3839 1672 3907 σταυρὸν

73 3929 278 3985 αὐτοῦ
300 3969 315 3995 ,
372 3929 469 3982 καὶ
520 3928 924 3982 ἀκολουθείτω
961 3945 1087 3998 μοι.
1132 3931 1230 3995 ⁸ος
1259 3928 1368 3999 γὰρ
1402 3928 1480 3983 ἂν
1506 3929 1672 3984 θέλοι

70 4019 208 4089 τὴν
248 4019 465 4090 ψυχὴν
504 4019 693 4075 αὐτοῦ
735 4018 956 4086 σῶσαι,
993 4018 1289 4075 ἀπολέσει
1318 4020 1547 4087 αὐτήν·
1603 4021 1672 4089 ὃς

73 4113 140 4167 δ’
171 4112 250 4166 ἂν
280 4111 557 4180 ἀπολέσῃ
604 4110 720 4177 τὴν
760 4110 976 4181 ψυχὴν
1020 4112 1210 4167 αὐτοῦ
1258 4112 1470 4167 ἕνεκεν
1499 4113 1667 4184 ἐμοῦ,

74 4203 336 4271 εὑρήσει
362 4201 581 4271 αὐτήν.
635 4205 696 4256 Τί
727 4205 837 4272 γὰρ
864 4203 1170 4272 ὠφελήσει
1198 4203 1529 4273 ἄνθρωπος,
1565 4206 1673 4260 ἐὰν

71 4294 197 4349 τεν
226 4293 461 4363 κόσμον
488 4292 641 4347 ὅλον
669 4293 962 4361 κερδήσῃ,
999 4293 1117 4363 τὴν·
1144 4293 1213 4347 δὲ
1242 4295 1458 4365 ψυχὴν
1483 4299 1673 4354 αὑτοῦ

75 4384 383 4455 ζημιωθῆ;
426 4386 459 4455 ἢ
495 4386 552 4439 τι
579 4385 759 4440 δώσει
788 4386 1107 4454 ἄνθρωπος
1138 4388 1537 4459 ἀντάλλαγμα
1565 4388 1674 4456 τῆς

71 4475 302 4547 ψυχῆς
330 4477 556 4543 αὐτοῦ;
591 4477 803 4546 μέλλει
838 4478 948 4548 γὰρ
982 4483 1015 4532 ὁ
1054 4482 1188 4546 Υἱὸς
1217 4481 1326 4535 τοῦ
1352 4479 1671 4549 ἀνθρώπου

73 4568 375 4635 ἔρχεσθαι
407 4568 476 4621 ἐν
500 4569 575 4638 τῇ
598 4568 749 4639 δόξῃ
778 4570 887 4624 τοῦ
914 4570 1145 4639 Πατρός
1170 4571 1357 4627 αὐτοῦ
1378 4572 1532 4641 μετὰ
1555 4570 1674 4626 τῶν

70 4658 278 4727 ἁγίων
317 4658 588 4729 ἀγγέλων
632 4661 858 4717 αὐτοῦ·
916 4663 1052 4717 τότε
1097 4662 1401 4717 ἀποδώσει
1437 4663 1675 4732 ἑκάστῳ

72 4748 245 4805 κατὰ
267 4749 336 4804 τὰ
361 4751 503 4822 ἔργα
530 4753 738 4809 αὑτοῦ.

1773 3668 2176 3726 praeceptorem
2211 3659 2484 3715 exhibens
2539 3662 2793 3733 (quippe
2829 3663 2926 3732 qui
2966 3663 3114 3719 Deus
3152 3668 3359 3733 pariter

1773 3747 1993 3816 esset),
2025 3747 2102 3801 ait
2133 3748 2424 3819 discipulis
2463 3750 2581 3804 suis
2617 3750 2716 3805 :Si
2749 3754 2867 3822 quis
2901 3751 3016 3807 vult
3039 3754 3218 3807 venire
3243 3765 3356 3823 post

1773 3851 1885 3901 me,
1918 3835 2140 3908 abneget
2166 3840 2504 3909 semetipsum
2548 3847 2597 3892 et
2641 3838 2795 3894 tollat
2824 3850 3034 3895 crucem
3083 3858 3260 3905 suam,
3308 3851 3356 3894 et

1771 3934 2030 3998 sequatur
2070 3944 2171 3982 me.
2221 3926 2281 3983 Si
2324 3929 2440 3999 quis
2478 3930 2619 3983 enim
2662 3928 2891 3984 voluerit
2932 3931 3176 3984 animam
3207 3947 3359 3984 suam
3458 3966 3469 3975 ρ

1772 4017 1978 4072 salvam
2009 4017 2206 4089 facere,
2247 4019 2439 4090 perdat
2469 4034 2607 4074 eam.
2635 4017 2696 4074 Si
2717 4020 2834 4091 quis
2858 4029 3037 4076 autem
3069 4020 3359 4091 perdiderit

1774 4112 2013 4164 animam
2053 4126 2209 4164 suam
2239 4119 2458 4182 propter
2488 4126 2592 4177 me,
2618 4111 2848 4165 inveniet
2876 4127 3017 4166 eam.
3051 4110 3189 4175 Quid
3219 4113 3358 4166 enim

1774 4200 2009 4271 proderit
2032 4200 2254 4265 homini,
2280 4201 2325 4254 si
2346 4201 2650 4256 universum
2673 4202 2928 4257 mundum
2956 4203 3212 4265 lucretur,
3241 4205 3359 4258 ani-

1774 4307 1875 4345 mw
1902 4307 2025 4346 vero
2052 4306 2162 4345 suae
2190 4291 2565 4347 detrimentum
2588 4294 2865 4365 patiatur?
2884 4296 2992 4349 Aut
3023 4312 3184 4365 quam
3213 4295 3361 4348 dabit

1773 4383 1928 4434 homo
1953 4373 2421 4437 commutationem
2446 4400 2543 4454 pro
2577 4385 2762 4439 anima
2805 4403 2904 4441 sua
2930 4387 2956 4440 1’
3008 4386 3173 4440 Filias
3219 4388 3359 4439 enim

1774 4474 2001 4527 hominis
2027 4484 2278 4529 uenturus
2310 4484 2384 4529 est
2407 4476 2463 4530 in
2491 4475 2665 4548 gloria
2695 4475 2872 4532 Patris
2896 4479 2983 4532 sui
3009 4495 3124 4532 cum
3153 4479 3359 4548 angelis

1773 4568 1882 4621 suis
1907 4583 1925 4621 :
1957 4575 2082 4621 tunc
2102 4567 2282 4621 reddet
2312 4569 2596 4642 unicuique
2618 4569 2911 4625 secundant
2937 4587 3100 4642 opera
3140 4571 3251 4642 ejus
3282 4570 3350 4626 ¹⁴.

162 4843 237 4897 ΕΖ
262 4860 352 4910 τις
377 4846 487 4914 γὰρ
518 4847 676 4901 θέλει
706 4847 901 4903 ὀπίσω
923 4865 1044 4917 μου
1072 4847 1297 4916 ἐλθεῖν,
1325 4848 1672 4918 ἀπαρνησά-

1849 4835 1917 4890 ll.
1950 4835 2008 4891 Si
2054 4837 2171 4908 quis
2217 4835 2331 4890 uult
2379 4838 2556 4891 venire
2599 4843 2716 4908 post
2752 4852 2856 4902 me,
2893 4836 3117 4908 abneget
3170 4844 3356 4891 semeto

71 4937 217 4991 σθω
249 4936 469 4990 ἑαυτόν
491 4954 503 4966 ·
541 4935 816 5002 τουτέστι,
852 4940 964 4993 πᾶν
996 4937 1342 5011 ἀνθρώπινον
1372 4940 1632 5011 φρόνημα
1655 4956 1668 4969 ⁸

74 5026 191 5082 καὶ
218 5028 280 5080 οὐ
312 5029 495 5098 μόνον,
526 5030 664 5083 ἀλλὰ
694 5030 813 5096 καὶ,
855 5030 1094 5101 Ὁμοίως
1121 5015 1276 5102 ἐμοὶ,
1315 5031 1539 5100 Ἀράτω
1568 5032 1678 5086 τὸν

73 5118 362 5186 σταυρὸν
400 5121 621 5187 αὑτοῦ,
672 5121 766 5176 καὶ
815 5121 1218 5178 ἀκολουθείτω
1248 5139 1377 5191 μοι.
1422 5122 1594 5176 Τοῦτο
1619 5122 1677 5178 δὲ

72 5209 186 5264 τὸν
221 5208 433 5264 Παῦλον
482 5212 549 5265 ὲκ
590 5213 700 5266 τῶν
733 5211 911 5280 λόγων
945 5212 1109 5266 αὐτοῦ
1154 5213 1501 5283 πεποιηκότα
1536 5230 1675 5267 κατι

73 5301 428 5373 ειλήφαμεν⁶
464 5304 526 5356 οὐ
558 5304 721 5374 μόνον
745 5305 855 5377 γὰρ
881 5304 1203 5375 ἐσταυρώθη
1234 5303 1312 5375 τῷ
1339 5304 1553 5376 κόσμῳ,
1578 5305 1672 5359 καὶ

72 5394 189 5450 τὸν
216 5395 424 5463 κόσμον
458 5395 641 5467 ἑαυτῷ
667 5396 1024 5467 ἐσταύρωσεν
1046 5412 1061 5427 ·
1112 5394 1248 5450 ἀλλὰ
1277 5395 1372 5449 καὶ
1399 5394 1498 5467 τὴν
1526 5394 1673 5463 ζωὴν

74 5484 269 5553 αὐτὴν
327 5487 694 5557 μετεποίησε,
760 5486 964 5558 μηκέτι
1011 5484 1120 5551 ζῶν
1154 5486 1353 5551 αὐτὸς,
1392 5487 1488 5540 καὶ
1525 5486 1672 5550 ἰδίως

76 5572 424 5644 κινούμενος
458 5575 491 5647 ἦ
525 5576 766 5646 ἐνεργῶν
790 5595 806 5611 ο
861 5576 976 5630 ἀλλ’
1013 5575 1147 5631 αὐτὸ
1195 5576 1256 5630 τὸ
1292 5575 1391 5648 ζῇν
1436 5575 1673 5647 Χριστὸν

78 5660 246 5733 εἶχεν
295 5665 352 5717 ὲν
405 5665 556 5737 αὖτῷ
601 5668 950 5740 ἐνεργοῦντα.
1016 5667 1276 5738 Παρῆκεν
1319 5666 1430 5737 γὰρ
1481 5665 1673 5719 ἑαυτὸν

1782 4930 1958 4999 ipsum
1990 4969 2005 4993 ,
2046 4928 2152 4983 hoc
2167 4936 2284 4994 est,
2315 4944 2537 4983 omnem
2559 4928 2865 4984 humanum
2890 4943 3153 4995 sensum;
3180 4944 3282 4983 nec
3303 4925 3358 4984 id

1783 5026 2022 5083 tantum,
2065 5017 2163 5072 sed
2193 5027 2251 5071 et
2277 5017 2471 5073 eadem
2500 5034 2719 5074 mecum
2756 5020 2997 5085 ratione,
3033 5017 3208 5074 Tollat
3236 5034 3331 5073 cru

1781 5125 1892 5162 cem
1926 5124 2104 5175 suam,
2130 5118 2180 5163 et
2212 5116 2466 5180 sequatur
2508 5126 2610 5164 me.
2640 5110 2755 5165 Hoc
2783 5111 2944 5182 plane
2994 5110 3359 5182 intelligimus

1779 5201 1979 5257 fecisse
2004 5201 2244 5256 Paulum
2266 5217 2335 5256 ex
2372 5203 2494 5273 ejus
2528 5202 2774 5273 scriptis.
2819 5201 3035 5259 Nedum
3069 5203 3218 5259 enim
3239 5221 3361 5259 cru-

1780 5293 1968 5363 ciﬁxus
1993 5300 2070 5348 est
2087 5296 2284 5349 mundo
2299 5295 2365 5360 ",
2386 5294 2602 5365 sibique
2627 5294 2746 5366 ipse
2762 5295 3032 5351 mundum
3050 5294 3356 5352 cruciﬁxit:

1778 5384 1875 5444 sed
1902 5394 1959 5441 et
1993 5386 2166 5442 vitam
2195 5387 2381 5458 ipsam
2435 5385 2489 5441 in
2516 5387 2680 5442 aliam
2713 5386 2968 5453 mutavit,
3001 5395 3065 5442 ut
3105 5387 3202 5459 qui
3244 5387 3358 5460 jam

1778 5479 1899 5550 ipse
1932 5493 2046 5534 non
2098 5478 2335 5540 viveret,
2395 5485 2493 5535 aut
2531 5478 2680 5534 velut
2728 5494 2757 5533 a
2813 5493 2874 5535 se
2909 5486 3229 5535 moveretur
3270 5479 3360 5537 vel

1780 5577 2107 5640 operaretur
2128 5610 2144 5635 ,
2168 5568 2266 5625 sed
2297 5570 2478 5642 ipsum
2500 5570 2690 5626 vivere
2716 5570 2765 5602 “
2813 5568 3098 5626 Christum
3127 5569 3360 5627 haberet

1781 5661 1839 5716 in
1866 5660 1987 5731 ipso
2017 5669 2358 5731 operantem.
2418 5660 2632 5733 Quippe
2680 5676 2739 5716 se
2769 5676 2837 5718 cx
2871 5670 2988 5717 toto
3016 5662 3304 5719 dimiserat
3341 5704 3357 5730 ,

168 5781 215 5813 "
247 5781 433 5839 Matth.
471 5802 577 5853 xw,
611 5786 802 5840 94-97.
881 5789 922 5819 ⁸⁷
951 5786 1127 5840 Galat.
1158 5802 1229 5852 VI,
1258 5785 1342 5839 Η.
1423 5785 1467 5815 ³⁸
1509 5780 1698 5852 Philip]

1781 5778 1937 5866 1,21ἴ
