4054 6312
633 366 771 431 1363

1754 376 1814 439 S.
1847 377 2244 440 ANASTASII
2293 381 2766 447 ANTIOCHENI

3331 314 3403 321 -ν-

3765 381 3885 448 1364

634 500 904 555 suamque
960 486 1076 556 ipse
1115 487 1452 543 voluntatem
1505 487 1868 557 mortiﬁcans,
1922 499 2099 573 totum
2151 507 2209 548 se

2311 495 2619 568 ὁλοσχερῶς
2638 539 2653 562 ,
2693 499 2790 552 καὶ
2823 498 2883 552 τὸ
2918 497 3046 553 ἴδιον
3073 498 3287 570 θέλημα
3315 496 3626 569 νεκρὼσας,
3657 495 3736 568 τῷ
3764 497 3883 569 θείῳ

632 577 902 633 voluntati
927 579 1128 658 divinae
1151 580 1528 636 substraverat
1548 598 1560 635 :
1580 589 1746 651 atque
1774 582 1936 650 adeo,
1968 594 2028 638 ιιι
2069 585 2204 640 mihi

634 669 844 741 aliquid
877 671 1228 739 imponendis
1257 670 1578 726 nominibus
1609 672 1878 729 audacius
1907 689 2205 742 assumam,

632 763 808 832 magis
829 763 1054 824 Paulus.
1075 762 1333 819 Christus
1350 762 1622 819 dicendus
1647 775 1785 831 erat,
1801 783 1964 836 quam
1989 768 2204 824 vivens.

632 855 765 925 Ejus
795 869 1030 940 namque
1050 857 1162 909 vita
1187 855 1443 913 Christus
1468 867 1608 914 erat.
1646 859 1738 914 Sic
1759 868 1883 930 post
1917 861 2096 929 ipsum
2123 861 2206 916 ire

630 961 694 1000 ac
719 961 843 999 eum
871 947 1028 1017 sequi
1057 956 1278 1019 oportet
1305 965 1402 1006 eos
1417 951 1650 1022 quiejus
1667 967 1786 1006 esse
1819 953 2037 1007 volunt.
2067 951 2204 1007 Cum

631 1038 779 1106 enim
817 1037 888 1090 sit
933 1038 1135 1110 duplex
1179 1039 1434 1096 voluntas
1465 1041 1520 1096 in
1564 1041 1847 1112 plerisque
1896 1043 2200 1106 contraria,

629 1127 813 1182 divina
846 1129 1058 1184 scilicet
1084 1140 1140 1186 et
1167 1132 1432 1197 humana,
1465 1148 1570 1188 nec
1597 1134 1824 1187 omnino
1849 1132 1968 1190 ﬁeri
2006 1135 2204 1205 possit,

631 1229 692 1274 ut
728 1220 935 1291 absque
963 1222 1070 1277 illis
1103 1235 1200 1278 aut
1229 1241 1420 1278 earum
1457 1225 1632 1280 altera
1665 1227 1961 1296 quisquam
2005 1227 2155 1282 vivat
2189 1245 2203 1282 :

631 1314 794 1383 plane
831 1313 911 1379 ﬁt,
943 1325 1002 1369 ut
1032 1317 1125 1385 qni
1153 1317 1247 1370 uni
1282 1315 1474 1371 aliixus
1512 1327 1618 1382 est,
1645 1318 1715 1373 ab
1743 1319 1918 1373 altera
1957 1321 2206 1385 resiliat,

629 1414 687 1460 ct
719 1417 931 1461 contra.
963 1407 1067 1474 Qui
1106 1408 1275 1478 igitur
1319 1409 1440 1462 vult
1465 1408 1657 1463 venire
1700 1417 1824 1478 post
1869 1410 2205 1478 Dominum,

629 1495 932 1552 humanum
950 1512 1170 1552 omnem
1192 1513 1416 1552 sensum
1435 1497 1618 1552 odisse
1639 1497 1835 1564 debet;
1853 1499 2208 1569 prioremque

630 1603 796 1658 quam
825 1589 982 1653 vixit,
1021 1599 1368 1644 commutans
1408 1590 1576 1644 vitam
1607 1631 1620 1654 ,
1677 1599 1979 1660 sequatur;
2031 1591 2110 1646 sic
2149 1607 2208 1646 se

633 1681 754 1750 ipse
783 1681 1193 1750 quodammodo
1223 1681 1567 1750 relinquens,
1599 1695 1840 1751 suasque
1871 1697 2064 1737 omnes
2086 1682 2208 1736 ani-

629 1787 734 1825 ma:
762 1771 910 1825 vires
944 1781 1342 1826 transmutans.
1369 1771 1472 1838 Qui
1498 1771 1646 1826 enim
1665 1787 1796 1827 vere
1816 1773 1936 1827 vult
1959 1772 2208 1828 invenire

631 1874 908 1919 errantem
954 1866 1098 1921 circa
1153 1866 1338 1922 saeculi
1381 1866 1586 1932 inania,
1646 1867 1880 1938 ejusque
1917 1867 2210 1924 insomniis

634 1957 845 2012 similes
876 1957 1140 2025 visiones,
1171 1959 1410 2019 anirnam
1435 1973 1616 2024 mum,
1654 1958 1896 2027 primum
1929 1974 2052 2016 eam
2081 1975 2212 2030 per-

633 2048 727 2102 dat
749 2067 764 2113 ;
786 2049 933 2118 quod
959 2058 1172 2119 spectat
1192 2049 1262 2104 ad
1295 2050 1538 2120 priorem
1559 2049 1752 2116 vitam;
1771 2059 2001 2120 tumque
2033 2051 2208 2122 ipsam

631 2139 868 2209 quadam
923 2141 1137 2196 ratione
1199 2141 1530 2199 inventurus
1567 2149 1674 2196 est.
1722 2141 1978 2208 Quandiu
2021 2153 2209 2198 autem
2248 2217 2258 2222 _

631 2231 893 2286 allectum
941 2232 1107 2287 habet
1138 2232 1206 2287 ad
1243 2233 1433 2287 mundi
1469 2233 1783 2312 materiam,
1809 2232 2006 2303 nequit
2058 2232 2206 2298 fieri,

631 2331 694 2378 ut
733 2339 888 2378 suam
915 2323 969 2378 in
1022 2340 1131 2394 qua
1155 2332 1430 2390 versatur,
1475 2321 2203 2396 dignoscatperditionem.

631 2416 798 2471 Plane
823 2432 953 2486 ergo
980 2433 1159 2486 neque
1177 2419 1488 2474 necessario
1511 2428 1722 2488 quaeret
1773 2421 2049 2490 perditam
2088 2422 2213 2476 ani-

632 2523 775 2561 mam
799 2547 814 2571 ,
835 2523 1014 2578 neque
1037 2509 1302 2564 inveniet.
1349 2509 1824 2576 Quemadmodum
1843 2515 1992 2569 enim
2009 2515 2213 2584 duplex

629 2609 716 2653 est
737 2600 870 2663 vita,
893 2616 956 2655 ac
985 2601 1188 2670 duplex
1213 2615 1400 2668 mors;
1424 2610 1539 2658 tum
1565 2605 1813 2674 quameo
1838 2616 2210 2661 consentanee

633 2689 821 2751 habet,
854 2698 969 2744 tum
999 2707 1122 2760 qua:
1146 2689 1395 2748 mundo':
1434 2696 1581 2764 quod
1606 2697 1810 2752 Paulus
1837 2707 2029 2767 aperte
2070 2697 2210 2754 dixit

630 2788 842 2848 peccato
862 2782 1030 2834 vivere
1066 2793 1115 2836 et
1134 2784 1361 2852 justitiw
1387 2787 1430 2818 ”
1452 2785 1566 2852 ;sic
1585 2786 1790 2856 duplex
1820 2797 1908 2842 est
1931 2788 2057 2842 vitae
2077 2804 2209 2858 per-

630 2873 796 2938 ditio;
831 2876 1002 2930 altera
1050 2877 1275 2946 quidem
1310 2879 1590 2947 vituperio
1619 2879 1808 2949 digna,
1861 2881 2034 2936 altera
2077 2897 2211 2936 vero

629 2967 944 3023 laudabilis.
979 2969 1056 3024 Ae
1112 2971 1258 3025 sicut
1303 2980 1530 3040 peccato
1558 2971 1773 3036 vivens,
1825 2982 2083 3028 mortuus
2126 2983 2212 3029 est

627 3059 878 3130 iustitiae,
909 3059 982 3114 ita
1005 3076 1200 3114 rursus
1230 3063 1324 3130 qui
1359 3061 1592 3130 iustitia:
1636 3063 1796 3126 vivit,
1827 3072 2087 3120 mortuus
2123 3075 2212 3120 est

2313 587 2581 660 θελήματι
2625 591 2746 645 ὅλον
2781 592 2976 646 ἑαυτὸν
3010 592 3402 664 ὑπέστρωσενο
3466 590 3611 644 ὥστε
3669 589 3879 659 μᾶλλον,

2311 681 2399 736 ῐνα
2447 682 2728 752 τολμήσας
2771 683 3200 756 ὀνομαθετήσω,
3256 684 3497 754 Χριστὸς
3527 680 3606 735 ὢν
3631 681 3882 750 λέγεσθαι

2310 771 2404 824 τὸν
2446 772 2660 826 Παῦλον
2710 774 2952 844 μᾶλλον,
3011 777 3044 846 ἢ
3101 775 3241 840 ζῶον
3269 789 3286 804 ⁸
3343 777 3377 845 ἠ
3411 774 3522 846 γὰρ
3573 771 3696 844 ζωὴ
3727 773 3881 825 αὑτοῦ

2312 865 2544 936 Χριστὸς
2571 861 2658 936 ἦν.
2691 866 2878 931 Οὕτως
2903 867 3080 921 ὀπίσω
3103 865 3271 922 αὑτοῦ
3295 865 3632 936 πορεύεσθαι
3655 865 3754 918 καὶ
3771 865 3882 916 ἀκο-

2311 955 2520 1010 λουθεῖν
2570 959 2722 1028 αὐτῷ
2765 959 2884 1023 δεῖ,
2943 958 3074 1022 τοῦς
3111 956 3367 1020 θέλοντας
3398 957 3672 1025 ὑπάρχειν
3703 952 3877 1008 αὑτοῦ.

2310 1049 2416 1104 Δύο
2447 1052 2556 1122 γὰρ
2586 1054 2985 1123 ἀντικειμένων
3033 1053 3110 1118 ὠς
3145 1052 3215 1108 τὰ
3243 1051 3417 1105 πὸλ).ἀ
3448 1049 3777 1122 θελημάτων
3803 1049 3880 1100 ὃν·

2310 1160 2450 1208 των,
2505 1144 2602 1198 τοῦ
2644 1163 2704 1198 τε
2755 1146 2901 1200 θείου
2933 1146 3146 1200 καὶτοῦ
3173 1145 3556 1215 ἀνθρωπίνου·
3615 1142 3714 1196 καὶ
3761 1142 3878 1195 ἄνευ

2309 1235 2538 1300 τούτων,
2572 1233 2604 1304 ἢ
2637 1235 2755 1300 ἐνὸς
2781 1235 2964 1290 αὐτῶν
2993 1237 3068 1306 μὴ
3095 1235 3451 1308 ἐνδεχομένου
3481 1233 3616 1304 ζῇν,
3645 1232 3880 1302 δηλονότι

2309 1329 2338 1381 ὁ
2366 1326 2444 1396 τῷ
2475 1327 2556 1380 ἐνὶ
2587 1327 2983 1398 προσηλωθεὶς,
3009 1327 3240 1398 θατέρου
3263 1327 3617 1397 ἀπεστὰτησε
3641 1341 3656 1354 ·
3677 1325 3775 1378 καὶ
3793 1324 3881 1394 ζμ·

2312 1419 2496 1474 παλιν.
2561 1421 2618 1472 ’0
2649 1421 2818 1474 θέλων
2844 1417 2938 1474 οῦν
2969 1421 3145 1474 ὀπίσω
3176 1421 3270 1473 τοῦ
3299 1419 3508 1490 Κυρίου
3537 1416 3880 1486 πορεύεσθαι,

2314 1511 2426 1562 πᾶν
2455 1509 2801 1580 ἀνθρώπινον
2830 1510 3042 1580 θέλημα
3073 1512 3324 1582 μισήσειο
3360 1507 3456 1562 καὶ
3487 1507 3588 1577 τὴν
3615 1504 3882 1575 προτέραν

2310 1602 2370 1656 ὲν
2461 1602 2616 1672 διῆγε
2648 1603 2793 1672 ζωὴν
2822 1603 3064 1674 ἀμείψας
3083 1645 3097 1670 ,
3133 1601 3309 1664 οὕτως
3335 1599 3734 1661 ἀκολουθείτω,
3766 1598 3885 1668 τρό-

2311 1709 2414 1747 πον
2439 1693 2563 1746 τινὰ
2591 1694 2910 1748 καταλιπὼν
2941 1694 3156 1756 ἑαυτὸν,
3193 1692 3288 1746 καὶ
3319 1690 3502 1752 πάσας
3529 1689 3635 1752 τὰς
3655 1687 3884 1757 ψυχικὲς

2239 1821 2288 1884 Β
2317 1785 2694 1858 μεταποιήσας
2723 1785 3004 1856 δυνάμεις.
3041 1787 3102 1838 '0
3128 1783 3237 1857 γὰρ
3267 1781 3482 1852 ἀληθῶς
3511 1781 3694 1884 θέλων
3711 1780 3882 1884 εὑρείν

2313 1877 2411 1946 τὴν
2435 1875 2614 1947 ψυχὴν
2643 1876 2807 1930 αὑτοῦ
2839 1876 3206 1948 πλανωμένην
3248 1876 3375 1944 περὶ
3407 1874 3476 1926 τὰ
3506 1871 3606 1926 τοῦ
3638 1872 3758 1942 βίου
3786 1869 3881 1941 μάο

2311 1985 2443 2022 ταια
2461 2007 2476 2030 ,
2517 1968 2612 2024 καὶ
2639 1967 2744 2031 τὰς
2769 1967 3084 2038 ωειρὼδειςι
3099 1965 3272 2024 αὑτοῦ
3301 1963 3640 2036 φαντασίας,
3677 1963 3884 2032 πρῶτον

2311 2058 2555 2129 ἀπολέσῃ
2601 2060 2774 2128 αὐτὴν
2821 2057 2882 2124 ἐξ
2918 2051 2988 2128 ἧς
3033 2057 3280 2128 ὑπῆρχεν
3313 2057 3534 2126 ὲν-αὖτῇ
3565 2055 3718 2124 ζωῆς
3743 2071 3760 2087 ·
3795 2053 3882 2108 καὶ

2311 2151 2539 2220 εὑρήσει
2567 2150 2739 2220 αὐτὴν
2770 2149 2870 2220 τὴν
2901 2149 3074 2221 καλὴν
3108 2149 3346 2220 εὕρεσιν.
3406 2147 3524 2216 Ἐφ’
3552 2147 3683 2200 ὅσον
3707 2145 3757 2200 δ’
3778 2145 3882 2217 ἔχει

2313 2240 2450 2310 πρὸς
2479 2241 2580 2314 τὴν
2605 2241 2738 2310 ὕλην
2766 2240 2865 2297 τοῦ
2893 2241 3104 2311 κόσμου
3135 2238 3537 2312 προσπάθειαν,
3573 2238 3638 2291 οὑ
3669 2237 3884 2292 δύναται

2311 2333 2606 2400 διαγνῶναι
2657 2333 2756 2404 τὴν
2812 2335 2870 2386 ὲν
2914 2327 2950 2407 ᾗ
2990 2333 3140 2386 ἐστιν
3192 2330 3490 2385 ἀπώλειαν.
3548 2330 3628 2384 Οὐ
3668 2328 3884 2400 ζητήσει

2277 2434 2283 2440 ”
2311 2423 2554 2494 δηλονότι
2599 2425 2697 2496 τὴν
2735 2424 3119 2495 ἀπολλυμένην
3147 2423 3328 2492 ψυχὴν
3355 2421 3679 2488 ἀναγκαίως
3699 2461 3716 2485 ,
3772 2421 3883 2474 οὐδὲ

2313 2515 2561 2586 εὑρήσει.
2617 2515 2722 2571 Δύο
2766 2514 2880 2584 γὰρ
2933 2513 3122 2586 ὥσπερ
3157 2513 3298 2568 elato
3332 2512 3502 2576 ζωαὶ,
3550 2512 3653 2566 καὶ
3678 2511 3774 2564 δύο
3795 2511 3882 2564 θά-

2311 2623 2462 2659 νατοι
2482 2624 2494 2637 ⁸
2551 2605 2694 2660 κατά
2724 2621 2784 2658 τε
2817 2605 2974 2671 Θεδν,
3012 2605 3109 2658 καὶ
3141 2603 3285 2657 κατὰ
3317 2603 3557 2672 κόσμον·
3612 2600 3691 2664 ὡς
3733 2599 3885 2654 τοῦτο

2314 2696 2504 2766 σαφῶς
2547 2696 2653 2768 ἔφη
2695 2695 2946 2762 Παῦλος,
2980 2694 3042 2748 τὸ
3085 2693 3339 2763 ἁμαρτίᾳ
3377 2691 3478 2745 καί
3529 2688 3883 2755 δικαιοσύνῃ

2315 2786 2455 2856 ζῇν·
2510 2785 2688 2850 οὕτως
2733 2787 2842 2839 εἶσὶ
2888 2785 2982 2840 δύο
3020 2784 3204 2856 ψυχῆς
3252 2781 3556 2837 ἀπώλειαν
3623 2780 3755 2858 μία,
3771 2779 3882 2850 μὲν,

2311 2877 2486 2949 eam;
2512 2894 2528 2910 ο
2593 2877 2797 2946 θατέρα
2825 2876 2905 2940 δὲ,
2937 2875 3326 2945 ἐπαινουμένη.
3363 2873 3478 2928 Καὶ
3505 2871 3702 2942 ὥσπερ
3733 2873 3763 2924 ὁ
3788 2870 3887 2935 ζῶν

2299 2971 2378 3039 -τῇ
2403 2968 2654 3040 ἁμαρτίᾳ
2688 2971 2754 3039 τῇ
2782 2968 3104 3038 δικαιοσύνῃ
3131 2967 3492 3036 νενέκρωται,
3533 2965 3631 3018 καὶ
3659 2963 3887 3034 ἔμπαλιν

2313 3063 2340 3116 ὁ
2371 3061 2480 3124 ζῶν
2512 3064 2581 3132 τῇ
2606 3059 2927 3132 δικαιοσύνῃ
2962 3062 3028 3130 τῇ
3049 3060 3310 3130 ’ἁμαρτίᾳ
3332 3058 3529 3128 νεκρός
3558 3061 3746 3111 ἐστιν·
3801 3056 3888 3111 οὖ-

628 3158 873 3221 peccato.
912 3150 994 3205 Ad
1025 3150 1282 3205 eumdem
1305 3151 1552 3216 modum,
1577 3151 1670 3222 qui
1694 3154 1878 3208 carnis
1900 3155 2209 3210 voluntates

2324 3173 2430 3218 τως
2458 3155 2487 3205 ὁ
2515 3153 2834 3208 ἀκολουθῶν
2860 3155 2972 3216 τοῖς
2996 3153 3094 3222 τῆς
3132 3151 3332 3222 σαρκὸς
3358 3150 3694 3221 θελήματιν,
3718 3151 3890 3204 ὀπίσω

630 3257 888 3312 sequens.
926 3251 1047 3311 post
1070 3259 1292 3298 carnem
1323 3243 1498 3308 vadit,
1529 3244 1636 3299 hoc
1673 3245 1918 3314 perdidit
1944 3247 2094 3316 quod
2125 3255 2210 3302 est

633 3333 791 3404 sequi
827 3333 1143 3388 Dominum.
1183 3333 1287 3402 Qui
1312 3344 1496 3390 autem
1518 3351 1742 3390 carnem
1774 3351 1839 3390 ac
1865 3337 2036 3390 vitam
2067 3336 2207 3401 odit,

633 3425 689 3480 id
719 3435 824 3490 est,
867 3425 1236 3494 perditionem
1257 3469 1270 3491 ,
1305 3443 1369 3480 ac
1392 3428 1600 3482 virtute
1649 3428 1785 3482 dicit
1813 3416 1839 3482 ε’
1862 3428 1994 3483 Post
2035 3427 2206 3482 Deum

629 3529 814 3568 meum
845 3514 1062 3574 vadam.
1094 3515 1142 3570 is
1177 3514 1547 3585 perditionem
1570 3516 1951 3580 commutavit,
1987 3522 2088 3587 pro
2122 3516 2208 3570 vi-

631 3605 925 3676 tuperabili
946 3605 1180 3674 adeptus
1215 3591 1572 3664 laudabilem.
1601 3606 1738 3662 Nam
1764 3605 1950 3676 perire
1977 3605 2208 3671 mundo,

630 3704 716 3751 est
747 3695 982 3750 inveniri
1015 3696 1164 3763 Deo;
1195 3696 1558 3766 vicissimque
1583 3695 1790 3750 mundo
1821 3695 2062 3750 inveniri
2082 3711 2210 3767 per-

631 3787 715 3842 ire
745 3795 830 3843 est
866 3788 996 3844 Deo.
1019 3788 1193 3857 Quam
1220 3804 1357 3845 vero
1388 3787 1526 3843 illud
1576 3788 1809 3843 stultum
1861 3787 2157 3843 consilium
2193 3830 2208 3856 ,

633 3888 695 3934 ut
715 3880 898 3950 “quis
913 3881 1240 3936 universum
1255 3880 1522 3936 mundum
1554 3879 1812 3935 inveniat
1833 3889 1931 3935 aut
1959 3879 2210 3936 lucretur

630 3971 943 4044 habeatque
965 3981 1025 4028 ut
1048 3973 1326 4044 propriam
1345 3972 1778 4042 possessionem.
1805 3971 2004 4027 animas
2021 3981 2208 4027 autem

631 4080 745 4120 sua:
758 4065 1153 4120 detrimentum
1175 4065 1436 4134 patiatur,
1451 4079 1688 4134 eamque
1703 4065 1932 4135 perdat?
1949 4063 2210 4131 Quaenam

631 4155 780 4211 enim
809 4163 893 4209 est
921 4155 1116 4210 animus
1141 4155 1305 4226 digna
1335 4155 1722 4219 commutatio,
1745 4163 1840 4210 aut
1870 4169 2036 4224 quam
2055 4155 2210 4212 dabit

632 4247 758 4318 quis
775 4247 1214 4316 redemptionem
1237 4264 1339 4318 pro
1362 4235 1427 4304 ca
1443 4231 1471 4302 ?'
1492 4231 1646 4307 'Nih'il
1685 4249 1739 4302 in
1763 4247 1932 4302 rebus
1949 4257 2208 4302 constan-

633 4338 787 4392 tibus
817 4338 1048 4392 materia
1086 4339 1316 4408 aequalis
1349 4331 1429 4392 illi
1459 4324 1623 4408 pretii
1657 4346 1762 4392 est.
1797 4337 1924 4392 Sola
1951 4337 2067 4406 ipsa
2102 4351 2208 4407 pro

631 4447 692 4486 se
716 4430 834 4484 dari
869 4439 1050 4499 potest
1075 4447 1090 4496 ;
1126 4430 1373 4498 nihilque
1409 4445 1639 4499 prorsus
1661 4427 1812 4482 aliud
1839 4445 1852 4480 :
1881 4426 2046 4481 Filius
2067 4431 2208 4482 enim

631 4521 880 4586 hominis,
915 4520 1192 4590 accipiens
1225 4537 1254 4575 a
1287 4522 1443 4576 Patre
1471 4519 1818 4590 iudiciariam
1852 4527 2206 4589 potestatem,

575 4631 578 4633 λ
631 4623 883 4668 venturus
907 4621 1003 4677 est,
1023 4622 1080 4666 ut
1110 4614 1296 4667 reddat
1325 4614 1777 4684 unicuiqucjuxla
1797 4628 1957 4681 Opera
1977 4629 2075 4666 sua
2122 4615 2164 4645 ³¹
2198 4633 2211 4668 :

633 4705 854 4774 quando
883 4705 1034 4758 nulla
1073 4719 1194 4769 nos,
1223 4719 1418 4758 eorum
1447 4719 1570 4772 qua:
1597 4719 1697 4756 nos
1717 4703 2083 4758 circumstant
2113 4705 2210 4775 ju-

631 4813 764 4852 vare
790 4805 1052 4866 poterunt
1082 4812 1096 4848 :
1131 4797 1227 4851 sed
1262 4795 1395 4850 nudi
1428 4810 1640 4851 mnnes.
1689 4811 1754 4849 ac
1792 4794 1992 4852 alienis
2038 4797 2210 4852 desti-

633 4891 735 4946 tuti
769 4891 972 4958 (pnrro
999 4887 1176 4941 aliena
1217 4896 1346 4942 sunt
1367 4901 1488 4956 qum
1520 4886 1664 4940 circa
1701 4901 1801 4942 nos
1824 4896 1953 4942 sunt
1986 4888 2210 4960 omnia)

632 4979 940 5035 astabimus
973 4985 1101 5032 ante
1147 4976 1340 5047 iudicii
1379 4976 1621 5033 tribunal
1659 4977 1748 5043 ";
1789 4992 1854 5031 ac
1888 4977 2210 5046 aperientur

631 5069 761 5128 libri
789 5069 993 5140 quibus
1013 5075 1400 5138 coarguainur,
1423 5083 1488 5122 ac
1511 5068 1716 5137 quibus
1738 5083 1835 5139 per
1848 5084 1912 5126 ea
1936 5083 2058 5138 quae
2079 5079 2210 5125 sunt

633 5161 986 5218 conscientiae
1017 5162 1286 5231 impressa
1311 5161 1357 5192 ³³
1384 5201 1399 5224 ,
1422 5160 1602 5230 palam
1629 5161 1744 5224 liat,
1777 5175 1941 5230 quem
1967 5161 2206 5229 quisque

633 5254 819 5325 potius
855 5253 1012 5324 sequi
1039 5251 1316 5314 maluerit,
1365 5265 1610 5317 carnem,
1634 5267 1701 5305 an
1725 5251 1984 5321 spiritum
2009 5267 2022 5304 :
2047 5249 2204 5304 Cbri-

633 5356 891 5412 stum,an
914 5343 1182 5401 mundum
1205 5363 1219 5400 :
1243 5358 1408 5414 quam
1437 5343 1632 5398 animae
1657 5341 2021 5412 perditionem
2055 5341 2210 5396 dele-

635 5439 821 5510 gerit,
852 5453 975 5494 eam
1025 5453 1146 5510 qua:
1189 5451 1222 5492 a
1256 5437 1368 5491 Deo
1389 5475 1404 5498 ,
1430 5451 1498 5489 an
1533 5449 1654 5504 qure
1674 5449 1704 5488 a
1728 5433 1936 5490 mundo
1967 5433 2208 5490 exsistit.

633 5529 906 5600 Tumque,
935 5528 1068 5586 dum
1116 5527 1385 5585 terribilis
1425 5527 1517 5582 illa
1569 5525 2032 5596 exactissimaque
2085 5540 2215 5596 per-

637 5619 866 5698 quisitio
923 5619 1039 5685 ﬁet,
1091 5619 1140 5676 is
1188 5619 1284 5692 qui
1337 5625 1654 5690 potestatem
1703 5618 1902 5686 accepit
1947 5615 2214 5686 judicium

710 5772 754 5803 ⁵³
787 5771 942 5845 Rom.
969 5787 1041 5834 vi,
1068 5773 1122 5824 2.
1202 5771 1244 5802 ³ο
1276 5771 1466 5824 Matth.
1505 5786 1612 5834 xw,
1644 5771 1729 5824 ‘26.
1816 5772 1855 5802 "
1897 5771 2029 5826 ibid.
2065 5774 2151 5826 ‘27.

2314 3245 2518 3314 σαρκὸς
2554 3245 2845 3315 πορεύεται
2871 3283 2884 3308 ,
2936 3246 3032 3298 καὶ
3066 3246 3125 3299 ἐν
3156 3243 3410 3316 ἀπωλείᾳ
3436 3244 3556 3298 ἐστὶ
3588 3243 3692 3312 τῆς
3717 3244 3888 3298 ὀπίσω

2313 3336 2522 3405 Κυρίου
2553 3335 2888 3405 πορεύσεως.
2927 3336 2986 3390 '0
3010 3337 3066 3390 δὲ
3097 3337 3195 3406 τὴν
3224 3337 3403 3407 σάρκα
3430 3335 3700 3406 μισήσας,
3727 3335 3889 3404 ζωὴν,

2311 3425 2480 3495 ἦτουν
2509 3423 2788 3479 ἀπώλειαν
2809 3467 2824 3492 ,
2879 3425 2976 3480 καὶ
3023 3426 3254 3496 δυνάμει
3287 3427 3498 3494 λέγων’
3558 3425 3775 3479 Ὀπίσω
3801 3421 3888 3476 τοῦ

2311 3511 2447 3565 Θεοῦ
2484 3529 2589 3583 μου
2623 3513 2967 3584 πορεύσομαι
2993 3530 3006 3544 ·
3063 3515 3302 3586 ἧμειψεν
3330 3514 3434 3588 τὴν
3463 3513 3748 3568 ἀπώλειαν
3779 3515 3890 3566 ἀντὶ

2311 3603 2408 3672 τῆς
2435 3602 2678 3676 ψεκτῆς,
2732 3605 3021 3661 ἐπαινετὸν
3047 3607 3416 3685 κτησάμενος.
3453 3606 3532 3659 Τὸ
3555 3605 3668 3678 γὰρ
3697 3605 3891 3658 ἁπολέ-

2314 3693 2437 3748 σθαι
2462 3695 2676 3765 κόσμῳ,
2711 3695 2831 3768 Θεῷ
2855 3698 3006 3750 ἐστιν
3029 3697 3355 3768 εὑρεθῆναι⁵
3391 3697 3486 3752 καὶ
3513 3697 3576 3751 τὸ
3599 3697 3889 3768 εὑρεθῆναι

2313 3786 2522 3858 κόσμῳ,
2557 3787 2860 3841 ἀπολέσθαι
2884 3772 3006 3859 Θεῷ
3033 3791 3168 3842 ἐστι.
3205 3788 3316 3842 Καὶ
3340 3783 3456 3842 οἷόν
3479 3789 3633 3843 ἐστιν
3653 3787 3892 3858 ἀφροσύ-

2313 3895 2410 3949 νης
2443 3878 2607 3949 βουλὴ
2634 3917 2649 3941 ,
2706 3878 2768 3932 τὸ
2799 3880 2984 3950 εὑρεῖν
3015 3880 3134 3934 ὅλον
3164 3879 3254 3934 τὸν
3282 3881 3523 3950 κόσμον,
3562 3881 3599 3950 ἢ
3635 3878 3890 3950 κερδᾶναί

2311 3985 2464 4032 τινα,
2516 3969 2612 4023 καὶ
2658 3967 2804 4039 ἔχειν
2853 3970 3016 4024 αὑτὸν
3060 3969 3191 4024 ἴδιον
3236 3969 3446 4041 κτῆμα,
3501 3971 3606 4042 τὴν
3633 3970 3690 4024 δὲ
3722 3969 3890 4040 ψυχὴν

2313 4058 2480 4115 αὑτοῦ
2515 4057 2864 4130 ζημιωθῆναι
2896 4061 2989 4114 καὶ
3018 4045 3316 4127 ἀπολέσαις
3350 4061 3414 4114 Τί
3437 4063 3546 4132 γάρ
3576 4063 3698 4114 ἐστι
3719 4061 3890 4130 ψυχῆς

2313 4152 2708 4220 ἀντάλλαγμα;
2763 4152 2796 4224 ἢ
2845 4153 2899 4206 τί
2941 4152 3104 4208 δώσει
3151 4171 3238 4218 τις
3281 4154 3424 4224 ὑπὲρ
3456 4153 3630 4220 αὐτῆς
3659 4153 3886 4224 λύτρονς

2314 4244 2468 4297 οὐδέν
2513 4245 2660 4296 ἐστιν
2707 4245 2882 4312 αὐτῆς
2929 4243 3038 4296 τῶν
3072 4244 3272 4296 ὑλικῶν
3310 4244 3581 4314 ἰσότιμον.
3621 4245 3778 4314 Μόνη
3806 4241 3889 4294 δύο

2315 4351 2474 4388 ναται
2501 4337 2667 4406 ἑαυτῇ
2699 4335 3070 4404 ἀντιδοθῆναι,
3103 4335 3196 4388 καὶ
3223 4335 3377 4388 οὐδὲν
3405 4335 3660 4402 οὐδαμῶς
3680 4333 3887 4406 ἕτερον.

2316 4426 2538 4480 Μέλλει
2569 4426 2680 4494 γὰρ
2707 4430 2738 4479 ὀ
2761 4425 2912 4492 Υἱὸς,
2939 4425 3233 4494 λαμϐάνων
3259 4427 3357 4494 τὴν
3383 4425 3640 4492 ἐξουσίαν
3660 4429 3767 4495 τῆς
3785 4423 3889 4492 κρί-

2319 4534 2458 4580 σεως
2511 4517 2662 4586 παρά
2711 4517 2806 4570 τοῦ
2853 4519 3094 4588 Πατρδς,
3142 4518 3444 4588 ἔρχεσθαι,
3477 4518 3723 4585 ἑκάστῳ
3751 4515 3890 4570 κατό

2317 4607 2389 4661 τὰ
2431 4609 2574 4677 ἔργα
2615 4609 2804 4663 αὐτοῦ
2850 4609 3183 4663 ἀποδοῦναι
3209 4624 3222 4638 ⁸
3278 4610 3366 4663 ὅτε
3422 4608 3595 4677 μηδὲν
3631 4609 3744 4662 τῶν
3775 4607 3889 4677 περὶ

2317 4701 2464 4770 ἡμᾶς
2509 4699 2792 4768 ὠφελῆσαι
2837 4702 2985 4769 ἡμᾶς
3036 4701 3290 4754 δύναται·
3347 4698 3546 4768 γυμνοὶ
3595 4699 3651 4752 δὲ
3701 4699 3891 4755 πάντες

2317 4790 2412 4844 καὶ
2443 4789 2640 4862 ἔρημοι
2666 4789 2774 4844 τῶν
2799 4791 3098 4862 ἀλλοτρίων
3124 4791 3400 4860 (ἀλλότρια
3421 4789 3480 4842 δὲ
3502 4789 3572 4841 τὰ
3595 4807 3663 4842 πε
3675 4793 3732 4860 pi.
3753 4789 3892 4858 ἡμᾶς

2319 4882 2522 4952 πάντα)
2573 4882 2966 4953 παριστάμεθα
2999 4881 3078 4952 τῷ
3125 4883 3220 4950 τῆς
3253 4881 3490 4952 κρίσεως
3520 4879 3765 4949 βήματι·
3803 4877 3892 4930 καὶ

2321 4973 2496 5046 βίϐλοι
2549 4975 2858 5042 ἀνοίγονται
2915 4973 3057 5045 πρὸς
3102 4971 3326 5043 ἔλεγχον
3371 4972 3563 5042 ἡμῶν,
3613 4969 3890 5041 δηλοῦσαι,

2319 5068 2408 5122 διὰ
2451 5068 2562 5122 τῶν
2599 5071 2667 5138 τῇ
2707 5067 3010 5138 συνειδήσει
3049 5065 3496 5135 τετυπωμένων,
3553 5063 3663 5118 τίνι
3701 5062 3892 5133 μᾶλλον

2317 5162 2550 5224 ἕκαστος
2598 5159 2970 5230 ἠκολούθησε,
3027 5157 3194 5230 σαρκὶ
3239 5157 3274 5230 ἢ
3326 5155 3631 5225 πνεύματι,
3677 5150 3893 5224 Χριστῷ

2319 5252 2352 5324 ἢ
2382 5253 2602 5322 κόσμῳ·
2656 5251 2814 5305 ποίαν
2845 5251 3091 5323 ᾐρὴσατο
3117 5248 3296 5322 ψυχῆς
3322 5245 3627 5311 ἀπώλειαν,
3659 5246 3765 5312 τὴν
3792 5241 3890 5295 ἀπὸ

2321 5343 2456 5397 θεοῦ
2511 5344 2544 5414 ἢ
2596 5344 2696 5414 τὴν
2731 5341 2838 5396 ἀπὸ
2867 5343 3094 5410 κόσμου.
3153 5341 3265 5394 Καὶ
3291 5337 3500 5408 ταύτης
3529 5333 3632 5408 τῆς
3662 5333 3890 5404 φοϐερὶς

2321 5433 2414 5486 καὶ
2467 5433 2873 5504 ἀκριϐεστάτης
2920 5431 3212 5502 γινομένης
3240 5430 3555 5501 ζητήσεως,
3603 5432 3632 5483 ὁ
3664 5429 3779 5494 τὴν
3799 5423 3860 5489 ἐξ

2317 5525 2546 5580 ουσίαν
2567 5523 2774 5580 λαϐὼν
2797 5524 2914 5592 τὴν
2937 5524 3142 5592 κρίσιν
3162 5521 3378 5584 ποιεῖν.
3401 5521 3492 5577 ὅτι
3522 5521 3658 5588 mc
3678 5512 3886 5587 ἀνθρύ-

2321 5634 2440 5671 που
2489 5616 2699 5683 ἐστίν,
2759 5615 3086 5686 ἀποδίδωσιν
3132 5616 3362 5688 ἑκάστῳ
3410 5615 3574 5684 ἀξίαν
3615 5607 3884 5682 διανομήν-

2233 5774 2275 5804 "
2317 5773 2357 5826 ll
2389 5771 2514 5827 Cor.
2541 5789 2592 5838 v,
2623 5773 2705 5828 l0.
2783 5771 2828 5804 ³³
2857 5772 2992 5828 Dan.
3019 5787 3112 5836 vn,
3152 5772 3234 5828 10.
