4054 6312
249 277 396 346 1365

929 278 1186 342 SERMO
1225 279 1279 342 Ι.
1313 304 1382 317 -
1413 280 1499 343 ΙΝ
1552 279 1841 343 TBANSF

1945 279 2394 347 URATIONEM
2432 282 2502 343 D.
2541 282 2615 344 N.
2668 283 2726 345 Ι.
2766 283 2829 345 C.

3374 283 3514 354 1366

250 392 530 462 Ἔρχεται
562 392 671 462 γὰρ
701 390 772 445 ἐν
796 388 872 461 τῇ
898 391 1049 460 δόξῃ
1079 392 1186 446 τοῦ
1213 391 1446 461 Πατρός
1473 389 1662 447 αὑτοῦ
1688 390 1839 461 μετὰ

1945 392 2140 461 facere,
2162 410 2222 449 eo
2251 393 2393 465 quod
2420 392 2588 449 Filius
2608 393 2834 448 hominis
2862 393 2930 447 sit
2960 391 3028 457 “,
3059 391 3278 462 dignam
3310 394 3514 465 cuique

247 479 374 537 τῶν
425 481 611 548 ἁγίων
655 479 927 550 ἀγγέλων
954 520 970 546 ,
1051 479 1163 534 τῶν
1216 480 1611 548 λειτουργικῶν
1665 479 1831 534 αὑτοῦ

250 573 617 644 πνευμάτων·
650 572 838 626 οὐκέτι
870 572 945 644 μὴ
971 571 1110 642 ἔχων
1138 567 1350 643 εἷδος,ἡ
1378 571 1595 638 κάλλος,
1633 572 1710 636 ὡς
1737 571 1834 626 νῦν

254 665 509 734 ἐπεφάνη
561 662 641 734 τῷ
681 663 910 734 κόσμῳ,
970 662 1090 716 ἀλλ’
1150 662 1367 732 ὡραῖος
1411 662 1629 717 κάλλει
1673 661 1836 732 παρὰ

250 755 400 822 τοὺς
429 756 597 822 υἱοὺς
630 755 751 809 τῶν
781 752 1111 823 ἀνθρώπων
1132 796 1149 822 ,
1204 754 1266 808 τὸ
1304 755 1434 808 ῐδιον
1470 754 1633 825 σῶμα
1664 770 1836 825 μετα-

259 847 497 918 ποιήσας
543 847 623 910 είς
667 844 1022 916 ἀφθαρσίαν·
1077 846 1175 900 καὶ
1221 846 1284 900 τὸ
1318 848 1457 917 μετὰ
1484 846 1838 911 ἀναστάσεως

258 937 748 1010 μεταστοιχειωθὲν
772 938 863 991 ἐπὶ
887 937 950 990 τὸ
973 937 1346 1008 πνευματικὸν
1378 937 1476 991 καὶ
1511 936 1838 1007 ἐπουράνιον

256 1031 613 1100 ὑποδεικνύς·
644 1031 674 1087 ὃ
703 1032 800 1086 καὶ
824 1034 988 1109 ἡμεῖς
1017 1032 1316 1104 ἀρραϐῶνα
1341 1033 1446 1101 τῆς
1472 1031 1630 1103 ἡμῶν
1656 1030 1839 1086 αὐτῶν

261 1122 804 1196 μεταστοιχειώσεως
834 1125 929 1178 καὶ
959 1122 1494 1195 μετασχηματισμοῦ
1521 1123 1630 1178 τῶν
1653 1123 1841 1194 σωμά-

256 1232 367 1269 των
397 1214 615 1285 ἔχομεν.
670 1214 782 1268 Καὶ
818 1213 908 1267 ἴνα
940 1214 1001 1268 τὸ
1029 1214 1237 1285 ἀφανὲς
1260 1215 1362 1284 τῆς
1389 1214 1606 1277 ἐλπίδος
1631 1215 1840 1282 ταότης

258 1305 477 1378 ἔχωμεν
510 1306 568 1359 έν
597 1306 836 1378 βεϐαίῳ,
884 1304 1138 1376 βούλεται
1168 1308 1264 1361 καὶ
1291 1307 1391 1361 νῦν
1416 1307 1695 1375 ὑποδεῖξαι
1724 1311 1840 1372 τοῖς

259 1399 538 1470 ἐγκρίτοις
567 1399 674 1452 τῶν
708 1399 991 1471 μαθητῶν,
1012 1399 1113 1471 τὴν
1142 1400 1264 1453 τότε
1289 1400 1584 1471 γινομένην
1613 1399 1842 1454 ἀλλοίω-

259 1506 368 1543 σιν.
407 1490 506 1541 Ἔν
550 1489 752 1557 ἀτόμῳ
777 1528 793 1554 ,
819 1487 985 1557 φησὶν
1016 1488 1044 1540 ό
1066 1487 1303 1552 Παῦλος,
1337 1487 1434 1542 καὶ
1462 1488 1533 1543 ἐν
1549 1488 1706 1559 ῥιπῇ
1736 1490 1843 1558 ὀφ-

259 1579 514 1648 θαλμοῦ.
551 1579 642 1633 Διό
672 1595 861 1650 φησιν·
907 1578 1098 1647 Ἀμὴν
1125 1578 1283 1648 λέγω
1306 1578 1480 1649 ὑμῖν·
1514 1580 1656 1635 Εἰσί
1681 1595 1842 1646 τινες

224 1668 380 1723 -τῶν
425 1663 541 1724 ὦδε
586 1668 864 1724 ἑστώτων
898 1709 913 1733 ,
967 1670 1190 1735 οἵτινες
1239 1670 1312 1724 οὐ
1377 1668 1465 1740 μὴ
1508 1671 1841 1741 γεύσωνται

1940 482 2391 542 distributionem
2417 485 2631 541 reddet.
2659 485 2755 545 Est
2791 486 2931 540 enim
2967 493 3223 540 venturus
3257 485 3315 539 in
3338 484 3514 558 gloria

1937 573 2120 631 Patris
2138 579 2223 632 sui
2239 594 2359 632 cum
2378 579 2576 633 sanctis
2602 575 2879 649 angelis”
2897 575 3384 633 administratoriis
3407 575 3518 633 illis

1938 666 2230 737 spiritibus
2298 669 2343 704 ³³
2398 687 2411 724 :
2473 685 2585 725 non
2620 671 2736 741 jam
2822 668 3036 725 habens
3107 667 3351 738 speciem
3419 675 3517 723 aut

1939 755 2198 813 decorem
2237 759 2283 793 “
2317 759 2397 815 uti
2432 759 2599 815 modo
2643 775 2709 816 ac
2737 759 2914 830 priori
2970 757 3217 815 adventu
3259 759 3519 831 apparuit

1939 847 2149 903 mundo
2180 849 2339 915 :sed
2389 850 2654 921 formosus
2699 848 3093 922 pulchritudine
3123 865 3235 921 prta
3266 848 3396 920 ﬁliis
3425 851 3519 906 Ito-

1940 938 2147 993 minum
2176 939 2264 1007 ⁸⁷;
2319 955 2481 995 suum
2539 941 2659 1011 ipse
2692 955 2897 1013 corpus
2931 941 2989 997 in
3040 941 3518 1014 incorruptionem

1941 1036 2355 1100 transmutans;
2390 1049 2454 1089 ac
2482 1049 2607 1090 cum
2632 1036 3047 1092 resurrectione
3090 1042 3519 1097 transmutatum

1941 1121 2077 1178 illud
2114 1123 2171 1179 in
2202 1126 2452 1197 spiritale
2491 1142 2556 1183 ac
2612 1126 2841 1184 caeleste
2873 1127 3176 1184 ostendens
3214 1145 3230 1183 :
3284 1128 3432 1199 quod
3459 1136 3520 1185 et

1942 1214 2047 1286 ipsi
2080 1217 2283 1273 futurae
2317 1227 2520 1275 nostra:
2552 1220 3032 1276 transmutationis
3058 1235 3124 1276 ac
3166 1218 3522 1294 transﬁgun-

1942 1308 2111 1365 tionis
2129 1325 2423 1381 corporum
2444 1311 2713 1368 habemus
2735 1312 2957 1385 pignus.
2974 1312 3154 1384 Atque
3181 1321 3245 1367 ut
3264 1314 3387 1385 ejus
3403 1313 3520 1385 spei

1942 1399 2235 1456 obscuram
2263 1402 2687 1472 promissionem
2714 1410 2933 1461 certam
2981 1402 3322 1467 habeamus.
3372 1417 3522 1459 nunc

1943 1507 2162 1564 quoque
2185 1493 2655 1565 praecipuis-inter
2686 1493 2990 1565 discipulos
3013 1493 3259 1553 futuram
3292 1493 3347 1573 id
3380 1502 3521 1550 tem-

1944 1584 2097 1655 poris
2135 1586 2496 1642 mutationem
2540 1587 2844 1645 ostendere
2897 1588 2954 1643 in
3002 1587 3248 1643 animum
3284 1586 3519 1643 inducit.

1946 1677 2010 1733 In
2034 1686 2318 1744 momento,
2350 1678 2531 1749 inquit
2550 1679 2773 1745 Paulus,
2800 1679 2854 1734 in
2888 1679 2996 1733 ictu
3030 1678 3170 1734 oculi
3207 1678 3273 1735 "'.
3305 1677 3523 1736 Idcirco

256 1763 522 1818 θανάτου
545 1803 558 1827 ,
608 1762 720 1826 ἕως
757 1761 836 1817 ἂν
872 1761 1046 1816 ἴδωσι
1075 1761 1186 1816 τὸν
1217 1762 1356 1816 Υίόν
1380 1737 1491 1817 τοῦ
1516 1737 1835 1831 ανθρώπου

1949 1767 2027 1822 ait
2056 1783 2070 1821 :
2102 1766 2269 1823 Amen
2298 1737 2597 1831 dico-vobis.
2629 1737 2996 1840 sunt'quidam
3024 1767 3088 1822 de
3118 1767 3200 1822 hic
3235 1767 3520 1834 stantibus,

256 1855 591 1925 ἐρχόμενον
635 1854 705 1908 έν
752 1852 828 1924 τῇ
865 1854 1159 1922 βασιλείᾳ
1193 1853 1405 1911 αὑτοῦ.
1442 1854 1566 1919 Πῶς
1591 1854 1649 1910 δὲ
1680 1855 1838 1911 τοῦτο

258 1946 558 2016 γεγένηται
614 1946 877 2019 εἰσόμεθα
909 1947 974 1999 ὲκ
999 1945 1110 2000 τῶν
1139 1943 1289 2018 ἑξῆς.

331 2132 443 2187 Kal
491 2131 730 2203 ἐγένετο
774 2134 906 2203 μεθ’
943 2132 1171 2203 ἡμέρας
1220 2132 1290 2198 ἐξ
1313 2173 1330 2197 ,
1387 2133 1840 2204 παραλαμϐάνει

256 2227 293 2282 ό
324 2225 565 2292 Ἰησοῦς
596 2225 703 2279 τὸν
730 2225 976 2294 Πέτρον,
1009 2224 1109 2280 καὶ
1140 2224 1248 2279 τὸν
1283 2225 1576 2290 Ἰάκωϐον,
1608 2229 1706 2282 καὶ
1732 2227 1841 2281 τὸν

269 2315 564 2383 Ἰωάννην
588 2316 695 2370 τὸν
717 2316 989 2386 ἀδελφόν
1013 2316 1227 2372 αὐτοῦ·
1261 2318 1359 2373 καὶ
1384 2317 1595 2389 ἀνάγει
1615 2318 1841 2386 αὐτοὺς

255 2411 351 2473 εις
390 2407 527 2475 ὄρος
562 2408 813 2475 ὑψηλὸν
843 2408 1160 2476 κατιδίαν,
1212 2406 1314 2463 καί
1357 2410 1840 2480 μεταμορφωθεὶς

257 2499 292 2554 ὁ
336 2498 563 2566 Ἰησοῦς
609 2500 954 2568 ἔμπροσθεν
991 2498 1212 2553 αὐτῶν.
1249 2500 1528 2569 Ἕλαμψε
1555 2499 1623 2554 τό
1648 2501 1839 2569 πρόσ-

256 2605 429 2647 ωπον
460 2590 648 2645 αὐτοῦ
681 2590 763 2656 ὡς
795 2590 989 2658 ἣλιος.
1052 2591 1131 2646 Τὰ
1161 2588 1231 2643 δὲ
1261 2587 1460 2660 ἱμάτια
1488 2591 1677 2645 αὑτοῦ
1712 2590 1840 2661 ἐτέ-

255 2698 444 2736 νοντο
468 2682 661 2736 λευκὰ
690 2683 767 2746 ὡς
798 2680 962 2750 χιών.
998 2680 1111 2737 Kal
1142 2680 1272 2735 ιδοὺ
1306 2681 1605 2751 ὥςοθήσαν
1630 2681 1840 2749 αὐτοῖς

257 2775 528 2843 Μωῦσῆς
574 2774 675 2852 καί
721 2774 931 2839 Ἠλίας
977 2773 1447 2842 συλλαλοῦντες
1476 2773 1661 2840 αὐτῷ.
1701 2773 1839 2828 Τού-

255 2883 374 2920 των
406 2867 467 2919 οὐ
492 2865 664 2934 ψιλῶς
690 2864 987 2920 ἀκουστέον
1009 2881 1024 2898 ·
1079 2865 1202 2920 οὐδὲ
1239 2869 1406 2937 μέχρι
1433 2866 1544 2920 τῶν
1574 2865 1840 2938 ῥημάτων

257 2958 549 3028 νομιστέον
595 2953 739 3012 εῖναι
769 2957 869 3029 τὴν
899 2959 1167 3030 ἱστορίαν,
1203 2957 1357 3028 αὐτῷ
1392 2958 1539 3031 μόνῳ
1593 2961 1619 3000 ⁸
1647 2958 1840 3030 δηλοῦν

260 3066 369 3104 σαν
419 3049 484 3103 τὸ
529 3049 863 3121 δηλούμενον
917 3050 1007 3105 διά
1052 3050 1164 3105 τῶν
1212 3048 1452 3116 λέξεων·
1526 3051 1664 3105 ἀλλά
1717 3069 1840 3108 τινα
1868 3086 1913 3146 c

260 3141 663 3213 μυσταγωγίαν
691 3141 1064 3213 διῃρημένην,
1100 3142 1194 3195 καὶ
1223 3141 1334 3195 τῶν
1367 3140 1674 3211 μελλόντων
1705 3143 1838 3212 ἡμῖν

256 3230 508 3300 ὑπάρξαι
541 3233 679 3301 μετά
704 3231 853 3285 τόνδε
879 3230 995 3301 βίον
1020 3230 1129 3285 τῶν
1151 3230 1374 3301 ἀγαθῶν
1395 3230 1493 3303 τὴν
1515 3230 1835 3285 ἀπόλαυσιν·

259 3325 471 3395 μᾶλλον
514 3324 572 3378 δὲ
614 3327 728 3389 τοῖς
774 3326 988 3393 ἁγίοις,
1039 3324 1134 3378 καὶ
1178 3323 1277 3395 οὐχ
1313 3324 1468 3393 ἡμῖν.
1499 3323 1663 3377 Ὅθεν
1701 3324 1841 3394 μετά

257 3416 329 3480 ἐξ
356 3416 570 3487 ἡμέρας
602 3418 701 3488 τῆς
734 3416 1088 3486 ὑποσχέσεως
1119 3415 1220 3487 τὴν
1248 3415 1586 3484 ἐπαγγελίαν
1616 3414 1839 3488 πληροῖ,

256 3507 366 3577 τὴν
395 3506 530 3576 πρὸς
558 3509 684 3571 τοὺς
715 3506 965 3578 μαθητὰς
993 3506 1316 3577 εἰρημένην.
1370 3506 1435 3560 Ἠ
1462 3507 1508 3561 δ’
1538 3506 1842 3577 ὑπόσχεσις

155 3611 166 3618 ·
254 3596 370 3671 ἧν,
399 3601 484 3653 ὃτι
520 3599 687 3665 Τινὲς
714 3602 838 3654 εισι
864 3597 987 3653 τῶν
1017 3592 1132 3654 ὧδε
1162 3597 1471 3666 ἑστώτων,
1509 3599 1731 3665 οἵτινες
1765 3601 1838 3654 οὐ

251 3688 352 3761 μὴ
389 3690 723 3758 γεύσωνται
771 3689 1069 3759 θανάτου,
1127 3690 1240 3758 ἕως
1273 3690 1351 3746 ἂν
1385 3692 1559 3746 ῑὸωσι
1590 3691 1706 3760 τὴν
1725 3692 1843 3758 ,Βα-

256 3781 507 3837 σιλείαν
556 3781 663 3836 τοῦ
708 3781 896 3851 Θεοῦ,
950 3783 1017 3854 ἡν
1064 3784 1146 3836 δεῖ
1196 3783 1336 3855 μετά
1381 3776 1482 3855 τὴν
1526 3785 1841 3841 συντέλειαν

254 3872 363 3926 τοῦ
429 3874 735 3945 παχυτέρου
793 3875 1000 3945 κόσμου
1060 3875 1469 3947 φανερωθῆναι.
1546 3877 1638 3932 Διὸ
1703 3878 1843 3948 μετά

255 3962 329 4029 ἐξ
358 3963 571 4033 ἡμέρας
595 4003 611 4027 ,
671 3964 981 4034 παρέλαϐεν
1028 3966 1276 4030 ἐκείνους
1297 4007 1313 4033 ,
1368 3966 1462 4030 οὓς
1493 3967 1602 4023 ἔδει
1635 3970 1840 4039 γνῶναι

254 4051 335 4106 τὰ
369 4052 615 4121 θειότερα
661 4052 765 4121 τῆς
799 4052 1074 4124 βασιλείας
1112 4056 1395 4127 μυστήρια
1439 4059 1568 4127 πρὶν
1605 4058 1841 4116 θανάτου

254 4143 588 4213 γεύσασθαι.
621 4146 775 4199 Μετὰ
798 4146 856 4200 δὲ
882 4146 980 4210 τὰς
1002 4146 1082 4212 ἒξ,
1112 4148 1145 4219 ἡ
1174 4149 1377 4220 έϐδόμη
1406 4150 1575 4218 ἐστὶν,
1608 4153 1640 4224 ἡ
1669 4154 1841 4207 κατά-

199 4259 207 4265 ν
257 4251 467 4299 παυσις
499 4236 533 4305 ἡ
563 4236 718 4303 ἀγὶα,
755 4230 872 4312 ὲνῇ
904 4237 1005 4290 οὐκ
1032 4237 1180 4292 ἐστιν
1209 4239 1570 4308 ἐργάσασθαι.
1613 4242 1837 4317 Ἐπειδὴ

253 4328 327 4381 ὃν
376 4325 435 4393 ἒξ
475 4327 714 4398 ἡμέραις
763 4329 1024 4399 ἐποίησεν
1079 4331 1107 4383 ό
1150 4329 1286 4394 Θεὸς
1341 4331 1432 4385 τὸν
1474 4333 1704 4404 οὐρανὸν
1740 4336 1840 4390 ita}.

1945 1860 2036 1927 qui
2065 1874 2171 1912 non
2225 1858 2511 1929 gustabunt
2553 1867 2798 1926 mortem,
2848 1859 3014 1914 donec
3062 1859 3280 1914 uideant
3326 1855 3523 1914 Filium

1944 1949 2170 2004 hominis
2198 1951 2489 2005 uenientem
2521 1951 2578 2004 in
2606 1965 2766 2021 regno
2796 1948 2895 2006 suo'
2927 1948 2995 2005 ⁸⁸.
3050 1946 3158 2016 Qui
3197 1955 3383 2005 autem
3417 1947 3524 2004 hoc

1945 2049 2159 2115 gestum
2192 2042 2284 2106 sit,
2319 2041 2694 2112 intelligemus
2727 2056 2797 2096 ex
2825 2042 3211 2113 sequentibus.

2016 2133 2110 2190 111.
2146 2134 2217 2188 Et
2243 2135 2444 2204 factum
2465 2142 2539 2189 est
2559 2141 2676 2206 post
2699 2135 2810 2190 dies
2832 2149 2926 2190 sea:
2950 2150 2970 2190 :
2993 2135 3217 2190 assumit
3239 2132 3394 2192 Iesus
3423 2133 3526 2191 Pc-

1946 2230 2109 2288 trum,
2159 2230 2210 2277 et
2259 2222 2516 2277 Iacobum
2549 2262 2564 2289 ,
2613 2230 2661 2277 et
2680 2221 2945 2277 Joannem
2983 2222 3207 2294 fratrem
3256 2222 3372 2295 ejus
3406 2263 3422 2290 ,
3471 2235 3525 2280 et

1946 2315 2090 2370 ducit
2116 2313 2237 2370 illos
2267 2316 2320 2368 in
2345 2323 2575 2369 montem
2606 2312 2871 2368 excelsum
2899 2329 3160 2378 seorsum,
3201 2321 3252 2370 et
3298 2313 3521 2386 transﬁ-

1945 2416 2167 2480 guratus
2191 2416 2266 2463 est
2305 2414 2429 2461 ante
2461 2422 2567 2462 eos.
2593 2405 2665 2461 Et
2700 2404 3027 2476 resplenduit
3054 2403 3214 2476 facies
3235 2408 3350 2479 ejus
3387 2408 3523 2462 sicut

1944 2499 2071 2555 sol:
2111 2501 2420 2554 vestimenta
2443 2500 2559 2569 ejus
2595 2496 2739 2569 facta
2769 2504 2895 2552 sunt
2939 2495 3064 2552 alba
3109 2498 3247 2552 sicut
3286 2497 3400 2553 nix.
3453 2495 3523 2552 Et

1946 2609 2060 2648 ecce
2083 2600 2449 2664 apparuerunt
2479 2592 2552 2645 eis
2579 2589 2783 2662 Moyses
2825 2596 2876 2643 et
2905 2588 3058 2644 Elius
3094 2589 3364 2661 loquentes
3403 2606 3524 2646 cum

1946 2701 2006 2738 eo
2035 2683 2104 2737 ⁸ο.
2157 2683 2277 2738 Non
2327 2689 2458 2738 sunt
2497 2682 2616 2737 ham
2663 2696 2787 2753 quae
2814 2680 2994 2735 levius
3022 2681 3209 2736 audiri
3239 2681 3522 2751 debeant,
3610 2698 3623 2707 ‘

1946 2787 2051 2829 nec
2077 2771 2385 2843 putandum
2416 2770 2555 2826 nihil
2579 2771 2724 2826 ultra
2757 2784 2923 2840 quam
2943 2768 3091 2840 quod
3120 2769 3291 2827 verba
3316 2769 3523 2842 praefe-

1947 2874 2081 2920 runt
2100 2864 2306 2920 habere
2322 2864 2633 2929 historiam,
2654 2863 2708 2918 id
2726 2870 2941 2919 tantum
2959 2862 3360 2936 signiﬁcantem
3374 2864 3523 2935 quod

1946 2973 2046 3029 per
2074 2972 2240 3013 voces
2260 2956 2582 3028 designatur
2602 2973 2615 3010 :
2633 2955 2728 3013 sed
2753 2956 2930 3029 magis
2946 2955 3294 3012 arcaniorem
3326 2970 3524 3027 quam-

1948 3047 2073 3103 dam
2108 3047 2419 3105 doctrinam
2451 3089 2467 3114 ,
2512 3062 2576 3103 ac
2604 3046 2768 3102 nobis
2788 3055 2916 3118 post
2944 3047 3114 3120 hujus
3144 3047 3273 3104 vita
3299 3061 3524 3105 cursum

1950 3138 2321 3209 repositorum
2343 3138 2620 3194 bonorum
2656 3135 2980 3195 fruitionem
3001 3177 3016 3202 ,
3047 3136 3187 3208 quin
3221 3136 3336 3191 imo
3361 3150 3526 3206 repo-

1947 3231 2184 3286 sitorum
2222 3231 2453 3295 sanctis,
2509 3243 2620 3286 non
2654 3228 2838 3284 nobis.
2874 3226 3169 3295 Quocirca,
3210 3234 3333 3298 post
3375 3226 3524 3282 diem

1948 3329 2166 3378 sextum
2196 3338 2225 3376 a
2259 3322 2649 3394 promissione,
2685 3320 3107 3392 promissionem
3135 3318 3327 3388 implet
3359 3334 3525 3391 quam

1948 3414 2018 3471 ad
2048 3413 2351 3484 discipulos
2379 3413 2618 3470 dixerat.
2650 3414 2781 3468 Erat
2818 3422 3004 3468 autem
3054 3411 3147 3468 illa
3196 3410 3468 3485 ejusmodi
3506 3427 3523 3468 :

1948 3506 2089 3564 Sunt
2102 3506 2319 3578 quidam
2340 3506 2403 3560 de
2422 3507 2506 3561 hic
2533 3506 2823 3568 stantibus,
2846 3505 2937 3579 qui
2953 3522 3059 3560 non
3078 3504 3363 3577 gustabunt
3381 3520 3527 3559 utor-

1949 3607 2073 3664 tem,
2118 3599 2282 3653 donec
2304 3599 2516 3652 videant
2538 3597 2870 3668 regnude
2901 3597 2945 3629 “
2971 3614 2987 3664 ;
3014 3595 3163 3667 quod
3184 3605 3310 3665 post
3349 3594 3526 3651 crassi

1948 3691 2117 3763 hujus
2136 3690 2328 3746 mundi
2350 3689 2888 3745 consummationem
2912 3696 3134 3760 oportet
3159 3682 3523 3744 manifestari.

1949 3784 2297 3854 Quapropter
2319 3788 2443 3851 post
2471 3780 2590 3836 dies
2617 3795 2714 3835 sex
2735 3794 2832 3835 eos
2858 3778 3180 3849 assumpsit,
3204 3792 3346 3848 quos
3379 3777 3526 3833 divi-

1950 3876 2107 3932 niora
2148 3874 2301 3945 regni
2332 3872 2595 3945 mysteria
2626 3871 2771 3926 seire
2802 3868 3134 3940 oportebat,
3165 3869 3324 3939 prius
3355 3883 3524 3939 quam

1949 3973 2237 4040 gustarent
2258 3972 2515 4049 mortem.
2548 3962 2748 4024 Porro,
2770 3969 2895 4032 post
2924 3968 3136 4015 sextam
3160 3959 3308 4015 diem
3338 3959 3528 4029 sequi-

1954 4068 2042 4116 tur
2073 4059 2329 4129 septima,
2360 4065 2551 4111 saneta
2583 4055 2674 4109 illa
2701 4053 2925 4124 requies
2954 4052 3010 4107 in
3040 4067 3149 4123 qua
3171 4051 3390 4122 operari
3411 4066 3525 4107 non

1951 4150 2127 4206 licet:
2161 4147 2309 4219 quod
2364 4146 2628 4202 nimirum
2680 4146 2825 4200 Deus
2868 4142 3068 4199 diebus
3119 4142 3271 4198 senis
3319 4141 3522 4197 emtum

1950 4251 2011 4299 et
2039 4250 2239 4297 terram
2270 4238 2562 4302 creaverit,
2614 4236 2820 4307 dieque
2851 4234 3086 4306 septima
3129 4231 3470 4304 requieverit
3500 4272 3516 4298 ,

1953 4347 2188 4402 eamque
2214 4328 2662 4387 sanctiﬁcarerit.
2689 4325 3060 4393 Quamobrem
3088 4327 3262 4395 prima
3279 4323 3369 4379 die
3384 4338 3524 4379 con-

252 4417 366 4485 τὴν
393 4418 534 4486 γῆν·
594 4419 690 4472 καὶ
739 4421 807 4490 τῇ
850 4420 1058 4492 ἑϐδόμῃ
1107 4421 1444 4488 κατέπαυσε,
1482 4425 1577 4477 καὶ
1606 4424 1836 4496 ἡγίασεν

1954 4424 2076 4495 tigit
2095 4420 2392 4492 promissio
2419 4437 2433 4473 :
2458 4418 2764 4488 eademque
2778 4417 2982 4471 iterum
3002 4415 3178 4485 prima
3198 4412 3524 4484 promissio-

255 4506 457 4576 αὐτήν.
491 4507 654 4560 Ὥστε
686 4510 752 4578 τῇ
786 4505 976 4579 πρώτῃ
1005 4509 1231 4577 γέγονεν
1255 4507 1584 4580 ὑπόσχεσις·
1620 4511 1654 4581 ἡ
1688 4509 1838 4582 πρώ-

253 4614 337 4666 τη
362 4596 391 4637 ll
425 4598 585 4653 πάλιν
617 4600 650 4668 ἡ
684 4599 785 4668 τῆς
814 4599 1164 4671 ὑποσχέσεως
1192 4598 1494 4670 πλήρωσις.
1548 4601 1842 4673 Σύστοιχος

255 4686 364 4744 οὖν
394 4689 540 4744 ἐστιν
568 4692 595 4744 δ
633 4690 694 4755 ἐξ
723 4691 956 4762 ἀριθμὸς
994 4690 1074 4762 τῷ
1104 4693 1399 4764 παχυτέρῳ
1426 4694 1629 4765 κόσμῳ’
1642 4695 1838 4768 τούτῳ,

160 4804 171 4813 ι
256 4782 331 4842 ὃς
366 4780 778 4852 συντεθειμένος
822 4783 889 4834 ὲκ
918 4781 1027 4836 τῶν
1058 4782 1206 4836 ἰδίων
1231 4783 1459 4854 ἡμερῶν
1488 4786 1843 4858 συμπληροῦ-

258 4887 382 4933 ται,
408 4873 675 4940 γενέσεως
700 4872 777 4927 ὢν
802 4872 1093 4942 σύμϐολον,
1120 4874 1260 4944 ἔχων
1285 4875 1343 4928 δὲ
1369 4877 1429 4931 ὲν
1456 4877 1638 4949 ἐαυτῷ
1664 4880 1722 4931 τὸ
1744 4878 1845 4951 ἄῤ-

261 4964 368 5036 ῥεν
397 4963 491 5015 καὶ
519 4962 582 5017 τὸ
603 4961 761 5032 θῆλυ,
792 4957 868 5017 ὧν
895 4966 929 5036 ἡ
956 4965 1250 5037 συμπλοκὴ
1278 4966 1544 5036 ποιεῖτὴν
1570 4969 1634 5020 ὲκ
1659 4969 1844 5040 σωμά-

261 5068 378 5106 των
406 5052 642 5120 γένεσιν.
678 5055 835 5108 Μετά
861 5054 919 5108 δὲ
973 5057 1182 5110 τούτων
1211 5057 1423 5124 γένεσιν
1452 5056 1618 5130 [μετά
1643 5059 1701 5112 δὲ
1727 5058 1852 5112 τού-

260 5139 406 5214 των]
443 5141 666 5212 ἔρχεται
695 5144 822 5215 ἑξῆς
856 5146 890 5216 ἡ
940 5146 1178 5216 ἑϐδόμη,
1213 5147 1285 5201 ἐν
1310 5142 1351 5220 ᾖ
1380 5147 1521 5203 οὔτε
1549 5149 1849 5218 γαμοῦσιν

262 5231 412 5288 οὔτε
454 5231 842 5303 ταμίζουσιν,
897 5237 1037 5291 ἀλλ’
1088 5238 1170 5303 ὠς
1214 5238 1462 5310 ἄγγελοι
1491 5240 1641 5295 Θεοῦ
1672 5241 1743 5295 ἐν
1769 5242 1850 5308 τῷ

1946 4512 2036 4568 nis
2055 4510 2164 4565 fuit
2189 4509 2462 4579 impletin.
2489 4507 2754 4563 Senarius
2786 4521 2918 4578 ergo
2941 4519 3209 4561 numerus
3232 4503 3410 4559 amnis
3438 4513 3525 4559 est

1947 4602 2210 4660 crassiori
2268 4601 2359 4656 isti
2412 4600 2641 4663 mundo,
2667 4599 2761 4668 qui
2797 4597 3165 4668 compositus,
3225 4612 3294 4651 ex
3320 4595 3522 4650 diebus
3603 4596 3607 4601 ’

1947 4695 2191 4767 propriis
2219 4693 2556 4764 completur,
2592 4690 2968 4762 generationis
2994 4689 3269 4745 exsistens
3301 4688 3525 4762 symbo-

1947 4786 2085 4852 lum,
2113 4801 2179 4841 ac
2210 4786 2266 4840 in
2296 4800 2355 4840 se
2386 4784 2598 4840 habens
2626 4797 2833 4838 marem
2863 4796 2929 4836 ac
2962 4779 3247 4846 feminam,
3282 4795 3519 4851 quorum

1950 4892 2280 4948 congressus
2301 4890 2600 4946 corporum
2628 4872 3042 4943 generationem
3072 4869 3222 4926 facit.
3257 4870 3390 4926 Post
3418 4869 3523 4925 ho-

1949 4984 2075 5024 rum
2116 4976 2299 5024 autem
2327 4970 2740 5039 generationem
2768 4965 2956 5021 veniet
2977 4963 3244 5034 deinceps
3266 4961 3524 5032 septima,

1950 5060 2007 5116 in
2042 5075 2155 5130 qua
2186 5076 2280 5114 nec
2306 5061 2528 5123 nubent,
2587 5076 2681 5114 nec
2702 5059 2917 5113 tradent
2946 5056 3137 5129 nuptui
3166 5095 3183 5121 ,
3222 5053 3321 5110 sed
3363 5060 3522 5108 erunt

1949 5154 2083 5206 sicut
2109 5150 2286 5222 angeli
2314 5150 2408 5204 Dei
2435 5138 2491 5205 in
2523 5149 2650 5205 caelo
2689 5151 2756 5204 ".
2791 5149 2949 5206 Unde
2974 5148 3140 5203 etiam
3174 5143 3528 5215 septeparius

1951 5255 2217 5296 numerus
2247 5239 2405 5312 virgo
2451 5237 2691 5306 dicitur;
2744 5253 2809 5293 ac
2841 5239 2961 5295 dies
3001 5235 3257 5308 septima,
3308 5239 3521 5298 sancta,

345 5384 396 5459 ff
431 5385 588 5459 Joan.
609 5403 665 5451 ν,
698 5386 787 5459 Ξῖ.
825 5389 894 5421 ⁸⁸⁸
920 5389 1110 5445 Matth.
1144 5408 1252 5458 ιη,
1276 5392 1365 5451 27.
1445 5395 1492 5429 ⁸⁸
1533 5396 1708 5452 Hebr.
1741 5413 1779 5459 ι,
1812 5398 1835 5451 1

1973 5396 2017 5429 ³⁸
2056 5397 2162 5453 lsa.
2213 5409 2325 5458 un,
2348 5392 2403 5449 2.
2438 5393 2480 5425 "
2512 5392 2659 5448 Psal.
2686 5405 2828 5458 sur,
2876 5392 2930 5446 '5.
2957 5392 3002 5427 ³⁸
3032 5391 3052 5446 l
3086 5388 3215 5448 Cor.
3279 5404 3372 5456 xv,
3432 5386 3523 5444 52.

220 5522 223 5525 Α
268 5456 320 5490 ⁹⁴
347 5455 537 5511 Matth.
571 5473 680 5523 ενι,
718 5458 808 5515 28.
873 5459 920 5493 “
942 5460 1133 5516 Matth.
1184 5455 1313 5528 xm,
1345 5465 1454 5521 1-5.
1534 5467 1578 5499 ⁸³
1609 5455 1800 5521 Matth.

1945 5508 1950 5528 ,
1989 5466 2079 5521 28.
2151 5466 2196 5499 δ’
2229 5455 2419 5520 Matth.
2459 5477 2587 5527 xm,
2625 5463 2707 5522 50.

1552 5601 1792 5656 νΑΙΗιΕ
1835 5600 2239 5658 Ι-ΕΟΤΙΟΝΕΒ.

386 5693 410 5730 ⁸
434 5696 473 5744 .t
486 5687 602 5755 ὑτῷ
630 5691 810 5759 μόνῳ.
840 5690 969 5761 Leg.
998 5691 1130 5745 αὐτὸ
1158 5693 1336 5763 μόνον.

1434 5694 1461 5733 ¹ι
1514 5695 1574 5749 Ἠ
1610 5695 1829 5763 πρώτη.
1855 5695 2037 5763 Forte,
2067 5698 2126 5767 τῇ
2157 5693 2366 5766 πρώτῃ.
