3914 6304
79 460 285 562 Ἰησοῦ
327 469 395 521 ὲν
430 469 520 542 τῷ
549 472 701 544 ὄρει,
761 476 914 546 μόλις
945 460 1188 548 ἔγνωσαν
1220 485 1300 538 ὅτι
1333 460 1704 562 ᾖίωῦσῆςνκοίὶ

68 553 293 654 Vilica;
350 561 494 614 τότε
536 563 613 634 τῷ
654 566 831 636 Ἰησοῦ
880 570 1203 627 συλλαλοῦσι
1231 617 1245 641 ,
1306 553 1703 654 συμμετανμορ-

71 647 411 740 φωθῶῗσινί
448 654 624 724 αὐτῷ.
679 657 742 708 El
789 659 865 727 μὴ
901 660 1012 732 γὰρ
1056 647 1701 740 συμμεταμορξρωθέὺσιν,

72 737 144 788 οὐ
183 739 570 799 συλλαλοῧσι.
603 749 995 805 Συνελάλουν
1019 754 1075 807 δὲ
1102 757 1180 826 τῷ
1217 737 1592 829 Ἰησοῦ-,κατὰ
1613 737 1705 819 τὸν

73 830 327 884 Λουκᾶν
352 872 368 894 ,
440 837 577 903 περὶ
628 837 737 905 τῆς
780 840 998 904 ἐξόδου
1046 841 1123 914 ἧς
1164 846 1386 916 ἔμελλε
1428 853 1704 920 πληροῦν

74 922 156 1015 ἐσς’
209 923 692 1015 Ἰερουσαλήμ·
757 931 851 983 καὶ
907 934 1106 1003 ἤκουον
1162 938 1213 989 οἱ
1268 940 1514 1011 μαθηταὶ
1570 948 1703 1015 παρ’

75 1011 286 1065 αὐτῶν
310 1052 327 1076 ,
397 1017 536 1086 περὶ
581 1012 655 1071 ὧν
700 1020 979 1090 ἠγνόησαν
1020 1040 1151 1078 ποτε
1190 1028 1482 1095 λαλοῦντος
1522 1035 1705 1098 αὐτοῖς

78 1102 185 1154 τοῦ
227 1104 462 1173 Ἰησοῦ
494 1109 582 1160 ὅτε
611 1109 707 1162 καὶ
735 1111 943 1181 Πέτρος
970 1116 1250 1187 φρονήσας
1274 1119 1343 1172 τὰ
1365 1120 1474 1173 τῶν
1495 1123 1706 1194 ἀνθρὼ-

80 1209 239 1258 πων,
283 1196 611 1269 ἐπετίμησε
647 1199 725 1270 τῷ
760 1202 936 1272 Ἰησοῦ
966 1205 1215 1274 λέγοντι,
1265 1211 1482 1280 μέλλειν
1512 1215 1704 1268 ἑαυτὸν

82 1286 554 1340 ἀποκτείνεσθαι
607 1292 758 1361 παρὰ
806 1293 918 1346 τῶν
957 1295 1296 1367 ἀνθρώπων,
1334 1303 1428 1356 καὶ
1456 1308 1705 1375 τριταῖον

77 1378 149 1428 ἐκ
197 1378 451 1448 νεκρῶν
494 1379 831 1450 ἐγείρεσθαι.
889 1384 1343 1457 Συμφθέγγονται
1387 1395 1587 1457 τοίνυν,
1627 1396 1705 1459 ὡς

77 1468 233 1540 ἔφην
262 1509 281 1534 ,
336 1469 438 1540 τῷ
474 1471 655 1540 Ἰησοῦ
700 1473 948 1543 Μωῦσῆς
982 1478 1077 1529 καὶ
1115 1480 1302 1545 Ἠλίας
1327 1497 1341 1510 ·
1400 1485 1700 1555 τουτέστιν,

77 1564 108 1615 ὁ
150 1562 338 1631 νόμος
400 1562 506 1615 καὶ
548 1565 597 1616 οἰ
637 1564 937 1635 προφῆται.
985 1568 1153 1624 Ὅταν
1194 1577 1704 1646 μεταμορφωθῶσιν

83 1653 287 1706 αὐτῶν
320 1655 376 1707 οἱ
410 1652 597 1722 λόγοι,
647 1656 741 1708 καὶ
787 1656 1086 1727 κινηθῶσιν
1116 1663 1173 1728 αἱ
1203 1662 1297 1716 τοῦ
1328 1666 1496 1736 νόμου
1528 1671 1699 1732 σκιαὶ,

83 1744 222 1795 τότε
255 1744 363 1796 καὶ
393 1744 829 1814 πιστευθήσεται
852 1748 1097 1818 Μωῦσῆς
1120 1754 1148 1803 ὁ
1169 1752 1444 1823 θεράπων,
1465 1760 1492 1810 ὀ
1508 1759 1700 1822 πιστὸς
1732 1743 1772 1799 Β

1810 504 2028 560 tandem
2063 516 2446 578 cognoverunt
2465 509 2689 581 Moysen
2716 525 2781 565 ac
2799 511 2976 566 Eliam
3003 513 3229 569 interim
3251 531 3377 571 cum

1805 595 1937 650 Jesu
1969 599 2379 668 colloquentes,
2412 601 2543 655 dum
2576 603 2956 672 transﬁgurati
3001 616 3210 661 essent.
3258 607 3377 662 Nisi

1805 687 1951 740 enim
1971 699 2160 743 essent
2180 692 2579 762 transﬁgurati,
2594 708 2707 746 non
2719 694 3194 763 colloquerentur.
3215 696 3378 753 Juxta
3418 691 3424 699 ’

1807 786 1991 831 autem
2025 778 2234 833 Lucam
2258 821 2271 844 ,
2305 781 2680 851 Loquebantur
2720 800 2845 838 cum
2885 785 3017 840 Jesu
3070 787 3133 839 de
3166 804 3377 842 excessu

1809 885 1963 938 quem
1985 870 2339 940 completurus
2364 882 2480 927 erat
2508 874 2562 926 in
2593 874 2889 929 Jerusalem
2910 877 2956 908 '°
2980 887 3176 947 :atque
3199 879 3268 933 ab
3297 881 3379 933 eis

1806 959 2111 1014 audiebant
2134 961 2423 1031 discipuli,
2459 963 2606 1033 quod
2653 964 2937 1033 quondam
2990 982 3105 1021 non
3214 962 3376 1015 intel-

1804 1048 2058 1105 lexerant
2092 1050 2161 1115 “,
2223 1066 2351 1105 cum
2380 1053 2463 1107 eis
2513 1053 2679 1108 Jesus
2728 1056 3090 1124 loqueretur,
3152 1059 3373 1127 quando

1804 1140 1971 1194 etiam
1990 1140 2189 1196 Petrus
2209 1143 2433 1212 sapiens
2448 1160 2571 1213 qua:
2592 1154 2722 1199 sunt
2736 1146 3048 1215 hominum,
3070 1149 3379 1218 increpavit

1803 1230 1992 1287 Iesum
2014 1232 2291 1289 dicentem
2318 1234 2437 1290 fore
2487 1246 2546 1291 ut
2574 1238 2643 1291 ab
2660 1238 2985 1295 hominibus
3002 1241 3354 1296 occideretur

1803 1341 1869 1381 ac
1885 1326 1975 1383 die
1995 1328 2160 1384 tertia
2191 1345 2219 1383 a
2253 1331 2491 1385 mortuis
2523 1335 2927 1403 resurgeret”.
2946 1334 3018 1390 Ut
3035 1337 3222 1406 itaque
3238 1334 3375 1399 dixi,

1802 1417 2111 1488 loquuntur
2138 1436 2264 1475 cum
2296 1420 2427 1476 Iesu
2451 1421 2667 1494 Moyses
2696 1433 2754 1478 et
2780 1425 2932 1479 Elias
2967 1443 2981 1479 :
3010 1425 3121 1481 hoc
3150 1435 3258 1491 est,
3286 1426 3373 1482 lex

1802 1516 1860 1561 et
1887 1507 2192 1578 prophetae.
2225 1508 2457 1574 Quando
2474 1525 2671 1565 eorum
2702 1513 2951 1566 rationes
2966 1514 3377 1584 transﬁgurata:

1801 1595 2031 1662 fuerint,
2077 1614 2142 1653 ac
2188 1598 2326 1667 legis
2379 1601 2589 1656 umbrae
2635 1612 2838 1667 motae;
2884 1611 3022 1658 tunc
3069 1613 3127 1658 et
3165 1604 3377 1676 Moyses

1805 1686 1985 1741 ﬁdelis
2004 1702 2219 1754 servus,
2244 1688 2339 1758 qui
2371 1689 2630 1743 universa
2657 1690 2723 1744 ad
2751 1689 3035 1746 Christum
3067 1693 3375 1762 spectantia

1801 1775 2109 1844 scripserit,
2134 1775 2297 1831 ﬁdem
2320 1776 2571 1843 habebit,
2593 1779 2823 1849 ejusque
2845 1768 3139 1850 perspicue
3162 1781 3373 1836 exitum

87 1836 235 1904 περὶ
266 1835 529 1905 Χριστοῦ
564 1836 785 1907 γράψας
815 1839 1027 1892 πάντα⁹
1069 1844 1162 1895 καὶ
1196 1845 1294 1914 τὴν
1327 1845 1505 1910 ἔξοδον
1533 1850 1698 1904 αὐτοῦ

88 1929 473 1997 παραστήσει
532 1926 825 1995 τηλαυγῶς
883 1930 948 1982 ἐκ
1003 1931 1113 1984 τῶν
1164 1933 1314 1987 ἰδίων
1356 1935 1568 2004 λόγων,
1631 1939 1699 2010 ἡν

89 2017 311 2088 ἔμελλε
348 2014 598 2087 πληροῦν
628 2021 686 2071 ὲν
716 2019 1082 2092 Ἰερουσαλήμ
1101 2037 1115 2053 ⁸
1151 2024 1213 2077 τὸ
1241 2026 1299 2077 δὲ
1330 2028 1699 2084 πυνθάνεσθαί

89 2125 287 2171 τινας,
361 2107 554 2173 πόθεν,
607 2109 641 2179 ἢ
694 2109 833 2175 πῶς,
888 2113 985 2166 καὶ
1030 2117 1095 2167 ἐκ
1127 2115 1288 2169 τίνων
1323 2120 1565 2189 σημείων
1596 2125 1698 2175 ἐπ-

92 2201 373 2269 έγνωσαν
408 2200 456 2251 οἱ
490 2198 734 2270 μαθηταὶ
775 2204 903 2264 τοὺς
938 2192 1260 2276 προφήτας,
1316 2209 1376 2260 οὗ
1422 2227 1511 2279 μοι
1550 2211 1701 2264 δοκεῖ

94 2290 334 2360 κομψὸν
371 2290 709 2361 ἐπερώτημα
746 2292 840 2344 καὶ
872 2293 1157 2365 ζητήσεως
1190 2296 1342 2361 ἄξιον
1371 2295 1531 2354 εἶναι.
1590 2301 1696 2354 Καὶ

93 2383 216 2451 γὰρ
269 2381 417 2450 πρὸς
457 2381 715 2434 τοσοῦτον
761 2382 896 2451 ὕψος
933 2388 1324 2457 χωρήσαντες,
1380 2390 1518 2442 ὥστε
1566 2391 1697 2456 θέας

96 2474 428 2541 ἀξιωθῆναι
453 2474 733 2545 τοιαύτης,
752 2476 817 2547 ἠν
845 2477 1121 2547 βασιλείαν
1147 2481 1392 2550 οὐρανῶν
1412 2482 1695 2553 ὠνόμασεν

95 2569 125 2618 ὁ
161 2564 546 2633 ἀποκαλύψας
582 2567 764 2629 αὐτοῖς
795 2568 987 2642 ἑαυτὸν
1016 2572 1128 2633 τοῖς
1160 2574 1464 2642 προφήταις
1489 2591 1697 2644 συμμε-

97 2654 406 2726 ταμορφού
416 2673 592 2725 μενον,
614 2658 729 2719 πῶς
745 2660 868 2721 τοὺς
891 2677 955 2713 συ
964 2661 1080 2730 μμύ
1092 2679 1216 2726 στας
1236 2661 1378 2734 εἶχον
1398 2667 1692 2735 ἁγνοῆσαι;

96 2746 347 2808 Πάντως
395 2745 674 2816 προφῆται
713 2747 771 2800 δὲ
818 2744 956 2819 ἦσαν
1006 2754 1100 2803 καὶ
1148 2753 1194 2804 οἱ
1240 2755 1524 2808 ἀπόστολοι
1554 2774 1565 2786 ·
1604 2759 1696 2810 καὶ

100 2837 401 2905 πρσφῆται
466 2839 777 2909 προφήταις
832 2842 1247 2910 συγγενόμενοι,
1288 2845 1419 2913 μίαν
1462 2848 1554 2896 καὶ
1597 2846 1693 2917 τὴν

102 2930 285 2998 αὐτὴν
318 2928 534 2997 ἔχουσιν
564 2928 962 3003 [stantiam]-
1000 2934 1092 2986 καὶ
1128 2935 1387 3003 μάλιστα,
1425 2937 1695 3006 παρῦντος

116 3015 336 3087 Ἰησοῦ,
362 3017 455 3068 καὶ
480 3018 811 3084 φωτίζοντος
842 3021 903 3072 τὸ
928 3024 1282 3091 ἡγεμονικὸν,
1312 3026 1405 3077 καὶ
1432 3026 1696 3095 μορφοῦν·

103 3083 202 3170 τος
234 3109 334 3160 τὸν
363 3083 501 3162 νοῦν
527 3110 662 3179 πρὸς
694 3110 889 3165 ἑαυτοῦ
925 3083 1075 3167 θἐιοὶν
1105 3083 1344 3185 μορφην.
1400 3083 1516 3171 Ιέαὶ·
1545 3083 1694 3171 ξιπο-
1720 3083 1762 3141 C

62 3219 67 3222 ·
108 3198 344 3265 κριθεὶς
375 3201 408 3251 ὀ
432 3197 651 3266 Πέτρος
683 3198 762 3264 τῷ
793 3202 1017 3267 Ἰησοῦ,
1050 3200 1179 3257 εἷπε
1200 3222 1212 3234 ·
1270 3207 1464 3273 Κύριε,
1502 3209 1695 3260 καλόν

108 3290 290 3343 ἐστιν
319 3289 477 3357 ἡμᾶς
499 3286 618 3346 ὦδε
645 3288 798 3345 εἶναι
818 3310 831 3323 ο
877 3297 928 3346 εἱ
958 3294 1176 3360 θέλεις.
1206 3299 1553 3366 ποιήσωμεν
1579 3297 1694 3351 ὦδε

109 3383 357 3450 σκηνὰς
400 3383 557 3450 τρεῖς
582 3400 596 3413 ⁶
655 3383 755 3437 σοὶ
793 3385 963 3453 μίαν,
999 3386 1097 3438 καὶ
1128 3387 1370 3440 Μωῢσεῖ
1388 3387 1558 3455 μίαν,
1594 3386 1693 3440 καὶ

124 3472 297 3539 Ἠλίᾳ
315 3472 730 3544 μίαν.”ῌσθετο
764 3473 975 3543 Πέτρος
1004 3474 1103 3543 τῆς
1131 3475 1397 3542 διαφορᾶς
1426 3475 1536 3527 τῶν
1564 3491 1693 3544 νοη-

112 3562 230 3613 τῶν
258 3603 274 3627 ,
311 3564 410 3614 ὅσα
432 3563 554 3632 ἔχει
587 3563 722 3632 πρὸς
763 3563 832 3614 τὰ
861 3563 1125 3632 αἱσθητάο
1165 3562 1258 3616 καὶ
1289 3566 1529 3633 αἱρεῖται
1559 3566 1694 3633 μᾶλ-

112 3652 210 3703 λον
242 3650 312 3702 τὰ
342 3652 627 3721 κρείττονα
656 3652 761 3703 τῶν
787 3652 1068 3722 χειρόνων.
1101 3654 1246 3724 Πλὴν
1275 3654 1489 3706 οὐδέπω
1512 3655 1695 3708 τελεία

113 3741 341 3809 γεγόνει
374 3741 480 3792 τῶν
509 3741 784 3814 ὀφθέντων
811 3742 960 3812 αύτῷ
991 3746 1023 3814 ἡ
1055 3743 1256 3811 γνῶσις
1278 3760 1290 3773 ο
1344 3745 1467 3796 ἐπεὶ
1500 3745 1601 3797 οὐκ
1629 3744 1696 3799 ἂν

117 3833 441 3903 ἐφρόντισεν
475 3836 533 3887 ἐν
561 3836 672 3896 τοῖς
709 3835 1026 3904 νοουμένοις
1058 3836 1298 3906 σκηνῶν.
1326 3837 1487 3898 Ἴσως
1515 3837 1570 3888 δὲ
1600 3837 1696 3890 καὶ

115 3926 370 3994 ἀγωνιῶν
403 3927 482 3979 ἔτι
519 3929 647 3997 περὶ
676 3927 768 3980 τοῦ
797 3928 1115 3982 διδασκάλου
1137 3971 1151 3989 .
1185 3930 1250 3983 δι’
1279 3929 1337 3983 δν
1372 3930 1692 4000 προειρήκει

118 4020 390 4080 (eum,
472 4019 602 4089 περὶ
663 4014 723 4072 οὗ
797 4021 890 4072 καὶ
946 4023 994 4073 οἱ
1045 4020 1305 4088 ὀφθέντες
1361 4021 1691 4075 συνελάλουν

116 4111 195 4179 τῷ
235 4110 433 4181 Ἰησοῦ.
468 4110 783 4179 Συμφὼνως
809 4111 919 4181 γὰρ
954 4114 1010 4163 ὲν
1048 4112 1409 4183 Ἰερουσαλὴμ
1435 4112 1694 4181 γενέσθαι

119 4201 325 4271 ταύτην
360 4202 546 4269 ἔλεγον
593 4202 693 4271 τὴν
727 4200 921 4265 ἔξοδον.
982 4203 1081 4256 Διὰ
1115 4204 1275 4256 τοῦτο
1308 4203 1472 4274 τυχὸν
1503 4202 1693 4272 ἠρώτα

118 4290 210 4341 τὸν
254 4292 573 4344 διδάσκαλον
625 4294 742 4345 ἐκεῖ
795 4294 976 4362 μένειν
1021 4294 1254 4365 μᾶλλον,
1304 4294 1399 4347 καὶ
1430 4294 1694 4365 μηδαμῶς

1800 1881 1963 1935 quem
1994 1875 2115 1920 erat
2144 1868 2527 1936 completurus
2561 1870 2616 1923 in
2649 1868 2982 1935 Jerusalem,
3019 1886 3085 1926 ex
3108 1872 3225 1926 suis
3252 1872 3373 1941 ipse

1800 1956 2113 2012 rationibus
2156 1957 2460 2013 exhibebit.
2507 1958 2664 2026 Quod
2709 1970 2894 2016 autem
2933 1962 3102 2032 aliqui
3137 1977 3375 2032 percon-

1799 2053 2011 2108 tantur,
2059 2045 2229 2112 undc,
2275 2054 2370 2100 aut
2396 2048 2700 2116 quomodo,
2755 2065 2823 2103 ex
2870 2050 3150 2119 quibusve
3196 2051 3373 2122 signis

1799 2135 2059 2205 discipuli
2093 2137 2394 2205 prophetas
2422 2139 2820 2208 cognoverint,
2875 2140 3025 2194 haud
3062 2141 3198 2194 mihi
3227 2140 3371 2195 scita

1797 2226 2022 2279 videtur
2056 2225 2430 2294 percontatio,
2462 2242 2526 2281 ac
2556 2227 2720 2297 digna
2751 2228 3028 2283 examine.
3084 2228 3368 2297 Siquidem

1797 2318 1945 2372 enim
1965 2316 2031 2371 ad
2056 2325 2264 2371 tantam
2286 2316 2677 2372 celsitudinem
2700 2326 3073 2387 provexerant
3097 2328 3157 2372 ut
3175 2319 3369 2388 grandi

1796 2406 1936 2462 adeo
1974 2408 2294 2477 spectaculo
2323 2407 2474 2477 digni
2533 2408 2895 2473 haberentur,
2956 2408 3106 2477 quod
3136 2409 3255 2477 ipse
3310 2424 3370 2463 se

1795 2498 1879 2553 eis
1916 2515 2024 2553 una
2055 2514 2178 2552 cum
2230 2498 2522 2568 prophetis
2581 2498 3034 2569 transﬁguratum
3064 2500 3320 2555 revelans
3353 2540 3368 2563 ,

1796 2604 2025 2658 regnum
2075 2587 2344 2641 ccelorum
2388 2586 2750 2656 appellasset,
2780 2587 3060 2656 quomodo
3096 2581 3368 2641 condisci-

1792 2677 1957 2748 pulos
1996 2678 2255 2747 ignorare
2304 2677 2611 2746 poterant?
2665 2678 2834 2733 Plane
2867 2686 2924 2733 et
2978 2678 3084 2747 ipsi
3130 2676 3368 2746 apostoli

1794 2766 2077 2835 prophetae
2093 2774 2253 2819 erant
2275 2782 2288 2818 :
2308 2766 2594 2835 prophetae
2608 2775 2792 2821 autem
2808 2782 2916 2821 una
2937 2782 3061 2821 cum
3079 2767 3370 2837 prophetis

1794 2863 2106 2919 versantes,
2158 2870 2320 2908 unam
2359 2870 2423 2908 ac
2456 2856 2707 2909 eamdem
2736 2856 2995 2911 obtinent
3034 2857 3366 2922 scientiam;

1796 2960 1861 3000 ac
1886 2946 2124 2999 maxime
2178 2955 2455 3014 praesente
2510 2945 2668 3011 Jesu,
2726 2947 3148 3017 principemque
3198 2947 3367 3002 animi

1796 3044 2015 3107 partem
2054 3036 2431 3101 illuminante,
2464 3053 2528 3091 ac
2553 3037 2620 3091 ad
2653 3037 2904 3093 divinam
2944 3055 3101 3093 suam
3135 3039 3366 3093 formam

1795 3136 2033 3181 mentem
2070 3127 2365 3182 formante.
2394 3127 2733 3197 Respondeas
2757 3137 2934 3183 autem
2982 3129 3170 3183 Petrus
3218 3129 3367 3196 Iesu,

1794 3218 1962 3270 dixit:
1985 3217 2427 3281 Domine,bo:mm
2452 3227 2638 3273 estnos
2657 3221 2736 3272 hic
2761 3235 2891 3273 esse.
2910 3218 2967 3273 Si
2984 3222 3080 3285 vis,
3108 3221 3368 3288 faciamus

1793 3308 1876 3361 hic
1927 3308 2032 3361 tria
2068 3307 2413 3362 tabernacula
2442 3350 2457 3374 ,
2517 3309 2609 3362 tibi
2655 3326 2841 3370 unum,
2894 3310 3063 3382 Moysi
3117 3328 3283 3365 unum
3319 3321 3368 3366 et

1800 3397 1931 3453 Elite
1949 3414 2112 3451 unum
2138 3398 2485 3465 ".Senserat,
2514 3401 2736 3467 Petrus,
2760 3402 2893 3471 quid
2926 3403 3072 3458 inter
3092 3402 3367 3472 Spiritalia

1697 3534 1717 3551 ,
1796 3502 1859 3541 ac
1887 3488 2109 3541 sensilia
2135 3488 2432 3544 interesset
2466 3490 2811 3548 discriminis
2837 3533 2851 3558 ,
2884 3509 2949 3549 ac
2976 3495 3194 3563 potiora
3214 3493 3370 3548 dete-

1796 3577 2040 3631 rioribus
2057 3578 2315 3648 eligendo
2337 3580 2627 3648 prmpouit.
2647 3581 2920 3636 Caeterum
2947 3599 3016 3639 ne
3040 3584 3224 3639 adhuc
3240 3584 3370 3653 qui-

1797 3667 1920 3721 dem
1943 3667 2184 3737 perfecte
2212 3670 2423 3723 sciebat
2445 3684 2509 3722 ea
2525 3686 2649 3739 qua:
2667 3671 3000 3727 videbantur
3025 3690 3039 3725 :
3073 3690 3198 3728 nam
3225 3675 3370 3729 alio-

1794 3757 1890 3828 qui
1914 3758 1971 3812 in
1988 3758 2335 3828 spiritalibus
2350 3759 2556 3813 nullam
2578 3760 3079 3819 tabernaculorum
3095 3765 3367 3819 rationem

1798 3848 2109 3903 habuisset.
2148 3849 2312 3904 Forte
2340 3864 2474 3904 vero
2504 3849 2579 3903 ita
2605 3850 2860 3919 loquitur
2886 3892 2899 3916 ,
2958 3854 3159 3907 an‘xius
3188 3854 3371 3907 adhuc

1799 3941 1865 3995 de
1905 3948 2265 4009 praeceptore,
2301 3940 2373 3993 ob
2404 3949 2664 4005 mortem,
2709 3955 2876 4010 quam
2904 3941 3272 4010 prtedixisset,
3302 3943 3369 3998 de

1798 4047 1903 4099 qua
1930 4031 2095 4085 etiam
2132 4031 2226 4100 qui
2255 4041 2632 4101 apparuerant
2661 4032 3036 4101 loquebantur
3062 4047 3188 4087 eum
3214 4032 3366 4087 Jesu.

1794 4121 2047 4176 Consona
2106 4122 2256 4176 enim’
2314 4138 2447 4176 voce
2494 4122 2707 4177 exitum
2766 4122 2919 4176 illum
2974 4121 3372 4192 Hierosolymis

1798 4212 2045 4266 futurum
2078 4213 2359 4266 dicebant.
2393 4212 2610 4267 Idcirco
2638 4213 2781 4267 forte
2810 4214 3039 4284 rogabat
3066 4222 3374 4284 praecepto-

1796 4319 1935 4364 rem,
1987 4312 2048 4356 ut
2095 4303 2286 4359 mallet
2325 4303 2440 4357 illic
2479 4319 2723 4368 manere,
2778 4321 2885 4359 nec
2943 4306 3059 4359 ullo
3094 4320 3154 4361 se
3206 4305 3371 4359 modo

123 4383 313 4434 ἑαυτὴν
341 4383 522 4436 δοῦναι
552 4386 665 4447 ταῖς
711 4384 966 4453 φθονοῦσι
1014 4385 1136 4438 κατ’
1169 4386 1335 4439 αὐτοῦ
1376 4385 1694 4455 Φαρισαίοις

1800 4394 2089 4450 Phariszeis
2121 4410 2186 4448 ac
2219 4393 2435 4448 Scribis
2462 4410 2663 4449 necare
2688 4396 3009 4450 volentibus
3026 4397 3205 4451 daret.
3231 4396 3372 4450 For-

123 4476 217 4526 καὶ
266 4475 710 4545 Γραμματεῦσιν.
773 4478 933 4547 ’ῼετο
981 4477 1090 4548 γὶιρ
1152 4479 1286 4540 ἴσως
1340 4480 1400 4531 ἐν
1450 4477 1528 4547 τῷ
1577 4478 1696 4547 ὄρει

128 4567 326 4635 μηδένα
378 4568 487 4621 τῶν
539 4568 844 4622 ἐπιϐούλων
900 4572 987 4623 ἐπ’
1027 4572 1194 4625 αὐτον
1246 4570 1694 4641 παραγενέσθαι·

126 4658 219 4709 καὶ
254 4657 428 4722 ἄλλως
474 4660 534 4712 τὸ
569 4662 625 4712 ὲν
662 4661 1022 4732 Ἰερουσαλὴμ⁸
1048 4661 1343 4730 γενέσθαι,
1397 4663 1491 4713 καὶ
1521 4663 1580 4713 ὲν
1604 4661 1697 4713 ἄλ-

126 4749 197 4814 λῳ
220 4747 388 4814 τόπῳ,
421 4749 530 4803 τῶν
560 4750 660 4803 ούκ
686 4751 1052 4821 ἐνδεχομένων
1080 4747 1187 4821 ἦν..
1209 4752 1386 4804 Καλὸν
1414 4747 1508 4804 οὖν
1540 4753 1692 4804 ἐστιν

124 4839 268 4906 ἡμᾶς
303 4833 404 4897 ὧδε
437 4841 534 4894 σὺν
567 4844 789 4894 Μωῦσεῖ
816 4844 908 4896 καὶ
937 4843 1093 4914 Ἠλίᾳ
1119 4838 1261 4896 εἶναι
1281 4885 1295 4906 ,
1332 4843 1365 4914 ἦ
1402 4843 1541 4914 πρὸς
1570 4845 1695 4906 τοὺς

125 4928 372 4999 ἁνιέρους
428 4933 523 4986 καὶ
573 4933 893 4997 θεσκτόνους
944 4934 1204 4988 ἀπελθεῖν
1247 4937 1433 5006 ἱερεῖς.
1492 4936 1601 4987 Καὶ
1648 4939 1695 4988 εἰ

130 5020 256 5086 πρὸς
278 5023 339 5075 τὸ
360 5022 654 5093 λεγόμενον
676 5026 936 5100 ἐπινεύσῃ
950 5046 990 5094 ς,
1010 5028 1361 5096 Ποιήσωμεν
1378 5023 1514 5093 ὦδε,
1538 5031 1692 5098 φησὶ,

130 5112 279 5176 τρεῖς
320 5115 587 5182 σκηνάς·
647 5118 745 5171 σοὶ
782 5119 949 5186 μίαν,
998 5119 1095 5172 καὶ
1131 5119 1379 5173 Μωῠσεῖ
1397 5120 1560 5188 μίαν,
1596 5120 1696 5174 καὶ

143 5199 296 5266 Ἠλίᾳ
326 5204 493 5269 μίαν.
542 5205 667 5257 ’Ὀτι
696 5206 750 5258 δὲ
785 5207 1101 5276 φειδόμενος
1131 5208 1290 5277 δῆθεν
1317 5207 1413 5261 τοῦ
1441 5208 1691 5263 διδασκὰ-

132 5287 217 5342 λου
246 5291 460 5360 ἠγνόει,
513 5296 579 5367 τῇ
616 5296 863 5368 σωτηρίᾳ
891 5296 988 5349 τοῦ
1018 5299 1226 5367 κόσμου
1261 5297 1545 5369 γινόμενος
1578 5300 1688 5352 κώ-

215 5418 256 5448 ⁸⁰
278 5412 413 5469 Luc.
448 5428 523 5478 ix,
556 5408 645 5466 5i.

718 5408 763 5443 ⁸¹
793 5408 928 5463 Luc.
959 5424 1112 5475 xvm,
1144 5409 1233 5465 54.
1307 5409 1354 5441 ⁸³
1386 5407 1576 5465 Matth.
1610 5427 1721 5476 xvi,
1745 5412 1836 5467 9.1.

1798 4486 1943 4540 sitan
1984 4485 2132 4539 enim
2169 4484 2553 4538 arbitrabatur
2605 4484 2725 4540 fore
2771 4493 2833 4539 ut
2875 4486 3061 4540 nullus
3121 4485 3188 4539 ad
3245 4500 3372 4539 eum

1797 4576 2097 4631 insidiator
2153 4575 2209 4629 in
2259 4584 2451 4629 monte
2486 4576 2781 4630 accederet
2823 4593 2838 4630 :
2883 4592 2949 4631 ac
2993 4576 3203 4646 alioqui
3262 4592 3373 4631 non

1795 4676 2015 4737 poterat
2054 4666 2193 4731 ﬁeri,
2238 4675 2299 4720 ut
2333 4673 2389 4719 et
2421 4666 2476 4720 in
2514 4666 2853 4732 Jerusalem,
2900 4675 2971 4722 et
3018 4668 3074 4721 in
3107 4667 3218 4721 alio
3251 4667 3375 4722 loco

1796 4767 1968 4812 esset.
1995 4758 2230 4812 Praestat
2255 4772 2389 4827 ergo
2410 4772 2512 4812 nos
2534 4773 2660 4812 cum
2681 4757 2865 4829 Moyse
2893 4767 2948 4811 et
2968 4758 3087 4812 Elia
3115 4758 3206 4812 hic
3227 4772 3373 4821 esse,

1799 4866 1963 4921 quam
1988 4849 2052 4904 ad
2084 4850 2346 4919 profanos
2378 4866 2443 4903 ac
2474 4850 2781 4905 homicidas
2810 4850 2893 4903 ire
2927 4850 3267 4904 sacerdotes.
3299 4848 3377 4903 Ac

1802 4941 1843 4994 si
1876 4940 2101 5009 quidem
2139 4940 2386 4994 sermoni
2439 4940 2705 4995 annueris
2736 4957 2749 4992 :
2786 4939 3070 4995 Faciamus
3102 4979 3118 5004 ,
3173 4938 3374 5008 inquit,

1800 5031 1882 5083 hic
1932 5031 2036 5083 tria
2071 5028 2440 5095 tabernacula,
2504 5031 2596 5085 tibi
2650 5047 2838 5097 unum,
2888 5030 3056 5103 Moysi
3118 5045 3283 5083 unum
3329 5037 3377 5082 et

1803 5120 1939 5175 Elia:
1959 5137 2146 5176 unum.
2166 5120 2324 5186 Quod
2347 5130 2532 5174 autem
2560 5138 2798 5191 parcens
2817 5120 3373 5192 praeceptori,mundi

1801 5228 1859 5266 se
1881 5213 2045 5266 saluti
2072 5212 2469 5281 impedimento
2490 5227 2614 5268 esse
2642 5213 2906 5277 nesciret,
2936 5213 3178 5268 advertit
3203 5212 3379 5265 Lucas

1801 5305 1996 5359 dicens
2032 5302 2325 5359 :Nesciens
2351 5305 2479 5375 quid
2505 5305 2697 5359 diceret
2726 5305 2789 5361 ⁵⁸.
2833 5304 3051 5371 Marcus
3092 5303 3325 5377 veroait
3361 5320 3376 5358 :

1913 5414 1958 5447 ⁸³
1986 5411 2181 5471 Matth.
2214 5415 2434 5485 xvn,‘4.
2507 5415 2556 5450 ⁸⁸
2589 5416 2725 5471 Luc.
2760 5434 2834 5487 ix,
2862 5420 2954 5476 55.

1376 5617 1612 5673 νΑηιΔῑ
1652 5572 2059 5679 [ΕΕΉΟΝἷΞέο.

182 5717 197 5757 ί
228 5720 669 5790 Σιπμμετῑιμορφ.
700 5723 862 5779 Forte
891 5729 1561 5797 σύμμεταμορφωθέντες’
1590 5735 1670 5787 vel
1705 5736 1787 5786 ὅτε

1820 5754 1919 5804 cum
1935 5755 2141 5807 μεταμο
2153 5738 2343 5807 Haec,
2356 5756 2459 5793 σιν.
