4054 6312
602 261 736 329 1Ἡί

1728 264 1791 324 S.
1833 261 2235 324 ANASTASlI
2269 261 2742 326 ANTIOCBENI

3729 247 3869 316 1372

598 372 720 430 Non
747 371 888 426 enim
906 370 1102 425 sciebat
1127 370 1255 440 quid
1282 370 1478 426 diceret
1509 370 1575 436 ⁸⁸,
1603 385 1708 426 nec
1730 371 1864 441 quid
1888 372 2175 443 cogitaret.

2290 369 2450 440 λυμα,
2481 373 2696 433 Λουκᾶς
2721 356 3048 423 ἐπισκέπται
3070 364 3273 433 λέγων’
3302 363 3399 430 Μὴ
3422 359 3596 425 εἰδὼς
3621 362 3654 415 δ
3676 362 3859 432 λέγει.

582 462 993 521 -Consistantin
1022 462 1148 517 loco
1178 460 1514 527 sublimiori,
1548 461 1644 533 qui
1671 462 2045 519 ascenderunt
2072 478 2179 517 una

598 570 729 611 cum
753 556 907 611 Jesu.

674 730 761 785 Vl.
810 728 994 783 Adhuc
1026 745 1085 783 eo
1121 727 1387 798 loquente,
1434 746 1546 783 erce
1589 731 1746 783 nubes
1791 730 1963 785 lucida
1996 732 2179 786 obum-

597 818 772 874 bravit
801 834 905 871 eos.
938 817 1007 871 Et
1035 834 1149 871 ecce
1175 834 1273 872 vos:
1302 819 1365 871 de
1397 820 1531 873 nube
1556 835 1573 872 :
1612 819 1709 872 Hic
1738 828 1812 872 est
1843 818 2005 872 Filius
2041 836 2182 874 meus

600 910 961 970 charis-simus,
996 909 1050 962 in
1081 925 1182 979 quo
1216 911 1342 963 mihi
1371 910 1495 963 bene
1526 908 1838 979 complacui,
1870 911 2042 977 ipsum
2084 928 2181 963 au-

600 999 728 1052 dite.
753 998 816 1050 Et
838 997 1111 1052 audientes
1132 998 1375 1068 discipuli
1397 1001 1692 1053 ceciderunt
1715 996 1767 1052 in
1794 1000 1980 1069 faciem
2005 1018 2178 1060 suam,

602 1098 655 1143 et
692 1091 979 1143 timuerunt
1019 1089 1189 1143 valde.
1225 1090 1294 1144 Et
1340 1093 1553 1144 accessit
1595 1090 1765 1153 Iesus,
1798 1098 1846 1143 et
1891 1093 2056 1161 tetigit
2098 1108 2184 1147 eos

600 1181 838 1251 dixitque
869 1183 941 1235 eis
973 1197 991 1235 :
1020 1178 1248 1251 Surgite,
1283 1190 1331 1233 et
1365 1181 1525 1234 nolite
1549 1182 1752 1235 timere.
1790 1180 2042 1236 Levantes
2081 1199 2182 1235 au-

605 1282 711 1326 tem
775 1271 952 1327 oculos
1008 1289 1163 1337 suos,
1226 1273 1486 1326 neminem
1548 1273 1790 1326 uiderunt
1857 1275 1959 1328 nisi
2013 1274 2184 1328 solum

600 1362 787 1419 Iesum
823 1366 891 1418 ⁸⁸.
920 1364 1056 1419 Cum
1101 1363 1283 1418 adhuc
1317 1364 1511 1417 Petrus
1544 1379 1644 1432 pro
1675 1379 1738 1419 ea
1770 1364 2063 1419 all‘ectione
2100 1366 2183 1422 lo-

606 1465 872 1528 queretur
904 1470 1009 1524 qua
1033 1455 1099 1509 ad
1127 1463 1522 1523 praeceptorem
1549 1454 1806 1517 habebat,
1833 1456 2014 1510 lucida
2040 1472 2187 1526 qure-

604 1549 733 1603 dam
779 1548 955 1602 nubes
988 1547 1225 1615 desuper
1253 1546 1641 1612 obumbravit;
1676 1563 1890 1616 voxque
1925 1547 1994 1603 dc
2038 1550 2187 1606 nube

607 1639 815 1709 prodiit
845 1639 1073 1693 Petrum
1105 1636 1413 1707 corrigens,
1444 1637 1584 1692 forte
1616 1653 1745 1693 vero
1788 1639 1954 1693 etiam
1995 1640 2182 1694 condi.

2282 462 2511 531 Μὰρκος
2554 462 2611 515 δέ
2663 476 2864 530 φησιν·
2928 461 3011 512 Οὐ
3043 457 3153 526 γὰρ
3185 455 3315 525 ᾔδει
3349 454 3407 508 τι
3429 449 3626 516 εἶπεν,
3660 454 3786 507 οὐδὲ
3809 456 3864 508 τί

2283 557 2507 610 νοεῖται.
2554 554 2643 606 Ἐν
2687 553 2764 622 τῷ
2808 554 2961 622 τόπῳ
3011 549 3346 620 ὑψηλότερον
3375 545 3625 599 εστωσαν
3657 545 3710 599 οἰ
3742 563 3863 599 συν-

2281 645 2584 709 αναϐἀντες
2621 646 2701 714 τῷ
2733 644 2935 715 Ἰησοῦ.

2354 740 2482 791 Ἔτι
2511 738 2699 791 αὑτοῦ
2736 737 3096 801 λαλοῦντος,
3142 732 3276 787 ἰδοὺ
3322 732 3551 802 νεφέλη
3605 730 3861 799 gutturi;

2279 833 2652 887 ἐπεσκίασεν
2676 831 2884 897 αὐτοῖς
2908 847 2921 859 ·
2958 830 3057 884 καὶ
3087 826 3260 898 φωνὴ
3318 827 3388 880 ἐκ
3434 825 3548 892 τῆς
3604 826 3867 894 νεφέλης

2280 921 2577 989 λέγουσα·
2617 917 2810 984 Οὗτός
2850 920 3023 973 ἐστιν
3073 921 3106 971 ό
3159 916 3289 982 Υιός
3327 932 3448 983 μου
3474 918 3507 967 d
3533 916 3858 984 ἀγαπητὸς,

2280 1013 2350 1068 ἐν
2386 1006 2435 1078 ᾧ
2485 1012 2838 1077 ηὐδόκησα·
2892 1007 3083 1063 αὐτοῦ
3130 1008 3401 1061 ἀκούετε.
3464 1006 3864 1071 Ἀκούσαντες

2281 1104 2350 1157 δὲ
2387 1106 2440 1156 οἰ
2482 1104 2766 1170 μαθηταί,
2798 1102 3026 1155 ἔπεσον
3064 1101 3163 1152 ἐπὶ
3189 1097 3254 1151 τὸ
3282 1097 3614 1163 πρόσωπον
3644 1095 3861 1161 αὐτῶν,

2282 1194 2379 1247 καί
2410 1193 2801 1260 ἐφοϐήθησαν
2834 1190 3089 1260 σφόδρα.
3118 1188 3225 1242 Kal
3260 1186 3617 1256 προσῆλθεν
3661 1191 3697 1241 ό
3759 1190 3863 1254 Ἰηο

2282 1284 2456 1349 σοῦς,
2479 1283 2576 1335 καί
2607 1281 2805 1349 ἥψατο
2840 1278 3060 1342 αὐτῶν,
3091 1279 3288 1346 λέγων
3316 1292 3330 1306 ⁶
3370 1275 3734 1344 Ἐγείρεσθε,
3768 1278 3862 1330 καί

2279 1374 2364 1444 μὴ
2393 1372 2693 1441 φοϐεῖσθε.
2716 1370 3081 1438 Ἐπάραντες
3107 1367 3176 1420 δὲ
3201 1365 3343 1432 τοὺς
3365 1366 3742 1434 ὀφθαλμοὺς,
3772 1369 3866 1420 οὑ-

2281 1465 2426 1520 δένα
2449 1460 2615 1518 εἶδον
2634 1465 2687 1516 εἰ
2719 1462 2805 1532 μὴ
2840 1463 3036 1530 μόνον
3068 1458 3334 1527 Ἰησοῦν.
3379 1458 3502 1511 Ἔτι
3524 1457 3622 1509 τοῦ
3659 1458 3864 1526 Πέτρου

2284 1554 2571 1617 λαλοῦντος
2585 1554 2651 1608 τὰ
2669 1555 2768 1623 τῆς
2800 1551 3177 1624 προσπαθείας
3211 1550 3309 1618 τῆς
3333 1549 3469 1620 πρὸς
3497 1547 3590 1601 τὸν
3611 1548 3866 1600 Staieno-

2286 1645 2375 1699 λον
2409 1649 2649 1718 ῥήματα,
2679 1644 2916 1715 φωτεινή
2939 1659 3026 1706 τις
3060 1639 3268 1696 ἄνωθεν
3299 1639 3501 1709 νεφέλη
3525 1641 3821 1692 ὲπεσκίασε
3849 1656 3861 1671 ·

604 1706 868 1799 scipulos,
896 1729 989 1799 qui
1014 1736 1071 1783 et
1093 1728 1195 1797 ipsi
1230 1706 1461 1782 forsitan
1485 1727 1630 1782 idem
1653 1737 1819 1797 atque
1842 1727 1931 1782 ille
1955 1729 2178 1795 vellent,

2290 1737 2381 1788 καὶ
2612 1706 2794 1806 παρῆν
2840 1706 2915 1787 ὲκ.
2951 1732 3055 1801 τῆς
3100 1731 3330 1800 νεφέλης
3375 1706 3741 1800 διορθουμένη
3780 1730 3865 1781 τδν

606 1840 673 1878 ac
722 1824 777 1877 in
822 1831 1010 1877 monte
1054 1820 1389 1877 manendum
1437 1820 1687 1875 dicerent
1718 1838 1729 1874 :
1761 1828 1822 1875 ut
1865 1836 1934 1875 ne
1972 1822 2183 1877 scilicet

604 1914 950 1970 contrarium
978 1913 1187 1982 aliquid
1214 1913 1420 1968 dilecto
1460 1911 1597 1965 Filio
1632 1922 1919 1981 saperent;
1957 1912 2052 1968 sed
2084 1928 2182 1967 auo

607 2006 795 2062 dirent
826 2021 974 2070 eum,
1020 2020 1084 2058 ac
1117 2006 1237 2074 ejus
1273 2013 1640 2072 sequerentur
1673 2002 2035 2069 voluntatem,
2075 2019 2184 2073 qua

610 2098 1000 2153 universorum
1051 2102 1330 2150 constaret
1377 2095 1547 2149 salus.
1593 2092 1737 2159 Quid
1784 2104 1970 2149 autem
2020 2095 2184 2152 nubis

612 2192 776 2260 hujus
799 2190 1046 2261 symbolo
1071 2187 1303 2257 intelligi
1327 2187 1546 2250 debeat,
1570 2202 1635 2241 ex
1660 2186 1934 2241 similibus
1958 2187 2012 2240 in
2039 2187 2187 2242 Scri-

609 2292 773 2353 ptura
807 2283 972 2337 dictis
1018 2281 1408 2350 inquirendum
1457 2281 1549 2333 sit.
1599 2277 1734 2332 Nam
1778 2288 1834 2333 et
1872 2278 2091 2350 Moysen
2130 2280 2186 2334 in

613 2375 813 2430 nubem
862 2374 1165 2443 ingressum
1208 2371 1524 2433 invenimus
1550 2372 1617 2433 ",
1651 2370 1872 2439 quando
1908 2371 1996 2425 illa
2029 2387 2185 2425 mon-

608 2474 720 2521 tem
752 2468 972 2533 operuit
1007 2465 1059 2517 in
1089 2463 1310 2521 deserto
1337 2463 1559 2517 Horeb:
1592 2469 1969 2531 testanturque
2000 2462 2186 2518 divina

610 2556 833 2611 oracula
867 2556 935 2618 ⁵⁸,
972 2555 1279 2621 ingressum
1316 2553 1370 2607 in
1407 2554 1696 2620 caliginem
1734 2552 1826 2606 ubi
1874 2553 2017 2608 Deus
2045 2563 2184 2609 erat.

615 2644 752 2699 Tum
783 2645 968 2706 etiam.
998 2660 1123 2699 cum
1151 2644 1283 2697 olim
1310 2646 1488 2699 nubes
1519 2645 1669 2697 varie
1694 2643 1903 2697 obtexit
1929 2643 2187 2699 taberna-

612 2735 799 2789 culum
834 2733 1155 2796 testimonii,
1180 2734 1418 2801 indeque
1448 2734 1590 2787 Deus
1609 2733 1938 2786 audiebatur
1958 2734 2190 2803 loquens

612 2840 739 2880 cum
767 2824 948 2894 Moyse
971 2826 1037 2876 ”.
1076 2824 1288 2877 Rursus
1327 2837 1457 2877 vero
1483 2823 1736 2876 columna
1767 2822 1932 2876 nubis
1962 2825 2190 2892 pneibat

615 2917 841 2985 populo,
876 2915 1113 2970 interdiu
1149 2913 1372 2984 quidem
1414 2922 1847 2979 roransanoctu
1882 2922 2066 2967 autem
2096 2931 2188 2968 ar-

616 3006 771 3060 dens.
803 3005 908 3060 δρᾶ
941 3014 997 3060 et
1025 3005 1194 3061 Isaias
1216 3012 1508 3058 venturum
1542 3001 1795 3072 praedixit
1824 3002 1867 3033 ⁶⁰
1896 3002 2186 3059 Dominum

616 3096 673 3151 in
696 3096 989 3167 Egyptum
1021 3112 1189 3165 super
1224 3095 1427 3149 nubem
1459 3095 1663 3148 levem.
1697 3092 1778 3146 Ad
1813 3093 1930 3148 bzec
1972 3108 2193 3164 quoque

614 3188 871 3241 audimus
898 3187 953 3241 in
980 3187 1297 3248 Salomone,
1326 3200 1450 3239 cum
1491 3183 1757 3253 templum
1781 3184 2108 3239 aediﬁcasset
2131 3201 2195 3240 ac

616 3278 944 3341 dedicasset,
1000 3278 1254 3346 implesse
1313 3278 1516 3330 nubem
1568 3275 1793 3329 domum
1844 3276 2095 3343 Domini,
2134 3285 2194 3332 ut

615 3384 726 3423 non
758 3378 986 3437 possent
1022 3368 1340 3423 sacerdotes
1372 3367 1584 3437 ingredi
1612 3382 1677 3422 ac
1706 3367 2016 3424 sacriﬁcare
2045 3385 2075 3423 a
2116 3369 2196 3424 fa-

614 3461 701 3515 cie
744 3459 909 3514 nubis
936 3459 1002 3512 “.
1047 3458 1190 3521 Haec,
1223 3474 1287 3513 ac
1318 3460 1387 3514 iis
1423 3460 1579 3528 plura
1610 3474 1905 3527 possumus
1935 3461 2193 3531 colligere

612 3566 684 3604 ex
726 3551 983 3604 universa
1026 3549 1335 3618 Scriptura,
1365 3566 1476 3619 quo
1520 3566 1717 3606 sensus
1752 3553 2070 3622 propositus
2100 3569 2194 3607 ex-

616 3642 855 3711 plicetur
885 3656 947 3696 ac
977 3638 1322 3705 illustretur,
1348 3650 1406 3698 et
1436 3650 1496 3697 ut
1523 3644 1911 3713 intelligamus.
1940 3660 2191 3714 quaenam

614 3733 687 3786 sit
718 3733 821 3786 ista
852 3732 1046 3794 nubes,
1077 3732 1413 3786 obumbrans
1445 3748 1638 3787 omnes
1666 3734 1761 3802 qui
1791 3742 2190 3803 apparuerunt,

506 3855 510 3859 ς
616 3823 875 3894 ipsosque
911 3823 1049 3878 adeo
1095 3831 1455 3891 spectatores,
1487 3839 1553 3878 ex
1587 3840 1694 3893 qua
1737 3826 1902 3878 etiam
1951 3840 2058 3880 vox
2100 3826 2191 3880 illa

614 3916 798 3970 audita
823 3915 895 3970 sit
928 3933 941 3969 :
980 3916 1077 3969 Hic
1105 3923 1180 3968 est
1213 3914 1378 3969 Filius
1424 3932 1567 3970 meus
1603 3917 1963 3984 charissimus,
1990 3918 2045 3971 in
2089 3935 2192 3989 quo

615 4005 742 4059 mihi
768 4004 895 4058 bene
919 4004 1244 4075 eomplacui;
1263 4008 1436 4075 ipsum
1462 4005 1663 4060 audite.

683 4184 799 4238 VII.
846 4185 1105 4241 Praal'atas
1149 4184 1327 4240 nubes
1364 4183 1468 4240 sibi
1516 4184 1652 4255 ipsis
1697 4193 1957 4255 cognatas
1999 4186 2191 4241 existi-

616 4290 766 4329 mare
812 4284 1032 4344 oportet
1074 4292 1087 4328 :
1126 4276 1270 4339 imo,
1319 4291 1484 4330 unam
1560 4290 1756 4331 omnes
1802 4278 2192 4332 incunctanter

2289 1826 2491 1896 Πέτρον
2518 1842 2531 1855 ο
2566 1826 2696 1888 ἴσως
2732 1825 2828 1879 καὶ
2874 1824 3003 1885 τοὺς
3056 1820 3421 1892 ωμμαθητάς
3460 1820 3528 1872 τά
3580 1820 3726 1873 αὐτὰ
3779 1818 3865 1871 θέ-

2287 1916 2480 1979 λοντας
2539 1917 2710 1985 αὐτῷ,
2767 1917 2862 1968 καὶ
2915 1915 3178 1982 λέγοντας
3226 1913 3287 1966 ὲν
3334 1911 3411 1981 τῷ
3460 1910 3583 1979 δρει
3636 1910 3819 1973 μένειν
3848 1926 3862 1941 ·

2289 2007 2430 2061 ὥστε
2466 2007 2635 2077 μηδὲν
2685 2007 2929 2061 ἐναντίον
2989 2006 3210 2074 φρονεῖν
3261 2002 3339 2073 τῷ
3388 2002 3662 2073 ἀγαπητῷ
3716 2001 3864 2071 Υἱῷ,

2290 2097 2403 2152 ἀλλ’
2444 2097 2664 2150 ἀκούειν
2698 2095 2888 2159 αὑτοῦ,
2918 2098 3012 2149 καὶ.
3047 2093 3278 2147 ἕπεσθαι
3326 2092 3405 2163 τῷ
3450 2090 3724 2163 θελήματι
3773 2092 3867 2145 αὐ-

2291 2186 2842 2257 τοῦ.Σωτήριονγάρ
2888 2189 3004 2239 ἐστι
3039 2186 3260 2239 πάντων
3309 2184 3640 2254 ἀνθρώπων.
3688 2184 3757 2237 Τί
3812 2184 3867 2237 δὲ

2290 2278 2401 2349 χρὴ
2426 2282 2565 2333 νοεῖν
2588 2285 2689 2344 τὴν
2712 2279 2945 2348 νεφέλην
2980 2277 3211 2346 ταύτην,
3249 2278 3314 2329 ὲκ
3348 2274 3458 2329 τῶν
3493 2274 3696 2344 ὁμοίων
3722 2276 3867 2347 εἰρη-

2296 2371 2472 2442 μένων
2500 2372 2556 2423 ὲν
2595 2374 2661 2441 τῇ
2692 2370 2883 2441 Γραφῇ
2915 2369 3197 2438 ζητητέον.
3225 2367 3476 2437 Εὖρομεν
3505 2367 3615 2440 γὰρ
3654 2369 3750 2421 καὶ
3776 2368 3861 2421 τὴν

2292 2460 2535 2528 Μωῦσῆν
2567 2460 2882 2512 εἰσελθόντα
2910 2460 2991 2521 εἰς
3022 2459 3122 2528 τὴν
3180 2457 3436 2527 νεφέλην,
3482 2458 3572 2510 ὅτε
3627 2457 3688 2510 τὸ
3746 2458 3862 2528 ὄρος

2294 2549 2562 2618 ἐκάλυψεν
2590 2552 2648 2603 ὲν
2669 2553 2735 2622 τῇ
2767 2552 2960 2621 ἐρήμῳ
2997 2549 3203 2620 Χωρήϐ
3234 2566 3248 2580 ⁸
3290 2548 3349 2611 ὃς
3384 2549 3479 2601 καὶ
3509 2548 3863 2617 ἐμαρτυρήθη

2294 2636 2555 2689 εἰσελθεῖν
2575 2638 2657 2700 εἰς
2686 2640 2779 2689 τὸν
2812 2639 3037 2706 γνόφον,
3070 2630 3132 2691 οὗ
3162 2633 3231 2708 ἦν
3263 2638 3292 2689 ὁ
3324 2636 3485 2700 Θεός.
3518 2632 3655 2691 Εἶτα
3682 2636 3740 2689 δὲ
3780 2636 3867 2689 καὶ

2294 2727 2383 2782 ὅτε
2412 2727 2510 2797 τὴν
2545 2727 2753 2797 σκηνὴν
2779 2726 2869 2780 τοῦ
2904 2727 3204 2797 μαρτυρίου
3237 2726 3516 2797 διαφόρως
3543 2725 3809 2795 ἐκάλυψεν
3834 2725 3866 2790 ἡ

2294 2819 2494 2888 νεφέλη
2521 2818 2708 2883 πάλαι,
2743 2818 2999 2872 κάκεῖθεν
3040 2818 3270 2888 ἠκούετο
3293 2817 3469 2871 λαλῶν
3493 2816 3576 2887 τῷ
3605 2817 3824 2870 Μωῦσεῖ
3843 2816 3870 2869 δ

2294 2910 2449 2975 Θεός.
2483 2911 2680 2973 Στύλος
2724 2910 2781 2963 δὲ
2828 2911 2991 2963 πάλιν
3043 2909 3274 2980 νεφέλης
3317 2908 3728 2980 προεπορεύετο
3781 2909 3868 2961 τοῦ

2295 3001 2445 3065 λαοῦ,
2468 3002 2734 3073 δροσίζων
2758 3002 2855 3072 μὲν
2878 3000 3113 3073 ἡμέρας,
3139 3000 3551 3072 ὲκπυρούμενος
3571 3000 3632 3052 δὲ
3660 2999 3869 3062 νυκτός.

2307 3093 2469 3148 ’Δλλά
2491 3095 2585 3148 καὶ
2625 3096 2849 3156 Ἡσαΐας
2872 3093 3129 3169 προλέγει
3179 3094 3271 3147 τὸν
3325 3094 3535 3163 Κύριον
3584 3092 3740 3163 ἥξειν
3785 3092 3872 3143 ἐπὶ

2294 3186 2529 3257 νεφέλης
2575 3187 2784 3257 κούφης
2839 3191 2921 3254 εἰς
2961 3190 3258 3257 Αἴγυπτον.
3306 3187 3425 3239 Ἔτι
3453 3185 3511 3238 δὲ
3537 3187 3632 3238 καὶ
3657 3185 3753 3237 ἐπὶ
3778 3184 3870 3236 Eo-

2292 3277 2569 3347 λομῶντος
2599 3278 2892 3348 ἀκούομεν,
2942 3281 3030 3333 ὅτε
3084 3278 3175 3331 τὸν
3215 3277 3342 3332 ναδν
3398 3275 3724 3347 ᾠκοδόμησε
3780 3273 3871 3327 καὶ

2294 3367 2652 3437 καθιέρωσεν,
2693 3367 2776 3420 ὃτι
2829 3367 2921 3420 τὸν
2987 3363 3134 3421 οἶκον
3188 3367 3508 3437 ἐπλήρωσεν
3560 3367 3596 3435 ὴ
3651 3367 3867 3435 νεφέλη,

2294 3459 2388 3510 καὶ
2414 3460 2513 3509 οὐκ
2537 3458 2804 3525 ἠδύναντο
2835 3458 3100 3512 εἰσελθεῖν
3133 3458 3228 3512 καὶ
3258 3460 3563 3529 ἱερουργεῖν
3611 3458 3659 3510 οἰ
3712 3458 3871 3525 ἰερεῖς

2292 3551 2402 3604 ἀπὸ
2430 3549 2725 3620 προσώπου
2754 3551 2853 3620 τῆς
2879 3552 3131 3621 νεφέλης.
3156 3549 3344 3605 Ταῦτα
3382 3549 3479 3603 καὶ
3526 3547 3698 3601 πλείω
3748 3547 3869 3602 τοὺ-

2291 3657 2399 3693 των
2448 3640 2675 3692 δυνατὸν
2723 3640 2832 3693 ἀπὸ
2868 3641 3054 3710 πάσης
3098 3641 3198 3712 τῆς
3246 3640 3470 3712 Γραφῆς
3522 3640 3864 3705 συναγαγεῖν,

2291 3733 2371 3792 εἰς
2405 3730 2752 3799 παράστασιν
2781 3732 2875 3784 καὶ
2907 3736 3206 3801 σαφήνειαν
3235 3729 3330 3784 τοῦ
3354 3729 3724 3801 προκειμένου
3747 3729 3870 3798 νοή-

2296 3839 2483 3893 ματος,
2509 3822 2714 3876 καὶτοῦ
2733 3823 2961 3891 γνῶναι,
2984 3823 3067 3887 τίς
3091 3819 3158 3895 ἦν
3176 3825 3208 3895 ή
3225 3821 3448 3891 νεφέλη,
3477 3822 3724 3884 ἅπαντας
3750 3822 3869 3884 τοὺς

2293 3914 2553 3985 ὀφθέντας
2582 3915 2680 3967 σὺν
2702 3918 2817 3978 τοῖς
2851 3916 3068 3978 θεαταῖς
3111 3914 3507 3976 ὲπισκιάσασα,
3542 3913 3662 3967 ὅθεν
3711 3911 3870 3980 ἠκον-

2294 4009 2393 4075 σθη
2429 4009 2522 4059 καὶ
2550 4009 2584 4077 ἡ
2607 4007 2760 4078 φωνὴ
2785 4007 3021 4075 λέγουσα
3052 4023 3065 4038 ·
3099 4002 3288 4073 Οὗτός
3313 4007 3486 4061 ἐστιν
3508 4010 3542 4059 d
3595 4005 3726 4070 Υἱός
3756 4020 3870 4073 μου

2292 4101 2324 4152 ὁ
2348 4099 2672 4166 ἀγαπητὸς,
2704 4099 2772 4151 ἐν
2800 4091 3182 4165 ᾦηύδόκησα
3208 4113 3223 4128 -
3250 4095 3439 4151 αὐτοῦ
3467 4098 3733 4151 ἀκούετε.

2361 4190 2474 4252 Τὰς
2507 4190 2607 4254 μὲν
2635 4192 2746 4260 γὰρ
2780 4189 3084 4260 εἰρημένας
3118 4188 3376 4257 νεφέλας,
3416 4190 3709 4256 συγγενεῖς
3737 4183 3869 4240 εἶναι

2291 4282 2578 4350 νομιστέον
2607 4282 2855 4353 ἀλλήλοιν
2889 4297 2904 4313 ·
2968 4279 3171 4349 μᾶλλον
3219 4280 3300 4345 δὲ,
3364 4279 3496 4349 μίαν
3546 4278 3645 4342 τὰς
3701 4279 3871 4337 πάσας

616 4366 820 4422 dicere.
852 4367 962 4421 Nec
992 4380 1123 4421 vero
1156 4375 1313 4421 terrae
1353 4366 1759 4421 exhalationem
1796 4368 2059 4437 aliquam,
2095 4376 2187 4423 aut

2292 4373 2474 4442 λέγειν
2501 4376 2602 4428 οὐκ
2626 4374 2885 4439 ὀκνητέον
2916 4388 2934 4406 ο
2978 4372 3039 4425 οὐ
3089 4371 3194 4439 γῆς
3246 4371 3369 4425 οὐδὲ
3413 4369 3795 4439 ἀναθυμίασιν,
3836 4368 3866 4436 ἢ

616 4475 771 4529 aquae
801 4459 1269 4528 evaporationem,
1302 4458 1384 4512 vel
1416 4459 1903 4514 condensationem
1928 4460 2070 4515 aeris
2102 4461 2198 4516 de-

616 4554 809 4609 bemus
856 4562 1146 4621 reputare;
1183 4559 1277 4606 aut
1329 4551 1557 4605 omnino
1610 4566 1834 4605 aereum
1878 4552 2013 4622 quid
2066 4569 2191 4608 cor-

617 4661 797 4715 poreae
830 4645 1155 4705 substantiae
1185 4662 1198 4697 :
1226 4643 1321 4698 sed
1353 4643 1514 4697 nobis
1551 4643 1890 4711 possibilem,
1926 4659 1991 4699 ac
2020 4643 2195 4699 facul-

618 4737 712 4791 tati
736 4744 934 4789 nostrae
957 4742 1262 4803 coaptatam
1282 4744 1493 4787 natura:
1514 4732 1715 4786 divinm
1736 4732 2010 4797 notitiam,
2030 4749 2193 4802 quam

616 4841 857 4896 congrua
926 4826 1098 4894 magis
1148 4839 1309 4883 voce.
1350 4822 1801 4892 magniﬁcentiam
1829 4821 1842 4873 l
1873 4863 1889 4888 ,
1930 4824 2190 4897 Davidica

623 4914 809 4985 phrasi
864 4913 1161 4968 dixerimus
1182 4913 1250 4964 “.
1302 4909 1437 4977 Quia
1479 4910 1625 4964 enim
1675 4907 1812 4960 ortui
1859 4922 1921 4962 ac
1955 4908 2192 4960 interimi

623 5006 876 5062 obnoxiis
929 5006 1149 5064 divinas.
1175 5017 1381 5061 natura:
1411 5001 1821 5072 comprehensio
1850 5000 2193 5069 impossibile

699 5166 746 5197 ⁵³
772 5163 938 5217 Marc.
987 5178 1059 5222 ix.
1098 5162 1154 5217 5.

1232 5161 1278 5196 ⁸⁸
1314 5161 1498 5215 Mulli.
1539 5173 1669 5214 XVII.
1722 5156 1838 5229 5-8.
1921 5159 1964 5191 ⁵⁷
1994 5158 2165 5229 Exod.

2299 5172 2352 5217 ν,
2388 5158 2477 5229 l8.
2558 5157 2604 5191 ⁸⁸
2632 5157 2793 5214 Num.
2830 5175 2940 5225 va,
2986 5159 3050 5214 ιδ
3101 5173 3256 5229 seqq.

2297 4464 2489 4527 ὕδατος
2519 4463 2842 4535 ὲξαέρωσιν,
2874 4463 2907 4535 ἢ
2936 4461 3218 4516 πύκνωσιν
3267 4462 3429 4533 ἀέρος
3463 4462 3679 4529 οἰητέον
3708 4461 3870 4527 αὐτὴν

2296 4552 2478 4610 εἶναι’
2513 4556 2624 4609 οὐδ’
2657 4556 2796 4617 ὅλως
2824 4572 2877 4607 τι
2911 4554 3008 4624 τῆς
3044 4553 3367 4623 σωματικῆς
3418 4554 3606 4616 οὐσίας
3650 4552 3829 4621 ἀέριον
3851 4568 3865 4579 ·

2294 4646 2432 4700 ἀλλά
2466 4648 2600 4716 ἡμῖν
2626 4645 2881 4714 ἐφικτὴν,
2937 4646 3032 4699 καὶ
3086 4645 3167 4708 εἰς
3221 4645 3370 4713 ἡμᾶς
3421 4642 3733 4711 φθάνουεαν
3778 4642 3868 4711 τῆς

2297 4738 2449 4801 θείας
2512 4739 2730 4807 φύσεως
2781 4736 3005 4805 γνῶσιν,
3070 4737 3137 4805 ἢν
3194 4734 3744 4805 μεγαλοπρέπειαν,
3796 4733 3867 4795 ὡς

2295 4827 2551 4895 ὀνομάζει
2608 4825 2793 4887 Δαὸὶδ.
2857 4829 3032 4885 εἰπεῖν
3089 4824 3442 4894 οἰκειότερον.
3510 4825 3727 4894 Ἐπειδὴ
3768 4823 3866 4892 γὰρ

2302 4909 2592 4978 ἀνέφικτός
2620 4911 2739 4964 ἐστι
2767 4912 2884 4975 τοῖς
2916 4912 2974 4965 ὲν
3022 4910 3235 4977 γενέσει
3267 4910 3361 4961 καὶ
3394 4908 3571 4979 φθορᾷ
3597 4909 3693 4976 τῆς
3720 4907 3861 4967 θείας

2303 5001 2493 5064 οὐσίας
2523 5002 2556 5074 η
2596 5002 2928 5072 κατάληψις,
2949 5003 3037 5056 διὰ
3068 5001 3180 5055 τῶν
3220 5001 3589 5070 ἐνδεχομένων
3624 5001 3847 5071 τρὸπων,

3333 5158 3381 5191 ⁸⁵
3413 5156 3587 5214 Exod.
3619 5171 3735 5219 xm,
3759 5154 3846 5209 Si.

626 5234 671 5265 '°
703 5236 810 5291 La.
836 5233 1029 5297 x1x,l.
1108 5233 1147 5266 ³⁸
1179 5231 1221 5287 ιι
1254 5232 1406 5287 Paral
1434 5248 1485 5301 p.
1536 5247 1589 5297 v,
1620 5230 1708 5294 l3,
1748 5228 1833 5282 14.
1911 5228 1956 5261 ⁸³
1992 5227 2130 5281 Psal.
2166 5244 2187 5282 c

2293 5245 2345 5294 v,
2385 5228 2417 5281 5
2447 5242 2563 5297 seq.

1722 5397 1961 5454 VARIA‘I
2000 5395 2383 5453 LECTIONES
2422 5395 2512 5452 ET
2538 5392 2777 5459 NOTAE.

693 5538 704 5574 ι
751 5521 1216 5593 Magniﬁcentiam,
1254 5516 1747 5593 μεγαλοπρέπειαν.
1779 5512 2376 5593 Vosesthcreberrima
2413 5512 2469 5593 in
2489 5507 2877 5593 Davidiciskac
2910 5508 3067 5593 aliis;
3104 5523 3204 5578 pro
3221 5523 3357 5593 qua,
3382 5523 3452 5593 ac
3482 5509 3669 5593 eadem
3703 5508 3853 5593 signia

620 5577 876 5652 ﬁcatione
923 5577 1013 5645 bic
1051 5589 1119 5642 ab
1186 5577 1472 5659 Anastasio
1501 5577 1727 5659 'posita,
1760 5584 1949 5639 multis
2002 5583 2298 5659 Scriptura:
2341 5581 2479 5640 locis
2519 5579 2757 5659 habetur
2788 5578 2932 5659 δόξα.
2977 5577 3429 5659 Chrysostomus
3463 5589 3518 5634 et
3555 5580 3643 5634 alii
3682 5577 3851 5650 appel-

622 5650 739 5723 lant
777 5659 1202 5730 συγκαταϐαεω,
1248 5658 1397 5710 velut
1445 5650 1737 5726 quamdam
1794 5650 2360 5711 accommodationem
2398 5667 2498 5722 pro
2527 5650 2692 5705 modo
2742 5658 3008 5705 creatura:
3061 5663 3126 5703 ac
3164 5650 3283 5719 ejus
3310 5656 3498 5718 captu.
