  <div class='ocr_page' id='page_1' title='image "/cluster/home/n/w/nwhite01/storage/ocr_20150623/89/pst.000005712953/696.png"; bbox 0 0 4054 6312; ppageno 0'>
   <div class='ocr_carea' id='block_1_1' title="bbox 273 287 410 352">
    <p class='ocr_par' dir='ltr' id='par_1_1' title="bbox 273 287 410 352">
     <span class='ocr_line' id='line_1_1' title="bbox 273 287 410 352; baseline 0 -1"><span class='ocrx_word' id='word_1_1' title='bbox 273 287 410 352; x_wconf 76' lang='lat'><strong>1377</strong></span> 
     </span>
    </p>
   </div>
   <div class='ocr_carea' id='block_1_2' title="bbox 1040 288 2793 358">
    <p class='ocr_par' dir='ltr' id='par_1_2' title="bbox 1040 288 2793 358">
     <span class='ocr_line' id='line_1_2' title="bbox 1040 288 2793 358; baseline -0.002 -6"><span class='ocrx_word' id='word_1_2' title='bbox 1040 291 1296 352; x_wconf 77' lang='lat' dir='ltr'><strong>SERMO</strong></span> <span class='ocrx_word' id='word_1_3' title='bbox 1339 291 1426 357; x_wconf 93' lang='lat' dir='ltr'><strong>II.</strong></span> <span class='ocrx_word' id='word_1_4' title='bbox 1463 318 1535 330; x_wconf 88' lang='grc'><strong>-·-</strong></span> <span class='ocrx_word' id='word_1_5' title='bbox 1571 293 1653 356; x_wconf 82' lang='grc' dir='ltr'><strong>ΙΝ</strong></span> <span class='ocrx_word' id='word_1_6' title='bbox 1685 288 2385 358; x_wconf 73' lang='grc' dir='ltr'><strong>ΑΝΝΠΝΤΙΑΤΙΟΝΕΜ</strong></span> <span class='ocrx_word' id='word_1_7' title='bbox 2424 289 2485 350; x_wconf 93' lang='lat' dir='ltr'><strong>S.</strong></span> <span class='ocrx_word' id='word_1_8' title='bbox 2526 288 2793 349; x_wconf 81' lang='lat' dir='ltr'><strong>MARl/E</strong></span> 
     </span>
    </p>
   </div>
   <div class='ocr_carea' id='block_1_3' title="bbox 3410 285 3546 351">
    <p class='ocr_par' dir='ltr' id='par_1_3' title="bbox 3410 285 3546 351">
     <span class='ocr_line' id='line_1_3' title="bbox 3410 285 3546 351; baseline 0.015 -2"><span class='ocrx_word' id='word_1_9' title='bbox 3410 285 3546 351; x_wconf 71' lang='lat'><strong>1378</strong></span> 
     </span>
    </p>
   </div>
   <div class='ocr_carea' id='block_1_4' title="bbox 270 394 1882 468">
    <p class='ocr_par' dir='ltr' id='par_1_4' title="bbox 270 395 1869 468">
     <span class='ocr_line' id='line_1_4' title="bbox 270 395 1869 468; baseline 0 -12"><span class='ocrx_word' id='word_1_10' title='bbox 270 402 353 465; x_wconf 84' lang='grc' dir='ltr'>εἰς</span> <span class='ocrx_word' id='word_1_11' title='bbox 381 398 453 453; x_wconf 86' lang='grc' dir='ltr'><strong>τά</strong></span> <span class='ocrx_word' id='word_1_12' title='bbox 481 395 714 468; x_wconf 73' lang='grc' dir='ltr'>θεμέλια</span> <span class='ocrx_word' id='word_1_13' title='bbox 754 395 926 461; x_wconf 79' lang='grc' dir='ltr'>Σιὼν,</span> <span class='ocrx_word' id='word_1_14' title='bbox 963 396 991 449; x_wconf 86' lang='grc' dir='ltr'>ὁ</span> <span class='ocrx_word' id='word_1_15' title='bbox 1030 398 1270 452; x_wconf 77' lang='grc' dir='ltr'><strong>συνδέων</strong></span> <span class='ocrx_word' id='word_1_16' title='bbox 1303 398 1558 468; x_wconf 77' lang='grc' dir='ltr'>ἀλλήλοις</span> <span class='ocrx_word' id='word_1_17' title='bbox 1596 396 1672 456; x_wconf 73' lang='grc' dir='ltr'><strong>ὧν</strong></span> <span class='ocrx_word' id='word_1_18' title='bbox 1719 402 1869 457; x_wconf 71' lang='grc' dir='ltr'>ἔστιν</span> 
     </span>
    </p>
   </div>
   <div class='ocr_carea' id='block_1_5' title="bbox 1982 394 3546 468">
    <p class='ocr_par' dir='ltr' id='par_1_5' title="bbox 1982 394 3546 468">
     <span class='ocr_line' id='line_1_5' title="bbox 1982 394 3546 468; baseline -0.001 -13"><span class='ocrx_word' id='word_1_19' title='bbox 1982 414 2095 455; x_wconf 90' lang='lat' dir='ltr'><strong>mus</strong></span> <span class='ocrx_word' id='word_1_20' title='bbox 2124 397 2265 468; x_wconf 84' lang='lat' dir='ltr'><strong>lapis</strong></span> <span class='ocrx_word' id='word_1_21' title='bbox 2295 396 2577 466; x_wconf 78' lang='lat' dir='ltr'><strong>angularis</strong></span> <span class='ocrx_word' id='word_1_22' title='bbox 2607 397 2662 451; x_wconf 90' lang='lat' dir='ltr'><strong>in</strong></span> <span class='ocrx_word' id='word_1_23' title='bbox 2699 394 3077 453; x_wconf 78' lang='lat' dir='ltr'><strong>fundamentis</strong></span> <span class='ocrx_word' id='word_1_24' title='bbox 3101 395 3235 453; x_wconf 87' lang='lat' dir='ltr'><strong>Sion</strong></span> <span class='ocrx_word' id='word_1_25' title='bbox 3261 397 3331 461; x_wconf 77' lang='grc' dir='ltr'><strong>τ’,</strong></span> <span class='ocrx_word' id='word_1_26' title='bbox 3356 399 3451 466; x_wconf 87' lang='lat' dir='ltr'><strong>qui</strong></span> <span class='ocrx_word' id='word_1_27' title='bbox 3481 415 3546 453; x_wconf 88' lang='lat' dir='ltr'><strong>ea</strong></span> 
     </span>
    </p>
   </div>
   <div class='ocr_carea' id='block_1_6' title="bbox 273 488 1864 562">
    <p class='ocr_par' dir='ltr' id='par_1_6' title="bbox 273 488 1864 562">
     <span class='ocr_line' id='line_1_6' title="bbox 273 488 1864 562; baseline 0.002 -17"><span class='ocrx_word' id='word_1_28' title='bbox 273 493 309 562; x_wconf 79' lang='grc' dir='ltr'>ἡ</span> <span class='ocrx_word' id='word_1_29' title='bbox 340 490 505 561; x_wconf 80' lang='grc' dir='ltr'><strong>φύσις</strong></span> <span class='ocrx_word' id='word_1_30' title='bbox 533 488 851 555; x_wconf 77' lang='grc' dir='ltr'><strong>ἀσύνδετος,</strong></span> <span class='ocrx_word' id='word_1_31' title='bbox 884 488 976 542; x_wconf 80' lang='grc' dir='ltr'><strong>καὶ</strong></span> <span class='ocrx_word' id='word_1_32' title='bbox 1002 489 1266 544; x_wconf 80' lang='grc' dir='ltr'>ἑνοποιῶν</span> <span class='ocrx_word' id='word_1_33' title='bbox 1296 491 1364 544; x_wconf 82' lang='grc' dir='ltr'>τὰ</span> <span class='ocrx_word' id='word_1_34' title='bbox 1395 493 1516 546; x_wconf 81' lang='grc' dir='ltr'>κατ’</span> <span class='ocrx_word' id='word_1_35' title='bbox 1548 494 1739 547; x_wconf 77' lang='grc' dir='ltr'>οὐσίαν</span> <span class='ocrx_word' id='word_1_36' title='bbox 1768 495 1864 548; x_wconf 86' lang='grc' dir='ltr'>ἀλ-</span> 
     </span>
    </p>
   </div>
   <div class='ocr_carea' id='block_1_7' title="bbox 271 577 1867 657">
    <p class='ocr_par' dir='ltr' id='par_1_7' title="bbox 271 577 1867 657">
     <span class='ocr_line' id='line_1_7' title="bbox 271 577 1867 657; baseline 0.003 -22"><span class='ocrx_word' id='word_1_37' title='bbox 271 583 481 654; x_wconf 82' lang='grc' dir='ltr'>λότρια.</span> <span class='ocrx_word' id='word_1_38' title='bbox 511 580 808 654; x_wconf 82' lang='grc' dir='ltr'>Χαίρωμεν</span> <span class='ocrx_word' id='word_1_39' title='bbox 834 577 930 635; x_wconf 78' lang='grc' dir='ltr'><strong>οὖν</strong></span> <span class='ocrx_word' id='word_1_40' title='bbox 957 582 1185 646; x_wconf 73' lang='grc' dir='ltr'>εἰκότως</span> <span class='ocrx_word' id='word_1_41' title='bbox 1239 584 1383 655; x_wconf 84' lang='grc' dir='ltr'><strong>μετά</strong></span> <span class='ocrx_word' id='word_1_42' title='bbox 1422 586 1522 657; x_wconf 84' lang='grc' dir='ltr'><strong>τῆς</strong></span> <span class='ocrx_word' id='word_1_43' title='bbox 1561 587 1660 657; x_wconf 75' lang='grc' dir='ltr'><strong>τὴν</strong></span> <span class='ocrx_word' id='word_1_44' title='bbox 1702 586 1867 657; x_wconf 80' lang='grc' dir='ltr'><strong>χάριν</strong></span> 
     </span>
    </p>
   </div>
   <div class='ocr_carea' id='block_1_8' title="bbox 274 673 1868 751">
    <p class='ocr_par' dir='ltr' id='par_1_8' title="bbox 274 673 1868 751">
     <span class='ocr_line' id='line_1_8' title="bbox 274 673 1868 751; baseline 0.002 -22"><span class='ocrx_word' id='word_1_45' title='bbox 274 675 610 747; x_wconf 71' lang='grc' dir='ltr'><strong>δεξαμένης,</strong></span> <span class='ocrx_word' id='word_1_46' title='bbox 642 674 739 728; x_wconf 70' lang='grc' dir='ltr'>καὶ</span> <span class='ocrx_word' id='word_1_47' title='bbox 769 673 1292 745; x_wconf 77' lang='grc' dir='ltr'>προσφθεγγώμεθα</span> <span class='ocrx_word' id='word_1_48' title='bbox 1339 679 1437 730; x_wconf 82' lang='grc' dir='ltr'><strong>σὺν</strong></span> <span class='ocrx_word' id='word_1_49' title='bbox 1487 677 1566 748; x_wconf 81' lang='grc' dir='ltr'><strong>τῷ</strong></span> <span class='ocrx_word' id='word_1_50' title='bbox 1625 677 1868 751; x_wconf 75' lang='grc' dir='ltr'>Γαϐριὴλ</span> 
     </span>
    </p>
   </div>
   <div class='ocr_carea' id='block_1_9' title="bbox 275 766 1861 839">
    <p class='ocr_par' dir='ltr' id='par_1_9' title="bbox 275 766 1861 839">
     <span class='ocr_line' id='line_1_9' title="bbox 275 766 1861 839; baseline 0.002 -18"><span class='ocrx_word' id='word_1_51' title='bbox 275 769 379 839; x_wconf 77' lang='grc' dir='ltr'>τὴν</span> <span class='ocrx_word' id='word_1_52' title='bbox 424 769 522 824; x_wconf 75' lang='grc' dir='ltr'>τοῦ</span> <span class='ocrx_word' id='word_1_53' title='bbox 563 766 702 821; x_wconf 82' lang='grc' dir='ltr'><strong>Θεοῦ</strong></span> <span class='ocrx_word' id='word_1_54' title='bbox 755 766 916 837; x_wconf 73' lang='grc' dir='ltr'>ἡμῶν</span> <span class='ocrx_word' id='word_1_55' title='bbox 974 766 1210 838; x_wconf 79' lang='grc' dir='ltr'>Μητέρα</span> <span class='ocrx_word' id='word_1_56' title='bbox 1239 808 1254 829; x_wconf 92' lang='grc'><strong>,</strong></span> <span class='ocrx_word' id='word_1_57' title='bbox 1315 768 1573 836; x_wconf 81' lang='grc' dir='ltr'>λέγοντες</span> <span class='ocrx_word' id='word_1_58' title='bbox 1612 785 1626 799; x_wconf 77' lang='grc' dir='ltr'><strong>ο</strong></span> <span class='ocrx_word' id='word_1_59' title='bbox 1659 770 1861 838; x_wconf 77' lang='lat' dir='ltr'><strong>Xai&#39;ps,</strong></span> 
     </span>
    </p>
   </div>
   <div class='ocr_carea' id='block_1_10' title="bbox 277 856 1866 928">
    <p class='ocr_par' dir='ltr' id='par_1_10' title="bbox 277 856 1866 928">
     <span class='ocr_line' id='line_1_10' title="bbox 277 856 1866 928; baseline 0.001 -16"><span class='ocrx_word' id='word_1_60' title='bbox 277 856 746 927; x_wconf 69' lang='grc' dir='ltr'><strong>κεχαριτωμένη,</strong></span> <span class='ocrx_word' id='word_1_61' title='bbox 799 859 833 925; x_wconf 74' lang='grc' dir='ltr'><em>ῤ</em></span> <span class='ocrx_word' id='word_1_62' title='bbox 884 858 1107 925; x_wconf 84' lang='grc' dir='ltr'>Κύριος</span> <span class='ocrx_word' id='word_1_63' title='bbox 1148 859 1300 927; x_wconf 81' lang='grc' dir='ltr'><strong>μετά</strong></span> <span class='ocrx_word' id='word_1_64' title='bbox 1339 858 1494 913; x_wconf 78' lang='grc' dir='ltr'>σοῦ’</span> <span class='ocrx_word' id='word_1_65' title='bbox 1524 860 1607 913; x_wconf 82' lang='grc' dir='ltr'>ὅτι</span> <span class='ocrx_word' id='word_1_66' title='bbox 1636 860 1866 928; x_wconf 80' lang='grc' dir='ltr'><strong>γέγονας</strong></span> 
     </span>
    </p>
   </div>
   <div class='ocr_carea' id='block_1_11' title="bbox 274 946 1864 1021">
    <p class='ocr_par' dir='ltr' id='par_1_11' title="bbox 274 946 1864 1021">
     <span class='ocr_line' id='line_1_11' title="bbox 274 946 1864 1021; baseline 0.001 -21"><span class='ocrx_word' id='word_1_67' title='bbox 274 949 413 1017; x_wconf 74' lang='grc' dir='ltr'>ἡμῖν</span> <span class='ocrx_word' id='word_1_68' title='bbox 454 946 571 1010; x_wconf 75' lang='grc' dir='ltr'>ὁδὸς</span> <span class='ocrx_word' id='word_1_69' title='bbox 624 946 926 1017; x_wconf 81' lang='grc' dir='ltr'><strong>σωτηρίας,</strong></span> <span class='ocrx_word' id='word_1_70' title='bbox 973 948 1069 1000; x_wconf 76' lang='grc' dir='ltr'>καὶ</span> <span class='ocrx_word' id='word_1_71' title='bbox 1105 947 1372 1013; x_wconf 82' lang='grc' dir='ltr'>ἀνάϐασις</span> <span class='ocrx_word' id='word_1_72' title='bbox 1420 950 1561 1021; x_wconf 80' lang='grc' dir='ltr'>πρὸς</span> <span class='ocrx_word' id='word_1_73' title='bbox 1607 950 1864 1021; x_wconf 78' lang='grc' dir='ltr'>οὐρανὸν,</span> 
     </span>
    </p>
   </div>
   <div class='ocr_carea' id='block_1_12' title="bbox 278 1034 1867 1116">
    <p class='ocr_par' dir='ltr' id='par_1_12' title="bbox 278 1034 1867 1116">
     <span class='ocr_line' id='line_1_12' title="bbox 278 1034 1867 1116; baseline 0.003 -25"><span class='ocrx_word' id='word_1_74' title='bbox 278 1038 562 1101; x_wconf 73' lang='grc' dir='ltr'>καὶιτόπος</span> <span class='ocrx_word' id='word_1_75' title='bbox 589 1038 979 1100; x_wconf 76' lang='grc' dir='ltr'>ἀναπαύσεως,</span> <span class='ocrx_word' id='word_1_76' title='bbox 1020 1041 1118 1093; x_wconf 75' lang='grc' dir='ltr'><strong>καὶ</strong></span> <span class='ocrx_word' id='word_1_77' title='bbox 1149 1041 1326 1111; x_wconf 85' lang='grc' dir='ltr'>σκηνὴ</span> <span class='ocrx_word' id='word_1_78' title='bbox 1357 1041 1703 1112; x_wconf 78' lang='grc' dir='ltr'>ἀναψύξεως,</span> <span class='ocrx_word' id='word_1_79' title='bbox 1738 1044 1797 1095; x_wconf 85' lang='grc' dir='ltr'><strong>ἐν</strong></span> 
     </span>
    </p>
   </div>
   <div class='ocr_carea' id='block_1_13' title="bbox 279 1132 1870 1209">
    <p class='ocr_par' dir='ltr' id='par_1_13' title="bbox 279 1132 1870 1209">
     <span class='ocr_line' id='line_1_13' title="bbox 279 1132 1870 1209; baseline 0.001 -25"><span class='ocrx_word' id='word_1_80' title='bbox 279 1134 698 1209; x_wconf 58' lang='grc' dir='ltr'>κατεσκήνωσεν</span> <span class='ocrx_word' id='word_1_81' title='bbox 724 1133 752 1185; x_wconf 91' lang='lat'><strong>6</strong></span> <span class='ocrx_word' id='word_1_82' title='bbox 788 1132 1016 1202; x_wconf 83' lang='grc' dir='ltr'>Κύριος.</span> <span class='ocrx_word' id='word_1_83' title='bbox 1052 1132 1153 1187; x_wconf 79' lang='grc' dir='ltr'><strong>Διὰ</strong></span> <span class='ocrx_word' id='word_1_84' title='bbox 1184 1133 1347 1188; x_wconf 81' lang='grc' dir='ltr'>τοῦτο</span> <span class='ocrx_word' id='word_1_85' title='bbox 1390 1136 1488 1188; x_wconf 79' lang='grc' dir='ltr'><strong>σὺν</strong></span> <span class='ocrx_word' id='word_1_86' title='bbox 1525 1136 1729 1198; x_wconf 77' lang='grc' dir='ltr'>πάσαις</span> <span class='ocrx_word' id='word_1_87' title='bbox 1751 1137 1870 1197; x_wconf 83' lang='grc' dir='ltr'>ταῖς</span> 
     </span>
    </p>
   </div>
   <div class='ocr_carea' id='block_1_14' title="bbox 280 1222 1871 1298">
    <p class='ocr_par' dir='ltr' id='par_1_14' title="bbox 280 1222 1871 1298">
     <span class='ocr_line' id='line_1_14' title="bbox 280 1222 1871 1298; baseline 0.002 -23"><span class='ocrx_word' id='word_1_88' title='bbox 280 1224 500 1290; x_wconf 80' lang='grc' dir='ltr'>γενεαῖς</span> <span class='ocrx_word' id='word_1_89' title='bbox 525 1222 909 1293; x_wconf 81' lang='grc' dir='ltr'>μακαριοῦμέν</span> <span class='ocrx_word' id='word_1_90' title='bbox 941 1241 1001 1277; x_wconf 84' lang='grc' dir='ltr'><strong>σε</strong></span> <span class='ocrx_word' id='word_1_91' title='bbox 1046 1224 1220 1294; x_wconf 84' lang='grc' dir='ltr'>μόνην</span> <span class='ocrx_word' id='word_1_92' title='bbox 1269 1227 1327 1278; x_wconf 79' lang='grc' dir='ltr'>ὲν</span> <span class='ocrx_word' id='word_1_93' title='bbox 1356 1225 1628 1293; x_wconf 80' lang='grc' dir='ltr'>γυναιξίν·</span> <span class='ocrx_word' id='word_1_94' title='bbox 1659 1227 1726 1298; x_wconf 73' lang='grc' dir='ltr'>ἢν</span> <span class='ocrx_word' id='word_1_95' title='bbox 1770 1226 1871 1279; x_wconf 81' lang='grc' dir='ltr'><strong>οὐκ</strong></span> 
     </span>
    </p>
   </div>
   <div class='ocr_carea' id='block_1_15' title="bbox 280 1315 1873 1385">
    <p class='ocr_par' dir='ltr' id='par_1_15' title="bbox 280 1315 1873 1385">
     <span class='ocr_line' id='line_1_15' title="bbox 280 1315 1873 1385; baseline 0.001 -18"><span class='ocrx_word' id='word_1_96' title='bbox 280 1315 578 1382; x_wconf 73' lang='grc' dir='ltr'>ἐξέκαυσεν</span> <span class='ocrx_word' id='word_1_97' title='bbox 609 1315 759 1385; x_wconf 80' lang='grc' dir='ltr'>ἥλιος</span> <span class='ocrx_word' id='word_1_98' title='bbox 790 1315 985 1385; x_wconf 76' lang='grc' dir='ltr'>ἡδονῆς</span> <span class='ocrx_word' id='word_1_99' title='bbox 1025 1316 1203 1385; x_wconf 81' lang='grc' dir='ltr'>φλόγα</span> <span class='ocrx_word' id='word_1_100' title='bbox 1249 1317 1495 1385; x_wconf 81' lang='grc' dir='ltr'><strong>ἐπάγων,</strong></span> <span class='ocrx_word' id='word_1_101' title='bbox 1530 1317 1654 1371; x_wconf 81' lang='grc' dir='ltr'>οὐδὲ</span> <span class='ocrx_word' id='word_1_102' title='bbox 1676 1316 1873 1380; x_wconf 79' lang='grc' dir='ltr'>νυκτὸς</span> 
     </span>
    </p>
   </div>
   <div class='ocr_carea' id='block_1_16' title="bbox 282 1405 1873 1478">
    <p class='ocr_par' dir='ltr' id='par_1_16' title="bbox 282 1405 1873 1478">
     <span class='ocr_line' id='line_1_16' title="bbox 282 1405 1873 1478; baseline 0.002 -20"><span class='ocrx_word' id='word_1_103' title='bbox 282 1407 517 1478; x_wconf 78' lang='grc' dir='ltr'><strong>σελήνης</strong></span> <span class='ocrx_word' id='word_1_104' title='bbox 553 1406 759 1478; x_wconf 78' lang='grc' dir='ltr'><strong>ῥοώδης</strong></span> <span class='ocrx_word' id='word_1_105' title='bbox 804 1405 1009 1475; x_wconf 71' lang='grc' dir='ltr'>ἔϐλαψε</span> <span class='ocrx_word' id='word_1_106' title='bbox 1060 1407 1312 1476; x_wconf 78' lang='grc' dir='ltr'>δύναμις.</span> <span class='ocrx_word' id='word_1_107' title='bbox 1352 1410 1436 1463; x_wconf 83' lang='grc' dir='ltr'><strong>Οὐ</strong></span> <span class='ocrx_word' id='word_1_108' title='bbox 1482 1408 1591 1477; x_wconf 84' lang='grc' dir='ltr'><strong>γάρ</strong></span> <span class='ocrx_word' id='word_1_109' title='bbox 1641 1407 1873 1472; x_wconf 74' lang='grc' dir='ltr'>ἔδωκας</span> 
     </span>
    </p>
   </div>
   <div class='ocr_carea' id='block_1_17' title="bbox 280 1496 1871 1569">
    <p class='ocr_par' dir='ltr' id='par_1_17' title="bbox 280 1496 1871 1569">
     <span class='ocr_line' id='line_1_17' title="bbox 280 1496 1871 1569; baseline -0.001 -18"><span class='ocrx_word' id='word_1_110' title='bbox 280 1497 375 1562; x_wconf 76' lang='grc' dir='ltr'>εις</span> <span class='ocrx_word' id='word_1_111' title='bbox 413 1496 611 1550; x_wconf 80' lang='grc' dir='ltr'>σάλον</span> <span class='ocrx_word' id='word_1_112' title='bbox 634 1496 743 1549; x_wconf 82' lang='grc' dir='ltr'>τὸν</span> <span class='ocrx_word' id='word_1_113' title='bbox 773 1497 932 1549; x_wconf 83' lang='grc' dir='ltr'><strong>πόδα</strong></span> <span class='ocrx_word' id='word_1_114' title='bbox 962 1498 1060 1566; x_wconf 80' lang='grc' dir='ltr'><strong>τῆς</strong></span> <span class='ocrx_word' id='word_1_115' title='bbox 1088 1497 1289 1569; x_wconf 78' lang='grc' dir='ltr'>ψυχῆς,</span> <span class='ocrx_word' id='word_1_116' title='bbox 1325 1497 1442 1551; x_wconf 80' lang='grc' dir='ltr'>ἀλλ’</span> <span class='ocrx_word' id='word_1_117' title='bbox 1468 1498 1693 1569; x_wconf 81' lang='grc' dir='ltr'>ἔμεινας</span> <span class='ocrx_word' id='word_1_118' title='bbox 1716 1498 1871 1550; x_wconf 84' lang='grc' dir='ltr'>ἀκλι-</span> 
     </span>
    </p>
   </div>
   <div class='ocr_carea' id='block_1_18' title="bbox 281 1587 1872 1660">
    <p class='ocr_par' dir='ltr' id='par_1_18' title="bbox 281 1587 1872 1660">
     <span class='ocr_line' id='line_1_18' title="bbox 281 1587 1872 1660; baseline 0.001 -20"><span class='ocrx_word' id='word_1_119' title='bbox 281 1587 405 1656; x_wconf 86' lang='grc' dir='ltr'>νὴς,</span> <span class='ocrx_word' id='word_1_120' title='bbox 435 1588 531 1639; x_wconf 68' lang='grc' dir='ltr'>ἐπὶ</span> <span class='ocrx_word' id='word_1_121' title='bbox 562 1588 661 1656; x_wconf 79' lang='grc' dir='ltr'>τὴν</span> <span class='ocrx_word' id='word_1_122' title='bbox 695 1587 905 1659; x_wconf 82' lang='grc' dir='ltr'>πέτραν</span> <span class='ocrx_word' id='word_1_123' title='bbox 940 1587 1130 1641; x_wconf 76' lang='grc' dir='ltr'>τοῦτον</span> <span class='ocrx_word' id='word_1_124' title='bbox 1161 1590 1446 1660; x_wconf 79' lang='grc' dir='ltr'>ἐρείσασα·</span> <span class='ocrx_word' id='word_1_125' title='bbox 1479 1591 1574 1642; x_wconf 72' lang='grc' dir='ltr'><strong>καὶ</strong></span> <span class='ocrx_word' id='word_1_126' title='bbox 1607 1588 1872 1659; x_wconf 68' lang='grc' dir='ltr'>ἐφύλαξεν</span> 
     </span>
    </p>
   </div>
   <div class='ocr_carea' id='block_1_19' title="bbox 284 1676 1873 1748">
    <p class='ocr_par' dir='ltr' id='par_1_19' title="bbox 284 1676 1873 1748">
     <span class='ocr_line' id='line_1_19' title="bbox 284 1676 1873 1748; baseline 0 -17"><span class='ocrx_word' id='word_1_127' title='bbox 284 1695 347 1732; x_wconf 92' lang='grc' dir='ltr'><strong>σε</strong></span> <span class='ocrx_word' id='word_1_128' title='bbox 387 1679 416 1730; x_wconf 97' lang='lat'><strong>6</strong></span> <span class='ocrx_word' id='word_1_129' title='bbox 457 1677 686 1748; x_wconf 81' lang='grc' dir='ltr'>Κύριος,</span> <span class='ocrx_word' id='word_1_130' title='bbox 737 1677 898 1747; x_wconf 80' lang='grc' dir='ltr'>μόνος</span> <span class='ocrx_word' id='word_1_131' title='bbox 936 1677 1199 1731; x_wconf 79' lang='grc' dir='ltr'>εἰσελθὼν</span> <span class='ocrx_word' id='word_1_132' title='bbox 1247 1679 1340 1731; x_wconf 80' lang='grc' dir='ltr'>ἐπὶ</span> <span class='ocrx_word' id='word_1_133' title='bbox 1393 1679 1497 1742; x_wconf 71' lang='grc' dir='ltr'>σοὶ,</span> <span class='ocrx_word' id='word_1_134' title='bbox 1544 1678 1638 1732; x_wconf 78' lang='grc' dir='ltr'><strong>καὶ</strong></span> <span class='ocrx_word' id='word_1_135' title='bbox 1686 1681 1749 1731; x_wconf 85' lang='grc' dir='ltr'>ἐκ</span> <span class='ocrx_word' id='word_1_136' title='bbox 1779 1676 1873 1731; x_wconf 78' lang='grc' dir='ltr'>σοῦ</span> 
     </span>
    </p>
   </div>
   <div class='ocr_carea' id='block_1_20' title="bbox 285 1769 1876 1842">
    <p class='ocr_par' dir='ltr' id='par_1_20' title="bbox 285 1769 1876 1842">
     <span class='ocr_line' id='line_1_20' title="bbox 285 1769 1876 1842; baseline -0.001 -19"><span class='ocrx_word' id='word_1_137' title='bbox 285 1769 606 1842; x_wconf 72' lang='grc' dir='ltr'>προελθὼν,</span> <span class='ocrx_word' id='word_1_138' title='bbox 659 1770 753 1823; x_wconf 69' lang='grc' dir='ltr'><strong>καὶ</strong></span> <span class='ocrx_word' id='word_1_139' title='bbox 804 1770 1227 1840; x_wconf 59' lang='grc' dir='ltr'>κεκλεισμένην,</span> <span class='ocrx_word' id='word_1_140' title='bbox 1286 1770 1381 1823; x_wconf 69' lang='grc' dir='ltr'>καὶ</span> <span class='ocrx_word' id='word_1_141' title='bbox 1429 1769 1876 1840; x_wconf 81' lang='grc' dir='ltr'>ἐσφραγισμένην</span> 
     </span>
    </p>
   </div>
   <div class='ocr_carea' id='block_1_21' title="bbox 284 1855 1877 1934">
    <p class='ocr_par' dir='ltr' id='par_1_21' title="bbox 284 1855 1877 1934">
     <span class='ocr_line' id='line_1_21' title="bbox 284 1855 1877 1934; baseline -0.001 -19"><span class='ocrx_word' id='word_1_142' title='bbox 284 1863 628 1934; x_wconf 83' lang='grc' dir='ltr'>διατηρήσας</span> <span class='ocrx_word' id='word_1_143' title='bbox 681 1879 739 1915; x_wconf 85' lang='grc' dir='ltr'><strong>σε</strong></span> <span class='ocrx_word' id='word_1_144' title='bbox 793 1863 875 1925; x_wconf 87' lang='grc' dir='ltr'>εἰς</span> <span class='ocrx_word' id='word_1_145' title='bbox 921 1861 1013 1915; x_wconf 75' lang='grc' dir='ltr'>τὸν</span> <span class='ocrx_word' id='word_1_146' title='bbox 1061 1860 1254 1915; x_wconf 85' lang='grc' dir='ltr'>αἰῶνα.</span> <span class='ocrx_word' id='word_1_147' title='bbox 1293 1862 1523 1931; x_wconf 85' lang='grc' dir='ltr'>Χαίροις</span> <span class='ocrx_word' id='word_1_148' title='bbox 1569 1862 1786 1923; x_wconf 80' lang='grc' dir='ltr'>τοίνυν,</span> <span class='ocrx_word' id='word_1_149' title='bbox 1832 1855 1877 1914; x_wconf 81' lang='grc' dir='ltr'><strong>ὦ</strong></span> 
     </span>
    </p>
   </div>
   <div class='ocr_carea' id='block_1_22' title="bbox 285 1952 1878 2024">
    <p class='ocr_par' dir='ltr' id='par_1_22' title="bbox 285 1952 1878 2024">
     <span class='ocr_line' id='line_1_22' title="bbox 285 1952 1878 2024; baseline -0.003 -16"><span class='ocrx_word' id='word_1_150' title='bbox 285 1954 484 2024; x_wconf 81' lang='grc' dir='ltr'>Μῆτερ</span> <span class='ocrx_word' id='word_1_151' title='bbox 517 1953 611 2006; x_wconf 71' lang='grc' dir='ltr'><strong>καὶ</strong></span> <span class='ocrx_word' id='word_1_152' title='bbox 644 1952 914 2024; x_wconf 80' lang='grc' dir='ltr'>Παρθένε,</span> <span class='ocrx_word' id='word_1_153' title='bbox 958 1953 1053 2006; x_wconf 68' lang='grc' dir='ltr'>καὶ</span> <span class='ocrx_word' id='word_1_154' title='bbox 1098 1952 1275 2022; x_wconf 78' lang='grc' dir='ltr'>τροφὴ</span> <span class='ocrx_word' id='word_1_155' title='bbox 1323 1953 1423 2022; x_wconf 83' lang='grc' dir='ltr'>τῆς</span> <span class='ocrx_word' id='word_1_156' title='bbox 1449 1952 1617 2023; x_wconf 75' lang='grc' dir='ltr'>ζωῆς.</span> <span class='ocrx_word' id='word_1_157' title='bbox 1648 1953 1741 2006; x_wconf 73' lang='grc' dir='ltr'>καὶ</span> <span class='ocrx_word' id='word_1_158' title='bbox 1768 1971 1878 2022; x_wconf 85' lang='grc' dir='ltr'>πη-</span> 
     </span>
    </p>
   </div>
   <div class='ocr_carea' id='block_1_23' title="bbox 286 2042 1879 2115">
    <p class='ocr_par' dir='ltr' id='par_1_23' title="bbox 286 2042 1879 2115">
     <span class='ocr_line' id='line_1_23' title="bbox 286 2042 1879 2115; baseline 0 -19"><span class='ocrx_word' id='word_1_159' title='bbox 286 2045 364 2115; x_wconf 82' lang='grc' dir='ltr'>γὴ</span> <span class='ocrx_word' id='word_1_160' title='bbox 399 2044 497 2109; x_wconf 85' lang='grc' dir='ltr'>τῆς</span> <span class='ocrx_word' id='word_1_161' title='bbox 535 2043 835 2107; x_wconf 78' lang='grc' dir='ltr'>ἀθανασίας</span> <span class='ocrx_word' id='word_1_162' title='bbox 856 2060 869 2071; x_wconf 93' lang='grc'><strong>·</strong></span> <span class='ocrx_word' id='word_1_163' title='bbox 909 2045 974 2096; x_wconf 73' lang='grc' dir='ltr'>ἐκ</span> <span class='ocrx_word' id='word_1_164' title='bbox 1019 2042 1112 2095; x_wconf 82' lang='grc' dir='ltr'>σοῦ</span> <span class='ocrx_word' id='word_1_165' title='bbox 1146 2043 1255 2113; x_wconf 79' lang='grc' dir='ltr'>γὰρ</span> <span class='ocrx_word' id='word_1_166' title='bbox 1287 2042 1555 2114; x_wconf 77' lang='grc' dir='ltr'>προῆλθεν</span> <span class='ocrx_word' id='word_1_167' title='bbox 1585 2046 1613 2097; x_wconf 90' lang='lat'><strong>6</strong></span> <span class='ocrx_word' id='word_1_168' title='bbox 1645 2042 1879 2113; x_wconf 74' lang='grc' dir='ltr'>φθορεὺς</span> 
     </span>
    </p>
   </div>
   <div class='ocr_carea' id='block_1_24' title="bbox 288 2134 1881 2207">
    <p class='ocr_par' dir='ltr' id='par_1_24' title="bbox 288 2134 1881 2207">
     <span class='ocr_line' id='line_1_24' title="bbox 288 2134 1881 2207; baseline -0.002 -18"><span class='ocrx_word' id='word_1_169' title='bbox 288 2137 391 2205; x_wconf 79' lang='grc' dir='ltr'>τῆς</span> <span class='ocrx_word' id='word_1_170' title='bbox 418 2136 648 2207; x_wconf 75' lang='grc' dir='ltr'>φθορᾶς,</span> <span class='ocrx_word' id='word_1_171' title='bbox 676 2137 770 2189; x_wconf 70' lang='grc' dir='ltr'>καὶ</span> <span class='ocrx_word' id='word_1_172' title='bbox 819 2137 847 2188; x_wconf 87' lang='grc' dir='ltr'>ὁ</span> <span class='ocrx_word' id='word_1_173' title='bbox 879 2135 1202 2199; x_wconf 80' lang='grc' dir='ltr'>θανατώσας</span> <span class='ocrx_word' id='word_1_174' title='bbox 1247 2135 1340 2188; x_wconf 70' lang='grc' dir='ltr'>τὸν</span> <span class='ocrx_word' id='word_1_175' title='bbox 1401 2134 1650 2190; x_wconf 83' lang='grc' dir='ltr'>θάνατον.</span> <span class='ocrx_word' id='word_1_176' title='bbox 1689 2136 1881 2205; x_wconf 85' lang='grc' dir='ltr'>Ἦμεῖς</span> 
     </span>
    </p>
   </div>
   <div class='ocr_carea' id='block_1_25' title="bbox 288 2223 1877 2296">
    <p class='ocr_par' dir='ltr' id='par_1_25' title="bbox 288 2223 1877 2296">
     <span class='ocr_line' id='line_1_25' title="bbox 288 2223 1877 2296; baseline -0.002 -16"><span class='ocrx_word' id='word_1_177' title='bbox 288 2226 412 2290; x_wconf 74' lang='grc' dir='ltr'>οὖν,</span> <span class='ocrx_word' id='word_1_178' title='bbox 447 2225 691 2295; x_wconf 79' lang='grc' dir='ltr'>ἀδελφοὶ,</span> <span class='ocrx_word' id='word_1_179' title='bbox 727 2225 906 2279; x_wconf 76' lang='grc' dir='ltr'>ταῦτα</span> <span class='ocrx_word' id='word_1_180' title='bbox 940 2225 1078 2296; x_wconf 79' lang='grc' dir='ltr'>πρὸς</span> <span class='ocrx_word' id='word_1_181' title='bbox 1124 2225 1224 2293; x_wconf 82' lang='grc' dir='ltr'>τὴν</span> <span class='ocrx_word' id='word_1_182' title='bbox 1267 2223 1589 2295; x_wconf 78' lang='grc' dir='ltr'>Θεομήτορα</span> <span class='ocrx_word' id='word_1_183' title='bbox 1617 2226 1759 2278; x_wconf 84' lang='grc' dir='ltr'>κατά</span> <span class='ocrx_word' id='word_1_184' title='bbox 1788 2225 1877 2277; x_wconf 79' lang='grc' dir='ltr'>δύ-</span> 
     </span>
    </p>
   </div>
   <div class='ocr_carea' id='block_1_26' title="bbox 290 2314 1880 2387">
    <p class='ocr_par' dir='ltr' id='par_1_26' title="bbox 290 2314 1880 2387">
     <span class='ocr_line' id='line_1_26' title="bbox 290 2314 1880 2387; baseline -0.002 -16"><span class='ocrx_word' id='word_1_185' title='bbox 290 2333 461 2386; x_wconf 86' lang='grc' dir='ltr'>ναμιν</span> <span class='ocrx_word' id='word_1_186' title='bbox 493 2317 762 2381; x_wconf 78' lang='grc' dir='ltr'>εἰπόντες,</span> <span class='ocrx_word' id='word_1_187' title='bbox 791 2315 1076 2387; x_wconf 83' lang='grc' dir='ltr'>νεύσωμεν</span> <span class='ocrx_word' id='word_1_188' title='bbox 1106 2314 1298 2369; x_wconf 78' lang='grc' dir='ltr'>λοιπὸν</span> <span class='ocrx_word' id='word_1_189' title='bbox 1338 2317 1475 2387; x_wconf 75' lang='grc' dir='ltr'>πρὸς</span> <span class='ocrx_word' id='word_1_190' title='bbox 1502 2316 1752 2381; x_wconf 79' lang='grc' dir='ltr'>ἑαυτοὺς,</span> <span class='ocrx_word' id='word_1_191' title='bbox 1782 2316 1880 2369; x_wconf 74' lang='grc' dir='ltr'>καὶ</span> 
     </span>
    </p>
   </div>
   <div class='ocr_carea' id='block_1_27' title="bbox 290 2403 1881 2476">
    <p class='ocr_par' dir='ltr' id='par_1_27' title="bbox 290 2403 1881 2476">
     <span class='ocr_line' id='line_1_27' title="bbox 290 2403 1881 2476; baseline 0.001 -19"><span class='ocrx_word' id='word_1_192' title='bbox 290 2404 515 2474; x_wconf 81' lang='grc' dir='ltr'>γνῶμεν</span> <span class='ocrx_word' id='word_1_193' title='bbox 553 2405 653 2475; x_wconf 85' lang='grc' dir='ltr'><strong>τῆς</strong></span> <span class='ocrx_word' id='word_1_194' title='bbox 675 2404 889 2476; x_wconf 74' lang='grc' dir='ltr'>ἡμέρας</span> <span class='ocrx_word' id='word_1_195' title='bbox 930 2404 1030 2476; x_wconf 78' lang='grc' dir='ltr'><strong>τὴν</strong></span> <span class='ocrx_word' id='word_1_196' title='bbox 1063 2403 1320 2476; x_wconf 78' lang='grc' dir='ltr'>δύναμιν,</span> <span class='ocrx_word' id='word_1_197' title='bbox 1347 2406 1442 2459; x_wconf 79' lang='grc' dir='ltr'><strong>καὶ</strong></span> <span class='ocrx_word' id='word_1_198' title='bbox 1476 2405 1881 2473; x_wconf 79' lang='grc' dir='ltr'>ὲγκαινίσωμεν</span> 
     </span>
    </p>
   </div>
   <div class='ocr_carea' id='block_1_28' title="bbox 294 2494 1882 2567">
    <p class='ocr_par' dir='ltr' id='par_1_28' title="bbox 294 2494 1882 2567">
     <span class='ocr_line' id='line_1_28' title="bbox 294 2494 1882 2567; baseline 0 -19"><span class='ocrx_word' id='word_1_199' title='bbox 294 2497 542 2567; x_wconf 80' lang='grc' dir='ltr'>σήμερον</span> <span class='ocrx_word' id='word_1_200' title='bbox 582 2494 683 2565; x_wconf 81' lang='grc' dir='ltr'>τὴν</span> <span class='ocrx_word' id='word_1_201' title='bbox 725 2494 884 2564; x_wconf 81' lang='grc' dir='ltr'>ἡμῶν</span> <span class='ocrx_word' id='word_1_202' title='bbox 930 2495 1208 2565; x_wconf 83' lang='grc' dir='ltr'>γέννησιν.</span> <span class='ocrx_word' id='word_1_203' title='bbox 1245 2495 1355 2548; x_wconf 70' lang='grc' dir='ltr'><strong>Καὶ</strong></span> <span class='ocrx_word' id='word_1_204' title='bbox 1396 2505 1426 2534; x_wconf 79' lang='grc' dir='ltr'>ιι</span> <span class='ocrx_word' id='word_1_205' title='bbox 1476 2495 1625 2549; x_wconf 74' lang='grc' dir='ltr'>ἐστιν</span> <span class='ocrx_word' id='word_1_206' title='bbox 1675 2496 1808 2566; x_wconf 81' lang='grc' dir='ltr'>ἡμῖν</span> <span class='ocrx_word' id='word_1_207' title='bbox 1849 2496 1882 2566; x_wconf 83' lang='grc' dir='ltr'><strong>ἡ</strong></span> 
     </span>
    </p>
   </div>
   <div class='ocr_carea' id='block_1_29' title="bbox 292 2580 1884 2666">
    <p class='ocr_par' dir='ltr' id='par_1_29' title="bbox 292 2580 1884 2666">
     <span class='ocr_line' id='line_1_29' title="bbox 292 2580 1884 2666; baseline 0.002 -29"><span class='ocrx_word' id='word_1_208' title='bbox 292 2585 484 2666; x_wconf 55' lang='grc' dir='ltr'><strong>⁴Ιγμέρα</strong></span> <span class='ocrx_word' id='word_1_209' title='bbox 511 2583 652 2654; x_wconf 79' lang='grc' dir='ltr'>αὕτη</span> <span class='ocrx_word' id='word_1_210' title='bbox 687 2584 862 2655; x_wconf 82' lang='grc' dir='ltr'>κλητὴ</span> <span class='ocrx_word' id='word_1_211' title='bbox 892 2586 1045 2653; x_wconf 82' lang='grc' dir='ltr'>ἁγία,</span> <span class='ocrx_word' id='word_1_212' title='bbox 1080 2588 1138 2640; x_wconf 87' lang='grc' dir='ltr'>ὲν</span> <span class='ocrx_word' id='word_1_213' title='bbox 1223 2585 1599 2657; x_wconf 84' lang='grc' dir='ltr'>ὲπλάσθημεν,</span> <span class='ocrx_word' id='word_1_214' title='bbox 1630 2586 1724 2640; x_wconf 75' lang='grc' dir='ltr'>καὶ</span> <span class='ocrx_word' id='word_1_215' title='bbox 1747 2587 1884 2657; x_wconf 81' lang='grc' dir='ltr'>πρὸς</span> 
     </span>
    </p>
   </div>
   <div class='ocr_carea' id='block_1_30' title="bbox 294 2673 1885 2745">
    <p class='ocr_par' dir='ltr' id='par_1_30' title="bbox 294 2673 1885 2745">
     <span class='ocr_line' id='line_1_30' title="bbox 294 2673 1885 2745; baseline 0.001 -18"><span class='ocrx_word' id='word_1_216' title='bbox 294 2677 397 2745; x_wconf 73' lang='grc' dir='ltr'>τὴν</span> <span class='ocrx_word' id='word_1_217' title='bbox 438 2676 676 2744; x_wconf 77' lang='grc' dir='ltr'>ἀρχαίαν</span> <span class='ocrx_word' id='word_1_218' title='bbox 705 2674 850 2745; x_wconf 79' lang='grc' dir='ltr'>ζωὴν</span> <span class='ocrx_word' id='word_1_219' title='bbox 875 2675 1281 2744; x_wconf 77' lang='grc' dir='ltr'>ἐπανήλθομεν.</span> <span class='ocrx_word' id='word_1_220' title='bbox 1322 2673 1638 2745; x_wconf 81' lang='grc' dir='ltr'>Παράδοξον</span> <span class='ocrx_word' id='word_1_221' title='bbox 1667 2675 1723 2728; x_wconf 80' lang='grc' dir='ltr'>δὲ</span> <span class='ocrx_word' id='word_1_222' title='bbox 1754 2676 1885 2742; x_wconf 78' lang='grc' dir='ltr'>ὑμῖν</span> 
     </span>
    </p>
   </div>
   <div class='ocr_carea' id='block_1_31' title="bbox 297 2765 1883 2837">
    <p class='ocr_par' dir='ltr' id='par_1_31' title="bbox 297 2765 1883 2837">
     <span class='ocr_line' id='line_1_31' title="bbox 297 2765 1883 2837; baseline 0 -19"><span class='ocrx_word' id='word_1_223' title='bbox 297 2767 432 2829; x_wconf 85' lang='grc' dir='ltr'>ἴσως</span> <span class='ocrx_word' id='word_1_224' title='bbox 466 2765 590 2836; x_wconf 78' lang='grc' dir='ltr'><strong>δόξῃ</strong></span> <span class='ocrx_word' id='word_1_225' title='bbox 620 2766 681 2818; x_wconf 73' lang='grc' dir='ltr'><strong>τὸ</strong></span> <span class='ocrx_word' id='word_1_226' title='bbox 727 2765 1046 2835; x_wconf 84' lang='grc' dir='ltr'>λεγόμενον·</span> <span class='ocrx_word' id='word_1_227' title='bbox 1080 2765 1408 2837; x_wconf 82' lang='grc' dir='ltr'>λεχθήσεται</span> <span class='ocrx_word' id='word_1_228' title='bbox 1464 2766 1508 2820; x_wconf 86' lang='grc' dir='ltr'>δ’</span> <span class='ocrx_word' id='word_1_229' title='bbox 1540 2767 1712 2836; x_wconf 83' lang='grc' dir='ltr'>ὅμως,</span> <span class='ocrx_word' id='word_1_230' title='bbox 1748 2766 1883 2819; x_wconf 81' lang='grc' dir='ltr'>Θεοῦ</span> 
     </span>
    </p>
   </div>
   <div class='ocr_carea' id='block_1_32' title="bbox 296 2853 1883 2925">
    <p class='ocr_par' dir='ltr' id='par_1_32' title="bbox 296 2853 1883 2925">
     <span class='ocr_line' id='line_1_32' title="bbox 296 2853 1883 2925; baseline -0.001 -16"><span class='ocrx_word' id='word_1_231' title='bbox 296 2855 535 2925; x_wconf 75' lang='grc' dir='ltr'>δύναμιν</span> <span class='ocrx_word' id='word_1_232' title='bbox 560 2854 817 2918; x_wconf 76' lang='grc' dir='ltr'>διδόντος,</span> <span class='ocrx_word' id='word_1_233' title='bbox 852 2855 950 2907; x_wconf 78' lang='grc' dir='ltr'>καὶ</span> <span class='ocrx_word' id='word_1_234' title='bbox 986 2853 1351 2925; x_wconf 84' lang='grc' dir='ltr'>χορηγοῦντος</span> <span class='ocrx_word' id='word_1_235' title='bbox 1370 2854 1526 2923; x_wconf 81' lang='grc' dir='ltr'>λόγον</span> <span class='ocrx_word' id='word_1_236' title='bbox 1552 2854 1629 2925; x_wconf 77' lang='grc' dir='ltr'>τῷ</span> <span class='ocrx_word' id='word_1_237' title='bbox 1649 2856 1883 2923; x_wconf 83' lang='grc' dir='ltr'>λέγοντι.</span> 
     </span>
    </p>
   </div>
   <div class='ocr_carea' id='block_1_33' title="bbox 384 2944 1887 3018">
    <p class='ocr_par' dir='ltr' id='par_1_33' title="bbox 384 2944 1887 3018">
     <span class='ocr_line' id='line_1_33' title="bbox 384 2944 1887 3018; baseline 0 -20"><span class='ocrx_word' id='word_1_238' title='bbox 384 2946 545 2998; x_wconf 69' lang='grc' dir='ltr'>Ἀλλὰ</span> <span class='ocrx_word' id='word_1_239' title='bbox 574 2947 740 2999; x_wconf 79' lang='grc' dir='ltr'>πόθεν</span> <span class='ocrx_word' id='word_1_240' title='bbox 768 2946 836 3016; x_wconf 79' lang='grc' dir='ltr'>δὴ</span> <span class='ocrx_word' id='word_1_241' title='bbox 867 2945 1051 3014; x_wconf 85' lang='grc' dir='ltr'>δῶμεν</span> <span class='ocrx_word' id='word_1_242' title='bbox 1079 2945 1253 3018; x_wconf 76' lang='grc' dir='ltr'>ἀρχὴν</span> <span class='ocrx_word' id='word_1_243' title='bbox 1288 2944 1366 3016; x_wconf 81' lang='grc' dir='ltr'><strong>τῷ</strong></span> <span class='ocrx_word' id='word_1_244' title='bbox 1391 2946 1716 3018; x_wconf 85' lang='grc' dir='ltr'>διηγήματι,</span> <span class='ocrx_word' id='word_1_245' title='bbox 1758 2946 1790 3018; x_wconf 83' lang='grc' dir='ltr'>ἢ</span> <span class='ocrx_word' id='word_1_246' title='bbox 1823 2947 1887 2998; x_wconf 78' lang='grc' dir='ltr'><strong>ὲκ</strong></span> 
     </span>
    </p>
   </div>
   <div class='ocr_carea' id='block_1_34' title="bbox 296 3034 1887 3108">
    <p class='ocr_par' dir='ltr' id='par_1_34' title="bbox 296 3034 1887 3108">
     <span class='ocr_line' id='line_1_34' title="bbox 296 3034 1887 3108; baseline 0.001 -21"><span class='ocrx_word' id='word_1_247' title='bbox 296 3035 412 3089; x_wconf 79' lang='grc' dir='ltr'>τῶν</span> <span class='ocrx_word' id='word_1_248' title='bbox 460 3035 555 3089; x_wconf 82' lang='grc' dir='ltr'>τοῦ</span> <span class='ocrx_word' id='word_1_249' title='bbox 606 3034 1005 3104; x_wconf 74' lang='grc' dir='ltr'>εὐαγγελιστοῦ</span> <span class='ocrx_word' id='word_1_250' title='bbox 1063 3038 1367 3107; x_wconf 76' lang='grc' dir='ltr'>ρημάτωνς</span> <span class='ocrx_word' id='word_1_251' title='bbox 1404 3038 1566 3099; x_wconf 77' lang='grc' dir='ltr'>αὐτὸς</span> <span class='ocrx_word' id='word_1_252' title='bbox 1613 3037 1723 3108; x_wconf 78' lang='grc' dir='ltr'><strong>γὰρ</strong></span> <span class='ocrx_word' id='word_1_253' title='bbox 1755 3038 1887 3107; x_wconf 70' lang='grc' dir='ltr'>ἡμῖν</span> 
     </span>
    </p>
   </div>
   <div class='ocr_carea' id='block_1_35' title="bbox 299 3126 1885 3201">
    <p class='ocr_par' dir='ltr' id='par_1_35' title="bbox 299 3126 1885 3201">
     <span class='ocr_line' id='line_1_35' title="bbox 299 3126 1885 3201; baseline -0.001 -21"><span class='ocrx_word' id='word_1_254' title='bbox 299 3128 521 3199; x_wconf 77' lang='grc' dir='ltr'>ἀρχέτω</span> <span class='ocrx_word' id='word_1_255' title='bbox 547 3126 642 3181; x_wconf 81' lang='grc' dir='ltr'>τοῦ</span> <span class='ocrx_word' id='word_1_256' title='bbox 678 3127 863 3196; x_wconf 81' lang='grc' dir='ltr'>λόγου,</span> <span class='ocrx_word' id='word_1_257' title='bbox 886 3128 915 3181; x_wconf 88' lang='lat'><strong>6</strong></span> <span class='ocrx_word' id='word_1_258' title='bbox 949 3127 1045 3181; x_wconf 78' lang='grc' dir='ltr'>καὶ</span> <span class='ocrx_word' id='word_1_259' title='bbox 1076 3127 1176 3197; x_wconf 81' lang='grc' dir='ltr'>τὴν</span> <span class='ocrx_word' id='word_1_260' title='bbox 1206 3128 1420 3199; x_wconf 79' lang='grc' dir='ltr'>ἡμέραν</span> <span class='ocrx_word' id='word_1_261' title='bbox 1449 3127 1652 3192; x_wconf 81' lang='grc' dir='ltr'>ταύτην</span> <span class='ocrx_word' id='word_1_262' title='bbox 1684 3127 1885 3201; x_wconf 76' lang='grc' dir='ltr'>γνωρί-</span> 
     </span>
    </p>
   </div>
   <div class='ocr_carea' id='block_1_36' title="bbox 304 3215 1886 3289">
    <p class='ocr_par' dir='ltr' id='par_1_36' title="bbox 304 3215 1886 3289">
     <span class='ocr_line' id='line_1_36' title="bbox 304 3215 1886 3289; baseline -0.002 -18"><span class='ocrx_word' id='word_1_263' title='bbox 304 3237 428 3282; x_wconf 89' lang='grc' dir='ltr'>σας.</span> <span class='ocrx_word' id='word_1_264' title='bbox 474 3219 577 3272; x_wconf 81' lang='grc' dir='ltr'>Ἑν</span> <span class='ocrx_word' id='word_1_265' title='bbox 618 3217 700 3284; x_wconf 85' lang='grc' dir='ltr'>τῷ</span> <span class='ocrx_word' id='word_1_266' title='bbox 721 3218 906 3287; x_wconf 80' lang='grc' dir='ltr'>μηνὶ,</span> <span class='ocrx_word' id='word_1_267' title='bbox 954 3219 1111 3289; x_wconf 72' lang='grc' dir='ltr'>φησὶ,</span> <span class='ocrx_word' id='word_1_268' title='bbox 1159 3216 1239 3283; x_wconf 83' lang='grc' dir='ltr'>τῷ</span> <span class='ocrx_word' id='word_1_269' title='bbox 1280 3217 1468 3285; x_wconf 78' lang='grc' dir='ltr'>ἕκτῳ,</span> <span class='ocrx_word' id='word_1_270' title='bbox 1504 3215 1821 3283; x_wconf 74' lang='grc' dir='ltr'>ἀπεστάλη</span> <span class='ocrx_word' id='word_1_271' title='bbox 1853 3217 1886 3268; x_wconf 84' lang='grc' dir='ltr'><em>ὁ</em></span> 
     </span>
    </p>
   </div>
   <div class='ocr_carea' id='block_1_37' title="bbox 302 3307 1888 3380">
    <p class='ocr_par' dir='ltr' id='par_1_37' title="bbox 302 3307 1888 3380">
     <span class='ocr_line' id='line_1_37' title="bbox 302 3307 1888 3380; baseline 0 -18"><span class='ocrx_word' id='word_1_272' title='bbox 302 3310 565 3380; x_wconf 73' lang='grc' dir='ltr'>ἅγγελος</span> <span class='ocrx_word' id='word_1_273' title='bbox 598 3309 868 3378; x_wconf 77' lang='grc' dir='ltr'>Γαϐριὴλ</span> <span class='ocrx_word' id='word_1_274' title='bbox 909 3308 1070 3376; x_wconf 84' lang='grc' dir='ltr'>παρὰ</span> <span class='ocrx_word' id='word_1_275' title='bbox 1103 3309 1211 3363; x_wconf 87' lang='grc' dir='ltr'>τοῦ</span> <span class='ocrx_word' id='word_1_276' title='bbox 1259 3309 1409 3364; x_wconf 84' lang='grc' dir='ltr'>Θεοῦ</span> <span class='ocrx_word' id='word_1_277' title='bbox 1444 3316 1531 3376; x_wconf 82' lang='grc' dir='ltr'><strong>εις</strong></span> <span class='ocrx_word' id='word_1_278' title='bbox 1570 3310 1755 3363; x_wconf 83' lang='grc' dir='ltr'>πόλιν</span> <span class='ocrx_word' id='word_1_279' title='bbox 1779 3307 1888 3376; x_wconf 82' lang='grc' dir='ltr'>τῆς</span> 
     </span>
    </p>
   </div>
   <div class='ocr_carea' id='block_1_38' title="bbox 302 3394 1890 3473">
    <p class='ocr_par' dir='ltr' id='par_1_38' title="bbox 302 3394 1890 3473">
     <span class='ocr_line' id='line_1_38' title="bbox 302 3394 1890 3473; baseline -0.002 -18"><span class='ocrx_word' id='word_1_280' title='bbox 302 3401 673 3468; x_wconf 71' lang='grc' dir='ltr'>Γαλιλαίας,</span> <span class='ocrx_word' id='word_1_281' title='bbox 725 3394 765 3473; x_wconf 80' lang='grc' dir='ltr'><strong><em>ᾗ</em></strong></span> <span class='ocrx_word' id='word_1_282' title='bbox 819 3401 1011 3470; x_wconf 82' lang='grc' dir='ltr'>ὄνομα</span> <span class='ocrx_word' id='word_1_283' title='bbox 1046 3394 1344 3468; x_wconf 73' lang='grc' dir='ltr'>Ναζαρὲτ,</span> <span class='ocrx_word' id='word_1_284' title='bbox 1398 3401 1549 3470; x_wconf 81' lang='grc' dir='ltr'>πρὸς</span> <span class='ocrx_word' id='word_1_285' title='bbox 1588 3400 1890 3470; x_wconf 77' lang='grc' dir='ltr'>παρθένον</span> 
     </span>
    </p>
   </div>
   <div class='ocr_carea' id='block_1_39' title="bbox 299 3486 1890 3563">
    <p class='ocr_par' dir='ltr' id='par_1_39' title="bbox 299 3486 1890 3563">
     <span class='ocr_line' id='line_1_39' title="bbox 299 3486 1890 3563; baseline -0.001 -16"><span class='ocrx_word' id='word_1_286' title='bbox 299 3493 848 3563; x_wconf 77' lang='grc' dir='ltr'>μεμνηστευμένην</span> <span class='ocrx_word' id='word_1_287' title='bbox 883 3492 1082 3561; x_wconf 74' lang='grc' dir='ltr'>ἀνδρὶ,</span> <span class='ocrx_word' id='word_1_288' title='bbox 1112 3486 1161 3560; x_wconf 84' lang='grc' dir='ltr'>ᾧ</span> <span class='ocrx_word' id='word_1_289' title='bbox 1195 3492 1385 3562; x_wconf 80' lang='grc' dir='ltr'>ὄνομα</span> <span class='ocrx_word' id='word_1_290' title='bbox 1423 3493 1667 3563; x_wconf 69' lang='grc' dir='ltr'>Ἰωσὴφ,</span> <span class='ocrx_word' id='word_1_291' title='bbox 1699 3494 1768 3557; x_wconf 84' lang='grc' dir='ltr'><strong>ἐξ</strong></span> <span class='ocrx_word' id='word_1_292' title='bbox 1806 3492 1890 3546; x_wconf 78' lang='grc' dir='ltr'><strong>οἴ-</strong></span> 
     </span>
    </p>
   </div>
   <div class='ocr_carea' id='block_1_40' title="bbox 301 3582 1891 3653">
    <p class='ocr_par' dir='ltr' id='par_1_40' title="bbox 301 3582 1891 3653">
     <span class='ocr_line' id='line_1_40' title="bbox 301 3582 1891 3653; baseline 0 -17"><span class='ocrx_word' id='word_1_293' title='bbox 301 3601 420 3638; x_wconf 80' lang='grc' dir='ltr'><strong>κου</strong></span> <span class='ocrx_word' id='word_1_294' title='bbox 456 3584 556 3638; x_wconf 74' lang='grc' dir='ltr'><strong>καὶ</strong></span> <span class='ocrx_word' id='word_1_295' title='bbox 595 3585 849 3652; x_wconf 81' lang='grc' dir='ltr'>πατριᾶς</span> <span class='ocrx_word' id='word_1_296' title='bbox 872 3583 1070 3647; x_wconf 80' lang='grc' dir='ltr'>Δαϐὶΰ,</span> <span class='ocrx_word' id='word_1_297' title='bbox 1098 3582 1199 3636; x_wconf 80' lang='grc' dir='ltr'><strong>καὶ</strong></span> <span class='ocrx_word' id='word_1_298' title='bbox 1226 3582 1293 3636; x_wconf 81' lang='grc' dir='ltr'>τὸ</span> <span class='ocrx_word' id='word_1_299' title='bbox 1326 3583 1517 3653; x_wconf 82' lang='grc' dir='ltr'>ὄνομα</span> <span class='ocrx_word' id='word_1_300' title='bbox 1540 3582 1649 3651; x_wconf 82' lang='grc' dir='ltr'>τῆς</span> <span class='ocrx_word' id='word_1_301' title='bbox 1675 3584 1891 3651; x_wconf 80' lang='grc' dir='ltr'>παρθέ-</span> 
     </span>
    </p>
   </div>
   <div class='ocr_carea' id='block_1_41' title="bbox 302 3673 1892 3745">
    <p class='ocr_par' dir='ltr' id='par_1_41' title="bbox 302 3673 1892 3745">
     <span class='ocr_line' id='line_1_41' title="bbox 302 3673 1892 3745; baseline -0.001 -19"><span class='ocrx_word' id='word_1_302' title='bbox 302 3686 420 3729; x_wconf 81' lang='grc' dir='ltr'><strong>νου</strong></span> <span class='ocrx_word' id='word_1_303' title='bbox 463 3673 724 3743; x_wconf 80' lang='grc' dir='ltr'>Μαριάμ.</span> <span class='ocrx_word' id='word_1_304' title='bbox 763 3675 873 3728; x_wconf 73' lang='grc' dir='ltr'><strong>Καὶ</strong></span> <span class='ocrx_word' id='word_1_305' title='bbox 923 3674 1053 3736; x_wconf 83' lang='grc' dir='ltr'>ἴσως</span> <span class='ocrx_word' id='word_1_306' title='bbox 1085 3674 1418 3745; x_wconf 80' lang='grc' dir='ltr'>ἀπορήσειέν</span> <span class='ocrx_word' id='word_1_307' title='bbox 1461 3691 1546 3737; x_wconf 89' lang='grc' dir='ltr'><strong>τις</strong></span> <span class='ocrx_word' id='word_1_308' title='bbox 1583 3674 1690 3727; x_wconf 83' lang='grc' dir='ltr'>τῶν</span> <span class='ocrx_word' id='word_1_309' title='bbox 1719 3675 1892 3744; x_wconf 84' lang='grc' dir='ltr'>ἀκρι-</span> 
     </span>
    </p>
   </div>
   <div class='ocr_carea' id='block_1_42' title="bbox 306 3765 1890 3837">
    <p class='ocr_par' dir='ltr' id='par_1_42' title="bbox 306 3765 1890 3837">
     <span class='ocr_line' id='line_1_42' title="bbox 306 3765 1890 3837; baseline 0 -20"><span class='ocrx_word' id='word_1_310' title='bbox 306 3765 548 3818; x_wconf 79' lang='grc' dir='ltr'>ϐούντων</span> <span class='ocrx_word' id='word_1_311' title='bbox 574 3765 641 3819; x_wconf 74' lang='grc' dir='ltr'>τὰ</span> <span class='ocrx_word' id='word_1_312' title='bbox 667 3765 899 3819; x_wconf 83' lang='grc' dir='ltr'>τοιαῦτα</span> <span class='ocrx_word' id='word_1_313' title='bbox 920 3780 935 3794; x_wconf 87' lang='grc'><strong>·</strong></span> <span class='ocrx_word' id='word_1_314' title='bbox 975 3766 1041 3818; x_wconf 85' lang='grc' dir='ltr'><strong>Τί</strong></span> <span class='ocrx_word' id='word_1_315' title='bbox 1073 3769 1225 3820; x_wconf 80' lang='grc' dir='ltr'>ἐστιν</span> <span class='ocrx_word' id='word_1_316' title='bbox 1253 3768 1281 3820; x_wconf 90' lang='lat'><strong>6</strong></span> <span class='ocrx_word' id='word_1_317' title='bbox 1311 3765 1471 3829; x_wconf 84' lang='grc' dir='ltr'>’ἐκτος</span> <span class='ocrx_word' id='word_1_318' title='bbox 1498 3767 1624 3837; x_wconf 69' lang='grc' dir='ltr'>μὴν,</span> <span class='ocrx_word' id='word_1_319' title='bbox 1661 3767 1756 3818; x_wconf 71' lang='grc' dir='ltr'>καὶ</span> <span class='ocrx_word' id='word_1_320' title='bbox 1790 3765 1890 3818; x_wconf 81' lang='grc' dir='ltr'><strong>πό-</strong></span> 
     </span>
    </p>
   </div>
   <div class='ocr_carea' id='block_1_43' title="bbox 306 3849 1891 3929">
    <p class='ocr_par' dir='ltr' id='par_1_43' title="bbox 306 3849 1891 3929">
     <span class='ocr_line' id='line_1_43' title="bbox 306 3849 1891 3929; baseline 0.002 -21"><span class='ocrx_word' id='word_1_321' title='bbox 306 3857 404 3909; x_wconf 81' lang='grc' dir='ltr'><strong>θεν</strong></span> <span class='ocrx_word' id='word_1_322' title='bbox 452 3855 896 3928; x_wconf 73' lang='grc' dir='ltr'>ἀριθμούμενοςς</span> <span class='ocrx_word' id='word_1_323' title='bbox 950 3849 996 3925; x_wconf 80' lang='grc' dir='ltr'>ᾧ</span> <span class='ocrx_word' id='word_1_324' title='bbox 1032 3859 1308 3929; x_wconf 82' lang='grc' dir='ltr'>παριστᾷν</span> <span class='ocrx_word' id='word_1_325' title='bbox 1359 3857 1674 3929; x_wconf 84' lang='grc' dir='ltr'>βουλόμενοι</span> <span class='ocrx_word' id='word_1_326' title='bbox 1700 3857 1762 3910; x_wconf 82' lang='grc' dir='ltr'><strong>τὸ</strong></span> <span class='ocrx_word' id='word_1_327' title='bbox 1795 3874 1891 3911; x_wconf 81' lang='grc' dir='ltr'>σα-</span> 
     </span>
    </p>
   </div>
   <div class='ocr_carea' id='block_1_44' title="bbox 305 3946 1891 4021">
    <p class='ocr_par' dir='ltr' id='par_1_44' title="bbox 305 3946 1891 4021">
     <span class='ocr_line' id='line_1_44' title="bbox 305 3946 1891 4021; baseline 0 -20"><span class='ocrx_word' id='word_1_328' title='bbox 305 3946 434 4015; x_wconf 72' lang='grc' dir='ltr'>φὲς,</span> <span class='ocrx_word' id='word_1_329' title='bbox 468 3946 864 4019; x_wconf 83' lang='grc' dir='ltr'>ἀνατρέχωμεν</span> <span class='ocrx_word' id='word_1_330' title='bbox 889 3947 972 4012; x_wconf 79' lang='grc' dir='ltr'>εἰς</span> <span class='ocrx_word' id='word_1_331' title='bbox 999 3946 1067 4001; x_wconf 79' lang='grc' dir='ltr'>τὰ</span> <span class='ocrx_word' id='word_1_332' title='bbox 1102 3949 1288 4021; x_wconf 81' lang='grc' dir='ltr'>μικρῷ</span> <span class='ocrx_word' id='word_1_333' title='bbox 1319 3951 1589 4021; x_wconf 82' lang='grc' dir='ltr'>πρότερον</span> <span class='ocrx_word' id='word_1_334' title='bbox 1612 3949 1691 4020; x_wconf 83' lang='grc' dir='ltr'>τῷ</span> <span class='ocrx_word' id='word_1_335' title='bbox 1723 3949 1891 4017; x_wconf 83' lang='grc' dir='ltr'>εὐαγ-</span> 
     </span>
    </p>
   </div>
   <div class='ocr_carea' id='block_1_45' title="bbox 305 4037 1949 4111">
    <p class='ocr_par' dir='ltr' id='par_1_45' title="bbox 305 4037 1949 4111">
     <span class='ocr_line' id='line_1_45' title="bbox 305 4037 1949 4111; baseline 0.003 -22"><span class='ocrx_word' id='word_1_336' title='bbox 305 4038 535 4108; x_wconf 77' lang='grc' dir='ltr'>γελιστῇ</span> <span class='ocrx_word' id='word_1_337' title='bbox 594 4037 883 4109; x_wconf 75' lang='grc' dir='ltr'>εἰρημένα.</span> <span class='ocrx_word' id='word_1_338' title='bbox 930 4039 1071 4111; x_wconf 74' lang='grc' dir='ltr'>Φησὶ</span> <span class='ocrx_word' id='word_1_339' title='bbox 1123 4040 1451 4110; x_wconf 78' lang='grc' dir='ltr'>γάρ’Μετὰ</span> <span class='ocrx_word' id='word_1_340' title='bbox 1506 4041 1727 4105; x_wconf 84' lang='grc' dir='ltr'>ταύτας</span> <span class='ocrx_word' id='word_1_341' title='bbox 1784 4041 1891 4107; x_wconf 83' lang='grc' dir='ltr'>τὰς</span> <span class='ocrx_word' id='word_1_342' title='bbox 1936 4062 1949 4083; x_wconf 67' lang='grc' dir='ltr'><strong>ν</strong></span> 
     </span>
    </p>
   </div>
   <div class='ocr_carea' id='block_1_46' title="bbox 304 4125 1892 4199">
    <p class='ocr_par' dir='ltr' id='par_1_46' title="bbox 304 4125 1892 4199">
     <span class='ocr_line' id='line_1_46' title="bbox 304 4125 1892 4199; baseline 0.001 -19"><span class='ocrx_word' id='word_1_343' title='bbox 304 4125 537 4196; x_wconf 75' lang='grc' dir='ltr'>ἡμέρας</span> <span class='ocrx_word' id='word_1_344' title='bbox 581 4129 926 4182; x_wconf 89' lang='grc' dir='ltr'>συνέλαϐεν</span> <span class='ocrx_word' id='word_1_345' title='bbox 969 4128 1007 4195; x_wconf 75' lang='grc' dir='ltr'><strong><em>ἡ</em></strong></span> <span class='ocrx_word' id='word_1_346' title='bbox 1050 4128 1386 4191; x_wconf 80' lang='grc' dir='ltr'>Ἐλισαϐὲτ,</span> <span class='ocrx_word' id='word_1_347' title='bbox 1421 4131 1455 4199; x_wconf 75' lang='grc' dir='ltr'>ἠ</span> <span class='ocrx_word' id='word_1_348' title='bbox 1501 4130 1654 4199; x_wconf 79' lang='grc' dir='ltr'>γυνὴ</span> <span class='ocrx_word' id='word_1_349' title='bbox 1701 4132 1892 4198; x_wconf 83' lang='grc' dir='ltr'>Ζαχα-</span> 
     </span>
    </p>
   </div>
   <div class='ocr_carea' id='block_1_47' title="bbox 228 4207 1891 4312">
    <p class='ocr_par' dir='ltr' id='par_1_47' title="bbox 228 4207 1891 4312">
     <span class='ocr_line' id='line_1_47' title="bbox 228 4207 1891 4312; baseline 0.003 -46"><span class='ocrx_word' id='word_1_350' title='bbox 228 4207 468 4312; x_wconf 46' lang='grc' dir='ltr'><strong>ἐρίου,</strong></span> <span class='ocrx_word' id='word_1_351' title='bbox 499 4218 1034 4312; x_wconf 51' lang='grc' dir='ltr'>καὶ-περιέκρυϐεν</span> <span class='ocrx_word' id='word_1_352' title='bbox 1062 4218 1290 4312; x_wconf 66' lang='grc' dir='ltr'>ἑαυτὴν</span> <span class='ocrx_word' id='word_1_353' title='bbox 1324 4218 1526 4289; x_wconf 78' lang='grc' dir='ltr'>μῆνας</span> <span class='ocrx_word' id='word_1_354' title='bbox 1556 4218 1760 4284; x_wconf 80' lang='grc' dir='ltr'>πέντε,</span> <span class='ocrx_word' id='word_1_355' title='bbox 1797 4217 1891 4271; x_wconf 78' lang='grc' dir='ltr'>καὶ</span> 
     </span>
    </p>
   </div>
   <div class='ocr_carea' id='block_1_48' title="bbox 277 4298 1888 4380">
    <p class='ocr_par' dir='ltr' id='par_1_48' title="bbox 277 4298 1888 4380">
     <span class='ocr_line' id='line_1_48' title="bbox 277 4298 1888 4380; baseline 0.001 -19"><span class='ocrx_word' id='word_1_356' title='bbox 277 4298 376 4362; x_wconf 70' lang='grc' dir='ltr'>ι¹τὰ</span> <span class='ocrx_word' id='word_1_357' title='bbox 407 4308 554 4379; x_wconf 76' lang='grc' dir='ltr'>ἑξῆς.</span> <span class='ocrx_word' id='word_1_358' title='bbox 591 4305 723 4362; x_wconf 78' lang='grc' dir='ltr'>Εἶτα</span> <span class='ocrx_word' id='word_1_359' title='bbox 768 4310 985 4378; x_wconf 71' lang='grc' dir='ltr'>ἐπάγει·</span> <span class='ocrx_word' id='word_1_360' title='bbox 1041 4310 1138 4363; x_wconf 81' lang='grc' dir='ltr'>Ἐν</span> <span class='ocrx_word' id='word_1_361' title='bbox 1182 4308 1251 4362; x_wconf 83' lang='grc' dir='ltr'>δὲ</span> <span class='ocrx_word' id='word_1_362' title='bbox 1294 4310 1382 4376; x_wconf 83' lang='grc' dir='ltr'>τῷ</span> <span class='ocrx_word' id='word_1_363' title='bbox 1420 4310 1566 4380; x_wconf 74' lang='grc' dir='ltr'>μηνὶ</span> <span class='ocrx_word' id='word_1_364' title='bbox 1602 4309 1682 4375; x_wconf 81' lang='grc' dir='ltr'>τῷ</span> <span class='ocrx_word' id='word_1_365' title='bbox 1717 4309 1888 4377; x_wconf 63' lang='grc' dir='ltr'>ἕκτῳ,</span> 
     </span>
    </p>
   </div>
   <div class='ocr_carea' id='block_1_49' title="bbox 256 4418 1895 4562">
    <p class='ocr_par' dir='ltr' id='par_1_49' title="bbox 256 4418 1895 4562">
     <span class='ocr_line' id='line_1_49' title="bbox 256 4418 1887 4521; baseline 0 -68"><span class='ocrx_word' id='word_1_366' title='bbox 256 4418 627 4521; x_wconf 44' lang='grc' dir='ltr'>ἰαπεσταλη</span> <span class='ocrx_word' id='word_1_367' title='bbox 658 4418 690 4453; x_wconf 92' lang='lat' dir='ltr'><strong>o</strong></span> <span class='ocrx_word' id='word_1_368' title='bbox 715 4418 972 4469; x_wconf 74' lang='grc' dir='ltr'>αττελος</span> <span class='ocrx_word' id='word_1_369' title='bbox 998 4418 1023 4453; x_wconf 82' lang='grc' dir='ltr'><em>ι</em></span> <span class='ocrx_word' id='word_1_370' title='bbox 1042 4418 1265 4468; x_wconf 49' lang='grc' dir='ltr'>ίαοριηνι</span> <span class='ocrx_word' id='word_1_371' title='bbox 1298 4418 1452 4467; x_wconf 85' lang='grc' dir='ltr'>προς</span> <span class='ocrx_word' id='word_1_372' title='bbox 1483 4418 1598 4468; x_wconf 86' lang='grc' dir='ltr'><strong>την</strong></span> <span class='ocrx_word' id='word_1_373' title='bbox 1630 4418 1887 4468; x_wconf 76' lang='grc' dir='ltr'>Μαριαμ.</span> 
     </span>
     <span class='ocr_line' id='line_1_50' title="bbox 309 4484 1895 4562; baseline 0.002 -21"><span class='ocrx_word' id='word_1_374' title='bbox 309 4488 479 4542; x_wconf 75' lang='grc' dir='ltr'>Οὐδὲν</span> <span class='ocrx_word' id='word_1_375' title='bbox 513 4488 569 4541; x_wconf 79' lang='grc' dir='ltr'>δὲ</span> <span class='ocrx_word' id='word_1_376' title='bbox 602 4484 768 4562; x_wconf 80' lang='grc' dir='ltr'>ἦττον</span> <span class='ocrx_word' id='word_1_377' title='bbox 803 4491 1053 4559; x_wconf 78' lang='grc' dir='ltr'>φήσειεν,</span> <span class='ocrx_word' id='word_1_378' title='bbox 1092 4491 1175 4544; x_wconf 84' lang='grc' dir='ltr'>ὅτι</span> <span class='ocrx_word' id='word_1_379' title='bbox 1220 4491 1394 4555; x_wconf 79' lang='grc' dir='ltr'>οὕτως</span> <span class='ocrx_word' id='word_1_380' title='bbox 1435 4490 1650 4561; x_wconf 74' lang='grc' dir='ltr'>ἔμεινεν</span> <span class='ocrx_word' id='word_1_381' title='bbox 1677 4493 1711 4560; x_wconf 83' lang='grc' dir='ltr'>ἡ</span> <span class='ocrx_word' id='word_1_382' title='bbox 1761 4490 1895 4544; x_wconf 83' lang='grc' dir='ltr'>ἀσά-</span> 
     </span>
    </p>
   </div>
   <div class='ocr_carea' id='block_1_50' title="bbox 314 4580 1898 4653">
    <p class='ocr_par' dir='ltr' id='par_1_50' title="bbox 314 4580 1898 4653">
     <span class='ocr_line' id='line_1_51' title="bbox 314 4580 1898 4653; baseline 0.001 -20"><span class='ocrx_word' id='word_1_383' title='bbox 314 4599 463 4649; x_wconf 53' lang='grc' dir='ltr'>φεια.</span> <span class='ocrx_word' id='word_1_384' title='bbox 501 4581 592 4633; x_wconf 84' lang='grc' dir='ltr'>Ἑν</span> <span class='ocrx_word' id='word_1_385' title='bbox 627 4580 735 4653; x_wconf 86' lang='grc' dir='ltr'><strong>γάρ</strong></span> <span class='ocrx_word' id='word_1_386' title='bbox 762 4581 841 4651; x_wconf 83' lang='grc' dir='ltr'>τῷ</span> <span class='ocrx_word' id='word_1_387' title='bbox 870 4582 959 4634; x_wconf 78' lang='grc' dir='ltr'>τὸν</span> <span class='ocrx_word' id='word_1_388' title='bbox 986 4582 1383 4652; x_wconf 81' lang='grc' dir='ltr'>εὐαγγελιστὴν</span> <span class='ocrx_word' id='word_1_389' title='bbox 1408 4584 1603 4643; x_wconf 81' lang='grc' dir='ltr'>εἰπεῖν,</span> <span class='ocrx_word' id='word_1_390' title='bbox 1637 4582 1800 4637; x_wconf 82' lang='grc' dir='ltr'>Μετὰ</span> <span class='ocrx_word' id='word_1_391' title='bbox 1829 4580 1898 4635; x_wconf 77' lang='grc' dir='ltr'>δὲ</span> 
     </span>
    </p>
   </div>
   <div class='ocr_carea' id='block_1_51' title="bbox 304 4671 1898 4742">
    <p class='ocr_par' dir='ltr' id='par_1_51' title="bbox 304 4671 1898 4742">
     <span class='ocr_line' id='line_1_52' title="bbox 304 4671 1898 4742; baseline -0.001 -15"><span class='ocrx_word' id='word_1_392' title='bbox 304 4673 531 4737; x_wconf 79' lang='grc' dir='ltr'>ταύτας</span> <span class='ocrx_word' id='word_1_393' title='bbox 564 4671 671 4738; x_wconf 82' lang='grc' dir='ltr'>τὰς</span> <span class='ocrx_word' id='word_1_394' title='bbox 700 4672 926 4742; x_wconf 76' lang='grc' dir='ltr'>ἡμέρας</span> <span class='ocrx_word' id='word_1_395' title='bbox 980 4673 1321 4728; x_wconf 79' lang='grc' dir='ltr'>συνέλαϐεν</span> <span class='ocrx_word' id='word_1_396' title='bbox 1354 4675 1393 4742; x_wconf 76' lang='grc' dir='ltr'><em>ἡ</em></span> <span class='ocrx_word' id='word_1_397' title='bbox 1431 4673 1766 4738; x_wconf 80' lang='grc' dir='ltr'>Ἐλισαϐὲτ,</span> <span class='ocrx_word' id='word_1_398' title='bbox 1797 4674 1898 4727; x_wconf 81' lang='grc' dir='ltr'>οὐκ</span> 
     </span>
    </p>
   </div>
   <div class='ocr_carea' id='block_1_52' title="bbox 305 4767 1898 4841">
    <p class='ocr_par' dir='ltr' id='par_1_52' title="bbox 305 4767 1898 4841">
     <span class='ocr_line' id='line_1_53' title="bbox 305 4767 1898 4841; baseline 0 -21"><span class='ocrx_word' id='word_1_399' title='bbox 305 4770 587 4837; x_wconf 72' lang='grc' dir='ltr'>ἐσήμανεν</span> <span class='ocrx_word' id='word_1_400' title='bbox 618 4768 776 4832; x_wconf 74' lang='grc' dir='ltr'>ποίας</span> <span class='ocrx_word' id='word_1_401' title='bbox 798 4768 1029 4841; x_wconf 81' lang='grc' dir='ltr'>ἡμέρας.</span> <span class='ocrx_word' id='word_1_402' title='bbox 1047 4768 1159 4822; x_wconf 75' lang='grc' dir='ltr'><strong>Καὶ</strong></span> <span class='ocrx_word' id='word_1_403' title='bbox 1178 4768 1327 4822; x_wconf 82' lang='grc' dir='ltr'>δοκεῖ</span> <span class='ocrx_word' id='word_1_404' title='bbox 1350 4786 1441 4838; x_wconf 88' lang='grc' dir='ltr'><strong>μοι</strong></span> <span class='ocrx_word' id='word_1_405' title='bbox 1467 4767 1647 4831; x_wconf 84' lang='grc' dir='ltr'>καλῶς</span> <span class='ocrx_word' id='word_1_406' title='bbox 1667 4770 1898 4839; x_wconf 80' lang='grc' dir='ltr'>ἀπορεῖν</span> 
     </span>
    </p>
   </div>
   <div class='ocr_carea' id='block_1_53' title="bbox 301 4855 1889 4932">
    <p class='ocr_par' dir='ltr' id='par_1_53' title="bbox 301 4855 1889 4932">
     <span class='ocr_line' id='line_1_54' title="bbox 301 4855 1889 4932; baseline -0.002 -17"><span class='ocrx_word' id='word_1_407' title='bbox 301 4863 334 4915; x_wconf 86' lang='grc' dir='ltr'><strong><em>ὁ</em></strong></span> <span class='ocrx_word' id='word_1_408' title='bbox 369 4862 532 4914; x_wconf 77' lang='grc' dir='ltr'>τοῦτο</span> <span class='ocrx_word' id='word_1_409' title='bbox 569 4859 764 4929; x_wconf 81' lang='grc' dir='ltr'>λέγων’</span> <span class='ocrx_word' id='word_1_410' title='bbox 808 4862 1115 4932; x_wconf 79' lang='grc' dir='ltr'>μαθήσεται</span> <span class='ocrx_word' id='word_1_411' title='bbox 1159 4861 1215 4915; x_wconf 83' lang='grc' dir='ltr'>δὲ</span> <span class='ocrx_word' id='word_1_412' title='bbox 1262 4862 1482 4932; x_wconf 83' lang='grc' dir='ltr'>ὑπέχων</span> <span class='ocrx_word' id='word_1_413' title='bbox 1512 4860 1574 4913; x_wconf 78' lang='grc' dir='ltr'><strong>τὸ</strong></span> <span class='ocrx_word' id='word_1_414' title='bbox 1612 4855 1707 4924; x_wconf 82' lang='grc' dir='ltr'><strong>οὖς</strong></span> <span class='ocrx_word' id='word_1_415' title='bbox 1751 4860 1889 4928; x_wconf 80' lang='grc' dir='ltr'>πρὸς</span> 
     </span>
    </p>
   </div>
   <div class='ocr_carea' id='block_1_54' title="bbox 302 4949 1880 5022">
    <p class='ocr_par' dir='ltr' id='par_1_54' title="bbox 302 4949 1880 5022">
     <span class='ocr_line' id='line_1_55' title="bbox 302 4949 1880 5022; baseline 0.001 -19"><span class='ocrx_word' id='word_1_416' title='bbox 302 4950 405 5020; x_wconf 72' lang='grc' dir='ltr'><strong>τὴν</strong></span> <span class='ocrx_word' id='word_1_417' title='bbox 434 4950 727 5019; x_wconf 77' lang='grc' dir='ltr'>ἀκρόασιν,</span> <span class='ocrx_word' id='word_1_418' title='bbox 773 4953 869 5003; x_wconf 74' lang='grc' dir='ltr'>καὶ</span> <span class='ocrx_word' id='word_1_419' title='bbox 902 4950 1139 5013; x_wconf 79' lang='grc' dir='ltr'>συνετῶς</span> <span class='ocrx_word' id='word_1_420' title='bbox 1168 4951 1459 5022; x_wconf 81' lang='grc' dir='ltr'>δεχόμενος</span> <span class='ocrx_word' id='word_1_421' title='bbox 1491 4952 1560 5003; x_wconf 76' lang='grc' dir='ltr'>τὰ</span> <span class='ocrx_word' id='word_1_422' title='bbox 1591 4949 1880 5020; x_wconf 72' lang='grc' dir='ltr'>λεγόμενα.</span> 
     </span>
    </p>
   </div>
   <div class='ocr_carea' id='block_1_55' title="bbox 380 5041 1883 5113">
    <p class='ocr_par' dir='ltr' id='par_1_55' title="bbox 380 5041 1883 5113">
     <span class='ocr_line' id='line_1_56' title="bbox 380 5041 1883 5113; baseline 0.002 -21"><span class='ocrx_word' id='word_1_423' title='bbox 380 5041 567 5108; x_wconf 78' lang='grc' dir='ltr'>’Δπαξ</span> <span class='ocrx_word' id='word_1_424' title='bbox 589 5041 682 5096; x_wconf 73' lang='grc' dir='ltr'>τοῦ</span> <span class='ocrx_word' id='word_1_425' title='bbox 722 5042 969 5097; x_wconf 83' lang='grc' dir='ltr'>ἐνιαυτοῦ</span> <span class='ocrx_word' id='word_1_426' title='bbox 997 5044 1024 5095; x_wconf 90' lang='lat'><strong>6</strong></span> <span class='ocrx_word' id='word_1_427' title='bbox 1058 5042 1198 5095; x_wconf 73' lang='grc' dir='ltr'>κατὰ</span> <span class='ocrx_word' id='word_1_428' title='bbox 1234 5043 1397 5113; x_wconf 76' lang='grc' dir='ltr'>νόμον</span> <span class='ocrx_word' id='word_1_429' title='bbox 1432 5042 1611 5112; x_wconf 77' lang='grc' dir='ltr'>ἱερεὺς</span> <span class='ocrx_word' id='word_1_430' title='bbox 1638 5042 1883 5113; x_wconf 76' lang='grc' dir='ltr'>εἰσέρχε-</span> 
     </span>
    </p>
   </div>
   <div class='ocr_carea' id='block_1_56' title="bbox 379 5172 1866 5241">
    <p class='ocr_par' dir='ltr' id='par_1_56' title="bbox 379 5172 1866 5241">
     <span class='ocr_line' id='line_1_57' title="bbox 379 5172 1866 5241; baseline -0.003 -12"><span class='ocrx_word' id='word_1_431' title='bbox 379 5177 426 5207; x_wconf 76' lang='grc' dir='ltr'><strong>τ¹</strong></span> <span class='ocrx_word' id='word_1_432' title='bbox 458 5176 476 5230; x_wconf 86' lang='lat' dir='ltr'><strong>l</strong></span> <span class='ocrx_word' id='word_1_433' title='bbox 513 5177 656 5230; x_wconf 83' lang='lat' dir='ltr'><strong>Petr.</strong></span> <span class='ocrx_word' id='word_1_434' title='bbox 684 5193 740 5241; x_wconf 82' lang='grc' dir='ltr'><strong>ιι,</strong></span> <span class='ocrx_word' id='word_1_435' title='bbox 776 5176 826 5231; x_wconf 87' lang='lat'><strong>6.</strong></span> <span class='ocrx_word' id='word_1_436' title='bbox 905 5176 951 5207; x_wconf 85' lang='grc'><strong>⁷³</strong></span> <span class='ocrx_word' id='word_1_437' title='bbox 985 5173 1119 5228; x_wconf 90' lang='lat' dir='ltr'><strong>Luc.</strong></span> <span class='ocrx_word' id='word_1_438' title='bbox 1150 5192 1191 5241; x_wconf 88' lang='grc' dir='ltr'><strong>ι,</strong></span> <span class='ocrx_word' id='word_1_439' title='bbox 1221 5175 1312 5231; x_wconf 75' lang='lat'><strong>28.</strong></span> <span class='ocrx_word' id='word_1_440' title='bbox 1391 5173 1437 5205; x_wconf 71' lang='grc'><strong>⁷⁵</strong></span> <span class='ocrx_word' id='word_1_441' title='bbox 1465 5173 1588 5228; x_wconf 89' lang='lat' dir='ltr'><strong>Psal</strong></span> <span class='ocrx_word' id='word_1_442' title='bbox 1653 5187 1776 5236; x_wconf 76' lang='lat' dir='ltr'><strong>cxx,</strong></span> <span class='ocrx_word' id='word_1_443' title='bbox 1812 5172 1866 5226; x_wconf 77' lang='lat'><strong>3.</strong></span> 
     </span>
    </p>
   </div>
   <div class='ocr_carea' id='block_1_57' title="bbox 302 5244 644 5301">
    <p class='ocr_par' dir='ltr' id='par_1_57' title="bbox 302 5244 644 5301">
     <span class='ocr_line' id='line_1_58' title="bbox 302 5244 644 5301; baseline 0.012 -4"><span class='ocrx_word' id='word_1_444' title='bbox 302 5244 356 5279; x_wconf 77' lang='grc'><strong>⁷⁸</strong></span> <span class='ocrx_word' id='word_1_445' title='bbox 389 5245 526 5300; x_wconf 74' lang='lat' dir='ltr'><strong>:l‘id.</strong></span> <span class='ocrx_word' id='word_1_446' title='bbox 554 5248 644 5301; x_wconf 70' lang='lat'><strong>26.</strong></span> 
     </span>
    </p>
   </div>
   <div class='ocr_carea' id='block_1_58' title="bbox 1911 1740 3190 1835">
    <p class='ocr_par' dir='ltr' id='par_1_58' title="bbox 1911 1740 3190 1835">
     <span class='ocr_line' id='line_1_59' title="bbox 1911 1740 3190 1835; baseline 0.003 -22"><span class='ocrx_word' id='word_1_447' title='bbox 1911 1740 1949 1793; x_wconf 79' lang='grc' dir='ltr'>Β</span> <span class='ocrx_word' id='word_1_448' title='bbox 1980 1767 2032 1814; x_wconf 91' lang='lat' dir='ltr'><strong>te</strong></span> <span class='ocrx_word' id='word_1_449' title='bbox 2062 1760 2213 1814; x_wconf 87' lang='lat' dir='ltr'><strong>solus</strong></span> <span class='ocrx_word' id='word_1_450' title='bbox 2241 1740 2555 1830; x_wconf 82' lang='lat' dir='ltr'><strong>ingrediens</strong></span> <span class='ocrx_word' id='word_1_451' title='bbox 2584 1776 2647 1816; x_wconf 88' lang='lat' dir='ltr'><strong>ac</strong></span> <span class='ocrx_word' id='word_1_452' title='bbox 2676 1778 2744 1816; x_wconf 85' lang='lat' dir='ltr'><strong>ex</strong></span> <span class='ocrx_word' id='word_1_453' title='bbox 2778 1769 2830 1816; x_wconf 89' lang='lat' dir='ltr'><strong>te</strong></span> <span class='ocrx_word' id='word_1_454' title='bbox 2868 1762 3190 1835; x_wconf 81' lang='lat' dir='ltr'><strong>egrediens,</strong></span> 
     </span>
    </p>
   </div>
   <div class='ocr_carea' id='block_1_59' title="bbox 1943 5163 3065 5237">
    <p class='ocr_par' dir='ltr' id='par_1_59' title="bbox 1943 5163 3065 5237">
     <span class='ocr_line' id='line_1_60' title="bbox 1943 5163 3065 5237; baseline -0.004 -15"><span class='ocrx_word' id='word_1_455' title='bbox 1943 5172 1987 5203; x_wconf 65' lang='grc'>’³</span> <span class='ocrx_word' id='word_1_456' title='bbox 2024 5168 2226 5236; x_wconf 80' lang='lat' dir='ltr'><strong>Ezccb,</strong></span> <span class='ocrx_word' id='word_1_457' title='bbox 2257 5183 2400 5237; x_wconf 64' lang='grc' dir='ltr'>κων,</span> <span class='ocrx_word' id='word_1_458' title='bbox 2425 5164 2482 5221; x_wconf 70' lang='lat'><strong>2.</strong></span> <span class='ocrx_word' id='word_1_459' title='bbox 2538 5165 2583 5196; x_wconf 64' lang='grc'><strong>⁷³</strong></span> <span class='ocrx_word' id='word_1_460' title='bbox 2610 5163 2746 5219; x_wconf 87' lang='lat' dir='ltr'><strong>Luc.</strong></span> <span class='ocrx_word' id='word_1_461' title='bbox 2780 5179 2818 5229; x_wconf 87' lang='grc' dir='ltr'><strong>ι,</strong></span> <span class='ocrx_word' id='word_1_462' title='bbox 2847 5164 2936 5231; x_wconf 72' lang='lat'><strong>26,</strong></span> <span class='ocrx_word' id='word_1_463' title='bbox 2966 5165 3065 5220; x_wconf 71' lang='lat'><strong>~27.</strong></span> 
     </span>
    </p>
   </div>
   <div class='ocr_carea' id='block_1_60' title="bbox 1967 489 3548 557">
    <p class='ocr_par' dir='ltr' id='par_1_60' title="bbox 1967 489 3548 557">
     <span class='ocr_line' id='line_1_61' title="bbox 1967 489 3548 557; baseline -0.001 -14"><span class='ocrx_word' id='word_1_464' title='bbox 1967 489 2204 544; x_wconf 81' lang='lat' dir='ltr'><strong>invicem</strong></span> <span class='ocrx_word' id='word_1_465' title='bbox 2236 496 2531 542; x_wconf 88' lang='lat' dir='ltr'><strong>connectat</strong></span> <span class='ocrx_word' id='word_1_466' title='bbox 2580 502 2819 557; x_wconf 89' lang='lat' dir='ltr'><strong>quorum</strong></span> <span class='ocrx_word' id='word_1_467' title='bbox 2861 495 3063 542; x_wconf 89' lang='lat' dir='ltr'><strong>natura</strong></span> <span class='ocrx_word' id='word_1_468' title='bbox 3109 489 3413 543; x_wconf 85' lang='lat' dir='ltr'><strong>inconnexa</strong></span> <span class='ocrx_word' id='word_1_469' title='bbox 3440 496 3548 553; x_wconf 88' lang='lat' dir='ltr'><strong>est,</strong></span> 
     </span>
    </p>
   </div>
   <div class='ocr_carea' id='block_1_61' title="bbox 1966 580 3552 650">
    <p class='ocr_par' dir='ltr' id='par_1_61' title="bbox 1966 580 3552 650">
     <span class='ocr_line' id='line_1_62' title="bbox 1966 580 3552 650; baseline 0 -16"><span class='ocrx_word' id='word_1_470' title='bbox 1966 581 2232 650; x_wconf 85' lang='lat' dir='ltr'><strong>nniatque</strong></span> <span class='ocrx_word' id='word_1_471' title='bbox 2261 594 2384 649; x_wconf 68' lang='lat' dir='ltr'><strong>qua:</strong></span> <span class='ocrx_word' id='word_1_472' title='bbox 2420 587 2550 633; x_wconf 87' lang='lat' dir='ltr'><strong>sunt</strong></span> <span class='ocrx_word' id='word_1_473' title='bbox 2584 594 2684 648; x_wconf 87' lang='lat' dir='ltr'><strong>per</strong></span> <span class='ocrx_word' id='word_1_474' title='bbox 2718 580 3095 635; x_wconf 74' lang='lat' dir='ltr'><strong>substantiam</strong></span> <span class='ocrx_word' id='word_1_475' title='bbox 3139 580 3382 635; x_wconf 86' lang='lat' dir='ltr'><strong>diversa.</strong></span> <span class='ocrx_word' id='word_1_476' title='bbox 3414 580 3552 634; x_wconf 88' lang='lat' dir='ltr'><strong>Jurc</strong></span> 
     </span>
    </p>
   </div>
   <div class='ocr_carea' id='block_1_62' title="bbox 1967 670 3549 742">
    <p class='ocr_par' dir='ltr' id='par_1_62' title="bbox 1967 670 3549 742">
     <span class='ocr_line' id='line_1_63' title="bbox 1967 670 3549 742; baseline -0.003 -16"><span class='ocrx_word' id='word_1_477' title='bbox 1967 673 2152 742; x_wconf 87' lang='lat' dir='ltr'><strong>itaque</strong></span> <span class='ocrx_word' id='word_1_478' title='bbox 2215 670 2456 734; x_wconf 89' lang='lat' dir='ltr'><strong>merito,</strong></span> <span class='ocrx_word' id='word_1_479' title='bbox 2508 685 2633 725; x_wconf 92' lang='lat' dir='ltr'><strong>cum</strong></span> <span class='ocrx_word' id='word_1_480' title='bbox 2694 684 2759 724; x_wconf 90' lang='lat' dir='ltr'><strong>ea</strong></span> <span class='ocrx_word' id='word_1_481' title='bbox 2799 686 2921 740; x_wconf 67' lang='lat' dir='ltr'><strong>qua:</strong></span> <span class='ocrx_word' id='word_1_482' title='bbox 2960 671 3221 742; x_wconf 79' lang='lat' dir='ltr'><strong>gaudium</strong></span> <span class='ocrx_word' id='word_1_483' title='bbox 3274 670 3549 740; x_wconf 75' lang='lat' dir='ltr'><strong>suscepit,</strong></span> 
     </span>
    </p>
   </div>
   <div class='ocr_carea' id='block_1_63' title="bbox 1967 764 3635 839">
    <p class='ocr_par' dir='ltr' id='par_1_63' title="bbox 1967 764 3635 839">
     <span class='ocr_line' id='line_1_64' title="bbox 1967 764 3635 839; baseline 0 -20"><span class='ocrx_word' id='word_1_484' title='bbox 1967 765 2325 835; x_wconf 87' lang='lat' dir='ltr'><strong>gaudeamus,</strong></span> <span class='ocrx_word' id='word_1_485' title='bbox 2373 764 2582 832; x_wconf 84' lang='lat' dir='ltr'><strong>Deique</strong></span> <span class='ocrx_word' id='word_1_486' title='bbox 2630 765 2804 818; x_wconf 90' lang='lat' dir='ltr'><strong>nostri</strong></span> <span class='ocrx_word' id='word_1_487' title='bbox 2858 764 3088 820; x_wconf 83' lang='lat' dir='ltr'><strong>Matrem</strong></span> <span class='ocrx_word' id='word_1_488' title='bbox 3137 767 3191 820; x_wconf 91' lang='lat' dir='ltr'><strong>in</strong></span> <span class='ocrx_word' id='word_1_489' title='bbox 3238 767 3356 821; x_wconf 60' lang='lat' dir='ltr'><strong>haec</strong></span> <span class='ocrx_word' id='word_1_490' title='bbox 3387 766 3550 820; x_wconf 85' lang='lat' dir='ltr'><strong>verba</strong></span> <span class='ocrx_word' id='word_1_491' title='bbox 3631 836 3635 839; x_wconf 17' lang='grc' dir='ltr'><strong>Δ</strong></span> 
     </span>
    </p>
   </div>
   <div class='ocr_carea' id='block_1_64' title="bbox 1967 852 3552 926">
    <p class='ocr_par' dir='ltr' id='par_1_64' title="bbox 1967 852 3552 926">
     <span class='ocr_line' id='line_1_65' title="bbox 1967 852 3552 926; baseline 0.001 -18"><span class='ocrx_word' id='word_1_492' title='bbox 1967 869 2095 908; x_wconf 92' lang='lat' dir='ltr'><strong>cum</strong></span> <span class='ocrx_word' id='word_1_493' title='bbox 2134 852 2390 909; x_wconf 87' lang='lat' dir='ltr'><strong>Gabriele</strong></span> <span class='ocrx_word' id='word_1_494' title='bbox 2435 852 2739 907; x_wconf 88' lang='lat' dir='ltr'><strong>salutemus</strong></span> <span class='ocrx_word' id='word_1_495' title='bbox 2787 871 2800 906; x_wconf 89' lang='lat'><strong>:</strong></span> <span class='ocrx_word' id='word_1_496' title='bbox 2839 856 2943 908; x_wconf 81' lang='lat' dir='ltr'><strong>Ave</strong></span> <span class='ocrx_word' id='word_1_497' title='bbox 2978 857 3256 926; x_wconf 84' lang='lat' dir='ltr'><strong>gratiosa;</strong></span> <span class='ocrx_word' id='word_1_498' title='bbox 3298 854 3552 909; x_wconf 81' lang='lat' dir='ltr'><strong>Dominus</strong></span> 
     </span>
    </p>
   </div>
   <div class='ocr_carea' id='block_1_65' title="bbox 1970 942 3552 1019">
    <p class='ocr_par' dir='ltr' id='par_1_65' title="bbox 1970 942 3552 1019">
     <span class='ocr_line' id='line_1_66' title="bbox 1970 942 3552 1019; baseline 0.002 -22"><span class='ocrx_word' id='word_1_499' title='bbox 1970 945 2202 999; x_wconf 81' lang='lat' dir='ltr'><strong>tecum&quot;</strong></span> <span class='ocrx_word' id='word_1_500' title='bbox 2236 944 2426 1014; x_wconf 86' lang='lat' dir='ltr'><strong>:quod</strong></span> <span class='ocrx_word' id='word_1_501' title='bbox 2458 942 2604 997; x_wconf 81' lang='lat' dir='ltr'><strong>facta</strong></span> <span class='ocrx_word' id='word_1_502' title='bbox 2654 944 2731 998; x_wconf 87' lang='lat' dir='ltr'><strong>sis</strong></span> <span class='ocrx_word' id='word_1_503' title='bbox 2759 946 2923 1001; x_wconf 87' lang='lat' dir='ltr'><strong>nobis</strong></span> <span class='ocrx_word' id='word_1_504' title='bbox 2959 946 3152 1019; x_wconf 86' lang='lat' dir='ltr'><strong>salutis</strong></span> <span class='ocrx_word' id='word_1_505' title='bbox 3204 947 3313 1010; x_wconf 86' lang='lat' dir='ltr'><strong>via,</strong></span> <span class='ocrx_word' id='word_1_506' title='bbox 3362 962 3552 1001; x_wconf 89' lang='lat' dir='ltr'><strong>ascen-</strong></span> 
     </span>
    </p>
   </div>
   <div class='ocr_carea' id='block_1_66' title="bbox 1971 1034 3554 1107">
    <p class='ocr_par' dir='ltr' id='par_1_66' title="bbox 1971 1034 3554 1107">
     <span class='ocr_line' id='line_1_67' title="bbox 1971 1034 3554 1107; baseline 0 -15"><span class='ocrx_word' id='word_1_507' title='bbox 1971 1050 2175 1105; x_wconf 89' lang='lat' dir='ltr'><strong>susque</strong></span> <span class='ocrx_word' id='word_1_508' title='bbox 2210 1034 2275 1088; x_wconf 88' lang='lat' dir='ltr'><strong>ad</strong></span> <span class='ocrx_word' id='word_1_509' title='bbox 2307 1049 2561 1103; x_wconf 87' lang='lat' dir='ltr'><strong>superos,</strong></span> <span class='ocrx_word' id='word_1_510' title='bbox 2609 1051 2673 1091; x_wconf 88' lang='lat' dir='ltr'><strong>ac</strong></span> <span class='ocrx_word' id='word_1_511' title='bbox 2710 1036 2868 1092; x_wconf 90' lang='lat' dir='ltr'><strong>locus</strong></span> <span class='ocrx_word' id='word_1_512' title='bbox 2913 1037 3299 1107; x_wconf 88' lang='lat' dir='ltr'><strong>requietionis,</strong></span> <span class='ocrx_word' id='word_1_513' title='bbox 3331 1036 3554 1107; x_wconf 75' lang='lat' dir='ltr'><strong>refrige-</strong></span> 
     </span>
    </p>
   </div>
   <div class='ocr_carea' id='block_1_67' title="bbox 1972 1123 3549 1195">
    <p class='ocr_par' dir='ltr' id='par_1_67' title="bbox 1972 1123 3549 1195">
     <span class='ocr_line' id='line_1_68' title="bbox 1972 1123 3549 1195; baseline 0.003 -18"><span class='ocrx_word' id='word_1_514' title='bbox 1972 1124 2150 1194; x_wconf 88' lang='lat' dir='ltr'><strong>riique</strong></span> <span class='ocrx_word' id='word_1_515' title='bbox 2207 1123 2625 1178; x_wconf 80' lang='lat' dir='ltr'><strong>tabernaculum</strong></span> <span class='ocrx_word' id='word_1_516' title='bbox 2673 1124 2730 1178; x_wconf 92' lang='lat' dir='ltr'><strong>in</strong></span> <span class='ocrx_word' id='word_1_517' title='bbox 2783 1140 2895 1195; x_wconf 89' lang='lat' dir='ltr'><strong>quo</strong></span> <span class='ocrx_word' id='word_1_518' title='bbox 2951 1126 3217 1181; x_wconf 88' lang='lat' dir='ltr'><strong>Dominus</strong></span> <span class='ocrx_word' id='word_1_519' title='bbox 3263 1127 3549 1182; x_wconf 74' lang='lat' dir='ltr'><strong>habitavit.</strong></span> 
     </span>
    </p>
   </div>
   <div class='ocr_carea' id='block_1_68' title="bbox 1971 1213 3552 1287">
    <p class='ocr_par' dir='ltr' id='par_1_68' title="bbox 1971 1213 3552 1287">
     <span class='ocr_line' id='line_1_69' title="bbox 1971 1213 3552 1287; baseline 0.003 -19"><span class='ocrx_word' id='word_1_520' title='bbox 1971 1213 2341 1280; x_wconf 83' lang='lat' dir='ltr'><strong>Quamobrem</strong></span> <span class='ocrx_word' id='word_1_521' title='bbox 2374 1228 2500 1267; x_wconf 90' lang='lat' dir='ltr'><strong>cum</strong></span> <span class='ocrx_word' id='word_1_522' title='bbox 2534 1215 2796 1270; x_wconf 91' lang='lat' dir='ltr'><strong>omnibus</strong></span> <span class='ocrx_word' id='word_1_523' title='bbox 2820 1219 3273 1287; x_wconf 76' lang='lat' dir='ltr'><strong>generationibus</strong></span> <span class='ocrx_word' id='word_1_524' title='bbox 3301 1228 3350 1273; x_wconf 91' lang='lat' dir='ltr'><strong>te</strong></span> <span class='ocrx_word' id='word_1_525' title='bbox 3382 1221 3552 1275; x_wconf 84' lang='lat' dir='ltr'><strong>solam</strong></span> 
     </span>
    </p>
   </div>
   <div class='ocr_carea' id='block_1_69' title="bbox 1972 1305 3550 1380">
    <p class='ocr_par' dir='ltr' id='par_1_69' title="bbox 1972 1305 3550 1380">
     <span class='ocr_line' id='line_1_70' title="bbox 1972 1305 3550 1380; baseline 0.003 -20"><span class='ocrx_word' id='word_1_526' title='bbox 1972 1305 2189 1360; x_wconf 85' lang='lat' dir='ltr'><strong>beatam</strong></span> <span class='ocrx_word' id='word_1_527' title='bbox 2243 1305 2299 1359; x_wconf 91' lang='lat' dir='ltr'><strong>in</strong></span> <span class='ocrx_word' id='word_1_528' title='bbox 2347 1306 2682 1362; x_wconf 87' lang='lat' dir='ltr'><strong>mulieribus</strong></span> <span class='ocrx_word' id='word_1_529' title='bbox 2706 1308 2976 1373; x_wconf 88' lang='lat' dir='ltr'><strong>dicemus,</strong></span> <span class='ocrx_word' id='word_1_530' title='bbox 3008 1324 3173 1378; x_wconf 90' lang='lat' dir='ltr'><strong>quam</strong></span> <span class='ocrx_word' id='word_1_531' title='bbox 3222 1326 3403 1380; x_wconf 86' lang='lat' dir='ltr'><strong>neque</strong></span> <span class='ocrx_word' id='word_1_532' title='bbox 3448 1312 3550 1374; x_wconf 84' lang='lat' dir='ltr'><strong>sol,</strong></span> 
     </span>
    </p>
   </div>
   <div class='ocr_carea' id='block_1_70' title="bbox 1973 1396 3550 1470">
    <p class='ocr_par' dir='ltr' id='par_1_70' title="bbox 1973 1396 3550 1470">
     <span class='ocr_line' id='line_1_71' title="bbox 1973 1396 3550 1470; baseline 0.003 -21"><span class='ocrx_word' id='word_1_533' title='bbox 1973 1396 2269 1465; x_wconf 79' lang='lat' dir='ltr'><strong>voluptatis</strong></span> <span class='ocrx_word' id='word_1_534' title='bbox 2325 1396 2602 1452; x_wconf 88' lang='lat' dir='ltr'><strong>ﬂammam</strong></span> <span class='ocrx_word' id='word_1_535' title='bbox 2663 1397 3003 1463; x_wconf 87' lang='lat' dir='ltr'><strong>immittens,</strong></span> <span class='ocrx_word' id='word_1_536' title='bbox 3066 1400 3321 1463; x_wconf 85' lang='lat' dir='ltr'><strong>adussit,</strong></span> <span class='ocrx_word' id='word_1_537' title='bbox 3377 1415 3550 1470; x_wconf 80' lang='lat' dir='ltr'><strong>neque</strong></span> 
     </span>
    </p>
   </div>
   <div class='ocr_carea' id='block_1_71' title="bbox 1975 1485 3555 1545">
    <p class='ocr_par' dir='ltr' id='par_1_71' title="bbox 1975 1485 3555 1545">
     <span class='ocr_line' id='line_1_72' title="bbox 1975 1485 3555 1545; baseline 0.003 -6"><span class='ocrx_word' id='word_1_538' title='bbox 1975 1485 2119 1541; x_wconf 89' lang='lat' dir='ltr'><strong>ﬂuxa</strong></span> <span class='ocrx_word' id='word_1_539' title='bbox 2156 1487 2241 1541; x_wconf 91' lang='lat' dir='ltr'><strong>vis</strong></span> <span class='ocrx_word' id='word_1_540' title='bbox 2277 1488 2422 1542; x_wconf 76' lang='lat' dir='ltr'><strong>luna:</strong></span> <span class='ocrx_word' id='word_1_541' title='bbox 2461 1496 2630 1543; x_wconf 88' lang='lat' dir='ltr'><strong>noctu</strong></span> <span class='ocrx_word' id='word_1_542' title='bbox 2668 1487 2829 1542; x_wconf 63' lang='lat' dir='ltr'><strong>laesit.</strong></span> <span class='ocrx_word' id='word_1_543' title='bbox 2886 1488 3005 1542; x_wconf 93' lang='lat' dir='ltr'><strong>Non</strong></span> <span class='ocrx_word' id='word_1_544' title='bbox 3054 1491 3202 1544; x_wconf 92' lang='lat' dir='ltr'><strong>enim</strong></span> <span class='ocrx_word' id='word_1_545' title='bbox 3265 1491 3452 1544; x_wconf 82' lang='lat' dir='ltr'><strong>dedisti</strong></span> <span class='ocrx_word' id='word_1_546' title='bbox 3498 1493 3555 1545; x_wconf 81' lang='lat' dir='ltr'><strong>in</strong></span> 
     </span>
    </p>
   </div>
   <div class='ocr_carea' id='block_1_72' title="bbox 1976 1578 3558 1649">
    <p class='ocr_par' dir='ltr' id='par_1_72' title="bbox 1976 1578 3558 1649">
     <span class='ocr_line' id='line_1_73' title="bbox 1976 1578 3558 1649; baseline 0.002 -21"><span class='ocrx_word' id='word_1_547' title='bbox 1976 1579 2380 1631; x_wconf 79' lang='lat' dir='ltr'><strong>commotionem</strong></span> <span class='ocrx_word' id='word_1_548' title='bbox 2423 1579 2607 1648; x_wconf 75' lang='lat' dir='ltr'><strong>pedem</strong></span> <span class='ocrx_word' id='word_1_549' title='bbox 2633 1578 2678 1610; x_wconf 72' lang='grc'><strong>⁷⁸</strong></span> <span class='ocrx_word' id='word_1_550' title='bbox 2709 1578 2900 1641; x_wconf 88' lang='lat' dir='ltr'><strong>animi,</strong></span> <span class='ocrx_word' id='word_1_551' title='bbox 2931 1579 3028 1634; x_wconf 87' lang='lat' dir='ltr'><strong>sed</strong></span> <span class='ocrx_word' id='word_1_552' title='bbox 3064 1595 3130 1634; x_wconf 89' lang='lat' dir='ltr'><strong>eo</strong></span> <span class='ocrx_word' id='word_1_553' title='bbox 3167 1579 3272 1634; x_wconf 83' lang='lat' dir='ltr'><strong>ﬁxo</strong></span> <span class='ocrx_word' id='word_1_554' title='bbox 3296 1581 3349 1634; x_wconf 92' lang='lat' dir='ltr'><strong>in</strong></span> <span class='ocrx_word' id='word_1_555' title='bbox 3381 1589 3558 1649; x_wconf 69' lang='lat' dir='ltr'><strong>petra,</strong></span> 
     </span>
    </p>
   </div>
   <div class='ocr_carea' id='block_1_73' title="bbox 1978 1666 3558 1743">
    <p class='ocr_par' dir='ltr' id='par_1_73' title="bbox 1978 1666 3558 1743">
     <span class='ocr_line' id='line_1_74' title="bbox 1978 1666 3558 1743; baseline 0.002 -22"><span class='ocrx_word' id='word_1_556' title='bbox 1978 1666 2246 1722; x_wconf 91' lang='lat' dir='ltr'><strong>indeﬂexa</strong></span> <span class='ocrx_word' id='word_1_557' title='bbox 2278 1669 2526 1743; x_wconf 76' lang='lat' dir='ltr'><strong>mansisti</strong></span> <span class='ocrx_word' id='word_1_558' title='bbox 2571 1687 2584 1722; x_wconf 91' lang='lat'>:</span> <span class='ocrx_word' id='word_1_559' title='bbox 2619 1677 2785 1739; x_wconf 85' lang='lat' dir='ltr'><strong>teque</strong></span> <span class='ocrx_word' id='word_1_560' title='bbox 2836 1670 3106 1725; x_wconf 89' lang='lat' dir='ltr'><strong>Dominus</strong></span> <span class='ocrx_word' id='word_1_561' title='bbox 3154 1671 3472 1733; x_wconf 79' lang='lat' dir='ltr'><strong>custodivit,</strong></span> <span class='ocrx_word' id='word_1_562' title='bbox 3505 1672 3558 1724; x_wconf 92' lang='lat' dir='ltr'><strong>in</strong></span> 
     </span>
    </p>
   </div>
   <div class='ocr_carea' id='block_1_74' title="bbox 3288 1764 3559 1817">
    <p class='ocr_par' dir='ltr' id='par_1_74' title="bbox 3288 1764 3559 1817">
     <span class='ocr_line' id='line_1_75' title="bbox 3288 1764 3559 1817; baseline -0.004 0"><span class='ocrx_word' id='word_1_563' title='bbox 3288 1764 3559 1817; x_wconf 82' lang='lat' dir='ltr'><strong>clausam-</strong></span> 
     </span>
    </p>
   </div>
   <div class='ocr_carea' id='block_1_75' title="bbox 1977 1854 3561 1925">
    <p class='ocr_par' dir='ltr' id='par_1_75' title="bbox 1977 1854 3561 1925">
     <span class='ocr_line' id='line_1_76' title="bbox 1977 1854 3561 1925; baseline 0.001 -18"><span class='ocrx_word' id='word_1_564' title='bbox 1977 1868 2086 1924; x_wconf 89' lang='lat' dir='ltr'><strong>que</strong></span> <span class='ocrx_word' id='word_1_565' title='bbox 2125 1869 2189 1908; x_wconf 92' lang='lat' dir='ltr'><strong>ac</strong></span> <span class='ocrx_word' id='word_1_566' title='bbox 2218 1854 2564 1925; x_wconf 84' lang='lat' dir='ltr'><strong>obsignatam</strong></span> <span class='ocrx_word' id='word_1_567' title='bbox 2617 1854 2672 1907; x_wconf 89' lang='lat' dir='ltr'><strong>in</strong></span> <span class='ocrx_word' id='word_1_568' title='bbox 2713 1862 2985 1908; x_wconf 76' lang='lat' dir='ltr'><strong>aeternum</strong></span> <span class='ocrx_word' id='word_1_569' title='bbox 3024 1854 3561 1911; x_wconf 73' lang='lat' dir='ltr'><strong>servans”.Salvesis</strong></span> 
     </span>
    </p>
   </div>
   <div class='ocr_carea' id='block_1_76' title="bbox 1977 1946 3561 2017">
    <p class='ocr_par' dir='ltr' id='par_1_76' title="bbox 1977 1946 3561 2017">
     <span class='ocr_line' id='line_1_77' title="bbox 1977 1946 3561 2017; baseline 0 -16"><span class='ocrx_word' id='word_1_570' title='bbox 1977 1962 2131 2017; x_wconf 89' lang='lat' dir='ltr'><strong>ergo,</strong></span> <span class='ocrx_word' id='word_1_571' title='bbox 2161 1947 2332 2001; x_wconf 84' lang='lat' dir='ltr'><strong>Mater</strong></span> <span class='ocrx_word' id='word_1_572' title='bbox 2358 1947 2565 2016; x_wconf 87' lang='lat' dir='ltr'><strong>pariter</strong></span> <span class='ocrx_word' id='word_1_573' title='bbox 2598 1962 2662 2000; x_wconf 89' lang='lat' dir='ltr'><strong>ac</strong></span> <span class='ocrx_word' id='word_1_574' title='bbox 2683 1946 2869 2016; x_wconf 83' lang='lat' dir='ltr'><strong>Virgo,</strong></span> <span class='ocrx_word' id='word_1_575' title='bbox 2902 1946 3137 2016; x_wconf 73' lang='lat' dir='ltr'><strong>vitreque</strong></span> <span class='ocrx_word' id='word_1_576' title='bbox 3158 1947 3318 2001; x_wconf 89' lang='lat' dir='ltr'><strong>cibus</strong></span> <span class='ocrx_word' id='word_1_577' title='bbox 3342 1963 3405 2001; x_wconf 89' lang='lat' dir='ltr'><strong>ac</strong></span> <span class='ocrx_word' id='word_1_578' title='bbox 3439 1946 3561 2002; x_wconf 78' lang='lat' dir='ltr'><strong>fons</strong></span> 
     </span>
    </p>
   </div>
   <div class='ocr_carea' id='block_1_77' title="bbox 1980 2035 3560 2105">
    <p class='ocr_par' dir='ltr' id='par_1_77' title="bbox 1980 2035 3560 2105">
     <span class='ocr_line' id='line_1_78' title="bbox 1980 2035 3560 2105; baseline -0.002 -14"><span class='ocrx_word' id='word_1_579' title='bbox 1980 2036 2416 2092; x_wconf 86' lang='lat' dir='ltr'><strong>immortalitatis</strong></span> <span class='ocrx_word' id='word_1_580' title='bbox 2468 2053 2481 2089; x_wconf 90' lang='lat'>:</span> <span class='ocrx_word' id='word_1_581' title='bbox 2520 2051 2587 2089; x_wconf 92' lang='lat' dir='ltr'><strong>ex</strong></span> <span class='ocrx_word' id='word_1_582' title='bbox 2633 2042 2685 2090; x_wconf 91' lang='lat' dir='ltr'><strong>te</strong></span> <span class='ocrx_word' id='word_1_583' title='bbox 2718 2036 2866 2091; x_wconf 88' lang='lat' dir='ltr'><strong>enim</strong></span> <span class='ocrx_word' id='word_1_584' title='bbox 2904 2035 2949 2090; x_wconf 92' lang='lat' dir='ltr'><strong>is</strong></span> <span class='ocrx_word' id='word_1_585' title='bbox 2995 2035 3223 2104; x_wconf 91' lang='lat' dir='ltr'><strong>prodiit,</strong></span> <span class='ocrx_word' id='word_1_586' title='bbox 3256 2035 3349 2105; x_wconf 80' lang='lat' dir='ltr'><strong>qui</strong></span> <span class='ocrx_word' id='word_1_587' title='bbox 3389 2036 3560 2089; x_wconf 90' lang='lat' dir='ltr'><strong>inter-</strong></span> 
     </span>
    </p>
   </div>
   <div class='ocr_carea' id='block_1_78' title="bbox 1979 2126 3562 2196">
    <p class='ocr_par' dir='ltr' id='par_1_78' title="bbox 1979 2126 3562 2196">
     <span class='ocr_line' id='line_1_79' title="bbox 1979 2126 3562 2196; baseline 0 -15"><span class='ocrx_word' id='word_1_588' title='bbox 1979 2128 2116 2182; x_wconf 93' lang='lat' dir='ltr'><strong>emit</strong></span> <span class='ocrx_word' id='word_1_589' title='bbox 2153 2127 2570 2196; x_wconf 90' lang='lat' dir='ltr'><strong>corruptionem</strong></span> <span class='ocrx_word' id='word_1_590' title='bbox 2621 2141 2684 2180; x_wconf 89' lang='lat' dir='ltr'><strong>ac</strong></span> <span class='ocrx_word' id='word_1_591' title='bbox 2716 2136 2948 2181; x_wconf 89' lang='lat' dir='ltr'><strong>mortem</strong></span> <span class='ocrx_word' id='word_1_592' title='bbox 2984 2126 3275 2181; x_wconf 79' lang='lat' dir='ltr'><strong>destruxit.</strong></span> <span class='ocrx_word' id='word_1_593' title='bbox 3305 2126 3419 2181; x_wconf 79' lang='lat' dir='ltr'><strong>Nos</strong></span> <span class='ocrx_word' id='word_1_594' title='bbox 3456 2126 3562 2181; x_wconf 88' lang='lat' dir='ltr'><strong>ita-</strong></span> 
     </span>
    </p>
   </div>
   <div class='ocr_carea' id='block_1_79' title="bbox 1984 2214 3562 2289">
    <p class='ocr_par' dir='ltr' id='par_1_79' title="bbox 1984 2214 3562 2289">
     <span class='ocr_line' id='line_1_80' title="bbox 1984 2214 3562 2289; baseline 0.001 -17"><span class='ocrx_word' id='word_1_595' title='bbox 1984 2234 2116 2289; x_wconf 89' lang='lat' dir='ltr'><strong>que,</strong></span> <span class='ocrx_word' id='word_1_596' title='bbox 2158 2218 2379 2282; x_wconf 77' lang='lat' dir='ltr'><strong>fratres,</strong></span> <span class='ocrx_word' id='word_1_597' title='bbox 2425 2218 2492 2271; x_wconf 90' lang='lat' dir='ltr'><strong>iis</strong></span> <span class='ocrx_word' id='word_1_598' title='bbox 2539 2216 2605 2270; x_wconf 89' lang='lat' dir='ltr'><strong>ad</strong></span> <span class='ocrx_word' id='word_1_599' title='bbox 2647 2216 2742 2271; x_wconf 86' lang='lat' dir='ltr'><strong>Dei</strong></span> <span class='ocrx_word' id='word_1_600' title='bbox 2774 2217 2998 2271; x_wconf 83' lang='lat' dir='ltr'><strong>Matrem</strong></span> <span class='ocrx_word' id='word_1_601' title='bbox 3040 2233 3139 2287; x_wconf 92' lang='lat' dir='ltr'><strong>pro</strong></span> <span class='ocrx_word' id='word_1_602' title='bbox 3170 2214 3355 2273; x_wconf 76' lang='lat' dir='ltr'><strong>uestra</strong></span> <span class='ocrx_word' id='word_1_603' title='bbox 3387 2218 3562 2273; x_wconf 81' lang='lat' dir='ltr'><strong>facul-</strong></span> 
     </span>
    </p>
   </div>
   <div class='ocr_carea' id='block_1_80' title="bbox 1984 2308 3564 2379">
    <p class='ocr_par' dir='ltr' id='par_1_80' title="bbox 1984 2308 3564 2379">
     <span class='ocr_line' id='line_1_81' title="bbox 1984 2308 3564 2379; baseline -0.001 -13"><span class='ocrx_word' id='word_1_604' title='bbox 1984 2319 2096 2366; x_wconf 88' lang='lat' dir='ltr'><strong>tate</strong></span> <span class='ocrx_word' id='word_1_605' title='bbox 2128 2308 2316 2369; x_wconf 89' lang='lat' dir='ltr'><strong>dictis,</strong></span> <span class='ocrx_word' id='word_1_606' title='bbox 2344 2308 2401 2362; x_wconf 91' lang='lat' dir='ltr'><strong>in</strong></span> <span class='ocrx_word' id='word_1_607' title='bbox 2437 2324 2540 2363; x_wconf 91' lang='lat' dir='ltr'><strong>nos</strong></span> <span class='ocrx_word' id='word_1_608' title='bbox 2582 2308 2685 2379; x_wconf 92' lang='lat' dir='ltr'><strong>ipsi</strong></span> <span class='ocrx_word' id='word_1_609' title='bbox 2716 2308 2981 2379; x_wconf 88' lang='lat' dir='ltr'><strong>deinceps</strong></span> <span class='ocrx_word' id='word_1_610' title='bbox 3016 2317 3351 2379; x_wconf 88' lang='lat' dir='ltr'><strong>spectemus,</strong></span> <span class='ocrx_word' id='word_1_611' title='bbox 3375 2327 3564 2366; x_wconf 87' lang='lat' dir='ltr'><strong>aeno-</strong></span> 
     </span>
    </p>
   </div>
   <div class='ocr_carea' id='block_1_81' title="bbox 1981 2400 3565 2471">
    <p class='ocr_par' dir='ltr' id='par_1_81' title="bbox 1981 2400 3565 2471">
     <span class='ocr_line' id='line_1_82' title="bbox 1981 2400 3565 2471; baseline 0.001 -14"><span class='ocrx_word' id='word_1_612' title='bbox 1981 2404 2226 2457; x_wconf 87' lang='lat' dir='ltr'><strong>verimus</strong></span> <span class='ocrx_word' id='word_1_613' title='bbox 2261 2400 2371 2455; x_wconf 91' lang='lat' dir='ltr'><strong>diei</strong></span> <span class='ocrx_word' id='word_1_614' title='bbox 2409 2401 2670 2455; x_wconf 87' lang='lat' dir='ltr'><strong>virtutem</strong></span> <span class='ocrx_word' id='word_1_615' title='bbox 2697 2441 2711 2464; x_wconf 93' lang='lat'><strong>,</strong></span> <span class='ocrx_word' id='word_1_616' title='bbox 2760 2401 3051 2471; x_wconf 87' lang='lat' dir='ltr'><strong>nataleque</strong></span> <span class='ocrx_word' id='word_1_617' title='bbox 3106 2408 3357 2457; x_wconf 85' lang='lat' dir='ltr'><strong>nostrum</strong></span> <span class='ocrx_word' id='word_1_618' title='bbox 3400 2400 3565 2459; x_wconf 83' lang='lat' dir='ltr'><strong>hodie</strong></span> 
     </span>
    </p>
   </div>
   <div class='ocr_carea' id='block_1_82' title="bbox 1984 2493 3560 2563">
    <p class='ocr_par' dir='ltr' id='par_1_82' title="bbox 1984 2493 3560 2563">
     <span class='ocr_line' id='line_1_83' title="bbox 1984 2493 3560 2563; baseline 0 -14"><span class='ocrx_word' id='word_1_619' title='bbox 1984 2494 2326 2549; x_wconf 89' lang='lat' dir='ltr'><strong>dedieemus.</strong></span> <span class='ocrx_word' id='word_1_620' title='bbox 2379 2493 2455 2548; x_wconf 88' lang='lat' dir='ltr'><strong>Ita</strong></span> <span class='ocrx_word' id='word_1_621' title='bbox 2507 2494 2668 2563; x_wconf 83' lang='lat' dir='ltr'><strong>plane</strong></span> <span class='ocrx_word' id='word_1_622' title='bbox 2719 2493 2809 2547; x_wconf 92' lang='lat' dir='ltr'><strong>hic</strong></span> <span class='ocrx_word' id='word_1_623' title='bbox 2843 2494 3005 2548; x_wconf 90' lang='lat' dir='ltr'><strong>nobis</strong></span> <span class='ocrx_word' id='word_1_624' title='bbox 3044 2493 3163 2550; x_wconf 86' lang='lat' dir='ltr'><strong>dies</strong></span> <span class='ocrx_word' id='word_1_625' title='bbox 3212 2504 3441 2551; x_wconf 86' lang='lat' dir='ltr'><strong>vocatus</strong></span> <span class='ocrx_word' id='word_1_626' title='bbox 3480 2504 3560 2550; x_wconf 89' lang='lat' dir='ltr'><strong>est</strong></span> 
     </span>
    </p>
   </div>
   <div class='ocr_carea' id='block_1_83' title="bbox 1985 2584 3565 2656">
    <p class='ocr_par' dir='ltr' id='par_1_83' title="bbox 1985 2584 3565 2656">
     <span class='ocr_line' id='line_1_84' title="bbox 1985 2584 3565 2656; baseline 0 -16"><span class='ocrx_word' id='word_1_627' title='bbox 1985 2593 2229 2648; x_wconf 90' lang='lat' dir='ltr'><strong>sanctus,</strong></span> <span class='ocrx_word' id='word_1_628' title='bbox 2267 2584 2321 2638; x_wconf 90' lang='lat' dir='ltr'><strong>in</strong></span> <span class='ocrx_word' id='word_1_629' title='bbox 2365 2600 2476 2655; x_wconf 91' lang='lat' dir='ltr'><strong>quo</strong></span> <span class='ocrx_word' id='word_1_630' title='bbox 2520 2585 2739 2639; x_wconf 82' lang='lat' dir='ltr'><strong>formati</strong></span> <span class='ocrx_word' id='word_1_631' title='bbox 2781 2585 2845 2639; x_wconf 90' lang='lat' dir='ltr'><strong>ad</strong></span> <span class='ocrx_word' id='word_1_632' title='bbox 2878 2587 3160 2656; x_wconf 85' lang='lat' dir='ltr'><strong>antiquam</strong></span> <span class='ocrx_word' id='word_1_633' title='bbox 3206 2588 3376 2641; x_wconf 85' lang='lat' dir='ltr'><strong>vitam</strong></span> <span class='ocrx_word' id='word_1_634' title='bbox 3412 2594 3565 2656; x_wconf 90' lang='lat' dir='ltr'><strong>post-</strong></span> 
     </span>
    </p>
   </div>
   <div class='ocr_carea' id='block_1_84' title="bbox 1985 2675 3567 2735">
    <p class='ocr_par' dir='ltr' id='par_1_84' title="bbox 1985 2675 3567 2735">
     <span class='ocr_line' id='line_1_85' title="bbox 1985 2675 3567 2735; baseline 0.003 -4"><span class='ocrx_word' id='word_1_635' title='bbox 1985 2677 2200 2731; x_wconf 91' lang='lat' dir='ltr'><strong>liminio</strong></span> <span class='ocrx_word' id='word_1_636' title='bbox 2232 2675 2439 2730; x_wconf 85' lang='lat' dir='ltr'><strong>reversi</strong></span> <span class='ocrx_word' id='word_1_637' title='bbox 2487 2691 2701 2731; x_wconf 92' lang='lat' dir='ltr'><strong>sumus.</strong></span> <span class='ocrx_word' id='word_1_638' title='bbox 2748 2677 2923 2731; x_wconf 89' lang='lat' dir='ltr'><strong>Porro</strong></span> <span class='ocrx_word' id='word_1_639' title='bbox 2951 2678 3111 2734; x_wconf 88' lang='lat' dir='ltr'><strong>vobis</strong></span> <span class='ocrx_word' id='word_1_640' title='bbox 3138 2677 3394 2733; x_wconf 89' lang='lat' dir='ltr'><strong>videatur</strong></span> <span class='ocrx_word' id='word_1_641' title='bbox 3422 2679 3567 2735; x_wconf 80' lang='lat' dir='ltr'><strong>forte</strong></span> 
     </span>
    </p>
   </div>
   <div class='ocr_carea' id='block_1_85' title="bbox 1986 2766 3568 2841">
    <p class='ocr_par' dir='ltr' id='par_1_85' title="bbox 1986 2766 3568 2841">
     <span class='ocr_line' id='line_1_86' title="bbox 1986 2766 3568 2841; baseline 0.003 -19"><span class='ocrx_word' id='word_1_642' title='bbox 1986 2783 2191 2822; x_wconf 85' lang='lat' dir='ltr'><strong>novum</strong></span> <span class='ocrx_word' id='word_1_643' title='bbox 2216 2767 2363 2836; x_wconf 90' lang='lat' dir='ltr'><strong>quod</strong></span> <span class='ocrx_word' id='word_1_644' title='bbox 2396 2766 2603 2821; x_wconf 87' lang='lat' dir='ltr'><strong>dicitur</strong></span> <span class='ocrx_word' id='word_1_645' title='bbox 2631 2784 2644 2820; x_wconf 92' lang='lat'>:</span> <span class='ocrx_word' id='word_1_646' title='bbox 2677 2767 2896 2822; x_wconf 85' lang='lat' dir='ltr'><strong>dicetur</strong></span> <span class='ocrx_word' id='word_1_647' title='bbox 2927 2777 3130 2833; x_wconf 86' lang='lat' dir='ltr'><strong>tamen,</strong></span> <span class='ocrx_word' id='word_1_648' title='bbox 3160 2769 3275 2824; x_wconf 91' lang='lat' dir='ltr'><strong>Deo</strong></span> <span class='ocrx_word' id='word_1_649' title='bbox 3300 2768 3568 2841; x_wconf 83' lang='lat' dir='ltr'><strong>largiente</strong></span> 
     </span>
    </p>
   </div>
   <div class='ocr_carea' id='block_1_86' title="bbox 1986 2850 3491 2921">
    <p class='ocr_par' dir='ltr' id='par_1_86' title="bbox 1986 2850 3491 2921">
     <span class='ocr_line' id='line_1_87' title="bbox 1986 2850 3491 2921; baseline -0.001 -7"><span class='ocrx_word' id='word_1_650' title='bbox 1986 2860 2274 2921; x_wconf 81' lang='lat' dir='ltr'><strong>virtutem,</strong></span> <span class='ocrx_word' id='word_1_651' title='bbox 2319 2875 2385 2914; x_wconf 88' lang='lat' dir='ltr'><strong>ac</strong></span> <span class='ocrx_word' id='word_1_652' title='bbox 2412 2858 2619 2913; x_wconf 90' lang='lat' dir='ltr'><strong>dicenti</strong></span> <span class='ocrx_word' id='word_1_653' title='bbox 2658 2850 3117 2914; x_wconf 82' lang='lat' dir='ltr'><strong>subministrante</strong></span> <span class='ocrx_word' id='word_1_654' title='bbox 3152 2875 3491 2916; x_wconf 88' lang='lat' dir='ltr'><strong>sermonem.</strong></span> 
     </span>
    </p>
   </div>
   <div class='ocr_carea' id='block_1_87' title="bbox 2058 2950 3568 3023">
    <p class='ocr_par' dir='ltr' id='par_1_87' title="bbox 2058 2950 3568 3023">
     <span class='ocr_line' id='line_1_88' title="bbox 2058 2950 3568 3023; baseline -0.001 -16"><span class='ocrx_word' id='word_1_655' title='bbox 2058 2952 2126 3007; x_wconf 88' lang='lat' dir='ltr'><strong>ll.</strong></span> <span class='ocrx_word' id='word_1_656' title='bbox 2156 2951 2313 3008; x_wconf 87' lang='lat' dir='ltr'><strong>Unde</strong></span> <span class='ocrx_word' id='word_1_657' title='bbox 2339 2967 2470 3006; x_wconf 86' lang='lat' dir='ltr'><strong>vero</strong></span> <span class='ocrx_word' id='word_1_658' title='bbox 2493 2951 2680 3021; x_wconf 87' lang='lat' dir='ltr'><strong>potius</strong></span> <span class='ocrx_word' id='word_1_659' title='bbox 2706 2966 2870 3017; x_wconf 87' lang='lat' dir='ltr'><strong>quam</strong></span> <span class='ocrx_word' id='word_1_660' title='bbox 2898 2950 2967 3004; x_wconf 89' lang='lat' dir='ltr'><strong>ab</strong></span> <span class='ocrx_word' id='word_1_661' title='bbox 2990 2951 3353 3023; x_wconf 66' lang='lat' dir='ltr'><strong>Evangelislae</strong></span> <span class='ocrx_word' id='word_1_662' title='bbox 3382 2951 3568 3007; x_wconf 75' lang='lat' dir='ltr'><strong>verbis</strong></span> 
     </span>
    </p>
   </div>
   <div class='ocr_carea' id='block_1_88' title="bbox 1934 3042 3557 3111">
    <p class='ocr_par' dir='ltr' id='par_1_88' title="bbox 1934 3042 3557 3111">
     <span class='ocr_line' id='line_1_89' title="bbox 1934 3042 3557 3111; baseline -0.001 -13"><span class='ocrx_word' id='word_1_663' title='bbox 1934 3083 1954 3098; x_wconf 63' lang='grc' dir='ltr'><strong>η</strong></span> <span class='ocrx_word' id='word_1_664' title='bbox 1989 3043 2254 3098; x_wconf 89' lang='lat' dir='ltr'><strong>ordienda</strong></span> <span class='ocrx_word' id='word_1_665' title='bbox 2291 3042 2453 3097; x_wconf 87' lang='lat' dir='ltr'><strong>nobis</strong></span> <span class='ocrx_word' id='word_1_666' title='bbox 2476 3042 2721 3098; x_wconf 87' lang='lat' dir='ltr'><strong>narratio</strong></span> <span class='ocrx_word' id='word_1_667' title='bbox 2763 3042 2876 3097; x_wconf 88' lang='lat' dir='ltr'><strong>sit?</strong></span> <span class='ocrx_word' id='word_1_668' title='bbox 2906 3043 3026 3111; x_wconf 81' lang='lat' dir='ltr'><strong>Ipse</strong></span> <span class='ocrx_word' id='word_1_669' title='bbox 3067 3043 3331 3096; x_wconf 89' lang='lat' dir='ltr'><strong>nimirum</strong></span> <span class='ocrx_word' id='word_1_670' title='bbox 3362 3058 3557 3099; x_wconf 87' lang='lat' dir='ltr'><strong>sermo-</strong></span> 
     </span>
    </p>
   </div>
   <div class='ocr_carea' id='block_1_89' title="bbox 1991 3133 3566 3203">
    <p class='ocr_par' dir='ltr' id='par_1_89' title="bbox 1991 3133 3566 3203">
     <span class='ocr_line' id='line_1_90' title="bbox 1991 3133 3566 3203; baseline 0 -14"><span class='ocrx_word' id='word_1_671' title='bbox 1991 3150 2116 3189; x_wconf 87' lang='lat' dir='ltr'><strong>nem</strong></span> <span class='ocrx_word' id='word_1_672' title='bbox 2153 3135 2507 3203; x_wconf 82' lang='lat' dir='ltr'><strong>auspicetur,</strong></span> <span class='ocrx_word' id='word_1_673' title='bbox 2545 3135 2639 3203; x_wconf 86' lang='lat' dir='ltr'><strong>qui</strong></span> <span class='ocrx_word' id='word_1_674' title='bbox 2688 3142 2746 3187; x_wconf 90' lang='lat' dir='ltr'><strong>et</strong></span> <span class='ocrx_word' id='word_1_675' title='bbox 2802 3133 2949 3189; x_wconf 89' lang='lat' dir='ltr'><strong>diem</strong></span> <span class='ocrx_word' id='word_1_676' title='bbox 2989 3134 3129 3189; x_wconf 87' lang='lat' dir='ltr'><strong>hanc</strong></span> <span class='ocrx_word' id='word_1_677' title='bbox 3177 3143 3362 3190; x_wconf 87' lang='lat' dir='ltr'><strong>notam</strong></span> <span class='ocrx_word' id='word_1_678' title='bbox 3413 3135 3566 3190; x_wconf 84' lang='lat' dir='ltr'><strong>fecit.</strong></span> 
     </span>
    </p>
   </div>
   <div class='ocr_carea' id='block_1_90' title="bbox 1990 3224 3570 3296">
    <p class='ocr_par' dir='ltr' id='par_1_90' title="bbox 1990 3224 3570 3296">
     <span class='ocr_line' id='line_1_91' title="bbox 1990 3224 3570 3296; baseline 0 -17"><span class='ocrx_word' id='word_1_679' title='bbox 1990 3224 2056 3280; x_wconf 87' lang='lat' dir='ltr'><strong>In</strong></span> <span class='ocrx_word' id='word_1_680' title='bbox 2087 3242 2282 3289; x_wconf 82' lang='lat' dir='ltr'><strong>mense,</strong></span> <span class='ocrx_word' id='word_1_681' title='bbox 2322 3225 2522 3295; x_wconf 87' lang='lat' dir='ltr'><strong>inquit,</strong></span> <span class='ocrx_word' id='word_1_682' title='bbox 2557 3233 2704 3278; x_wconf 76' lang='lat' dir='ltr'><strong>sexto</strong></span> <span class='ocrx_word' id='word_1_683' title='bbox 2753 3226 2942 3279; x_wconf 85' lang='lat' dir='ltr'><strong>missus</strong></span> <span class='ocrx_word' id='word_1_684' title='bbox 2983 3232 3059 3279; x_wconf 85' lang='lat' dir='ltr'><strong>est</strong></span> <span class='ocrx_word' id='word_1_685' title='bbox 3099 3225 3322 3296; x_wconf 81' lang='lat' dir='ltr'><strong>angelus</strong></span> <span class='ocrx_word' id='word_1_686' title='bbox 3355 3226 3570 3283; x_wconf 80' lang='lat' dir='ltr'><strong>Gabriel</strong></span> 
     </span>
    </p>
   </div>
   <div class='ocr_carea' id='block_1_91' title="bbox 1992 3314 3572 3382">
    <p class='ocr_par' dir='ltr' id='par_1_91' title="bbox 1992 3314 3572 3382">
     <span class='ocr_line' id='line_1_92' title="bbox 1992 3314 3572 3382; baseline 0.003 -14"><span class='ocrx_word' id='word_1_687' title='bbox 1992 3333 2025 3368; x_wconf 89' lang='lat' dir='ltr'><strong>a</strong></span> <span class='ocrx_word' id='word_1_688' title='bbox 2061 3315 2165 3368; x_wconf 81' lang='lat' dir='ltr'><strong>Deo</strong></span> <span class='ocrx_word' id='word_1_689' title='bbox 2201 3316 2254 3368; x_wconf 85' lang='lat' dir='ltr'><strong>in</strong></span> <span class='ocrx_word' id='word_1_690' title='bbox 2285 3316 2552 3369; x_wconf 76' lang='lat' dir='ltr'><strong>civitatem</strong></span> <span class='ocrx_word' id='word_1_691' title='bbox 2582 3314 2819 3371; x_wconf 71' lang='lat' dir='ltr'><strong>Galilaza:</strong></span> <span class='ocrx_word' id='word_1_692' title='bbox 2851 3318 2936 3371; x_wconf 84' lang='lat' dir='ltr'><strong>cui</strong></span> <span class='ocrx_word' id='word_1_693' title='bbox 2968 3333 3157 3371; x_wconf 86' lang='lat' dir='ltr'><strong>nomen</strong></span> <span class='ocrx_word' id='word_1_694' title='bbox 3185 3317 3476 3382; x_wconf 75' lang='lat' dir='ltr'><strong>Nazareth,</strong></span> <span class='ocrx_word' id='word_1_695' title='bbox 3502 3321 3572 3372; x_wconf 87' lang='lat' dir='ltr'><strong>ad</strong></span> 
     </span>
    </p>
   </div>
   <div class='ocr_carea' id='block_1_92' title="bbox 1995 3405 3566 3478">
    <p class='ocr_par' dir='ltr' id='par_1_92' title="bbox 1995 3405 3566 3478">
     <span class='ocr_line' id='line_1_93' title="bbox 1995 3405 3566 3478; baseline 0 -19"><span class='ocrx_word' id='word_1_696' title='bbox 1995 3405 2257 3473; x_wconf 77' lang='lat' dir='ltr'><strong>Virginem</strong></span> <span class='ocrx_word' id='word_1_697' title='bbox 2287 3405 2662 3474; x_wconf 83' lang='lat' dir='ltr'><strong>desponsatam</strong></span> <span class='ocrx_word' id='word_1_698' title='bbox 2709 3407 2820 3459; x_wconf 81' lang='lat' dir='ltr'><strong>viro</strong></span> <span class='ocrx_word' id='word_1_699' title='bbox 2867 3408 2950 3460; x_wconf 85' lang='lat' dir='ltr'><strong>cui</strong></span> <span class='ocrx_word' id='word_1_700' title='bbox 2997 3423 3185 3460; x_wconf 84' lang='lat' dir='ltr'><strong>nomen</strong></span> <span class='ocrx_word' id='word_1_701' title='bbox 3209 3416 3325 3460; x_wconf 86' lang='lat' dir='ltr'><strong>erat</strong></span> <span class='ocrx_word' id='word_1_702' title='bbox 3356 3406 3566 3478; x_wconf 70' lang='lat' dir='ltr'><strong>Ioseph,</strong></span> 
     </span>
    </p>
   </div>
   <div class='ocr_carea' id='block_1_93' title="bbox 1992 3494 3568 3567">
    <p class='ocr_par' dir='ltr' id='par_1_93' title="bbox 1992 3494 3568 3567">
     <span class='ocr_line' id='line_1_94' title="bbox 1992 3494 3568 3567; baseline 0.003 -19"><span class='ocrx_word' id='word_1_703' title='bbox 1992 3496 2054 3548; x_wconf 87' lang='lat' dir='ltr'><strong>de</strong></span> <span class='ocrx_word' id='word_1_704' title='bbox 2082 3496 2235 3548; x_wconf 87' lang='lat' dir='ltr'><strong>domo</strong></span> <span class='ocrx_word' id='word_1_705' title='bbox 2252 3505 2300 3547; x_wconf 84' lang='lat' dir='ltr'><strong>et</strong></span> <span class='ocrx_word' id='word_1_706' title='bbox 2324 3494 2533 3563; x_wconf 79' lang='lat' dir='ltr'><strong>familia</strong></span> <span class='ocrx_word' id='word_1_707' title='bbox 2559 3495 2752 3560; x_wconf 85' lang='lat' dir='ltr'><strong>David,</strong></span> <span class='ocrx_word' id='word_1_708' title='bbox 2775 3504 2823 3548; x_wconf 85' lang='lat' dir='ltr'><strong>et</strong></span> <span class='ocrx_word' id='word_1_709' title='bbox 2854 3513 3044 3551; x_wconf 89' lang='lat' dir='ltr'><strong>nomen</strong></span> <span class='ocrx_word' id='word_1_710' title='bbox 3064 3497 3292 3567; x_wconf 84' lang='lat' dir='ltr'><strong>Virginis</strong></span> <span class='ocrx_word' id='word_1_711' title='bbox 3314 3497 3568 3552; x_wconf 80' lang='lat' dir='ltr'><strong>Maria&quot;.</strong></span> 
     </span>
    </p>
   </div>
   <div class='ocr_carea' id='block_1_94' title="bbox 1992 3584 3569 3652">
    <p class='ocr_par' dir='ltr' id='par_1_94' title="bbox 1992 3584 3569 3652">
     <span class='ocr_line' id='line_1_95' title="bbox 1992 3584 3569 3652; baseline 0.003 -14"><span class='ocrx_word' id='word_1_712' title='bbox 1992 3584 2156 3639; x_wconf 85' lang='lat' dir='ltr'><strong>Forte</strong></span> <span class='ocrx_word' id='word_1_713' title='bbox 2186 3599 2317 3637; x_wconf 81' lang='lat' dir='ltr'><strong>vero</strong></span> <span class='ocrx_word' id='word_1_714' title='bbox 2347 3590 2558 3652; x_wconf 61' lang='lat' dir='ltr'><strong>quarrat</strong></span> <span class='ocrx_word' id='word_1_715' title='bbox 2591 3585 2718 3652; x_wconf 90' lang='lat' dir='ltr'><strong>quis</strong></span> <span class='ocrx_word' id='word_1_716' title='bbox 2749 3586 2941 3641; x_wconf 89' lang='lat' dir='ltr'><strong>talium</strong></span> <span class='ocrx_word' id='word_1_717' title='bbox 2972 3586 3260 3642; x_wconf 90' lang='lat' dir='ltr'><strong>studiosus</strong></span> <span class='ocrx_word' id='word_1_718' title='bbox 3297 3589 3527 3643; x_wconf 83' lang='lat' dir='ltr'><strong>rimatur</strong></span> <span class='ocrx_word' id='word_1_719' title='bbox 3555 3605 3569 3643; x_wconf 91' lang='lat'><strong>:</strong></span> 
     </span>
    </p>
   </div>
   <div class='ocr_carea' id='block_1_95' title="bbox 1992 3671 3574 3742">
    <p class='ocr_par' dir='ltr' id='par_1_95' title="bbox 1992 3671 3574 3742">
     <span class='ocr_line' id='line_1_96' title="bbox 1992 3671 3574 3742; baseline 0.004 -17"><span class='ocrx_word' id='word_1_720' title='bbox 1992 3671 2125 3742; x_wconf 91' lang='lat' dir='ltr'><strong>quid</strong></span> <span class='ocrx_word' id='word_1_721' title='bbox 2162 3671 2294 3725; x_wconf 83' lang='lat' dir='ltr'><strong>velit</strong></span> <span class='ocrx_word' id='word_1_722' title='bbox 2329 3681 2517 3725; x_wconf 88' lang='lat' dir='ltr'><strong>sextus</strong></span> <span class='ocrx_word' id='word_1_723' title='bbox 2543 3672 2635 3726; x_wconf 89' lang='lat' dir='ltr'><strong>ille</strong></span> <span class='ocrx_word' id='word_1_724' title='bbox 2668 3673 2895 3736; x_wconf 90' lang='lat' dir='ltr'><strong>mensis,</strong></span> <span class='ocrx_word' id='word_1_725' title='bbox 2924 3688 2988 3727; x_wconf 88' lang='lat' dir='ltr'><strong>ac</strong></span> <span class='ocrx_word' id='word_1_726' title='bbox 3023 3675 3171 3730; x_wconf 90' lang='lat' dir='ltr'><strong>unde</strong></span> <span class='ocrx_word' id='word_1_727' title='bbox 3200 3676 3574 3732; x_wconf 85' lang='lat' dir='ltr'><strong>numerandus</strong></span> 
     </span>
    </p>
   </div>
   <div class='ocr_carea' id='block_1_96' title="bbox 1993 3764 3570 3836">
    <p class='ocr_par' dir='ltr' id='par_1_96' title="bbox 1993 3764 3570 3836">
     <span class='ocr_line' id='line_1_97' title="bbox 1993 3764 3570 3836; baseline 0.003 -16"><span class='ocrx_word' id='word_1_728' title='bbox 1993 3765 2103 3820; x_wconf 85' lang='lat' dir='ltr'><strong>sit?</strong></span> <span class='ocrx_word' id='word_1_729' title='bbox 2132 3764 2203 3820; x_wconf 89' lang='lat' dir='ltr'><strong>Ut</strong></span> <span class='ocrx_word' id='word_1_730' title='bbox 2227 3779 2360 3819; x_wconf 85' lang='lat' dir='ltr'><strong>vero</strong></span> <span class='ocrx_word' id='word_1_731' title='bbox 2383 3765 2532 3834; x_wconf 88' lang='lat' dir='ltr'><strong>quod</strong></span> <span class='ocrx_word' id='word_1_732' title='bbox 2562 3780 2649 3819; x_wconf 93' lang='lat' dir='ltr'><strong>res</strong></span> <span class='ocrx_word' id='word_1_733' title='bbox 2678 3765 2845 3819; x_wconf 86' lang='lat' dir='ltr'><strong>habet</strong></span> <span class='ocrx_word' id='word_1_734' title='bbox 2874 3774 3064 3835; x_wconf 84' lang='lat' dir='ltr'><strong>aperte</strong></span> <span class='ocrx_word' id='word_1_735' title='bbox 3090 3782 3473 3836; x_wconf 80' lang='lat' dir='ltr'><strong>suggeramus,</strong></span> <span class='ocrx_word' id='word_1_736' title='bbox 3503 3767 3570 3824; x_wconf 80' lang='lat' dir='ltr'><strong>ad</strong></span> 
     </span>
    </p>
   </div>
   <div class='ocr_carea' id='block_1_97' title="bbox 1992 3855 3568 3927">
    <p class='ocr_par' dir='ltr' id='par_1_97' title="bbox 1992 3855 3568 3927">
     <span class='ocr_line' id='line_1_98' title="bbox 1992 3855 3568 3927; baseline 0.002 -15"><span class='ocrx_word' id='word_1_737' title='bbox 1992 3873 2057 3912; x_wconf 91' lang='lat' dir='ltr'><strong>ea</strong></span> <span class='ocrx_word' id='word_1_738' title='bbox 2090 3855 2492 3911; x_wconf 87' lang='lat' dir='ltr'><strong>recurrendum</strong></span> <span class='ocrx_word' id='word_1_739' title='bbox 2525 3871 2649 3924; x_wconf 69' lang='lat' dir='ltr'><strong>qua:</strong></span> <span class='ocrx_word' id='word_1_740' title='bbox 2688 3856 2851 3926; x_wconf 89' lang='lat' dir='ltr'><strong>paulo</strong></span> <span class='ocrx_word' id='word_1_741' title='bbox 2885 3856 3144 3927; x_wconf 85' lang='lat' dir='ltr'><strong>superius</strong></span> <span class='ocrx_word' id='word_1_742' title='bbox 3165 3858 3314 3912; x_wconf 91' lang='lat' dir='ltr'><strong>dicta</strong></span> <span class='ocrx_word' id='word_1_743' title='bbox 3350 3868 3480 3913; x_wconf 87' lang='lat' dir='ltr'><strong>sunt</strong></span> <span class='ocrx_word' id='word_1_744' title='bbox 3503 3860 3568 3915; x_wconf 79' lang='lat' dir='ltr'><strong>ab</strong></span> 
     </span>
    </p>
   </div>
   <div class='ocr_carea' id='block_1_98' title="bbox 1993 3944 3569 4017">
    <p class='ocr_par' dir='ltr' id='par_1_98' title="bbox 1993 3944 3569 4017">
     <span class='ocr_line' id='line_1_99' title="bbox 1993 3944 3569 4017; baseline 0.001 -17"><span class='ocrx_word' id='word_1_745' title='bbox 1993 3945 2338 4016; x_wconf 87' lang='lat' dir='ltr'><strong>Evangelista</strong></span> <span class='ocrx_word' id='word_1_746' title='bbox 2372 3963 2385 3998; x_wconf 93' lang='lat'><strong>:</strong></span> <span class='ocrx_word' id='word_1_747' title='bbox 2421 3945 2497 3999; x_wconf 91' lang='lat' dir='ltr'><strong>ait</strong></span> <span class='ocrx_word' id='word_1_748' title='bbox 2519 3944 2665 3999; x_wconf 86' lang='lat' dir='ltr'><strong>enim</strong></span> <span class='ocrx_word' id='word_1_749' title='bbox 2703 3963 2716 3998; x_wconf 93' lang='lat'>:</span> <span class='ocrx_word' id='word_1_750' title='bbox 2754 3944 2881 3999; x_wconf 87' lang='lat' dir='ltr'><strong>Post</strong></span> <span class='ocrx_word' id='word_1_751' title='bbox 2922 3946 3014 4000; x_wconf 85' lang='lat' dir='ltr'><strong>hos</strong></span> <span class='ocrx_word' id='word_1_752' title='bbox 3047 3945 3156 3999; x_wconf 85' lang='lat' dir='ltr'><strong>dies</strong></span> <span class='ocrx_word' id='word_1_753' title='bbox 3187 3948 3421 4017; x_wconf 79' lang='lat' dir='ltr'><strong>concepit</strong></span> <span class='ocrx_word' id='word_1_754' title='bbox 3453 3946 3569 4001; x_wconf 84' lang='lat' dir='ltr'><strong>Eli—</strong></span> 
     </span>
    </p>
   </div>
   <div class='ocr_carea' id='block_1_99' title="bbox 1992 4035 3574 4101">
    <p class='ocr_par' dir='ltr' id='par_1_99' title="bbox 1992 4035 3574 4101">
     <span class='ocr_line' id='line_1_100' title="bbox 1992 4035 3574 4101; baseline 0.003 -11"><span class='ocrx_word' id='word_1_755' title='bbox 1992 4037 2173 4090; x_wconf 84' lang='lat' dir='ltr'><strong>sabeth</strong></span> <span class='ocrx_word' id='word_1_756' title='bbox 2226 4052 2364 4089; x_wconf 83' lang='lat' dir='ltr'><strong>uaror</strong></span> <span class='ocrx_word' id='word_1_757' title='bbox 2409 4035 2726 4101; x_wconf 52' lang='lat' dir='ltr'><strong>Zachariae,</strong></span> <span class='ocrx_word' id='word_1_758' title='bbox 2769 4045 2818 4090; x_wconf 86' lang='lat' dir='ltr'><strong>et</strong></span> <span class='ocrx_word' id='word_1_759' title='bbox 2865 4036 3147 4093; x_wconf 83' lang='lat' dir='ltr'><strong>occultavit</strong></span> <span class='ocrx_word' id='word_1_760' title='bbox 3206 4054 3264 4093; x_wconf 82' lang='lat' dir='ltr'><strong>se</strong></span> <span class='ocrx_word' id='word_1_761' title='bbox 3313 4039 3574 4094; x_wconf 79' lang='lat' dir='ltr'><strong>mensibus</strong></span> 
     </span>
    </p>
   </div>
   <div class='ocr_carea' id='block_1_100' title="bbox 1993 4127 3575 4199">
    <p class='ocr_par' dir='ltr' id='par_1_100' title="bbox 1993 4127 3575 4199">
     <span class='ocr_line' id='line_1_101' title="bbox 1993 4127 3575 4199; baseline 0.003 -20"><span class='ocrx_word' id='word_1_762' title='bbox 1993 4128 2226 4199; x_wconf 84' lang='lat' dir='ltr'><strong>quinque</strong></span> <span class='ocrx_word' id='word_1_763' title='bbox 2266 4127 2329 4192; x_wconf 72' lang='grc' dir='ltr'><strong>τ’,</strong></span> <span class='ocrx_word' id='word_1_764' title='bbox 2368 4137 2476 4182; x_wconf 90' lang='lat' dir='ltr'><strong>etc.</strong></span> <span class='ocrx_word' id='word_1_765' title='bbox 2512 4127 2762 4198; x_wconf 89' lang='lat' dir='ltr'><strong>Tumque</strong></span> <span class='ocrx_word' id='word_1_766' title='bbox 2799 4128 2988 4183; x_wconf 91' lang='lat' dir='ltr'><strong>subdit</strong></span> <span class='ocrx_word' id='word_1_767' title='bbox 3027 4146 3041 4183; x_wconf 88' lang='lat'><strong>:</strong></span> <span class='ocrx_word' id='word_1_768' title='bbox 3073 4128 3139 4184; x_wconf 87' lang='lat' dir='ltr'><strong>In</strong></span> <span class='ocrx_word' id='word_1_769' title='bbox 3181 4146 3358 4184; x_wconf 85' lang='lat' dir='ltr'><strong>mense</strong></span> <span class='ocrx_word' id='word_1_770' title='bbox 3394 4138 3575 4185; x_wconf 82' lang='lat' dir='ltr'><strong>autem</strong></span> 
     </span>
    </p>
   </div>
   <div class='ocr_carea' id='block_1_101' title="bbox 1991 4217 3575 4289">
    <p class='ocr_par' dir='ltr' id='par_1_101' title="bbox 1991 4217 3575 4289">
     <span class='ocr_line' id='line_1_102' title="bbox 1991 4217 3575 4289; baseline 0.004 -19"><span class='ocrx_word' id='word_1_771' title='bbox 1991 4228 2139 4271; x_wconf 78' lang='lat' dir='ltr'><strong>sexto</strong></span> <span class='ocrx_word' id='word_1_772' title='bbox 2169 4218 2356 4271; x_wconf 84' lang='lat' dir='ltr'><strong>missus</strong></span> <span class='ocrx_word' id='word_1_773' title='bbox 2385 4226 2460 4271; x_wconf 83' lang='lat' dir='ltr'><strong>est</strong></span> <span class='ocrx_word' id='word_1_774' title='bbox 2496 4218 2717 4289; x_wconf 81' lang='lat' dir='ltr'><strong>angelus</strong></span> <span class='ocrx_word' id='word_1_775' title='bbox 2750 4217 2967 4274; x_wconf 77' lang='lat' dir='ltr'><strong>Gabriel</strong></span> <span class='ocrx_word' id='word_1_776' title='bbox 3016 4219 3087 4273; x_wconf 87' lang='lat' dir='ltr'><strong>ad</strong></span> <span class='ocrx_word' id='word_1_777' title='bbox 3118 4218 3349 4275; x_wconf 73' lang='lat' dir='ltr'><strong>Mariam</strong></span> <span class='ocrx_word' id='word_1_778' title='bbox 3375 4220 3442 4274; x_wconf 79' lang='grc'>⁸⁷⁸.</span> <span class='ocrx_word' id='word_1_779' title='bbox 3471 4220 3575 4276; x_wconf 75' lang='lat' dir='ltr'><strong>Ve-</strong></span> 
     </span>
    </p>
   </div>
   <div class='ocr_carea' id='block_1_102' title="bbox 1995 4308 3577 4379">
    <p class='ocr_par' dir='ltr' id='par_1_102' title="bbox 1995 4308 3577 4379">
     <span class='ocr_line' id='line_1_103' title="bbox 1995 4308 3577 4379; baseline 0.003 -17"><span class='ocrx_word' id='word_1_780' title='bbox 1995 4324 2140 4373; x_wconf 89' lang='lat' dir='ltr'><strong>rum,</strong></span> <span class='ocrx_word' id='word_1_781' title='bbox 2180 4308 2347 4368; x_wconf 84' lang='lat' dir='ltr'><strong>dicet.</strong></span> <span class='ocrx_word' id='word_1_782' title='bbox 2380 4309 2518 4362; x_wconf 83' lang='lat' dir='ltr'><strong>nihil</strong></span> <span class='ocrx_word' id='word_1_783' title='bbox 2564 4310 2750 4364; x_wconf 90' lang='lat' dir='ltr'><strong>minus</strong></span> <span class='ocrx_word' id='word_1_784' title='bbox 2778 4309 2865 4366; x_wconf 90' lang='lat' dir='ltr'><strong>his</strong></span> <span class='ocrx_word' id='word_1_785' title='bbox 2895 4310 3092 4379; x_wconf 79' lang='lat' dir='ltr'><strong>positis</strong></span> <span class='ocrx_word' id='word_1_786' title='bbox 3120 4310 3356 4367; x_wconf 89' lang='lat' dir='ltr'><strong>obscura</strong></span> <span class='ocrx_word' id='word_1_787' title='bbox 3391 4319 3577 4367; x_wconf 82' lang='lat' dir='ltr'><strong>manet</strong></span> 
     </span>
    </p>
   </div>
   <div class='ocr_carea' id='block_1_103' title="bbox 306 4397 1882 4475">
    <p class='ocr_par' dir='ltr' id='par_1_103' title="bbox 306 4397 1882 4469">
     <span class='ocr_line' id='line_1_104' title="bbox 306 4397 1882 4469; baseline 0 -16"><span class='ocrx_word' id='word_1_788' title='bbox 306 4398 627 4465; x_wconf 73' lang='grc' dir='ltr'>ἀπεστάλη</span> <span class='ocrx_word' id='word_1_789' title='bbox 658 4402 691 4453; x_wconf 88' lang='grc' dir='ltr'><strong><em>ό</em></strong></span> <span class='ocrx_word' id='word_1_790' title='bbox 715 4397 972 4469; x_wconf 76' lang='grc' dir='ltr'>ἄγγελος</span> <span class='ocrx_word' id='word_1_791' title='bbox 998 4399 1265 4468; x_wconf 74' lang='grc' dir='ltr'>Γαϐριὴλ</span> <span class='ocrx_word' id='word_1_792' title='bbox 1298 4400 1452 4467; x_wconf 84' lang='grc' dir='ltr'>πρὸς</span> <span class='ocrx_word' id='word_1_793' title='bbox 1483 4399 1598 4468; x_wconf 85' lang='grc' dir='ltr'>τὴν</span> <span class='ocrx_word' id='word_1_794' title='bbox 1630 4398 1882 4468; x_wconf 75' lang='grc' dir='ltr'>Μαριάμ.</span> 
     </span>
    </p>
   </div>
   <div class='ocr_carea' id='block_1_104' title="bbox 1982 4397 3576 4475">
    <p class='ocr_par' dir='ltr' id='par_1_104' title="bbox 1995 4399 3576 4471">
     <span class='ocr_line' id='line_1_105' title="bbox 1995 4399 3576 4471; baseline 0.002 -17"><span class='ocrx_word' id='word_1_795' title='bbox 1995 4399 2256 4455; x_wconf 85' lang='lat' dir='ltr'><strong>narratio.</strong></span> <span class='ocrx_word' id='word_1_796' title='bbox 2281 4399 2436 4465; x_wconf 88' lang='lat' dir='ltr'><strong>Quod</strong></span> <span class='ocrx_word' id='word_1_797' title='bbox 2466 4400 2613 4454; x_wconf 90' lang='lat' dir='ltr'><strong>enim</strong></span> <span class='ocrx_word' id='word_1_798' title='bbox 2646 4401 2996 4471; x_wconf 77' lang='lat' dir='ltr'><strong>Evangelista</strong></span> <span class='ocrx_word' id='word_1_799' title='bbox 3027 4402 3242 4457; x_wconf 78' lang='lat' dir='ltr'><strong>dixerit</strong></span> <span class='ocrx_word' id='word_1_800' title='bbox 3280 4419 3293 4455; x_wconf 91' lang='lat'><strong>:</strong></span> <span class='ocrx_word' id='word_1_801' title='bbox 3329 4401 3576 4457; x_wconf 72' lang='lat' dir='ltr'><strong>Parthos</strong></span> 
     </span>
    </p>
   </div>
   <div class='ocr_carea' id='block_1_105' title="bbox 1998 4491 3579 4563">
    <p class='ocr_par' dir='ltr' id='par_1_105' title="bbox 1998 4491 3579 4563">
     <span class='ocr_line' id='line_1_106' title="bbox 1998 4491 3579 4563; baseline 0.003 -17"><span class='ocrx_word' id='word_1_802' title='bbox 1998 4500 2175 4546; x_wconf 84' lang='lat' dir='ltr'><strong>autem</strong></span> <span class='ocrx_word' id='word_1_803' title='bbox 2227 4491 2335 4546; x_wconf 84' lang='lat' dir='ltr'><strong>dies</strong></span> <span class='ocrx_word' id='word_1_804' title='bbox 2384 4494 2621 4563; x_wconf 85' lang='lat' dir='ltr'><strong>concepit</strong></span> <span class='ocrx_word' id='word_1_805' title='bbox 2669 4492 2979 4559; x_wconf 76' lang='lat' dir='ltr'><strong>Elisabetlz;</strong></span> <span class='ocrx_word' id='word_1_806' title='bbox 3028 4493 3177 4548; x_wconf 87' lang='lat' dir='ltr'><strong>haud</strong></span> <span class='ocrx_word' id='word_1_807' title='bbox 3217 4501 3400 4549; x_wconf 89' lang='lat' dir='ltr'><strong>tamen</strong></span> <span class='ocrx_word' id='word_1_808' title='bbox 3434 4507 3579 4563; x_wconf 79' lang='lat' dir='ltr'><strong>quos</strong></span> 
     </span>
    </p>
   </div>
   <div class='ocr_carea' id='block_1_106' title="bbox 2000 4583 3575 4656">
    <p class='ocr_par' dir='ltr' id='par_1_106' title="bbox 2000 4583 3575 4656">
     <span class='ocr_line' id='line_1_107' title="bbox 2000 4583 3575 4656; baseline 0.001 -16"><span class='ocrx_word' id='word_1_809' title='bbox 2000 4586 2133 4640; x_wconf 80' lang='lat' dir='ltr'><strong>velit</strong></span> <span class='ocrx_word' id='word_1_810' title='bbox 2158 4584 2296 4648; x_wconf 84' lang='lat' dir='ltr'><strong>dics,</strong></span> <span class='ocrx_word' id='word_1_811' title='bbox 2331 4583 2683 4655; x_wconf 80' lang='lat' dir='ltr'><strong>signiﬁcavit.</strong></span> <span class='ocrx_word' id='word_1_812' title='bbox 2715 4586 2793 4640; x_wconf 79' lang='lat' dir='ltr'><strong>Ac</strong></span> <span class='ocrx_word' id='word_1_813' title='bbox 2822 4593 2971 4640; x_wconf 86' lang='lat' dir='ltr'><strong>certe</strong></span> <span class='ocrx_word' id='word_1_814' title='bbox 3004 4585 3227 4641; x_wconf 84' lang='lat' dir='ltr'><strong>videtur</strong></span> <span class='ocrx_word' id='word_1_815' title='bbox 3253 4597 3401 4641; x_wconf 87' lang='lat' dir='ltr'><strong>recte</strong></span> <span class='ocrx_word' id='word_1_816' title='bbox 3423 4601 3575 4656; x_wconf 71' lang='lat' dir='ltr'><strong>qua:-</strong></span> 
     </span>
    </p>
   </div>
   <div class='ocr_carea' id='block_1_107' title="bbox 2001 4676 3574 4748">
    <p class='ocr_par' dir='ltr' id='par_1_107' title="bbox 2001 4676 3574 4748">
     <span class='ocr_line' id='line_1_108' title="bbox 2001 4676 3574 4748; baseline 0.002 -18"><span class='ocrx_word' id='word_1_817' title='bbox 2001 4693 2145 4740; x_wconf 82' lang='lat' dir='ltr'><strong>rcre,</strong></span> <span class='ocrx_word' id='word_1_818' title='bbox 2178 4678 2273 4748; x_wconf 90' lang='lat' dir='ltr'><strong>qui</strong></span> <span class='ocrx_word' id='word_1_819' title='bbox 2316 4677 2398 4731; x_wconf 86' lang='lat' dir='ltr'><strong>sic</strong></span> <span class='ocrx_word' id='word_1_820' title='bbox 2429 4677 2506 4730; x_wconf 88' lang='lat' dir='ltr'><strong>ait</strong></span> <span class='ocrx_word' id='word_1_821' title='bbox 2538 4694 2551 4729; x_wconf 92' lang='lat'>:</span> <span class='ocrx_word' id='word_1_822' title='bbox 2588 4676 2883 4732; x_wconf 87' lang='lat' dir='ltr'><strong>docebitur</strong></span> <span class='ocrx_word' id='word_1_823' title='bbox 2908 4687 3115 4740; x_wconf 88' lang='lat' dir='ltr'><strong>autem,</strong></span> <span class='ocrx_word' id='word_1_824' title='bbox 3147 4679 3448 4733; x_wconf 89' lang='lat' dir='ltr'><strong>dummodo</strong></span> <span class='ocrx_word' id='word_1_825' title='bbox 3474 4694 3574 4733; x_wconf 90' lang='lat' dir='ltr'><strong>au-</strong></span> 
     </span>
    </p>
   </div>
   <div class='ocr_carea' id='block_1_108' title="bbox 1999 4768 3576 4842">
    <p class='ocr_par' dir='ltr' id='par_1_108' title="bbox 1999 4768 3576 4842">
     <span class='ocr_line' id='line_1_109' title="bbox 1999 4768 3576 4842; baseline 0.003 -18"><span class='ocrx_word' id='word_1_826' title='bbox 1999 4786 2116 4824; x_wconf 90' lang='lat' dir='ltr'><strong>rem</strong></span> <span class='ocrx_word' id='word_1_827' title='bbox 2163 4768 2434 4823; x_wconf 88' lang='lat' dir='ltr'><strong>auditioni</strong></span> <span class='ocrx_word' id='word_1_828' title='bbox 2493 4769 2948 4836; x_wconf 82' lang='lat' dir='ltr'><strong>accommodans,</strong></span> <span class='ocrx_word' id='word_1_829' title='bbox 3007 4770 3333 4842; x_wconf 84' lang='lat' dir='ltr'><strong>intelligenti</strong></span> <span class='ocrx_word' id='word_1_830' title='bbox 3388 4769 3576 4828; x_wconf 89' lang='lat' dir='ltr'><strong>animo</strong></span> 
     </span>
    </p>
   </div>
   <div class='ocr_carea' id='block_1_109' title="bbox 2001 4861 2756 4933">
    <p class='ocr_par' dir='ltr' id='par_1_109' title="bbox 2001 4861 2756 4933">
     <span class='ocr_line' id='line_1_110' title="bbox 2001 4861 2756 4933; baseline 0 -18"><span class='ocrx_word' id='word_1_831' title='bbox 2001 4879 2123 4933; x_wconf 66' lang='lat' dir='ltr'><strong>quin</strong></span> <span class='ocrx_word' id='word_1_832' title='bbox 2152 4861 2417 4916; x_wconf 86' lang='lat' dir='ltr'><strong>dicuntur</strong></span> <span class='ocrx_word' id='word_1_833' title='bbox 2456 4861 2756 4931; x_wconf 77' lang='lat' dir='ltr'><strong>acceperit.</strong></span> 
     </span>
    </p>
   </div>
   <div class='ocr_carea' id='block_1_110' title="bbox 2061 5034 3576 5106">
    <p class='ocr_par' dir='ltr' id='par_1_110' title="bbox 2061 5034 3576 5106">
     <span class='ocr_line' id='line_1_111' title="bbox 2061 5034 3576 5106; baseline -0.004 -13"><span class='ocrx_word' id='word_1_834' title='bbox 2061 5039 2151 5094; x_wconf 86' lang='lat' dir='ltr'><strong>Ill.</strong></span> <span class='ocrx_word' id='word_1_835' title='bbox 2181 5036 2361 5092; x_wconf 81' lang='lat' dir='ltr'><strong>Semel</strong></span> <span class='ocrx_word' id='word_1_836' title='bbox 2398 5036 2455 5091; x_wconf 90' lang='lat' dir='ltr'><strong>in</strong></span> <span class='ocrx_word' id='word_1_837' title='bbox 2501 5051 2646 5089; x_wconf 86' lang='lat' dir='ltr'><strong>anno</strong></span> <span class='ocrx_word' id='word_1_838' title='bbox 2697 5042 2723 5072; x_wconf 88' lang='lat'><strong>°</strong></span> <span class='ocrx_word' id='word_1_839' title='bbox 2758 5035 3018 5090; x_wconf 83' lang='lat' dir='ltr'><strong>sacerdos</strong></span> <span class='ocrx_word' id='word_1_840' title='bbox 3066 5035 3258 5106; x_wconf 82' lang='lat' dir='ltr'><strong>legalis</strong></span> <span class='ocrx_word' id='word_1_841' title='bbox 3297 5034 3466 5089; x_wconf 89' lang='lat' dir='ltr'><strong>intrat</strong></span> <span class='ocrx_word' id='word_1_842' title='bbox 3490 5034 3576 5088; x_wconf 78' lang='lat' dir='ltr'><strong>in-</strong></span> 
     </span>
    </p>
   </div>
   <div class='ocr_carea' id='block_1_111' title="bbox 3180 5164 3575 5234">
    <p class='ocr_par' dir='ltr' id='par_1_111' title="bbox 3180 5164 3575 5234">
     <span class='ocr_line' id='line_1_112' title="bbox 3180 5164 3575 5234; baseline 0.02 -16"><span class='ocrx_word' id='word_1_843' title='bbox 3180 5166 3221 5196; x_wconf 87' lang='lat'><strong>&#39;&quot;</strong></span> <span class='ocrx_word' id='word_1_844' title='bbox 3246 5164 3380 5221; x_wconf 84' lang='lat' dir='ltr'><strong>Luc.</strong></span> <span class='ocrx_word' id='word_1_845' title='bbox 3413 5182 3454 5234; x_wconf 85' lang='grc' dir='ltr'><strong>ι,</strong></span> <span class='ocrx_word' id='word_1_846' title='bbox 3483 5167 3575 5225; x_wconf 72' lang='grc'><strong>24.</strong></span> 
     </span>
    </p>
   </div>
   <div class='ocr_carea' id='block_1_112' title="bbox 1402 5331 2478 5395">
    <p class='ocr_par' dir='ltr' id='par_1_112' title="bbox 1402 5331 2478 5395">
     <span class='ocr_line' id='line_1_113' title="bbox 1402 5331 2478 5395; baseline -0.007 -1"><span class='ocrx_word' id='word_1_847' title='bbox 1402 5337 1641 5395; x_wconf 69' lang='grc' dir='ltr'>νΑιιιΑς</span> <span class='ocrx_word' id='word_1_848' title='bbox 1683 5333 2079 5394; x_wconf 79' lang='lat' dir='ltr'><strong>LECTIONES</strong></span> <span class='ocrx_word' id='word_1_849' title='bbox 2112 5332 2201 5389; x_wconf 85' lang='lat' dir='ltr'><strong>ET</strong></span> <span class='ocrx_word' id='word_1_850' title='bbox 2238 5331 2478 5388; x_wconf 66' lang='lat' dir='ltr'><strong>NOTAE.</strong></span> 
     </span>
    </p>
   </div>
   <div class='ocr_carea' id='block_1_113' title="bbox 390 5470 3584 5551">
    <p class='ocr_par' dir='ltr' id='par_1_113' title="bbox 390 5470 3584 5551">
     <span class='ocr_line' id='line_1_114' title="bbox 390 5470 3584 5551; baseline -0.001 -15"><span class='ocrx_word' id='word_1_851' title='bbox 390 5491 421 5520; x_wconf 72' lang='grc' dir='ltr'><strong>υ</strong></span> <span class='ocrx_word' id='word_1_852' title='bbox 451 5482 584 5536; x_wconf 83' lang='lat' dir='ltr'><strong>Kal;</strong></span> <span class='ocrx_word' id='word_1_853' title='bbox 617 5479 747 5551; x_wconf 86' lang='lat' dir='ltr'><strong>Leg.</strong></span> <span class='ocrx_word' id='word_1_854' title='bbox 781 5479 904 5551; x_wconf 77' lang='grc' dir='ltr'>Ναί.</span> <span class='ocrx_word' id='word_1_855' title='bbox 993 5490 1018 5518; x_wconf 83' lang='grc' dir='ltr'><strong>ο</strong></span> <span class='ocrx_word' id='word_1_856' title='bbox 1057 5479 1232 5536; x_wconf 79' lang='lat' dir='ltr'><strong>Semel</strong></span> <span class='ocrx_word' id='word_1_857' title='bbox 1280 5482 1338 5535; x_wconf 82' lang='lat' dir='ltr'><strong>in</strong></span> <span class='ocrx_word' id='word_1_858' title='bbox 1371 5497 1534 5535; x_wconf 85' lang='lat' dir='ltr'><strong>anno.</strong></span> <span class='ocrx_word' id='word_1_859' title='bbox 1569 5479 1770 5551; x_wconf 88' lang='lat' dir='ltr'><strong>Opinio</strong></span> <span class='ocrx_word' id='word_1_860' title='bbox 1798 5479 1939 5551; x_wconf 58' lang='lat' dir='ltr'><strong>hac,</strong></span> <span class='ocrx_word' id='word_1_861' title='bbox 1976 5476 2194 5551; x_wconf 71' lang='lat' dir='ltr'><strong>tametsi</strong></span> <span class='ocrx_word' id='word_1_862' title='bbox 2223 5473 2431 5551; x_wconf 76' lang='lat' dir='ltr'><strong>Graecis</strong></span> <span class='ocrx_word' id='word_1_863' title='bbox 2463 5470 2905 5551; x_wconf 65' lang='lat' dir='ltr'><strong>aChr_-yso_sto§no</strong></span> <span class='ocrx_word' id='word_1_864' title='bbox 2933 5471 3231 5551; x_wconf 75' lang='lat' dir='ltr'><strong>admodum</strong></span> <span class='ocrx_word' id='word_1_865' title='bbox 3270 5484 3489 5547; x_wconf 82' lang='lat' dir='ltr'><strong>recepta</strong></span> <span class='ocrx_word' id='word_1_866' title='bbox 3519 5490 3584 5551; x_wconf 81' lang='lat' dir='ltr'><strong>ac</strong></span> 
     </span>
    </p>
   </div>
   <div class='ocr_carea' id='block_1_114' title="bbox 301 5543 2525 5618">
    <p class='ocr_par' dir='ltr' id='par_1_114' title="bbox 301 5543 2525 5618">
     <span class='ocr_line' id='line_1_115' title="bbox 301 5543 2525 5618; baseline -0.005 -8"><span class='ocrx_word' id='word_1_867' title='bbox 301 5552 618 5614; x_wconf 76' lang='lat' dir='ltr'><strong>familiaris,</strong></span> <span class='ocrx_word' id='word_1_868' title='bbox 662 5543 808 5605; x_wconf 70' lang='lat' dir='ltr'><strong>haud</strong></span> <span class='ocrx_word' id='word_1_869' title='bbox 845 5558 1025 5605; x_wconf 85' lang='lat' dir='ltr'><strong>tamen</strong></span> <span class='ocrx_word' id='word_1_870' title='bbox 1061 5552 1256 5606; x_wconf 91' lang='lat' dir='ltr'><strong>nititur</strong></span> <span class='ocrx_word' id='word_1_871' title='bbox 1288 5543 1838 5616; x_wconf 72' lang='lat' dir='ltr'><strong>veritatc,,innuente</strong></span> <span class='ocrx_word' id='word_1_872' title='bbox 1875 5543 1991 5618; x_wconf 87' lang='lat' dir='ltr'><strong>ipsa</strong></span> <span class='ocrx_word' id='word_1_873' title='bbox 2028 5546 2315 5618; x_wconf 79' lang='lat' dir='ltr'><strong>Scriptura</strong></span> <span class='ocrx_word' id='word_1_874' title='bbox 2356 5543 2525 5599; x_wconf 76' lang='lat' dir='ltr'><strong>fuisse</strong></span> 
     </span>
    </p>
   </div>
   <div class='ocr_carea' id='block_1_115' title="bbox 2646 5540 3583 5601">
    <p class='ocr_par' dir='ltr' id='par_1_115' title="bbox 2646 5540 3583 5601">
     <span class='ocr_line' id='line_1_116' title="bbox 2646 5540 3583 5601; baseline 0.004 -4"><span class='ocrx_word' id='word_1_875' title='bbox 2646 5540 2921 5597; x_wconf 85' lang='lat' dir='ltr'><strong>achariam</strong></span> <span class='ocrx_word' id='word_1_876' title='bbox 2991 5544 3333 5600; x_wconf 88' lang='lat' dir='ltr'><strong>sacerdotem</strong></span> <span class='ocrx_word' id='word_1_877' title='bbox 3367 5540 3433 5600; x_wconf 71' lang='lat' dir='ltr'><strong>e&#39;x</strong></span> <span class='ocrx_word' id='word_1_878' title='bbox 3476 5547 3583 5601; x_wconf 83' lang='lat' dir='ltr'><strong>mi-</strong></span> 
     </span>
    </p>
   </div>
   <div class='ocr_carea' id='block_1_116' title="bbox 300 5612 3585 5691">
    <p class='ocr_par' dir='ltr' id='par_1_116' title="bbox 300 5612 3585 5691">
     <span class='ocr_line' id='line_1_117' title="bbox 300 5612 3585 5691; baseline -0.002 -11"><span class='ocrx_word' id='word_1_879' title='bbox 300 5623 540 5680; x_wconf 85' lang='lat' dir='ltr'><strong>noribus</strong></span> <span class='ocrx_word' id='word_1_880' title='bbox 573 5612 893 5691; x_wconf 9' lang='lat' dir='ltr'><strong>:lsiquidem</strong></span> <span class='ocrx_word' id='word_1_881' title='bbox 914 5630 1036 5676; x_wconf 87' lang='lat' dir='ltr'><strong>erat</strong></span> <span class='ocrx_word' id='word_1_882' title='bbox 1075 5622 1201 5676; x_wconf 86' lang='lat' dir='ltr'><strong>talis</strong></span> <span class='ocrx_word' id='word_1_883' title='bbox 1226 5621 1362 5675; x_wconf 87' lang='lat' dir='ltr'><strong>vicis</strong></span> <span class='ocrx_word' id='word_1_884' title='bbox 1384 5659 1399 5682; x_wconf 90' lang='lat'><strong>,</strong></span> <span class='ocrx_word' id='word_1_885' title='bbox 1421 5636 1486 5691; x_wconf 84' lang='lat' dir='ltr'><strong>ac</strong></span> <span class='ocrx_word' id='word_1_886' title='bbox 1514 5612 1659 5676; x_wconf 86' lang='lat' dir='ltr'><strong>unus</strong></span> <span class='ocrx_word' id='word_1_887' title='bbox 1690 5621 1759 5675; x_wconf 85' lang='lat' dir='ltr'><strong>de</strong></span> <span class='ocrx_word' id='word_1_888' title='bbox 1785 5612 1974 5674; x_wconf 69' lang='lat' dir='ltr'><strong>multis</strong></span> <span class='ocrx_word' id='word_1_889' title='bbox 2003 5660 2017 5686; x_wconf 92' lang='lat'><strong>,</strong></span> <span class='ocrx_word' id='word_1_890' title='bbox 2058 5612 2167 5670; x_wconf 60' lang='lat' dir='ltr'><strong>eui&#39;</strong></span> <span class='ocrx_word' id='word_1_891' title='bbox 2188 5624 2244 5670; x_wconf 87' lang='lat' dir='ltr'><strong>et</strong></span> <span class='ocrx_word' id='word_1_892' title='bbox 2279 5616 2566 5671; x_wconf 86' lang='lat' dir='ltr'><strong>incensum</strong></span> <span class='ocrx_word' id='word_1_893' title='bbox 2601 5628 2807 5683; x_wconf 90' lang='lat' dir='ltr'><strong>ponere</strong></span> <span class='ocrx_word' id='word_1_894' title='bbox 2841 5612 3102 5684; x_wconf 83' lang='lat' dir='ltr'><strong>obtigerit</strong></span> <span class='ocrx_word' id='word_1_895' title='bbox 3127 5632 3141 5667; x_wconf 90' lang='lat'><strong>:</strong></span> <span class='ocrx_word' id='word_1_896' title='bbox 3172 5631 3281 5670; x_wconf 87' lang='lat' dir='ltr'><strong>non</strong></span> <span class='ocrx_word' id='word_1_897' title='bbox 3310 5632 3379 5671; x_wconf 65' lang='lat' dir='ltr'><strong>ex,</strong></span> <span class='ocrx_word' id='word_1_898' title='bbox 3404 5617 3585 5672; x_wconf 73' lang='lat' dir='ltr'><strong>cilicio</strong></span> 
     </span>
    </p>
   </div>
   <div class='ocr_carea' id='block_1_117' title="bbox 301 5690 1526 5765">
    <p class='ocr_par' dir='ltr' id='par_1_117' title="bbox 301 5690 1526 5765">
     <span class='ocr_line' id='line_1_118' title="bbox 301 5690 1526 5765; baseline -0.003 -16"><span class='ocrx_word' id='word_1_899' title='bbox 301 5694 589 5765; x_wconf 82' lang='lat' dir='ltr'><strong>peculiare</strong></span> <span class='ocrx_word' id='word_1_900' title='bbox 619 5690 956 5746; x_wconf 31' lang='lat' dir='ltr'><strong>ut’summus</strong></span> <span class='ocrx_word' id='word_1_901' title='bbox 982 5691 1221 5759; x_wconf 67' lang='lat' dir='ltr'><strong>pontifex</strong></span> <span class='ocrx_word' id='word_1_902' title='bbox 1250 5690 1526 5746; x_wconf 88' lang='lat' dir='ltr'><strong>habuerit.</strong></span> 
     </span>
    </p>
   </div>
  </div>
