4054 6312
609 250 749 314 i379

1733 244 1794 303 S.
1838 244 2237 306 ANASTASII
2274 246 2741 309 ANTIOCHENI

3723 237 3879 303 i389

605 358 804 413 Sancta
856 360 1193 417 sanctorum,
1247 352 1569 422 expiaturus
1601 366 1706 423 pro
1755 355 1958 424 populo
1993 373 2005 408 :
2040 357 2185 411 unde

2290 374 2379 410 ται
2417 361 2496 420 είς
2533 360 2602 410 τὰ
2634 360 2795 425 Ἀγια
2835 355 2942 408 τῶν
2980 354 3172 423 ἁγίων,
3204 350 3561 421 ἱλασκόμενος
3592 350 3741 420 ὑπὲρ
3762 351 3877 404 τοῦ

600 450 773 506 etiam
800 446 1123 503 solemnitas
1158 444 1270 508 illa,
1308 445 1617 515 propitiatio
1644 460 1746 500 seu
1773 445 1882 500 dies
1916 449 2175 517 propitia-

611 542 767 595 tionis
802 554 867 595 ac
892 536 1290 593 bumiliationis
1316 535 1454 599 dies,
1488 551 1857 607 magnumque
1884 538 2175 609 jejunium,

606 631 682 685 ab
724 631 806 685 eis
837 629 1166 698 appellatur.
1219 625 1545 681 Cclebratur
1599 640 1782 681 autem
1835 628 1924 682 die
1965 630 2179 683 decima

614 719 821 775 mensis
857 717 1099 786 septimi.
1128 716 1222 785 qui
1272 716 1434 770 nobis
1461 716 1720 780 October,
1753 717 1947 772 Tliersi
1974 718 2043 771 ab
2068 718 2177 773 lle-

615 804 775 858 brazis
822 814 1069 857 vocatur.
1125 802 1336 857 Hebraei
1386 804 1532 858 enim
1576 805 1705 858 anni
1766 805 2053 860 exordium
2109 807 2177 861 ab

611 892 782 963 Aprili
828 893 1054 947 ducunt.
1107 893 1329 947 Decima
1363 910 1493 964 ergo
1531 896 1684 965 juxta
1731 896 1916 950 lunam
1960 898 2178 964 septimi

614 989 840 1053 mensis,
890 988 1185 1042 Zacharias
1217 988 1524 1044 sacerdotio
1576 989 1830 1060 fungens,
1878 992 2177 1061 angelicam

608 1078 751 1133 vidit
839 1079 1144 1140 visionem,
1189 1078 1539 1146 faustumque
1591 1082 1843 1135 nuntium
1913 1084 2177 1138 nascituri

614 1167 874 1229 Baptistaa
900 1166 1110 1234 accepit
1138 1184 1151 1218 :
1184 1174 1310 1235 post
1342 1167 1489 1235 quod
1515 1166 1736 1236 impleta
1771 1184 1867 1223 sua
1900 1171 2044 1232 vice,
2077 1171 2180 1226 do-

618 1272 765 1311 mum
801 1259 986 1312 rediit.
1025 1258 1195 1312 Porro
1228 1259 1485 1327 impletur
1514 1275 1611 1321 ea,
1639 1259 1780 1313 facto
1800 1262 1909 1330 jam
1941 1263 2180 1331 plenilu-

614 1350 730 1408 nio.
757 1365 820 1404 ac
847 1351 976 1405 luna
1007 1365 1220 1404 summe
1260 1358 1439 1404 aucta.
1474 1350 1627 1405 Tunc
1657 1355 1887 1421 concepit
1912 1354 2022 1423 ejus
2048 1371 2182 1407 uxor

2284 445 2438 498 λαοῦ·
2471 446 2593 499 ὅθεν
2622 445 2715 498 καὶ
2744 444 3021 513 μιασμὸς.
3051 443 3169 513 ἦτοι
3199 440 3390 509 ἡμέρα
3438 438 3730 507 ἱλασμοῦ,
3763 440 3871 491 καὶ

2287 538 2478 609 ἡμέρα
2514 535 2923 598 ταπεινώσεως,
2952 536 3047 588 καὶ
3070 532 3293 603 νηστεία
3329 530 3567 600 μεγάλη.
3592 530 3870 596 κέκληται

2288 627 2419 698 παρ’
2448 630 2632 690 αὐτοῖς
2673 629 2706 695 ἡ
2755 625 2978 694 τοιαύτη
3010 623 3193 693 ἑορτή.
3236 619 3600 673 Ἐπιτελεῖται
3630 617 3690 670 δὲ
3720 618 3868 685 αὕτη

2284 723 2348 788 τῇ
2381 718 2585 788 δεκάτῃ
2607 716 2699 770 τοῦ
2735 717 2962 784 ἑϐδόμου
2995 713 3190 782 μηνδς,
3223 711 3280 772 ὃς
3310 712 3460 763 ὲστιν
3504 708 3866 777 Ὀκτώϐριος,

2288 811 2456 880 Θερσὶ
2476 810 2605 880 παρ’
2637 808 2909 879 Ἑϐραίοις
2929 805 3249 874 λεγόμενος·
3278 800 3385 855 ἀπὸ
3410 798 3517 869 γὰρ
3536 798 3631 850 τοῦ
3670 799 3866 866 Ἀπρι-

2287 901 2402 954 λίου
2436 902 2536 970 τὴν
2582 898 2756 970 ἀρχὴν
2795 899 2988 966 ἄγουσι
3021 894 3114 947 τοῦ
3158 892 3312 954 ἔτους
3355 889 3619 960 Ἑϐραῖοι.
3653 890 3736 958 Τῇ
3768 889 3865 941 οὖν

2287 995 2489 1067 δεκάτῃ
2519 992 2664 1047 κατὰ
2703 992 2932 1061 σελήνην
2960 990 3055 1044 τοῦ
3087 988 3320 1058 ἑϐδόμου
3359 985 3525 1055 μηνὸς
3560 984 3864 1053 ίερατεύων

2286 1087 2313 1139 ὁ
2343 1084 2644 1154 Ζαχαρίας,
2673 1083 2770 1152 τὴν
2801 1082 3097 1152 ἀγγελικὴν
3135 1079 3404 1131 ὀπτασίαν
3436 1077 3720 1135 ἐθεάσατο,
3765 1077 3862 1128 καὶ

2286 1171 2654 1243 εὐηγγελίσθη
2701 1171 2798 1241 τὴν
2854 1169 2947 1222 τοῦ
2982 1167 3288 1221 Βαπτιστοῦ
3329 1166 3611 1235 γέννησιν·
3640 1165 3763 1230 μεθ’
3794 1167 3861 1234 ἦν

2288 1264 2586 1334 πληρώσας
2643 1263 2741 1332 τὴν
2792 1259 3101 1330 ὲφημερίαν
3148 1257 3335 1321 αὑτοῦ,
3387 1256 3737 1327 ἀνεχώρησεν
3779 1259 3863 1320 είς

2260 1357 2378 1409 ’τὸν
2402 1351 2548 1407 οἶκον
2588 1353 2774 1408 αὐτοῦ.
2822 1351 3135 1421 Πληροῦται
3177 1350 3235 1402 δὲ
3267 1347 3611 1418 πλησιφαοῦς
3638 1348 3741 1417 τῆς
3775 1365 3862 1400 σε-

619 1439 911 1504 Elisabetlt,
936 1450 985 1493 et
1006 1456 1062 1494 se
1083 1439 1361 1493 occultavit
1384 1442 1643 1495 mensibus
1667 1443 1898 1512 quinque
1922 1446 1986 1497 τ’.
2019 1445 2182 1500 Forte

2290 1447 2455 1517 λήνης
2488 1444 2786 1515 γενομένης
2813 1444 2871 1495 ὲν
2915 1444 2983 1513 τῇ
3030 1441 3300 1510 λεγομένῃ
3338 1438 3685 1507 πανσελήνῳ.
3725 1438 3859 1489 Τότε

612 1532 978 1597 erubescens,
1009 1532 1211 1587 canitie
1240 1531 1544 1596 eﬂorente,
1576 1548 1647 1609 ac
1672 1532 1819 1601 quod
1852 1549 1971 1588 eam
2014 1551 2182 1601 agens

2290 1537 2625 1593 συνέλαϐεν
2662 1537 2701 1603 ἠ
2740 1534 2893 1605 γυνὴ
2944 1532 3132 1586 αὑτοῦ
3175 1530 3510 1591 Ἐλισαϐὲτ,
3543 1528 3645 1582 καί
3699 1544 3856 1595 περι-

610 1633 855 1685 aetatem,
890 1624 1012 1679 viro
1059 1624 1115 1678 in
1161 1624 1361 1678 cubilis
1392 1624 1710 1679 societatem
1744 1626 1964 1680 coisset.
2000 1626 2184 1681 Occul-

2290 1627 2543 1694 ἐκρυΰεν
2561 1625 2789 1691 ἑαυτὴν
2804 1624 2945 1689 τοὺς
2968 1622 3149 1676 πέντε
3173 1620 3402 1690 μῆνας·
3431 1621 3564 1683 ῐσως
3593 1616 3858 1688 ἐρυθριῶ-

614 1716 768 1769 tabat
797 1724 981 1767 autem
1034 1728 1091 1766 se
1128 1711 1387 1766 mensibus
1416 1712 1673 1782 quinque,
1705 1711 1879 1766 dicens
1908 1728 1925 1766 :
1957 1711 2093 1777 Quia
2113 1715 2189 1767 sic

2292 1735 2382 1781 σα,
2419 1718 2507 1770 διὰ
2553 1718 2653 1788 τὴν
2687 1715 3029 1769 ἐπανθοῦσαν
3072 1714 3210 1782 αὐτῇ
3239 1711 3452 1773 πολιὰν,
3487 1711 3573 1762 ὃτι
3601 1708 3858 1777 τοιαύτην

619 1804 741 1875 fecit
771 1804 895 1856 mihi
922 1801 1197 1855 Dominus.
1226 1800 1390 1855 Sexto
1418 1800 1583 1870 igitur
1608 1816 1795 1856 mense
1818 1818 1847 1855 a
1877 1804 2189 1873 conceptio-

2290 1809 2495 1876 ἄγουσα
2527 1806 2765 1876 ἡλικίαν,
2803 1804 3065 1874 συνῆλθεν
3095 1804 3250 1877 ἀνδρὶ
3283 1803 3422 1873 πρὸς
3448 1803 3741 1855 κοινωνίαν
3770 1800 3859 1853 εύ-

617 1908 688 1947 ne
714 1891 1015 1955 Elisabctli,
1052 1891 1253 1945 missus
1288 1898 1372 1944 est
1401 1889 1642 1952 Gabriel,
1675 1892 1752 1946 uti
1781 1892 2047 1962 scriptum
2078 1901 2183 1958 est,

614 1981 688 2036 ad
734 1980 956 2035 Mariam
998 1997 1013 2032 :
1057 1993 1167 2033 non
1205 1978 1428 2031 omnino
1469 1976 1621 2033 linito
1649 1987 1804 2033 sexto
1844 1994 2053 2043 mense,
2088 1979 2186 2034 sed

621 2072 765 2129 intra
789 2073 910 2142 ejus
939 2080 1104 2125 totam
1140 2069 1509 2124 latitudinem.
1554 2069 1741 2138 Neque
1778 2070 1924 2125 enim
1958 2070 2185 2126 historia

612 2164 934 2234 evangelica
977 2162 1260 2231 impletum
1324 2160 1486 2214 habct
1523 2169 1736 2215 sextum
1773 2176 2048 2228 mensem,
2077 2177 2187 2232 quo

623 2267 867 2326 tempore
894 2255 1032 2309 facta
1060 2262 1145 2307 est
1177 2252 1421 2323 Virginis
1449 2251 1729 2317 salutatio,
1763 2268 1857 2307 seu
1886 2254 2185 2308 annuntia-

625 2349 739 2404 tio:
776 2362 954 2416 neque
988 2343 1258 2400 Gabrielis
1299 2343 1367 2397 ad
1414 2358 1536 2397 eam
1577 2344 1745 2397 verba
1784 2344 1891 2399 hoc
1920 2344 2181 2411 indicant,

620 2452 815 2494 verum
845 2436 920 2491 ita
946 2433 1168 2505 quidem
1208 2432 1441 2488 historia
1475 2450 1487 2486 :
1517 2430 1583 2486 In
1607 2440 1753 2486 sexto
1790 2449 1965 2486 mense
1996 2434 2209 2487 missus-

622 2539 702 2584 est
736 2527 955 2599 angelus
992 2526 1060 2580 ".
1111 2525 1351 2595 Angelus
1386 2532 1566 2578 autem
1625 2522 1692 2577 ad
1735 2523 2015 2595 Virginem
2060 2541 2075 2576 :
2113 2522 2190 2578 Et

624 2638 738 2676 ecce
763 2629 986 2692 cognata
1012 2627 1126 2683 tua,
1162 2626 1210 2671 et
1237 2618 1352 2689 ipsa
1376 2616 1608 2687 concepit
1629 2615 1801 2684 ﬁlium
1838 2616 1893 2670 in
1930 2622 2191 2669 senectute

618 2731 744 2776 sua,
774 2723 823 2767 et
852 2714 935 2767 hic
970 2712 1160 2766 mensis
1199 2719 1374 2763 sextus
1425 2717 1500 2761 est
1534 2706 1615 2762 illi
1654 2722 1770 2778 quae
1801 2718 2015 2761 vocatur
2035 2708 2193 2761 steri-

631 2805 695 2858 lis
731 2801 800 2856 ⁸⁸.

2286 1898 2402 1965 νῆς.
2438 1896 2830 1965 Περιέκρυϐεν
2860 1896 2915 1948 δὲ
2970 1893 3196 1959 ἑαυτὴν
3243 1892 3385 1958 τοὺς
3416 1891 3602 1945 πέντε
3635 1890 3855 1959 μῆνας,

2286 1989 2555 2058 λέγουσα
2582 2005 2594 2019 ·
2628 1989 2758 2041 Ὅτι
2803 1986 2991 2051 οὕτως
3038 2003 3139 2055 μοι
3187 1986 3516 2050 πεποίηκεν
3559 1986 3592 2037 ό
3622 1984 3854 2050 Κύριος.

2291 2079 2381 2151 Τῷ
2417 2075 2509 2133 οὖν
2540 2080 2684 2149 ἕκτῳ
2736 2078 2836 2146 τῆς
2888 2077 3204 2145 συλλήψεως
3238 2076 3338 2144 τῆς
3375 2075 3661 2127 Ἐλισαϐὲτ
3694 2073 3853 2143 μηνὶ,

2292 2171 2572 2241 ἀπεστάλη
2622 2172 2649 2224 ὁ
2687 2169 2950 2239 Γαϐριὴλ.
2976 2168 3052 2230 ὡς
3089 2167 3423 2236 γέγραπται,
3452 2167 3591 2236 πρὸς
3615 2166 3853 2234 Μαρίαν·

2289 2264 2351 2316 ού
2379 2263 2598 2324 πάντως
2636 2260 3057 2332 πεπερασμένου
3089 2257 3181 2310 τοῦ
3213 2258 3375 2310 ἕκτου
3422 2256 3615 2326 μηνὸς,
3654 2256 3769 2309 ἀλλ’
3800 2256 3857 2308 ὲν

2288 2352 2367 2422 τῷ
2414 2352 2606 2407 πλάτει
2638 2352 2731 2405 τοῦ
2775 2351 2977 2414 παντδς
3027 2349 3214 2420 μηνός.
3248 2348 3386 2401 Οὔτε
3416 2347 3527 2419 γὰρ
3559 2349 3592 2417 ὴ
3631 2347 3856 2414 εὐαγγε-

2293 2444 2420 2515 λικὴ
2470 2445 2680 2515 ἱστορία
2708 2441 3049 2512 πληροῦσθαι
3092 2442 3237 2509 λέγει
3268 2441 3358 2493 τὸν
3387 2440 3547 2493 ἕκτον
3581 2440 3747 2507 μῆνα,
3768 2438 3855 2492 ὃτι

2289 2536 2319 2589 ὁ
2348 2535 2482 2606 πρὸς
2508 2536 2607 2604 τὴν
2642 2535 2917 2605 Παρθένον
2944 2530 3257 2602 ἀσπασμὸς,
3284 2530 3404 2601 ἦτοι
3436 2528 3851 2598 εύαγγελισμός.

2291 2626 2528 2694 ἐγένετο·
2562 2624 2685 2679 οὔτε
2723 2628 2771 2679 oi
2798 2625 2946 2692 λόγοι
2979 2623 3070 2676 τοῦ
3115 2621 3373 2690 Γαϐριὴλ.
3406 2622 3457 2673 οί
3498 2621 3637 2689 πρὸς
3666 2619 3849 2687 αὐτὴν,

2292 2713 2449 2767 τοῦτο
2484 2714 2858 2783 ἐμφαίνουσιν,
2903 2712 3018 2765 ἀλλ’
3052 2713 3086 2781 ἡ
3123 2711 3220 2780 μὲν
3255 2710 3469 2779 ἱστορία
3512 2710 3716 2778 φησιν,
3755 2709 3854 2760 Ἐν

2296 2802 2378 2869 τῷ
2400 2804 2544 2873 μηνί
2582 2804 2660 2868 τῷ
2686 2804 2834 2868 ἕκτῳ
2853 2800 3168 2867 ἀπεστάλη
3202 2804 3233 2854 ό
3257 2800 3536 2870 ἄγγελος.
3575 2800 3635 2852 '0
3676 2799 3731 2851 δὲ
3760 2798 3856 2863 ἆγ-

634 2893 791 2963 γελος
828 2891 965 2963 πρὸς
990 2890 1091 2961 τὴν
1119 2888 1394 2960 Παρθένον
1442 2887 1611 2956 φησί·
1656 2885 1763 2941 Kal
1808 2886 1939 2942 ιδοὺ
1972 2888 2010 2955 ἡ
2043 2894 2346 2962 συγγενής
2390 2912 2527 2961 σου,
2578 2896 2675 2950 καί
2710 2895 2862 2963 αὑτὴ
2930 2894 3305 2962 συνείληφεν
3364 2892 3499 2946 υἱὸν
3560 2891 3631 2945 ἐν
3694 2890 3854 2959 τὴιει

620 2982 831 3051 αὐτῆς,
858 2982 953 3037 καί
985 2977 1162 3045 οὗτος
1188 2978 1308 3045 μὴν
1334 2977 1507 3043 ἕκτος
1549 2975 1703 3044 αὑτῇ
1731 2974 1806 3044 τῇ
1840 2978 2183 3047 καλουμένῃ
2220 2985 2451 3052 στείρᾳ,

695 3076 787 3133 IV.
824 3076 964 3130 Hinc
1016 3088 1182 3144 porro
1228 3074 1398 3143 major
1432 3069 1590 3125 nobis
1629 3069 1853 3125 emersit
1879 3069 2189 3136 diilicultas,
2217 3078 2262 3134 ο

624 3167 959 3237 οῦςίοἱοιιιυο
983 3164 1248 3219 calcutior
1274 3163 1491 3231 aliquis,
1529 3163 1755 3216 dicens:
1785 3162 1839 3215 Si
1864 3164 2084 3231 quidem
2116 3164 2193 3220 ait

630 3259 757 3325 iste,
797 3258 1063 3313 accidisse
1111 3255 1517 3318 salutationem,
1570 3269 1665 3308 seu
1714 3254 2192 3309 annuntiationem

626 3350 846 3406 labente
878 3363 1093 3412 mense;
1125 3345 1251 3416 quis
1295 3347 1367 3399 ita
1398 3344 1677 3399 distribuit
1715 3353 1777 3398 ut
1807 3345 1971 3399 hodie
1997 3345 2194 3399 debeat

622 3437 928 3500 celebrari,
958 3436 1068 3489 hoc
1121 3442 1206 3488 est
1242 3432 1331 3487 dic
1367 3432 1438 3487 25
1479 3432 1683 3487 mensis
1705 3472 1720 3496 ,
1755 3448 1863 3486 non
1917 3433 2007 3487 die
2046 3433 2193 3486 alia?

623 3527 709 3583 Ad
741 3542 904 3597 quem
938 3526 994 3580 in
1028 3533 1283 3595 promptu
1326 3530 1445 3579 erat
1467 3523 1685 3588 dicere,
1723 3523 1970 3578 eamdem
2008 3524 2086 3578 illi
2124 3523 2192 3578 de

627 3619 827 3692 quovis
871 3618 979 3673 alio
1023 3616 1111 3671 die
1143 3616 1378 3670 futuram
1408 3614 1784 3683 quaestionem.
1827 3612 1965 3679 Quia
2011 3623 2192 3669 tamen

625 3711 851 3766 videtur
895 3724 1007 3764 non
1054 3707 1248 3763 inscita
1297 3705 1681 3777 percontatio,
1740 3704 2188 3773 respondeamus.

628 3803 872 3857 Dicimus
904 3814 1056 3870 ergo.
1092 3814 1203 3852 non
1254 3798 1336 3851 sic
1374 3811 1564 3851 revera
1599 3795 1799 3850 habere
1839 3794 2189 3860 aﬂirmantes,

625 3907 809 3960 neque
843 3898 905 3945 ιιι
949 3899 1198 3944 nostrum
1230 3887 1493 3941 duntaxat
1523 3900 1832 3940 sermonem
1869 3893 2188 3949 teneamus;

620 3982 721 4037 sed
758 3989 818 4035 ut
850 3980 996 4051 quod
1019 3980 1260 4034 animum
1286 3977 1455 4032 subiit
1486 3977 1604 4031 sine
1628 3977 1830 4031 invidia
1855 3979 2193 4048 aperiamus.

626 4089 836 4143 vosque
863 4072 932 4127 ad
955 4073 1229 4127 veriorem
1258 4069 1588 4125 solutionem
1626 4070 2008 4139 inquirendam
2038 4085 2193 4124 exer-

621 4178 849 4219 ceamus
883 4180 896 4216 :
930 4179 1094 4233 quam
1120 4163 1166 4215 si
1192 4160 1536 4225 inveneritis,
1559 4168 1779 4215 maneat
1798 4160 1913 4215 haec
1932 4160 2188 4225 obscura,

627 4267 731 4309 nec
753 4261 1029 4307 mereatur
1056 4248 1353 4306 conscribi.

2377 3074 2656 3129 Ἐντεῦθεν
2688 3074 2744 3128 δὲ
2770 3076 2902 3144 ἡμῖν
2945 3073 3153 3142 ἀνεφύη
3186 3072 3388 3142 μείζων
3410 3073 3444 3141 ἡ
3482 3072 3733 3141 ζήτησις,
3763 3070 3855 3124 καὶ

2295 3165 2602 3235 ὑπέκρουσέ
2627 3182 2710 3226 τις
2748 3165 2855 3217 τῶν
2909 3164 3292 3234 θερμοτέρων,
3332 3162 3393 3215 El
3438 3165 3495 3215 ὲν
3528 3162 3609 3230 τῷ
3646 3164 3852 3227 πλάτει,

2290 3253 2484 3322 λέγων,
2520 3254 2613 3308 τοῦ
2650 3254 2817 3325 μηνὸς
2859 3253 3141 3321 γεγονέναι
3175 3253 3338 3322 φησὶν
3368 3247 3520 3315 οὗτος
3558 3252 3651 3305 τὸν
3686 3256 3855 3308 ἀσπα-

2296 3348 2453 3418 σμὸν,
2484 3348 2602 3418 ἦτοι
2624 3348 2712 3402 τὸν
2739 3347 3158 3416 εὐαγγελισμδν,
3179 3347 3262 3411 τίς
3293 3348 3326 3417 ή
3353 3347 3764 3415 ἀποκλήρωσις,
3790 3349 3852 3415 τῇ

2295 3442 2533 3510 σήμερον
2594 3440 2752 3492 αὐτὸν
2807 3437 3213 3498 ἐπιτελεῖσθαι,
3268 3438 3521 3491 τουτέστι
3567 3442 3634 3507 τῇ
3686 3438 3852 3491 εἰκάδι

2295 3530 2542 3600 πέμπτῃ,
2579 3529 2673 3583 καὶ
2699 3529 2772 3600 μὴ
2795 3531 2851 3582 ὲν
2881 3528 3014 3600 ἄλλῃ
3055 3527 3147 3581 τοῦ
3182 3527 3349 3598 μηνὸς
3374 3527 3595 3598 ἡμέρας
3635 3529 3774 3598 Πρὸς
3799 3528 3852 3581 ὃν

2292 3620 2639 3688 ἑτοιμότατον
2682 3615 2750 3691 ἦν
2778 3621 2975 3682 εἰπεῖν,
3012 3622 3097 3673 ὅτι
3144 3619 3255 3672 Καὶ
3288 3620 3419 3689 περὶ
3446 3619 3613 3688 ἄλλης
3646 3620 3852 3688 ἡμέρας

2293 3712 2354 3765 τὸ
2402 3713 2535 3765 αὐτὸ
2581 3714 2866 3783 ἡπόρησας
2912 3712 2997 3766 ἄν.
3043 3709 3546 3780 ἳΑπολογησώμεθα
3596 3711 3641 3765 δ’
3686 3712 3848 3781 ὅμως,

2292 3802 2483 3871 ἐπειδὴ
2510 3803 2610 3856 οὐκ
2638 3803 2885 3871 ἄκομψον
2926 3803 3076 3855 δοκεῖ
3112 3798 3251 3855 εἴναι
3287 3800 3348 3854 τὸ
3372 3802 3731 3871 ἐπαπόρημα.
3758 3802 3852 3854 M-

2293 3907 2464 3958 γομεν
2493 3891 2573 3953 δὲ,
2602 3892 2662 3944 ού
2687 3890 3154 3961 διαϐεϐαιούμενοι
3179 3889 3353 3953 οὕτως
3381 3890 3527 3960 ἔχειν
3557 3890 3618 3945 τὸ
3645 3890 3849 3961 ἀληθὲς,

2291 3982 2402 4034 οὐδ’
2434 3980 2508 4044 ὡς
2559 3982 2718 4051 μόνον
2756 3982 2845 4051 τὸν
2894 3982 3102 4034 ἑαυτῶν
3138 3980 3296 4048 λόγον
3348 3982 3714 4050 κρατοῦντες·
3742 3981 3849 4035 ἀλλ’

2292 4071 2543 4137 ἀφθόνως
2562 4050 2569 4051 7
2589 4071 2650 4125 τὸ
2688 4050 2914 4124 ἐπελθὸν
2945 4072 3072 4142 ὑμῖν
3102 4071 3603 4139 ἀνακαλύπτοντες,
3630 4073 3725 4127 καὶ
3757 4090 3849 4141 γυ-

2295 4160 2588 4230 μνάζοντες
2650 4161 2795 4232 ὑμᾶς
2844 4159 2940 4231 τὴν
2994 4161 3358 4232 ἀληθεστέραν
3417 4162 3623 4233 ταύτης
3678 4164 3850 4231 ζητεῖν

2295 4252 2573 4305 ἐπίλυσιν·
2607 4252 2673 4322 ἢν
2707 4247 2847 4305 ὲπὰν
2922 4252 3143 4323 εὕρητε,
3176 4254 3356 4319 αἴολος
3396 4255 3539 4325 αὐτὴ
3570 4266 3599 4305 ι)
3629 4256 3846 4326 μενέτω.

2293 4344 2387 4397 καὶ
2421 4344 2545 4412 μηδ’
2574 4345 2711 4408 ὅλως
2738 4344 3010 4412 ἀξιούσθω
3047 4346 3290 4415 γραφῆς.

696 4429 761 4485 V.
804 4427 942 4484 Cum
994 4426 1088 4483 hic
1132 4424 1372 4482 mundus
1407 4434 1625 4480 creatus
1683 4425 1776 4490 sit,
1829 4439 1893 4478 ac
1946 4432 2189 4495 tempore

2367 4435 2597 4503 Γενητδς
2625 4434 2701 4489 ὢν
2727 4437 2754 4488 ὁ
2779 4438 2980 4504 κόσμος
3012 4430 3191 4501 οὗτος,
3221 4439 3312 4491 καὶ
3343 4438 3524 4510 χρόνῳ
3555 4440 3848 4509 μετρούμε-

625 4529 1003 4583 mensuretur,
1035 4520 1195 4589 plane
1223 4524 1443 4586 oportet
1473 4514 1743 4584 incepisse
1773 4514 1841 4568 ab
1865 4514 2052 4584 aliquo
2080 4530 2197 4569 mo-

627 4621 685 4666 tu
718 4629 732 4675 ;
756 4610 1092 4678 omninoque
1125 4607 1421 4676 temporale
1448 4605 1723 4675 quoddam
1746 4604 2073 4674 principium
2100 4605 2197 4658 ba-

626 4701 767 4755 buit.
813 4700 931 4755 Non
958 4699 1105 4754 enim
1137 4712 1238 4751 nos
1267 4696 1661 4765 sempiternum
1693 4694 1878 4749 dicere
1918 4695 2193 4758 novimus,

625 4808 728 4847 nec
757 4790 1017 4847 Ecclesiae
1065 4788 1183 4843 Dei.
1233 4786 1382 4842 Nihil
1421 4786 1625 4856 quippe
1657 4786 2055 4857 sempiternum
2087 4794 2192 4851 est,

623 4881 784 4951 cujus
816 4887 1000 4950 partes
1032 4876 1375 4947 corruptioni
1426 4891 1491 4931 ac
1534 4876 1826 4931 mutationi
1861 4876 2146 4947 subjacent
2178 4894 2191 4929 :

623 4971 851 5028 omnino
889 4978 1097 5034 autem,
1131 4969 1292 5041 cujus
1331 4975 1764 5040 corrumpuntur
1787 4978 1993 5039 partes,
2021 4976 2193 5023 totum

620 5077 843 5133 quoque
898 5061 1078 5133 ipsum
1109 5060 1452 5132 corruptioni
1482 5060 1781 5117 obnoxium
1812 5067 1917 5116 est.
1958 5058 2116 5127 Quod
2144 5061 2191 5114 si

618 5156 814 5212 mundi
848 5166 1035 5228 partes
1067 5156 1421 5225 corruptione
1450 5154 1751 5220 intereunt,
1794 5155 1987 5225 utique
2022 5152 2195 5208 inter-

619 5246 827 5306 iturum
872 5259 960 5306 est
985 5256 1044 5305 ct
1084 5257 1286 5304 totum.
1317 5247 1436 5303 Non
1466 5263 1598 5319 ergo
1628 5246 1872 5302 mundus
1895 5246 2187 5314 sempiter-

682 5406 732 5440 τ’
760 5406 894 5462 Luc.
928 5420 967 5473 ι,
987 5405 1078 5459 24.
1151 5405 1199 5436 ⁸⁵⁸
1227 5404 1359 5458 ibid.
1385 5404 1477 5469 26,
1551 5406 1595 5439 ⁸⁸
1628 5405 1761 5461 ibid.
1791 5404 1880 5461 56.

2292 4540 2402 4585 νος,
2432 4524 2537 4576 ἀπό
2560 4540 2706 4585 τινος
2734 4524 2950 4587 πάντως
2985 4527 3252 4590 κινήσεως
3275 4527 3497 4598 ἤρξατο·
3529 4529 3583 4581 τί
3625 4529 3667 4581 δ’
3700 4528 3759 4583 ἃ)
3786 4525 3847 4595 ἦν

2292 4614 2522 4684 χρονικὴ
2556 4614 2776 4677 πάντως
2825 4617 2996 4686 ἀρχῆς
3037 4617 3209 4670 ἀΐδιον
3241 4618 3348 4689 γὰρ
3390 4618 3558 4672 αὑτὸν
3593 4619 3768 4685 λέγειν
3792 4619 3844 4672 οὗ

2294 4706 2701 4775 μεμαθήκαμεν
2732 4708 2916 4777 ἡμεῖς,
2959 4708 3081 4762 οὐδὲ
3133 4711 3190 4762 αἱ
3226 4710 3545 4781 Ἑκκλησίαι
3576 4712 3672 4765 τοῦ
3701 4709 3843 4765 Θεοῦ.

2293 4795 2462 4848 Οὐδὲν
2488 4796 2598 4867 γάρ
2626 4798 2777 4851 ἐστιν
2806 4799 2999 4860 ἀΐδιον,
3032 4793 3094 4854 οὗ
3127 4800 3196 4854 τὰ
3230 4802 3370 4873 μέρη
3395 4803 3624 4873 φθοραῖς
3648 4805 3741 4859 καί
3762 4804 3844 4857 ἁλ-

2292 4882 2572 4938 λοιὼσεσιν
2601 4884 2907 4941 ὑπόκειται·
2938 4889 3075 4942 ἀλλὰ
3100 4891 3340 4956 πάντως,
3366 4886 3430 4948 οὒ
3452 4894 3521 4947 τὰ
3542 4896 3683 4964 μέρη
3712 4893 3846 4958 φθεί-

2297 4991 2504 5047 ρονται,
2531 4977 2693 5030 τοῦτο
2719 4978 2816 5032 καλ⁸
2836 4979 2895 5033 τὸ
2918 4980 3038 5033 ὅλον
3064 4981 3273 5053 φθορᾶς
3310 4984 3583 5040 δεκτικόν.
3612 4986 3675 5037 El
3699 4986 3753 5038 δὲ
3787 4984 3844 5037 τὰ

2293 5066 2437 5136 μέρη
2484 5066 2581 5121 τοῦ
2623 5069 2833 5137 κόσμου
2875 5070 3214 5142 φθείρονται,
3247 5072 3493 5144 δηλονότι
3528 5075 3624 5129 καὶ
3652 5077 3711 5130 τὸ
3737 5076 3842 5129 ὅλον

2290 5158 2652 5228 φθαρήσεται.
2706 5160 2917 5215 Οὐκοῦν
2967 5166 3068 5217 οὐκ
3118 5165 3308 5229 ἀΐδιος.
3347 5168 3410 5220 Ei
3452 5168 3498 5222 δ’
3544 5170 3645 5222 οὐκ
3670 5170 3838 5232 ἀίδιος,

2287 5248 2458 5319 ἀρχὴν
2499 5248 2626 5321 ἔσχε
2664 5249 2760 5305 τοῦ
2799 5248 2971 5322 εἶναι,
3003 5256 3099 5309 καὶ
3139 5256 3308 5329 ἀρχὴν
3347 5259 3635 5327 γενέσεως,
3665 5262 3693 5315 ὁ
3729 5258 3842 5329 ὀρόν

1905 5517 2135 5573 VARIE
2177 5517 2582 5578 LECTIONES.

685 5615 714 5659 ο
743 5608 924 5683 Αὐτὴ.
963 5609 1145 5678 Forte,
1182 5611 1338 5680 αὕτη.
