3914 6304
151 310 299 377 1381
937 308 1196 370 SERMO
1234 304 1325 370 II.
1363 332 1433 345 -
1477 309 1564 370 IN
1601 304 2300 371 ANNUNTIATIONEM
2337 308 2399 370 S.
2437 308 2725 369 MARUE.
3301 308 3439 375 13.22

153 436 335 495 μενος
361 417 589 489 κόσμος,
637 414 714 481 ὡς
753 414 1155 491 ἀποδέδεικται.
1186 415 1433 486 Δήποθιν
1475 415 1623 478 εἰκὸς
1652 411 1740 487 ἦν,

1848 429 1955 470 nus
2007 422 2112 470 est.
2163 414 2440 471 Si‘autem
2483 431 2595 472 non
2632 426 2719 473 est
2750 414 3087 487 sempiterna
3118 417 3293 475 oculis
3318 421 3438 478 haec

149 516 345 570 πάντα
365 516 424 568 ὲν
443 512 599 578 τάξει
618 513 712 565 καὶ
728 509 1049 581 δικαιοσύνῃ
1072 510 1359 574 κτίσασαν,
1376 514 1468 563 καὶ
1489 510 1740 581 δημιουρ-

1852 505 2096 577 subjecta
2138 506 2338 572 moles,
2394 506 2558 577 plane
2606 505 2803 564 habuit
2845 507 3179 578 principium
3220 525 3342 567 esse
3372 527 3438 568 ac

150 608 422 679 γήσασαν
471 604 567 658 τοῦ
611 602 747 657 Θεοῦ
796 602 1011 671 σοφίαν,
1043 601 1318 673 ἄρξασθαι
1353 603 1455 670 τῆς
1503 602 1740 670 δημηγο-

1853 598 2189 668 principium
2216 599 2541 658 creationis.
2568 608 2629 654 ut
2661 601 2953 670 probatum
2981 599 3104 655 fuit.
3142 594 3297 656 Unde
3323 603 3435 673 jam

154 699 293 773 ρίας
323 696 433 768 «κῆ
469 697 569 751 καὶ
600 696 777 766 ἀρχὴν
801 694 885 765 τῷ
906 694 1086 765 χρόνῳ
1116 693 1340 746 διδόναιο
1377 694 1501 745 ἐπεὶ
1527 694 1621 745 καὶ
1655 692 1753 745 αύ-

151 790 259 853 ut;
292 787 610 857 συνεισῆλθε
636 790 749 849 τοῖς
776 785 1098 852 κτίσμασινο
1134 784 1166 855 ἢ
1200 784 1262 847 ἐξ
1286 783 1531 853 ἰσότητος
1564 781 1747 844 εὐθὺς,

157 880 313 956 [καὶ]
355 882 455 951 τῆς
489 879 623 949 περὶ
664 878 732 931 τὰ
759 876 1158 948 διακρινόμενά
1182 875 1363 928 τεκαὶ
1393 872 1749 943 διαιρούμενα

154 972 261 1026 τοῦ
294 972 514 1026 δικαίου
549 978 596 1035 ι’,
633 968 729 1021 καὶ
761 969 859 1038 τῆς
911 969 989 1028 εἰς
1026 967 1196 1034 ἄκρον
1238 966 1579 1036 ἰσομοιρίας,
1622 966 1747 1037 ῆνή

153 1064 259 1118 τοῦ
312 1063 474 1134 ἔαρος
514 1062 658 1131 ἀρχὴ
706 1062 770 1112 ἐκ
813 1057 1037 1128 πρώτης
1084 1057 1267 1122 ἔλαϐε,
1313 1058 1407 1110 καὶ
1458 1059 1620 1127 μέχρι
1656 1056 1748 1109 νῦν

157 1155 302 1226 ἔχει,
337 1155 646 1222 γενέσεως·
698 1148 857 1219 ψύξει
912 1150 1007 1202 καὶ
1052 1151 1297 1217 καύματι
1330 1146 1747 1217 μεσιτευούσης,

157 1250 256 1300 καὶ
285 1245 690 1314 διαφευγούσης
725 1244 787 1295 τὺ
824 1244 882 1294 ἐν
911 1242 1159 1313 ἐκατέρῳ
1206 1240 1470 1308 λυπηρὸν,
1510 1242 1575 1309 τῇ
1613 1241 1749 1308 ἀμε·

155 1339 312 1409 τρίοι⁸
354 1333 471 1390 εἶτα
500 1335 563 1388 τὸ
592 1334 777 1387 πλεῖον
817 1333 893 1402 τῷ
932 1335 1074 1403 φωτὶ
1103 1331 1199 1385 καὶ
1235 1331 1313 1401 τῷ
1356 1330 1600 1401 ἡμερινῷ
1637 1330 1752 1383 δια-

159 1432 405 1500 στήματι
432 1427 820 1498 χαριζομένης,
846 1426 939 1478 καὶ
960 1423 1436 1495 συλαγω[γού]σης
1462 1424 1526 1476 τὸ
1555 1425 1750 1488 σκότος

156 1523 303 1591 πρὸς
334 1520 513 1589 φωτὸς
534 1519 911 1589 ἐπικράτειαν.
942 1516 1092 1569 Ἔδει
1115 1517 1246 1585 γὰρ,
1272 1515 1383 1568 ἔδει
1400 1515 1461 1568 τὸ
1489 1515 1624 1583 φῶς,
1652 1515 1746 1569 τοῦ

158 1612 389 1673 σκότους
451 1609 708 1682 κριθῆναι
751 1605 1106 1677 τιμιώτερον,
1170 1606 1323 1659 Ἐπεὶ
1383 1604 1446 1658 τδ
1493 1605 1591 1675 μὲν
1650 1606 1747 1675 οὐχ

157 1706 492 1775 ὑφίσταται·
532 1703 593 1756 τὸ
633 1702 691 1755 δὲ
719 1699 915 1772 πρώτῃ
949 1696 1085 1751 θεοῦ
1130 1700 1305 1767 φωνῇ,
1345 1697 1420 1766 μὴ
1458 1695 1517 1748 ὃν
1550 1696 1745 1766 πρότε-

1851 702 1951 756 par
1975 698 2115 753 erat,
2150 700 2210 744 ut
2248 691 2345 745 Dei
2382 691 2656 761 sapientia
2695 708 2813 763 quae
2850 693 3111 748 universa
3138 694 3335 750 ordine
3372 712 3437 753 ac

1845 778 2058 848 iustitia
2092 782 2305 836 creavit
2337 784 2715 854 condiditque,
2749 787 3088 841 creationem
3122 789 3435 854 inchoaret.

1851 886 1950 926 seu
2009 874 2174 927 etiam
2229 884 2447 945 tempus
2506 878 2756 933 initiaret
2805 895 2818 931 :
2877 894 3004 932 nam
3051 888 3106 932 et
3155 880 3273 949 ipse
3317 882 3441 950 pari

1850 976 1974 1016 cum
2006 965 2207 1021 creatis
2231 974 2481 1036 tempore
2513 969 2797 1040 ingressus
2823 978 2910 1024 est
2939 972 2955 1005 ί
2987 985 3188 1039 :quam
3218 973 3286 1025 ab
3320 973 3435 1042 ipsa

1850 1053 2037 1106 statim
2092 1057 2429 1123 aequalitate,
2475 1060 2623 1128 quod
2672 1060 2741 1116 ad
2797 1061 3326 1117 discriminationetn
3371 1080 3437 1120 ac

1850 1143 2179 1200 divisionem
2211 1150 2476 1219 temporis
2524 1160 2760 1221 spectat.
2794 1162 2958 1221 atque
3001 1171 3031 1208 a
3060 1170 3274 1208 summa
3305 1172 3434 1225 par-

1850 1235 1987 1289 tium
2011 1238 2406 1307 aequabilitate,
2433 1258 2597 1312 quam
2621 1244 2768 1298 veris
2788 1245 3008 1298 initium
3034 1259 3065 1297 a
3083 1246 3258 1314 prima
3284 1262 3438 1301 crea-

1853 1328 2001 1382 tione
2029 1329 2243 1395 habuit,
2272 1330 2651 1403 hactennsque
2685 1335 2853 1389 habet
2889 1352 2904 1388 :
2940 1336 3120 1390 media
3149 1337 3239 1390 illa
3270 1338 3438 1408 frigo-

1852 1419 1929 1472 ris
1956 1427 2013 1474 et
2041 1433 2227 1487 aestus,
2263 1439 2327 1477 ac
2390 1426 2537 1493 quod
2588 1436 2744 1495 parte
2782 1435 3018 1497 utraque
3048 1444 3274 1483 excessu
3313 1446 3433 1485 mo-

1848 1509 2048 1564 lestum
2081 1522 2184 1573 est,
2214 1515 2456 1582 fugiente
2481 1532 2493 1567 :
2523 1531 2756 1585 quaeque
2788 1518 3140 1586 postmodum
3173 1522 3295 1588 plus
3321 1522 3435 1575 luci

1850 1600 2060 1655 tribuat
2101 1602 2320 1671 dicique
2350 1605 2550 1673 spatio.
2592 1619 2655 1657 ac
2685 1607 2943 1661 tenebras
2983 1608 3338 1678 depraedetur
3362 1612 3431 1665 ad

1849 1691 1989 1747 lucis
2017 1693 2330 1750 victoriam.
2374 1697 2539 1751 Plane
2582 1699 2729 1780 enim
2764 1701 3059 1769 oportebat
3119 1712 3177 1757 ut
3206 1721 3316 1774 pra!
3350 1714 3431 1760 te-

157 1814 280 1870 ρον,
302 1797 518 1865 γέγονε.
552 1794 648 1847 καὶ
678 1790 1040 1862 ἐμαρτυρήθη
1072 1789 1200 1858 περὶ
1227 1787 1393 1840 αὑτοῦ
1425 1788 1502 1839 ὅτι
1530 1790 1740 1840 καλὸν.

1853 1784 2039 1840 nebris
2088 1786 2178 1840 lux
2234 1787 2415 1856 potior
2476 1775 2811 1854 haberetur,
2857 1792 3133 1862 siquidem
3191 1796 3435 1851 tcnebm

170 1885 421 1941 Ἐκεῖθεν
438 1884 535 1938 καὶ
551 1883 769 1954 πρῶτον
797 1879 942 1950 μῆνα
964 1879 1180 1947 λέγουσι
1203 1875 1398 1929 τοῦτον
1414 1877 1465 1929 οἱ
1479 1874 1742 1944 Ἑϐραῖοι,

157 1976 372 2031 ἄνωθεν
402 1977 554 2039 ἴσως,
585 1976 678 2028 καὶ
725 1976 788 2026 ὲκ
827 1973 1112 2040 πατέρων,
1146 1969 1242 2022 καὶ
1266 1968 1352 2021 διὰ
1386 1967 1664 2028 Μωῦσέως
1687 1966 1746 2020 δὲ

156 2068 593 2138 νομοθετηθέντα
635 2067 853 2128 αὐτοῖς·
897 2064 961 2116 '0
1001 2061 1121 2131 μὲν
1152 2062 1263 2129 γὰρ
1314 2055 1515 2124 οὗτος,
1553 2059 1741 2129 φησὶν,

153 2161 318 2217 ἔστω
353 2159 493 2229 ὑμῖν
534 2157 767 2226 πρῶτος
808 2157 879 2211 ἐν
929 2154 1052 2220 τοῖς
1103 2151 1257 2223 μησὶ
1305 2152 1412 2205 τοῦ
1442 2149 1741 2214 ἐνιαυτοῦ,

153 2250 221 2304 ὃν
252 2251 349 2302 καὶ
371 2247 536 2318 μῆνα
566 2248 708 2300 νέον
736 2253 757 2280 ³
798 2243 931 2314 ἄλλῃ
974 2261 1079 2296 που
1111 2240 1371 2311 ὀνομάζει
1410 2240 1437 2290 ὁ
1480 2242 1740 2308 Μωῦσῆς,

153 2342 366 2412 νεαρᾶς
402 2339 630 2401 κτίσεως
658 2336 876 2407 ἀρχῆς,
922 2336 1019 2387 καὶ
1051 2332 1163 2386 τῶν
1204 2332 1265 2398 ἐξ
1308 2333 1484 2403 ἀρχῆς
1515 2331 1746 2402 γενομέ-

154 2448 290 2493 νων,
333 2430 463 2483 ὄντα
505 2429 876 2499 μνημόσυνον.
913 2426 972 2477 Ὀ
998 2424 1054 2476 δὲ
1085 2427 1183 2476 καὶ
1218 2426 1283 2475 ὲκ
1315 2423 1569 2492 πατέρων
1602 2436 1742 2493 παρ-

155 2519 357 2572 έλαϐεν
402 2517 575 2588 ἀρχὴν
606 2516 807 2569 εἰδέναι
856 2515 1048 2584 χρόνου
1082 2512 1177 2565 τὸν
1210 2512 1357 2582 μῆνα
1393 2511 1606 2565 τοῦτον.
1656 2513 1743 2565 Ἐν

152 2614 271 2675 τοῖς
300 2611 430 2680 περῖ¹
457 2608 849 2674 κατακλυσμοῦ
903 2605 1093 2674 σαφῶς
1125 2604 1456 2675 εὑρίσκομεν
1484 2601 1741 2673 δεύτερον

158 2705 311 2776 μῆνα
334 2704 424 2758 τὸν
458 2682 597 2774 μετὰ
618 2702 711 2755 τὸν
736 2701 947 2754 Νισσὰν
965 2699 1283 2768 λεγόμενον.
1309 2698 1466 2752 Οὕτω
1484 2699 1591 2769 γὰρ
1612 2699 1744 2770 παρ’

153 2796 346 2857 αὐτοῖς
374 2795 403 2846 ὁ
434 2792 650 2864 πρῶτος
681 2790 1007 2861 ὀνομάζεται
1047 2790 1174 2859 μὴν,
1204 2791 1232 2842 ὁ
1262 2788 1412 2858 παρὰ
1455 2788 1554 2858 μὲν
1606 2789 1742 2842 Ῥω·

159 2885 346 2955 μαίοις
389 2883 685 2954 Ἀπρίλιος,
713 2881 863 2953 παρὰ
893 2881 950 2933 δὲ
985 2880 1270 2935 Μακεδόσι
1295 2878 1584 2943 Ξανθικός.
1616 2880 1742 2951 Ἐρ-

159 2975 458 3046 μηνεύεται
486 2975 543 3027 δὲ
578 2975 810 3038 Mam,
846 2976 879 3027 ό
908 2972 1126 3026 ἀνθῶν.
1158 2972 1339 3026 Νίσσα
1368 2972 1479 3044 γὰρ
1518 2971 1736 3040 λέγεται

1848 1892 1959 1929 non
2006 1878 2317 1932 subsistunt
2361 1896 2374 1930 :
2408 1879 2501 1932 lux
2535 1889 2741 1945 autem,
2776 1897 2899 1935 cum
2932 1883 3084 1951 prius
3125 1900 3233 1939 non
3261 1897 3430 1950 esset,

1847 1968 2023 2036 prima
2071 1969 2165 2023 Dei
2214 1986 2348 2025 voce
2379 1972 2601 2025 condita
2634 1983 2718 2027 est
2748 1973 2812 2037 δ’,
2849 1973 3152 2043 habuitque
3185 1978 3433 2031 testimo-

1846 2058 2022 2122 nium,
2053 2060 2245 2115 bonam
2271 2078 2396 2115 esse.
2425 2062 2563 2116 Hinc
2584 2063 2748 2116 etiam
2778 2064 3013 2134 primum
3048 2066 3255 2121 Hebraei
3287 2068 3432 2122 hunc

1846 2166 2091 2206 mensem
2122 2152 2342 2217 dicunt;
2375 2153 2504 2207 olim
2542 2163 2697 2222 puto,
2735 2171 2799 2209 ac
2833 2172 2898 2210 et
2919 2157 3194 2219 Palribus,
3220 2173 3430 2228 perque

1844 2242 2064 2313 Moysen
2089 2244 2209 2311 ejus
2235 2244 2317 2298 eis
2342 2244 2551 2298 sancita
2578 2245 2868 2315 religione.
2900 2246 2994 2300 Hic
3019 2249 3193 2308 enim.
3224 2250 3424 2319 inquit,

1844 2336 2035 2388 mensis
2080 2336 2146 2388 sit
2177 2337 2315 2388 vobis
2358 2336 2560 2405 primus
2592 2336 2647 2389 in
2683 2338 2941 2391 mensibus
2972 2340 3102 2392 anni
3140 2340 3184 2371 ⁸³
3217 2356 3230 2392 :
3261 2357 3334 2409 qu
3372 2357 3423 2395 m

1842 2427 2007 2480 etiam
2051 2427 2286 2496 quodam
2324 2427 2432 2481 alio
2472 2428 2594 2481 loco
2647 2427 2860 2498 Moyses
2900 2446 3129 2483 mensem
3172 2447 3427 2487 novorum

1843 2514 1979 2569 dicit
2011 2515 2075 2575 ⁸⁸⁵,
2110 2525 2366 2584 tanquam
2404 2533 2560 2571 novae
2598 2518 2897 2572 creationis
2926 2519 3203 2590 principii.
3232 2538 3296 2576 ac
3335 2537 3426 2577 co-

1843 2622 1964 2659 rum
1997 2622 2117 2676 qua:
2149 2609 2309 2663 initio
2344 2608 2489 2662 facta
2519 2617 2671 2671 sunt,
2702 2611 3043 2664 memoriale.
3077 2611 3182 2667 Sed
3227 2621 3282 2667 et
3316 2614 3362 2668 is
3394 2630 3425 2669 a

1843 2696 2096 2752 Patribus
2121 2699 2356 2767 accepit,
2389 2709 2720 2754 utmensetn
2776 2700 2941 2755 istum
2990 2715 3180 2758 nosset
3220 2705 3427 2773 princi-

1840 2789 1992 2858 pium
2028 2791 2312 2857 temporis.
2347 2791 2491 2846 Sane
2534 2792 2589 2845 in
2621 2793 2813 2846 diluvii
2854 2792 3089 2849 historia
3119 2790 3171 2828 ’⁸³
3211 2798 3424 2867 perspi-

1840 2893 1942 2933 cue
1993 2894 2313 2949 expres<nm
2366 2882 2712 2937 invenimus.
2759 2884 3097 2953 appellatum
3141 2899 3262 2940 esse
3293 2902 3420 2942 eum

1838 2986 2083 3026 mensem
2105 2973 2431 3036 secundum,
2457 2976 2548 3042 qui
2577 2977 3142 3045 consequiturNisan.
3163 2978 3253 3034 Sic
3272 2982 3420 3035 enim

157 3069 293 3140 παρ’
342 3068 613 3137 Ἑϐραίοις
641 3069 702 3118 τὸ
735 3066 914 3128 ἄνθος.
954 3066 1108 3136 Τάχα
1158 3065 1214 3118 δὲ
1262 3066 1353 3118 καὶ
1389 3067 1417 3118 ὁ
1447 3064 1729 3129 Ξανθικὸς,

1846 3061 1986 3130 apud
2022 3077 2118 3117 eos
2154 3062 2369 3132 primus
2406 3065 2612 3119 mensis
2644 3067 2977 3135 appellatur,
3003 3068 3098 3137 qui
3133 3069 3275 3138 apud
3307 3070 3419 3123 Ro-

168 3155 413 3218 ’Λνθικὸς
444 3157 769 3226 >.έγεται,τῇ
791 3155 1075 3227 προσθήκῃ
1112 3158 1571 3226 προσαγορευθεὶς
1600 3157 1732 3210 Ξανς

156 3247 328 3311 θικός.
366 3249 489 3301 Εἴτε
525 3248 582 3301 δὲ
619 3247 1004 3310 Ἀνθικὸς,είτε
1033 3244 1314 3314 Ξανυικὶς,
1350 3249 1414 3303 ὲκ
1442 3249 1541 3319 τῆς
1571 3251 1629 3302 ἐν
1657 3249 1735 3318 τῷ

156 3337 283 3409 ἀέρι
320 3336 661 3407 ἐξανθήσεως
695 3335 853 3389 τοῦτο
880 3335 1234 3405 χρηματίζει.

1844 3167 2036 3206 manos
2082 3152 2286 3206 dicitur
2342 3152 2591 3222 Aprilis,
2651 3154 2795 3224 apud
2860 3165 3042 3210 autem
3095 3157 3422 3214 Macedones

1839 3244 2171 3298 Xanthicus.
2197 3245 2371 3300 Porro
2397 3246 2563 3300 Nisan
2599 3248 2899 3327 exponitur
2929 3252 3125 3320 ﬂorens
3162 3268 3176 3303 :
3215 3253 3421 3322 quippe

1837 3335 1966 3389 Nisa
2021 3335 2166 3404 apud
2216 3334 2476 3390 Hebraeos
2522 3335 2622 3393 llos
2657 3339 2965 3407 appellatur
2993 3353 3039 3394 ιι.
3070 3342 3232 3397 Forte
3288 3358 3421 3397 vero

157 3426 326 3483 etiam
386 3425 717 3490 Xanthicus,
759 3425 1033 3482 Anthicus
1079 3424 1266 3480 Greece
1338 3424 1563 3487 dicitur,
1610 3424 1665 3479 id
1709 3433 1794 3480 est
1831 3422 2097 3488 ﬂoridus,
2146 3424 2456 3494 adjectione
2512 3427 2708 3482 litterae
2739 3428 2785 3482 Χ
2831 3430 2905 3485 ita
2938 3433 3263 3502 appellatus.
3292 3434 3421 3491 Sive

112 3578 124 3583 _
159 3528 346 3575 autem
402 3520 696 3586 Anthicus,
748 3520 863 3575 sive
917 3521 1224 3576 Xantlticus
1271 3537 1282 3572 :

230 3618 440 3674 Οὐκοῦν
480 3619 697 3689 πρῶτος
734 3617 840 3687 μήν
878 3618 1027 3670 ἐστιν
1061 3618 1088 3669 ὁ
1115 3617 1223 3669 ἀπὸ
1264 3615 1553 3687 ἰσημερίας
1592 3616 1738 3685 ἐαρι-

158 3710 258 3777 νῆς
301 3712 624 3778 ἀρχόμενος,
661 3708 822 3776 φύσει
874 3708 1090 3778 πρῶτος
1141 3708 1429 3777 ὑπάρχων,
1478 3705 1554 3769 ὠς
1595 3707 1736 3776 ἀρχὴ

161 3800 375 3870 χρόνου,
411 3803 477 3871 τῇ
511 3799 621 3852 τῶν
653 3799 823 3852 ὀντων
852 3801 1158 3869 παραγωγῇ
1188 3795 1734 3868 συνδημιουργηθεις.

164 3889 319 3943 Ἐστι
347 3889 403 3944 δὲ
441 3890 727 3962 ίσημερία,
763 3890 844 3943 ὅτι
867 3889 1311 3960 ούδὲν“ἀπομένει
1354 3889 1737 3961 προῡπάρχον-

158 3994 249 4040 τος
276 3978 469 4048 χρόνου
508 3978 696 4048 μόριον
749 3979 807 4030 ὲν
838 3977 913 4047 τῷ
959 3978 1168 4047 ἡλιακῷ
1215 3978 1420 4048 δρόμῳ,
1455 3981 1520 4048 τῇ
1561 3976 1734 4031 εἰκάδι

159 4067 435 4142 [πέμπτῃ]
474 4070 569 4122 τοῦ
608 4069 877 4139 Μαρτίου,
917 4069 1036 4141 ἦτοι
1076 4071 1319 4140 Δύστρου
1354 4071 1541 4140 μηνός.
1579 4067 1734 4123 Οὕτω

157 4162 267 4231 γὰρ
293 4161 388 4214 καὶ
432 4162 596 4233 μέχρι
640 4162 879 4232 σήμερον
905 4161 1230 4232 συμφθάνει.
1262 4162 1349 4215 ὅτε
1377 4163 1409 4232 ἡ
1443 4162 1733 4232 τετραετία

1337 3536 1405 3574 ex
1440 3519 1607 3583 aeris,
1643 3535 1765 3589 qua:
1805 3528 1936 3573 tunc
1967 3525 2075 3583 est,
2106 3518 2505 3576 emorescentia
2527 3521 2599 3576 ita
2636 3535 3010 3594 nuncupatur.

1914 3612 2005 3668 Vl.
2036 3612 2226 3682 Itaque
2260 3614 2473 3683 primus
2517 3617 2725 3672 mensis
2767 3619 2837 3673 ab
2874 3621 3206 3690 aequinoctio
3250 3643 3420 3683 verno

1843 3703 2061 3773 incipit,
2086 3703 2299 3773 primus
2335 3712 2534 3759 natura
2576 3707 2868 3773 cxsistens,
2902 3720 3159 3782 tanquam
3207 3718 3421 3785 princi-

1841 3793 1993 3861 pium
2022 3793 2307 3862 temporis,
2346 3808 2454 3848 una
2481 3809 2604 3849 cum
2638 3809 2824 3851 rerum
2861 3799 3226 3868 productione
3270 3821 3423 3860 creao

1841 3892 1949 3937 tus.
1987 3884 2144 3937 Tunc
2188 3899 2317 3939 vero
2367 3893 2454 3939 est
2489 3886 2903 3955 aequinoctium,
2934 3906 3060 3945 cum
3094 3893 3233 3947 nihil
3283 3911 3421 3964 prae-

1840 3973 2164 4030 exsistentls
2207 3977 2476 4046 temporis
2522 3990 2775 4033 remanet
2816 3979 2871 4033 in
2899 3980 3063 4035 solari
3095 3999 3288 4048 cursu,
3329 3988 3421 4042 die

1839 4067 2098 4121 vicesima
2131 4066 2308 4121 Martii
2346 4069 2459 4124 sive
2512 4070 2693 4141 Dystri
2725 4072 2953 4127 mensis.
2989 4072 3079 4131 Sic
3108 4077 3255 4131 enim
3292 4078 3423 4134 hac-

1841 4166 2000 4213 tenus
2059 4175 2282 4230 quoque
2326 4162 2571 4216 occurrit
2615 4178 2740 4217 cum
2806 4167 3231 4236 quadriennium
3304 4170 3416 4226 bis-

156 4253 251 4306 τοῦ
278 4254 575 4322 λεγομένου
607 4252 885 4323 βισέξτου,
922 4254 1002 4318 είς
1040 4253 1255 4306 τελείαν
1291 4253 1507 4325 ἡμέραν
1551 4256 1732 4323 ἀπαρ-

1846 4251 1998 4315 sexti,
2041 4253 2189 4321 quod
2221 4262 2441 4319 vocant,
2476 4254 2531 4308 in
2563 4254 2710 4310 diem
2744 4257 3049 4327 perfectum
3078 4271 3287 4316 motum
3323 4263 3422 4317 ab-

154 4344 292 4410 τίζει
322 4348 423 4416 τὴν
464 4347 702 4416 κίνησιν.
750 4347 837 4398 Ἐν
868 4347 975 4416 γὰρ
1004 4349 1113 4409 τοῖς
1142 4346 1323 4409 ἄλλοις
1353 4346 1529 4415 τρισὶν
1562 4344 1727 4409 ἔτεσι,

156 4435 242 4490 διὰ
265 4437 324 4489 τὸ
349 4439 686 4509 ὲναπομένον
704 4436 987 4506 τέταρτον,
1006 4438 1196 4490 οὐκέτι
1221 4439 1286 4507 τῇ
1306 4435 1484 4490 εἰκάδι
1507 4476 1521 4499 ,
1572 4435 1731 4508 [ἀλλὰ

151 4553 157 4559 ⁴
227 4577 507 4647 ηοεηη,
541 4581 595 4639 3.
670 4581 1129 4644 "Exod.xn,2.
1204 4580 1252 4613 ιε
1278 4579 1452 4635 Exod.
1487 4594 1601 4646 xm,
1664 4579 1716 4633 ιι.

1839 4344 2020 4398 solvit.
2059 4345 2117 4399 ln
2150 4345 2274 4400 aliis
2305 4345 2453 4401 enim
2491 4346 2668 4401 tribus
2701 4349 2882 4418 annis,
2914 4360 3140 4422 propter
3164 4362 3418 4422 quartam

1838 4436 2138 4504 residuam,
2176 4454 2285 4493 non
2323 4439 2434 4511 jam
2464 4439 2748 4507 vicesima,
2796 4441 2893 4498 sed
2925 4442 3185 4498 vicesima
3217 4444 3416 4515 prima,

1814 4577 1861 4611 ⁸⁸
1882 4577 2019 4634 Gen.
2047 4596 2141 4644 vn,
2176 4581 2261 4634 Η.

1259 4718 1495 4778 VARI/ﬁ
1529 4717 1916 4775 LECTlONES
1953 4720 2039 4774 ET
2078 4721 2312 4777 NOTAE.

248 4848 276 4889 ιι
323 4841 545 4923 Δηιιητ.
577 4841 709 4913 Leg.
745 4840 1127 4923 δημιουργία-ς.

1238 4848 1262 4878 τ
1290 4838 1551 4892 Amator).
1580 4836 1771 4900 Forte,
1803 4836 2022 4906 καιροῦ.

2130 4843 2154 4871 ³
2189 4835 2364 4908 Νέον.
2401 4835 2549 4908 Lego
2595 4838 2750 4908 νέων.
2835 4837 2855 4874 ί
2897 4838 3029 4895 Pari
3069 4855 3186 4893 cum
3225 4839 3415 4893 «satis

160 4905 687 4980 temper-(ingressui
737 4905 833 4966 est.
860 4905 1186 4978 Συνεισῆλθε
1216 4909 1673 4980 τοῖςμκΑτίσμα-σιν.
1704 4907 1740 4961 P

1846 4905 1941 4960 bra
1977 4905 2096 4980 haec
2123 4919 2187 4980 ac
2225 4906 2367 4961 bona
2397 4907 2465 4980 ad
2488 4905 2876 4980 conjecturam
2902 4925 2917 4963 :
2947 4908 3096 4980 haud
3126 4923 3257 4963 vero
3280 4908 3416 4980 satis

162 4975 315 5050 om
343 4978 413 5033 ad
442 4975 741 5035 historiam
773 4997 786 5035 :
816 4990 879 5036 ut
914 4980 1000 5034 vel
1031 4975 1086 5035 si
1103 4975 1356 5048 concepti
1377 4975 1608 5050 Joannis
1633 4976 1915 5050 oraculum
1958 4975 2281 5050 dederimus
2308 4975 2618 5050 contigisse
2633 4994 2744 5050 quo
2766 4979 2858 5034 die
2886 4979 3045 5050 ponit
3069 4978 3410 5050 Anastasius,

159 5047 529 5120 deincepsque
556 5059 721 5106 sexto
744 5065 933 5107 mense
958 5065 1023 5105 ac
1043 5064 1112 5120 eo
1140 5043 1401 5120 currente
1429 5048 1636 5120 laetam
1664 5043 2007 5120 Dominicam
2040 5043 2542 5120 annuntiationem.
2563 5043 2711 5120 nulla
2738 5050 2860 5120 ejus
2885 5043 3035 5120 certa
3061 5049 3179 5120 dies
3208 5043 3413 5120 signari

158 5115 497 5191 p_ossit.'Nee
524 5120 665 5176 forte
700 5120 793 5191 qui
826 5121 992 5191 primi
1029 5119 1102 5176 25
1141 5120 1235 5174 illa
1283 5118 1465 5191 Martii
1502 5115 1886 5191 celebrandam
1922 5124 2281 5191 censuerunt,
2316 5118 2528 5173 certius
2561 5118 2724 5191 aliud
2760 5115 2925 5191 quam
2958 5119 3054 5174 hic
3088 5115 3415 5191 Anastasius

158 5184 448 5258 signiticet,
488 5184 845 5247 habuerunt?
876 5191 1122 5260 satisque
1155 5189 1349 5260 luerit,
1381 5188 1467 5243 sic
1512 5187 1624 5260 pic,
1656 5201 1722 5241 ac.
1744 5200 1813 5241 eo
1860 5184 2226 5242 fundamento
2266 5202 2592 5260 persuasum
2637 5184 2932 5260 habuisse.
2962 5197 3104 5260 tunc
3145 5202 3269 5260 esse
3303 5189 3416 5260 lfac-

160 5267 287 5320 tam,
319 5270 378 5314 ut
426 5261 520 5315 illo
556 5260 906 5382 potissimum
951 5258 1043 5315 die
1082 5258 1433 5315 recolendam
1479 5258 1761 5312 sancirent
1799 5273 1812 5310 :
1851 5266 2042 5311 contra
2076 5272 2217 5326 quos
2257 5259 2398 5314 male
2437 5258 2700 5328 Scaliger.
2743 5258 3046 5315 Beroaldus
3093 5275 3161 5314 ac
3204 5258 3418 5313 similes

160 5336 453 5382 novatorcs
481 5329 549 5382 de
576 5331 845 5382 :laterant.
888 5328 1177 5382 Conscutit
1216 5328 1505 5382 Anastasio
1539 5336 1736 5382 auctor
1774 5326 2153 5382 Quaestionum
2210 5326 2284 5381 ad.
2322 5327 2658 5382 Antiochum
2690 5337 2890 5382 (tuaest.
2938 5329 3008 5382 54
3053 5330 3200 5382 inter
3243 5344 3413 5382 onera

576 5349 585 5381 ι

158 5336 453 5383 novatorcs
481 5329 549 5384 de

593 5331 845 5384 laterant.
888 5328 1177 5384 Conscutit
1216 5328 1505 5383 Anastasio
1539 5336 1736 5383 auctor
1774 5326 2153 5392 Quaestionum
2210 5326 2284 5381 ad.
2322 5326 2658 5383 Antiochum

2690 5337 2890 5398 quaest.
2938 5329 3008 5384 54
3053 5330 3200 5385 inter
3243 5344 3413 5398 opera

156 5397 458 5469 Athanasii,
496 5415 658 5466 quem
690 5408 870 5454 tamen
913 5400 1086 5467 liquet
1119 5414 1314 5468 magno
1347 5399 1649 5463 Athanasio
1677 5412 1819 5469 esse,
1840 5398 2193 5469 sequiorem.
2253 5405 2279 5433 ιι
2314 5396 2522 5469 Quippe
2553 5398 2686 5453 Nisa
2713 5396 2869 5469 apud
2894 5398 3139 5454 Hebra’os
3177 5396 3414 5469 ποδήρη-

120 5508 123 5511 λ
158 5467 402 5541 pellatur.
441 5471 625 5541 Voluit
654 5470 1007 5541 forledicere
1033 5469 1213 5541 Nisur.
1255 5469 1365 5522 Nec
1394 5469 1544 5541 enim
1571 5469 1700 5541 Niso
1732 5467 2479 5541 videturulleltraicumVaut
2509 5467 3035 5541 sigttiﬁcare'ﬂorem
3060 5467 3204 5541 rut:
3230 5477 3415 5523 autem

158 5537 405 5593 redditur
464 5539 622 5603 ἄνθος
654 5555 681 5593 a
710 5539 977 5610 iLXX.et
1017 5555 1046 5593 a
1079 5539 1237 5609 Vulg.
1265 5541 1383 5610 ﬂos,
1418 5539 1521 5593 lsa.
1559 5556 1634 5603 χι,
1684 5540 1743 5610 l,
1776 5538 1872 5592 ulli
1908 5538 2001 5610 alii
2034 5554 2270 5610 germen,
2312 5540 2404 5592 alii
2450 5537 2693 5593 surculus
2722 5557 2739 5593 :
2777 5541 2938 5608 longe
2972 5548 3151 5595 tamen
3193 5540 3298 5593 hoc
3330 5548 3414 5610 est

158 5623 189 5663 a
237 5619 363 5697 tota,
422 5625 532 5680 quo
572 5609 794 5665 nomine
834 5609 1073 5679 primum
1113 5607 1275 5663 illum
1306 5625 1550 5665 mensem
1594 5609 1890 5679 appellant.
1922 5607 2296 5675 Quamobrem
2327 5610 2518 5666 verius
2545 5610 2790 5677 videtur,
2828 5607 2980 5680 quod
3014 5612 3312 5665 adnotatur
3343 5608 3413 5662 ad

158 5716 273 5774 eam
299 5719 487 5756 vocem
514 5702 572 5757 in
593 5703 879 5757 Thesauro
908 5703 1158 5774 Pagnini.
1184 5720 1306 5759 esse
1332 5702 1602 5774 ejusmodi
1650 5702 1924 5757 mensium
1949 5701 2178 5758 nomina
2217 5716 2249 5757 a
2275 5701 2530 5758 barbaris
2577 5709 2829 5773 accepta,
2864 5717 2991 5759 eum
3017 5717 3128 5758 non
3157 5703 3412 5774 legantur

158 5771 259 5829 nisi
298 5773 353 5828 in
396 5774 556 5831 libris
580 5774 805 5845 scriptis
841 5775 897 5829 in
935 5771 1277 5844 captivitate,
1318 5771 1375 5828 et
1407 5772 1786 5827 rabbinorum.
