4054 6312
559 245 692 307 1383

1668 240 1729 299 S.
1769 238 2168 299 ANASTASII
2212 241 2684 302 ANTIOCHENI

3682 231 3830 297 138i

557 364 718 423 atque
741 351 878 406 adeo
895 348 1130 420 quadam
1153 347 1524 417 inaequalitate
1559 345 1953 415 :equinoetium
1974 346 2124 414 ejus.

2246 351 2288 417 ςῇ
2323 348 2500 401 εἰκάδι
2525 347 2576 419 τ]
2607 345 2818 420 πρώτῃ,
2850 346 2940 400 καὶ
2967 343 3055 398 διὰ
3079 343 3236 400 τοῦτο
3263 343 3567 414 ἀνωμάλως
3611 361 3829 398 καταν-

560 441 706 496 modi
733 439 994 494 occurrit.
1025 437 1298 504 Deinceps
1336 445 1519 489 autem
1565 451 1665 488 ver
1705 436 1916 504 incipit,
1949 436 2133 490 omnia

560 532 744 586 statim
767 532 823 586 in
855 529 1140 600 pulchram
1164 525 1457 597 quamdam
1485 540 1548 579 ac
1570 525 1864 595 genitalem
1895 527 2132 597 speciem

561 631 934 676 transmutans
987 633 1052 672 ac
1091 633 1338 671 movens.
1381 615 1666 686 Siquidem
1712 631 1845 670 vero
1895 617 2013 671 lucc
2059 617 2132 670 ita

561 712 788 776 habent,
817 708 1006 764 mundi
1057 707 1297 762 visibilis
1351 708 1592 778 primum
1647 715 1830 762 ortum
1874 708 2136 762 vicesima

561 804 652 858 die
685 800 888 855 mensis
931 799 1108 853 Martii
1145 799 1524 870 intelligimus.
1573 797 1708 852 Nam
1741 809 1928 854 creata
1957 800 2135 854 omni-

561 911 635 950 no
676 892 852 948 creari
897 891 1144 962 oportuit
1174 893 1548 962 pulcherrima
1587 892 1716 952 anni
1761 900 2086 962 tempestate
2119 910 2131 944 :

561 985 713 1055 atqui
749 1000 845 1041 ver
891 983 1266 1052 pulcherrima
1321 992 1407 1038 est
1458 991 1845 1052 tempestatum
1893 984 2044 1049 anni,
2079 990 2139 1036 ut

565 1075 680 1144 ipse
709 1073 927 1128 abunde
965 1079 1199 1126 testatur
1231 1088 1447 1127 sensus.
1473 1071 1739 1128 Videmus
1771 1072 1916 1127 enim
1948 1087 2048 1141 per
2082 1071 2137 1126 id

568 1149 800 1235 tempus,
833 1165 1040 1220 moveri
1074 1165 1257 1220 omnia
1291 1172 1351 1218 ut
1379 1179 1612 1219 numero
1643 1180 1708 1219 ac
1736 1165 1879 1219 mole
1900 1179 2140 1234 augean-

565 1270 675 1323 tur,
713 1259 950 1328 primum
988 1258 1123 1312 illud
1155 1257 1472 1335 mandatum
1519 1257 1752 1312 reverita
1787 1275 1800 1310 :
1839 1255 2064 1312 Crescite
2091 1265 2140 1310 et

565 1348 993 1419 multiplicamini
1015 1349 1080 1402 ⁸⁶.
1110 1347 1166 1402 Si
1201 1347 1423 1417 quidem
1449 1363 1579 1418 ergo
1611 1348 1981 1416 pulcherrima
2009 1348 2138 1402 anni

567 1448 952 1508 tempestatum
987 1453 1155 1492 verna
1195 1445 1301 1502 est,
1337 1435 1639 1506 incipitque
1667 1437 1758 1490 illa
1794 1437 1864 1490 ab
1890 1435 2142 1506 equino-

563 1531 695 1594 ctio,
721 1528 942 1600 Quando
965 1529 1107 1582 Deus
1131 1527 1336 1596 incepit
1364 1541 1450 1580 res
1471 1541 1676 1588 creare,
1703 1540 1828 1579 cum
1862 1525 2140 1579 hominem

563 1620 652 1672 die
687 1628 837 1672 sexta
863 1616 1172 1681 creaverit;
1208 1617 1369 1685 plane
1397 1615 1759 1684 intelligimus
1788 1614 1960 1668 fuisse
1989 1629 2142 1668 crea-

2232 440 2302 509 τᾷ
2350 441 2382 509 ἡ
2429 439 2709 509 ἰσημερία.
2749 437 2908 506 Ἑξῆς
2957 437 3181 508 ἄρχεται
3230 435 3292 488 τὸ
3327 436 3449 507 ἔαρ,
3485 433 3828 506 μεταποιῶν

2234 530 2329 583 καὶ⁵
2368 529 2555 584 κινοῦν
2585 527 2789 592 εὐθέως
2820 528 3038 582 ἅπαντα
3069 527 3203 598 πρὸς
3229 522 3424 588 κάλλος
3453 527 3550 578 καὶ
3575 527 3822 593 γένεσιν.

2234 623 2298 676 El
2332 621 2503 676 ταῦτα
2538 621 2711 684 οὕτως
2751 619 2864 690 ἔχει
2884 661 2900 686 ,
2937 617 3114 690 ἀρχὴν
3144 617 3238 670 τοῦ
3267 616 3552 688 ὁρωμένου
3581 617 3824 686 κόσμου,

2233 715 2334 786 τὴν
2388 713 2580 767 εἰκάδα
2634 712 2730 765 τοῦ
2765 710 3026 780 Μαρτίου
3085 709 3254 781 μηνὸς
3318 707 3824 778 καταλαμϐάνομεν

2234 801 2396 860 εῖναι.
2442 805 2516 858 Τὸ
2563 805 2672 874 γὰρ
2721 803 3062 874 γεννώμενον
3088 811 3140 868 .7,
3190 803 3250 854 ἐν
3291 803 3359 872 τῇ
3389 801 3664 872 καλλίστῃ
3713 800 3824 853 τῶν

2234 895 2392 966 ὡρῶν
2423 893 2530 947 ἔδει
2564 893 2823 962 γενέσθαι
2861 893 3079 954 πάντως
3100 908 3114 922 ο
3140 891 3400 960 καλλίστη
3431 892 3491 944 δέ
3519 889 3628 944 τῶν
3658 891 3823 960 ὡρῶν

2235 986 2403 1049 ἐστιν,
2451 985 2485 1054 ἡ
2528 984 2623 1038 τοῦ
2675 983 2854 1054 ἔαρος,
2897 981 2974 1045 ὡς
3029 981 3168 1051 αὐτὴ
3215 983 3491 1050 μαρτυρεῖ
3537 982 3572 1050 ή
3618 979 3822 1050 αἴσθη-

2237 1093 2342 1140 σις.
2369 1074 2614 1148 Ὀρῶμεν
2653 1075 2760 1146 γὰρ
2791 1075 2968 1127 πάντα
2998 1073 3134 1144 πρὸς
3165 1071 3484 1140 πληθυσμδν
3522 1070 3618 1124 καὶ
3649 1069 3820 1141 αὔξη-

2245 1185 2332 1221 σιν
2351 1163 2472 1218 τότε
2491 1159 2809 1230 κινούμενα,
2826 1160 2886 1210 τ’)
2910 1159 3124 1228 πρῶτον
3145 1156 3442 1228 αἰδούμενα
3465 1158 3823 1228 πρόσταγμα.

2239 1257 2587 1326 Αῠξὰνεσθε
2621 1252 2718 1306 καὶ
2762 1251 3164 1315 πληθύνεσθε.
3202 1249 3263 1301 El
3291 1249 3388 1303 οὖν
3415 1249 3680 1316 καλλίστη
3719 1248 3828 1299 τῶν

2241 1347 2400 1416 ὡρῶν
2431 1345 2638 1414 ἐστινὴ
2670 1343 2882 1415 ἐαρινὴ.
2915 1342 3146 1412 ἄρχεται
3180 1340 3236 1394 δὲ
3267 1341 3377 1394 ἀπὸ
3409 1339 3724 1410 ἰσημερίας,
3760 1339 3822 1390 ἐν

2238 1435 2272 1516 ᾖ
2306 1441 2414 1492 τῶν
2444 1440 2748 1508 γεγονότων
2785 1439 2964 1509 ἔργων
2993 1435 3280 1508 ἀπὴρξατο
3322 1437 3351 1488 ὁ
3395 1433 3551 1499 Θεὸς,
3583 1437 3651 1503 τῇ
3683 1433 3822 1504 ἕκτῃ

2237 1530 2426 1601 ἡμέρα
2463 1529 2876 1600 δημιουργήσας
2905 1527 2996 1580 τὸν
3022 1526 3333 1595 ἄνθρωπον,
3361 1526 3462 1595 τὴν
3488 1523 3583 1578 τοῦ
3611 1522 3822 1594 ἀνδρώ-

2244 1637 2347 1673 που
2380 1621 2594 1688 ποίησιν
2624 1622 2690 1688 τῇ
2733 1617 2909 1672 εἰκάδι
2941 1615 3059 1690 [καὶ
3105 1617 3337 1688 πέμπτῃ
3368 1615 3417 1686 ι]
3448 1613 3545 1668 τοῦ
3572 1614 3819 1682 Μαρτξου

567 1719 682 1764 tum
713 1709 992 1762 hominem
1020 1706 1108 1760 die
1139 1705 1398 1760 vicesima
1444 1705 1639 1774 quinta
1666 1705 1878 1758 mensis
1908 1703 2085 1771 Martii
2125 1719 2138 1755 :

2248 1710 2418 1780 μηνὸς
2445 1709 2878 1780 κατειλήφαμενο
2915 1709 3050 1780 ἓκτη
3091 1711 3199 1782 γάρ
3226 1711 3373 1762 ἐστιν
3407 1709 3515 1762 ἀπὸ
3545 1710 3642 1778 τῆς
3670 1708 3821 1761 εἰκά-

563 1801 771 1872 quippe
799 1808 950 1853 sexta
979 1807 1066 1852 est
1091 1814 1122 1852 a
1155 1797 1436 1862 vicesima,
1463 1796 1724 1851 vicesima
1747 1797 1962 1866 quinta.

635 1891 750 1945 VII.
782 1889 917 1944 Cum
940 1890 1057 1943 haec
1078 1889 1262 1957 itaque
1293 1889 1374 1942 sic
1401 1888 1664 1948 habeant.
1686 1903 1851 1958 quam
1883 1887 1989 1942 sibi
2027 1902 2144 1942 ma-

565 1983 650 2053 gis
679 1981 865 2036 decuit
899 1979 1131 2035 delinire
1165 1979 1311 2033 diem
1345 1995 1452 2048 qua
1483 1994 1542 2034 se
1575 1979 1730 2034 carni
1759 1979 2140 2048 conjungerct,

567 2073 660 2142 qui
687 2072 964 2126 hominem
988 2087 1018 2124 a
1043 2071 1314 2140 principio
1341 2069 1640 2125 formarat?
1668 2070 1724 2124 Si
1750 2069 1976 2139 quidem
1997 2068 2144 2124 enim

567 2165 765 2218 lubens
816 2171 1042 2232 propter
1075 2169 1319 2215 nostram
1362 2161 1598 2216 salutem
1635 2161 1868 2216 servivit
1897 2160 2048 2215 carni
2080 2175 2145 2215 ac

568 2254 847 2308 nativitati
879 2253 1198 2324 nostrisque
1244 2253 1356 2308 illis
1385 2251 1797 2313 affectionibus,
1825 2259 2009 2306 tentos
2043 2265 2146 2305 nos

569 2345 674 2400 sub
716 2354 944 2414 peccato
987 2344 1361 2410 liberaturus;
1395 2344 1556 2415 plane
1601 2359 1698 2413 par
1730 2351 1870 2400 erat.
1922 2350 1983 2397 ut
2029 2341 2146 2412 ipsa

569 2437 660 2492 die
697 2436 1005 2508 compactio
1037 2437 1444 2507 au3picaretur,
1493 2451 1601 2506 qua
1633 2434 1930 2505 incepisset
1964 2432 2146 2488 homi-

569 2541 701 2581 num
747 2524 977 2580 creatio.
1037 2525 1164 2580 Fuit
1201 2524 1478 2595 siquidem
1527 2522 1808 2578 secundus
1859 2521 2032 2577 Adam
2078 2522 2145 2586 ⁸⁷,

567 2617 831 2674 omnibus
851 2617 1128 2686 susceptis
1143 2631 1262 2686 qua:
1291 2616 1495 2687 prioris
1513 2622 1721 2680 essent,
1747 2613 1912 2668 modo
1935 2621 2146 2668 tantum

571 2716 860 2778 peccatum
894 2709 1140 2777 excipias
1165 2707 1232 2762 ⁸³.
1263 2707 1420 2772 Quod
1477 2707 1522 2761 si
1565 2706 1844 2770 omnibus,
1885 2721 2148 2775 quorsum

573 2803 681 2854 hoc
710 2815 879 2854 unum
919 2799 1228 2868 negligeret
1251 2837 1265 2858 .
1313 2797 1575 2852 nimirum
1611 2797 1984 2868 generationis
2015 2807 2150 2851 tem-

573 2908 697 2962 pus,
729 2890 875 2960 quod
913 2891 1076 2961 plane
1109 2891 1230 2961 ejus
1279 2889 1336 2944 in
1371 2904 1546 2960 genus
1583 2888 1870 2943 hominum
1913 2889 2149 2958 sapienti

574 2983 985 3054 dispensatione
1019 2981 1444 3052 haudquaquam
1481 2979 1766 3050 indignum
1795 2981 1980 3035 esset?
2009 2979 2150 3034 Sane

572 3077 738 3132 etiam
771 3087 902 3132 tunc
933 3075 1226 3131 reformari
1265 3074 1494 3130 decebat
1529 3075 1741 3145 peccati
1770 3089 1946 3138 reum,
1976 3091 2148 3146 quan-

573 3166 645 3219 do
675 3166 948 3221 formatus
977 3165 1177 3220 fuerat.

645 3259 782 3312 Vill.
823 3257 1094 3324 Quocirca
1149 3258 1268 3327 ipsa
1305 3259 1430 3322 die,
1477 3259 1665 3314 Missus
1709 3269 1783 3314 est
1818 3260 2036 3316 Gabriel
2068 3261 2145 3324 ⁸⁹,

575 3349 752 3404 Γωειθ
773 3348 984 3418 Virgini
1017 3350 1393 3419 incorruptam
1419 3349 1762 3406 nativitatem
1790 3353 2146 3414 annuntians,

574 3442 736 3509 eique
773 3441 1014 3494 futuram
1043 3441 1162 3511 ejus
1191 3455 1294 3510 ope
1333 3443 1592 3512 gentibus
1625 3445 1858 3498 salutem
1891 3460 2152 3513 przenun-

578 3531 722 3584 tians
761 3548 772 3582 :
807 3529 1048 3599 dumque
1085 3530 1308 3585 interim
1350 3531 1441 3586 ille
1487 3534 1723 3600 salutat,
1772 3535 1994 3588 Verbum
2024 3550 2150 3588 caro

576 3623 775 3689 factum
803 3631 876 3674 est
900 3621 968 3684 ὀ,
1007 3621 1324 3690 figmentum
1356 3623 1683 3690 reformans,
1718 3624 1865 3696 quod
1898 3641 2004 3679 una
2025 3639 2150 3679 cum

578 3714 798 3784 maligni
832 3705 1108 3783 serpentis
1131 3715 1485 3770 sermonibus
1517 3717 1825 3787 ingressum
1861 3724 2148 3786 peccatum

575 3807 914 3877 eorruptioui
963 3806 1265 3860 obnoxium
1317 3805 1527 3862 fecerat
1561 3825 1572 3860 :
1607 3823 1671 3862 ac
1705 3807 1848 3862 sicut
1873 3822 1971 3876 per
1994 3805 2152 3861 femi-

575 3914 704 3952 nam
742 3914 892 3953 mors
933 3906 1156 3954 causata
1194 3905 1300 3964 est,
1333 3899 1415 3954 sic
1445 3899 1691 3968 oportuit
1724 3898 2030 3969 dispensari
2061 3913 2150 3954 sa-

574 3991 747 4045 lutem
781 4005 880 4060 per
911 3989 1190 4044 feminam.
1234 3989 1338 4044 Per
1369 3989 1516 4042 illam
1551 3989 1833 4059 deceptam
1871 3989 2152 4059 voluptate

573 4097 770 4137 omnes
824 4084 1028 4136 mortui
1081 4097 1274 4137 sumus
1298 4082 1342 4114 ἰ
1384 4082 1516 4154 (per
1563 4081 1705 4138 hanc
1749 4080 2036 4136 viviticati-
2055 4097 2152 4136 su-

577 4169 778 4242 mus!)
815 4189 828 4225 :
858 4187 968 4226 non
997 4188 1062 4226 ea
1093 4181 1305 4226 tantum
1346 4170 1681 4240 accipientes
1708 4185 1739 4224 a
1762 4168 1964 4239 quibus
2002 4169 2152 4224 exci-

574 4265 856 4328 deramus.
889 4265 984 4320 sed
1018 4264 1178 4335 longe
1219 4265 1425 4335 majora
1458 4279 1520 4319 ac
1563 4263 1912 4334 pretiosiora,
2023 4281 2148 4336 quae

2240 1802 2328 1865 δος
2352 1803 2386 1872 ἡ
2421 1801 2646 1870 πέμπτη
2675 1799 2768 1854 καὶ
2791 1801 2966 1854 εἰκάς.
3001 1795 3030 1816 ⁸

2313 1893 2536 1946 Τούτων
2571 1891 2755 1956 οὕτως
2775 1891 3034 1962 ἐχόντων,
3079 1891 3239 1946 ποίαν
3275 1891 3384 1944 ἔδει
3426 1890 3645 1963 ἡμέραν
3687 1891 3820 1962 dipl-

2245 1999 2334 2036 σαι
2367 1981 2568 2052 ἐαυτῷ,
2618 1982 2755 2052 πρὸς
2795 1981 2859 2034 τὸ
2904 1980 3298 2052 συμπλακῆναι
3341 1982 3506 2051 σαρκὶ
3539 1981 3634 2034 τὸν
3665 1980 3824 2050 ἐξαρ·

2243 2074 2344 2144 χῆς
2365 2074 2686 2129 πεπλακότα
2713 2073 2803 2126 τὸν
2833 2073 3158 2142 ἄνθρωπονς
3193 2073 3254 2127 Εἰ
3283 2075 3394 2145 γὰρ
3421 2073 3510 2127 διὰ
3537 2074 3640 2142 τὴν
3669 2075 3824 2144 ἡμῶν

2247 2165 2706 2236 σωτηρίαν’ἐκὼν
2751 2165 3035 2219 ἐδούλευσε
3083 2165 3250 2237 σαρκὶ
3282 2165 3379 2219 καὶ
3425 2166 3704 2237 γεννήσει,
3733 2165 3826 2218 καὶ

2247 2257 2444 2312 πάθεσι
2479 2259 2593 2322 τοῖς
2628 2257 2942 2328 ἡμετέροις,
2984 2257 3074 2309 ἵνα
3121 2259 3266 2328 ἡμᾶς
3311 2256 3733 2328 ἐλευθερώσειεν
3749 2257 3848 2309 imi

2245 2349 2346 2419 τῆς
2393 2348 2672 2420 ἁμαρτιας
2725 2349 3164 2420 κατεχομένουςο
3223 2351 3283 2402 ἐν
3334 2353 3400 2420 τῇ
3453 2349 3592 2421 αὐτῇ
3642 2349 3826 2420 ἡμέρᾳ

2247 2439 2490 2510 ἔπρεπεν
2523 2436 2793 2506 ἄρξασθαι
2823 2438 2923 2508 τῆς
2967 2438 3322 2510 συμπήξεως,
3374 2440 3432 2492 ἐν
3527 2441 3626 2492 καὶ
3663 2440 3826 2509 ἡμεῖς

2247 2529 2346 2600 τῆς
2367 2528 2685 2597 Ὗενέσεως.
2740 2527 3002 2598 Δεύτερος
3057 2529 3169 2598 γὰρ
3231 2528 3401 2599 ’ΔδΞιμ
3447 2529 3822 2600 ἐχρημάτισε,

2251 2619 2428 2672 πάντα
2460 2617 2527 2671 τά
2553 2616 2648 2670 τοῦ
2681 2620 2918 2688 πρὼκου,
2957 2617 3098 2688 πλὴν
3134 2619 3408 2690 ἁμαρτίας
3445 2620 3636 2689 μόνης,
3665 2636 3825 2672 κατα-

2249 2711 2564 2782 δεξάμενος.
2617 2713 2682 2765 El
2727 2713 2785 2766 δέ
2831 2713 3032 2778 πάντα,
3081 2713 3134 2765 τε
3189 2713 3348 2767 τοῦτο
3401 2715 3692 2789 παρεώρα,
3739 2715 3826 2768 τὺν

2252 2801 2440 2872 καιρὸν
2497 2802 2599 2871 τῆς
2657 2801 2822 2856 αὐτοῦ
2885 2803 3012 2874 περὶ
3067 2803 3222 2873 ἡμῶν
3283 2804 3455 2874 σοφῆς
3515 2805 3825 2874 οἱκονομξας

2252 2891 2472 2960 ἀληθῶς
2495 2891 2623 2944 εντα
2652 2892 2801 2957 ἄξιον
2825 2907 2840 2956 ;
2876 2892 2999 2944 τότε
3025 2892 3134 2964 γὰρ
3159 2893 3268 2946 ἔδει
3302 2893 3718 2966 ἀναπλασθῆναι
3737 2895 3825 2948 τὶν

2251 2983 2636 3054 ἡμαρτηκότα,
2669 2983 2758 3036 ὅτε
2785 2983 3050 3056 ἐπλάσθη.

2322 3252 2412 3304 Διδ
2446 3253 2502 3304 ἐν
2523 3251 2658 3322 αὖτῇ
2687 3251 2892 3324 ἡμέρᾳ,
2930 3252 3268 3322 ’.ἀπεστάλη
3300 3257 3332 3308 ὀ
3353 3255 3643 3324 Γαϐριὴλ,
3667 3257 3823 3323 εὐαγ-

2252 3334 2605 3410 γελιζόμενος
2634 3345 2698 3410 τῇ
2728 3343 2990 3412 Παρθένῳ
3019 3343 3120 3408 τὴν
3154 3343 3394 3414 ἄφθορον
3427 3345 3708 3416 γέννησιν,
3736 3346 3826 3399 καὶ

2249 3435 2353 3504 τὴν
2385 3434 2652 3503 ἐσομένην
2680 3437 2793 3496 τοῖς
2836 3435 3016 3488 ἔθνεσι
3051 3435 3126 3510 ¹δι’
3165 3435 3338 3507 αὐτῆς
3381 3439 3662 3510 σωτηρίαν
3695 3455 3824 3510 προ-

2251 3523 2642 3592 καταγγέλλων
2677 3524 2814 3594 αὐτῇ
2837 3541 2850 3556 ο
2884 3525 3001 3596 ἅμα
3029 3543 3087 3578 τε
3121 3526 3197 3596 τῷ
3229 3527 3528 3598 ἀσπασμῷ,
3571 3529 3626 3582 '0
3649 3531 3821 3598 λόγος

2250 3614 2408 3684 σὰρξ
2437 3614 2692 3684 ἐγένετο,
2725 3617 3089 3672 ἀναπλάττων
3131 3618 3193 3672 τὸ
3225 3620 3473 3690 πλάσμα,
3514 3621 3545 3675 ὂ
3581 3621 3822 3693 ἔφθειρεν

2251 3710 2286 3780 ἡ
2322 3709 2588 3780 ἁμαρτία,
2611 3711 2727 3774 τοῖς
2755 3711 2850 3764 τοῦ
2880 3711 3120 3782 πονηροῦ
3146 3712 3321 3780 ὅψεως
3351 3713 3533 3781 λόγοις
3561 3712 3829 3767 συνεισελο

2254 3800 2447 3856 θοῦσα.
2479 3801 2632 3856 Ἔδει
2653 3801 2784 3874 γὰρ,
2809 3801 2918 3858 ἔδει
2941 3803 3043 3873 τὴν
3072 3802 3521 3874 καταφθαρεῖσαν
3555 3803 3733 3873 σάρκα
3750 3802 3822 3872 τῷ

2254 3891 2510 3963 συριγμῷ
2537 3893 2633 3947 τοῦ
2661 3893 2860 3962 ὅψεως,
2887 3893 2964 3966 τῷ
2991 3891 3270 3964 ἀσπασμῷ
3299 3893 3395 3948 τοῦ
3428 3893 3666 3962 ἀγγέλου
3697 3893 3822 3966 πρὸς

2252 3985 2568 4054 ἀφθαρσίαν
2627 3985 2978 4040 ἐπανελθεῖν·
3041 3987 3132 4040 καὶ
3185 3985 3376 4058 ὥσπερ
3431 3987 3520 4040 διὰ
3575 3987 3822 4056 γυναικὸς

2253 4075 2534 4146 ἐνηργήθη
2564 4077 2593 4128 ὁ
2618 4073 2872 4139 Θάνατος,
2912 4074 3056 4128 οὕτω
3098 4074 3191 4128 διὰ
3237 4077 3500 4144 γυναικὸς
3540 4077 3823 4146 οἰκονομη-

2253 4168 2413 4238 θῆναι
2462 4167 2570 4222 ἔδει
2607 4169 2708 4239 τὴν
2754 4169 3048 4239 σωτηρίαν.
3101 4168 3180 4222 Δι’
3223 4169 3440 4240 ἐκείνην
3488 4171 3649 4242 ἡδονῇ
3697 4171 3823 4222 κλαο

2255 4263 2470 4325 πεῖσαν,
2503 4259 2854 4332 ἀπεθάνομεν
2888 4261 3121 4324 πάντες·
3154 4259 3262 4334 [διὰ
3292 4263 3498 4330 ταύτην
3529 4262 3822 4330 ἐζωοποιὴ-

575 4371 757 4425 neque
796 4355 1074 4410 humanus
1124 4355 1439 4410 intellectus
1476 4353 1649 4424 possit
1689 4353 2002 4424 concipere,
2047 4368 2144 4408 nec

2253 4349 2491 4423 θημενο]
2531 4349 2634 4405 ούκ
2681 4352 2866 4405 ἐκεῖνα
2917 4351 3076 4424 μόνον
3117 4351 3376 4415 λαϐόντες
3422 4345 3498 4406 ὧν
3549 4353 3822 4407 ἐκπεπτώο

576 4447 771 4502 oculus
800 4461 993 4502 eorum
1025 4449 1204 4502 valeat
1231 4447 1447 4516 assequi
1479 4446 1742 4516 speciem,
1775 4443 1870 4499 sed
1907 4453 1962 4498 et
1991 4444 2150 4498 audi-

578 4545 666 4589 tus
701 4533 846 4590 ferre
875 4533 1177 4604 nequeat".
1197 4531 1318 4588 Haec
1337 4548 1498 4602 quam
1513 4532 1744 4604 agimus,
1775 4533 2068 4588 celebritas
2086 4549 2152 4589 ac

576 4625 714 4681 festa
745 4625 884 4690 dies,
913 4641 1082 4680 sacra:
1114 4626 1339 4696 quidem
1377 4641 1442 4682 ac
1468 4625 1793 4680 veneranda:
1835 4626 1999 4694 hujus
2029 4627 2151 4681 Vir-

576 4715 720 4786 ginis
757 4715 1118 4772 Annuntiatio
1155 4727 1273 4783 est;
1324 4715 1512 4770 mundi
1556 4724 1738 4770 autern
1773 4715 2018 4772 universi
2052 4733 2150 4772 na-

575 4805 790 4862 talitius
817 4793 938 4861 dies
975 4823 988 4860 :
1020 4807 1224 4876 quippe
1264 4807 1519 4860 universa
1562 4821 1662 4862 suo
1697 4822 1930 4876 quaeque
1963 4808 2144 4863 ordini

575 4907 782 4953 asserta
803 4908 932 4953 sunt
953 4915 967 4965 ;
993 4899 1252 4969 priorque
1276 4897 1599 4954 deformitas
1626 4899 1880 4956 decorem
1903 4902 2140 4971 accepit.

573 4989 710 5055 Quia
740 4989 1002 5044 nimirum
1034 4988 1207 5044 nostri
1235 5004 1399 5044 causa
1432 4989 1630 5045 similis
1663 4990 1822 5045 nobis
1852 4989 2030 5046 factus
2074 4991 2146 5046 sit

645 5145 689 5176 ⁸⁵
711 5145 846 5202 Gen.
883 5164 920 5212 ι,
947 5146 1034 5200 28.
1115 5145 1160 5177 ⁸⁷
1185 5145 1205 5200 l
1226 5145 1354 5201 Cor.
1421 5161 1476 5210 v,
1506 5145 1594 5200 45.

572 5219 616 5253 ⁸³
639 5217 742 5272 lsa.
775 5234 917 5281 utr,
949 5217 1002 5270 4.

1704 5143 1751 5178 ⁸⁸
1776 5143 1942 5199 Hebr.
1989 5160 2060 5206 tv.
2098 5144 2184 5200 l5.
2263 5144 2306 5179 ”
2341 5145 2474 5199 Luc.
2510 5161 2548 5210 ι,
2579 5144 2670 5200 28.

2253 4459 2452 4512 καμεν,
2478 4441 2614 4496 ἀλλὰ
2643 4441 2824 4514 πολλῷ
2853 4440 3072 4514 μείζονα
3099 4443 3196 4498 καὶ
3225 4443 3622 4514 πλουσιώτερα,
3647 4443 3685 4498 ἃ.
3707 4443 3821 4505 νοῦς

2257 4535 2356 4606 μέν
2383 4533 2688 4606 ἀνθρώπων
2731 4535 3110 4606 φαντασθῆναι
3156 4535 3428 4598 ἀδυνατεῖ,
3467 4535 3820 4606 ὀφθαλμὲςδὲ

2251 4627 2352 4682 οὐκ
2391 4628 2694 4696 ἐφικνεῖται
2722 4627 2822 4696 τῆς
2855 4627 3018 4690 ἰδέας,
3046 4629 3229 4681 ἀτονεῖ
3258 4628 3312 4680 δὲ
3349 4629 3445 4681 καὶ
3474 4628 3614 4699 ἀκοὴ
3640 4629 3822 4681 07:983-

2253 4717 2468 4785 ξασθαι.
2511 4717 2731 4787 Ταύτην
2755 4719 2963 4788 ἄγομεν
2993 4719 3188 4786 ἑορτὴν
3236 4720 3330 4771 καὶ
3367 4719 3700 4794 πανήγυριν.
3733 4719 3818 4785 τῆξ

2254 4805 2352 4878 μὲν
2393 4807 2550 4876 ἁγίας
2599 4809 2692 4862 καὶ
2743 4811 2946 4880 σεμνῆς
2977 4811 3182 4882 ταύτης
3225 4810 3504 4880 Παρθένου
3545 4808 3816 4878 εὐαγγελι-

2251 4900 2411 4970 σμέιν,
2445 4901 2645 4965 παντὸς
2692 4902 2748 4955 δὲ
2789 4901 2882 4956 τοῦ
2938 4903 3145 4972 κόσμου
3189 4902 3434 4966 γενέσιον
3461 4919 3474 4933 °
3523 4904 3604 4957 ὅτι
3652 4903 3815 4956 πάντα

2250 4991 2330 5054 sl;
2353 4989 2506 5054 τάξιν
2533 4992 2903 5062 μετεποιήῡη·
2943 4994 3036 5046 καὶ
3079 4993 3287 5062 κόσμον
3331 4995 3364 5063 ἡ
3413 4995 3544 5064 πρὶν
3591 4993 3816 5063 ἀκοσμία

2784 5146 2832 5177 ’⁸
2864 5146 3019 5201 Joan.
3051 5164 3089 5204 ι.
3137 5147 3222 5203 ii.
3335 5147 3425 5200 "l
3455 5146 3586 5204 Cor.
3618 5163 3706 5215 xv,
3731 5146 3812 5203 9-9..

1673 5331 1907 5388 VARI/ﬁ
1948 5331 2333 5389 LECTIONES
2365 5331 2450 5386 ET
2484 5331 2710 5387 ΝΟΤᾸῦ.

641 5457 669 5487 ν
703 5449 880 5520 Ἀλλὰ
907 5450 979 5516 τῇ
1009 5450 1218 5505 εἰκάδι.
1250 5449 1407 5506 Addo
1435 5449 1552 5505 haec
1576 5450 1780 5520 clausa.
1860 5456 1886 5484 ι
1908 5447 2014 5520 Per
2033 5451 2170 5520 hanc
2187 5449 2436 5519 vwiﬁcatt
2467 5465 2668 5520 sumus.
2697 5449 2775 5505 Ita
2803 5448 3168 5520 supplendum
3189 5449 3392 5520 liquet,
3419 5465 3546 5507 cum
3575 5463 3644 5509 snt
3671 5466 3797 5508 cura

571 5518 766 5592 allusio
787 5519 1056 5592 ad‘locum
1081 5521 1101 5576 l
1133 5520 1260 5592 (ἔον.
1288 5535 1378 5592 xv,
1399 5519 1868 5592 21.7_A_dden_du_m_
1908 5519 2144 5592 videbam

2246 5518 2320 5576 vel
2355 5518 2747 5592 πιστεύσασαν,
2769 5519 2856 5592 vel
2885 5518 3396 5592 εὐαγγελισθεῖσαν,
3435 5531 3496 5578 ιιι
3529 5533 3672 5578 esset
3694 5537 3800 5592 per-

571 5589 710 5662 fecta
762 5589 1095 5662 antithesis,
1117 5590 1214 5644 sed
1258 5589 1410 5662 nolui
1443 5589 1579 5643 mihi
1606 5591 1688 5645 sic
1715 5589 2026 5662 indulgere.
2061 5589 2274 5662 Similia
2301 5589 2502 5662 passim
2527 5589 2702 5662 Graeci
2741 5589 2833 5644 alii
2884 5590 3075 5647 Patres
3109 5590 3163 5644 in
3189 5591 3308 5662 ejus
3343 5592 3454 5648 diei
3486 5588 3795 5648 laudatione.
3832 5588 3840 5597 '

573 5667 595 5706 1
621 5657 1029 5726 Γεννώμενον.
1059 5660 1240 5722 Forte,
1274 5659 1585 5728 γενόμενον.
1668 5669 1696 5696 ³
1723 5659 1830 5719 Καὶ
1857 5659 2117 5729 πέμπτῃ.

2246 5657 2315 5717 [1ο
2336 5659 2528 5716 isthmc
2567 5661 2753 5714 clausa
3218 5657 3230 5662 '
3800 5667 3808 5676 ’
