  <div class='ocr_page' id='page_1' title='image "/cluster/home/n/w/nwhite01/storage/ocr_20150623/89/pst.000005712953/709.png"; bbox 0 0 4054 6312; ppageno 0'>
   <div class='ocr_carea' id='block_1_1' title="bbox 531 2922 2179 3005">
    <p class='ocr_par' dir='ltr' id='par_1_1' title="bbox 531 2922 2179 3005">
     <span class='ocr_line' id='line_1_1' title="bbox 531 2922 2179 3005; baseline -0.002 -16"><span class='ocrx_word' id='word_1_1' title='bbox 531 2933 808 2990; x_wconf 80' lang='lat' dir='ltr'><strong>essentia</strong></span> <span class='ocrx_word' id='word_1_2' title='bbox 860 2948 983 3004; x_wconf 62' lang='lat' dir='ltr'><strong>quae</strong></span> <span class='ocrx_word' id='word_1_3' title='bbox 1040 2948 1261 2989; x_wconf 88' lang='lat' dir='ltr'><strong>omnem</strong></span> <span class='ocrx_word' id='word_1_4' title='bbox 1325 2932 1848 3005; x_wconf 89' lang='lat' dir='ltr'><strong>contemplationem</strong></span> <span class='ocrx_word' id='word_1_5' title='bbox 1900 2922 2179 3002; x_wconf 31' lang='lat' dir='ltr'><strong>superat,‘</strong></span> 
     </span>
    </p>
   </div>
   <div class='ocr_carea' id='block_1_2' title="bbox 572 245 1284 340">
    <p class='ocr_par' dir='ltr' id='par_1_2' title="bbox 572 245 1284 340">
     <span class='ocr_line' id='line_1_2' title="bbox 572 245 1284 340; baseline 0.003 -26"><span class='ocrx_word' id='word_1_6' title='bbox 572 245 708 314; x_wconf 70' lang='lat' dir='ltr'><strong>tm</strong></span> <span class='ocrx_word' id='word_1_7' title='bbox 1281 337 1284 340; x_wconf 19' lang='grc'>,</span> 
     </span>
    </p>
   </div>
   <div class='ocr_carea' id='block_1_3' title="bbox 637 364 1571 432">
    <p class='ocr_par' dir='ltr' id='par_1_3' title="bbox 637 364 1571 432">
     <span class='ocr_line' id='line_1_3' title="bbox 637 364 1571 432; baseline -0.002 -10"><span class='ocrx_word' id='word_1_8' title='bbox 637 366 818 422; x_wconf 82' lang='lat' dir='ltr'><strong>Catcc.</strong></span> <span class='ocrx_word' id='word_1_9' title='bbox 848 364 992 432; x_wconf 81' lang='lat' dir='ltr'><strong>Quid</strong></span> <span class='ocrx_word' id='word_1_10' title='bbox 1020 375 1108 424; x_wconf 90' lang='lat' dir='ltr'><strong>est</strong></span> <span class='ocrx_word' id='word_1_11' title='bbox 1139 366 1327 423; x_wconf 80' lang='lat' dir='ltr'><strong>Deus?</strong></span> <span class='ocrx_word' id='word_1_12' title='bbox 1538 384 1571 420; x_wconf 73' lang='grc' dir='ltr'>δ</span> 
     </span>
    </p>
   </div>
   <div class='ocr_carea' id='block_1_4' title="bbox 637 456 2155 531">
    <p class='ocr_par' dir='ltr' id='par_1_4' title="bbox 637 456 2155 531">
     <span class='ocr_line' id='line_1_4' title="bbox 637 456 2155 531; baseline 0.002 -17"><span class='ocrx_word' id='word_1_13' title='bbox 637 458 852 514; x_wconf 63' lang='grc' dir='ltr'><strong>(ἰατρεία.</strong></span> <span class='ocrx_word' id='word_1_14' title='bbox 881 456 938 512; x_wconf 90' lang='lat' dir='ltr'><strong>Si</strong></span> <span class='ocrx_word' id='word_1_15' title='bbox 981 457 1067 513; x_wconf 88' lang='lat' dir='ltr'><strong>vis</strong></span> <span class='ocrx_word' id='word_1_16' title='bbox 1112 474 1273 513; x_wconf 87' lang='lat' dir='ltr'><strong>nosse</strong></span> <span class='ocrx_word' id='word_1_17' title='bbox 1329 459 1464 529; x_wconf 84' lang='lat' dir='ltr'><strong>quid</strong></span> <span class='ocrx_word' id='word_1_18' title='bbox 1509 459 1581 516; x_wconf 93' lang='lat' dir='ltr'><strong>sit</strong></span> <span class='ocrx_word' id='word_1_19' title='bbox 1612 460 1760 516; x_wconf 90' lang='lat' dir='ltr'><strong>Deus</strong></span> <span class='ocrx_word' id='word_1_20' title='bbox 1794 469 1851 517; x_wconf 90' lang='lat' dir='ltr'><strong>et</strong></span> <span class='ocrx_word' id='word_1_21' title='bbox 1875 462 2155 531; x_wconf 89' lang='lat' dir='ltr'><strong>quomodo</strong></span> 
     </span>
    </p>
   </div>
   <div class='ocr_carea' id='block_1_5' title="bbox 457 534 2154 631">
    <p class='ocr_par' dir='ltr' id='par_1_5' title="bbox 457 534 2154 631">
     <span class='ocr_line' id='line_1_5' title="bbox 457 534 2154 631; baseline 0.005 -30"><span class='ocrx_word' id='word_1_22' title='bbox 457 534 468 582; x_wconf 68' lang='grc' dir='ltr'><strong><em>ἶ</em></strong></span> <span class='ocrx_word' id='word_1_23' title='bbox 569 551 642 606; x_wconf 75' lang='lat' dir='ltr'><strong>sit</strong></span> <span class='ocrx_word' id='word_1_24' title='bbox 688 550 1026 615; x_wconf 82' lang='lat' dir='ltr'><strong>adorandus,</strong></span> <span class='ocrx_word' id='word_1_25' title='bbox 1056 559 1267 631; x_wconf 65' lang='lat' dir='ltr'><strong>attente</strong></span> <span class='ocrx_word' id='word_1_26' title='bbox 1322 553 1595 621; x_wconf 82' lang='lat' dir='ltr'><strong>ausculta,</strong></span> <span class='ocrx_word' id='word_1_27' title='bbox 1636 563 1693 609; x_wconf 90' lang='lat' dir='ltr'><strong>et</strong></span> <span class='ocrx_word' id='word_1_28' title='bbox 1721 554 2009 631; x_wconf 63' lang='lat' dir='ltr'><strong>veritatem</strong></span> <span class='ocrx_word' id='word_1_29' title='bbox 2058 571 2154 610; x_wconf 79' lang='lat' dir='ltr'><strong>co-</strong></span> 
     </span>
    </p>
   </div>
   <div class='ocr_carea' id='block_1_6' title="bbox 502 622 2157 716">
    <p class='ocr_par' dir='ltr' id='par_1_6' title="bbox 502 622 2157 716">
     <span class='ocr_line' id='line_1_6' title="bbox 502 622 2157 716; baseline 0.002 -19"><span class='ocrx_word' id='word_1_30' title='bbox 502 646 503 649; x_wconf 67' lang='grc'><em>“</em></span> <span class='ocrx_word' id='word_1_31' title='bbox 570 658 795 712; x_wconf 78' lang='lat' dir='ltr'><strong>guosce.</strong></span> <span class='ocrx_word' id='word_1_32' title='bbox 840 643 1040 707; x_wconf 84' lang='lat' dir='ltr'><strong>Patris,</strong></span> <span class='ocrx_word' id='word_1_33' title='bbox 1088 622 1215 709; x_wconf 57' lang='lat' dir='ltr'><strong>Filii</strong></span> <span class='ocrx_word' id='word_1_34' title='bbox 1253 652 1311 699; x_wconf 89' lang='lat' dir='ltr'><strong>et</strong></span> <span class='ocrx_word' id='word_1_35' title='bbox 1365 644 1609 716; x_wconf 76' lang='lat' dir='ltr'><strong>Spiritus</strong></span> <span class='ocrx_word' id='word_1_36' title='bbox 1651 622 2038 701; x_wconf 39' lang='lat' dir='ltr'><strong>sancti‘unum</strong></span> <span class='ocrx_word' id='word_1_37' title='bbox 2068 652 2157 702; x_wconf 92' lang='lat' dir='ltr'><strong>est</strong></span> 
     </span>
    </p>
   </div>
   <div class='ocr_carea' id='block_1_7' title="bbox 568 728 2155 813">
    <p class='ocr_par' dir='ltr' id='par_1_7' title="bbox 568 728 2155 813">
     <span class='ocr_line' id='line_1_7' title="bbox 568 728 2155 813; baseline 0.003 -22"><span class='ocrx_word' id='word_1_38' title='bbox 568 735 890 799; x_wconf 82' lang='lat' dir='ltr'><strong>consilium,</strong></span> <span class='ocrx_word' id='word_1_39' title='bbox 933 728 1209 806; x_wconf 75' lang='lat' dir='ltr'><strong>sapientia</strong></span> <span class='ocrx_word' id='word_1_40' title='bbox 1260 752 1391 802; x_wconf 91' lang='lat' dir='ltr'><strong>una,</strong></span> <span class='ocrx_word' id='word_1_41' title='bbox 1446 738 1693 809; x_wconf 88' lang='lat' dir='ltr'><strong>potentia</strong></span> <span class='ocrx_word' id='word_1_42' title='bbox 1741 755 1867 813; x_wconf 17' lang='lat' dir='ltr'><strong>una.</strong></span> <span class='ocrx_word' id='word_1_43' title='bbox 1914 757 1929 792; x_wconf 89' lang='lat'><strong>:</strong></span> <span class='ocrx_word' id='word_1_44' title='bbox 1974 754 2155 809; x_wconf 81' lang='lat' dir='ltr'><strong>neque</strong></span> 
     </span>
    </p>
   </div>
   <div class='ocr_carea' id='block_1_8' title="bbox 569 826 2157 903">
    <p class='ocr_par' dir='ltr' id='par_1_8' title="bbox 569 826 2157 903">
     <span class='ocr_line' id='line_1_8' title="bbox 569 826 2157 903; baseline 0.002 -22"><span class='ocrx_word' id='word_1_45' title='bbox 569 843 717 882; x_wconf 85' lang='lat' dir='ltr'><strong>unus</strong></span> <span class='ocrx_word' id='word_1_46' title='bbox 733 826 960 896; x_wconf 84' lang='lat' dir='ltr'><strong>quidem</strong></span> <span class='ocrx_word' id='word_1_47' title='bbox 987 827 1203 882; x_wconf 75' lang='lat' dir='ltr'><strong>exstitit</strong></span> <span class='ocrx_word' id='word_1_48' title='bbox 1233 837 1364 884; x_wconf 84' lang='lat' dir='ltr'><strong>ante</strong></span> <span class='ocrx_word' id='word_1_49' title='bbox 1410 830 1632 893; x_wconf 65' lang='lat' dir='ltr'><strong>saecula,</strong></span> <span class='ocrx_word' id='word_1_50' title='bbox 1666 830 1810 885; x_wconf 89' lang='lat' dir='ltr'><strong>alter</strong></span> <span class='ocrx_word' id='word_1_51' title='bbox 1858 846 1993 886; x_wconf 86' lang='lat' dir='ltr'><strong>vero</strong></span> <span class='ocrx_word' id='word_1_52' title='bbox 2030 839 2157 903; x_wconf 85' lang='lat' dir='ltr'><strong>post</strong></span> 
     </span>
    </p>
   </div>
   <div class='ocr_carea' id='block_1_9' title="bbox 569 919 2158 992">
    <p class='ocr_par' dir='ltr' id='par_1_9' title="bbox 569 919 2158 992">
     <span class='ocr_line' id='line_1_9' title="bbox 569 919 2158 992; baseline 0.001 -17"><span class='ocrx_word' id='word_1_53' title='bbox 569 920 792 984; x_wconf 72' lang='lat' dir='ltr'><strong>steeula,</strong></span> <span class='ocrx_word' id='word_1_54' title='bbox 858 919 959 975; x_wconf 87' lang='lat' dir='ltr'><strong>sed</strong></span> <span class='ocrx_word' id='word_1_55' title='bbox 1019 920 1184 975; x_wconf 90' lang='lat' dir='ltr'><strong>simul</strong></span> <span class='ocrx_word' id='word_1_56' title='bbox 1241 920 1429 986; x_wconf 84' lang='lat' dir='ltr'><strong>Pater,</strong></span> <span class='ocrx_word' id='word_1_57' title='bbox 1470 930 1528 976; x_wconf 91' lang='lat' dir='ltr'><strong>et</strong></span> <span class='ocrx_word' id='word_1_58' title='bbox 1576 920 1773 985; x_wconf 87' lang='lat' dir='ltr'><strong>Filius,</strong></span> <span class='ocrx_word' id='word_1_59' title='bbox 1814 930 1874 977; x_wconf 91' lang='lat' dir='ltr'><strong>et</strong></span> <span class='ocrx_word' id='word_1_60' title='bbox 1912 920 2158 992; x_wconf 84' lang='lat' dir='ltr'><strong>Spiritus</strong></span> 
     </span>
    </p>
   </div>
   <div class='ocr_carea' id='block_1_10' title="bbox 569 1010 2152 1084">
    <p class='ocr_par' dir='ltr' id='par_1_10' title="bbox 569 1010 2152 1084">
     <span class='ocr_line' id='line_1_10' title="bbox 569 1010 2152 1084; baseline 0.002 -18"><span class='ocrx_word' id='word_1_61' title='bbox 569 1019 832 1066; x_wconf 87' lang='lat' dir='ltr'><strong>sanctus:</strong></span> <span class='ocrx_word' id='word_1_62' title='bbox 861 1010 1036 1067; x_wconf 89' lang='lat' dir='ltr'><strong>Filius</strong></span> <span class='ocrx_word' id='word_1_63' title='bbox 1070 1011 1126 1067; x_wconf 92' lang='lat' dir='ltr'><strong>in</strong></span> <span class='ocrx_word' id='word_1_64' title='bbox 1156 1012 1340 1076; x_wconf 90' lang='lat' dir='ltr'><strong>Patre,</strong></span> <span class='ocrx_word' id='word_1_65' title='bbox 1384 1021 1442 1068; x_wconf 91' lang='lat' dir='ltr'><strong>et</strong></span> <span class='ocrx_word' id='word_1_66' title='bbox 1476 1011 1717 1084; x_wconf 92' lang='lat' dir='ltr'><strong>Spiritus</strong></span> <span class='ocrx_word' id='word_1_67' title='bbox 1757 1014 1814 1068; x_wconf 90' lang='lat' dir='ltr'><strong>in</strong></span> <span class='ocrx_word' id='word_1_68' title='bbox 1862 1014 2022 1081; x_wconf 84' lang='lat' dir='ltr'><strong>Filio,</strong></span> <span class='ocrx_word' id='word_1_69' title='bbox 2058 1030 2152 1071; x_wconf 88' lang='lat' dir='ltr'><strong>eo-</strong></span> 
     </span>
    </p>
   </div>
   <div class='ocr_carea' id='block_1_11' title="bbox 570 1101 2157 1169">
    <p class='ocr_par' dir='ltr' id='par_1_11' title="bbox 570 1101 2157 1169">
     <span class='ocr_line' id='line_1_11' title="bbox 570 1101 2157 1169; baseline 0.004 -12"><span class='ocrx_word' id='word_1_70' title='bbox 570 1101 747 1163; x_wconf 60' lang='grc' dir='ltr'>ἣξει-οι</span> <span class='ocrx_word' id='word_1_71' title='bbox 777 1104 925 1158; x_wconf 88' lang='lat' dir='ltr'><strong>enim</strong></span> <span class='ocrx_word' id='word_1_72' title='bbox 954 1103 1072 1159; x_wconf 70' lang='lat' dir='ltr'><strong>haec</strong></span> <span class='ocrx_word' id='word_1_73' title='bbox 1090 1113 1322 1169; x_wconf 83' lang='lat' dir='ltr'><strong>natura;</strong></span> <span class='ocrx_word' id='word_1_74' title='bbox 1358 1104 1505 1161; x_wconf 90' lang='lat' dir='ltr'><strong>unde</strong></span> <span class='ocrx_word' id='word_1_75' title='bbox 1543 1122 1649 1162; x_wconf 89' lang='lat' dir='ltr'><strong>una</strong></span> <span class='ocrx_word' id='word_1_76' title='bbox 1678 1112 1765 1162; x_wconf 90' lang='lat' dir='ltr'><strong>est</strong></span> <span class='ocrx_word' id='word_1_77' title='bbox 1829 1115 2051 1169; x_wconf 81' lang='lat' dir='ltr'><strong>natura,</strong></span> <span class='ocrx_word' id='word_1_78' title='bbox 2099 1116 2157 1165; x_wconf 83' lang='lat' dir='ltr'><strong>et</strong></span> 
     </span>
    </p>
   </div>
   <div class='ocr_carea' id='block_1_12' title="bbox 572 1194 2150 1270">
    <p class='ocr_par' dir='ltr' id='par_1_12' title="bbox 572 1194 2150 1270">
     <span class='ocr_line' id='line_1_12' title="bbox 572 1194 2150 1270; baseline 0.006 -25"><span class='ocrx_word' id='word_1_79' title='bbox 572 1210 681 1253; x_wconf 85' lang='lat' dir='ltr'><strong>una</strong></span> <span class='ocrx_word' id='word_1_80' title='bbox 708 1194 894 1249; x_wconf 87' lang='lat' dir='ltr'><strong>Deitas</strong></span> <span class='ocrx_word' id='word_1_81' title='bbox 926 1211 940 1249; x_wconf 89' lang='lat'><strong>:</strong></span> <span class='ocrx_word' id='word_1_82' title='bbox 972 1194 1232 1251; x_wconf 88' lang='lat' dir='ltr'><strong>distincta</strong></span> <span class='ocrx_word' id='word_1_83' title='bbox 1284 1196 1509 1267; x_wconf 78' lang='lat' dir='ltr'><strong>quidem</strong></span> <span class='ocrx_word' id='word_1_84' title='bbox 1543 1196 1600 1251; x_wconf 91' lang='lat' dir='ltr'><strong>in</strong></span> <span class='ocrx_word' id='word_1_85' title='bbox 1658 1205 1770 1252; x_wconf 87' lang='lat' dir='ltr'><strong>tres</strong></span> <span class='ocrx_word' id='word_1_86' title='bbox 1807 1197 2150 1270; x_wconf 86' lang='lat' dir='ltr'><strong>bypostases,</strong></span> 
     </span>
    </p>
   </div>
   <div class='ocr_carea' id='block_1_13' title="bbox 568 1285 2151 1354">
    <p class='ocr_par' dir='ltr' id='par_1_13' title="bbox 568 1285 2151 1354">
     <span class='ocr_line' id='line_1_13' title="bbox 568 1285 2151 1354; baseline 0.003 -13"><span class='ocrx_word' id='word_1_87' title='bbox 568 1286 667 1342; x_wconf 88' lang='lat' dir='ltr'><strong>sed</strong></span> <span class='ocrx_word' id='word_1_88' title='bbox 703 1285 760 1341; x_wconf 90' lang='lat' dir='ltr'><strong>in</strong></span> <span class='ocrx_word' id='word_1_89' title='bbox 790 1286 1055 1342; x_wconf 89' lang='lat' dir='ltr'><strong>unitatem</strong></span> <span class='ocrx_word' id='word_1_90' title='bbox 1085 1302 1403 1354; x_wconf 87' lang='lat' dir='ltr'><strong>occurrens,</strong></span> <span class='ocrx_word' id='word_1_91' title='bbox 1435 1289 1628 1343; x_wconf 88' lang='lat' dir='ltr'><strong>habitu</strong></span> <span class='ocrx_word' id='word_1_92' title='bbox 1647 1290 1901 1345; x_wconf 72' lang='lat' dir='ltr'><strong>essentia:</strong></span> <span class='ocrx_word' id='word_1_93' title='bbox 1918 1291 2151 1347; x_wconf 83' lang='lat' dir='ltr'><strong>ratione.</strong></span> 
     </span>
    </p>
   </div>
   <div class='ocr_carea' id='block_1_14' title="bbox 570 1374 2156 1444">
    <p class='ocr_par' dir='ltr' id='par_1_14' title="bbox 570 1374 2156 1444">
     <span class='ocr_line' id='line_1_14' title="bbox 570 1374 2156 1444; baseline 0.005 -15"><span class='ocrx_word' id='word_1_94' title='bbox 570 1374 783 1430; x_wconf 85' lang='lat' dir='ltr'><strong>Idcirco</strong></span> <span class='ocrx_word' id='word_1_95' title='bbox 831 1376 1000 1431; x_wconf 83' lang='lat' dir='ltr'><strong>etiam</strong></span> <span class='ocrx_word' id='word_1_96' title='bbox 1029 1392 1154 1431; x_wconf 91' lang='lat' dir='ltr'><strong>eum</strong></span> <span class='ocrx_word' id='word_1_97' title='bbox 1211 1378 1431 1435; x_wconf 89' lang='lat' dir='ltr'><strong>Patrem</strong></span> <span class='ocrx_word' id='word_1_98' title='bbox 1489 1379 1749 1444; x_wconf 86' lang='lat' dir='ltr'><strong>dicimus,</strong></span> <span class='ocrx_word' id='word_1_99' title='bbox 1779 1392 1838 1436; x_wconf 89' lang='lat' dir='ltr'><strong>et</strong></span> <span class='ocrx_word' id='word_1_100' title='bbox 1865 1380 2059 1435; x_wconf 90' lang='lat' dir='ltr'><strong>Filium</strong></span> <span class='ocrx_word' id='word_1_101' title='bbox 2092 1397 2156 1437; x_wconf 91' lang='lat' dir='ltr'><strong>ac</strong></span> 
     </span>
    </p>
   </div>
   <div class='ocr_carea' id='block_1_15' title="bbox 569 1464 2158 1537">
    <p class='ocr_par' dir='ltr' id='par_1_15' title="bbox 569 1464 2158 1537">
     <span class='ocr_line' id='line_1_15' title="bbox 569 1464 2158 1537; baseline 0.003 -17"><span class='ocrx_word' id='word_1_102' title='bbox 569 1464 839 1535; x_wconf 79' lang='lat' dir='ltr'><strong>Spiritum</strong></span> <span class='ocrx_word' id='word_1_103' title='bbox 873 1477 1123 1522; x_wconf 89' lang='lat' dir='ltr'><strong>sanctum</strong></span> <span class='ocrx_word' id='word_1_104' title='bbox 1171 1467 1519 1537; x_wconf 80' lang='lat' dir='ltr'><strong>proﬁtemur,</strong></span> <span class='ocrx_word' id='word_1_105' title='bbox 1550 1469 1775 1524; x_wconf 91' lang='lat' dir='ltr'><strong>unicum</strong></span> <span class='ocrx_word' id='word_1_106' title='bbox 1818 1470 1990 1530; x_wconf 87' lang='lat' dir='ltr'><strong>Deum</strong></span> <span class='ocrx_word' id='word_1_107' title='bbox 2021 1471 2158 1526; x_wconf 83' lang='lat' dir='ltr'><strong>dici-</strong></span> 
     </span>
    </p>
   </div>
   <div class='ocr_carea' id='block_1_16' title="bbox 568 1555 2151 1635">
    <p class='ocr_par' dir='ltr' id='par_1_16' title="bbox 568 1555 2151 1635">
     <span class='ocr_line' id='line_1_16' title="bbox 568 1555 2151 1635; baseline 0.004 -26"><span class='ocrx_word' id='word_1_108' title='bbox 568 1571 714 1612; x_wconf 87' lang='lat' dir='ltr'><strong>mus.</strong></span> <span class='ocrx_word' id='word_1_109' title='bbox 747 1556 848 1612; x_wconf 88' lang='lat' dir='ltr'><strong>Est</strong></span> <span class='ocrx_word' id='word_1_110' title='bbox 877 1571 1010 1613; x_wconf 90' lang='lat' dir='ltr'><strong>vero</strong></span> <span class='ocrx_word' id='word_1_111' title='bbox 1036 1555 1182 1613; x_wconf 88' lang='lat' dir='ltr'><strong>Deus</strong></span> <span class='ocrx_word' id='word_1_112' title='bbox 1221 1573 1517 1614; x_wconf 89' lang='lat' dir='ltr'><strong>commune</strong></span> <span class='ocrx_word' id='word_1_113' title='bbox 1546 1574 1749 1614; x_wconf 82' lang='lat' dir='ltr'><strong>nomen</strong></span> <span class='ocrx_word' id='word_1_114' title='bbox 1780 1559 1950 1635; x_wconf 78' lang='lat' dir='ltr'><strong>Patri,</strong></span> <span class='ocrx_word' id='word_1_115' title='bbox 1990 1559 2151 1625; x_wconf 80' lang='lat' dir='ltr'><strong>Filio,</strong></span> 
     </span>
    </p>
   </div>
   <div class='ocr_carea' id='block_1_17' title="bbox 567 1648 2154 1722">
    <p class='ocr_par' dir='ltr' id='par_1_17' title="bbox 567 1648 2154 1722">
     <span class='ocr_line' id='line_1_17' title="bbox 567 1648 2154 1722; baseline 0.002 -20"><span class='ocrx_word' id='word_1_116' title='bbox 567 1656 627 1702; x_wconf 92' lang='lat' dir='ltr'><strong>et</strong></span> <span class='ocrx_word' id='word_1_117' title='bbox 658 1648 889 1718; x_wconf 87' lang='lat' dir='ltr'><strong>Spiritui</strong></span> <span class='ocrx_word' id='word_1_118' title='bbox 921 1658 1116 1703; x_wconf 90' lang='lat' dir='ltr'><strong>sancto</strong></span> <span class='ocrx_word' id='word_1_119' title='bbox 1148 1649 1351 1705; x_wconf 88' lang='lat' dir='ltr'><strong>:Patcr</strong></span> <span class='ocrx_word' id='word_1_120' title='bbox 1387 1664 1543 1717; x_wconf 88' lang='lat' dir='ltr'><strong>vero,</strong></span> <span class='ocrx_word' id='word_1_121' title='bbox 1582 1657 1641 1705; x_wconf 89' lang='lat' dir='ltr'><strong>et</strong></span> <span class='ocrx_word' id='word_1_122' title='bbox 1669 1650 1864 1715; x_wconf 84' lang='lat' dir='ltr'><strong>Filius,</strong></span> <span class='ocrx_word' id='word_1_123' title='bbox 1890 1659 1949 1707; x_wconf 89' lang='lat' dir='ltr'><strong>et</strong></span> <span class='ocrx_word' id='word_1_124' title='bbox 1975 1650 2154 1722; x_wconf 87' lang='lat' dir='ltr'><strong>Spiri-</strong></span> 
     </span>
    </p>
   </div>
   <div class='ocr_carea' id='block_1_18' title="bbox 568 1742 2156 1815">
    <p class='ocr_par' dir='ltr' id='par_1_18' title="bbox 568 1742 2156 1815">
     <span class='ocr_line' id='line_1_18' title="bbox 568 1742 2156 1815; baseline 0.003 -20"><span class='ocrx_word' id='word_1_125' title='bbox 568 1748 661 1797; x_wconf 86' lang='lat' dir='ltr'><strong>tus</strong></span> <span class='ocrx_word' id='word_1_126' title='bbox 683 1749 929 1807; x_wconf 82' lang='lat' dir='ltr'><strong>sanetus,</strong></span> <span class='ocrx_word' id='word_1_127' title='bbox 957 1758 1067 1797; x_wconf 89' lang='lat' dir='ltr'><strong>non</strong></span> <span class='ocrx_word' id='word_1_128' title='bbox 1098 1752 1228 1798; x_wconf 86' lang='lat' dir='ltr'><strong>sunt</strong></span> <span class='ocrx_word' id='word_1_129' title='bbox 1259 1742 1575 1798; x_wconf 89' lang='lat' dir='ltr'><strong>communia</strong></span> <span class='ocrx_word' id='word_1_130' title='bbox 1606 1743 1854 1811; x_wconf 88' lang='lat' dir='ltr'><strong>nomina,</strong></span> <span class='ocrx_word' id='word_1_131' title='bbox 1893 1744 1991 1800; x_wconf 91' lang='lat' dir='ltr'><strong>sed</strong></span> <span class='ocrx_word' id='word_1_132' title='bbox 2023 1760 2156 1815; x_wconf 87' lang='lat' dir='ltr'><strong>pro-</strong></span> 
     </span>
    </p>
   </div>
   <div class='ocr_carea' id='block_1_19' title="bbox 568 1831 2155 1911">
    <p class='ocr_par' dir='ltr' id='par_1_19' title="bbox 568 1831 2155 1911">
     <span class='ocr_line' id='line_1_19' title="bbox 568 1831 2155 1911; baseline 0.003 -26"><span class='ocrx_word' id='word_1_133' title='bbox 568 1831 707 1900; x_wconf 66' lang='lat' dir='ltr'><strong>priae</strong></span> <span class='ocrx_word' id='word_1_134' title='bbox 733 1831 1079 1903; x_wconf 73' lang='lat' dir='ltr'><strong>singulorum</strong></span> <span class='ocrx_word' id='word_1_135' title='bbox 1109 1834 1452 1905; x_wconf 79' lang='lat' dir='ltr'><strong>hypostases.</strong></span> <span class='ocrx_word' id='word_1_136' title='bbox 1489 1833 1653 1888; x_wconf 86' lang='lat' dir='ltr'><strong>Pater</strong></span> <span class='ocrx_word' id='word_1_137' title='bbox 1681 1834 1831 1911; x_wconf 85' lang='lat' dir='ltr'><strong>enim</strong></span> <span class='ocrx_word' id='word_1_138' title='bbox 1854 1849 1966 1889; x_wconf 92' lang='lat' dir='ltr'><strong>non</strong></span> <span class='ocrx_word' id='word_1_139' title='bbox 2013 1834 2155 1891; x_wconf 90' lang='lat' dir='ltr'><strong>dici-</strong></span> 
     </span>
    </p>
   </div>
   <div class='ocr_carea' id='block_1_20' title="bbox 570 1922 2158 1995">
    <p class='ocr_par' dir='ltr' id='par_1_20' title="bbox 570 1922 2158 1995">
     <span class='ocr_line' id='line_1_20' title="bbox 570 1922 2158 1995; baseline 0.003 -18"><span class='ocrx_word' id='word_1_140' title='bbox 570 1932 663 1978; x_wconf 83' lang='lat' dir='ltr'><strong>tur</strong></span> <span class='ocrx_word' id='word_1_141' title='bbox 688 1922 883 1989; x_wconf 85' lang='lat' dir='ltr'><strong>Filius,</strong></span> <span class='ocrx_word' id='word_1_142' title='bbox 914 1940 1020 1980; x_wconf 90' lang='lat' dir='ltr'><strong>nec</strong></span> <span class='ocrx_word' id='word_1_143' title='bbox 1066 1925 1240 1981; x_wconf 88' lang='lat' dir='ltr'><strong>Filius</strong></span> <span class='ocrx_word' id='word_1_144' title='bbox 1284 1925 1494 1980; x_wconf 86' lang='lat' dir='ltr'><strong>dicitur</strong></span> <span class='ocrx_word' id='word_1_145' title='bbox 1525 1925 1711 1991; x_wconf 89' lang='lat' dir='ltr'><strong>Pater,</strong></span> <span class='ocrx_word' id='word_1_146' title='bbox 1764 1940 1870 1981; x_wconf 90' lang='lat' dir='ltr'><strong>nec</strong></span> <span class='ocrx_word' id='word_1_147' title='bbox 1917 1923 2158 1995; x_wconf 89' lang='lat' dir='ltr'><strong>Spiritus</strong></span> 
     </span>
    </p>
   </div>
   <div class='ocr_carea' id='block_1_21' title="bbox 569 2004 2156 2090">
    <p class='ocr_par' dir='ltr' id='par_1_21' title="bbox 569 2004 2156 2090">
     <span class='ocr_line' id='line_1_21' title="bbox 569 2004 2156 2090; baseline 0 -21"><span class='ocrx_word' id='word_1_148' title='bbox 569 2023 795 2070; x_wconf 83' lang='lat' dir='ltr'><strong>sanctus</strong></span> <span class='ocrx_word' id='word_1_149' title='bbox 820 2023 1049 2071; x_wconf 86' lang='lat' dir='ltr'><strong>vocatur</strong></span> <span class='ocrx_word' id='word_1_150' title='bbox 1102 2016 1263 2072; x_wconf 89' lang='lat' dir='ltr'><strong>Pater</strong></span> <span class='ocrx_word' id='word_1_151' title='bbox 1290 2024 1386 2090; x_wconf 87' lang='lat' dir='ltr'><strong>aut</strong></span> <span class='ocrx_word' id='word_1_152' title='bbox 1407 2004 1630 2070; x_wconf 64' lang='lat' dir='ltr'><strong>Filius:</strong></span> <span class='ocrx_word' id='word_1_153' title='bbox 1663 2023 1723 2070; x_wconf 88' lang='lat' dir='ltr'><strong>at</strong></span> <span class='ocrx_word' id='word_1_154' title='bbox 1756 2014 1903 2071; x_wconf 90' lang='lat' dir='ltr'><strong>Deus</strong></span> <span class='ocrx_word' id='word_1_155' title='bbox 1937 2028 2156 2085; x_wconf 89' lang='lat' dir='ltr'><strong>semper</strong></span> 
     </span>
    </p>
   </div>
   <div class='ocr_carea' id='block_1_22' title="bbox 567 2105 2154 2179">
    <p class='ocr_par' dir='ltr' id='par_1_22' title="bbox 567 2105 2154 2179">
     <span class='ocr_line' id='line_1_22' title="bbox 567 2105 2154 2179; baseline 0.001 -18"><span class='ocrx_word' id='word_1_156' title='bbox 567 2105 812 2163; x_wconf 91' lang='lat' dir='ltr'><strong>Trinitas</strong></span> <span class='ocrx_word' id='word_1_157' title='bbox 851 2107 1179 2178; x_wconf 83' lang='lat' dir='ltr'><strong>appellatur.</strong></span> <span class='ocrx_word' id='word_1_158' title='bbox 1236 2107 1427 2178; x_wconf 86' lang='lat' dir='ltr'><strong>Itaque</strong></span> <span class='ocrx_word' id='word_1_159' title='bbox 1480 2122 1609 2162; x_wconf 92' lang='lat' dir='ltr'><strong>cum</strong></span> <span class='ocrx_word' id='word_1_160' title='bbox 1660 2113 1776 2162; x_wconf 85' lang='lat' dir='ltr'><strong>tres</strong></span> <span class='ocrx_word' id='word_1_161' title='bbox 1820 2106 2154 2179; x_wconf 82' lang='lat' dir='ltr'><strong>&#39;hypostases</strong></span> 
     </span>
    </p>
   </div>
   <div class='ocr_carea' id='block_1_23' title="bbox 567 2197 2155 2271">
    <p class='ocr_par' dir='ltr' id='par_1_23' title="bbox 567 2197 2155 2271">
     <span class='ocr_line' id='line_1_23' title="bbox 567 2197 2155 2271; baseline 0.003 -18"><span class='ocrx_word' id='word_1_162' title='bbox 567 2199 687 2257; x_wconf 87' lang='lat' dir='ltr'><strong>sive</strong></span> <span class='ocrx_word' id='word_1_163' title='bbox 710 2206 824 2256; x_wconf 87' lang='lat' dir='ltr'><strong>tres</strong></span> <span class='ocrx_word' id='word_1_164' title='bbox 847 2215 1114 2271; x_wconf 86' lang='lat' dir='ltr'><strong>personas</strong></span> <span class='ocrx_word' id='word_1_165' title='bbox 1132 2200 1396 2267; x_wconf 87' lang='lat' dir='ltr'><strong>dicimus,</strong></span> <span class='ocrx_word' id='word_1_166' title='bbox 1419 2215 1534 2255; x_wconf 89' lang='lat' dir='ltr'><strong>non</strong></span> <span class='ocrx_word' id='word_1_167' title='bbox 1566 2197 1807 2255; x_wconf 82' lang='lat' dir='ltr'><strong>dicimus</strong></span> <span class='ocrx_word' id='word_1_168' title='bbox 1824 2207 1939 2257; x_wconf 91' lang='lat' dir='ltr'><strong>tres</strong></span> <span class='ocrx_word' id='word_1_169' title='bbox 1963 2215 2155 2257; x_wconf 88' lang='lat' dir='ltr'><strong>essen-</strong></span> 
     </span>
    </p>
   </div>
   <div class='ocr_carea' id='block_1_24' title="bbox 569 2280 2151 2360">
    <p class='ocr_par' dir='ltr' id='par_1_24' title="bbox 569 2280 2151 2360">
     <span class='ocr_line' id='line_1_24' title="bbox 569 2280 2151 2360; baseline -0.001 -13"><span class='ocrx_word' id='word_1_170' title='bbox 569 2294 678 2349; x_wconf 85' lang='lat' dir='ltr'><strong>tias</strong></span> <span class='ocrx_word' id='word_1_171' title='bbox 705 2293 821 2349; x_wconf 91' lang='lat' dir='ltr'><strong>sive</strong></span> <span class='ocrx_word' id='word_1_172' title='bbox 877 2306 991 2352; x_wconf 82' lang='lat' dir='ltr'><strong>tres</strong></span> <span class='ocrx_word' id='word_1_173' title='bbox 1017 2301 1270 2360; x_wconf 81' lang='lat' dir='ltr'><strong>naturas,</strong></span> <span class='ocrx_word' id='word_1_174' title='bbox 1298 2294 1417 2350; x_wconf 83' lang='lat' dir='ltr'><strong>sive</strong></span> <span class='ocrx_word' id='word_1_175' title='bbox 1451 2302 1564 2351; x_wconf 92' lang='lat' dir='ltr'><strong>tres</strong></span> <span class='ocrx_word' id='word_1_176' title='bbox 1603 2280 1740 2347; x_wconf 87' lang='lat' dir='ltr'><strong>deos</strong></span> <span class='ocrx_word' id='word_1_177' title='bbox 1779 2309 1793 2346; x_wconf 94' lang='lat'><strong>:</strong></span> <span class='ocrx_word' id='word_1_178' title='bbox 1840 2291 1938 2348; x_wconf 88' lang='lat' dir='ltr'><strong>sed</strong></span> <span class='ocrx_word' id='word_1_179' title='bbox 1978 2306 2151 2346; x_wconf 90' lang='lat' dir='ltr'><strong>unum</strong></span> 
     </span>
    </p>
   </div>
   <div class='ocr_carea' id='block_1_25' title="bbox 564 2380 2175 2453">
    <p class='ocr_par' dir='ltr' id='par_1_25' title="bbox 564 2380 2175 2453">
     <span class='ocr_line' id='line_1_25' title="bbox 564 2380 2175 2453; baseline -0.002 -12"><span class='ocrx_word' id='word_1_180' title='bbox 564 2386 767 2451; x_wconf 88' lang='lat' dir='ltr'><strong>Deum,</strong></span> <span class='ocrx_word' id='word_1_181' title='bbox 803 2400 970 2440; x_wconf 89' lang='lat' dir='ltr'><strong>unam</strong></span> <span class='ocrx_word' id='word_1_182' title='bbox 992 2385 1314 2450; x_wconf 87' lang='lat' dir='ltr'><strong>essentiam,</strong></span> <span class='ocrx_word' id='word_1_183' title='bbox 1339 2386 1455 2443; x_wconf 86' lang='lat' dir='ltr'><strong>sive</strong></span> <span class='ocrx_word' id='word_1_184' title='bbox 1492 2402 1660 2442; x_wconf 89' lang='lat' dir='ltr'><strong>unam</strong></span> <span class='ocrx_word' id='word_1_185' title='bbox 1691 2391 1951 2441; x_wconf 88' lang='lat' dir='ltr'><strong>naturam</strong></span> <span class='ocrx_word' id='word_1_186' title='bbox 1981 2380 2175 2453; x_wconf 62' lang='grc' dir='ltr'><strong>ιιι-οίίει⁵</strong></span> 
     </span>
    </p>
   </div>
   <div class='ocr_carea' id='block_1_26' title="bbox 564 2477 2153 2546">
    <p class='ocr_par' dir='ltr' id='par_1_26' title="bbox 564 2477 2153 2546">
     <span class='ocr_line' id='line_1_26' title="bbox 564 2477 2153 2546; baseline -0.002 -13"><span class='ocrx_word' id='word_1_187' title='bbox 564 2487 771 2546; x_wconf 87' lang='lat' dir='ltr'><strong>temur,</strong></span> <span class='ocrx_word' id='word_1_188' title='bbox 796 2494 867 2534; x_wconf 89' lang='lat' dir='ltr'><strong>ne</strong></span> <span class='ocrx_word' id='word_1_189' title='bbox 899 2477 1286 2534; x_wconf 82' lang='lat' dir='ltr'><strong>arianizomus.</strong></span> <span class='ocrx_word' id='word_1_190' title='bbox 1311 2479 1379 2535; x_wconf 90' lang='lat' dir='ltr'><strong>Et</strong></span> <span class='ocrx_word' id='word_1_191' title='bbox 1400 2496 1594 2538; x_wconf 87' lang='lat' dir='ltr'><strong>rursus</strong></span> <span class='ocrx_word' id='word_1_192' title='bbox 1622 2495 1747 2537; x_wconf 90' lang='lat' dir='ltr'><strong>cum</strong></span> <span class='ocrx_word' id='word_1_193' title='bbox 1775 2492 1944 2533; x_wconf 90' lang='lat' dir='ltr'><strong>unam</strong></span> <span class='ocrx_word' id='word_1_194' title='bbox 1963 2489 2153 2532; x_wconf 82' lang='lat' dir='ltr'><strong>essen-</strong></span> 
     </span>
    </p>
   </div>
   <div class='ocr_carea' id='block_1_27' title="bbox 568 2560 2151 2641">
    <p class='ocr_par' dir='ltr' id='par_1_27' title="bbox 568 2560 2151 2641">
     <span class='ocr_line' id='line_1_27' title="bbox 568 2560 2151 2641; baseline -0.002 -18"><span class='ocrx_word' id='word_1_195' title='bbox 568 2568 703 2624; x_wconf 87' lang='lat' dir='ltr'><strong>tiam</strong></span> <span class='ocrx_word' id='word_1_196' title='bbox 757 2569 874 2624; x_wconf 86' lang='lat' dir='ltr'><strong>sive</strong></span> <span class='ocrx_word' id='word_1_197' title='bbox 908 2578 1165 2625; x_wconf 85' lang='lat' dir='ltr'><strong>naturam</strong></span> <span class='ocrx_word' id='word_1_198' title='bbox 1214 2570 1474 2638; x_wconf 86' lang='lat' dir='ltr'><strong>dicimus,</strong></span> <span class='ocrx_word' id='word_1_199' title='bbox 1524 2586 1638 2628; x_wconf 90' lang='lat' dir='ltr'><strong>non</strong></span> <span class='ocrx_word' id='word_1_200' title='bbox 1688 2560 1945 2641; x_wconf 13' lang='lat' dir='ltr'><strong>Odieimus</strong></span> <span class='ocrx_word' id='word_1_201' title='bbox 1982 2581 2151 2621; x_wconf 90' lang='lat' dir='ltr'><strong>unam</strong></span> 
     </span>
    </p>
   </div>
   <div class='ocr_carea' id='block_1_28' title="bbox 565 2652 2149 2730">
    <p class='ocr_par' dir='ltr' id='par_1_28' title="bbox 565 2652 2149 2730">
     <span class='ocr_line' id='line_1_28' title="bbox 565 2652 2149 2730; baseline -0.003 -17"><span class='ocrx_word' id='word_1_202' title='bbox 565 2657 930 2730; x_wconf 84' lang='lat' dir='ltr'><strong>hypostasim,</strong></span> <span class='ocrx_word' id='word_1_203' title='bbox 986 2675 1058 2713; x_wconf 90' lang='lat' dir='ltr'><strong>ne</strong></span> <span class='ocrx_word' id='word_1_204' title='bbox 1110 2659 1598 2717; x_wconf 81' lang='lat' dir='ltr'><strong>sabellianizemus</strong></span> <span class='ocrx_word' id='word_1_205' title='bbox 1653 2652 1683 2715; x_wconf 28' lang='grc' dir='ltr'>τί</span> <span class='ocrx_word' id='word_1_206' title='bbox 1722 2660 1819 2716; x_wconf 89' lang='lat' dir='ltr'><strong>sed</strong></span> <span class='ocrx_word' id='word_1_207' title='bbox 1877 2668 1990 2713; x_wconf 87' lang='lat' dir='ltr'><strong>tres</strong></span> <span class='ocrx_word' id='word_1_208' title='bbox 2042 2656 2149 2727; x_wconf 80' lang='lat' dir='ltr'><strong>hy-</strong></span> 
     </span>
    </p>
   </div>
   <div class='ocr_carea' id='block_1_29' title="bbox 565 2748 2148 2820">
    <p class='ocr_par' dir='ltr' id='par_1_29' title="bbox 565 2748 2148 2820">
     <span class='ocr_line' id='line_1_29' title="bbox 565 2748 2148 2820; baseline -0.002 -15"><span class='ocrx_word' id='word_1_209' title='bbox 565 2756 820 2820; x_wconf 84' lang='lat' dir='ltr'><strong>postases</strong></span> <span class='ocrx_word' id='word_1_210' title='bbox 869 2748 985 2804; x_wconf 88' lang='lat' dir='ltr'><strong>sive</strong></span> <span class='ocrx_word' id='word_1_211' title='bbox 1043 2757 1154 2805; x_wconf 86' lang='lat' dir='ltr'><strong>tres</strong></span> <span class='ocrx_word' id='word_1_212' title='bbox 1202 2766 1471 2820; x_wconf 88' lang='lat' dir='ltr'><strong>personas</strong></span> <span class='ocrx_word' id='word_1_213' title='bbox 1510 2752 1567 2806; x_wconf 88' lang='lat' dir='ltr'><strong>in</strong></span> <span class='ocrx_word' id='word_1_214' title='bbox 1589 2766 1699 2807; x_wconf 82' lang='lat' dir='ltr'><strong>una</strong></span> <span class='ocrx_word' id='word_1_215' title='bbox 1721 2750 1945 2814; x_wconf 88' lang='lat' dir='ltr'><strong>deitatc,</strong></span> <span class='ocrx_word' id='word_1_216' title='bbox 1984 2763 2148 2803; x_wconf 90' lang='lat' dir='ltr'><strong>unam</strong></span> 
     </span>
    </p>
   </div>
   <div class='ocr_carea' id='block_1_30' title="bbox 564 2839 2146 2905">
    <p class='ocr_par' dir='ltr' id='par_1_30' title="bbox 564 2839 2146 2905">
     <span class='ocr_line' id='line_1_30' title="bbox 564 2839 2146 2905; baseline -0.003 -8"><span class='ocrx_word' id='word_1_217' title='bbox 564 2840 868 2897; x_wconf 86' lang='lat' dir='ltr'><strong>essentiam</strong></span> <span class='ocrx_word' id='word_1_218' title='bbox 897 2849 955 2896; x_wconf 88' lang='lat' dir='ltr'><strong>et</strong></span> <span class='ocrx_word' id='word_1_219' title='bbox 983 2847 1241 2896; x_wconf 84' lang='lat' dir='ltr'><strong>naturam</strong></span> <span class='ocrx_word' id='word_1_220' title='bbox 1271 2842 1571 2898; x_wconf 89' lang='lat' dir='ltr'><strong>credimus.</strong></span> <span class='ocrx_word' id='word_1_221' title='bbox 1602 2842 1701 2897; x_wconf 87' lang='lat' dir='ltr'><strong>Est</strong></span> <span class='ocrx_word' id='word_1_222' title='bbox 1740 2852 1925 2897; x_wconf 88' lang='lat' dir='ltr'><strong>autem</strong></span> <span class='ocrx_word' id='word_1_223' title='bbox 1977 2839 2146 2905; x_wconf 86' lang='lat' dir='ltr'><strong>Deus,</strong></span> 
     </span>
    </p>
   </div>
   <div class='ocr_carea' id='block_1_31' title="bbox 1700 255 2717 325">
    <p class='ocr_par' dir='ltr' id='par_1_31' title="bbox 1700 255 2717 325">
     <span class='ocr_line' id='line_1_31' title="bbox 1700 255 2717 325; baseline 0.009 -9"><span class='ocrx_word' id='word_1_224' title='bbox 1700 257 1762 316; x_wconf 91' lang='lat' dir='ltr'><strong>S.</strong></span> <span class='ocrx_word' id='word_1_225' title='bbox 1804 255 2205 320; x_wconf 77' lang='lat' dir='ltr'><strong>ANASTASII</strong></span> <span class='ocrx_word' id='word_1_226' title='bbox 2245 260 2717 325; x_wconf 75' lang='lat' dir='ltr'><strong>ANTIOCHENI</strong></span> 
     </span>
    </p>
   </div>
   <div class='ocr_carea' id='block_1_32' title="bbox 2182 373 2767 443">
    <p class='ocr_par' dir='ltr' id='par_1_32' title="bbox 2182 373 2767 443">
     <span class='ocr_line' id='line_1_32' title="bbox 2182 373 2767 443; baseline 0.005 -16"><span class='ocrx_word' id='word_1_227' title='bbox 2182 378 2228 434; x_wconf 80' lang='grc' dir='ltr'>Α</span> <span class='ocrx_word' id='word_1_228' title='bbox 2330 373 2398 428; x_wconf 88' lang='grc' dir='ltr'>Τί</span> <span class='ocrx_word' id='word_1_229' title='bbox 2431 376 2556 429; x_wconf 81' lang='grc' dir='ltr'>ἐστι</span> <span class='ocrx_word' id='word_1_230' title='bbox 2600 376 2767 443; x_wconf 78' lang='grc' dir='ltr'>Θεόςς</span> 
     </span>
    </p>
   </div>
   <div class='ocr_carea' id='block_1_33' title="bbox 3702 270 3837 337">
    <p class='ocr_par' dir='ltr' id='par_1_33' title="bbox 3702 270 3837 337">
     <span class='ocr_line' id='line_1_33' title="bbox 3702 270 3837 337; baseline 0 -1"><span class='ocrx_word' id='word_1_231' title='bbox 3702 270 3837 337; x_wconf 71' lang='grc' dir='ltr'>ιιοι</span> 
     </span>
    </p>
   </div>
   <div class='ocr_carea' id='block_1_34' title="bbox 2329 455 3830 544">
    <p class='ocr_par' dir='ltr' id='par_1_34' title="bbox 2329 455 3830 544">
     <span class='ocr_line' id='line_1_34' title="bbox 2329 455 3830 544; baseline 0.007 -27"><span class='ocrx_word' id='word_1_232' title='bbox 2329 464 2391 519; x_wconf 85' lang='grc' dir='ltr'><strong>Εἰ</strong></span> <span class='ocrx_word' id='word_1_233' title='bbox 2428 465 2604 530; x_wconf 83' lang='grc' dir='ltr'>Θέλεις</span> <span class='ocrx_word' id='word_1_234' title='bbox 2629 467 2831 534; x_wconf 84' lang='grc' dir='ltr'>γνῶναι</span> <span class='ocrx_word' id='word_1_235' title='bbox 2866 465 2919 520; x_wconf 78' lang='grc' dir='ltr'><strong>τί</strong></span> <span class='ocrx_word' id='word_1_236' title='bbox 2941 467 3056 521; x_wconf 79' lang='grc' dir='ltr'>ἐστι</span> <span class='ocrx_word' id='word_1_237' title='bbox 3082 468 3214 534; x_wconf 77' lang='grc' dir='ltr'><strong>Θεὸς</strong></span> <span class='ocrx_word' id='word_1_238' title='bbox 3238 469 3333 524; x_wconf 75' lang='grc' dir='ltr'><strong>καὶ</strong></span> <span class='ocrx_word' id='word_1_239' title='bbox 3362 460 3485 534; x_wconf 79' lang='grc' dir='ltr'>πῶς</span> <span class='ocrx_word' id='word_1_240' title='bbox 3505 455 3830 544; x_wconf 44' lang='lat' dir='ltr'><strong>agamus</strong></span> 
     </span>
    </p>
   </div>
   <div class='ocr_carea' id='block_1_35' title="bbox 2255 555 3679 633">
    <p class='ocr_par' dir='ltr' id='par_1_35' title="bbox 2255 555 3679 633">
     <span class='ocr_line' id='line_1_35' title="bbox 2255 555 3679 633; baseline 0.007 -26"><span class='ocrx_word' id='word_1_241' title='bbox 2255 571 2371 618; x_wconf 83' lang='grc' dir='ltr'>ται,</span> <span class='ocrx_word' id='word_1_242' title='bbox 2404 555 2641 611; x_wconf 81' lang='grc' dir='ltr'>ἄκουσον</span> <span class='ocrx_word' id='word_1_243' title='bbox 2670 557 2958 628; x_wconf 81' lang='grc' dir='ltr'><strong>νουνεχῶς,</strong></span> <span class='ocrx_word' id='word_1_244' title='bbox 3001 560 3094 613; x_wconf 75' lang='grc' dir='ltr'>καὶ</span> <span class='ocrx_word' id='word_1_245' title='bbox 3125 560 3298 629; x_wconf 83' lang='grc' dir='ltr'><strong>γνῶθι</strong></span> <span class='ocrx_word' id='word_1_246' title='bbox 3336 561 3401 615; x_wconf 82' lang='grc' dir='ltr'>τὸ</span> <span class='ocrx_word' id='word_1_247' title='bbox 3431 563 3679 633; x_wconf 46' lang='grc' dir='ltr'>ἀληθέα,</span> 
     </span>
    </p>
   </div>
   <div class='ocr_carea' id='block_1_36' title="bbox 2331 647 3826 725">
    <p class='ocr_par' dir='ltr' id='par_1_36' title="bbox 2331 647 3826 725">
     <span class='ocr_line' id='line_1_36' title="bbox 2331 647 3826 725; baseline 0.005 -25"><span class='ocrx_word' id='word_1_248' title='bbox 2331 647 2567 719; x_wconf 77' lang='grc' dir='ltr'>Πατρδς,</span> <span class='ocrx_word' id='word_1_249' title='bbox 2599 648 2751 711; x_wconf 86' lang='grc' dir='ltr'>Υἱοῦ,</span> <span class='ocrx_word' id='word_1_250' title='bbox 2802 650 2897 703; x_wconf 81' lang='grc' dir='ltr'><strong>καὶ</strong></span> <span class='ocrx_word' id='word_1_251' title='bbox 2937 650 3094 719; x_wconf 84' lang='grc' dir='ltr'><strong>ἁγίου</strong></span> <span class='ocrx_word' id='word_1_252' title='bbox 3136 651 3457 723; x_wconf 85' lang='grc' dir='ltr'>Πνεύματος</span> <span class='ocrx_word' id='word_1_253' title='bbox 3502 653 3667 725; x_wconf 79' lang='grc' dir='ltr'>βουλὴ</span> <span class='ocrx_word' id='word_1_254' title='bbox 3712 654 3826 723; x_wconf 86' lang='grc' dir='ltr'>μία,</span> 
     </span>
    </p>
   </div>
   <div class='ocr_carea' id='block_1_37' title="bbox 2260 739 3828 814">
    <p class='ocr_par' dir='ltr' id='par_1_37' title="bbox 2260 739 3828 814">
     <span class='ocr_line' id='line_1_37' title="bbox 2260 739 3828 814; baseline 0.004 -23"><span class='ocrx_word' id='word_1_255' title='bbox 2260 739 2422 807; x_wconf 79' lang='grc' dir='ltr'>σοφία</span> <span class='ocrx_word' id='word_1_256' title='bbox 2460 740 2580 809; x_wconf 92' lang='grc' dir='ltr'>μία,</span> <span class='ocrx_word' id='word_1_257' title='bbox 2620 739 2718 812; x_wconf 89' lang='grc' dir='ltr'><strong>μία</strong></span> <span class='ocrx_word' id='word_1_258' title='bbox 2751 740 3002 812; x_wconf 80' lang='grc' dir='ltr'>δύναμις.</span> <span class='ocrx_word' id='word_1_259' title='bbox 3034 741 3147 813; x_wconf 78' lang='grc' dir='ltr'><strong>Οὐχ</strong></span> <span class='ocrx_word' id='word_1_260' title='bbox 3183 745 3211 797; x_wconf 86' lang='grc' dir='ltr'><strong>ὁ</strong></span> <span class='ocrx_word' id='word_1_261' title='bbox 3238 742 3340 814; x_wconf 82' lang='grc' dir='ltr'>μὲν</span> <span class='ocrx_word' id='word_1_262' title='bbox 3386 744 3494 813; x_wconf 75' lang='grc' dir='ltr'><strong>πρὸ</strong></span> <span class='ocrx_word' id='word_1_263' title='bbox 3535 744 3769 809; x_wconf 68' lang='grc' dir='ltr'>αἰώνων,</span> <span class='ocrx_word' id='word_1_264' title='bbox 3800 746 3828 798; x_wconf 82' lang='grc' dir='ltr'><strong><em>ὅ</em></strong></span> 
     </span>
    </p>
   </div>
   <div class='ocr_carea' id='block_1_38' title="bbox 2226 824 3827 905">
    <p class='ocr_par' dir='ltr' id='par_1_38' title="bbox 2226 824 3827 905">
     <span class='ocr_line' id='line_1_38' title="bbox 2226 824 3827 905; baseline 0.006 -28"><span class='ocrx_word' id='word_1_265' title='bbox 2226 824 2316 878; x_wconf 81' lang='grc' dir='ltr'><strong>-δὲ</strong></span> <span class='ocrx_word' id='word_1_266' title='bbox 2348 828 2468 898; x_wconf 75' lang='grc' dir='ltr'>μετ’</span> <span class='ocrx_word' id='word_1_267' title='bbox 2496 827 2724 894; x_wconf 81' lang='grc' dir='ltr'>αἰῶνας,</span> <span class='ocrx_word' id='word_1_268' title='bbox 2773 828 2887 883; x_wconf 73' lang='grc' dir='ltr'>ἀλλ’</span> <span class='ocrx_word' id='word_1_269' title='bbox 2921 830 3040 902; x_wconf 73' lang='grc' dir='ltr'>ἅμα</span> <span class='ocrx_word' id='word_1_270' title='bbox 3076 829 3266 905; x_wconf 75' lang='grc' dir='ltr'>Πατὴρ</span> <span class='ocrx_word' id='word_1_271' title='bbox 3290 870 3307 897; x_wconf 88' lang='grc'><strong>,</strong></span> <span class='ocrx_word' id='word_1_272' title='bbox 3353 833 3483 897; x_wconf 78' lang='grc' dir='ltr'>Υἱὸς</span> <span class='ocrx_word' id='word_1_273' title='bbox 3543 834 3637 888; x_wconf 77' lang='grc' dir='ltr'><strong>καὶ</strong></span> <span class='ocrx_word' id='word_1_274' title='bbox 3672 836 3827 903; x_wconf 80' lang='grc' dir='ltr'>ἅγιον</span> 
     </span>
    </p>
   </div>
   <div class='ocr_carea' id='block_1_39' title="bbox 2257 916 3824 995">
    <p class='ocr_par' dir='ltr' id='par_1_39' title="bbox 2257 916 3824 995">
     <span class='ocr_line' id='line_1_39' title="bbox 2257 916 3824 995; baseline 0.006 -24"><span class='ocrx_word' id='word_1_275' title='bbox 2257 916 2504 989; x_wconf 80' lang='grc' dir='ltr'>Πνεῦμα,</span> <span class='ocrx_word' id='word_1_276' title='bbox 2534 918 2663 982; x_wconf 70' lang='lat' dir='ltr'><strong>Tib;</strong></span> <span class='ocrx_word' id='word_1_277' title='bbox 2694 922 2753 974; x_wconf 82' lang='grc' dir='ltr'>ὲν</span> <span class='ocrx_word' id='word_1_278' title='bbox 2792 921 2971 993; x_wconf 79' lang='grc' dir='ltr'>Πατρὶ</span> <span class='ocrx_word' id='word_1_279' title='bbox 2992 923 3087 985; x_wconf 73' lang='grc' dir='ltr'><strong>καὶ</strong></span> <span class='ocrx_word' id='word_1_280' title='bbox 3122 923 3363 994; x_wconf 77' lang='grc' dir='ltr'><strong>Πνεῦμα</strong></span> <span class='ocrx_word' id='word_1_281' title='bbox 3399 924 3475 977; x_wconf 78' lang='grc' dir='ltr'><strong>ἐν’</strong></span> <span class='ocrx_word' id='word_1_282' title='bbox 3504 924 3621 995; x_wconf 87' lang='grc' dir='ltr'>Υἱῷ</span> <span class='ocrx_word' id='word_1_283' title='bbox 3651 944 3666 959; x_wconf 91' lang='grc'><strong>·</strong></span> <span class='ocrx_word' id='word_1_284' title='bbox 3700 944 3824 981; x_wconf 83' lang='grc' dir='ltr'>σνν-</span> 
     </span>
    </p>
   </div>
   <div class='ocr_carea' id='block_1_40' title="bbox 2256 1003 3825 1085">
    <p class='ocr_par' dir='ltr' id='par_1_40' title="bbox 2256 1003 3825 1085">
     <span class='ocr_line' id='line_1_40' title="bbox 2256 1003 3825 1085; baseline 0.009 -29"><span class='ocrx_word' id='word_1_285' title='bbox 2256 1003 2429 1071; x_wconf 73' lang='grc' dir='ltr'>ἦπται</span> <span class='ocrx_word' id='word_1_286' title='bbox 2463 1004 2571 1077; x_wconf 84' lang='grc' dir='ltr'><strong>γὰρ</strong></span> <span class='ocrx_word' id='word_1_287' title='bbox 2617 1009 2652 1079; x_wconf 84' lang='grc' dir='ltr'>ἡ</span> <span class='ocrx_word' id='word_1_288' title='bbox 2700 1008 2883 1085; x_wconf 79' lang='grc' dir='ltr'>φύσις.</span> <span class='ocrx_word' id='word_1_289' title='bbox 2909 1010 3075 1065; x_wconf 84' lang='grc' dir='ltr'><strong>Ὅθεν</strong></span> <span class='ocrx_word' id='word_1_290' title='bbox 3110 1012 3211 1082; x_wconf 85' lang='grc' dir='ltr'><strong>μία</strong></span> <span class='ocrx_word' id='word_1_291' title='bbox 3243 1013 3276 1083; x_wconf 81' lang='grc' dir='ltr'>ἡ</span> <span class='ocrx_word' id='word_1_292' title='bbox 3321 1013 3487 1082; x_wconf 77' lang='grc' dir='ltr'>φύσις</span> <span class='ocrx_word' id='word_1_293' title='bbox 3518 1006 3631 1069; x_wconf 61' lang='grc' dir='ltr'>καί</span> <span class='ocrx_word' id='word_1_294' title='bbox 3654 1016 3752 1085; x_wconf 81' lang='grc' dir='ltr'><strong>μία</strong></span> <span class='ocrx_word' id='word_1_295' title='bbox 3792 1018 3825 1085; x_wconf 76' lang='grc' dir='ltr'><strong>ἠ</strong></span> 
     </span>
    </p>
   </div>
   <div class='ocr_carea' id='block_1_41' title="bbox 2258 1083 3829 1172">
    <p class='ocr_par' dir='ltr' id='par_1_41' title="bbox 2258 1083 3829 1172">
     <span class='ocr_line' id='line_1_41' title="bbox 2258 1083 3829 1172; baseline 0.007 -24"><span class='ocrx_word' id='word_1_296' title='bbox 2258 1093 2471 1165; x_wconf 76' lang='grc' dir='ltr'>θεότηςο</span> <span class='ocrx_word' id='word_1_297' title='bbox 2508 1083 2866 1169; x_wconf 65' lang='grc' dir='ltr'>διαιροῦμενη</span> <span class='ocrx_word' id='word_1_298' title='bbox 2914 1099 3013 1171; x_wconf 84' lang='grc' dir='ltr'>μὲν</span> <span class='ocrx_word' id='word_1_299' title='bbox 3047 1101 3139 1164; x_wconf 79' lang='grc' dir='ltr'><strong>είς</strong></span> <span class='ocrx_word' id='word_1_300' title='bbox 3171 1101 3299 1172; x_wconf 87' lang='grc' dir='ltr'>τρία</span> <span class='ocrx_word' id='word_1_301' title='bbox 3343 1101 3432 1156; x_wconf 82' lang='grc' dir='ltr'>διὰ</span> <span class='ocrx_word' id='word_1_302' title='bbox 3462 1103 3563 1166; x_wconf 76' lang='grc' dir='ltr'>τὰς</span> <span class='ocrx_word' id='word_1_303' title='bbox 3585 1083 3829 1159; x_wconf 44' lang='grc' dir='ltr'>’ὑποστάζ</span> 
     </span>
    </p>
   </div>
   <div class='ocr_carea' id='block_1_42' title="bbox 2258 1186 3911 1261">
    <p class='ocr_par' dir='ltr' id='par_1_42' title="bbox 2258 1186 3911 1261">
     <span class='ocr_line' id='line_1_42' title="bbox 2258 1186 3911 1261; baseline 0.008 -23"><span class='ocrx_word' id='word_1_304' title='bbox 2258 1202 2394 1253; x_wconf 86' lang='grc' dir='ltr'>σεις,</span> <span class='ocrx_word' id='word_1_305' title='bbox 2429 1188 2512 1251; x_wconf 81' lang='grc' dir='ltr'><strong>είς</strong></span> <span class='ocrx_word' id='word_1_306' title='bbox 2560 1189 2767 1256; x_wconf 78' lang='grc' dir='ltr'>μονάδα</span> <span class='ocrx_word' id='word_1_307' title='bbox 2808 1189 2865 1243; x_wconf 73' lang='grc' dir='ltr'><strong>δὲ</strong></span> <span class='ocrx_word' id='word_1_308' title='bbox 2907 1191 3236 1245; x_wconf 82' lang='grc' dir='ltr'>καταντῶσα</span> <span class='ocrx_word' id='word_1_309' title='bbox 3279 1193 3370 1247; x_wconf 83' lang='grc' dir='ltr'>διὰ</span> <span class='ocrx_word' id='word_1_310' title='bbox 3396 1194 3488 1248; x_wconf 80' lang='grc' dir='ltr'>τὸν</span> <span class='ocrx_word' id='word_1_311' title='bbox 3513 1195 3616 1261; x_wconf 83' lang='grc' dir='ltr'><strong>τῆς</strong></span> <span class='ocrx_word' id='word_1_312' title='bbox 3642 1196 3829 1260; x_wconf 72' lang='grc' dir='ltr'>οὐσίας</span> <span class='ocrx_word' id='word_1_313' title='bbox 3906 1186 3911 1193; x_wconf 64' lang='grc'><em>’</em></span> 
     </span>
    </p>
   </div>
   <div class='ocr_carea' id='block_1_43' title="bbox 2255 1277 3901 1354">
    <p class='ocr_par' dir='ltr' id='par_1_43' title="bbox 2255 1277 3901 1354">
     <span class='ocr_line' id='line_1_43' title="bbox 2255 1277 3901 1354; baseline 0.008 -25"><span class='ocrx_word' id='word_1_314' title='bbox 2255 1277 2433 1345; x_wconf 85' lang='grc' dir='ltr'>λόγον.</span> <span class='ocrx_word' id='word_1_315' title='bbox 2464 1280 2562 1332; x_wconf 78' lang='grc' dir='ltr'><strong>Διὰ</strong></span> <span class='ocrx_word' id='word_1_316' title='bbox 2605 1278 2765 1335; x_wconf 86' lang='grc' dir='ltr'>τοῦτο</span> <span class='ocrx_word' id='word_1_317' title='bbox 2796 1282 2891 1335; x_wconf 71' lang='grc' dir='ltr'><strong>καὶ</strong></span> <span class='ocrx_word' id='word_1_318' title='bbox 2919 1283 3140 1354; x_wconf 78' lang='grc' dir='ltr'>Πατέρα</span> <span class='ocrx_word' id='word_1_319' title='bbox 3167 1282 3421 1353; x_wconf 77' lang='grc' dir='ltr'>λέγοντες</span> <span class='ocrx_word' id='word_1_320' title='bbox 3454 1286 3550 1339; x_wconf 80' lang='grc' dir='ltr'><strong>καὶ</strong></span> <span class='ocrx_word' id='word_1_321' title='bbox 3576 1287 3708 1340; x_wconf 80' lang='grc' dir='ltr'>Υἰδν</span> <span class='ocrx_word' id='word_1_322' title='bbox 3735 1287 3825 1342; x_wconf 79' lang='grc' dir='ltr'><strong>καὶ</strong></span> <span class='ocrx_word' id='word_1_323' title='bbox 3895 1294 3901 1307; x_wconf 84' lang='grc'><strong><em>⁸</em></strong></span> 
     </span>
    </p>
   </div>
   <div class='ocr_carea' id='block_1_44' title="bbox 2256 1370 3689 1448">
    <p class='ocr_par' dir='ltr' id='par_1_44' title="bbox 2256 1370 3689 1448">
     <span class='ocr_line' id='line_1_44' title="bbox 2256 1370 3689 1448; baseline 0.006 -24"><span class='ocrx_word' id='word_1_324' title='bbox 2256 1370 2482 1441; x_wconf 76' lang='grc' dir='ltr'>Πνεῦμα</span> <span class='ocrx_word' id='word_1_325' title='bbox 2515 1372 2669 1440; x_wconf 79' lang='grc' dir='ltr'>ἅγιον</span> <span class='ocrx_word' id='word_1_326' title='bbox 2694 1373 3107 1445; x_wconf 83' lang='grc' dir='ltr'>ὁμολογοῦντες,</span> <span class='ocrx_word' id='word_1_327' title='bbox 3141 1375 3239 1429; x_wconf 71' lang='grc' dir='ltr'>ἕνα</span> <span class='ocrx_word' id='word_1_328' title='bbox 3267 1375 3404 1429; x_wconf 80' lang='grc' dir='ltr'>Θεὸν</span> <span class='ocrx_word' id='word_1_329' title='bbox 3431 1377 3689 1448; x_wconf 81' lang='grc' dir='ltr'>λέγομεν.</span> 
     </span>
    </p>
   </div>
   <div class='ocr_carea' id='block_1_45' title="bbox 2325 1454 3827 1539">
    <p class='ocr_par' dir='ltr' id='par_1_45' title="bbox 2325 1454 3827 1539">
     <span class='ocr_line' id='line_1_45' title="bbox 2325 1454 3827 1539; baseline 0.003 -24"><span class='ocrx_word' id='word_1_330' title='bbox 2325 1461 2400 1515; x_wconf 81' lang='grc' dir='ltr'>Τὸ</span> <span class='ocrx_word' id='word_1_331' title='bbox 2421 1462 2478 1516; x_wconf 74' lang='grc' dir='ltr'><strong>δὲ</strong></span> <span class='ocrx_word' id='word_1_332' title='bbox 2500 1462 2632 1528; x_wconf 76' lang='grc' dir='ltr'><strong>Θεὸς</strong></span> <span class='ocrx_word' id='word_1_333' title='bbox 2660 1454 2836 1531; x_wconf 66' lang='grc' dir='ltr'>ὄνομα</span> <span class='ocrx_word' id='word_1_334' title='bbox 2863 1465 3046 1519; x_wconf 83' lang='grc' dir='ltr'>κοινόν</span> <span class='ocrx_word' id='word_1_335' title='bbox 3073 1466 3190 1519; x_wconf 75' lang='grc' dir='ltr'>ἐστι</span> <span class='ocrx_word' id='word_1_336' title='bbox 3216 1465 3311 1531; x_wconf 80' lang='grc' dir='ltr'><strong>τοῦ</strong></span> <span class='ocrx_word' id='word_1_337' title='bbox 3341 1468 3579 1539; x_wconf 72' lang='grc' dir='ltr'>Πατρδς,</span> <span class='ocrx_word' id='word_1_338' title='bbox 3614 1468 3711 1521; x_wconf 70' lang='grc' dir='ltr'><strong>καὶ</strong></span> <span class='ocrx_word' id='word_1_339' title='bbox 3737 1467 3827 1522; x_wconf 87' lang='grc' dir='ltr'><strong>τοῦ</strong></span> 
     </span>
    </p>
   </div>
   <div class='ocr_carea' id='block_1_46' title="bbox 2256 1551 3829 1630">
    <p class='ocr_par' dir='ltr' id='par_1_46' title="bbox 2256 1551 3829 1630">
     <span class='ocr_line' id='line_1_46' title="bbox 2256 1551 3829 1630; baseline 0.004 -26"><span class='ocrx_word' id='word_1_340' title='bbox 2256 1551 2389 1605; x_wconf 83' lang='grc' dir='ltr'>Υίοῦ</span> <span class='ocrx_word' id='word_1_341' title='bbox 2420 1553 2519 1606; x_wconf 75' lang='grc' dir='ltr'>καὶ</span> <span class='ocrx_word' id='word_1_342' title='bbox 2558 1552 2651 1606; x_wconf 82' lang='grc' dir='ltr'><strong>τοῦ</strong></span> <span class='ocrx_word' id='word_1_343' title='bbox 2697 1552 2855 1622; x_wconf 84' lang='grc' dir='ltr'>ἁγίου</span> <span class='ocrx_word' id='word_1_344' title='bbox 2905 1554 3247 1627; x_wconf 87' lang='grc' dir='ltr'>Πνεύματος.</span> <span class='ocrx_word' id='word_1_345' title='bbox 3278 1557 3354 1610; x_wconf 87' lang='grc' dir='ltr'><strong>Τδ</strong></span> <span class='ocrx_word' id='word_1_346' title='bbox 3390 1556 3451 1611; x_wconf 81' lang='grc' dir='ltr'><strong>δὲ</strong></span> <span class='ocrx_word' id='word_1_347' title='bbox 3489 1558 3706 1630; x_wconf 69' lang='grc' dir='ltr'>Πατὴρ,</span> <span class='ocrx_word' id='word_1_348' title='bbox 3741 1558 3829 1613; x_wconf 70' lang='grc' dir='ltr'><strong>καὶ</strong></span> 
     </span>
    </p>
   </div>
   <div class='ocr_carea' id='block_1_47' title="bbox 2256 1645 3827 1722">
    <p class='ocr_par' dir='ltr' id='par_1_47' title="bbox 2256 1645 3827 1722">
     <span class='ocr_line' id='line_1_47' title="bbox 2256 1645 3827 1722; baseline 0.005 -24"><span class='ocrx_word' id='word_1_349' title='bbox 2256 1645 2386 1711; x_wconf 77' lang='grc' dir='ltr'>Υἱὸς</span> <span class='ocrx_word' id='word_1_350' title='bbox 2432 1646 2527 1700; x_wconf 81' lang='grc' dir='ltr'><strong>καὶ</strong></span> <span class='ocrx_word' id='word_1_351' title='bbox 2581 1645 2737 1716; x_wconf 73' lang='grc' dir='ltr'>ἅγιον</span> <span class='ocrx_word' id='word_1_352' title='bbox 2787 1647 3036 1718; x_wconf 83' lang='grc' dir='ltr'>Πνεῦμα,</span> <span class='ocrx_word' id='word_1_353' title='bbox 3081 1650 3144 1703; x_wconf 76' lang='grc' dir='ltr'>οὗ</span> <span class='ocrx_word' id='word_1_354' title='bbox 3196 1649 3354 1704; x_wconf 79' lang='grc' dir='ltr'>κοινὰ</span> <span class='ocrx_word' id='word_1_355' title='bbox 3398 1650 3670 1722; x_wconf 81' lang='grc' dir='ltr'>ὀνόματα,</span> <span class='ocrx_word' id='word_1_356' title='bbox 3716 1651 3827 1706; x_wconf 81' lang='grc' dir='ltr'>ἀλλ’</span> 
     </span>
    </p>
   </div>
   <div class='ocr_carea' id='block_1_48' title="bbox 2260 1734 3829 1812">
    <p class='ocr_par' dir='ltr' id='par_1_48' title="bbox 2260 1734 3829 1812">
     <span class='ocr_line' id='line_1_48' title="bbox 2260 1734 3829 1812; baseline 0.004 -25"><span class='ocrx_word' id='word_1_357' title='bbox 2260 1734 2398 1796; x_wconf 76' lang='grc' dir='ltr'>ἰδίας</span> <span class='ocrx_word' id='word_1_358' title='bbox 2435 1734 2674 1788; x_wconf 76' lang='grc' dir='ltr'>ἑκάστου</span> <span class='ocrx_word' id='word_1_359' title='bbox 2709 1735 3088 1801; x_wconf 72' lang='grc' dir='ltr'><strong>ὑποστάσεως.</strong></span> <span class='ocrx_word' id='word_1_360' title='bbox 3134 1738 3192 1792; x_wconf 80' lang='grc'><strong>’0</strong></span> <span class='ocrx_word' id='word_1_361' title='bbox 3216 1737 3327 1809; x_wconf 79' lang='grc' dir='ltr'><strong>γὰρ</strong></span> <span class='ocrx_word' id='word_1_362' title='bbox 3358 1739 3552 1812; x_wconf 81' lang='grc' dir='ltr'>Πατὴρ</span> <span class='ocrx_word' id='word_1_363' title='bbox 3582 1741 3643 1793; x_wconf 87' lang='grc' dir='ltr'><strong>ού</strong></span> <span class='ocrx_word' id='word_1_364' title='bbox 3679 1740 3829 1809; x_wconf 74' lang='grc' dir='ltr'>λέγε-</span> 
     </span>
    </p>
   </div>
   <div class='ocr_carea' id='block_1_49' title="bbox 2254 1826 3827 1904">
    <p class='ocr_par' dir='ltr' id='par_1_49' title="bbox 2254 1826 3827 1904">
     <span class='ocr_line' id='line_1_49' title="bbox 2254 1826 3827 1904; baseline 0.006 -25"><span class='ocrx_word' id='word_1_365' title='bbox 2254 1844 2346 1880; x_wconf 87' lang='grc' dir='ltr'><strong>ται</strong></span> <span class='ocrx_word' id='word_1_366' title='bbox 2376 1827 2528 1893; x_wconf 81' lang='grc' dir='ltr'>Υἱὸς,</span> <span class='ocrx_word' id='word_1_367' title='bbox 2580 1827 2676 1881; x_wconf 72' lang='grc' dir='ltr'><strong>καὶ</strong></span> <span class='ocrx_word' id='word_1_368' title='bbox 2712 1826 2743 1880; x_wconf 84' lang='grc' dir='ltr'>ὁ</span> <span class='ocrx_word' id='word_1_369' title='bbox 2791 1828 2921 1891; x_wconf 78' lang='grc' dir='ltr'>Υἱὸς</span> <span class='ocrx_word' id='word_1_370' title='bbox 2966 1828 3029 1883; x_wconf 83' lang='grc' dir='ltr'><strong>ού</strong></span> <span class='ocrx_word' id='word_1_371' title='bbox 3077 1829 3303 1899; x_wconf 82' lang='grc' dir='ltr'>λέγεται</span> <span class='ocrx_word' id='word_1_372' title='bbox 3348 1832 3572 1904; x_wconf 78' lang='grc' dir='ltr'>Πατήρ·</span> <span class='ocrx_word' id='word_1_373' title='bbox 3622 1835 3721 1888; x_wconf 69' lang='grc' dir='ltr'><strong>καὶ</strong></span> <span class='ocrx_word' id='word_1_374' title='bbox 3770 1833 3827 1888; x_wconf 69' lang='grc' dir='ltr'><strong>τὸ</strong></span> 
     </span>
    </p>
   </div>
   <div class='ocr_carea' id='block_1_50' title="bbox 2254 1917 3827 1996">
    <p class='ocr_par' dir='ltr' id='par_1_50' title="bbox 2254 1917 3827 1996">
     <span class='ocr_line' id='line_1_50' title="bbox 2254 1917 3827 1996; baseline 0.005 -25"><span class='ocrx_word' id='word_1_375' title='bbox 2254 1917 2483 1989; x_wconf 76' lang='grc' dir='ltr'>Πνεῦμα</span> <span class='ocrx_word' id='word_1_376' title='bbox 2508 1918 2573 1971; x_wconf 81' lang='grc' dir='ltr'>τὸ</span> <span class='ocrx_word' id='word_1_377' title='bbox 2613 1918 2792 1989; x_wconf 81' lang='grc' dir='ltr'>ἆγιον,</span> <span class='ocrx_word' id='word_1_378' title='bbox 2834 1919 2960 1974; x_wconf 89' lang='grc' dir='ltr'>οῦτε</span> <span class='ocrx_word' id='word_1_379' title='bbox 2990 1920 3205 1995; x_wconf 78' lang='grc' dir='ltr'>Πατὴρ,</span> <span class='ocrx_word' id='word_1_380' title='bbox 3240 1922 3364 1977; x_wconf 79' lang='grc' dir='ltr'>οὕτε</span> <span class='ocrx_word' id='word_1_381' title='bbox 3394 1923 3526 1987; x_wconf 81' lang='grc' dir='ltr'>Υἱὸς</span> <span class='ocrx_word' id='word_1_382' title='bbox 3554 1942 3827 1996; x_wconf 81' lang='grc' dir='ltr'>προσαγο-</span> 
     </span>
    </p>
   </div>
   <div class='ocr_carea' id='block_1_51' title="bbox 2259 2010 3829 2089">
    <p class='ocr_par' dir='ltr' id='par_1_51' title="bbox 2259 2010 3829 2089">
     <span class='ocr_line' id='line_1_51' title="bbox 2259 2010 3829 2089; baseline 0.006 -28"><span class='ocrx_word' id='word_1_383' title='bbox 2259 2010 2505 2078; x_wconf 57' lang='grc' dir='ltr'>ρεύεται,</span> <span class='ocrx_word' id='word_1_384' title='bbox 2543 2011 2678 2074; x_wconf 81' lang='grc' dir='ltr'><strong>Θεὸς</strong></span> <span class='ocrx_word' id='word_1_385' title='bbox 2699 2011 2756 2066; x_wconf 69' lang='grc' dir='ltr'><strong>δὲ</strong></span> <span class='ocrx_word' id='word_1_386' title='bbox 2778 2011 2866 2066; x_wconf 74' lang='grc' dir='ltr'><strong>ἀεὶ</strong></span> <span class='ocrx_word' id='word_1_387' title='bbox 2903 2015 2937 2085; x_wconf 83' lang='grc' dir='ltr'><strong>ὴ</strong></span> <span class='ocrx_word' id='word_1_388' title='bbox 2973 2010 3145 2086; x_wconf 83' lang='grc' dir='ltr'>Τριὰς</span> <span class='ocrx_word' id='word_1_389' title='bbox 3178 2016 3829 2089; x_wconf 57' lang='grc' dir='ltr'>ὀνομάζεται.,Δέγοντες</span> 
     </span>
    </p>
   </div>
   <div class='ocr_carea' id='block_1_52' title="bbox 2253 2097 3828 2179">
    <p class='ocr_par' dir='ltr' id='par_1_52' title="bbox 2253 2097 3828 2179">
     <span class='ocr_line' id='line_1_52' title="bbox 2253 2097 3828 2179; baseline 0.003 -23"><span class='ocrx_word' id='word_1_390' title='bbox 2253 2097 2347 2156; x_wconf 82' lang='grc' dir='ltr'><strong>οῦν</strong></span> <span class='ocrx_word' id='word_1_391' title='bbox 2377 2104 2528 2174; x_wconf 80' lang='grc' dir='ltr'>τρεῖς</span> <span class='ocrx_word' id='word_1_392' title='bbox 2558 2103 2908 2170; x_wconf 81' lang='grc' dir='ltr'>ὑποστάσεις,</span> <span class='ocrx_word' id='word_1_393' title='bbox 2939 2105 3056 2176; x_wconf 77' lang='grc' dir='ltr'>ἦτοι</span> <span class='ocrx_word' id='word_1_394' title='bbox 3093 2106 3365 2176; x_wconf 77' lang='grc' dir='ltr'>πρόσωπα</span> <span class='ocrx_word' id='word_1_395' title='bbox 3390 2107 3540 2179; x_wconf 86' lang='grc' dir='ltr'>τρία,</span> <span class='ocrx_word' id='word_1_396' title='bbox 3574 2107 3635 2162; x_wconf 86' lang='grc' dir='ltr'><strong>ού</strong></span> <span class='ocrx_word' id='word_1_397' title='bbox 3674 2107 3828 2176; x_wconf 80' lang='grc' dir='ltr'>λέγο-</span> 
     </span>
    </p>
   </div>
   <div class='ocr_carea' id='block_1_53' title="bbox 2257 2195 3829 2271">
    <p class='ocr_par' dir='ltr' id='par_1_53' title="bbox 2257 2195 3829 2271">
     <span class='ocr_line' id='line_1_53' title="bbox 2257 2195 3829 2271; baseline 0.004 -23"><span class='ocrx_word' id='word_1_398' title='bbox 2257 2211 2359 2265; x_wconf 87' lang='grc' dir='ltr'><strong>μεν</strong></span> <span class='ocrx_word' id='word_1_399' title='bbox 2391 2196 2542 2267; x_wconf 84' lang='grc' dir='ltr'>τρεῖς</span> <span class='ocrx_word' id='word_1_400' title='bbox 2564 2196 2775 2260; x_wconf 82' lang='grc' dir='ltr'>οὐσίας,</span> <span class='ocrx_word' id='word_1_401' title='bbox 2802 2195 2836 2267; x_wconf 77' lang='grc' dir='ltr'><strong>ἢ</strong></span> <span class='ocrx_word' id='word_1_402' title='bbox 2867 2199 3017 2268; x_wconf 89' lang='grc' dir='ltr'>τρεῖς</span> <span class='ocrx_word' id='word_1_403' title='bbox 3045 2198 3258 2267; x_wconf 87' lang='grc' dir='ltr'>φύσεις,</span> <span class='ocrx_word' id='word_1_404' title='bbox 3283 2198 3316 2269; x_wconf 79' lang='grc' dir='ltr'>ἢ</span> <span class='ocrx_word' id='word_1_405' title='bbox 3343 2198 3502 2263; x_wconf 77' lang='grc' dir='ltr'><strong>θεοὺς·</strong></span> <span class='ocrx_word' id='word_1_406' title='bbox 3520 2202 3699 2271; x_wconf 83' lang='grc' dir='ltr'>τρεῖς,</span> <span class='ocrx_word' id='word_1_407' title='bbox 3721 2200 3829 2255; x_wconf 78' lang='grc' dir='ltr'>ἀλλ’</span> 
     </span>
    </p>
   </div>
   <div class='ocr_carea' id='block_1_54' title="bbox 2253 2276 3830 2361">
    <p class='ocr_par' dir='ltr' id='par_1_54' title="bbox 2253 2276 3830 2361">
     <span class='ocr_line' id='line_1_54' title="bbox 2253 2276 3830 2361; baseline 0.004 -22"><span class='ocrx_word' id='word_1_408' title='bbox 2253 2284 2353 2341; x_wconf 71' lang='grc' dir='ltr'>ἕνα</span> <span class='ocrx_word' id='word_1_409' title='bbox 2382 2287 2549 2352; x_wconf 69' lang='lat' dir='ltr'><strong>852w,-</strong></span> <span class='ocrx_word' id='word_1_410' title='bbox 2566 2287 2697 2358; x_wconf 90' lang='grc' dir='ltr'>μίαν</span> <span class='ocrx_word' id='word_1_411' title='bbox 2727 2287 3084 2360; x_wconf 57' lang='lat' dir='ltr'><strong>eiiciamﬁ&#39;rm</strong></span> <span class='ocrx_word' id='word_1_412' title='bbox 3109 2289 3295 2358; x_wconf 80' lang='grc' dir='ltr'>φύσιν,</span> <span class='ocrx_word' id='word_1_413' title='bbox 3324 2276 3723 2361; x_wconf 83' lang='grc' dir='ltr'>ὁμολογοῦμεν,</span> <span class='ocrx_word' id='word_1_414' title='bbox 3747 2292 3830 2346; x_wconf 70' lang='grc' dir='ltr'>ἕνα</span> 
     </span>
    </p>
   </div>
   <div class='ocr_carea' id='block_1_55' title="bbox 2257 2378 3827 2457">
    <p class='ocr_par' dir='ltr' id='par_1_55' title="bbox 2257 2378 3827 2457">
     <span class='ocr_line' id='line_1_55' title="bbox 2257 2378 3827 2457; baseline 0.005 -25"><span class='ocrx_word' id='word_1_415' title='bbox 2257 2378 2333 2449; x_wconf 80' lang='grc' dir='ltr'>μὴ</span> <span class='ocrx_word' id='word_1_416' title='bbox 2378 2379 2798 2451; x_wconf 85' lang='grc' dir='ltr'>ἀρειανίσωμεν.</span> <span class='ocrx_word' id='word_1_417' title='bbox 2836 2381 3106 2451; x_wconf 83' lang='grc' dir='ltr'>Λέγοντες</span> <span class='ocrx_word' id='word_1_418' title='bbox 3150 2382 3211 2435; x_wconf 75' lang='grc' dir='ltr'><strong>δὲ</strong></span> <span class='ocrx_word' id='word_1_419' title='bbox 3262 2383 3391 2453; x_wconf 83' lang='grc' dir='ltr'>μίαν</span> <span class='ocrx_word' id='word_1_420' title='bbox 3441 2383 3655 2449; x_wconf 81' lang='grc' dir='ltr'>οὐσίαν,</span> <span class='ocrx_word' id='word_1_421' title='bbox 3712 2386 3827 2457; x_wconf 68' lang='grc' dir='ltr'>ἦτοι</span> 
     </span>
    </p>
   </div>
   <div class='ocr_carea' id='block_1_56' title="bbox 2206 2466 3828 2549">
    <p class='ocr_par' dir='ltr' id='par_1_56' title="bbox 2206 2466 3828 2549">
     <span class='ocr_line' id='line_1_56' title="bbox 2206 2466 3828 2549; baseline 0.004 -28"><span class='ocrx_word' id='word_1_422' title='bbox 2206 2500 2213 2505; x_wconf 93' lang='grc'><strong>-</strong></span> <span class='ocrx_word' id='word_1_423' title='bbox 2255 2469 2437 2549; x_wconf 79' lang='grc' dir='ltr'>φύσιν,</span> <span class='ocrx_word' id='word_1_424' title='bbox 2474 2473 2536 2524; x_wconf 83' lang='grc' dir='ltr'>οὐ</span> <span class='ocrx_word' id='word_1_425' title='bbox 2571 2471 2807 2542; x_wconf 82' lang='grc' dir='ltr'>λέγομεν</span> <span class='ocrx_word' id='word_1_426' title='bbox 2841 2466 2976 2543; x_wconf 81' lang='grc' dir='ltr'>μίαν</span> <span class='ocrx_word' id='word_1_427' title='bbox 3016 2472 3332 2549; x_wconf 79' lang='grc' dir='ltr'>ὑπόστασιν,</span> <span class='ocrx_word' id='word_1_428' title='bbox 3365 2473 3455 2529; x_wconf 76' lang='grc' dir='ltr'>ἵνα</span> <span class='ocrx_word' id='word_1_429' title='bbox 3500 2475 3579 2547; x_wconf 83' lang='grc' dir='ltr'>μὴ</span> <span class='ocrx_word' id='word_1_430' title='bbox 3634 2476 3828 2530; x_wconf 75' lang='grc' dir='ltr'>σαΰελ-</span> 
     </span>
    </p>
   </div>
   <div class='ocr_carea' id='block_1_57' title="bbox 2252 2560 3823 2638">
    <p class='ocr_par' dir='ltr' id='par_1_57' title="bbox 2252 2560 3823 2638">
     <span class='ocr_line' id='line_1_57' title="bbox 2252 2560 3823 2638; baseline 0.004 -24"><span class='ocrx_word' id='word_1_431' title='bbox 2252 2560 2610 2633; x_wconf 82' lang='grc' dir='ltr'>λιανίσωμεν.</span> <span class='ocrx_word' id='word_1_432' title='bbox 2662 2562 2826 2617; x_wconf 82' lang='grc' dir='ltr'>Ἀλλά</span> <span class='ocrx_word' id='word_1_433' title='bbox 2876 2562 3029 2636; x_wconf 81' lang='grc' dir='ltr'>τρεῖς</span> <span class='ocrx_word' id='word_1_434' title='bbox 3084 2564 3455 2630; x_wconf 69' lang='grc' dir='ltr'>ὑποστάσεις,</span> <span class='ocrx_word' id='word_1_435' title='bbox 3518 2567 3642 2638; x_wconf 65' lang='grc' dir='ltr'>ἦτοι</span> <span class='ocrx_word' id='word_1_436' title='bbox 3700 2567 3823 2638; x_wconf 80' lang='grc' dir='ltr'>τρία</span> 
     </span>
    </p>
   </div>
   <div class='ocr_carea' id='block_1_58' title="bbox 2253 2653 3827 2729">
    <p class='ocr_par' dir='ltr' id='par_1_58' title="bbox 2253 2653 3827 2729">
     <span class='ocr_line' id='line_1_58' title="bbox 2253 2653 3827 2729; baseline 0.005 -23"><span class='ocrx_word' id='word_1_437' title='bbox 2253 2653 2547 2724; x_wconf 83' lang='grc' dir='ltr'>πρόσωπα,</span> <span class='ocrx_word' id='word_1_438' title='bbox 2600 2656 2658 2708; x_wconf 81' lang='grc' dir='ltr'>ἐν</span> <span class='ocrx_word' id='word_1_439' title='bbox 2716 2657 2817 2728; x_wconf 79' lang='grc' dir='ltr'><strong>μιᾷ</strong></span> <span class='ocrx_word' id='word_1_440' title='bbox 2870 2655 3110 2727; x_wconf 79' lang='grc' dir='ltr'>Θεότητι,</span> <span class='ocrx_word' id='word_1_441' title='bbox 3133 2657 3332 2711; x_wconf 79' lang='grc' dir='ltr'>οὐσίαν</span> <span class='ocrx_word' id='word_1_442' title='bbox 3364 2658 3499 2729; x_wconf 86' lang='grc' dir='ltr'>μίαν</span> <span class='ocrx_word' id='word_1_443' title='bbox 3527 2661 3625 2714; x_wconf 81' lang='grc' dir='ltr'><strong>καὶ</strong></span> <span class='ocrx_word' id='word_1_444' title='bbox 3668 2661 3827 2729; x_wconf 76' lang='grc' dir='ltr'>φύσιν</span> 
     </span>
    </p>
   </div>
   <div class='ocr_carea' id='block_1_59' title="bbox 2254 2744 3827 2820">
    <p class='ocr_par' dir='ltr' id='par_1_59' title="bbox 2254 2744 3827 2820">
     <span class='ocr_line' id='line_1_59' title="bbox 2254 2744 3827 2820; baseline 0.004 -22"><span class='ocrx_word' id='word_1_445' title='bbox 2254 2745 2609 2816; x_wconf 85' lang='grc' dir='ltr'>πιστεύομεν.</span> <span class='ocrx_word' id='word_1_446' title='bbox 2647 2744 2782 2812; x_wconf 82' lang='grc' dir='ltr'><strong>Θεός</strong></span> <span class='ocrx_word' id='word_1_447' title='bbox 2813 2751 2963 2803; x_wconf 76' lang='grc' dir='ltr'>ἐστιν</span> <span class='ocrx_word' id='word_1_448' title='bbox 3006 2748 3319 2820; x_wconf 52' lang='lat' dir='ltr'><strong>sesamo;</strong></span> <span class='ocrx_word' id='word_1_449' title='bbox 3339 2750 3523 2819; x_wconf 77' lang='grc' dir='ltr'>οὖσία,</span> <span class='ocrx_word' id='word_1_450' title='bbox 3551 2752 3827 2814; x_wconf 76' lang='grc' dir='ltr'>ἀκατάλη-</span> 
     </span>
    </p>
   </div>
   <div class='ocr_carea' id='block_1_60' title="bbox 2253 2835 3825 2914">
    <p class='ocr_par' dir='ltr' id='par_1_60' title="bbox 2253 2835 3825 2914">
     <span class='ocr_line' id='line_1_60' title="bbox 2253 2835 3825 2914; baseline 0.02 -35"><span class='ocrx_word' id='word_1_451' title='bbox 2253 2852 2388 2900; x_wconf 78' lang='grc' dir='ltr'>πτος</span> <span class='ocrx_word' id='word_1_452' title='bbox 2441 2835 2567 2901; x_wconf 82' lang='grc' dir='ltr'>νοῦς</span> <span class='ocrx_word' id='word_1_453' title='bbox 2593 2880 2608 2904; x_wconf 88' lang='grc'><strong>,</strong></span> <span class='ocrx_word' id='word_1_454' title='bbox 2665 2836 2952 2910; x_wconf 73' lang='grc' dir='ltr'>ἀμήχανον</span> <span class='ocrx_word' id='word_1_455' title='bbox 3001 2836 3221 2907; x_wconf 74' lang='grc' dir='ltr'>κάλλός,</span> <span class='ocrx_word' id='word_1_456' title='bbox 3273 2841 3509 2913; x_wconf 75' lang='grc' dir='ltr'>ἀόρατον</span> <span class='ocrx_word' id='word_1_457' title='bbox 3577 2842 3825 2914; x_wconf 72' lang='grc' dir='ltr'>μέγεθος.</span> 
     </span>
    </p>
   </div>
   <div class='ocr_carea' id='block_1_61' title="bbox 2252 2928 3821 3009">
    <p class='ocr_par' dir='ltr' id='par_1_61' title="bbox 2252 2928 3821 3009">
     <span class='ocr_line' id='line_1_61' title="bbox 2252 2928 3821 3009; baseline 0.006 -27"><span class='ocrx_word' id='word_1_458' title='bbox 2252 2928 2612 2999; x_wconf 70' lang='grc' dir='ltr'>ἀπερινᾷητος</span> <span class='ocrx_word' id='word_1_459' title='bbox 2677 2929 2821 2995; x_wconf 78' lang='grc' dir='ltr'><strong>δόξα.</strong></span> <span class='ocrx_word' id='word_1_460' title='bbox 2876 2931 3005 2996; x_wconf 84' lang='grc' dir='ltr'>Υἱός</span> <span class='ocrx_word' id='word_1_461' title='bbox 3063 2934 3212 2988; x_wconf 71' lang='grc' dir='ltr'>ἐστιν</span> <span class='ocrx_word' id='word_1_462' title='bbox 3272 2935 3514 3007; x_wconf 75' lang='grc' dir='ltr'>ἄρρητον</span> <span class='ocrx_word' id='word_1_463' title='bbox 3550 2937 3821 3009; x_wconf 75' lang='grc' dir='ltr'>γέννημα,</span> 
     </span>
    </p>
   </div>
   <div class='ocr_carea' id='block_1_62' title="bbox 566 3016 2150 3103">
    <p class='ocr_par' dir='ltr' id='par_1_62' title="bbox 566 3021 2148 3103">
     <span class='ocr_line' id='line_1_62' title="bbox 566 3021 2148 3103; baseline -0.001 -23"><span class='ocrx_word' id='word_1_464' title='bbox 566 3038 728 3080; x_wconf 86' lang='lat' dir='ltr'><strong>mens</strong></span> <span class='ocrx_word' id='word_1_465' title='bbox 759 3038 882 3094; x_wconf 85' lang='lat' dir='ltr'><strong>quae</strong></span> <span class='ocrx_word' id='word_1_466' title='bbox 913 3023 1311 3094; x_wconf 83' lang='lat' dir='ltr'><strong>comprehendi</strong></span> <span class='ocrx_word' id='word_1_467' title='bbox 1335 3023 1556 3094; x_wconf 89' lang='lat' dir='ltr'><strong>nequit,</strong></span> <span class='ocrx_word' id='word_1_468' title='bbox 1585 3022 1949 3093; x_wconf 87' lang='lat' dir='ltr'><strong>pulchritudo</strong></span> <span class='ocrx_word' id='word_1_469' title='bbox 1988 3021 2148 3103; x_wconf 78' lang='lat' dir='ltr'><strong>cujus</strong></span> 
     </span>
    </p>
   </div>
   <div class='ocr_carea' id='block_1_63' title="bbox 2250 3016 3829 3103">
    <p class='ocr_par' dir='ltr' id='par_1_63' title="bbox 2252 3016 3829 3103">
     <span class='ocr_line' id='line_1_63' title="bbox 2252 3016 3829 3103; baseline 0.01 -35"><span class='ocrx_word' id='word_1_470' title='bbox 2252 3016 2564 3086; x_wconf 86' lang='grc' dir='ltr'>ἀμύθευτος</span> <span class='ocrx_word' id='word_1_471' title='bbox 2584 3019 2763 3103; x_wconf 80' lang='grc' dir='ltr'>λόγος,</span> <span class='ocrx_word' id='word_1_472' title='bbox 2795 3022 3211 3095; x_wconf 80' lang='grc' dir='ltr'>ἀνυπέρϐλητος</span> <span class='ocrx_word' id='word_1_473' title='bbox 3234 3024 3380 3093; x_wconf 85' lang='grc' dir='ltr'>νοῦς,</span> <span class='ocrx_word' id='word_1_474' title='bbox 3406 3027 3829 3101; x_wconf 77' lang='grc' dir='ltr'>ἀπαράλλακτος</span> 
     </span>
    </p>
   </div>
   <div class='ocr_carea' id='block_1_64' title="bbox 566 3111 2148 3185">
    <p class='ocr_par' dir='ltr' id='par_1_64' title="bbox 566 3111 2148 3185">
     <span class='ocr_line' id='line_1_64' title="bbox 566 3111 2148 3185; baseline -0.003 -15"><span class='ocrx_word' id='word_1_475' title='bbox 566 3114 713 3172; x_wconf 82' lang='lat' dir='ltr'><strong>ratio</strong></span> <span class='ocrx_word' id='word_1_476' title='bbox 739 3123 866 3171; x_wconf 87' lang='lat' dir='ltr'><strong>ante</strong></span> <span class='ocrx_word' id='word_1_477' title='bbox 912 3115 1063 3171; x_wconf 87' lang='lat' dir='ltr'><strong>nulla</strong></span> <span class='ocrx_word' id='word_1_478' title='bbox 1109 3115 1239 3171; x_wconf 90' lang='lat' dir='ltr'><strong>iniri</strong></span> <span class='ocrx_word' id='word_1_479' title='bbox 1276 3122 1480 3185; x_wconf 90' lang='lat' dir='ltr'><strong>potest,</strong></span> <span class='ocrx_word' id='word_1_480' title='bbox 1507 3111 1830 3185; x_wconf 77' lang='lat' dir='ltr'><strong>magnitudo</strong></span> <span class='ocrx_word' id='word_1_481' title='bbox 1854 3129 1977 3183; x_wconf 65' lang='lat' dir='ltr'><strong>qua:</strong></span> <span class='ocrx_word' id='word_1_482' title='bbox 1997 3111 2148 3168; x_wconf 91' lang='lat' dir='ltr'><strong>cerni</strong></span> 
     </span>
    </p>
   </div>
   <div class='ocr_carea' id='block_1_65' title="bbox 564 3195 2148 3278">
    <p class='ocr_par' dir='ltr' id='par_1_65' title="bbox 564 3195 2148 3278">
     <span class='ocr_line' id='line_1_65' title="bbox 564 3195 2148 3278; baseline -0.001 -18"><span class='ocrx_word' id='word_1_483' title='bbox 564 3221 680 3261; x_wconf 90' lang='lat' dir='ltr'><strong>non</strong></span> <span class='ocrx_word' id='word_1_484' title='bbox 712 3207 908 3278; x_wconf 87' lang='lat' dir='ltr'><strong>possit,</strong></span> <span class='ocrx_word' id='word_1_485' title='bbox 933 3207 1111 3277; x_wconf 72' lang='lat' dir='ltr'><strong>gloria</strong></span> <span class='ocrx_word' id='word_1_486' title='bbox 1162 3221 1383 3261; x_wconf 92' lang='lat' dir='ltr'><strong>omnem</strong></span> <span class='ocrx_word' id='word_1_487' title='bbox 1419 3195 1823 3278; x_wconf 75' lang='lat' dir='ltr'><strong>cogitationem</strong></span> <span class='ocrx_word' id='word_1_488' title='bbox 1856 3203 2148 3275; x_wconf 68' lang='lat' dir='ltr'><strong>effugiens.</strong></span> 
     </span>
    </p>
   </div>
   <div class='ocr_carea' id='block_1_66' title="bbox 566 3296 2150 3370">
    <p class='ocr_par' dir='ltr' id='par_1_66' title="bbox 566 3296 2150 3370">
     <span class='ocr_line' id='line_1_66' title="bbox 566 3296 2150 3370; baseline -0.001 -17"><span class='ocrx_word' id='word_1_489' title='bbox 566 3297 743 3356; x_wconf 85' lang='lat' dir='ltr'><strong>Filius</strong></span> <span class='ocrx_word' id='word_1_490' title='bbox 770 3305 858 3354; x_wconf 88' lang='lat' dir='ltr'><strong>est</strong></span> <span class='ocrx_word' id='word_1_491' title='bbox 891 3297 1193 3354; x_wconf 81' lang='lat' dir='ltr'><strong>ineﬂ&#39;abilis</strong></span> <span class='ocrx_word' id='word_1_492' title='bbox 1248 3298 1457 3370; x_wconf 88' lang='lat' dir='ltr'><strong>proles,</strong></span> <span class='ocrx_word' id='word_1_493' title='bbox 1498 3312 1684 3355; x_wconf 87' lang='lat' dir='ltr'><strong>sermo</strong></span> <span class='ocrx_word' id='word_1_494' title='bbox 1728 3297 1880 3352; x_wconf 88' lang='lat' dir='ltr'><strong>nulla</strong></span> <span class='ocrx_word' id='word_1_495' title='bbox 1932 3296 2150 3352; x_wconf 89' lang='lat' dir='ltr'><strong>ratione</strong></span> 
     </span>
    </p>
   </div>
   <div class='ocr_carea' id='block_1_67' title="bbox 566 3387 2148 3460">
    <p class='ocr_par' dir='ltr' id='par_1_67' title="bbox 566 3387 2148 3460">
     <span class='ocr_line' id='line_1_67' title="bbox 566 3387 2148 3460; baseline -0.002 -16"><span class='ocrx_word' id='word_1_496' title='bbox 566 3390 939 3460; x_wconf 79' lang='lat' dir='ltr'><strong>explicabilis,</strong></span> <span class='ocrx_word' id='word_1_497' title='bbox 964 3405 1121 3445; x_wconf 86' lang='lat' dir='ltr'><strong>mens</strong></span> <span class='ocrx_word' id='word_1_498' title='bbox 1144 3389 1564 3460; x_wconf 86' lang='lat' dir='ltr'><strong>insuperabilis,</strong></span> <span class='ocrx_word' id='word_1_499' title='bbox 1588 3389 1831 3445; x_wconf 87' lang='lat' dir='ltr'><strong>essentia</strong></span> <span class='ocrx_word' id='word_1_500' title='bbox 1853 3387 2148 3452; x_wconf 85' lang='lat' dir='ltr'><strong>invariata,</strong></span> 
     </span>
    </p>
   </div>
   <div class='ocr_carea' id='block_1_68' title="bbox 567 3481 2150 3553">
    <p class='ocr_par' dir='ltr' id='par_1_68' title="bbox 567 3481 2150 3553">
     <span class='ocr_line' id='line_1_68' title="bbox 567 3481 2150 3553; baseline 0 -16"><span class='ocrx_word' id='word_1_501' title='bbox 567 3491 767 3537; x_wconf 88' lang='lat' dir='ltr'><strong>natura</strong></span> <span class='ocrx_word' id='word_1_502' title='bbox 814 3481 1120 3549; x_wconf 89' lang='lat' dir='ltr'><strong>inaccessa,</strong></span> <span class='ocrx_word' id='word_1_503' title='bbox 1171 3484 1460 3539; x_wconf 88' lang='lat' dir='ltr'><strong>character</strong></span> <span class='ocrx_word' id='word_1_504' title='bbox 1512 3483 1843 3544; x_wconf 81' lang='lat' dir='ltr'><strong>subsistens.</strong></span> <span class='ocrx_word' id='word_1_505' title='bbox 1907 3481 2150 3553; x_wconf 90' lang='lat' dir='ltr'><strong>Spiritus</strong></span> 
     </span>
    </p>
   </div>
   <div class='ocr_carea' id='block_1_69' title="bbox 565 3574 2150 3647">
    <p class='ocr_par' dir='ltr' id='par_1_69' title="bbox 565 3574 2150 3647">
     <span class='ocr_line' id='line_1_69' title="bbox 565 3574 2150 3647; baseline 0 -17"><span class='ocrx_word' id='word_1_506' title='bbox 565 3580 653 3630; x_wconf 88' lang='lat' dir='ltr'><strong>est</strong></span> <span class='ocrx_word' id='word_1_507' title='bbox 701 3574 1091 3631; x_wconf 88' lang='lat' dir='ltr'><strong>intellectualis</strong></span> <span class='ocrx_word' id='word_1_508' title='bbox 1126 3582 1183 3635; x_wconf 87' lang='lat' dir='ltr'><strong>ct</strong></span> <span class='ocrx_word' id='word_1_509' title='bbox 1228 3575 1484 3647; x_wconf 79' lang='lat' dir='ltr'><strong>simplex,</strong></span> <span class='ocrx_word' id='word_1_510' title='bbox 1537 3575 1779 3641; x_wconf 86' lang='lat' dir='ltr'><strong>subtilis,</strong></span> <span class='ocrx_word' id='word_1_511' title='bbox 1835 3574 2034 3646; x_wconf 86' lang='lat' dir='ltr'><strong>planus</strong></span> <span class='ocrx_word' id='word_1_512' title='bbox 2085 3589 2150 3630; x_wconf 89' lang='lat' dir='ltr'><strong>ac</strong></span> 
     </span>
    </p>
   </div>
   <div class='ocr_carea' id='block_1_70' title="bbox 565 3664 2149 3735">
    <p class='ocr_par' dir='ltr' id='par_1_70' title="bbox 565 3664 2149 3735">
     <span class='ocr_line' id='line_1_70' title="bbox 565 3664 2149 3735; baseline 0.001 -15"><span class='ocrx_word' id='word_1_513' title='bbox 565 3664 897 3735; x_wconf 89' lang='lat' dir='ltr'><strong>pellucidus,</strong></span> <span class='ocrx_word' id='word_1_514' title='bbox 927 3666 1109 3729; x_wconf 88' lang='lat' dir='ltr'><strong>omnis</strong></span> <span class='ocrx_word' id='word_1_515' title='bbox 1129 3668 1287 3725; x_wconf 72' lang='lat' dir='ltr'><strong>noxa:</strong></span> <span class='ocrx_word' id='word_1_516' title='bbox 1307 3673 1363 3723; x_wconf 89' lang='lat' dir='ltr'><strong>et</strong></span> <span class='ocrx_word' id='word_1_517' title='bbox 1382 3667 1610 3722; x_wconf 73' lang='lat' dir='ltr'><strong>macula:</strong></span> <span class='ocrx_word' id='word_1_518' title='bbox 1634 3681 1851 3735; x_wconf 78' lang='lat' dir='ltr'><strong>expers,</strong></span> <span class='ocrx_word' id='word_1_519' title='bbox 1879 3673 1935 3721; x_wconf 91' lang='lat' dir='ltr'><strong>et</strong></span> <span class='ocrx_word' id='word_1_520' title='bbox 1960 3664 2149 3721; x_wconf 88' lang='lat' dir='ltr'><strong>omnia</strong></span> 
     </span>
    </p>
   </div>
   <div class='ocr_carea' id='block_1_71' title="bbox 565 3752 2149 3827">
    <p class='ocr_par' dir='ltr' id='par_1_71' title="bbox 565 3752 2149 3827">
     <span class='ocr_line' id='line_1_71' title="bbox 565 3752 2149 3827; baseline 0.001 -18"><span class='ocrx_word' id='word_1_521' title='bbox 565 3752 806 3810; x_wconf 88' lang='lat' dir='ltr'><strong>intuens.</strong></span> <span class='ocrx_word' id='word_1_522' title='bbox 840 3754 1024 3827; x_wconf 79' lang='lat' dir='ltr'><strong>Imago</strong></span> <span class='ocrx_word' id='word_1_523' title='bbox 1047 3755 1233 3811; x_wconf 89' lang='lat' dir='ltr'><strong>Patris</strong></span> <span class='ocrx_word' id='word_1_524' title='bbox 1254 3764 1339 3812; x_wconf 91' lang='lat' dir='ltr'><strong>est</strong></span> <span class='ocrx_word' id='word_1_525' title='bbox 1361 3756 1464 3822; x_wconf 90' lang='lat' dir='ltr'><strong>sol,</strong></span> <span class='ocrx_word' id='word_1_526' title='bbox 1491 3756 1682 3811; x_wconf 79' lang='lat' dir='ltr'><strong>radius</strong></span> <span class='ocrx_word' id='word_1_527' title='bbox 1708 3755 1854 3821; x_wconf 78' lang='lat' dir='ltr'><strong>Filii,</strong></span> <span class='ocrx_word' id='word_1_528' title='bbox 1888 3755 2027 3821; x_wconf 85' lang='lat' dir='ltr'><strong>radii</strong></span> <span class='ocrx_word' id='word_1_529' title='bbox 2053 3771 2149 3811; x_wconf 88' lang='lat' dir='ltr'><strong>ca-</strong></span> 
     </span>
    </p>
   </div>
   <div class='ocr_carea' id='block_1_72' title="bbox 564 3844 2151 3920">
    <p class='ocr_par' dir='ltr' id='par_1_72' title="bbox 564 3844 2151 3920">
     <span class='ocr_line' id='line_1_72' title="bbox 564 3844 2151 3920; baseline 0.001 -21"><span class='ocrx_word' id='word_1_530' title='bbox 564 3845 652 3900; x_wconf 86' lang='lat' dir='ltr'><strong>lor</strong></span> <span class='ocrx_word' id='word_1_531' title='bbox 690 3853 776 3901; x_wconf 90' lang='lat' dir='ltr'><strong>est</strong></span> <span class='ocrx_word' id='word_1_532' title='bbox 803 3844 1042 3917; x_wconf 89' lang='lat' dir='ltr'><strong>Spiritus</strong></span> <span class='ocrx_word' id='word_1_533' title='bbox 1065 3847 1265 3920; x_wconf 88' lang='lat' dir='ltr'><strong>sancti.</strong></span> <span class='ocrx_word' id='word_1_534' title='bbox 1298 3847 1489 3917; x_wconf 83' lang='lat' dir='ltr'><strong>Itaque</strong></span> <span class='ocrx_word' id='word_1_535' title='bbox 1520 3847 1600 3903; x_wconf 89' lang='lat' dir='ltr'><strong>sol</strong></span> <span class='ocrx_word' id='word_1_536' title='bbox 1627 3854 1710 3906; x_wconf 88' lang='lat' dir='ltr'><strong>est</strong></span> <span class='ocrx_word' id='word_1_537' title='bbox 1742 3846 1929 3911; x_wconf 90' lang='lat' dir='ltr'><strong>Pater,</strong></span> <span class='ocrx_word' id='word_1_538' title='bbox 1959 3845 2151 3901; x_wconf 84' lang='lat' dir='ltr'><strong>radius</strong></span> 
     </span>
    </p>
   </div>
   <div class='ocr_carea' id='block_1_73' title="bbox 564 3935 2149 4011">
    <p class='ocr_par' dir='ltr' id='par_1_73' title="bbox 564 3935 2149 4011">
     <span class='ocr_line' id='line_1_73' title="bbox 564 3935 2149 4011; baseline 0.001 -20"><span class='ocrx_word' id='word_1_539' title='bbox 564 3935 760 4003; x_wconf 82' lang='lat' dir='ltr'><strong>Filius,</strong></span> <span class='ocrx_word' id='word_1_540' title='bbox 808 3936 1072 4007; x_wconf 85' lang='lat' dir='ltr'><strong>splendor</strong></span> <span class='ocrx_word' id='word_1_541' title='bbox 1108 3937 1314 4011; x_wconf 76' lang='lat' dir='ltr'><strong>ignitus</strong></span> <span class='ocrx_word' id='word_1_542' title='bbox 1347 3945 1433 3995; x_wconf 87' lang='lat' dir='ltr'><strong>est</strong></span> <span class='ocrx_word' id='word_1_543' title='bbox 1484 3936 1862 4009; x_wconf 86' lang='lat' dir='ltr'><strong>Spiritusille</strong></span> <span class='ocrx_word' id='word_1_544' title='bbox 1915 3952 2149 4007; x_wconf 79' lang='lat' dir='ltr'><strong>prorsus</strong></span> 
     </span>
    </p>
   </div>
   <div class='ocr_carea' id='block_1_74' title="bbox 562 4027 2144 4107">
    <p class='ocr_par' dir='ltr' id='par_1_74' title="bbox 562 4027 2144 4107">
     <span class='ocr_line' id='line_1_74' title="bbox 562 4027 2144 4107; baseline 0.001 -25"><span class='ocrx_word' id='word_1_545' title='bbox 562 4027 898 4089; x_wconf 39' lang='lat' dir='ltr'><strong>sanctus..Et</strong></span> <span class='ocrx_word' id='word_1_546' title='bbox 932 4028 1013 4083; x_wconf 90' lang='lat' dir='ltr'><strong>sol</strong></span> <span class='ocrx_word' id='word_1_547' title='bbox 1036 4027 1263 4099; x_wconf 88' lang='lat' dir='ltr'><strong>quidem</strong></span> <span class='ocrx_word' id='word_1_548' title='bbox 1289 4045 1574 4107; x_wconf 86' lang='lat' dir='ltr'><strong>nunquam</strong></span> <span class='ocrx_word' id='word_1_549' title='bbox 1601 4030 1802 4095; x_wconf 60' lang='lat' dir='ltr'><strong>malum</strong></span> <span class='ocrx_word' id='word_1_550' title='bbox 1848 4028 2097 4085; x_wconf 87' lang='lat' dir='ltr'><strong>deseruit</strong></span> <span class='ocrx_word' id='word_1_551' title='bbox 2130 4047 2144 4084; x_wconf 91' lang='lat'><strong>:</strong></span> 
     </span>
    </p>
   </div>
   <div class='ocr_carea' id='block_1_75' title="bbox 564 4118 2163 4193">
    <p class='ocr_par' dir='ltr' id='par_1_75' title="bbox 564 4118 2163 4193">
     <span class='ocr_line' id='line_1_75' title="bbox 564 4118 2163 4193; baseline 0.001 -19"><span class='ocrx_word' id='word_1_552' title='bbox 564 4118 767 4175; x_wconf 87' lang='lat' dir='ltr'><strong>Filium</strong></span> <span class='ocrx_word' id='word_1_553' title='bbox 808 4130 994 4181; x_wconf 87' lang='lat' dir='ltr'><strong>autem</strong></span> <span class='ocrx_word' id='word_1_554' title='bbox 1025 4132 1089 4177; x_wconf 90' lang='lat' dir='ltr'><strong>ut</strong></span> <span class='ocrx_word' id='word_1_555' title='bbox 1134 4122 1341 4188; x_wconf 91' lang='lat' dir='ltr'><strong>radios,</strong></span> <span class='ocrx_word' id='word_1_556' title='bbox 1375 4121 1727 4193; x_wconf 89' lang='lat' dir='ltr'><strong>splendorem</strong></span> <span class='ocrx_word' id='word_1_557' title='bbox 1781 4122 2042 4193; x_wconf 84' lang='lat' dir='ltr'><strong>videlicet</strong></span> <span class='ocrx_word' id='word_1_558' title='bbox 2078 4120 2163 4176; x_wconf 73' lang='lat' dir='ltr'><strong>ab‘</strong></span> 
     </span>
    </p>
   </div>
   <div class='ocr_carea' id='block_1_76' title="bbox 563 4211 2143 4289">
    <p class='ocr_par' dir='ltr' id='par_1_76' title="bbox 563 4211 2143 4289">
     <span class='ocr_line' id='line_1_76' title="bbox 563 4211 2143 4289; baseline 0.002 -21"><span class='ocrx_word' id='word_1_559' title='bbox 563 4211 685 4284; x_wconf 91' lang='lat' dir='ltr'><strong>ipso</strong></span> <span class='ocrx_word' id='word_1_560' title='bbox 736 4213 1128 4286; x_wconf 77' lang='lat' dir='ltr'><strong>refulgentem,</strong></span> <span class='ocrx_word' id='word_1_561' title='bbox 1188 4215 1375 4271; x_wconf 90' lang='lat' dir='ltr'><strong>emisit</strong></span> <span class='ocrx_word' id='word_1_562' title='bbox 1426 4215 1484 4289; x_wconf 86' lang='lat' dir='ltr'><strong>in</strong></span> <span class='ocrx_word' id='word_1_563' title='bbox 1517 4225 1719 4272; x_wconf 88' lang='lat' dir='ltr'><strong>terram</strong></span> <span class='ocrx_word' id='word_1_564' title='bbox 1762 4223 1819 4270; x_wconf 92' lang='lat' dir='ltr'><strong>et</strong></span> <span class='ocrx_word' id='word_1_565' title='bbox 1875 4214 2143 4287; x_wconf 83' lang='lat' dir='ltr'><strong>Spiritum</strong></span> 
     </span>
    </p>
   </div>
   <div class='ocr_carea' id='block_1_77' title="bbox 559 4306 2142 4381">
    <p class='ocr_par' dir='ltr' id='par_1_77' title="bbox 559 4306 2142 4381">
     <span class='ocr_line' id='line_1_77' title="bbox 559 4306 2142 4381; baseline 0 -20"><span class='ocrx_word' id='word_1_566' title='bbox 559 4314 838 4374; x_wconf 86' lang='lat' dir='ltr'><strong>sanctum,</strong></span> <span class='ocrx_word' id='word_1_567' title='bbox 876 4313 937 4362; x_wconf 91' lang='lat' dir='ltr'><strong>ut</strong></span> <span class='ocrx_word' id='word_1_568' title='bbox 965 4307 1207 4364; x_wconf 88' lang='lat' dir='ltr'><strong>calorem</strong></span> <span class='ocrx_word' id='word_1_569' title='bbox 1234 4322 1345 4381; x_wconf 90' lang='lat' dir='ltr'><strong>quo</strong></span> <span class='ocrx_word' id='word_1_570' title='bbox 1372 4307 1717 4379; x_wconf 80' lang='lat' dir='ltr'><strong>superiorem</strong></span> <span class='ocrx_word' id='word_1_571' title='bbox 1744 4314 1799 4365; x_wconf 91' lang='lat' dir='ltr'><strong>et</strong></span> <span class='ocrx_word' id='word_1_572' title='bbox 1821 4306 2142 4365; x_wconf 84' lang='lat' dir='ltr'><strong>inferiorem</strong></span> 
     </span>
    </p>
   </div>
   <div class='ocr_carea' id='block_1_78' title="bbox 562 4396 2140 4471">
    <p class='ocr_par' dir='ltr' id='par_1_78' title="bbox 562 4396 2140 4471">
     <span class='ocr_line' id='line_1_78' title="bbox 562 4396 2140 4471; baseline -0.001 -18"><span class='ocrx_word' id='word_1_573' title='bbox 562 4397 830 4455; x_wconf 87' lang='lat' dir='ltr'><strong>mundum</strong></span> <span class='ocrx_word' id='word_1_574' title='bbox 855 4398 1223 4471; x_wconf 81' lang='lat' dir='ltr'><strong>undequaque</strong></span> <span class='ocrx_word' id='word_1_575' title='bbox 1260 4399 1474 4455; x_wconf 83' lang='lat' dir='ltr'><strong>foveret</strong></span> <span class='ocrx_word' id='word_1_576' title='bbox 1513 4407 1569 4456; x_wconf 90' lang='lat' dir='ltr'><strong>et</strong></span> <span class='ocrx_word' id='word_1_577' title='bbox 1598 4398 1759 4454; x_wconf 85' lang='lat' dir='ltr'><strong>bonis</strong></span> <span class='ocrx_word' id='word_1_578' title='bbox 1807 4396 2140 4453; x_wconf 86' lang='lat' dir='ltr'><strong>cumularet.</strong></span> 
     </span>
    </p>
   </div>
   <div class='ocr_carea' id='block_1_79' title="bbox 559 4483 2141 4559">
    <p class='ocr_par' dir='ltr' id='par_1_79' title="bbox 559 4483 2141 4559">
     <span class='ocr_line' id='line_1_79' title="bbox 559 4483 2141 4559; baseline 0.001 -20"><span class='ocrx_word' id='word_1_579' title='bbox 559 4483 641 4540; x_wconf 79' lang='lat' dir='ltr'><strong>ita</strong></span> <span class='ocrx_word' id='word_1_580' title='bbox 669 4485 831 4542; x_wconf 88' lang='lat' dir='ltr'><strong>nobis</strong></span> <span class='ocrx_word' id='word_1_581' title='bbox 858 4487 1211 4559; x_wconf 79' lang='lat' dir='ltr'><strong>cogitandum</strong></span> <span class='ocrx_word' id='word_1_582' title='bbox 1238 4496 1326 4544; x_wconf 90' lang='lat' dir='ltr'><strong>est</strong></span> <span class='ocrx_word' id='word_1_583' title='bbox 1357 4488 1426 4543; x_wconf 91' lang='lat' dir='ltr'><strong>de</strong></span> <span class='ocrx_word' id='word_1_584' title='bbox 1457 4488 1620 4542; x_wconf 87' lang='lat' dir='ltr'><strong>unica</strong></span> <span class='ocrx_word' id='word_1_585' title='bbox 1660 4486 1719 4542; x_wconf 93' lang='lat' dir='ltr'><strong>in</strong></span> <span class='ocrx_word' id='word_1_586' title='bbox 1750 4486 1930 4542; x_wconf 88' lang='lat' dir='ltr'><strong>tribus</strong></span> <span class='ocrx_word' id='word_1_587' title='bbox 1964 4485 2141 4558; x_wconf 84' lang='lat' dir='ltr'><strong>hypo-</strong></span> 
     </span>
    </p>
   </div>
   <div class='ocr_carea' id='block_1_80' title="bbox 559 4576 2143 4644">
    <p class='ocr_par' dir='ltr' id='par_1_80' title="bbox 559 4576 2143 4644">
     <span class='ocr_line' id='line_1_80' title="bbox 559 4576 2143 4644; baseline 0.001 -12"><span class='ocrx_word' id='word_1_588' title='bbox 559 4576 802 4633; x_wconf 82' lang='lat' dir='ltr'><strong>stasihus</strong></span> <span class='ocrx_word' id='word_1_589' title='bbox 826 4577 1059 4634; x_wconf 88' lang='lat' dir='ltr'><strong>Deitate.</strong></span> <span class='ocrx_word' id='word_1_590' title='bbox 1089 4578 1317 4644; x_wconf 88' lang='lat' dir='ltr'><strong>Natura,</strong></span> <span class='ocrx_word' id='word_1_591' title='bbox 1337 4578 1598 4644; x_wconf 87' lang='lat' dir='ltr'><strong>essentia,</strong></span> <span class='ocrx_word' id='word_1_592' title='bbox 1631 4578 1808 4633; x_wconf 85' lang='lat' dir='ltr'><strong>forma</strong></span> <span class='ocrx_word' id='word_1_593' title='bbox 1842 4577 2007 4632; x_wconf 92' lang='lat' dir='ltr'><strong>simul</strong></span> <span class='ocrx_word' id='word_1_594' title='bbox 2050 4593 2143 4634; x_wconf 83' lang='lat' dir='ltr'><strong>ea-</strong></span> 
     </span>
    </p>
   </div>
   <div class='ocr_carea' id='block_1_81' title="bbox 559 4667 2145 4742">
    <p class='ocr_par' dir='ltr' id='par_1_81' title="bbox 559 4667 2145 4742">
     <span class='ocr_line' id='line_1_81' title="bbox 559 4667 2145 4742; baseline 0.002 -20"><span class='ocrx_word' id='word_1_595' title='bbox 559 4667 685 4723; x_wconf 89' lang='lat' dir='ltr'><strong>dem</strong></span> <span class='ocrx_word' id='word_1_596' title='bbox 709 4679 815 4729; x_wconf 89' lang='lat' dir='ltr'><strong>est.</strong></span> <span class='ocrx_word' id='word_1_597' title='bbox 849 4668 1163 4742; x_wconf 79' lang='lat' dir='ltr'><strong>hypostasis</strong></span> <span class='ocrx_word' id='word_1_598' title='bbox 1181 4679 1238 4727; x_wconf 93' lang='lat' dir='ltr'><strong>et</strong></span> <span class='ocrx_word' id='word_1_599' title='bbox 1275 4684 1509 4740; x_wconf 87' lang='lat' dir='ltr'><strong>persona</strong></span> <span class='ocrx_word' id='word_1_600' title='bbox 1542 4668 1686 4723; x_wconf 87' lang='lat' dir='ltr'><strong>idem</strong></span> <span class='ocrx_word' id='word_1_601' title='bbox 1715 4675 1819 4723; x_wconf 91' lang='lat' dir='ltr'><strong>est.</strong></span> <span class='ocrx_word' id='word_1_602' title='bbox 1854 4667 1924 4723; x_wconf 88' lang='lat' dir='ltr'><strong>Et</strong></span> <span class='ocrx_word' id='word_1_603' title='bbox 1959 4682 2145 4725; x_wconf 89' lang='lat' dir='ltr'><strong>essen-</strong></span> 
     </span>
    </p>
   </div>
   <div class='ocr_carea' id='block_1_82' title="bbox 558 4757 2142 4832">
    <p class='ocr_par' dir='ltr' id='par_1_82' title="bbox 558 4757 2142 4832">
     <span class='ocr_line' id='line_1_82' title="bbox 558 4757 2142 4832; baseline -0.001 -17"><span class='ocrx_word' id='word_1_604' title='bbox 558 4758 635 4815; x_wconf 86' lang='lat' dir='ltr'><strong>tia</strong></span> <span class='ocrx_word' id='word_1_605' title='bbox 657 4758 885 4829; x_wconf 85' lang='lat' dir='ltr'><strong>quidem</strong></span> <span class='ocrx_word' id='word_1_606' title='bbox 913 4759 1033 4816; x_wconf 86' lang='lat' dir='ltr'><strong>sive</strong></span> <span class='ocrx_word' id='word_1_607' title='bbox 1081 4766 1277 4832; x_wconf 79' lang='lat' dir='ltr'><strong>natura</strong></span> <span class='ocrx_word' id='word_1_608' title='bbox 1306 4758 1362 4813; x_wconf 87' lang='lat' dir='ltr'><strong>id</strong></span> <span class='ocrx_word' id='word_1_609' title='bbox 1395 4759 1542 4830; x_wconf 88' lang='lat' dir='ltr'><strong>quod</strong></span> <span class='ocrx_word' id='word_1_610' title='bbox 1590 4773 1885 4815; x_wconf 88' lang='lat' dir='ltr'><strong>commune</strong></span> <span class='ocrx_word' id='word_1_611' title='bbox 1920 4764 2007 4814; x_wconf 91' lang='lat' dir='ltr'><strong>est</strong></span> <span class='ocrx_word' id='word_1_612' title='bbox 2041 4757 2142 4814; x_wconf 88' lang='lat' dir='ltr'><strong>de-</strong></span> 
     </span>
    </p>
   </div>
   <div class='ocr_carea' id='block_1_83' title="bbox 556 4836 2138 4924">
    <p class='ocr_par' dir='ltr' id='par_1_83' title="bbox 556 4836 2138 4924">
     <span class='ocr_line' id='line_1_83' title="bbox 556 4836 2138 4924; baseline -0.001 -15"><span class='ocrx_word' id='word_1_613' title='bbox 556 4852 741 4924; x_wconf 78' lang='lat' dir='ltr'><strong>signat</strong></span> <span class='ocrx_word' id='word_1_614' title='bbox 773 4870 786 4907; x_wconf 91' lang='lat'><strong>:</strong></span> <span class='ocrx_word' id='word_1_615' title='bbox 817 4852 1132 4924; x_wconf 79' lang='lat' dir='ltr'><strong>bypostasis</strong></span> <span class='ocrx_word' id='word_1_616' title='bbox 1164 4836 1361 4909; x_wconf 16' lang='lat' dir='ltr'><strong>autem.</strong></span> <span class='ocrx_word' id='word_1_617' title='bbox 1387 4852 1503 4908; x_wconf 88' lang='lat' dir='ltr'><strong>sive</strong></span> <span class='ocrx_word' id='word_1_618' title='bbox 1548 4867 1806 4924; x_wconf 86' lang='lat' dir='ltr'><strong>persona,</strong></span> <span class='ocrx_word' id='word_1_619' title='bbox 1834 4851 1983 4924; x_wconf 89' lang='lat' dir='ltr'><strong>quod</strong></span> <span class='ocrx_word' id='word_1_620' title='bbox 2020 4851 2138 4908; x_wconf 88' lang='lat' dir='ltr'><strong>sin-</strong></span> 
     </span>
    </p>
   </div>
   <div class='ocr_carea' id='block_1_84' title="bbox 556 4940 2140 5015">
    <p class='ocr_par' dir='ltr' id='par_1_84' title="bbox 556 4940 2140 5015">
     <span class='ocr_line' id='line_1_84' title="bbox 556 4940 2140 5015; baseline -0.003 -15"><span class='ocrx_word' id='word_1_621' title='bbox 556 4943 815 5015; x_wconf 68' lang='lat' dir='ltr'><strong>gulorum</strong></span> <span class='ocrx_word' id='word_1_622' title='bbox 841 4943 1129 5015; x_wconf 88' lang='lat' dir='ltr'><strong>proprimn</strong></span> <span class='ocrx_word' id='word_1_623' title='bbox 1154 4952 1240 5000; x_wconf 91' lang='lat' dir='ltr'><strong>est</strong></span> <span class='ocrx_word' id='word_1_624' title='bbox 1261 4942 1524 5000; x_wconf 83' lang='lat' dir='ltr'><strong>declarat.</strong></span> <span class='ocrx_word' id='word_1_625' title='bbox 1560 4943 1633 5000; x_wconf 92' lang='lat' dir='ltr'><strong>Ut</strong></span> <span class='ocrx_word' id='word_1_626' title='bbox 1659 4942 1917 5015; x_wconf 81' lang='lat' dir='ltr'><strong>(exempli</strong></span> <span class='ocrx_word' id='word_1_627' title='bbox 1966 4940 2140 5014; x_wconf 75' lang='lat' dir='ltr'><strong>gratia</strong></span> 
     </span>
    </p>
   </div>
   <div class='ocr_carea' id='block_1_85' title="bbox 504 5022 2144 5105">
    <p class='ocr_par' dir='ltr' id='par_1_85' title="bbox 504 5022 2144 5105">
     <span class='ocr_line' id='line_1_85' title="bbox 504 5022 2144 5105; baseline -0.002 -16"><span class='ocrx_word' id='word_1_628' title='bbox 504 5059 508 5062; x_wconf 40' lang='grc'>‹</span> <span class='ocrx_word' id='word_1_629' title='bbox 556 5034 638 5090; x_wconf 88' lang='lat' dir='ltr'><strong>sic</strong></span> <span class='ocrx_word' id='word_1_630' title='bbox 667 5030 938 5104; x_wconf 87' lang='lat' dir='ltr'><strong>dicamus)</strong></span> <span class='ocrx_word' id='word_1_631' title='bbox 982 5033 1039 5089; x_wconf 91' lang='lat' dir='ltr'><strong>in</strong></span> <span class='ocrx_word' id='word_1_632' title='bbox 1091 5032 1333 5099; x_wconf 85' lang='lat' dir='ltr'><strong>homine,</strong></span> <span class='ocrx_word' id='word_1_633' title='bbox 1380 5047 1575 5090; x_wconf 91' lang='lat' dir='ltr'><strong>omnes</strong></span> <span class='ocrx_word' id='word_1_634' title='bbox 1604 5022 1861 5105; x_wconf 85' lang='lat' dir='ltr'><strong>homines</strong></span> <span class='ocrx_word' id='word_1_635' title='bbox 1891 5031 2059 5086; x_wconf 90' lang='lat' dir='ltr'><strong>unius</strong></span> <span class='ocrx_word' id='word_1_636' title='bbox 2087 5037 2144 5086; x_wconf 90' lang='lat' dir='ltr'><strong>et</strong></span> 
     </span>
    </p>
   </div>
   <div class='ocr_carea' id='block_1_86' title="bbox 462 5124 2142 5198">
    <p class='ocr_par' dir='ltr' id='par_1_86' title="bbox 462 5124 2142 5198">
     <span class='ocr_line' id='line_1_86' title="bbox 462 5124 2142 5198; baseline -0.002 -18"><span class='ocrx_word' id='word_1_637' title='bbox 462 5140 467 5145; x_wconf 84' lang='lat'>&#39;</span> <span class='ocrx_word' id='word_1_638' title='bbox 555 5124 807 5198; x_wconf 72' lang='lat' dir='ltr'><strong>ejusdem</strong></span> <span class='ocrx_word' id='word_1_639' title='bbox 835 5133 1046 5182; x_wconf 76' lang='lat' dir='ltr'><strong>natura:</strong></span> <span class='ocrx_word' id='word_1_640' title='bbox 1088 5141 1301 5193; x_wconf 89' lang='lat' dir='ltr'><strong>sumus,</strong></span> <span class='ocrx_word' id='word_1_641' title='bbox 1335 5141 1441 5181; x_wconf 90' lang='lat' dir='ltr'><strong>una</strong></span> <span class='ocrx_word' id='word_1_642' title='bbox 1470 5125 1746 5181; x_wconf 85' lang='lat' dir='ltr'><strong>eteadem</strong></span> <span class='ocrx_word' id='word_1_643' title='bbox 1790 5132 1987 5179; x_wconf 87' lang='lat' dir='ltr'><strong>natura</strong></span> <span class='ocrx_word' id='word_1_644' title='bbox 2017 5138 2142 5177; x_wconf 92' lang='lat' dir='ltr'><strong>om-</strong></span> 
     </span>
    </p>
   </div>
   <div class='ocr_carea' id='block_1_87' title="bbox 467 5215 2144 5289">
    <p class='ocr_par' dir='ltr' id='par_1_87' title="bbox 467 5215 2144 5289">
     <span class='ocr_line' id='line_1_87' title="bbox 467 5215 2144 5289; baseline -0.004 -14"><span class='ocrx_word' id='word_1_645' title='bbox 467 5222 476 5275; x_wconf 73' lang='grc' dir='ltr'>ξ</span> <span class='ocrx_word' id='word_1_646' title='bbox 559 5218 713 5274; x_wconf 88' lang='lat' dir='ltr'><strong>nium</strong></span> <span class='ocrx_word' id='word_1_647' title='bbox 738 5227 861 5274; x_wconf 89' lang='lat' dir='ltr'><strong>est:</strong></span> <span class='ocrx_word' id='word_1_648' title='bbox 896 5218 1172 5289; x_wconf 87' lang='lat' dir='ltr'><strong>siquidem</strong></span> <span class='ocrx_word' id='word_1_649' title='bbox 1203 5226 1396 5275; x_wconf 87' lang='lat' dir='ltr'><strong>omnes</strong></span> <span class='ocrx_word' id='word_1_650' title='bbox 1443 5217 1697 5275; x_wconf 87' lang='lat' dir='ltr'><strong>homines</strong></span> <span class='ocrx_word' id='word_1_651' title='bbox 1720 5233 1790 5274; x_wconf 83' lang='lat' dir='ltr'><strong>ex</strong></span> <span class='ocrx_word' id='word_1_652' title='bbox 1837 5216 2019 5271; x_wconf 88' lang='lat' dir='ltr'><strong>anima</strong></span> <span class='ocrx_word' id='word_1_653' title='bbox 2053 5215 2144 5270; x_wconf 89' lang='lat' dir='ltr'><strong>in-</strong></span> 
     </span>
    </p>
   </div>
   <div class='ocr_carea' id='block_1_88' title="bbox 456 5303 2144 5385">
    <p class='ocr_par' dir='ltr' id='par_1_88' title="bbox 456 5303 2144 5385">
     <span class='ocr_line' id='line_1_88' title="bbox 456 5303 2144 5385; baseline 0.006 -19"><span class='ocrx_word' id='word_1_654' title='bbox 554 5312 866 5368; x_wconf 74' lang='lat' dir='ltr'><strong>tellectuali</strong></span> <span class='ocrx_word' id='word_1_655' title='bbox 928 5321 987 5367; x_wconf 88' lang='lat' dir='ltr'><strong>et</strong></span> <span class='ocrx_word' id='word_1_656' title='bbox 1034 5327 1268 5385; x_wconf 90' lang='lat' dir='ltr'><strong>corpore</strong></span> <span class='ocrx_word' id='word_1_657' title='bbox 1316 5324 1636 5370; x_wconf 87' lang='lat' dir='ltr'><strong>constamus</strong></span> <span class='ocrx_word' id='word_1_658' title='bbox 1679 5330 1692 5366; x_wconf 93' lang='lat'><strong>:</strong></span> <span class='ocrx_word' id='word_1_659' title='bbox 1748 5307 2144 5383; x_wconf 62' lang='lat' dir='ltr'><strong>hypostaSibus</strong></span> 
     </span>
    </p>
   </div>
   <div class='ocr_carea' id='block_1_89' title="bbox 2251 3106 3827 3186">
    <p class='ocr_par' dir='ltr' id='par_1_89' title="bbox 2251 3106 3827 3186">
     <span class='ocr_line' id='line_1_89' title="bbox 2251 3106 3827 3186; baseline 0.009 -28"><span class='ocrx_word' id='word_1_660' title='bbox 2251 3106 2434 3168; x_wconf 84' lang='grc' dir='ltr'>οὐσία,</span> <span class='ocrx_word' id='word_1_661' title='bbox 2465 3107 2624 3177; x_wconf 79' lang='grc' dir='ltr'>φύσις</span> <span class='ocrx_word' id='word_1_662' title='bbox 2655 3111 3099 3183; x_wconf 81' lang='grc' dir='ltr'>ἀνεπιχείρητος,</span> <span class='ocrx_word' id='word_1_663' title='bbox 3125 3115 3416 3186; x_wconf 80' lang='grc' dir='ltr'>χαρακτὴρ</span> <span class='ocrx_word' id='word_1_664' title='bbox 3439 3117 3827 3183; x_wconf 79' lang='grc' dir='ltr'>ὲνυπόστατος.</span> 
     </span>
    </p>
   </div>
   <div class='ocr_carea' id='block_1_90' title="bbox 2253 3188 3829 3276">
    <p class='ocr_par' dir='ltr' id='par_1_90' title="bbox 2253 3188 3829 3276">
     <span class='ocr_line' id='line_1_90' title="bbox 2253 3188 3829 3276; baseline 0.008 -26"><span class='ocrx_word' id='word_1_665' title='bbox 2253 3196 2482 3269; x_wconf 80' lang='grc' dir='ltr'>Πνεῦμά</span> <span class='ocrx_word' id='word_1_666' title='bbox 2505 3200 2656 3253; x_wconf 83' lang='grc' dir='ltr'>ἐστιν</span> <span class='ocrx_word' id='word_1_667' title='bbox 2680 3188 2868 3272; x_wconf 67' lang='grc' dir='ltr'>νοερδν</span> <span class='ocrx_word' id='word_1_668' title='bbox 2889 3204 2981 3256; x_wconf 74' lang='grc' dir='ltr'><strong>καὶ</strong></span> <span class='ocrx_word' id='word_1_669' title='bbox 3008 3203 3235 3269; x_wconf 84' lang='grc' dir='ltr'>ἁπλοῦν,</span> <span class='ocrx_word' id='word_1_670' title='bbox 3257 3205 3481 3272; x_wconf 84' lang='grc' dir='ltr'>λεπτὸν,</span> <span class='ocrx_word' id='word_1_671' title='bbox 3514 3208 3709 3276; x_wconf 69' lang='grc' dir='ltr'>σαφὲς,</span> <span class='ocrx_word' id='word_1_672' title='bbox 3735 3208 3829 3263; x_wconf 75' lang='grc' dir='ltr'><strong>καὶ</strong></span> 
     </span>
    </p>
   </div>
   <div class='ocr_carea' id='block_1_91' title="bbox 2251 3289 3818 3371">
    <p class='ocr_par' dir='ltr' id='par_1_91' title="bbox 2251 3289 3818 3371">
     <span class='ocr_line' id='line_1_91' title="bbox 2251 3289 3818 3371; baseline 0.009 -32"><span class='ocrx_word' id='word_1_673' title='bbox 2251 3289 2473 3358; x_wconf 66' lang='grc' dir='ltr'>τρανὸν,</span> <span class='ocrx_word' id='word_1_674' title='bbox 2503 3289 2853 3360; x_wconf 82' lang='grc' dir='ltr'>ἀπήμαντον,</span> <span class='ocrx_word' id='word_1_675' title='bbox 2886 3291 3209 3371; x_wconf 75' lang='grc' dir='ltr'>ἀμόλυντον,</span> <span class='ocrx_word' id='word_1_676' title='bbox 3252 3296 3348 3349; x_wconf 73' lang='lat' dir='ltr'><strong>xal</strong></span> <span class='ocrx_word' id='word_1_677' title='bbox 3383 3298 3818 3353; x_wconf 79' lang='grc' dir='ltr'>πανεπίσκοπον.</span> 
     </span>
    </p>
   </div>
   <div class='ocr_carea' id='block_1_92' title="bbox 2251 3380 3831 3461">
    <p class='ocr_par' dir='ltr' id='par_1_92' title="bbox 2251 3380 3831 3461">
     <span class='ocr_line' id='line_1_92' title="bbox 2251 3380 3831 3461; baseline 0.006 -27"><span class='ocrx_word' id='word_1_678' title='bbox 2251 3380 2433 3435; x_wconf 80' lang='grc' dir='ltr'>Είκὼν</span> <span class='ocrx_word' id='word_1_679' title='bbox 2461 3381 2556 3435; x_wconf 85' lang='grc' dir='ltr'><strong>τοῦ</strong></span> <span class='ocrx_word' id='word_1_680' title='bbox 2589 3383 2811 3455; x_wconf 74' lang='grc' dir='ltr'>Πατρδς</span> <span class='ocrx_word' id='word_1_681' title='bbox 2834 3385 2862 3447; x_wconf 69' lang='grc' dir='ltr'>ὁ</span> <span class='ocrx_word' id='word_1_682' title='bbox 2894 3384 3069 3454; x_wconf 77' lang='grc' dir='ltr'>ἥλιος,</span> <span class='ocrx_word' id='word_1_683' title='bbox 3100 3385 3259 3451; x_wconf 78' lang='grc' dir='ltr'>ἀκτὶς</span> <span class='ocrx_word' id='word_1_684' title='bbox 3287 3385 3444 3458; x_wconf 75' lang='grc' dir='ltr'>ἡλίου</span> <span class='ocrx_word' id='word_1_685' title='bbox 3477 3389 3506 3442; x_wconf 78' lang='grc' dir='ltr'><strong><em>ὁ</em></strong></span> <span class='ocrx_word' id='word_1_686' title='bbox 3536 3389 3689 3453; x_wconf 76' lang='grc' dir='ltr'>Υἱὸς,</span> <span class='ocrx_word' id='word_1_687' title='bbox 3714 3389 3831 3461; x_wconf 78' lang='grc' dir='ltr'><strong>Βέρο</strong></span> 
     </span>
    </p>
   </div>
   <div class='ocr_carea' id='block_1_93' title="bbox 2254 3473 3826 3551">
    <p class='ocr_par' dir='ltr' id='par_1_93' title="bbox 2254 3473 3826 3551">
     <span class='ocr_line' id='line_1_93' title="bbox 2254 3473 3826 3551; baseline 0.007 -26"><span class='ocrx_word' id='word_1_688' title='bbox 2254 3490 2331 3544; x_wconf 85' lang='grc' dir='ltr'>μη</span> <span class='ocrx_word' id='word_1_689' title='bbox 2362 3473 2466 3544; x_wconf 78' lang='grc' dir='ltr'>τῆς</span> <span class='ocrx_word' id='word_1_690' title='bbox 2493 3475 2715 3539; x_wconf 84' lang='grc' dir='ltr'>ἀκτῖνος</span> <span class='ocrx_word' id='word_1_691' title='bbox 2759 3476 2820 3529; x_wconf 81' lang='grc' dir='ltr'>τὸ</span> <span class='ocrx_word' id='word_1_692' title='bbox 2850 3477 3205 3548; x_wconf 75' lang='grc' dir='ltr'>παράκλητον</span> <span class='ocrx_word' id='word_1_693' title='bbox 3233 3478 3483 3551; x_wconf 85' lang='grc' dir='ltr'>Πνεῦμα.</span> <span class='ocrx_word' id='word_1_694' title='bbox 3510 3482 3627 3535; x_wconf 78' lang='grc' dir='ltr'><strong>Καὶ</strong></span> <span class='ocrx_word' id='word_1_695' title='bbox 3656 3480 3826 3544; x_wconf 76' lang='grc' dir='ltr'>οὕτως</span> 
     </span>
    </p>
   </div>
   <div class='ocr_carea' id='block_1_94' title="bbox 2249 3564 3827 3647">
    <p class='ocr_par' dir='ltr' id='par_1_94' title="bbox 2249 3564 3827 3647">
     <span class='ocr_line' id='line_1_94' title="bbox 2249 3564 3827 3647; baseline 0.006 -30"><span class='ocrx_word' id='word_1_696' title='bbox 2249 3565 2403 3636; x_wconf 78' lang='grc' dir='ltr'>ἥλιος</span> <span class='ocrx_word' id='word_1_697' title='bbox 2443 3566 2473 3617; x_wconf 83' lang='grc' dir='ltr'><strong>ὁ</strong></span> <span class='ocrx_word' id='word_1_698' title='bbox 2523 3567 2736 3637; x_wconf 81' lang='grc' dir='ltr'>Πατὴρ,</span> <span class='ocrx_word' id='word_1_699' title='bbox 2775 3564 2935 3637; x_wconf 71' lang='grc' dir='ltr'>ἀκτὶς</span> <span class='ocrx_word' id='word_1_700' title='bbox 2978 3570 3008 3621; x_wconf 85' lang='grc' dir='ltr'>ὁ</span> <span class='ocrx_word' id='word_1_701' title='bbox 3046 3569 3195 3634; x_wconf 76' lang='grc' dir='ltr'>Υἱὸς,</span> <span class='ocrx_word' id='word_1_702' title='bbox 3245 3570 3407 3644; x_wconf 83' lang='grc' dir='ltr'>αἴγλη</span> <span class='ocrx_word' id='word_1_703' title='bbox 3445 3575 3737 3647; x_wconf 73' lang='grc' dir='ltr'>πυρᾳυγὴς</span> <span class='ocrx_word' id='word_1_704' title='bbox 3766 3574 3827 3627; x_wconf 72' lang='grc' dir='ltr'><strong>τὸ</strong></span> 
     </span>
    </p>
   </div>
   <div class='ocr_carea' id='block_1_95' title="bbox 2251 3657 3824 3734">
    <p class='ocr_par' dir='ltr' id='par_1_95' title="bbox 2251 3657 3824 3734">
     <span class='ocr_line' id='line_1_95' title="bbox 2251 3657 3824 3734; baseline 0.006 -23"><span class='ocrx_word' id='word_1_705' title='bbox 2251 3658 2521 3726; x_wconf 81' lang='grc' dir='ltr'>πανάγιον</span> <span class='ocrx_word' id='word_1_706' title='bbox 2555 3657 2803 3728; x_wconf 83' lang='grc' dir='ltr'>Πνεῦμα,</span> <span class='ocrx_word' id='word_1_707' title='bbox 2853 3659 2964 3714; x_wconf 77' lang='grc' dir='ltr'><strong>Καὶ</strong></span> <span class='ocrx_word' id='word_1_708' title='bbox 2995 3663 3023 3715; x_wconf 83' lang='grc' dir='ltr'>ὁ</span> <span class='ocrx_word' id='word_1_709' title='bbox 3075 3662 3176 3732; x_wconf 80' lang='grc' dir='ltr'>μὲν</span> <span class='ocrx_word' id='word_1_710' title='bbox 3222 3663 3377 3734; x_wconf 79' lang='grc' dir='ltr'>ἥλιος</span> <span class='ocrx_word' id='word_1_711' title='bbox 3408 3666 3668 3720; x_wconf 79' lang='grc' dir='ltr'>οὐδέποτε</span> <span class='ocrx_word' id='word_1_712' title='bbox 3697 3685 3824 3721; x_wconf 77' lang='grc' dir='ltr'>κατ-</span> 
     </span>
    </p>
   </div>
   <div class='ocr_carea' id='block_1_96' title="bbox 2249 3738 3827 3821">
    <p class='ocr_par' dir='ltr' id='par_1_96' title="bbox 2249 3738 3827 3821">
     <span class='ocr_line' id='line_1_96' title="bbox 2249 3738 3827 3821; baseline 0.006 -18"><span class='ocrx_word' id='word_1_713' title='bbox 2249 3749 2406 3803; x_wconf 81' lang='grc' dir='ltr'>έλιπε</span> <span class='ocrx_word' id='word_1_714' title='bbox 2431 3748 2522 3803; x_wconf 65' lang='grc' dir='ltr'><strong>τὸν</strong></span> <span class='ocrx_word' id='word_1_715' title='bbox 2548 3738 2806 3821; x_wconf 72' lang='grc' dir='ltr'>οὐρανὸν,</span> <span class='ocrx_word' id='word_1_716' title='bbox 2839 3752 2965 3805; x_wconf 83' lang='grc' dir='ltr'>Υίὺν</span> <span class='ocrx_word' id='word_1_717' title='bbox 2989 3752 3046 3806; x_wconf 81' lang='grc' dir='ltr'><strong>δὲ</strong></span> <span class='ocrx_word' id='word_1_718' title='bbox 3078 3753 3154 3817; x_wconf 86' lang='grc' dir='ltr'><strong>ὡς</strong></span> <span class='ocrx_word' id='word_1_719' title='bbox 3189 3756 3289 3819; x_wconf 78' lang='grc' dir='ltr'><strong>τὰς</strong></span> <span class='ocrx_word' id='word_1_720' title='bbox 3327 3757 3558 3821; x_wconf 85' lang='grc' dir='ltr'>ἀκτῖνας</span> <span class='ocrx_word' id='word_1_721' title='bbox 3581 3759 3827 3812; x_wconf 77' lang='grc' dir='ltr'>ἀπέστει-</span> 
     </span>
    </p>
   </div>
   <div class='ocr_carea' id='block_1_97' title="bbox 2248 3842 3825 3924">
    <p class='ocr_par' dir='ltr' id='par_1_97' title="bbox 2248 3842 3825 3924">
     <span class='ocr_line' id='line_1_97' title="bbox 2248 3842 3825 3924; baseline 0.007 -30"><span class='ocrx_word' id='word_1_722' title='bbox 2248 3842 2330 3907; x_wconf 83' lang='grc' dir='ltr'><strong>λε,</strong></span> <span class='ocrx_word' id='word_1_723' title='bbox 2362 3842 2422 3895; x_wconf 64' lang='grc' dir='ltr'><strong>τὸ</strong></span> <span class='ocrx_word' id='word_1_724' title='bbox 2454 3843 2800 3913; x_wconf 73' lang='grc' dir='ltr'>ἀπαύγασμα</span> <span class='ocrx_word' id='word_1_725' title='bbox 2843 3844 2937 3922; x_wconf 60' lang='grc' dir='ltr'>ἐπί</span> <span class='ocrx_word' id='word_1_726' title='bbox 2975 3844 3078 3917; x_wconf 84' lang='grc' dir='ltr'>τῆς</span> <span class='ocrx_word' id='word_1_727' title='bbox 3113 3846 3238 3917; x_wconf 82' lang='grc' dir='ltr'>γῆς,</span> <span class='ocrx_word' id='word_1_728' title='bbox 3271 3847 3374 3918; x_wconf 73' lang='grc' dir='ltr'>τὴν</span> <span class='ocrx_word' id='word_1_729' title='bbox 3425 3848 3486 3902; x_wconf 75' lang='grc' dir='ltr'><strong>δὲ</strong></span> <span class='ocrx_word' id='word_1_730' title='bbox 3532 3851 3742 3924; x_wconf 80' lang='grc' dir='ltr'>θέρμην</span> <span class='ocrx_word' id='word_1_731' title='bbox 3764 3852 3825 3905; x_wconf 71' lang='grc' dir='ltr'>τδ</span> 
     </span>
    </p>
   </div>
   <div class='ocr_carea' id='block_1_98' title="bbox 2251 3933 3824 4013">
    <p class='ocr_par' dir='ltr' id='par_1_98' title="bbox 2251 3933 3824 4013">
     <span class='ocr_line' id='line_1_98' title="bbox 2251 3933 3824 4013; baseline 0.008 -27"><span class='ocrx_word' id='word_1_732' title='bbox 2251 3933 2475 4003; x_wconf 73' lang='grc' dir='ltr'>Πνεῦμα</span> <span class='ocrx_word' id='word_1_733' title='bbox 2532 3935 2594 3989; x_wconf 77' lang='grc' dir='ltr'>τὸ</span> <span class='ocrx_word' id='word_1_734' title='bbox 2654 3935 2810 4005; x_wconf 76' lang='grc' dir='ltr'>ἅγιον</span> <span class='ocrx_word' id='word_1_735' title='bbox 2851 3976 2867 4001; x_wconf 93' lang='grc'><strong>,</strong></span> <span class='ocrx_word' id='word_1_736' title='bbox 2918 3936 3277 4008; x_wconf 82' lang='grc' dir='ltr'>περιθάλπειν</span> <span class='ocrx_word' id='word_1_737' title='bbox 3352 3941 3447 3994; x_wconf 74' lang='grc' dir='ltr'><strong>καὶ</strong></span> <span class='ocrx_word' id='word_1_738' title='bbox 3520 3944 3824 4013; x_wconf 80' lang='grc' dir='ltr'>εὐεργετεῖν</span> 
     </span>
    </p>
   </div>
   <div class='ocr_carea' id='block_1_99' title="bbox 2247 4018 3826 4109">
    <p class='ocr_par' dir='ltr' id='par_1_99' title="bbox 2247 4018 3826 4109">
     <span class='ocr_line' id='line_1_99' title="bbox 2247 4018 3826 4109; baseline 0.008 -33"><span class='ocrx_word' id='word_1_739' title='bbox 2247 4024 2341 4076; x_wconf 73' lang='grc' dir='ltr'><strong>τὸν</strong></span> <span class='ocrx_word' id='word_1_740' title='bbox 2380 4018 2494 4078; x_wconf 64' lang='grc' dir='ltr'>ἄνω</span> <span class='ocrx_word' id='word_1_741' title='bbox 2528 4026 2625 4078; x_wconf 74' lang='grc' dir='ltr'><strong>καὶ</strong></span> <span class='ocrx_word' id='word_1_742' title='bbox 2669 4025 2765 4109; x_wconf 70' lang='grc' dir='ltr'><strong>τὸν</strong></span> <span class='ocrx_word' id='word_1_743' title='bbox 2793 4026 2946 4081; x_wconf 86' lang='grc' dir='ltr'>κάτω</span> <span class='ocrx_word' id='word_1_744' title='bbox 2982 4028 3212 4100; x_wconf 86' lang='grc' dir='ltr'>κόσμον.</span> <span class='ocrx_word' id='word_1_745' title='bbox 3255 4030 3501 4104; x_wconf 81' lang='grc' dir='ltr'>Τοιούτῳ</span> <span class='ocrx_word' id='word_1_746' title='bbox 3528 4033 3611 4087; x_wconf 84' lang='grc' dir='ltr'><strong>δεῖ</strong></span> <span class='ocrx_word' id='word_1_747' title='bbox 3641 4036 3826 4106; x_wconf 71' lang='grc' dir='ltr'>τρόπῳ</span> 
     </span>
    </p>
   </div>
   <div class='ocr_carea' id='block_1_100' title="bbox 2248 4115 3826 4194">
    <p class='ocr_par' dir='ltr' id='par_1_100' title="bbox 2248 4115 3826 4194">
     <span class='ocr_line' id='line_1_100' title="bbox 2248 4115 3826 4194; baseline 0.008 -27"><span class='ocrx_word' id='word_1_748' title='bbox 2248 4115 2452 4169; x_wconf 77' lang='grc' dir='ltr'>ἐννοεῖν</span> <span class='ocrx_word' id='word_1_749' title='bbox 2487 4117 2584 4170; x_wconf 82' lang='grc' dir='ltr'><strong>καὶ</strong></span> <span class='ocrx_word' id='word_1_750' title='bbox 2614 4117 2749 4189; x_wconf 72' lang='grc' dir='ltr'>περὶ</span> <span class='ocrx_word' id='word_1_751' title='bbox 2779 4117 2883 4188; x_wconf 84' lang='grc' dir='ltr'><strong>τῆς</strong></span> <span class='ocrx_word' id='word_1_752' title='bbox 2912 4119 3127 4183; x_wconf 77' lang='grc' dir='ltr'>ἑνιατας</span> <span class='ocrx_word' id='word_1_753' title='bbox 3168 4125 3608 4190; x_wconf 79' lang='grc' dir='ltr'>τρισυποστάτου</span> <span class='ocrx_word' id='word_1_754' title='bbox 3635 4124 3826 4194; x_wconf 64' lang='lat'><strong>0:611)-</strong></span> 
     </span>
    </p>
   </div>
   <div class='ocr_carea' id='block_1_101' title="bbox 2247 4206 3823 4286">
    <p class='ocr_par' dir='ltr' id='par_1_101' title="bbox 2247 4206 3823 4286">
     <span class='ocr_line' id='line_1_101' title="bbox 2247 4206 3823 4286; baseline 0.006 -26"><span class='ocrx_word' id='word_1_755' title='bbox 2247 4224 2338 4270; x_wconf 85' lang='grc' dir='ltr'><strong>τος</strong></span> <span class='ocrx_word' id='word_1_756' title='bbox 2366 4207 2397 4239; x_wconf 85' lang='grc'><em>·’</em></span> <span class='ocrx_word' id='word_1_757' title='bbox 2428 4208 2612 4279; x_wconf 85' lang='grc' dir='ltr'>φύσις,</span> <span class='ocrx_word' id='word_1_758' title='bbox 2644 4208 2741 4263; x_wconf 75' lang='grc' dir='ltr'>καὶ</span> <span class='ocrx_word' id='word_1_759' title='bbox 2788 4206 2968 4278; x_wconf 84' lang='grc' dir='ltr'>οῦσία,</span> <span class='ocrx_word' id='word_1_760' title='bbox 3013 4211 3109 4265; x_wconf 75' lang='grc' dir='ltr'><strong>καὶ</strong></span> <span class='ocrx_word' id='word_1_761' title='bbox 3164 4214 3349 4286; x_wconf 66' lang='grc' dir='ltr'>μορφὴ</span> <span class='ocrx_word' id='word_1_762' title='bbox 3400 4214 3540 4285; x_wconf 82' lang='grc' dir='ltr'>ὁμοῦ</span> <span class='ocrx_word' id='word_1_763' title='bbox 3600 4216 3633 4286; x_wconf 76' lang='grc' dir='ltr'><strong>ἠ</strong></span> <span class='ocrx_word' id='word_1_764' title='bbox 3692 4217 3823 4284; x_wconf 73' lang='grc' dir='ltr'>αὐτή</span> 
     </span>
    </p>
   </div>
   <div class='ocr_carea' id='block_1_102' title="bbox 2214 4292 3825 4373">
    <p class='ocr_par' dir='ltr' id='par_1_102' title="bbox 2214 4292 3825 4373">
     <span class='ocr_line' id='line_1_102' title="bbox 2214 4292 3825 4373; baseline 0.006 -24"><span class='ocrx_word' id='word_1_765' title='bbox 2214 4346 2217 4347; x_wconf 63' lang='lat'><strong>,</strong></span> <span class='ocrx_word' id='word_1_766' title='bbox 2249 4299 2417 4352; x_wconf 71' lang='grc' dir='ltr'>ἐστιν’</span> <span class='ocrx_word' id='word_1_767' title='bbox 2446 4299 2747 4365; x_wconf 72' lang='grc' dir='ltr'>ὑπόστασις</span> <span class='ocrx_word' id='word_1_768' title='bbox 2771 4301 2868 4355; x_wconf 78' lang='grc' dir='ltr'><strong>καὶ</strong></span> <span class='ocrx_word' id='word_1_769' title='bbox 2898 4292 3196 4373; x_wconf 83' lang='grc' dir='ltr'>πρόσωπον</span> <span class='ocrx_word' id='word_1_770' title='bbox 3220 4303 3417 4357; x_wconf 77' lang='grc' dir='ltr'>ταύτόν</span> <span class='ocrx_word' id='word_1_771' title='bbox 3445 4306 3618 4357; x_wconf 75' lang='grc' dir='ltr'>ἐστιν.</span> <span class='ocrx_word' id='word_1_772' title='bbox 3655 4305 3771 4359; x_wconf 61' lang='grc' dir='ltr'><strong>Καὶ</strong></span> <span class='ocrx_word' id='word_1_773' title='bbox 3792 4306 3825 4373; x_wconf 79' lang='grc' dir='ltr'><strong>ἡ</strong></span> 
     </span>
    </p>
   </div>
   <div class='ocr_carea' id='block_1_103' title="bbox 2178 4368 2220 4423">
    <p class='ocr_par' dir='ltr' id='par_1_103' title="bbox 2178 4368 2220 4423">
     <span class='ocr_line' id='line_1_103' title="bbox 2178 4368 2220 4423; baseline 0 0"><span class='ocrx_word' id='word_1_774' title='bbox 2178 4368 2220 4423; x_wconf 93' lang='lat' dir='ltr'><strong>D</strong></span> 
     </span>
    </p>
   </div>
   <div class='ocr_carea' id='block_1_104' title="bbox 2252 4390 3825 4469">
    <p class='ocr_par' dir='ltr' id='par_1_104' title="bbox 2252 4390 3825 4469">
     <span class='ocr_line' id='line_1_104' title="bbox 2252 4390 3825 4469; baseline 0.004 -26"><span class='ocrx_word' id='word_1_775' title='bbox 2252 4390 2353 4461; x_wconf 79' lang='grc' dir='ltr'>μὲν</span> <span class='ocrx_word' id='word_1_776' title='bbox 2381 4391 2538 4445; x_wconf 81' lang='grc' dir='ltr'>οὐσία</span> <span class='ocrx_word' id='word_1_777' title='bbox 2567 4392 2687 4464; x_wconf 73' lang='grc' dir='ltr'>ἦτοι</span> <span class='ocrx_word' id='word_1_778' title='bbox 2716 4391 2881 4462; x_wconf 80' lang='grc' dir='ltr'>φύσις</span> <span class='ocrx_word' id='word_1_779' title='bbox 2919 4394 2980 4447; x_wconf 69' lang='grc' dir='ltr'>τὸ</span> <span class='ocrx_word' id='word_1_780' title='bbox 3022 4395 3201 4469; x_wconf 75' lang='grc' dir='ltr'>κοινὸν</span> <span class='ocrx_word' id='word_1_781' title='bbox 3242 4397 3671 4469; x_wconf 73' lang='grc' dir='ltr'>χαρακτήρίζει,</span> <span class='ocrx_word' id='word_1_782' title='bbox 3707 4399 3741 4468; x_wconf 86' lang='grc' dir='ltr'><strong>ἡ</strong></span> <span class='ocrx_word' id='word_1_783' title='bbox 3769 4397 3825 4450; x_wconf 72' lang='grc' dir='ltr'><strong>δὲ</strong></span> 
     </span>
    </p>
   </div>
   <div class='ocr_carea' id='block_1_105' title="bbox 2249 4476 3824 4559">
    <p class='ocr_par' dir='ltr' id='par_1_105' title="bbox 2249 4476 3824 4559">
     <span class='ocr_line' id='line_1_105' title="bbox 2249 4476 3824 4559; baseline 0.004 -22"><span class='ocrx_word' id='word_1_784' title='bbox 2249 4483 2549 4547; x_wconf 74' lang='grc' dir='ltr'>ὑπόστασις</span> <span class='ocrx_word' id='word_1_785' title='bbox 2588 4485 2708 4554; x_wconf 69' lang='grc' dir='ltr'>ἦτοι</span> <span class='ocrx_word' id='word_1_786' title='bbox 2752 4486 2813 4538; x_wconf 75' lang='grc' dir='ltr'>τὸ</span> <span class='ocrx_word' id='word_1_787' title='bbox 2848 4486 3172 4559; x_wconf 69' lang='grc' dir='ltr'>πρόσωπον,</span> <span class='ocrx_word' id='word_1_788' title='bbox 3202 4488 3265 4541; x_wconf 82' lang='grc' dir='ltr'>τὸ</span> <span class='ocrx_word' id='word_1_789' title='bbox 3290 4488 3425 4542; x_wconf 75' lang='grc' dir='ltr'>ἴδιον</span> <span class='ocrx_word' id='word_1_790' title='bbox 3454 4476 3694 4544; x_wconf 70' lang='grc' dir='ltr'>ἑκάστου</span> <span class='ocrx_word' id='word_1_791' title='bbox 3726 4506 3824 4556; x_wconf 69' lang='lat' dir='ltr'><strong>an-</strong></span> 
     </span>
    </p>
   </div>
   <div class='ocr_carea' id='block_1_106' title="bbox 2251 4575 3825 4649">
    <p class='ocr_par' dir='ltr' id='par_1_106' title="bbox 2251 4575 3825 4649">
     <span class='ocr_line' id='line_1_106' title="bbox 2251 4575 3825 4649; baseline 0.002 -21"><span class='ocrx_word' id='word_1_792' title='bbox 2251 4576 2450 4646; x_wconf 80' lang='grc' dir='ltr'>μαίνει.</span> <span class='ocrx_word' id='word_1_793' title='bbox 2492 4575 2582 4639; x_wconf 84' lang='grc' dir='ltr'>Ὦς</span> <span class='ocrx_word' id='word_1_794' title='bbox 2610 4576 2705 4630; x_wconf 78' lang='grc' dir='ltr'><strong>ἐπὶ</strong></span> <span class='ocrx_word' id='word_1_795' title='bbox 2732 4576 3048 4649; x_wconf 83' lang='grc' dir='ltr'>ἀνθρώπου,</span> <span class='ocrx_word' id='word_1_796' title='bbox 3094 4578 3230 4648; x_wconf 72' lang='grc' dir='ltr'>φέρε</span> <span class='ocrx_word' id='word_1_797' title='bbox 3280 4578 3571 4648; x_wconf 69' lang='grc' dir='ltr'><strong>εἴπωμεν.⁸</strong></span> <span class='ocrx_word' id='word_1_798' title='bbox 3601 4579 3686 4634; x_wconf 77' lang='grc' dir='ltr'>ὃτι</span> <span class='ocrx_word' id='word_1_799' title='bbox 3734 4578 3825 4633; x_wconf 75' lang='grc' dir='ltr'><strong>καὶ</strong></span> 
     </span>
    </p>
   </div>
   <div class='ocr_carea' id='block_1_107' title="bbox 2250 4662 3821 4749">
    <p class='ocr_par' dir='ltr' id='par_1_107' title="bbox 2250 4662 3821 4749">
     <span class='ocr_line' id='line_1_107' title="bbox 2250 4662 3821 4749; baseline 0 -26"><span class='ocrx_word' id='word_1_800' title='bbox 2250 4669 2449 4732; x_wconf 83' lang='grc' dir='ltr'>πάντες</span> <span class='ocrx_word' id='word_1_801' title='bbox 2478 4668 2755 4741; x_wconf 77' lang='grc' dir='ltr'>ἂνθρωποι</span> <span class='ocrx_word' id='word_1_802' title='bbox 2778 4662 2916 4740; x_wconf 52' lang='lat' dir='ltr'><strong>ina;</strong></span> <span class='ocrx_word' id='word_1_803' title='bbox 2946 4663 3042 4725; x_wconf 76' lang='grc' dir='ltr'><strong>καὶ</strong></span> <span class='ocrx_word' id='word_1_804' title='bbox 3070 4671 3367 4749; x_wconf 12' lang='grc' dir='ltr'>τῆςῆαύτῆς</span> <span class='ocrx_word' id='word_1_805' title='bbox 3391 4673 3612 4743; x_wconf 81' lang='grc' dir='ltr'>φύσεώς</span> <span class='ocrx_word' id='word_1_806' title='bbox 3633 4676 3821 4744; x_wconf 80' lang='grc' dir='ltr'>ἐσμεν,</span> 
     </span>
    </p>
   </div>
   <div class='ocr_carea' id='block_1_108' title="bbox 2253 4754 3824 4835">
    <p class='ocr_par' dir='ltr' id='par_1_108' title="bbox 2253 4754 3824 4835">
     <span class='ocr_line' id='line_1_108' title="bbox 2253 4754 3824 4835; baseline 0.004 -24"><span class='ocrx_word' id='word_1_807' title='bbox 2253 4759 2352 4830; x_wconf 87' lang='grc' dir='ltr'><strong>μία</strong></span> <span class='ocrx_word' id='word_1_808' title='bbox 2380 4760 2483 4829; x_wconf 74' lang='grc' dir='ltr'><strong>καὶ¹</strong></span> <span class='ocrx_word' id='word_1_809' title='bbox 2511 4754 2652 4832; x_wconf 79' lang='grc' dir='ltr'>αύτὴ</span> <span class='ocrx_word' id='word_1_810' title='bbox 2682 4761 2845 4833; x_wconf 79' lang='grc' dir='ltr'>φύσις</span> <span class='ocrx_word' id='word_1_811' title='bbox 2878 4762 3037 4834; x_wconf 73' lang='grc' dir='ltr'>παρὰ</span> <span class='ocrx_word' id='word_1_812' title='bbox 3068 4764 3240 4818; x_wconf 78' lang='grc' dir='ltr'>πᾶσίν</span> <span class='ocrx_word' id='word_1_813' title='bbox 3270 4765 3453 4820; x_wconf 80' lang='grc' dir='ltr'>ἑστιν.“</span> <span class='ocrx_word' id='word_1_814' title='bbox 3473 4767 3687 4830; x_wconf 74' lang='grc' dir='ltr'>Πάντες</span> <span class='ocrx_word' id='word_1_815' title='bbox 3720 4764 3824 4835; x_wconf 71' lang='grc' dir='ltr'><strong>γὰρ</strong></span> 
     </span>
    </p>
   </div>
   <div class='ocr_carea' id='block_1_109' title="bbox 2248 4850 3826 4928">
    <p class='ocr_par' dir='ltr' id='par_1_109' title="bbox 2248 4850 3826 4928">
     <span class='ocr_line' id='line_1_109' title="bbox 2248 4850 3826 4928; baseline 0.004 -22"><span class='ocrx_word' id='word_1_816' title='bbox 2248 4850 2524 4919; x_wconf 76' lang='grc' dir='ltr'>ἄνθρωποι</span> <span class='ocrx_word' id='word_1_817' title='bbox 2576 4854 2642 4907; x_wconf 77' lang='grc' dir='ltr'><strong>ὲκ</strong></span> <span class='ocrx_word' id='word_1_818' title='bbox 2684 4854 2865 4926; x_wconf 74' lang='grc' dir='ltr'>ψυχῆς</span> <span class='ocrx_word' id='word_1_819' title='bbox 2925 4871 2986 4908; x_wconf 87' lang='grc' dir='ltr'>τε</span> <span class='ocrx_word' id='word_1_820' title='bbox 3035 4859 3230 4928; x_wconf 70' lang='grc' dir='ltr'>νοερᾶς</span> <span class='ocrx_word' id='word_1_821' title='bbox 3273 4856 3372 4911; x_wconf 76' lang='grc' dir='ltr'><strong>καὶ</strong></span> <span class='ocrx_word' id='word_1_822' title='bbox 3404 4857 3659 4928; x_wconf 79' lang='grc' dir='ltr'>σώματος</span> <span class='ocrx_word' id='word_1_823' title='bbox 3704 4872 3826 4912; x_wconf 80' lang='grc' dir='ltr'>σνν-</span> 
     </span>
    </p>
   </div>
   <div class='ocr_carea' id='block_1_110' title="bbox 2250 4934 3823 5023">
    <p class='ocr_par' dir='ltr' id='par_1_110' title="bbox 2250 4934 3823 5023">
     <span class='ocr_line' id='line_1_110' title="bbox 2250 4934 3823 5023; baseline 0.003 -27"><span class='ocrx_word' id='word_1_824' title='bbox 2250 4944 2587 5021; x_wconf 76' lang='grc' dir='ltr'>εστήκαμεν,</span> <span class='ocrx_word' id='word_1_825' title='bbox 2619 4946 2971 5023; x_wconf 81' lang='grc' dir='ltr'>ύποστάσεων</span> <span class='ocrx_word' id='word_1_826' title='bbox 3007 4947 3065 5001; x_wconf 75' lang='grc' dir='ltr'><strong>δὲ</strong></span> <span class='ocrx_word' id='word_1_827' title='bbox 3098 4948 3314 5003; x_wconf 82' lang='grc' dir='ltr'>πολλῶν</span> <span class='ocrx_word' id='word_1_828' title='bbox 3345 4950 3443 5003; x_wconf 71' lang='grc' dir='ltr'><strong>καὶ</strong></span> <span class='ocrx_word' id='word_1_829' title='bbox 3469 4934 3715 5022; x_wconf 77' lang='grc' dir='ltr'>ἀπείρων</span> <span class='ocrx_word' id='word_1_830' title='bbox 3734 4948 3823 5003; x_wconf 76' lang='grc' dir='ltr'><strong>καὶ</strong></span> 
     </span>
    </p>
   </div>
   <div class='ocr_carea' id='block_1_111' title="bbox 2248 5033 3822 5111">
    <p class='ocr_par' dir='ltr' id='par_1_111' title="bbox 2248 5033 3822 5111">
     <span class='ocr_line' id='line_1_111' title="bbox 2248 5033 3822 5111; baseline 0.001 -22"><span class='ocrx_word' id='word_1_831' title='bbox 2248 5033 2663 5106; x_wconf 81' lang='grc' dir='ltr'>ἀναριθμήτων.</span> <span class='ocrx_word' id='word_1_832' title='bbox 2694 5036 2807 5090; x_wconf 69' lang='grc' dir='ltr'><strong>Καὶ</strong></span> <span class='ocrx_word' id='word_1_833' title='bbox 2838 5036 3044 5107; x_wconf 84' lang='grc' dir='ltr'>Πέτρος</span> <span class='ocrx_word' id='word_1_834' title='bbox 3074 5037 3168 5090; x_wconf 77' lang='grc' dir='ltr'><strong>καὶ</strong></span> <span class='ocrx_word' id='word_1_835' title='bbox 3197 5037 3414 5104; x_wconf 82' lang='grc' dir='ltr'>Παῦλος</span> <span class='ocrx_word' id='word_1_836' title='bbox 3441 5042 3575 5111; x_wconf 75' lang='grc' dir='ltr'>μιᾶς</span> <span class='ocrx_word' id='word_1_837' title='bbox 3612 5041 3707 5094; x_wconf 73' lang='grc' dir='ltr'><strong>καὶ</strong></span> <span class='ocrx_word' id='word_1_838' title='bbox 3729 5039 3822 5106; x_wconf 78' lang='grc' dir='ltr'>τῆς</span> 
     </span>
    </p>
   </div>
   <div class='ocr_carea' id='block_1_112' title="bbox 2251 5125 3819 5202">
    <p class='ocr_par' dir='ltr' id='par_1_112' title="bbox 2251 5125 3819 5202">
     <span class='ocr_line' id='line_1_112' title="bbox 2251 5125 3819 5202; baseline 0.002 -22"><span class='ocrx_word' id='word_1_839' title='bbox 2251 5125 2421 5195; x_wconf 75' lang='grc' dir='ltr'>αὐτῆς</span> <span class='ocrx_word' id='word_1_840' title='bbox 2468 5127 2577 5180; x_wconf 79' lang='grc' dir='ltr'>εἰσι</span> <span class='ocrx_word' id='word_1_841' title='bbox 2618 5129 2857 5195; x_wconf 83' lang='grc' dir='ltr'>φύσεως,</span> <span class='ocrx_word' id='word_1_842' title='bbox 2895 5127 3248 5182; x_wconf 80' lang='grc' dir='ltr'>ὕποστάσεων</span> <span class='ocrx_word' id='word_1_843' title='bbox 3292 5127 3353 5182; x_wconf 83' lang='grc' dir='ltr'><strong>δὲ</strong></span> <span class='ocrx_word' id='word_1_844' title='bbox 3395 5128 3694 5202; x_wconf 70' lang='grc' dir='ltr'>διαφόρων.</span> <span class='ocrx_word' id='word_1_845' title='bbox 3718 5128 3819 5184; x_wconf 73' lang='grc' dir='ltr'><strong>Καὶ</strong></span> 
     </span>
    </p>
   </div>
   <div class='ocr_carea' id='block_1_113' title="bbox 2252 5217 3820 5294">
    <p class='ocr_par' dir='ltr' id='par_1_113' title="bbox 2252 5217 3820 5294">
     <span class='ocr_line' id='line_1_113' title="bbox 2252 5217 3820 5294; baseline 0.002 -22"><span class='ocrx_word' id='word_1_846' title='bbox 2252 5218 2569 5272; x_wconf 78' lang='grc' dir='ltr'>κοινωνοῦσι</span> <span class='ocrx_word' id='word_1_847' title='bbox 2598 5218 2696 5289; x_wconf 88' lang='grc' dir='ltr'>μὲν</span> <span class='ocrx_word' id='word_1_848' title='bbox 2730 5218 2982 5288; x_wconf 77' lang='grc' dir='ltr'>ἀλλήλοις</span> <span class='ocrx_word' id='word_1_849' title='bbox 3010 5217 3155 5271; x_wconf 80' lang='grc' dir='ltr'>κατά</span> <span class='ocrx_word' id='word_1_850' title='bbox 3183 5218 3287 5289; x_wconf 84' lang='grc' dir='ltr'>τὴν</span> <span class='ocrx_word' id='word_1_851' title='bbox 3326 5219 3512 5289; x_wconf 81' lang='grc' dir='ltr'>φύσιν,</span> <span class='ocrx_word' id='word_1_852' title='bbox 3554 5221 3820 5294; x_wconf 76' lang='grc' dir='ltr'>διαιροῦν-</span> 
     </span>
    </p>
   </div>
   <div class='ocr_carea' id='block_1_114' title="bbox 2249 5308 3684 5382">
    <p class='ocr_par' dir='ltr' id='par_1_114' title="bbox 2249 5308 3684 5382">
     <span class='ocr_line' id='line_1_114' title="bbox 2249 5308 3684 5382; baseline 0.006 -22"><span class='ocrx_word' id='word_1_853' title='bbox 2249 5325 2340 5361; x_wconf 89' lang='grc' dir='ltr'><strong>ται</strong></span> <span class='ocrx_word' id='word_1_854' title='bbox 2368 5308 2425 5361; x_wconf 74' lang='grc' dir='ltr'><strong>δὲ</strong></span> <span class='ocrx_word' id='word_1_855' title='bbox 2447 5309 2586 5362; x_wconf 88' lang='grc' dir='ltr'>κατά</span> <span class='ocrx_word' id='word_1_856' title='bbox 2612 5310 2711 5374; x_wconf 67' lang='grc' dir='ltr'>τὶς</span> <span class='ocrx_word' id='word_1_857' title='bbox 2741 5308 3093 5372; x_wconf 69' lang='grc' dir='ltr'>ὑποστάσεις.</span> <span class='ocrx_word' id='word_1_858' title='bbox 3123 5309 3244 5381; x_wconf 74' lang='grc' dir='ltr'>ἦτοι</span> <span class='ocrx_word' id='word_1_859' title='bbox 3276 5309 3351 5363; x_wconf 86' lang='grc' dir='ltr'>τὰ</span> <span class='ocrx_word' id='word_1_860' title='bbox 3389 5312 3684 5382; x_wconf 71' lang='grc' dir='ltr'>πρόσωπα.</span> 
     </span>
    </p>
   </div>
   <div class='ocr_carea' id='block_1_115' title="bbox 459 5398 3812 5476">
    <p class='ocr_par' dir='ltr' id='par_1_115' title="bbox 459 5398 3812 5476">
     <span class='ocr_line' id='line_1_115' title="bbox 459 5398 3812 5476; baseline 0 -14"><span class='ocrx_word' id='word_1_861' title='bbox 459 5398 487 5468; x_wconf 66' lang='grc' dir='ltr'><strong>ζΞ</strong></span> <span class='ocrx_word' id='word_1_862' title='bbox 558 5421 695 5463; x_wconf 84' lang='lat' dir='ltr'><strong>vero</strong></span> <span class='ocrx_word' id='word_1_863' title='bbox 718 5407 930 5471; x_wconf 80' lang='lat' dir='ltr'><strong>multis,</strong></span> <span class='ocrx_word' id='word_1_864' title='bbox 958 5415 1016 5464; x_wconf 91' lang='lat' dir='ltr'><strong>et</strong></span> <span class='ocrx_word' id='word_1_865' title='bbox 1040 5407 1272 5465; x_wconf 81' lang='lat' dir='ltr'><strong>inﬁnitis</strong></span> <span class='ocrx_word' id='word_1_866' title='bbox 1296 5416 1354 5464; x_wconf 89' lang='lat' dir='ltr'><strong>et</strong></span> <span class='ocrx_word' id='word_1_867' title='bbox 1378 5406 1898 5465; x_wconf 85' lang='lat' dir='ltr'><strong>innumerabilibus.</strong></span> <span class='ocrx_word' id='word_1_868' title='bbox 1923 5405 1991 5461; x_wconf 86' lang='lat' dir='ltr'><strong>Et</strong></span> <span class='ocrx_word' id='word_1_869' title='bbox 2015 5403 2214 5459; x_wconf 90' lang='lat' dir='ltr'><strong>Petrus</strong></span> <span class='ocrx_word' id='word_1_870' title='bbox 2244 5417 2309 5458; x_wconf 88' lang='lat' dir='ltr'><strong>ac</strong></span> <span class='ocrx_word' id='word_1_871' title='bbox 2329 5402 2534 5459; x_wconf 83' lang='lat' dir='ltr'><strong>Paulus</strong></span> <span class='ocrx_word' id='word_1_872' title='bbox 2565 5403 2732 5458; x_wconf 91' lang='lat' dir='ltr'><strong>unius</strong></span> <span class='ocrx_word' id='word_1_873' title='bbox 2764 5412 2822 5459; x_wconf 91' lang='lat' dir='ltr'><strong>et</strong></span> <span class='ocrx_word' id='word_1_874' title='bbox 2871 5403 3122 5474; x_wconf 84' lang='lat' dir='ltr'><strong>ejusdem</strong></span> <span class='ocrx_word' id='word_1_875' title='bbox 3192 5413 3323 5459; x_wconf 90' lang='lat' dir='ltr'><strong>sunt</strong></span> <span class='ocrx_word' id='word_1_876' title='bbox 3347 5412 3583 5470; x_wconf 63' lang='lat' dir='ltr'><strong>naturae,</strong></span> <span class='ocrx_word' id='word_1_877' title='bbox 3650 5407 3812 5476; x_wconf 73' lang='lat' dir='ltr'><strong>hypo-</strong></span> 
     </span>
    </p>
   </div>
   <div class='ocr_carea' id='block_1_116' title="bbox 514 5739 530 5793">
    <p class='ocr_par' dir='ltr' id='par_1_116' title="bbox 514 5739 530 5793">
     <span class='ocr_line' id='line_1_116' title="bbox 514 5739 530 5793; baseline 0 0"><span class='ocrx_word' id='word_1_878' title='bbox 514 5739 530 5793; x_wconf 74' lang='grc' dir='ltr'><strong>ί</strong></span> 
     </span>
    </p>
   </div>
   <div class='ocr_carea' id='block_1_117' title="bbox 555 5500 1412 5560">
    <p class='ocr_par' dir='ltr' id='par_1_117' title="bbox 555 5500 1412 5560">
     <span class='ocr_line' id='line_1_117' title="bbox 555 5500 1412 5560; baseline 0.004 -3"><span class='ocrx_word' id='word_1_879' title='bbox 555 5500 803 5558; x_wconf 79' lang='lat' dir='ltr'><strong>stasihus</strong></span> <span class='ocrx_word' id='word_1_880' title='bbox 856 5512 1044 5559; x_wconf 81' lang='lat' dir='ltr'><strong>autem</strong></span> <span class='ocrx_word' id='word_1_881' title='bbox 1101 5503 1340 5560; x_wconf 80' lang='lat' dir='ltr'><strong>diversis</strong></span> <span class='ocrx_word' id='word_1_882' title='bbox 1398 5521 1412 5560; x_wconf 90' lang='lat'><strong>:</strong></span> 
     </span>
    </p>
   </div>
   <div class='ocr_carea' id='block_1_118' title="bbox 1483 5494 3803 5573">
    <p class='ocr_par' dir='ltr' id='par_1_118' title="bbox 1483 5494 3803 5573">
     <span class='ocr_line' id='line_1_118' title="bbox 1483 5494 3803 5573; baseline -0.003 -12"><span class='ocrx_word' id='word_1_883' title='bbox 1483 5512 1540 5561; x_wconf 88' lang='lat' dir='ltr'><strong>et</strong></span> <span class='ocrx_word' id='word_1_884' title='bbox 1586 5511 1838 5560; x_wconf 88' lang='lat' dir='ltr'><strong>naturam</strong></span> <span class='ocrx_word' id='word_1_885' title='bbox 1906 5497 2131 5573; x_wconf 87' lang='lat' dir='ltr'><strong>quidem</strong></span> <span class='ocrx_word' id='word_1_886' title='bbox 2158 5494 2304 5553; x_wconf 89' lang='lat' dir='ltr'><strong>inter</strong></span> <span class='ocrx_word' id='word_1_887' title='bbox 2335 5513 2392 5554; x_wconf 87' lang='lat' dir='ltr'><strong>se</strong></span> <span class='ocrx_word' id='word_1_888' title='bbox 2421 5512 2771 5555; x_wconf 87' lang='lat' dir='ltr'><strong>communem</strong></span> <span class='ocrx_word' id='word_1_889' title='bbox 2803 5498 3028 5567; x_wconf 87' lang='lat' dir='ltr'><strong>habent,</strong></span> <span class='ocrx_word' id='word_1_890' title='bbox 3069 5496 3397 5554; x_wconf 87' lang='lat' dir='ltr'><strong>dividuntur</strong></span> <span class='ocrx_word' id='word_1_891' title='bbox 3429 5509 3613 5557; x_wconf 84' lang='lat' dir='ltr'><strong>autem</strong></span> <span class='ocrx_word' id='word_1_892' title='bbox 3648 5502 3803 5573; x_wconf 72' lang='lat' dir='ltr'><strong>hypo-</strong></span> 
     </span>
    </p>
   </div>
   <div class='ocr_carea' id='block_1_119' title="bbox 564 5586 3188 5670">
    <p class='ocr_par' dir='ltr' id='par_1_119' title="bbox 564 5586 3188 5670">
     <span class='ocr_line' id='line_1_119' title="bbox 564 5586 3188 5670; baseline 0.008 -23"><span class='ocrx_word' id='word_1_893' title='bbox 564 5593 809 5657; x_wconf 76' lang='lat' dir='ltr'><strong>stasihus</strong></span> <span class='ocrx_word' id='word_1_894' title='bbox 839 5596 955 5652; x_wconf 88' lang='lat' dir='ltr'><strong>sive</strong></span> <span class='ocrx_word' id='word_1_895' title='bbox 980 5597 1255 5670; x_wconf 83' lang='lat' dir='ltr'><strong>personis.</strong></span> <span class='ocrx_word' id='word_1_896' title='bbox 3182 5586 3188 5599; x_wconf 25' lang='grc' dir='ltr'><strong>λ</strong></span> 
     </span>
    </p>
   </div>
   <div class='ocr_carea' id='block_1_120' title="bbox 2708 5817 2750 5844">
    <p class='ocr_par' dir='ltr' id='par_1_120' title="bbox 2708 5817 2750 5844">
     <span class='ocr_line' id='line_1_120' title="bbox 2708 5817 2750 5844; baseline 0 0"><span class='ocrx_word' id='word_1_897' title='bbox 2708 5817 2750 5844; x_wconf 69' lang='grc' dir='ltr'><em>ο</em></span> 
     </span>
    </p>
   </div>
  </div>
