4054 6312
584 207 721 274 lilii

1852 205 1892 260 Α
1902 202 2216 263 NTIOCIII
2253 202 2597 264 MUNACHI

2113 434 2499 447 W

3707 201 3856 268 1116

1440 435 3840 469 mw

738 630 1424 721 PANDECTES
1506 588 2216 720 sestertium
2303 629 2940 753 DIVlNlTllS
3025 632 3707 726 INSPIRATIE

586 842 773 905 VEN.
813 842 1095 905 PATRIS
1134 843 1531 907 ANTIOCHI
1563 844 1780 905 ANTE
1817 841 2085 905 ANNOS
2120 824 2434 918 QUIDEM
2481 844 2778 927 A‘BHINC
2820 806 3309 910 NONGENTOS
3339 850 3445 911 ΑΒ
3477 826 3856 916 ΑΠῖΖΤΟῙὶΕ

2060 946 2251 1008 ΕυιΤ
2262 945 2351 1006 US
2376 959 2395 1017 ;

3500 1028 3540 1037 υ-

1066 1127 1428 1173 GODEFRIDO
1455 1127 1780 1173 TILMANNO
1817 1125 2182 1170 canruusm
2201 1123 2585 1175 mmsrsnsrs
2615 1094 2913 1173 uomicae
2944 1126 3358 1176 INTERPRETE.

1076 1280 1323 1351 (Densus
1352 1275 1625 1362 Supplem.
1660 1275 1732 1329 ad
1761 1275 2009 1330 Biblioth.
2044 1233 2292 1329 Patrum.
2319 1271 2410 1327 ed.
2440 1272 2611 1328 Paris.
2650 1274 2807 1338 ιδεμ,
2846 1257 2978 1330 tom.
3010 1278 3054 1343 Ι,
3088 1293 3143 1347 p.
3182 1267 3373 1345 £019.;

657 1583 787 1640 Fuit
816 1583 919 1638 istc
965 1580 1272 1636 Antiochus
1301 1581 1605 1635 monachus
1636 1580 1961 1635 Palxestinus
1990 1582 2160 1636 laurte
2189 1584 2235 1641 Α
2264 1581 2567 1651 praesertim
2590 1652 2599 1657 _
2624 1581 2679 1635 in
2702 1580 3122 1654 Exomologesi,
3160 1599 3284 1654 quae
3312 1580 3419 1641 est
3447 1587 3519 1643 ad
3569 1588 3731 1645 ﬁnem
3762 1584 3859 1647 lio-

588 1672 775 1731 Sancti
834 1673 991 1728 Saba:
1043 1670 1282 1736 abbatis,
1320 1672 1408 1725 vir
1458 1670 1751 1726 sanctitate
1802 1680 1858 1724 et
1914 1672 2165 1729 doctrina

587 1766 842 1838 insignis,
866 1765 961 1834 qui
992 1765 1094 1820 sub
1127 1765 1380 1819 Heraclio
1408 1764 1743 1833 imperatore
1775 1764 1934 1825 vixit,
1976 1774 2033 1819 et
2065 1765 2169 1819 sub

588 1860 802 1915 cladem
840 1857 1415 1929 llicrosolymitanam,
1451 1872 1557 1925 qua
1586 1856 1722 1932 urbe
1747 1866 1924 1929 capta,
1951 1857 2170 1927 signum

587 1961 795 2007 sancta:
844 1952 1025 2006 crucis
1081 1966 1111 2005 a
1156 1949 1399 2007 Chosroe
1433 1949 1487 2002 in
1540 1948 1819 2004 Persidem
1872 1949 2173 2003 abductum

589 2054 677 2100 est
716 2043 946 2117 (incidit
977 2058 1043 2097 ea
1080 2043 1137 2097 in
1191 2056 1397 2097 annum
1447 2041 1642 2095 salutis
1694 2042 1843 2112 614),
1882 2041 2171 2111 scripsisse

590 2136 833 2203 videtur,
861 2144 923 2190 ut
956 2144 1189 2205 apparet
1214 2150 1280 2189 ex
1336 2134 1566 2189 homilia
1603 2134 1706 2188 107
1751 2134 1968 2195 et_aliis
2008 2132 2167 2199 locis,

2275 1672 2552 1726 miliarum
2595 1672 2650 1725 in
2676 1673 2913 1743 epistola
2945 1674 3302 1737 dedicatoria.
3334 1676 3696 1736 Occasionem
3728 1699 3858 1739 vero

2275 1763 2707 1837 ct‘institutum
2733 1757 3004 1819 scribendi
3056 1766 3160 1821 hoc
3189 1781 3335 1836 opus
3379 1768 3620 1838 ipsemet
3666 1774 3856 1829 Antio-

2278 1856 2418 1933 chus
2449 1856 2675 1925 exponit
2710 1856 2874 1926 initio
2926 1857 3169 1913 homilize
3200 1860 3289 1914 66.
3339 1860 3417 1914 De
3456 1862 3655 1919 eodem
3704 1866 3856 1935 plura

2280 1947 2544 2003 exhibent
2581 1948 2677 2002 tibi
2700 1947 2939 2003 Annales
2969 1950 3352 2018 ecclesiastici,
3380 1965 3517 2010 tom.
3555 1956 3693 2023 Vill,
3717 1972 3859 2012 anno

2277 2039 2403 2095 6M.
3512 2058 3515 2061 λ
3760 2034 3769 2041 ’

1028 2293 1111 2337 EX
1145 2293 1423 2338 EJUSDEM
1453 2292 1602 2338 θοι).
1634 2291 1936 2336 TILMANNI
1964 2286 2379 2335 PREFATIONE
2405 2286 2471 2331 IN
2512 2286 2877 2331 ANTIOCHUM
2907 2288 3414 2337 NUNCUPATORIA.
3601 2348 3613 2357 .

666 2426 807 2483 Sunt
861 2426 953 2496 qui
1000 2427 1208 2497 majore
1267 2425 1585 2495 eloquentia
1652 2425 1997 2495 scripserint,
2037 2439 2167 2494 per-

594 2520 750 2575 multi
785 2537 798 2573 :
838 2528 893 2572 at
924 2518 1082 2588 pauci
1123 2524 1469 2589 perspicuam
1501 2518 1668 2589 hujus
1700 2517 1789 2589 (de
1821 2526 2012 2575 sancto
2055 2516 2171 2571 An-

594 2611 784 2667 tiocho
814 2611 1082 2683 loquitur)
1122 2610 1457 2666 brevitatem
1489 2610 1726 2667 feliciter
1752 2610 1987 2666 assecuti
2008 2616 2169 2664 sunt.

594 2703 865 2758 Rarentcr
893 2703 1009 2757 baic
1048 2718 1155 2756 una
1193 2702 1292 2757 dos
1320 2702 1662 2772 unicuipiam
1686 2701 1954 2771 contingit
1982 2718 1995 2752 :
2024 2715 2177 2754 ama-
2208 2742 2250 2799 Β

593 2793 723 2849 bilis
780 2794 1083 2864 plurimum
1135 2803 1339 2849 nostra:
1401 2794 1564 2849 istius
1620 2792 2173 2865 mtatisbomiuibus.

582 2888 770 2953 Quam
805 2885 1011 2941 decore
1053 2888 1401 2950 conservavit
1429 2887 1491 2939 τὺ
1525 2886 1755 2956 πρέπον,
1795 2885 1902 2938 hoc
1929 2894 2014 2938 est
2037 2924 2065 2947 ,ν
2087 2900 2177 2939 οι·-

596 2978 744 3034 dinis
791 2978 1077 3043 decorum,
1124 2978 1199 3031 in
1237 2977 1327 3032 his
1377 2976 1698 3049 digerendis
1741 2975 1997 3030 Ilomiliis
2040 2973 2177 3028 libet

596 3071 926 3141 compendio
967 3064 1360 3142 perstringere.
1405 3069 1448 3122 Α
1496 3067 1601 3122 ﬁde
1642 3066 2059 3122 orditurtelam
2088 3067 2175 3123 sui

597 3160 984 3229 operis:quae
1048 3158 1379 3213 Christiana:
1449 3157 1737 3226 religionis
1792 3154 2172 3226 virtutumque

597 3250 845 3304 omnium
892 3249 1224 3303 solidissima
1268 3246 1494 3317 crepido
1540 3255 1647 3319 est,
1701 3256 1758 3303 et
1814 3247 1965 3303 basis
2006 3247 2178 3304 totius

598 3339 906 3408 spiritualis
941 3338 1181 3392 fabriczu.
1224 3337 1509 3407 Siquidem
1541 3345 1683 3393 teste
1733 3336 1960 3392 Aurelio
1990 3341 2177 3409 Augu—

597 3430 768 3495 stino,
799 3430 891 3485 ubi
942 3430 1099 3485 deest
1131 3429 1337 3500 agnitio
1368 3428 1619 3484 veritatis
1651 3436 1892 3495 aeternae,
1926 3428 2060 3485 falsa
2091 3437 2177 3484 est

600 3520 781 3574 virtus
807 3520 1009 3589 omnis,
1033 3520 1199 3576 etiam
1237 3519 1294 3573 in
1336 3519 1563 3589 Optimis
1595 3519 1873 3587 moribus;
1898 3519 2039 3575 ﬁdei
2076 3521 2176 3575 ad-

591 3611 778 3681 jungit
816 3610 1157 3665 individuam
1202 3610 1484 3676 comitem,
1523 3627 1710 3681 spem;
1752 3600 1985 3665 fabricae.
2017 3611 2178 3666 istius

595 3702 901 3773 uestigium,
944 3698 1188 3757 Charitas
1242 3710 1513 3772 estzquae
1566 3702 1846 3769 hominem
1907 3711 2057 3756 recta
2107 3702 2176 3756 ad

596 3810 828 3866 regnum
860 3794 1147 3866 provehit;
1177 3810 1348 3865 quare
1388 3794 1714 3850 charitatem
1742 3802 2051 3865 etrcgnum
2106 3792 2175 3847 ad

595 3886 803 3943 calcem
826 3886 1015 3957 operis
1058 3885 1339 3955 relegavit.
1362 3885 1516 3940 Jacto
1543 3882 1777 3954 proinde
1811 3882 1939 3936 ﬁdei
1968 3897 2037 3936 ac
2059 3883 2177 3952 spei

597 3977 978 4047 fundamento,
1014 3977 1327 4034 amolienda
1360 3978 1600 4047 primum
1648 3974 1880 4030 veniunt
1921 3989 2042 4045 quae
2070 3974 2176 4028 im-

2279 2419 2529 2477 tulerunt
2596 2398 3091 2478 sententiolamet-
3140 2423 3242 2480 has
3292 2425 3527 2492 absolvi,
3581 2438 3861 2490 mutuatus

2279 2511 2426 2582 quod
2466 2512 2703 2567 deerate
2746 2510 2936 2567 bibliis
2969 2513 3374 2588 Aldiniszquaa
3410 2521 3638 2591 quidem
3679 2524 3859 2580 Gneo:

2254 2600 2537 2679 ieruntur
2580 2618 2702 2658 esse
2748 2619 2785 2680 _e
2836 2598 2977 2659 LXX
3002 2593 3250 2663 editione
3278 2625 3292 2662 :
3324 2624 3426 2680 ego
3462 2613 3653 2669 verius
3681 2615 3859 2671 credi-

2280 2693 2459 2771 derim
2508 2674 2908 2751 Theodoiionis
2948 2706 3104 2762 βεδε,
3150 2713 3218 2753 ex
3271 2674 3567 2773 collatione
3611 2705 3858 2762 locorum

2281 2784 2599 2855 Hieronymi
2645 2786 2708 2840 in.
2733 2787 3030 2871 prophetas
3059 2789 3317 2844 maxime.
3376 2792 3447 2847 Et
3479 2794 3565 2849 ba:
3597 2810 3860 2867 perquam

2279 2894 2466 2948 paucae
2496 2888 2594 2932 :ut
2622 2878 2714 2934 illa
2734 2887 2813 2935 est
2842 2896 2909 2935 ex
2939 2880 3131 2939 homil.
3159 2881 3221 2937 91
3255 2883 3473 2939 Ξοηιηίε
3504 2903 3681 2942 sermo
3711 2891 3862 2958 ἔγκο-

2278 2983 2402 3045 πος..
2441 2970 2511 3024 Et
2552 2970 2659 3025 sub
2692 2970 2938 3026 medium
2990 2974 3274 3045 sequentis
3299 2990 3365 3030 ex
3403 2976 3532 3042 Job,
3562 2978 3699 3034 deﬁt
3722 2996 3859 3035 non-

2278 3073 2561 3130 nunquam
2595 3062 2816 3131 negatio
2846 3064 2949 3133 μή.-
2992 3063 3241 3119 Alterum
3271 3074 3377 3133 est,
3405 3066 3555 3138 quod
3588 3058 3860 3128 nisi'nan-

2280 3146 2782 3224 ciscetur‘aequum
2825 3156 3092 3227 temporis
3123 3166 3179 3215 et
3229 3175 3414 3215 rerum
3448 3163 3857 3232 aestimatorem,

2281 3251 2412 3299 nota
2439 3244 2518 3298 illi
2552 3244 2807 3300 inuretur
2837 3246 3120 3313 novitatis.
3144 3249 3270 3320 Duo
3298 3252 3576 3320 proferam
3600 3255 3865 3328 insignio-

2280 3346 2361 3390 ra.
2396 3335 2577 3401 Prius,
2613 3336 2815 3392 homil.‘
2858 3338 2949 3404 98,
2992 3339 3223 3413 Οἰκέτην
3250 3341 3535 3411 famulum,
3565 3338 3669 3401 vel
3701 3358 3862 3419 rapa-

2281 3425 2391 3481 Ium
2442 3419 2649 3483 servum
2672 3446 2689 3485 :
2713 3444 2812 3500 pro
2834 3446 2944 3505 quo
2978 3430 3179 3507 Αιδης,
3214 3420 3402 3506 ἱκέτην
3429 3438 3721 3509 supplicem
3767 3440 3859 3495 lia-

2280 3519 2434 3575 bent.
2470 3519 2721 3576 Alteru’m
2752 3522 2946 3578 homil.
2987 3524 3093 3579 119
3126 3524 3231 3580 sub
3264 3524 3454 3592 ﬁnem,
3483 3530 3673 3599 Θήραν
3706 3548 3859 3587 oena-

2281 3614 2476 3666 tionem
2508 3613 2622 3683 ejus
2663 3615 2989 3681 benedicens,
3016 3630 3120 3688 pro
3163 3633 3274 3688 quo
3317 3618 3512 3685 Aldus,
3546 3621 3735 3693 ούρκν.
3764 3626 3852 3693 ja-

2280 3721 2472 3787 nuum,
2504 3705 2772 3770 Ecclesia,
2821 3709 2996 3779 χήραν
3051 3710 3286 3765 viduam.
3325 3708 3527 3787 Facilis
3572 3717 3855 3781 transitus,

2280 3794 2309 3848 Θ
2369 3796 2426 3850 ἱιι
2474 3814 2526 3866 χ.
2561 3795 2704 3868 Lege
2739 3796 2964 3854 Hieron.
2994 3808 3050 3854 et
3081 3800 3314 3871 August.
3360 3802 3609 3858 Tertium
3665 3820 3858 3861 occur-

2280 3884 2354 3938 rit
2386 3903 2400 3939 :
2430 3886 2656 3955 pr0pria
2684 3885 2976 3953 Hebraica,
3001 3904 3166 3958 quam
3193 3904 3294 3945 nos
3324 3889 3505 3945 Latini
3547 3886 3859 3964 corruptius

2279 3973 2511 4029 inducit.
2539 3975 2606 4029 Et
2630 3975 2737 4039 hoc
2770 3976 2848 4030 illi
2879 3993 3171 4051 commune
3196 3988 3281 4034 est
3311 3996 3437 4035 cum
3462 3985 3676 4039 caeteris
3713 3985 3858 4041 Gm-

601 4071 916 4142 pcdimento
942 4087 1064 4126 esse
1110 4070 1322 4140 possint
1353 4088 1365 4122 :
1395 4069 1448 4122 in
1487 4084 1721 4139 quorum
1760 4082 1931 4122 censu
1962 4065 2176 4136 primas
2203 4065 2360 4141 c-cis
2387 4066 2731 4122 doctoribus.
2764 4068 2824 4133 ln
2852 4070 3108 4142 Prologo,
3133 4079 3189 4126 et
3211 4068 3411 4128 Homil.
3444 4075 3479 4129 2
3506 4074 3583 4128 De
3609 4094 3730 4147 spe,-
3765 4077 3859 4151 Su—

602 4170 750 4215 tcnet
798 4157 1176 4231 gastrimargia
1201 4201 1214 4225 ,
1263 4168 1405 4213 teste
1440 4156 1705 4213 Cassiano
1725 4170 1846 4225 cap.
1894 4156 1949 4218 5,
1988 4156 2089 4210 lib.
2123 4171 2176 4210 ν.

599 4252 909 4308 Ilcmolitus
946 4253 1186 4325 primum
1221 4252 1373 4318 vitia,
1410 4266 1532 4305 mox
1576 4249 1934 4320 progreditur
1961 4248 2030 4303 ad
2072 4248 2183 4302 vir-

600 4353 779 4411 tutum
821 4344 1309 4399 substructionem.
1344 4341 1448 4397 Sed
1490 4350 1548 4396 et
1588 4342 1694 4396 hoc
1738 4339 1817 4394 illi
1851 4345 2182 4409 perpetuum

598 4448 703 4494 est.
755 4439 969 4494 Nullam
1006 4454 1114 4493 non
1146 4438 1341 4493 harum
1369 4435 1853 4497 lﬁOHomiliarum
1885 4434 2013 4488 ﬁnit
2036 4433 2185 4488 desi»

600 4546 741 4584 ucns
773 4531 855 4593 ei;
899 4529 993 4583 τοῦ
1051 4530 1187 4582 Θεοῦ
1240 4528 1572 4595 δοξοὶπιγξαν.
1599 4528 1668 4581 Et
1703 4527 1930 4597 quidem
1970 4528 2088 4581 hac
2113 4526 2183 4582 de

601 4620 789 4691 Opere.
812 4622 892 4675 Ad
926 4616 1149 4675 tertium
1181 4618 1488 4674 ﬂectendus
1512 4618 1644 4692 mihi
1675 4626 1757 4673 cst
1790 4618 2054 4672 calamus.
2085 4615 2185 4674 Hic

600 4714 737 4769 mihi
768 4730 893 4770 cum
919 4714 1113 4783 primis
1132 4709 1567 4766 commonendus
1584 4709 1795 4774 videre,
1816 4709 2009 4777 lector,
2029 4716 2091 4764 ut
2115 4724 2185 4764 ne

602 4821 1010 4877 prutproperam
1042 4805 1188 4858 feras
1226 4801 1557 4857 sententiam
1583 4801 1629 4855 si
1659 4801 1792 4868 quid
1818 4800 1966 4855 inter
1995 4801 2185 4871 legen-

603 4897 735 4952 dam
764 4913 822 4952 se
852 4894 1185 4970 otl‘eret‘tuis
1223 4892 1454 4947 auribus
1509 4891 1772 4958 in50lcns,
1805 4891 1951 4963 quod
1979 4891 2033 4945 in
2063 4906 2188 4961 spc-

604 4990 744 5045 ciem
786 4989 1042 5058 praeierct
1066 4995 1251 5041 notam
1277 4985 1510 5041 curiosas
1542 4982 2064 5040 novitatis-.Habuit
2096 4985 2188 5039 hic

603 5086 731 5158 pius
758 5101 886 5141 cum
945 5100 1145 5155 magno
1179 5083 1480 5139 Athanasio
1528 5096 1821 5137 commune
1868 5078 2005 5134 illud
2044 5079 2189 5132 διδα-

605 5177 828 5230 κτικόν·
883 5192 1056 5248 genus
1101 5175 1293 5245 utique
1350 5173 1589 5230 docendi
1639 5187 1893 5243 pressum
1938 5171 2186 5226 etastri-

605 5278 778 5331 ctum,
815 5267 885 5322 ab
922 5268 1069 5322 omni
1105 5267 1475 5323 ostentatione
1499 5277 1554 5321 et
1578 5264 1931 5320 atl‘ectatione
1961 5278 2189 5333 prorsus

605 5362 935 5416 abhorrens.
974 5361 1081 5416 Sex
1118 5365 1489 5415 occurrerunt
1537 5371 1602 5411 ex
1648 5356 1905 5411 versione
1956 5363 2013 5409 et
2049 5354 2188 5409 rele-

607 5451 812 5516 ctione,
844 5466 967 5520 quae
1004 5447 1195 5504 rudem
1231 5448 1431 5519 linguae
1471 5446 1796 5503 Graecanica.-
1822 5456 1878 5500 et
1899 5442 2190 5500 crassioris

606 5542 797 5609 j-.idicii
850 5544 1112 5598 lectorem
1170 5541 1454 5597 oﬂ'endcre
1498 5546 1743 5609 possent.
1776 5536 2022 5591 Primum
2052 5545 2137 5592 est
2171 5555 2184 5591 :

618 5630 888 5689 lutcrcisae
923 5633 1148 5705 aliquot,
1183 5633 1484 5705 prudentes
1527 5640 1583 5687 et
1618 5630 1943 5687 inabsolute
1976 5644 2034 5685 se
2084 5630 2188 5685 ob-

2284 4159 2526 4222 namitis,
2549 4160 2765 4228 profert
2791 4168 2847 4213 et
2874 4160 3276 4230 interpretatur
3313 4164 3606 4230 Celeslem,
3631 4170 3789 4237 quasi
3827 4186 3857 4225 a

2283 4250 2582 4315 schamain,
2605 4252 2753 4318 cali,
2798 4249 3041 4324 etymtim
3078 4256 3346 4310 sortiatur
3373 4272 3534 4312 :cum
3570 4257 3857 4316 Sanamitis

2285 4340 2356 4395 sit
2409 4341 2707 4397 dicendum
2783 4359 2812 4398 a
2873 4342 3023 4400 Sana
3084 4346 3323 4415 oppedo,
3372 4336 3571 4423 nempe
3622 4351 3856 4425 Abysag;

2284 4434 2595 4504 Σαραφθία,
2625 4434 2776 4489 hom.
2824 4436 2914 4501 20,
2968 4452 3068 4507 pro
3100 4436 3428 4509 Sareptana'
3452 4442 3649 4507 uidua;
3677 4443 3857 4499 Jotlior

2285 4539 2397 4594 pro
2431 4524 2636 4579 Jethro.
2665 4525 2877 4605 Similia
2906 4528 3110 4596 passim
3156 4528 3300 4598 apud
3328 4528 3781 4601 Chrysostomum
3806 4544 3858 4589 ct

2284 4613 2689 4669 Nazianzenum
2715 4632 2729 4680 ;
2763 4615 2912 4670 hom.
2934 4616 3020 4681 74,
3044 4615 3306 4683 Nabathe,
3324 4619 3426 4687 pro
3451 4617 3663 4676 Nabal]:
3689 4639 3708 4675 :
3729 4633 3783 4677 ut
3808 4633 3859 4678 et

2286 4706 2520 4761 Basilius
2548 4724 2560 4760 :
2586 4703 2688 4772 Qui
2712 4706 2955 4773 Nubat/ie
2992 4705 3334 4763 Jesraelitnm
3380 4712 3658 4780 perdidit?
3680 4713 3857 4769 Nonne

2255 4800 2260 4810 “
2286 4799 2500 4853 Achaaz
2543 4799 2831 4870 cupiditas.
2847 4800 3052 4854 vinem?
3084 4800 3231 4867 Quin
3254 4810 3310 4855 et
3340 4802 3693 4870 Ambrosius,
3715 4808 3857 4863 Gr“:-

2288 4889 2494 4944 canica:
2521 4890 2782 4946 dictionis
2810 4891 3078 4959 mmulus,
3110 4892 3317 4948 librum
3352 4894 3576 4965 scripsit
3604 4896 3686 4950 De
3714 4900 3856 4953 vinea

2285 4978 2549 5035 Nabuthe.
2576 4979 2782 5035 Horum
2805 4984 3035 5054 gratiam
3059 4984 3298 5040 arbitror
3320 5000 3423 5041 nos
3442 4986 3647 5044 debere
3672 5006 3861 5047 sectiu-

2289 5072 2420 5128 dum
2456 5074 2629 5128 Deum
2677 5076 2772 5129 uni
2824 5072 3179 5149 Hieronymo.
3227 5076 3492 5144 Quartum
3522 5089 3627 5145 est,
3656 5083 3717 5136 in
3744 5096 3855 5138 am-

2274 5164 2602 5236 .pliiicandis
2624 5165 2928 5222 virtutibus
2960 5177 3018 5223 et
3039 5169 3434 5239 exaggerandis
3465 5171 3615 5226 vitiis
3648 5174 3856 5229 censeri

2290 5257 2494 5328 poterit
2544 5256 2874 5313 immodicus
2912 5275 2925 5310 :
2968 5257 3064 5314 sed
3101 5270 3158 5314 et
3200 5259 3304 5315 hoc
3331 5259 3410 5314 illi
3460 5275 3753 5318 commune
3781 5269 3859 5317 est

2291 5366 2416 5404 cum
2434 5351 2637 5406 veteris
2665 5350 2928 5406 Ecclesia:
2951 5350 3294 5415 doctoribus,
3330 5354 3640 5423 presertim
3659 5354 3857 5410 Joanne

2293 5443 2705 5515 Chrysostomo.
2734 5440 3078 5498 Crediderim
3107 5442 3440 5499 Antiochum
3462 5460 3494 5499 a
3516 5461 3691 5515 puero
3713 5460 3856 5505 claro

2296 5536 2476 5591 cuisse
2510 5536 2790 5606 ingenium
2836 5535 2892 5590 in
2928 5533 3237 5592 scribendis
3285 5536 3654 5608 Panegyricis,
3686 5538 3853 5593 Enco-

2300 5629 2635 5683 miastiriset
2679 5626 3010 5691 Epidecticis
3055 5621 3413 5683 orationibus.
3450 5628 3709 5696 Quintum
3738 5637 3850 5681 est:

3572 5866 3605 5875 -ο
