4054 6312
234 312 364 378 Hi7

1359 309 1530 371 con.
1570 283 2037 370 "HLMANNUS
2089 303 2436 368 LECTORI.

3362 298 3498 360 1418

233 425 410 496 negari
434 439 543 478 non
573 430 752 492 potest
806 424 936 493 quin
991 422 1191 477 alicubi
1240 423 1422 492 lapsus
1473 423 1544 476 sit
1605 435 1813 474 memo-
1845 427 1889 482 Α
1919 419 2039 488 ipso
2072 417 2224 472 aditu
2258 417 2377 486 ejus
2409 430 2530 484 qua:
2585 411 2652 467 de
2687 411 2790 465 [ide
2817 420 2921 477 est,
2955 418 3200 465 actutum
3245 409 3487 480 impegit-

233 521 310 573 ria
336 537 348 570 :
376 527 436 572 ut
456 533 582 572 cum
617 517 765 570 hom.
794 517 878 579 78,
909 531 1010 586 pro
1041 515 1316 579 Ilabacuc,
1357 514 1567 569 inducit
1594 513 1811 583 Sopho-

233 614 412 675 niam;
447 624 546 680 pro
582 608 843 662 Malachia
879 607 1190 672 Micbaeam;
1225 606 1330 660 sub
1359 606 1522 659 ﬁnem
1563 605 1682 669 107,
1712 620 1812 674 pro

233 702 615 758 Ecelesiastico
673 701 876 755 iterum
904 699 1260 769 Sophoniam.
1287 699 1392 753 Sed
1432 700 1547 753 haec
1579 698 1813 752 levicula

232 794 557 848 ascribeuda
611 792 936 846 amanuensi
998 793 1194 846 scribae
1245 799 1302 846 et
1355 791 1660 860 exceptori,
1723 791 1813 844 cui

234 887 421 940 forsan
439 887 507 940 de
533 885 800 946 memoria
821 885 1086 939 dictabat.
1115 884 1379 954 Superest
1401 893 1640 947 sextum,
1666 883 1814 952 quod

235 987 297 1036 ut
325 981 448 1049 plus
472 979 637 1033 habet
669 977 884 1032 caeteris
904 975 1196 1044 momenti,
1209 993 1384 1048 eoque
1404 978 1526 1046 plus
1545 977 1775 1046 periculi
1799 993 1812 1029 :

237 1075 312 1128 ita
343 1073 490 1128 etde
521 1073 625 1128 hoc
657 1073 793 1126 mihi
837 1073 1221 1127 disserendum
1252 1083 1335 1127 est
1358 1073 1682 1127 consultius.
1716 1071 1816 1128 Ubi

236 1165 384 1218 enim
423 1165 595 1233 majus
634 1165 872 1217 vertitur
903 1164 1230 1232 periculum,
1264 1163 1339 1218 ibi
1361 1164 1531 1233 magis
1570 1173 1656 1218 est
1684 1178 1817 1216 con-

1919 511 2086 564 Lecto
2117 509 2386 578 siquidem
2418 508 2581 562 loco:
2615 504 2767 559 Fides
2797 505 2933 557 enim
2957 505 3011 556 in
3037 501 3287 556 sacculum
3313 500 3489 564 stabit,

1914 603 2262 673 apprehenso
2297 601 2577 655 mordicus
2603 598 2758 652 labro
2781 597 3044 651 inferiore
3072 595 3314 650 restabat
3337 593 3492 666 quasi

1917 698 1971 751 in
2010 697 2226 750 salebra
2265 695 2518 749 haereret.
2546 693 2668 746 Mox
2693 691 2958 762 subjicit:
2992 710 3009 742 ‹
3036 691 3136 745 llic
3161 690 3320 744 locus
3355 687 3498 758 sapit

1915 789 2207 853 haeresim;
2252 795 2405 840 certo
2452 784 2548 838 tibi
2598 783 2869 854 persuade
2904 798 3188 852 nunquam
3228 781 3500 836 admissu-

1918 897 2009 936 ros
2038 895 2157 935 esse
2179 895 2304 934 eum
2339 878 2643 946 theologos,
2665 891 2805 944 quos
2835 890 3005 944 penes
3034 874 3221 928 libella
3247 872 3500 928 consistit

1913 971 2048 1041 justi
2072 969 2340 1025 examinis
2374 987 2386 1022 :
2417 967 2776 1038 quamobrem
2811 982 2842 1020 e
2876 982 2933 1019 re
2965 975 3056 1019 tua
3088 964 3256 1019 fuerit
3289 964 3500 1033 tibique

1919 1063 2195 1125 consules,
2233 1061 2277 1116 si
2311 1060 2478 1114 ducta
2505 1059 2668 1112 litura
2719 1058 3084 1112 interleveris.
3130 1075 3148 1108 ι
3189 1057 3327 1111 Huic
3352 1071 3496 1127 ego:

1927 1173 1946 1206 ‹
1971 1155 2289 1224 Apostolum
2309 1153 2423 1208 scio
2445 1151 2741 1222 apostolice
2770 1151 3055 1221 scripsisse
3086 1150 3247 1206 fidem
3277 1160 3330 1205 et
3349 1165 3500 1221 spem

239 1253 532 1308 sulendum
569 1270 580 1305 :
613 1253 651 1306 l.
676 1253 733 1306 fl‘.
779 1253 843 1306 14
868 1253 942 1307 De
977 1251 1324 1307 Carboniano
1347 1253 1551 1318 edicto,
1587 1253 1685 1316 l.l,
1715 1251 1855 1322 §2J
1920 1262 2166 1310 casuras,
2223 1246 2546 1300 charitatem
2585 1262 2716 1300 vero
2760 1254 3026 1301 arternum
3079 1252 3451 1298 constaturam
3485 1259 3497 1294 :

239 1346 354 1400 Nec
390 1346 539 1399 enim
582 1345 1044 1414 praecipitandum
1093 1353 1178 1398 est
1228 1345 1544 1409 consilium,
1600 1344 1820 1413 quando

243 1450 333 1487 res
367 1435 484 1504 ipsa
515 1435 686 1503 exigit
719 1441 778 1486 ut
809 1434 1078 1487 maturius
1127 1449 1370 1503 agamus,
1403 1434 1529 1488 dist.
1566 1434 1634 1488 50
1675 1433 1820 1487 Pon-

243 1526 406 1578 deret.
435 1526 679 1579 Dixeris:
699 1524 840 1590 Quid
868 1525 1002 1579 illud
1027 1525 1146 1579 est?
1171 1525 1364 1579 Paucis
1387 1525 1591 1594 accipe.
1620 1519 1821 1591 Quanti

243 1617 413 1672 fuerit
442 1617 674 1686 periculi
702 1632 801 1686 per
823 1631 1016 1670 omnes
1055 1616 1301 1670 omnium
1341 1625 1566 1670 aetatum
1600 1617 1820 1687 gradus,

243 1711 494 1777 abusque
528 1709 685 1762 initio
728 1709 1083 1778 primogenia:
1126 1719 1182 1763 et
1233 1710 1473 1778 primum
1523 1710 1825 1764 exorientis

1923 1337 2056 1402 imo,
2097 1336 2233 1391 nulli
2282 1337 2607 1406 explicabile
2637 1336 3035 1390 incrementum
3066 1345 3417 1404 accepturam
3447 1335 3503 1389 in

1921 1429 2118 1499 patria.
2140 1429 2295 1500 juxta
2323 1428 2474 1483 Isaia:
2502 1428 2785 1481 oraculum
2839 1426 3072 1481 dicentis
3110 1444 3122 1480 :
3158 1427 3288 1480 Vivit
3319 1426 3504 1482 Domi-

1925 1538 2022 1574 nus
2067 1522 2217 1591 cujus
2275 1521 2410 1590 ignis
2469 1522 2524 1574 in
2569 1517 2717 1584 Sion,
2747 1529 2794 1572 et
2848 1519 3084 1572 caminus
3120 1519 3172 1571 in
3211 1517 3509 1574 Jerusalem

1926 1615 2064 1686 (lsa.
2101 1632 2246 1680 xxxi,
2272 1616 2360 1676 9).
2400 1614 2554 1670 Fidei
2585 1615 2732 1668 enim
2791 1623 2946 1670 actus
2993 1624 3078 1669 est
3139 1613 3218 1670 rei
3261 1614 3507 1668 nondum

1924 1708 2091 1773 vism;
2131 1707 2272 1776 spei,
2317 1706 2567 1760 nondum
2601 1706 2824 1760 habita}.
2867 1706 3227 1775 Consequens
3258 1721 3389 1760 sane
3433 1706 3510 1762 sit

243 1801 506 1855 Ecclesia:
543 1799 760 1868 quidvis
795 1799 848 1852 in
879 1800 1128 1869 apricum
1167 1800 1494 1869 depromere
1526 1817 1556 1854 e
1578 1801 1824 1870 locuple-
1859 1778 1898 1831 Β
1932 1799 2076 1868 quod
2103 1813 2226 1852 cum
2257 1797 2536 1853 videbitur
2551 1797 2710 1853 sicuti
2741 1807 2825 1852 est
2854 1806 2909 1852 et
2936 1798 3251 1862 habebitur,
3273 1813 3507 1852 evacua-

245 1892 462 1946 tissimo
497 1906 641 1959 penu
674 1891 1023 1959 eloquiorum
1063 1891 1398 1953 divinorum,
1426 1892 1617 1946 testari
1651 1893 1828 1946 abun-

244 1983 317 2038 de
355 1990 535 2052 potest
563 1997 704 2036 unus
735 1982 825 2035 ille
854 1981 1182 2037 Christianae
1212 1983 1494 2054 religionis
1521 1983 1826 2038 acerrimus

244 2083 626 2145 propugnator
681 2075 982 2146 Gregorius
1023 2075 1420 2140 Nazianzenus,
1462 2090 1572 2146 quo
1626 2091 1829 2145 praece-

243 2175 409 2236 ptore
460 2178 647 2222 noster
686 2154 1052 2240 Hieronymus
1105 2167 1329 2239 gloriari
1379 2184 1489 2222 non
1542 2183 1653 2222 uno
1705 2169 1827 2224 loco

247 2259 414 2310 solet.
443 2257 500 2310 In
529 2256 882 2326 Apologctico
905 2257 1110 2311 etenim
1137 2271 1238 2312 suo
1261 2256 1424 2311 docet
1450 2256 1504 2311 id
1533 2256 1826 2327 perspicue

248 2349 456 2417 triplici
480 2363 547 2401 ex
576 2347 742 2402 modo
772 2348 928 2410 oriri,
957 2363 988 2402 e
1015 2363 1205 2415 sensu,
1229 2365 1260 2403 e
1300 2364 1575 2412 sermone,
1612 2364 1676 2403 ex
1708 2349 1827 2419 ipso

247 2441 474 2495 auditu.
518 2443 590 2494 At
635 2448 842 2510 quanto
888 2449 974 2494 est
1016 2440 1182 2495 hodie
1228 2441 1359 2495 alere
1413 2440 1828 2511 periculosioris

249 2531 501 2585 scribere
531 2547 544 2583 :
587 2537 683 2584 aut
715 2529 862 2599 quod
893 2531 950 2583 in
973 2531 1285 2600 antiquario
1311 2531 1572 2600 quopiam
1596 2531 1826 2588 doctore

247 2621 465 2677 editum
490 2623 600 2692 jam
637 2622 768 2675 olim
805 2623 896 2686 sit,
931 2623 983 2678 in
1021 2624 1261 2678 alienam
1292 2623 1684 2678 transfundere
1722 2624 1830 2678 lin-

247 2729 437 2783 gnam,
473 2727 537 2767 ac
583 2712 814 2781 proinde
865 2712 932 2767 ad
985 2709 1332 2767 communem
1370 2713 1619 2767 omnium
1666 2729 1827 2769 usum

252 2802 403 2873 typis
461 2802 842 2866 committere,
892 2803 1114 2873 quando
1191 2802 1464 2872 quidquid
1524 2803 1829 2874 quamlibet

250 2899 444 2944 sancte
471 2890 694 2944 -dixeris
730 2891 845 2959 rapi
889 2891 944 2945 id
972 2892 1148 2946 soleat
1174 2893 1229 2946 in
1254 2893 1547 2961 pessimam
1579 2893 1830 2963 partem?

250 2980 300 3036 Λ
336 2981 700 3035 novatoribus
737 2980 860 3035 istis
900 2990 1154 3036 veterum
1206 2982 1516 3045 haereseon.
1542 2983 1681 3037 nihil
1727 2999 1830 3038 ne-

251 3087 413 3128 cesse
447 3072 520 3126 sit
573 3079 634 3126 ut
679 3071 909 3126 doceam
946 3088 1110 3142 quam
1139 3073 1363 3143 oblique
1402 3084 1600 3128 cuncta
1639 3075 1828 3129 detor-

251 3174 553 3233 queantur,
587 3163 805 3232 quando
832 3178 942 3217 non
973 3163 1156 3228 Petro,
1190 3179 1299 3218 non
1346 3164 1540 3220 Joauni
1575 3174 1828 3234 parcunt,

252 3271 369 3310 non
407 3255 590 3310 vivido
630 3256 710 3312 illi
740 3271 946 3327 organo
981 3256 1222 3326 Spiritus
1253 3258 1427 3313 sancti
1452 3259 1642 3322 Paulo,
1677 3274 1740 3313 ac
1766 3273 1834 3313 ne

254 3349 557 3419 Evangelia
583 3350 825 3418 quidem.
854 3349 961 3404 Sed
984 3361 1038 3405 et
1071 3351 1175 3405 hoc
1207 3352 1436 3418 malum,
1464 3351 1608 3421 quod
1634 3353 1699 3407 ad
1736 3368 1837 3408 nos

253 3441 478 3505 attinet,
533 3449 812 3510 utcunque
883 3442 1168 3497 tolerabile
1217 3443 1394 3498 videri
1451 3444 1644 3514 possit.
1698 3443 1834 3499 Cum

254 3533 408 3588 enim
439 3533 552 3587 sint
586 3533 940 3599 insanabiles,
971 3535 1240 3604 praecipiti
1292 3535 1418 3606 fuga
1467 3536 1835 3606 przevertendi

255 3625 514 3688 veniunt,
551 3627 706 3695 juxta
742 3626 898 3680 Pauli
923 3626 1254 3691 doctrinam,
1287 3637 1343 3682 et
1372 3628 1551 3684 modis
1577 3629 1836 3684 omnibus

256 3719 494 3773 vitandi.
531 3719 698 3790 Major
727 3735 919 3774 eorum
953 3737 1087 3776 cura
1148 3730 1254 3788 est,
1317 3725 1413 3793 qui
1465 3725 1678 3794 privata
1726 3742 1837 3781 non

257 3813 394 3866 item
422 3811 639 3880 publica
669 3812 1000 3867 auctoritate
1029 3829 1230 3870 nomen
1255 3816 1360 3871 sibi
1402 3827 1628 3871 sumunt
1678 3818 1836 3873 theo-

255 3903 530 3971 logorum,
569 3902 663 3971 qui
729 3902 964 3958 frontem
1021 3905 1227 3962 habent
1267 3916 1377 3962 tam
1423 3909 1713 3964 eﬂ‘rontem
1753 3926 1838 3982 ac

256 3993 624 4064 pnefractam,
655 4003 708 4049 et
746 4011 813 4050 eo
862 3996 1186 4053 reciderunt
1225 4001 1554 4056 temeritatis
1587 4011 1648 4057 ut
1679 4004 1836 4073 quasi

253 4086 483 4158 quidam
504 4087 805 4143 Aristarchi
827 4104 1017 4143 eorum
1049 4090 1154 4144 sibi
1186 4092 1467 4148 vindicent
1497 4094 1835 4150 functionem

253 4181 638 4250 theologorum
667 4196 805 4250 quos
845 4197 1018 4251 penes
1063 4183 1422 4240 honorarium
1464 4187 1670 4256 pendet
1689 4188 1837 4260 judi-

250 4279 406 4334 cium
461 4277 807 4347 expendendi
870 4279 1204 4348 Scripturas,
1249 4299 1381 4336 num
1434 4283 1693 4353 legitimae
1725 4285 1836 4340 sint

252 4376 512 4432 monetae,
545 4383 613 4422 an
654 4367 982 4424 adulterinae
1014 4379 1108 4424 aut
1141 4372 1526 4442 supposititiae.
1551 4374 1834 4444 Ejusmodi

1934 1891 2086 1945 bitur
2116 1890 2264 1960 quod
2292 1900 2622 1960 ,utrumque
2662 1907 2729 1945 ex
2764 1899 2916 1961 parte
2953 1899 3057 1956 est,
3093 1899 3154 1945 et
3193 1889 3511 1960 perficietur

1933 1983 2082 2053 quod
2110 1993 2196 2038 est
2224 1983 2446 2038 fabrica:
2468 1983 2776 2052 spiritualis
2809 1999 2944 2054 apex
2973 1995 3028 2038 et
3058 1983 3386 2054 fastigium.»
3418 1985 3514 2040 Est

1936 2075 2298 2130 nihilominus
2357 2075 2628 2130 catholica
2683 2077 2798 2131 haec
2861 2075 3388 2148 propositiozFides
3457 2078 3514 2131 in

1933 2163 2187 2219 saeculum
2215 2165 2394 2218 stabit.
2427 2165 2583 2232 Quod
2612 2173 2697 2221 est
2746 2165 2992 2222 Hebraeis
3025 2151 3276 2227 35D.hoc
3310 2165 3514 2221 Graicis

1936 2255 2088 2323 αἰών,
2124 2258 2286 2312 nobis
2316 2258 2585 2325 swculum,
2620 2275 2725 2313 vox
2748 2259 2947 2329 cuique
2984 2260 3182 2329 lingua:
3213 2260 3511 2330 polysema,

1936 2348 2170 2402 testibus
2203 2347 2535 2422 Hieronymo
2569 2351 2625 2404 in
2657 2351 2958 2421 prophetas
2991 2359 3047 2406 et
3070 2351 3281 2406 Joanne
3321 2352 3517 2406 Dama-

1936 2453 2124 2502 sceno,
2153 2454 2274 2509 cap.
2314 2441 2336 2493 l
2371 2441 2500 2495 libri
2529 2458 2590 2504 ll,
2619 2457 2769 2497 nunc
2805 2442 3046 2497 hominis
3101 2451 3340 2506 atatem,
3368 2458 3517 2497 nunc

1936 2532 2121 2585 δείξουιί
2158 2532 2344 2598 finem,
2376 2540 2439 2585 ut
2467 2532 2573 2588 boc
2622 2532 2767 2598 loco,
2819 2533 3016 2603 signat.
3067 2533 3174 2590 Sed
3221 2542 3278 2588 ct
3333 2534 3515 2589 locum

1937 2622 2122 2677 indico
2155 2623 2303 2678 unde
2345 2624 2685 2695 praescriptis
2731 2625 2919 2680 verbis
2959 2625 3012 2679 id
3052 2627 3267 2680 axioma
3297 2626 3518 2680 desum-

1936 2724 2090 2786 ptum
2128 2715 2218 2782 sit,
2251 2731 2452 2786 nempe
2507 2731 2538 2771 e
2567 2732 2634 2769 xi.
2668 2731 2788 2786 cap.
2832 2717 3044 2770 Eceles.
3089 2715 3244 2770 Tunc
3276 2718 3516 2788 primum

1936 2809 2005 2864 ab
2035 2825 2102 2864 eo
2140 2809 2463 2880 scrupulum
2499 2808 2648 2863 hunc
2681 2809 2920 2863 excussi.
2960 2809 3148 2878 Neque
3194 2809 3300 2864 hoc
3352 2810 3518 2864 velim

1934 2903 2216 2959 existimes
2244 2918 2311 2956 eo
2349 2918 2380 2956 a
2421 2917 2505 2956 me
2535 2901 2768 2964 dictum,
2794 2901 2937 2970 quod
2965 2901 3219 2956 damnem
3251 2903 3312 2958 Ι).
3358 2903 3518 2958 theo—

1935 2997 2185 3067 logorum
2220 2995 2342 3065 pios
2364 2995 2583 3049 labores
2611 2994 2664 3047 in
2688 2993 3042 3064 explorandis
3063 2993 3364 3064 Seripturis
3385 3011 3517 3048 num

1937 3085 2194 3155 legitimae
2233 3087 2343 3141 sint
2387 3095 2444 3140 et
2507 3086 2717 3141 lectore
2764 3084 3081 3140 Christiano
3125 3086 3322 3156 dignae.
3371 3085 3515 3153 Quin

1937 3178 2072 3232 adeo
2091 3194 2197 3232 non
2221 3178 2444 3244 damno,
2476 3187 2538 3232 ut
2562 3178 2727 3234 etiam
2774 3179 2989 3233 tuendae
3021 3177 3146 3233 fidei
3177 3178 3516 3243 orthodoxae,

1936 3280 2062 3325 ante
2123 3271 2664 3326 senatusconsultum
2694 3271 2747 3324 in
2791 3271 2933 3326 hanc
2982 3287 3097 3325 rem
3144 3270 3413 3327 sancitum
3465 3279 3517 3324 et

1936 3363 2168 3429 editum,
2222 3365 2536 3419 necessario
2605 3365 2919 3418 censuerim
2955 3379 3174 3433 semper
3225 3373 3280 3418 et
3325 3363 3516 3418 eadem

1939 3457 2174 3520 ratione,
2229 3456 2375 3526 vulgi
2429 3466 2593 3526 atque
2652 3457 3092 3512 Luthcranorum
3164 3456 3518 3527 negligendos

1937 3546 2298 3616 contemptim
2333 3550 2704 3612 rumusculos,
2740 3550 3066 3618 pcrvicaciw
3104 3558 3318 3603 tantum
3349 3556 3406 3603 et
3437 3557 3518 3602 tc-

1938 3638 2210 3694 meritatis
2233 3639 2550 3694 Dathanieae
2585 3648 2641 3693 et
2671 3640 2984 3694 Abironica:
3011 3657 3273 3712 perquam
3302 3643 3515 3712 plenos.

1938 3733 2015 3787 De
2065 3747 2168 3786 suo
2217 3729 2439 3800 opiﬁcio
2493 3732 2818 3801 pronuntiat
2865 3732 3046 3802 quivis
3100 3733 3303 3803 cpifex,
3339 3743 3516 3799 sutor,

1938 3835 2135 3891 sartor,
2172 3825 2434 3894 piscator,
2462 3825 2666 3894 pellio;
2702 3825 2770 3880 de
2804 3825 3112 3900 theologica
3156 3841 3236 3890 re,
3268 3829 3515 3882 omnium

1939 3934 2060 3989 qua:
2083 3919 2137 3972 in
2163 3917 2327 3972 terris
2350 3925 2476 3971 sunt
2501 3917 2910 3988 augustissima,
2937 3917 3037 3973 soli
3069 3919 3158 3973 isti
3194 3919 3314 3988 ejus
3339 3919 3511 3974 rudis.

1939 4010 2063 4066 simi
2102 4009 2406 4065 censebunt
2437 4009 2685 4080 Opifices,
2720 4011 2813 4065 uni
2865 4012 3117 4082 theologo
3185 4027 3293 4066 nou
3325 4011 3516 4068 licebit

1939 4101 1994 4158 in
2026 4115 2243 4160 suomet
2276 4121 2469 4176 campo
2496 4108 2898 4177 pronuntiare?
2930 4107 2991 4162 Et
3020 4108 3136 4163 hate
3177 4115 3282 4162 tam
3326 4109 3516 4164 multis

1937 4197 2105 4252 libuit
2127 4198 2398 4264 scribere,
2425 4203 2494 4253 ut'
2520 4200 2798 4270 intelligas
2840 4201 2894 4255 in
2943 4201 3166 4271 quantis
3191 4201 3357 4258 hodie
3387 4219 3515 4258 ver-

1937 4296 2091 4344 sctur
2138 4291 2400 4359 periculis
2455 4292 2708 4362 quisquis
2759 4293 2974 4349 scribit.
3006 4293 3089 4349 Ad
3141 4311 3204 4349 ea
3253 4304 3310 4350 et
3344 4312 3515 4366 pauca

1937 4380 2121 4447 venio,
2150 4397 2272 4450 qua:
2303 4383 2557 4437 nonnihil
2585 4384 3063 4442 desiderantlucis
3091 4403 3199 4459 qua
3229 4387 3515 4442 illustren-

247 4459 591 4532 przeproperi
639 4459 777 4514 adeo
817 4468 945 4514 sunt
987 4471 1039 4516 et
1073 4463 1375 4532 praecipitis
1411 4464 1632 4534 judicii,
1666 4473 1726 4519 ut
1762 4467 1830 4522 de
1867 4477 1906 4530 D
1939 4480 2028 4525 tur
2068 4481 2123 4527 et
2177 4475 2589 4543 splendeseant,
2623 4487 2680 4532 et
2711 4479 2860 4543 haec,
2889 4478 3139 4550 inquam,
3183 4481 3514 4552 paucissima

246 4552 454 4622 quovis
506 4552 750 4606 nondum
811 4561 1022 4606 mature
1076 4553 1218 4608 lecto
1274 4570 1501 4610 censere
1551 4557 1735 4612 ausint
1769 4574 1833 4612 ac

247 4658 451 4714 magna
493 4659 619 4698 cum
670 4646 926 4700 libertate
957 4647 1338 4716 pronuntiare.
1371 4647 1594 4703 Liberet
1621 4650 1831 4704 dictum

246 4747 361 4790 noc
393 4752 574 4790 meum
605 4736 814 4807 duplici
841 4739 1223 4808 experimento
1253 4737 1601 4807 confirmare,
1639 4752 1698 4797 ut
1730 4742 1823 4798 ad-

247 4827 501 4882 monitus
555 4829 730 4883 lector
762 4829 827 4901 (si
879 4832 1003 4900 quis
1070 4832 1286 4887 tandem
1335 4834 1648 4904 continget)
1711 4835 1832 4902 pios

241 4919 404 4989 juxta
458 4932 522 4972 ac
574 4917 768 4974 doctos
819 4936 929 4974 non
967 4922 1096 4976 satis
1118 4939 1276 4992 aequo
1305 4924 1500 4992 judicii
1538 4925 1832 4981 libramine

243 5025 525 5078 expenses
576 5012 880 5081 prospiciat
923 5029 993 5068 ne
1030 5015 1255 5069 damnet
1289 5015 1552 5070 immeriti
1598 5019 1828 5084 erroris,

243 5099 351 5153 hac
382 5102 686 5168 praesertim
733 5111 891 5156 {etate
921 5104 1070 5180 omni
1109 5106 1633 5178 tragcedio-graphia
1663 5125 1829 5179 supe-

242 5191 415 5244 riore.
434 5190 588 5255 Quod
617 5192 801 5261 priore
835 5194 957 5248 loco
989 5195 1080 5250 hic
1103 5195 1399 5250 dicendum
1423 5198 1620 5264 fuerat,
1650 5201 1828 5255 visum

241 5291 333 5336 est
397 5281 624 5338 diﬂ‘erre.
664 5285 718 5338 in
772 5287 1208 5357 recognitionem
1267 5291 1458 5360 operis
1515 5292 1827 5362 imperfecti

241 5372 480 5428 Joannis
524 5373 902 5446 Chrysostomi
934 5379 988 5434 in
1024 5381 1358 5437 Matthazum.
1386 5383 1505 5438 Jam
1545 5385 1611 5440 ad
1649 5386 1702 5440 id
1733 5387 1826 5442 de-

239 5463 458 5518 scendo
491 5466 638 5535 quod
681 5479 768 5522 me
801 5471 1032 5539 propius
1064 5479 1245 5541 urget.
1293 5473 1680 5530 lnitio‘statim
1717 5479 1828 5547 pri-

239 5573 389 5614 mam
426 5559 833 5630 αὐτοσχεδίασιν
861 5562 952 5617 vix
982 5578 1221 5630 versam,
1268 5567 1506 5623 amiculo
1571 5557 1697 5624 dedi
1745 5571 1824 5627 le-

237 5648 500 5718 gendam,
537 5649 701 5706 docto
744 5653 993 5722 quidem,
1023 5655 1141 5722 sed,
1177 5666 1237 5711 ut
1277 5659 1458 5712 exitus
1497 5659 1706 5725 docuit,
1739 5678 1826 5716 ar-

238 5740 447 5811 gutiori
474 5757 639 5812 quam
687 5744 744 5798 in
796 5745 1117 5801 evolvendis
1153 5747 1345 5806 Bibliis
1374 5750 1732 5824 diligentiori.
1762 5755 1822 5810 In

485 5835 767 5915 ,ΡΑ-[εισι.
815 5839 926 5900 Gn.
969 5839 1296 5908 LXXXIX.

1933 4563 2238 4631 conferam,
2271 4567 2723 4636 quandoquidem
2758 4580 2918 4642 urget
2969 4572 3188 4641 prelum
3213 4574 3515 4628 vehemen-

1935 4665 2039 4711 ter.
2075 4657 2255 4714 Locus
2283 4659 2374 4728 qui
2407 4676 2464 4715 se
2501 4661 2661 4716 oﬂ'ert
2703 4662 3135 4726 discutiendum,
3162 4665 3378 4734 primus
3424 4666 3516 4722 ille

1932 4759 2018 4804 est
2048 4750 2102 4804 in
2160 4751 2280 4822 ipso
2307 4754 2525 4825 Prologi
2563 4756 2839 4810 vestibulo
2870 4773 2898 4812 e
2927 4756 3172 4812 Canticis
3205 4759 3516 4815 Salomonis

1933 4836 2315 4910 dcpromptus,
2366 4859 2476 4913 quo
2511 4845 2682 4902 libros
2730 4847 3035 4902 Bibliorum
3087 4848 3322 4919 (eximiae
3370 4851 3514 4905 inter

1933 4937 2163 4986 caeteros
2195 4935 2567 5006 auctoritatis)
2599 4938 2916 5006 parabolica
2955 4940 3249 4995 collatione
3297 4941 3514 4998 confert

1933 5021 2218 5090 sexaginta
2271 5024 2518 5094 reginis,
2575 5043 2699 5082 cum
2740 5031 3065 5098 neutiquam
3121 5032 3348 5087 totidem
3402 5033 3514 5088 sint

1930 5111 2084 5167 libri.
2117 5114 2388 5171 Caeterum
2443 5134 2554 5173 non
2604 5136 2897 5175 numerum
2949 5123 3040 5178 hic
3099 5124 3357 5187 attendit.
3414 5127 3512 5181 sed

1932 5207 2320 5264 auctoritatem
2379 5210 2494 5266 sive
2553 5211 2876 5281 dignitatem
2913 5231 2926 5267 :
2960 5216 3108 5284 quod
3161 5227 3248 5273 sat
3301 5226 3387 5273 est
3443 5220 3510 5274 ad

1931 5297 2256 5354 eliciendam
2304 5301 2590 5356 veritatem
2670 5304 3048 5372 Hommoseus,
3087 5307 3248 5376 cujus
3297 5309 3512 5378 species

1932 5398 2046 5444 tres
2088 5401 2236 5456 sunt,
2276 5391 2460 5458 εἰκὼν,
2495 5395 2588 5447 καὶ
2645 5397 3018 5467 παράδειγμα,
3063 5401 3159 5452 καὶ
3199 5401 3510 5472 παραϐολή.

1932 5481 2136 5537 llomil.
2191 5483 2302 5550 26,
2363 5487 2509 5556 quod
2557 5487 2814 5545 hortatur
2861 5491 3199 5556 monachos,
3253 5494 3514 5551 manibus

1929 5582 2155 5630 strenue
2197 5585 2258 5630 ut
2307 5577 2594 5646 laborent;
2639 5581 2782 5636 idem
2815 5581 3180 5656 Hieronymus
3228 5585 3295 5642 ad
3322 5586 3513 5643 Rusti-

1929 5679 2076 5731 cum,
2112 5666 2444 5726 Benedictus
2487 5682 2542 5728 et
2568 5675 2773 5730 caeteri.
2806 5675 3007 5732 llomil.
3043 5677 3112 5734 49
3143 5686 3296 5735 arcet
3334 5678 3511 5736 Simo-

1927 5757 2120 5815 niacos
2175 5777 2205 5816 a
2264 5762 2490 5835 judicio,
2525 5783 2637 5824 non
2673 5771 3068 5842 qualicunque,
3091 5771 3188 5826 sed
3215 5779 3482 5842 usurpato

3113 5863 3188 5924 45
