4054 6312
568 284 713 352 1419

1835 277 2203 339 ANTIOCHI
2243 278 2591 342 MONACHI

3696 270 3839 339 1420

566 404 673 470 rio,
698 400 1007 473 suspicioso
1031 409 1089 457 et
1114 396 1410 455 temerario
1438 436 1453 460 ,
1486 392 1724 449 maxime
1761 405 1793 446 a
1822 390 2034 463 judicio
2063 406 2149 447 re-
2178 398 2220 454 Α
2254 390 2333 445 De
2364 393 2556 463 spiritu
2592 399 2640 445 et
2685 393 2867 446 animo
2909 390 3265 461 exsequitur;
3305 388 3665 461 Hippocratis
3698 404 3840 459 quo-

566 494 912 567 prohationis
936 492 1085 564 quod
1114 492 1289 547 solius
1309 498 1394 543 est
1418 486 1516 541 Dei
1552 504 1565 539 :
1589 500 1698 540 non
1725 484 1859 541 item
1888 484 2149 556 prohibet

567 582 855 653 publicum
892 581 1009 637 sive
1033 580 1443 636 contentiosum
1477 576 1535 630 in
1578 574 1687 630 hoc
1721 574 2062 640 institutum,
2085 583 2150 629 ut

566 683 890 745 protegatur
916 672 1257 735 innocentia,
1285 678 1342 723 et
1369 668 1580 725 malitia
1620 668 1904 739 puniatur,
1928 668 1984 733 2,
2011 683 2068 738 q.
2095 666 2145 732 l,

566 765 699 832 Qua
747 765 1052 820 Lotharius.
1105 763 1307 819 Homil.
1374 761 1480 826 65,
1538 760 1720 825 initio,
1745 760 1921 815 videri
1972 759 2149 830 possit

565 856 716 911 omni
743 870 972 927 prorsus
989 857 1312 927 juramento
1361 852 1696 910 interdicere
1728 852 1970 908 voluisse
1989 852 2151 908 Chri-

566 949 780 1016 stianis,
833 950 1130 1004 collatione
1185 948 1476 1018 utriusque
1525 947 1685 1017 legis,
1754 960 1883 1000 cum
1936 945 2146 1015 alioqui

560 1043 940 1114 juramentum
993 1042 1080 1097 sui
1119 1048 1318 1096 natura
1372 1040 1578 1095 malum
1617 1038 1757 1095 adeo
1806 1054 1917 1093 non
1959 1038 2055 1103 sit,
2087 1046 2150 1093 ut

565 1143 724 1190 actus
765 1135 932 1190 etiam
981 1133 1158 1189 latria:
1191 1133 1284 1198 sit,
1321 1132 1507 1187 adsint
1539 1130 1710 1186 modo
1754 1138 1866 1185 tres
1892 1130 2145 1195 comites,

563 1224 793 1289 veritas,
820 1223 1094 1295 judicium
1135 1230 1193 1278 et
1234 1221 1469 1293 justitia,
1504 1230 1643 1276 teste
1681 1222 1747 1275 D.
1780 1220 2011 1274 Thoma.
2038 1219 2148 1275 Ve-

564 1334 687 1374 rum
716 1317 940 1388 quando
973 1316 1100 1371 libri
1133 1316 1276 1387 juris
1309 1318 1598 1384 utriusque
1622 1313 1898 1368 fusissime
1922 1312 2146 1376 docent,

564 1409 769 1481 quibus
791 1409 861 1464 de
891 1409 1078 1463 causis
1109 1407 1275 1461 liceat
1318 1407 1529 1477 jurare,
1563 1404 1769 1480 quibus
1801 1418 1936 1468 non,
1962 1401 2060 1457 sed
2094 1411 2171 1467 et_

563 1502 755 1560 schola
807 1501 1189 1571 theologorum
1231 1496 1342 1557 illis
1404 1495 1597 1551 eadem
1645 1494 1714 1549 de
1764 1508 1824 1549 re
1861 1493 2145 1549 concinit:

564 1594 701 1651 satis
724 1591 959 1647 videbor
995 1587 1193 1644 fecisse
1215 1587 1262 1642 si
1285 1586 1526 1641 docuero
1546 1583 1883 1639 Antiochum
1910 1582 2149 1636 voluisse

564 1698 597 1738 a
627 1681 867 1753 reproba
915 1675 1324 1734 consuetudine
1366 1672 1594 1744 jurandi
1644 1685 1878 1725 avocare
1925 1669 2147 1733 fratres,

2252 501 2359 556 que
2383 485 2816 541 commentarius
2842 484 3118 540 iustissime
3150 485 3206 539 in
3229 484 3397 554 hujus
3421 482 3836 553 Apotelesmala

2250 577 2319 633 de
2357 577 2609 633 somniis.
2636 576 2908 647 Apathian
2943 578 3171 647 insuper
3192 577 3363 631 sumit
3387 591 3500 631 non
3528 592 3635 646 pro
3660 578 3838 632 omni-

2250 669 2408 725 moda
2465 670 2558 725 illa
2603 684 2731 740 erga
2783 669 3105 725 affectiones
3157 669 3274 729 sive
3323 669 3619 739 passiones
3660 670 3833 724 animi

2249 760 2637 816 immobilitate
2668 778 2681 814 :
2710 760 2805 830 qui
2852 776 3010 816 error
3052 761 3512 831 philoSOphorum
3542 771 3704 827 erat;
3739 762 3835 817 ad-

2247 868 2447 907 versus
2480 868 2644 922 quem
2687 852 2964 917 Laertius,
2994 853 3294 923 Diogenes
3338 862 3401 908 et
3444 854 3830 910 Plutarchus:

2248 960 2318 999 ex
2366 943 2603 1009 Latinis,
2654 943 2829 997 Aulus
2876 942 3108 1009 Gellius,
3157 954 3385 1000 sanctus
3439 943 3832 1018 Hieronymus,

2248 1045 2412 1106 atque
2445 1035 2785 1106 Augustinus
2836 1034 3105 1090 adversus
3131 1036 3450 1106 Pelagium;
3482 1036 3580 1091 sed
3613 1053 3717 1107 pro
3743 1053 3833 1093 en-

2250 1128 2481 1199 thymia,
2511 1128 2566 1182 id
2590 1136 2698 1190 est,
2727 1142 2828 1197 pro
2859 1136 3001 1182 statu
3033 1128 3325 1198 compositi
3351 1130 3545 1194 animi,
3601 1129 3831 1198 requieti

2248 1236 2313 1276 ac
2350 1220 2525 1275 sedati
2580 1220 2650 1277 ab
2700 1220 3026 1289 intemperie
3076 1221 3535 1275 tumultuantium
3582 1221 3830 1275 affectio-

2250 1326 2421 1377 num:
2455 1310 2561 1365 hoc
2605 1319 2712 1374 est,
2761 1325 2862 1380 pro
2909 1310 3330 1380 tranquillitate.
3375 1312 3583 1366 Verum
3625 1328 3712 1365 me
3742 1310 3832 1366 hic

2250 1400 2461 1463 dicere,
2508 1400 2626 1468 ipse
2691 1398 2798 1453 sibi
2859 1399 3017 1453 testis
3075 1407 3162 1453 est
3206 1400 3459 1469 locuples
3512 1400 3620 1455 sub
3668 1399 3828 1454 ﬁnem

2249 1492 2443 1547 bomil.
2472 1491 2559 1553 79,
2591 1506 2714 1561 qua:
2739 1490 2809 1545 de
2837 1506 3015 1561 agone
3046 1499 3152 1544 est.
3180 1490 3427 1559 Denique
3465 1490 3646 1544 videri
3677 1500 3831 1560 pote-

2250 1582 2326 1636 rit
2361 1581 2563 1639 alicubi
2617 1581 2808 1637 varius
2855 1581 2912 1635 in
2961 1582 3285 1650 acceptione
3346 1582 3681 1647 dictionum,
3716 1598 3833 1653 qua:

2251 1683 2445 1745 suapte
2480 1681 2678 1729 natura
2710 1674 3007 1745 polysema-
3030 1685 3180 1730 sunt.
3211 1674 3342 1728 Duae
3387 1684 3695 1729 occurrunt
3736 1690 3833 1745 po-

564 1791 706 1848 qnos
726 1774 880 1830 nulla
911 1771 1143 1843 urgebat
1182 1766 1407 1841 jurandi
1451 1763 1756 1820 necessitas
1783 1776 1985 1832 :qmm
2015 1776 2148 1815 con-
2178 1760 2221 1815 Β
2253 1768 2547 1831 tissimum.
2571 1765 2866 1822 Homiliam
2895 1766 3215 1855 vicesimam
3262 1765 3539 1825 inscribit.
3565 1768 3699 1836 Περὶ
3730 1786 3830 1821 σω-

565 1865 942 1930 suetudinem,
970 1876 1135 1918 nemo
1181 1860 1310 1931 pius
1356 1856 1452 1929 qui
1504 1872 1616 1911 non
1659 1863 1997 1911 exsecretur.
2032 1852 2150 1908 Hoc

564 1960 809 2016 voluisse
883 1956 1257 2021 Antiochum,
1344 1951 1581 2007 verbum
1666 1946 2144 2019 παρακελεύομαι,

566 2054 674 2109 hoc
697 2060 802 2117 est,
832 2049 1241 2121 προτρέπομαι,
1270 2044 1543 2107 adhortor,
1568 2041 1847 2105 admoneo,
1883 2038 2045 2094 facile
2065 2038 2154 2093 in-

567 2144 738 2199 dicat.
820 2139 1059 2197 Proinde
1121 2153 1221 2209 per
1289 2134 1590 2208 juramcnti
1664 2147 1777 2187 non
1847 2131 2151 2186 necessarii

510 2215 519 2221 ’
566 2232 1029 2291 consuetudinem
1064 2230 1169 2302 ipsi
1198 2228 1516 2299 experimur
1547 2234 1750 2297 quanta
1803 2223 2151 2294 proclivitate

569 2329 857 2398 rapiantur
891 2323 958 2378 ad
1004 2322 1247 2394 perjuria
1307 2319 1582 2383 homines,
1633 2326 1690 2371 et
1750 2314 2149 2384 blasphemiam

569 2419 894 2488 sacrilegam
925 2434 936 2467 :
965 2429 1137 2484 quare
1170 2414 1352 2467 locum
1402 2411 1494 2466 hic
1538 2409 1709 2463 habet
1755 2407 1903 2477 quod
1937 2405 2152 2460 inducit

566 2510 718 2567 Glos.
751 2510 804 2563 in
836 2506 992 2571 illud,
1025 2504 1128 2560 Sed
1161 2505 1285 2575 quia
1329 2502 1589 2581 pejerare,
1618 2500 1709 2559 22.
1759 2514 1815 2569 q.
1850 2499 1900 2557 l.
1930 2512 2050 2567 cap.
2084 2495 2151 2551 In

569 2601 713 2655 Novo
746 2598 1098 2652 Testamento.
1139 2596 1538 2664 Argumentum
1574 2599 1677 2651 est,
1718 2587 1865 2659 quod
1896 2584 2151 2657 quando-

569 2706 678 2760 que
716 2688 1044 2759 prohibetur
1097 2684 1305 2754 aliquid
1346 2698 1456 2736 non
1491 2690 1719 2751 propter
1752 2695 1834 2745 se,
1874 2678 1971 2733 sed
2015 2692 2147 2749 pro-

570 2787 693 2848 pter
726 2775 861 2829 illud
906 2773 1053 2842 quod
1115 2772 1253 2825 inde
1309 2769 1471 2840 sequi
1518 2785 1629 2823 non
1670 2777 1871 2838 potest,
1902 2770 2062 2837 ll,q.
2091 2768 2147 2833 3,

569 2869 766 2930 Nolite,
794 2875 841 2924 et
880 2867 949 2922 27
980 2867 1103 2919 dist.
1139 2862 1246 2919 Sed
1272 2871 1329 2919 et
1358 2861 1705 2918 Venerabilis
1743 2860 1888 2915 Beda
1919 2860 1975 2914 in
2013 2859 2148 2914 illud

571 2963 760 3019 Jacobi
797 2980 810 3016 :
840 2961 975 3016 Ante
1047 2958 1226 3012 omnia
1252 2997 1266 3022 ,
1333 2955 1525 3028 fratres
1560 2994 1575 3019 ,
1626 2960 1762 3018 etc.,
1799 2950 2152 3013 consuetudi-

570 3069 696 3108 nem
732 3051 993 3122 prohibet
1022 3045 1266 3120 jurandi,
1301 3061 1371 3099 ne
1398 3061 1473 3103 ex
1489 3059 1553 3098 ea
1578 3042 1905 3105 deveniatur
1932 3042 1987 3095 in
2018 3057 2149 3112 per-

564 3144 796 3215 jurium.
828 3139 1028 3197 llomil.
1051 3138 1140 3202 84,
1159 3152 1281 3207 quas
1308 3144 1390 3191 est
1417 3135 1486 3203 de
1516 3133 1823 3198 insomniis,
1855 3132 2019 3189 fidem
2046 3148 2159 3187 non

2248 1860 2555 1932 cppootivnc,
2595 1874 2762 1930 quam
2813 1857 3232 1927 inscriptionem
3287 1857 3610 1913 vertendam
3655 1858 3828 1925 docet,

2248 1952 2331 2008 uti
2368 1951 2656 2016 vertimus,
2691 1948 3048 2005 subinductio
3086 1948 3470 2019 exemplorum
3502 1966 3515 2002 :
3552 1948 3635 2002 De
3679 1950 3832 2003 casti-

2250 2051 2359 2098 tate
2395 2044 2502 2097 sive
2560 2042 2840 2113 pudicitia.
2885 2040 3104 2095 lnducit
3148 2041 3296 2095 enim
3346 2041 3578 2111 Joseph,
3635 2040 3832 2097 Susan—

2248 2150 2397 2202 nam,
2426 2134 2830 2205 Sarephtanam
2890 2133 3137 2199 viduam,
3178 2133 3509 2203 Gregorium
3552 2134 3835 2189 Neocmsa-

2249 2227 2513 2293 riensem,
2542 2225 2767 2297 Cyrum,
2808 2225 2877 2281 de
2915 2241 3026 2296 quo
3055 2226 3203 2296 apud
3241 2226 3667 2296 Xenophontem
3698 2243 3831 2281 τηου

2249 2333 2357 2388 que
2385 2318 2532 2373 enim
2573 2318 2935 2373 sobiietatem
2982 2326 3079 2373 aut
3132 2319 3427 2373 sanitatem
3483 2320 3689 2373 mentis
3733 2319 3832 2375 hoc

2249 2409 2373 2464 loco
2392 2410 2573 2465 solum
2613 2409 2842 2467 indicat.
2882 2409 2991 2464 Sed
3020 2418 3079 2465 et
3117 2409 3222 2465 sub
3248 2424 3370 2479 ejus
3396 2408 3647 2463 homilia:
3670 2410 3833 2466 finem

2247 2502 2432 2557 locum
2494 2501 2766 2558 inducens
2811 2518 2880 2558 ex
2921 2517 3043 2571 cap.
3073 2517 3112 2556 ..'
3163 2501 3232 2556 ad
3299 2501 3505 2566 Titum,
3538 2504 3836 2573 σωφρόνως

2249 2598 2345 2650 καὶ
2373 2595 2600 2659 δικαίως
2624 2597 2719 2650 καὶ
2747 2596 3019 2659 εὐσεϐῶς,
3037 2595 3095 2649 ni
3124 2595 3285 2649 fallor
3315 2595 3612 2664 σωφρόνως
3644 2598 3832 2659 sumit,

2249 2704 2374 2759 pro,
2409 2698 2573 2752 caste,
2608 2689 2836 2759 pudice:
2862 2696 2924 2742 ut
2963 2687 3037 2742 sit
3071 2686 3351 2742 acoluthia
3373 2688 3704 2743 sententiae:
3737 2703 3834 2743 nos

2251 2789 2435 2836 tamen
2486 2778 2805 2851 religiosum
2853 2781 3114 2836 duximus
3145 2780 3359 2834 variare
3401 2780 3835 2834 ecclesiasticam

2248 2875 2566 2938 lectionem,
2591 2874 2959 2943 interpretati,
2988 2873 3158 2926 sobrie
3180 2879 3236 2926 et
3254 2874 3419 2941 juste.
3453 2870 3647 2926 Simile
3673 2872 3837 2941 quid-

2249 2960 2376 3021 da’m
2408 2956 2490 3021 in
2534 2966 2758 3021 homilia
2818 2967 2919 3021 106
2957 2964 3267 3034 comperies
3296 2981 3309 3017 :
3338 2964 3504 3034 εὐχὴν
3546 2964 3697 3018 enim
3736 2979 3837 3035 pro

2258 3059 2512 3113 oratione
2552 3059 2643 3112 ubi
2692 3058 2963 3127 sumpsit;
3000 3056 3102 3111 sub
3138 3056 3303 3110 linem
3326 3055 3550 3110 videtur
3575 3072 3681 3127 pro
3708 3067 3837 3111 voto

2260 3149 2513 3218 accipere
2552 3167 2564 3201 :
2598 3147 2655 3203 Si
2680 3149 2900 3213 noveris,
2930 3153 3039 3202 etc.
3090 3145 3196 3201 Sed
3230 3161 3295 3201 ea
3325 3161 3429 3201 vox
3453 3161 3579 3203 cum
3616 3157 3836 3201 utrum-

572 3234 884 3291 habcndam
931 3230 1221 3286 insomniis
1252 3228 1414 3284 docet
1440 3226 2060 3297 exemploluculcnter;
2102 3224 2158 3280 id
2259 3258 2368 3313 que
2416 3242 2643 3308 indicet,
2696 3244 2852 3298 locus
2905 3252 2991 3297 εει
3044 3240 3407 3297 εχρυδδιίοηὶ.
3443 3240 3514 3295 Ει
3561 3240 3682 3296 hac
3706 3257 3836 3296 sane

571 3341 706 3382 vero
737 3322 1179 3395 intelligendum,
1211 3320 1321 3375 nisi
1361 3318 1621 3374 discretio
1658 3317 1954 3387 spirituum
1990 3317 2155 3373 adsit.

2263 3340 2417 3398 sunt,
2459 3333 2695 3388 candide
2738 3334 2934 3398 lector,
2965 3347 3201 3402 quorum
3230 3332 3405 3403 gratia
3434 3333 3636 3387 anxius
3667 3333 3836 3388 hare-

572 3418 711 3475 Sunt
741 3419 890 3474 enim
924 3415 1138 3487 species
1170 3414 1358 3480 varias,
1394 3428 1531 3484 quas
1562 3411 1901 3484 Augustinus
1926 3411 1983 3467 in
2015 3412 2159 3468 libro
2260 3425 2405 3480 bam,
3252 3436 3253 3439 η

2168 3539 2239 3553 -.

573 3600 744 3678 Liber_
760 3599 857 3653 Dei
887 3605 1149 3669 prwceptu
1188 3597 1481 3678 continens,
1530 3595 1852 3678 insunergue
1896 3572 2152 3677 interpre-

2260 3608 2477 3674 Βίϐλος
2500 3609 2529 3643 ⁸
2560 3612 2924 3678 περιέχουσα
2944 3608 3051 3674 τὰς
3076 3608 3178 3661 τοῦ
3195 3608 3414 3678 Κυρίου
3432 3607 3707 3673 ἐντολὰς,
3750 3607 3834 3663 ἔτι

645 3664 1101 3733 εαιίοηεε”εονιιιὴ,
1144 3684 1344 3721 necnon
1372 3664 1671 3721 doctrinam
1724 3664 1790 3720 iis
1843 3664 2156 3720 convenien-

636 3751 748 3795 tem
785 3748 836 3795 et
871 3747 1265 3810 congruentem.

909 3921 1273 3979 PROLOGUS
1309 3921 1432 3978 HUJ
1440 3920 1525 3976 US
1561 3919 1828 3976 OPERIS.

645 4036 952 4093 Antiochus
990 4035 1102 4101 ille,
1130 4035 1226 4106 qui
1271 4033 1477 4089 mundo
1525 4034 1747 4103 penitus
1793 4031 2150 4098 renuntiavit,

570 4130 711 4185 etin
744 4130 926 4200 magni
972 4128 1121 4183 illius
1173 4126 1329 4182 Sabae
1383 4124 1722 4197 monasterio
1775 4139 1887 4178 non
1956 4125 2152 4195 exiguo

2329 3695 2395 3747 γε
2438 3678 2568 3748 μὴν
2614 3677 2709 3731 καὶ
2749 3682 2855 3744 τὰς
2897 3680 3215 3747 ἑρμηνείας
3262 3677 3497 3732 αὐτῶν·
3529 3681 3678 3745 πρὸς
3703 3682 3837 3732 τού-

2327 3764 2454 3812 τοις
2496 3748 2730 3814 καὶτὰς
2763 3748 3257 3816 σινναρμοζούσας
3304 3750 3545 3815 ταύταις
3601 3752 3696 3804 καὶ
3738 3750 3835 3815 ἐξ·

2324 3820 2783 3885 ακολουθούσας
2816 3819 3232 3883 διδασκαλίας.

2292 3929 2648 3984 ΠΡΟΛΟΓΟΣ
2686 3931 2825 3984 ΤΟΥ
2863 3931 3232 3985 ΠΑΡΟΝΤΟΣ
3269 3930 3800 3987 ΣΥΝΤΑΓΜΔΤΟΣ.

2344 4040 2619 4112 Ἀντίοχος
2670 4042 2771 4113 μὲν
2822 4044 3029 4105 ἐκεῖνος
3055 4043 3082 4095 ὁ
3110 4041 3272 4095 παντὶ
3306 4041 3487 4112 πάντη
3528 4042 3608 4114 τῷ
3648 4044 3838 4116 κόσμῳ

2260 4133 2692 4204 ἀποταξάμενος,
2729 4135 2824 4189 καὶ
2856 4137 2923 4206 τῇ
2971 4134 3065 4187 τοῦ
3117 4134 3353 4205 μεγάλου
3396 4135 3547 4189 Σάὖα
3579 4139 3637 4189 ὲν
3678 4137 3835 4208 Ἱερο-

575 4230 821 4291 tempore
870 4220 926 4273 in
980 4233 1203 4273 secessu
1255 4217 1424 4273 vitam
1479 4216 1667 4282 duxit;
1702 4214 1834 4269 dum
1881 4214 1986 4269 sibi
2050 4213 2152 4285 ipsi

2264 4226 2520 4296 σολύμοις
2551 4230 2686 4297 μονῇ
2718 4227 3069 4297 ὲφησυχάσας
3093 4227 3282 4296 χρόνον
3310 4226 3431 4298 οὐχὶ
3452 4227 3834 4298 μικρόνόὖτω

571 4321 799 4367 vacaret
839 4320 896 4367 et
942 4310 1278 4372 attenderet.
1310 4310 1545 4380 adeptus
1589 4324 1776 4363 rerum
1823 4308 2155 4362 salutarium

572 4403 827 4459 notitiam
883 4402 1189 4457 secundum
1242 4400 1379 4455 illud
1431 4392 1789 4471 praeceptum,
1850 4397 2044 4453 Vacate
2102 4406 2153 4453 et

570 4496 777 4558 scitote,
800 4492 1048 4547 collectis
1074 4492 1315 4561 Spiritus
1368 4490 1543 4544 sancti
1586 4489 1817 4555 divitiis,
1856 4494 2034 4559 neque
2065 4506 2153 4544 se-

574 4585 697 4655 gnis
730 4582 796 4636 ad
844 4598 963 4663 eas
1000 4581 1296 4652 egentibus
1329 4580 1554 4650 largiter
1607 4580 1993 4645 efl‘undendas,
2028 4596 2155 4635 cum

574 4671 956 4725 centenarium
983 4669 1222 4723 fructum
1259 4669 1538 4723 retulisset
1576 4678 1632 4723 et
1660 4669 1925 4723 talentum
1965 4670 2156 4725 multi-

574 4764 854 4835 plicasset,
887 4772 950 4819 ut
990 4770 1248 4833 tanquam
1303 4778 1499 4817 servus
1552 4762 1753 4829 ﬁdelis,
1805 4764 2051 4833 prudens
2101 4775 2157 4820 et

573 4858 755 4913 bonus
789 4872 821 4911 a
865 4857 1136 4911 clemente
1180 4854 1407 4910 domino
1458 4855 1906 4912 benedictionem
1944 4856 2159 4928 accipe-

578 4959 697 5007 ret:
724 4950 836 5014 hic,
878 4949 1125 5019 inquam,
1162 4948 1470 5004 Antiochus
1514 4966 1625 5020 quo
1672 4959 1929 5021 tempore
1953 4952 2158 5007 efferus

577 5044 871 5100 Persarum
898 5042 1140 5107 animus,
1165 5042 1517 5113 impetusque
1549 5059 1744 5099 eorum
1769 5046 2158 5117 sanguinarius

579 5144 751 5192 totam
778 5135 1116 5193 Orientalem
1151 5135 1366 5207 plagam
1404 5136 1654 5192 Romano
1695 5149 1916 5208 sceptro
1955 5153 2156 5208 paren-

579 5237 690 5285 tem
713 5229 1016 5285 miserabili
1047 5229 1199 5284 exitu
1216 5228 1285 5283 ad
1308 5245 1470 5285 suum
1495 5231 1661 5284 traxit
1681 5229 1997 5300 imperium.
2030 5229 2158 5284 hinc

579 5329 946 5390 Opportunam
973 5329 1170 5374 nactus
1195 5319 1567 5385 occasionem,
1602 5333 1820 5373 sacrum
1866 5318 2158 5389 quemdam

578 5412 782 5467 librum
811 5427 878 5466 ex
913 5410 1116 5465 divinis
1144 5410 1382 5480 eloquiis
1416 5409 1728 5475 adornavit,
1765 5419 1823 5465 ut
1847 5410 1939 5463 ille
1965 5409 2158 5464 eodem

579 5503 638 5558 in
682 5505 829 5559 libro
882 5503 1334 5559 manifestissime
1359 5502 1626 5565 declarat,
1649 5501 1945 5573 eidemque
1971 5502 2162 5573 hujus-

580 5596 727 5652 modi
768 5597 990 5651 titulum
1013 5596 1245 5664 indidit;
1285 5596 1552 5666 illumque
1575 5594 1631 5649 in
1655 5595 1900 5650 medium
1926 5595 2158 5666 protulit

650 5765 686 5800 *
708 5762 1100 5830 llontlancon.,
1125 5757 1429 5814 Bibliothec.
1461 5727 1706 5828 Coislin.,
1744 5774 1800 5832 p.
1844 5759 1966 5816 189.

2258 4336 2319 4372 τε
2355 4318 2479 4373 καθ’
2508 4318 2707 4373 ἑαυτὸν
2736 4320 2996 4388 γεγονὼς,
3029 4320 3124 4372 καὶ
3155 4319 3426 4388 σχολάσας
3452 4321 3550 4372 καὶ
3573 4321 3733 4389 γνοὺς
3769 4323 3835 4373 τὰ

2258 4412 2501 4483 σωτήρια
2530 4411 2671 4466 κατὰ
2693 4412 2814 4481 τὴν,
2844 4412 3188 4480 Σχολάσατε
3214 4411 3309 4465 καὶ
3353 4411 3561 4482 γνῶτε,
3585 4413 3825 4466 κελεύου-

2257 4520 2357 4558 σαν
2412 4502 2673 4573 ἐντολήν*
2722 4502 2953 4555 πλοῦτόν
3008 4518 3067 4555 τε
3128 4500 3274 4555 οὕτω
3357 4503 3833 4579 συναγείραςκτοῦ

2257 4594 2597 4665 Πνεύματος,
2621 4594 2715 4648 καὶ
2745 4593 3070 4666 μεταδοῦναι
3093 4594 3284 4648 τούτου
3312 4594 3589 4658 πλουσίως
3611 4597 3672 4648 οὺ
3702 4613 3832 4650 κατι

2256 4687 2494 4756 οκνήσας
2534 4687 2645 4749 τοῖς
2683 4684 2969 4756 χρῄζουσι,
2996 4687 3424 4757 καρποφορήσας
3446 4686 3501 4738 δὲ
3532 4685 3732 4756 μᾶλλον
3757 4688 3833 4749 εξ,

2256 4777 2474 4842 ἑκατὸν,
2507 4778 2599 4832 καὶ
2631 4776 3076 4841 πολυπλασιάσας
3104 4778 3165 4830 τὸ
3195 4777 3480 4842 τάλαντον,
3505 4778 3592 4831 ἵνα
3613 4778 3689 4841 ὡς
3716 4776 3828 4831 δοῦ·

2257 4868 2349 4932 λος
2393 4869 2585 4933 πιστός
2619 4885 2679 4945 τε
2731 4869 2825 4921 καὶ
2875 4868 3135 4939 φρόνιμος
3166 4870 3261 4922 καὶ
3296 4868 3501 4937 ἀγαθὸς
3559 4868 3713 4938 παρὰ
3739 4867 3830 4921 τοῦ

2259 4960 2565 5031 φιλαγάθου
2584 4960 2852 5014 Δεσπότου
2884 4961 3186 5031 εὐλογηθῇ·
3218 4955 3372 5025 οὗτος
3402 4957 3494 5015 οὖν
3512 4963 3542 5014 ὁ
3570 4962 3828 5030 Ἀντίοχος

2262 5054 2406 5107 κατὰ
2434 5054 2661 5125 καιροὺς
2688 5053 2950 5117 ἐκείνους,
2982 5053 3068 5107 ὅτε
3096 5056 3128 5124 ἡ
3168 5052 3278 5106 τῶν
3308 5053 3534 5123 Περσῶν
3564 5052 3827 5123 θηριώδης

2257 5143 2452 5216 γνώμη
2476 5146 2568 5197 καὶ
2601 5144 2881 5215 μιαιφόνος
2912 5142 3057 5217 ὁρμὴ
3103 5145 3282 5198 πᾶσαν
3313 5142 3496 5215 χώραν
3523 5146 3693 5215 ὀρμδν
3715 5142 3828 5215 (sic)

2259 5236 2398 5307 πρὸς
2433 5237 2724 5306 ἀνίσχοντα
2778 5236 2931 5305 ἥλιον
2978 5236 3057 5306 τῷ
3102 5235 3397 5305 Ῥωμαῖκῴ
3449 5236 3718 5306 σκήπτρῳ
3743 5251 3823 5286 τεο

2260 5324 2458 5380 λοῦσαν
2511 5327 2745 5397 ὑποτελῆ
2807 5326 3053 5390 ἐλεεινῶς
3083 5325 3394 5391 εἱλκύσατο,
3422 5326 3613 5377 τούτου
3668 5320 3826 5377 αὐτοῦ

2259 5418 2453 5490 ὥσπερ
2479 5418 2742 5490 εὐκαίρου
2771 5419 2834 5488 δή
2859 5435 3002 5480 τινος
3024 5416 3362 5487 δραξάμενος
3388 5415 3667 5485 ἀφορμὴν,
3688 5414 3828 5480 ίεράν

2260 5527 2383 5563 τινα
2407 5509 2593 5581 βίϐλον
2620 5511 2685 5563 ὲκ
2712 5508 2818 5561 τῶν
2846 5508 3004 5560 θείων
3032 5507 3225 5576 λογίων
3258 5505 3614 5571 συνετάξατο,
3643 5504 3822 5569 ὥσπερ

2264 5603 2426 5668 αὐτὸς
2462 5604 2519 5659 ὲν
2553 5596 2713 5673 αὐτῇ¹
2753 5600 3114 5673 aptantem“:
3150 5598 3392 5670 παριστᾷ
3421 5594 3563 5667 αὕτη
3586 5594 3708 5665 (sic)
3735 5594 3821 5645 ἑπ-
