4054 6312
308 337 445 403 1421

1403 339 1769 400 EPISTOLA
1808 340 1908 401 AD
1945 338 2470 401 EUSTATHIUM.

3432 336 3451 398 i
3473 336 3568 398 1-22

304 453 728 526 ονομάσας,καὶ
779 452 1037 526 προσθεὶς
1068 453 1147 517 είς
1200 451 1364 524 μέσον
1404 452 1572 525 αὐτὴν
1607 455 1687 516 εἰς
1735 453 1881 524 μεγί-

1992 452 2059 507 ad
2103 454 2394 507 maximam
2443 451 2797 524 prasentium
2828 448 2912 505 sui
2952 448 3219 519 temporis
3256 456 3313 502 et
3356 447 3572 503 tutum-

303 561 446 612 στην
489 544 599 598 τῶν
634 544 824 598 ἔκτοτε
872 544 968 598 καὶ
1007 543 1169 615 μέχρι
1204 542 1298 597 τοῦ
1321 543 1415 597 νῦν
1447 544 1886 615 ἐντυγχανόντων

301 633 600 705 ὠφέλειαν.

1997 561 2116 600 rum
2148 546 2441 600 utilitatem
2469 546 2508 597 '.

385 751 400 771 '
434 751 589 805 Hanc
621 747 998 805 narrationem
1029 748 1168 804 mire
1191 740 1510 819 corruptam
1546 734 1689 818 saepe
1718 747 2020 804 divinando
2062 748 2256 804 Latine
2291 748 2655 804 reddidimus.

2156 883 2253 899 -δ

1661 996 2236 1083 ΕΠΙΣΤΟΑΗ
2294 1003 2301 1009 τ

620 1196 625 1201 -
1038 1171 1396 1231 ΑΝΤῙΟΧΟΥ
1431 1177 1772 1233 ΜΟΝΑΧΟΥ
1811 1179 1948 1233 ΤΗΣ
1985 1178 2261 1234 ΛΑΥΡΑΣ
2299 1180 2437 1235 ΤΟΥ
2472 1180 2653 1235 ABBA
2689 1180 2866 1235 ΣΑΒᾹ

411 1268 599 1325 ΠΡΟΣ
634 1266 1027 1324 ΕΥΣΤΔΘΙΟΝ
1063 1267 1493 1323 ΗΓΟΥΜΕΝΟΝ
1528 1272 1774 1327 ΜΟΝΗΣ
1808 1272 2233 1340 ΑΤΤΑΛΙΝΗΣ,
2272 1273 2545 1335 ΠΟΛΕΩΣ
2578 1274 2908 1328 ΛΓΚΥΡΔΣ
2944 1274 3480 1340 ΤἩΣκΓΔΔΔἸΊΑΣ,

848 1362 1012 1427 ΠΕΡι
1050 1363 1192 1419 TaN
1227 1363 1480 1419 ΕΚΕΙΣΕ
1529 1367 1739 1422 AI‘IQN
1787 1368 2114 1422 ΠΑΤΕΡΩΝ
2164 1367 2254 1425 EN
2294 1370 2336 1440 ῼ
2372 1369 2496 1423 ΚΑΙ
2533 1370 2885 1426 ΚΕΦΛΛΔΙΔ
2920 1371 3046 1438 PA',
3146 1376 3153 1383 ν

1349 1457 1473 1512 ΚΑΙ
1514 1459 1890 1514 ΠΡΟΣΕΥΧΗ
1923 1460 2530 1519 ΕΞΟΜΟΛΟΓΗΣΕΩΣ.

1664 1704 2237 1798 EPISTOLA

1035 1900 1427 1964 ANTIOCHI
1470 1900 1842 1964 nomen]
1874 1901 2166 1964 Laurus
2204 1899 2238 1936 *ι
2270 1874 2493 1964 stum
2523 1902 2863 1965 ABBATIS

808 2000 918 2062 AD
950 1999 1474 2062 EUSTATHIUM
1522 1998 2056 2060 PRIEPOSITUM
2096 1998 2597 2063 MONASTERII
2629 2001 3089 2074 ATTALINiE,

1426 2104 1744 2153 CIVITA'I‘IS
1801 2106 2070 2151 ANCYRB
2119 2106 2426 2162 αΑιΑΤιλΕ,

546 2195 637 2258 De
668 2195 774 2257 SS.
809 2193 1102 2257 Patribus
1137 2193 1224 2256 ibi
1281 2194 1698 2275 degentibus,
1747 2193 1852 2256 cui
1909 2194 2133 2257 insunt
2162 2195 2457 2274 capitula
2500 2195 2612 2259 150
2677 2204 2741 2261 et
2787 2198 3131 2278 gratiarum
3188 2200 3381 2262 actio.

875 2384 1147 2455 (Ducmus,
1179 2379 1455 2453 Supplem.
1490 2381 1560 2436 ad
1610 2380 1859 2436 Biblioth.
1888 2379 2135 2435 Patrum.
2169 2382 2343 2438 Paris.
2381 2382 2537 2450 1624,
2568 2393 2702 2439 tom.
2726 2385 2768 2453 Ι,
2796 2402 2851 2457 p.
2880 2386 3025 2460 109.)

390 2649 720 2722 Ἐπειδήπερ
754 2649 1118 2721 γεγράφηκάς
1147 2666 1236 2720 μοι
1260 2688 1275 2714 ,
1305 2649 1454 2720 τίμιε
1481 2648 1664 2720 Πάτερ
1690 2649 1881 2705 Εὐστά-

2058 2651 2197 2709 Cum
2233 2656 2302 2711 ad
2343 2673 2432 2713 me
2474 2657 2794 2729 scripseris,
2821 2659 3075 2716 Eustatbi
3119 2663 3284 2719 Pater
3306 2681 3580 2723 veneran-

300 2745 415 2808 Θιε,
441 2742 647 2813 πολλὴν
664 2741 844 2812 θλίψιν
861 2742 1405 2814 ὑπερμεμενηκέναι,
1428 2741 1592 2795 τόπον
1614 2744 1678 2795 ἐκ
1697 2742 1888 2807 τόπου,

299 2837 405 2892 καὶ
439 2834 621 2906 χώραν
651 2835 717 2887 ὲκ
759 2833 944 2906 χώρας
975 2833 1295 2904 ἀμείϐονται,
1331 2834 1482 2907 φόϐῳ
1515 2832 1611 2888 τοῦ
1661 2834 1891 2906 ὲπικραυ

300 2927 531 2991 τοῦντος
563 2926 866 2980 Χαλδαϊκοῦ
898 2925 1194 2998 χειμῶνος,
1235 2927 1426 2997 πείνης
1478 2943 1538 2979 τε
1585 2925 1681 2980 καὶ
1729 2925 1891 2997 δίψης

302 3018 664 3091 πειραθῆναι,
717 3020 818 3073 οὐκ
863 3018 1030 3090 ἄρτου
1081 3020 1176 3073 καὶ
1226 3018 1597 3097 ὖδατος,ἁλλὰ
1650 3020 1794 3073 κατὰ
1821 3019 1890 3073 ’τὸ

302 3113 624 3183 εἰρημένον,
651 3110 745 3165 τοῦ
792 3111 1026 3167 ἀκοῦσαι
1061 3111 1221 3182 λόγον
1260 3112 1466 3184 Κυρίου
1491 3128 1504 3142 ·
1540 3112 1629 3166 διὰ
1657 3112 1718 3166 τὸ
1751 3112 1890 3183 μήτε

300 3204 572 3259 δύνασθαι
607 3206 752 3276 ὑμᾶς
782 3205 949 3276 βάρος
984 3205 1614 3277 βιόλίωνηὲπιφέρεσθαι,
1643 3207 1793 3277 μήτε
1830 3206 1889 3258 ὲν

302 3301 423 3362 τοῖς
456 3298 643 3361 τόποις
675 3300 733 3351 ἐν
765 3294 848 3362 οἷς
888 3297 1209 3370 ὲπιδημεῖτε
1235 3298 1514 3369 εὑρίσκειν
1541 3298 1783 3370 εὐχερῶς
1820 3298 1888 3352 τὰ

301 3390 735 3461 ἐπιζητούμενα,
789 3390 1114 3445 ἐκελεύσατε
1169 3393 1235 3462 τῇ
1291 3392 1396 3462 ἐμῇ
1464 3390 1766 3463 βραχύτητι
1831 3393 1888 3445 ὲν

303 3480 561 3552 συντόμῳ
591 3483 772 3535 πᾶσαν
796 3481 1184 3555 συστεῖλαιτὴν
1204 3481 1355 3536 Θείαν
1377 3482 1617 3554 Γραφὴν,
1643 3482 1889 3537 Παλαιὰν

300 3588 365 3624 τε
396 3573 492 3626 καὶ
529 3570 762 3646 Καινὴν,
793 3574 937 3628 ὥστε
971 3576 1109 3646 μήτε
1140 3566 1474 3647 ἄχθος-ἡμῖν
1506 3577 1765 3645 γενέσθαι
1799 3575 1890 3646 βα-

303 3663 641 3733 στάγματος,
670 3667 811 3735 μήτε
842 3665 1008 3720 πάλιν
1049 3662 1399 3738 ὲλἊειφθῆναί
1440 3685 1493 3721 τι
1539 3666 1650 3721 τῶν
1686 3669 1888 3721 τεινόν-

299 3768 418 3805 των
452 3754 540 3805 ἐπ’
567 3752 839 3822 ὠφέλειαν
867 3755 960 3808 καὶ
997 3757 1276 3828 σωτηρίαν
1304 3756 1506 3828 ψυχῆς,
1535 3754 1652 3822 εἶξα
1680 3756 1887 3830 προϐύ-

302 3860 427 3913 μως
459 3847 523 3916 τῇ
575 3845 818 3918 ὑμετέρᾳ
848 3846 1120 3914 κελεύσει,
1151 3849 1358 3911 εὐθέως
1382 3850 1719 3921 περιστήσας
1751 3850 1887 3904 πάνο

296 3950 371 3986 τα
400 3932 471 3986 τὰ
503 3934 632 4005 παρ’
673 3935 828 4006 ὑμῶν
855 3937 919 3988 ἐκ
947 3936 1047 4007 τῆς
1090 3936 1241 4000 θείας
1270 3938 1491 4009 Γραφῆς
1516 3938 1881 4010 ἐπιζητούμε-

297 4041 392 4088 να,
422 4027 504 4088 εἰς
530 4026 727 4080 ἑκατὸν
777 4027 1076 4099 τριάκοντα
1116 4028 1388 4097 κεφάλαια
1420 4032 1677 4102 ἡνωμένα
1698 4049 1758 4085 τε
1784 4035 1879 4087 καὶ

291 4117 696 4194 διακεκριμένα
748 4121 840 4174 ἀπ’
894 4120 1163 4193 ἀλλήλων,
1205 4122 1282 4187 ὡς
1335 4123 1410 4194 μὴ
1468 4123 1733 4194 σύγχυσιν
1783 4128 1877 4180 καὶ

292 4192 517 4283 φυρμὸν
552 4215 958 4284 ὑπομεῖναιτδν
981 4192 1443 4286 ἀναγινώσκοντα.
1478 4221 1522 4273 Τ
1524 4192 1665 4274 auita
1698 4208 1876 4275 ἔστει-

291 4304 366 4357 la
393 4306 458 4374 τῇ
490 4305 736 4377 ὑμετέρᾳ
778 4306 1059 4379 θεοφιλείᾳ
1080 4325 1093 4339 ·
1132 4309 1278 4380 ἅπερ
1327 4310 1637 4381 δεχόμενος,
1668 4312 1746 4384 τῷ
1772 4314 1874 4384 μὲν

291 4395 419 4463 Θεῷ
467 4396 568 4465 τὴν
630 4396 946 4467 πρέπουσαν
997 4398 1307 4468 δοξολογίαν
1370 4400 1467 4455 καὶ
1524 4402 1873 4475 εὐχαριστίαν

289 4484 641 4555 ἀνάπεμψον,
671 4484 751 4556 τῷ
782 4486 879 4557 τὴν
898 4487 1129 4558 δύναμιν
1159 4488 1325 4542 αὐτοῦ
1372 4492 1434 4544 ἐν
1481 4491 1737 4563 ἀσθενείᾳ
1786 4510 1875 4548 τε-

286 4573 546 4631 λειοῦντι.
579 4577 759 4649 Ἦμᾶς
792 4578 851 4632 δὲ
895 4580 1016 4643 ταῖς
1069 4581 1487 4650 εὐπροσδέκτοις
1538 4596 1632 4638 σου
1684 4585 1891 4656 εὐχαῖς.

285 4667 646 4739 ἀνταμείὼυ,
679 4671 830 4737 ὅπως
864 4673 1007 4727 κατὰ
1034 4673 1098 4727 τὸ
1131 4674 1250 4745 Θεῷ
1277 4677 1600 4747 εὐχάριστον
1620 4674 1711 4735 τὸν
1739 4680 1872 4734 ὑπό·
1916 4699 1925 4709 ‘

284 4759 476 4814 λοιπον
504 4762 694 4831 χρόνον
722 4763 824 4833 τῆς
855 4764 1002 4834 ζωῆς
1024 4766 1181 4836 ήμῶν
1208 4767 1602 4839 ἐκτελέσωμεν.
1630 4770 1692 4826 El
1714 4772 1771 4826 δέ
1791 4791 1865 4842 τι,

283 4851 368 4914 ὡς
429 4852 598 4917 είκδς,
654 4852 859 4927 εὕροις,
906 4856 1243 4930 συγγνώμην
1292 4861 1610 4930 ἀποδοῦναι,
1656 4866 1753 4920 καὶ
1799 4869 1865 4940 τῇ

286 4946 530 5019 ἰδιωτείᾳ
562 4948 657 5002 καὶ
703 4953 770 5021 τῇ
824 4952 1029 5023 σπουδῇ
1083 4952 1179 5006 τοῦ
1209 4953 1604 5026 ἐπιτάγματος.
1645 4958 1866 5031 Ἔπειδὴ

280 5038 343 5091 δὲ
375 5040 469 5092 καὶ
498 5039 655 5094 τοῦτο
704 5040 976 5108 έστειλας,
1018 5042 1168 5113 τίμιε
1210 5045 1414 5117 Πάτερ,
1447 5046 1587 5103 ὥστε
1623 5052 1866 5122 σημᾶναί

281 5145 372 5183 σοι
417 5130 512 5184 καὶ
561 5132 690 5202 περὶ
742 5132 853 5186 τῶν
896 5134 1066 5202 ἁγίων
1114 5136 1377 5208 Πατέρων
1416 5139 1517 5210 τῆς
1564 5140 1689 5194 καθ’
1716 5144 1865 5214 ἡμᾶς

276 5220 527 5293 Δαύρας,
550 5225 599 5277 εί
620 5224 796 5297 ἀληθῆ
822 5228 981 5293 εἰσιν,
1005 5226 1149 5300 ἅπερ
1169 5230 1360 5283 εἴπατε
1387 5232 1682 5302 ἀκηκοέναι
1714 5235 1862 5307 παρὰ

1991 2746 2084 2813 de,
2118 2758 2170 2804 te
2198 2764 2395 2822 magna
2433 2751 2573 2807 allici
2611 2754 3040 2820 molestia,dum
3070 2758 3252 2814 eloco
3285 2761 3352 2815 ad
3386 2762 3573 2826 locum

1990 2846 2047 2892 et
2076 2854 2107 2894 e
2130 2839 2352 2910 regione
2397 2842 2466 2897 ad
2498 2843 2777 2914 regionem
2816 2846 3051 2917 migrare
3078 2852 3296 2920 cogeris
3315 2861 3462 2908 metu
3490 2853 3574 2909 vi-

1991 2931 2174 3001 gentis
2229 2931 2616 3016 Chaldaeorum
2679 2937 3052 2994 calamitatis:
3087 2939 3228 2998 fame
3277 2944 3445 3000 etiam
3508 2962 3575 3002 ac

1992 3021 2086 3077 siti
2119 3023 2396 3090 laborare,
2437 3042 2548 3082 non
2580 3029 2738 3098 panis
2784 3037 2841 3085 et
2869 3045 3045 3101 aquae,
3070 3034 3165 3088 sed
3217 3037 3374 3107 juxta
3407 3053 3576 3093 evan-

1992 3115 2229 3186 gelicum
2264 3119 2656 3189 propheticum
2698 3121 2938 3201 dictum,
2967 3126 3119 3180 verbi
3150 3128 3282 3196 Dei;
3313 3147 3440 3191 cum
3474 3148 3575 3190 ne»-

1990 3223 2098 3277 quc
2124 3208 2298 3265 libros
2326 3211 2688 3267 circumferre
2720 3216 2964 3284 possitis,
3002 3234 3183 3290 neque
3216 3221 3291 3277 ita
3318 3223 3477 3281 facile
3513 3227 3568 3283 in

1990 3300 2132 3355 locis
2171 3301 2229 3355 in
2276 3303 2481 3373 quibus
2519 3307 2807 3373 cxsulatis,
2841 3324 2963 3378 quae
2993 3310 3161 3366 vultis
3193 3313 3442 3371 invenire
3473 3332 3571 3372 va-

1989 3387 2189 3445 leatis:
2220 3407 2457 3462 cumque
2486 3412 2624 3450 mea:
2659 3398 2897 3467 jusseris
2942 3400 3265 3470 humilitati,
3306 3413 3365 3460 ut
3391 3407 3573 3477 cpito-

1994 3492 2120 3534 men
2165 3482 2406 3551 aliquam
2447 3484 2756 3542 divinarum
2800 3489 3213 3561 Scripturarum
3263 3497 3330 3552 ad
3365 3507 3417 3554 te
3448 3500 3574 3557 mit-

1990 3579 2192 3638 terem,
2228 3591 2352 3644 qua:
2395 3592 2574 3647 neque
2622 3580 3431 3658 circumferendo'gravisesset
3457 3605 3584 3664 prat-

1994 3664 2393 3734 magnitudine,
2436 3682 2617 3737 neque
2656 3670 2740 3724 sui
2792 3674 3061 3731 tenuitate
3126 3676 3183 3730 in
3247 3693 3306 3734 se
3359 3680 3568 3752 aliquid

1987 3766 2181 3812 earum
2215 3772 2337 3827 qua:
2367 3759 2434 3814 ad
2458 3760 2751 3817 utilitatem
2782 3773 2837 3819 et
2858 3766 3090 3821 salutem
3111 3769 3306 3839 animae
3332 3770 3564 3841 faciunt,

1988 3851 2363 3920 desideraret;
2413 3853 2794 3926 obtemperavi
2852 3858 3090 3914 libenter
3124 3861 3233 3916 tuis
3267 3864 3564 3933 mandatis,

1988 3949 2043 3996 et
2076 3958 2237 4012 quam
2275 3945 2515 4012 primum
2559 3947 2704 4016 quod
2737 3948 2878 4018 petis
2918 3949 3232 4007 faciendum
3281 3957 3493 4025 putavi.
3524 3959 3568 4015 E

1988 4047 2143 4088 sacra
2188 4034 2357 4104 igitur
2415 4036 2700 4108 Scriptura
2752 4051 2975 4098 centum
3021 4045 3417 4119 quinquaginta
3467 4066 3567 4106 cx-

1951 4146 1955 4151 τ
1985 4126 2164 4195 cerpsi
2194 4128 2397 4199 capita,
2432 4130 2585 4185 unita
2637 4132 2859 4202 quidem
2909 4136 3094 4203 simul,
3118 4138 3352 4196 invicem
3384 4149 3563 4200 tamen

1984 4219 2061 4273 ita
2100 4219 2395 4292 disjuncta,
2430 4232 2495 4279 ut
2518 4225 2613 4295 qui
2650 4242 2722 4283 ea
2764 4228 2982 4299 legerit,
3030 4232 3178 4288 nulla
3234 4235 3564 4295 confusione

1984 4310 2256 4367 trahatur.
2284 4313 2351 4368 Et
2400 4315 2517 4372 hinc
2558 4326 2663 4373 tua:
2705 4319 2841 4385 misi
2862 4322 3073 4391 pietati,
3102 4339 3223 4394 quae
3244 4342 3369 4383 cum
3399 4345 3562 4386 acce-

1980 4404 2149 4474 peris,
2174 4405 2307 4472 Deo,
2344 4416 2403 4462 ut
2434 4425 2537 4479 par
2564 4418 2669 4475 est,
2704 4414 2932 4483 gloriam
2963 4425 3019 4471 et
3047 4420 3349 4489 gratiarum
3388 4423 3561 4480 actio-

1982 4512 2109 4552 nem
2136 4498 2354 4564 reddas,
2380 4503 2476 4572 qui
2520 4518 2676 4559 suam
2723 4506 2984 4562 virtutem
3010 4510 3304 4571 imbecillis
3352 4514 3557 4587 imper-

1977 4587 2134 4655 titur,
2160 4599 2223 4645 ut
2261 4590 2319 4646 in
2368 4592 2691 4652 inﬁrmitate
2733 4599 3112 4668 perﬁciantur.
3148 4600 3229 4660 Tu
3271 4622 3406 4664 vero
3427 4625 3552 4665 cum

1980 4681 2090 4736 tuis
2120 4685 2293 4754 gratis
2330 4688 2592 4756 precibus
2620 4692 2721 4747 nos
2750 4691 2956 4757 foveas,
2982 4704 3042 4750 ut
3075 4698 3226 4767 quod
3276 4702 3554 4773 reliquum

1976 4784 2063 4830 est
2094 4776 2257 4848 nobis
2284 4777 2412 4833 vita!
2434 4779 2617 4851 hujus,
2645 4783 2799 4853 juxta
2817 4783 2914 4840 Dei
2932 4786 3275 4845 voluntatem
3293 4807 3555 4863 peragere

1974 4868 2293 4936 possimus:
2326 4871 2374 4925 si
2412 4869 2548 4927 vero
2597 4874 2806 4945 aliquid
2855 4878 2937 4948 (ut
2980 4878 3141 4937 facile
3184 4881 3303 4938 ﬁeri
3352 4886 3552 4957 potuit)

1974 4958 2356 5030 imperfectum
2399 4965 2720 5033 offenderis,
2761 4969 3035 5041 ignoscas,
3065 4988 3251 5043 quasso
3284 4984 3359 5042 te,
3417 4990 3555 5036 meae

1971 5053 2249 5121 tenuitati,
2280 5064 2395 5111 tum
2438 5062 2704 5130 temporis
2739 5066 3007 5135 angustia:
3036 5067 3268 5131 tribuas,
3296 5085 3418 5140 qua:
3443 5072 3553 5127 tuis

1970 5146 2244 5202 mandatis
2274 5148 2450 5205 voluit
2470 5153 2871 5236 obtemperare.
2902 5157 3173 5225 Quoniam
3226 5179 3360 5220 vero
3413 5166 3547 5222 illud
3590 5152 3595 5159 ’

1969 5246 2234 5308 praeterea
2257 5242 2528 5313 scripsisti
2562 5255 2622 5301 ut
2656 5248 2866 5319 1022
2889 5251 2989 5306 tibi
3006 5253 3215 5325 aliquid
3239 5256 3550 5318 diceremus

276 5314 519 5382 πολλῶν,
553 5318 685 5388 περί
711 5335 771 5372 τε
800 5318 902 5389 τῆς
934 5320 1209 5385 πολιτείας
1237 5323 1333 5376 καὶ
1383 5322 1485 5393 τῆς
1522 5325 1861 5397 ἀναιρέσεως

1982 5330 2038 5386 ie
2068 5333 2275 5389 sanctis
2296 5335 2556 5394 Patribus
2577 5350 2779 5397 nosme
2800 5343 2990 5411 lanrae,
3019 5362 3086 5401 an
3122 5364 3252 5404 vera
3284 5350 3396 5406 sint
3424 5352 3548 5424 quae

274 5405 484 5474 αὐτῶν,
506 5407 775 5463 δύσπιστα
792 5410 919 5464 ὄντα
946 5411 1042 5465 καὶ
1067 5412 1238 5483 ἀκοὴν
1257 5413 1673 5484 ὑπερὸαίνοντα,
1691 5418 1859 5486 ἀναγ-

1966 5436 1997 5476 a
2024 5425 2308 5481 nonnullis
2341 5428 2566 5486 audisse
2600 5430 2761 5498 dicis,
2796 5433 2865 5489 de
2893 5450 3086 5491 eorum
3118 5424 3383 5499 videlicet
3431 5444 3545 5501 vita

274 5501 441 5553 καῖον
472 5500 775 5572 ἡγησάμην
806 5503 1074 5575 πρότερον
1100 5505 1160 5557 ὲν
1195 5506 1393 5579 βραχεί
1443 5512 1686 5580 σημᾶναι
1727 5511 1856 5583 ὑμῖν

1982 5524 2022 5570 :t
2068 5518 2228 5585 nece,
2272 5534 2400 5574 cum
2455 5523 2547 5577 vix
2581 5524 2674 5580 illa
2727 5527 2882 5583 credi
2924 5529 3164 5600 possint,
3208 5541 3264 5589 et
3316 5540 3543 5593 sensum

348 5652 370 5676 ⁶
397 5653 636 5710 Lauram
673 5659 922 5713 neoterici
968 5658 1140 5715 Graeci
1175 5662 1380 5730 insigne
1416 5663 1601 5720 dicunt
1649 5669 2052 5736 monasterium,
2096 5690 2193 5744 pro
2243 5692 2435 5747 magna
2480 5678 2751 5742 hominum
2791 5687 2940 5757 copia
2972 5690 3061 5759 qui
3096 5690 3382 5750 ἀρυοιξοηί,
3412 5711 3539 5767 ιη,

348 5733 447 5767 tlnr
477 5724 768 5767 multarum
792 5743 1055 5767 nautarum
1089 5746 1148 5767 an
1182 5734 1449 5767 ρηηειηηίο

266 5728 447 5782 instar
477 5724 771 5781 multarum
792 5743 1058 5797 aquarum
1089 5746 1148 5786 eo
1180 5724 1470 5803 conﬂuunt.
