4054 6312
546 308 685 372 1423

1820 310 2186 373 ANTIOCHI
2228 304 2573 373 MONACHI

3577 370 3584 377 .
3679 313 3834 380 ιιει

545 441 766 484 onmem
791 423 1474 495 superent,.necessarium
1494 433 1786 493 propterea
1800 423 1929 478 duxi
1951 424 2129 478 brevi-

2254 428 2301 479 τά
2326 426 2456 496 περὶ
2490 425 2690 491 αὐτῶν,
2722 420 3014 488 εἷθόὖτως
3045 424 3418 495 καθυποτάξαι
3442 427 3514 483 τά
3533 429 3633 501 τῆς
3662 430 3833 500 θείας

549 521 655 575 bus
681 518 780 573 tibi
804 519 962 589 prius
982 519 1202 588 aperire
1223 532 1346 587 qua:
1367 516 1435 570 ad
1460 516 1585 571 illos
1604 516 1865 581 attinent,
1884 531 1948 571 ea
1980 515 2130 570 dein-

547 625 676 680 ceps
687 607 2125 680 subjicere,qua:diximussacraeScripturtecapitula.

620 698 697 752 De
724 697 988 751 laudabili
1022 707 1207 751 autem
1233 697 1349 751 vita
1378 712 1572 751 eorum
1621 697 1677 751 in
1713 699 2129 768 praesentiarum

548 806 710 864 agere
752 790 806 845 id
846 790 1115 860 temporis
1148 806 1260 844 non
1304 791 1568 861 postulat,
1610 806 1716 846 nec
1768 806 1890 845 mea
1940 792 2126 862 lingua

551 883 643 937 illa
666 890 854 951 posset
882 881 1041 935 facile
1089 897 1423 951 percurrere
1463 898 1476 934 :
1509 882 1645 937 illud
1678 890 1892 936 tantum
1924 882 2126 948 dicam,

550 974 700 1045 quod
762 989 958 1028 revera
1015 972 1272 1028 homines
1324 980 1484 1028 erant
1532 973 1705 1029 divini
1759 974 1826 1045 (si
1874 974 2130 1030 homines

550 1078 765 1125 tantum
801 1069 926 1123 illos
951 1075 1208 1139 oporteat
1255 1068 1441 1123 dicere
1467 1068 1654 1138 potius
1675 1083 1840 1137 quam
1877 1067 2126 1139 angelos)

549 1179 676 1220 cum
706 1163 762 1217 in
792 1162 1191 1217 exercitatione
1221 1161 1499 1231 spirituali
1553 1168 1611 1216 et
1658 1162 1967 1216 monastica
2012 1161 2129 1216 vita

549 1256 911 1311 etlaboribus
942 1270 1083 1325 quos
1112 1268 1214 1324 pro
1245 1253 1451 1324 pietate
1486 1253 1858 1319 sustulerunt,
1878 1268 1907 1307 a
1927 1254 2129 1323 juven-

551 1361 668 1406 tute
718 1367 815 1406 sua
845 1350 1226 1405 insenuerint:
1252 1364 1415 1405 senes
1450 1349 1674 1419 quidem
1721 1347 2043 1412 venerandi,
2074 1355 2132 1403 e‘t

549 1459 719 1500 canos
752 1444 982 1514 capillos
1014 1443 1314 1508 habebant,
1340 1442 1435 1497 scd
1465 1450 1651 1496 mente
1678 1441 1851 1511 magis
1899 1448 2130 1509 praesta-

554 1539 684 1592 bant
717 1545 773 1590 et
794 1534 1131 1597 humilitate,
1156 1532 1397 1593 honesti,
1433 1531 1693 1593 modesti,
1718 1528 1970 1593 veridici,
1994 1528 2131 1580 irre-

552 1625 976 1696 prehensibiles,
1019 1622 1178 1694 justi,
1220 1622 1319 1691 pii,
1355 1621 1425 1675 ab
1484 1620 1636 1674 onmi
1683 1618 2027 1689 turpitudine
2075 1624 2133 1671 et

552 1719 824 1789 pravitate
872 1716 1061 1775 alieni.
1091 1713 1352 1769 omnibus
1397 1712 1559 1767 bonis
1592 1710 1799 1774 ornati,
1837 1718 1893 1764 et
1940 1707 2131 1762 divino

2231 514 2453 585 Γραφῆς
2485 514 2772 583 κεφάλαια.

2301 688 2413 742 Καὶ
2435 689 2563 759 περὶ
2597 688 2695 758 μὲν
2714 688 2810 757 τῆς
2838 687 3098 759 ἐναρέτου
3118 688 3294 743 αὐτῶν
3324 689 3609 756 πολιτείας
3631 692 3695 747 οὗ
3720 691 3829 747 τοῦ

2231 781 2498 850 παρόντος
2514 779 2708 851 καιροῦ
2732 780 2854 833 οὑδέ
2873 783 2971 850 τῆς
2990 782 3129 851 ἐμῆς
3157 782 3401 852 γλώττης
3424 782 3826 853 διηγήσασθαι.

2230 870 2402 923 Τοῦτο
2424 870 2480 923 δὲ
2517 872 2676 940 μόνον
2704 870 2869 939 λέγω,
2902 870 2985 923 ὅτι
3018 871 3094 935 ὡς
3122 871 3337 941 άληθῶς
3368 872 3651 944 ἄνθρωποι
3677 871 3828 947 ἦσαν

2231 961 2364 1015 θεῖοι
2382 962 2519 1032 (εἴγε
2543 962 2623 1014 δεῖ
2648 961 2968 1032 ἀνθρώπους
2986 952 3185 1026 αὐτοὺς
3205 964 3413 1031 καλεῖν,
3437 967 3536 1019 καὶ
3556 966 3633 1037 μὴ
3655 970 3829 1035 αγγέο

2229 1052 2398 1125 λους),
2430 1056 2495 1124 τῇ
2523 1070 2583 1105 τε
2611 1054 2955 1125 άσκήσεικαὶ
2989 1056 3191 1126 ἡσυχίᾳ
3224 1056 3315 1108 καὶ
3343 1059 3457 1121 τοῖς
3488 1058 3633 1128 ὑπὲρ
3664 1060 3828 1112 εὐσε-

2230 1145 2383 1208 ϐείας
2427 1146 2609 1208 πόνοις
2649 1146 2714 1197 ἐκ
2742 1145 2995 1215 νεότητος
3021 1147 3482 1216 ἐγγεγηρακότες,
3537 1151 3825 1220 γηραὶέοι.

2233 1237 2604 1308 ἱεροπρεπεῖς,
2626 1236 2801 1289 πολιοὶ
2818 1235 2915 1307 τὴν
2942 1236 3101 1305 τρίχα
3120 1237 3215 1290 καὶ
3233 1240 3332 1307 τὴν
3348 1239 3585 1304 σύνεσιν,
3599 1239 3822 1307 ἀγαθοὶ,

2230 1330 2679 1399 ταπεινόφρονες,
2711 1328 2950 1395 κόσμιοι,
2981 1329 3276 1399 σώφρονες,
3322 1329 3592 1401 ἀληθινοὶ,
3639 1334 3828 1403 ἄμεμ-

2231 1437 2375 1484 πτοι,
2398 1419 2613 1484 δίκαιοι,
2637 1418 2932 1483 θεοσεϐεῖς,
2956 1419 3285 1488 ἀπεχόμενοι
3301 1419 3409 1491 ἀπὸ
3428 1422 3631 1483 παντὸς
3654 1439 3828 1494 πονη-

2234 1515 2330 1586 ροῦ
2361 1515 2705 1586 πράγματος,
2730 1514 3035 1583 ἀνελλιπεῖς
3075 1514 3294 1568 πάντων
3314 1515 3423 1567 τῶν
3443 1514 3694 1582 ἀγαθῶν,
3727 1534 3831 1569 πε-

2232 1608 2582 1678 πληρωμένοι
2605 1606 2661 1659 δὲ
2693 1607 2787 1677 τῆς
2811 1606 2962 1668 θείας
2987 1605 3229 1676 ἀγάπης.
3262 1607 3424 1671 Τινὲς
3449 1608 3634 1661 αὐτῶν
3662 1609 3832 1680 ὑπερ-

2232 1698 2526 1771 ϐεϐηκότες
2544 1700 2652 1751 ἀπὸ
2668 1700 3011 1766 πεντήκοντα
3025 1699 3117 1752 καὶ
3130 1700 3395 1769 ἐξήκοντα
3408 1700 3572 1764 ἐτῶν,
3588 1703 3665 1770 μὴ
3684 1702 3831 1771 ἐξερ-

551 1788 746 1879 repleti
774 1821 963 1861 amore
991 1823 1004 1859 :
1032 1803 1283 1859 nonnulli
1313 1804 1561 1873 ipsorum
1606 1809 1829 1857 centum
1876 1814 2131 1856 excesse-

2254 1793 2458 1863 (όμενοι
2485 1792 2758 1854 παντοίως
2802 1794 2904 1863 τῆς
2942 1790 3193 1863 Λαὺρας·
3227 1794 3371 1857 τινὲς
3401 1794 3459 1847 δὲ
3517 1798 3659 1865 μήτε
3681 1796 3737 1847 ἐν
3758 1795 3826 1865 τῇ

552 1910 682 1954 runt
712 1913 884 1953 annos
906 1908 964 1952 et
1000 1895 1403 1967 quinquaginta
1434 1909 1551 1959 sev,
1591 1894 1645 1947 in
1678 1892 1869 1963 quieta
1913 1900 1970 1946 et
2009 1905 2130 1944 mo-

2238 1885 2509 1957 ἐκκλησίᾳ
2525 1885 2832 1955 προῖόντες,
2855 1885 2988 1955 μηδὲ
3005 1886 3315 1956 ἑωρακότες
3335 1887 3435 1957 τὴν
3453 1889 3631 1952 πόλιν,
3653 1890 3746 1957 ἀφ’
3763 1881 3829 1944 οὗ

552 1992 763 2047 nastica
787 1991 898 2045 vita
932 2006 1058 2045 cum
1079 1984 1454 2059 peregissent,
1484 2002 1587 2042 nec
1617 2002 1649 2041 a
1707 1986 1862 2039 laura
1890 1997 2132 2053 unquam

2254 1978 2532 2047 εμόνασαν,
2569 1978 2795 2048 ἀρεταῖς
2819 1976 3101 2041 παντοίαις
3128 1979 3560 2049 κεκοσμημένοι,
3591 1981 3830 2048 ἐπίγειοι

554 2090 905 2139 recesserunt
939 2082 1230 2136 :nonnulli
1286 2095 1418 2134 vero
1472 2094 1652 2149 neque
1706 2077 1774 2132 ad
1838 2075 2132 2131 ecclesiam

2254 2071 2482 2140 ἰγγελοι,
2496 2070 2591 2123 καὶ
2606 2069 2849 2140 οὐράνιοι
2866 2069 3165 2142 ἄνθρωποι·
3180 2070 3302 2123 ὅθεν
3315 2072 3409 2125 καὶ
3419 2072 3662 2125 τοιοῦτον
3676 2071 3830 2134 τέλος

552 2182 954 2244 processerant,
994 2188 1095 2227 nec
1120 2172 1401 2226 civitatem
1449 2170 1690 2240 amplius
1740 2166 2013 2230 viderant,
2064 2179 2133 2219 ex

2254 2162 2641 2235 ὶπηνέγκαντο,
2668 2164 2763 2217 καὶ
2788 2163 2849 2215 τὸ
2878 2162 3130 2235 βραϐεῖον
3153 2166 3252 2234 τῆς
3283 2162 3440 2232 νίκης
3475 2163 3827 2235 ἐκομίσαντο.

552 2279 662 2333 quo
712 2265 879 2317 vitam
926 2260 1283 2316 monasticam
1316 2260 1485 2315 semel
1523 2258 1744 2313 fuerant
1771 2255 2099 2324 amplexati;
2130 2253 2302 2308 variis
2339 2254 2509 2308 etiam
2556 2253 2861 2309 virtutibus
2905 2253 3235 2316 emicabant,
3277 2263 3571 2310 terrestres
3615 2256 3829 2311 scilicet

554 2361 732 2431 angeli
784 2367 840 2414 et
880 2357 1132 2413 caelestes
1182 2355 1458 2411 homines.
1499 2353 1844 2423 Quapropter
1907 2351 2058 2405 hunc
2092 2348 2261 2404 ﬁnem
2300 2357 2431 2403 sunt
2477 2345 2698 2418 adepti,
2758 2356 2816 2403 et
2853 2347 3099 2404 victoriae
3129 2348 3419 2418 premium
3466 2358 3599 2405 sunt
3632 2363 3829 2406 cense-

553 2456 664 2512 cuti

623 2548 760 2604 Cum
813 2545 962 2603 enim
1022 2543 1313 2600 lsmaelita:
1363 2541 1431 2597 ad
1477 2549 1731 2597 nostrum
1774 2539 2139 2596 accessissent

2325 2533 2696 2591 Ἐπελθόντων
2742 2534 2852 2607 γάρ
2901 2535 3013 2589 τῶν
3051 2533 3410 2606 Ἰσμαηλιτῶν
3456 2537 3524 2607 τῇ
3578 2537 3827 2608 ἡμετέρα.

556 2637 974 2697 monasterium,
1025 2650 1133 2689 una
1213 2634 1520 2705 septimana
1573 2643 1874 2703 antequam
1946 2640 2138 2687 sancta

2254 2627 2438 2699 Λαύρᾳ
2478 2626 2586 2698 πρὸ
2617 2626 2748 2697 μιᾶς
2794 2624 3091 2695 ἑϐδομάδος
3127 2623 3221 2677 τοῦ
3258 2624 3689 2697 παραληφθῆναι
3727 2626 3825 2696 τὴν

548 2731 753 2787 civitas
801 2728 999 2783 fuisset
1067 2734 1359 2795 occupata,
1392 2735 1449 2779 et
1492 2726 1754 2779 universa
1805 2710 1963 2780 sacra
2010 2737 2140 2777 vasa

2254 2722 2408 2790 ἀγίαν
2460 2721 2638 2784 πόλιν,
2702 2718 2799 2773 καὶ
2845 2721 3024 2773 πάντα
3071 2720 3139 2771 τά
3196 2719 3295 2788 τῆς
3346 2718 3648 2789 ἐκκλησίας
3701 2718 3825 2787 ίερά

557 2816 820 2873 Ecclesia:
851 2815 962 2885 jam
994 2812 1376 2882 diripuissent,
1403 2813 1656 2882 plerique
1698 2814 1889 2868 Patres
1911 2812 2141 2883 aufuge-

2254 2810 2420 2882 σκεύη
2450 2812 2900 2883 διαρπασάντων,
2929 2811 2993 2865 τὸ
3034 2811 3134 2881 μὲν
3164 2810 3372 2880 πλῆθος
3408 2809 3522 2863 τῶν
3562 2810 3826 2878 Πατέρων

561 2914 694 2961 runt
735 2920 901 2976 quam
939 2903 1203 2974 primum,
1226 2910 1838 2957 remanserunt-autem
1862 2902 1918 2957 in
1947 2916 2143 2956 mona-

2254 2907 2594 2976 παραχρῆμα
2647 2904 3109 2975 ὑπανεχώρησεν·
3137 2901 3445 2971 ἀπέμειναν
3469 2899 3529 2954 δὲ
3560 2899 3610 2952 oi
3632 2915 3829 2969 καρτε-

558 2997 728 3054 sterio
773 2994 869 3066 qui
914 2992 1177 3049 fortiores
1224 2991 1431 3046 Christi
1474 2990 1695 3045 fuerant
1726 2982 1896 3058 servi,
1926 3005 2146 3046 sacrum

2254 2997 2397 3071 ρικοὶ
2439 2996 2616 3050 δοῦλοι
2640 2996 2739 3051 τοῦ
2777 2994 3016 3069 Χριστοῦ
3039 2996 3097 3047 ἐν
3123 2996 3190 3064 τῇ
3218 2992 3541 3064 Λαὺρανμὴ
3571 2992 3827 3063 βουλόμε-

563 3092 715 3146 illum
749 3089 931 3144 locum
973 3086 1278 3142 destituere
1316 3082 1471 3137 nullo
1508 3093 1669 3153 pacto
1698 3084 1974 3141 volentes.
2016 3083 2146 3138 Bar-

2254 3109 2333 3147 νοι
2367 3089 2692 3146 καταλιπεῖν
2727 3088 2825 3142 τὸν
2851 3088 3039 3142 τόπον.
3080 3088 3143 3140 Ol
3172 3085 3228 3139 δὲ
3259 3084 3527 3156 βάρϐαροι
3573 3085 3830 3139 συλλαϐό-

563 3183 681 3239 bari
713 3196 847 3235 vero
893 3195 1019 3233 cum
1061 3177 1187 3231 illos
1235 3174 1814 3245 comprehendissent,
1842 3184 1901 3230 et
1941 3176 2146 3231 multos

2254 3200 2407 3256 μενοι
2433 3182 2658 3250 αὐτοὺς,
2698 3181 2794 3234 καὶ
2831 3179 3076 3251 ἀνηλεῶς
3122 3179 3216 3233 ἐπὶ
3237 3162 3465 3242 ’πολλάς
3491 3178 3708 3250 ἡμέρας
3734 3178 3829 3249 βα-

563 3276 683 3331 dies
711 3274 835 3327 illos
869 3271 1168 3326 inhumane
1198 3275 1548 3333 tractassent,
1586 3274 1643 3321 et
1686 3267 1979 3323 tormentis
2009 3266 2146 3321 allii-

2254 3277 2587 3343 σανίζοντες,
2626 3274 2865 3346 οἰόμενοι
2905 3274 3166 3344 χρήματα
3204 3273 3505 3343 εὑρίσκειν,
3558 3271 3692 3342 παρ’
3748 3267 3827 3335 οἷς

565 3369 795 3430 xissent,
827 3361 1094 3434 pecunias
1125 3361 1230 3414 hoc
1253 3358 1416 3430 pacto
1446 3374 1566 3413 sese
1604 3359 1929 3414 inventuros
1949 3369 2147 3429 putan-

568 3473 671 3526 tes,
709 3456 856 3528 apud
893 3469 1035 3525 quos
1076 3453 1216 3507 nihil
1258 3452 1425 3522 hujus
1474 3451 1661 3508 saeculi
1724 3451 2143 3521 reperiebatur:

568 3554 646 3608 illi
677 3551 843 3608 simul
874 3557 1042 3619 atque
1075 3546 1491 3612 intellexerunt,
1524 3562 1625 3601 sua
1670 3560 1730 3600 se
1776 3544 1998 3599 tandem
2050 3558 2147 3613 spe

552 3662 634 3701 .ac
665 3643 951 3716 proposito
996 3640 1289 3705 excidisse,
1320 3639 1374 3693 in
1406 3639 1853 3695 eil‘eratissimam
1882 3637 2026 3694 versi
2058 3651 2149 3690 ra-

574 3738 741 3799 biem,
772 3736 841 3790 ad
885 3748 1055 3788 unum
1107 3731 1459 3786 membratim
1504 3731 1700 3787 beatos
1735 3730 1859 3785 illos
1895 3728 2151 3784 concide-

574 3836 724 3892 runt,
751 3825 845 3896 qui
878 3833 933 3885 et
982 3822 1173 3878 laetitia
1214 3821 1527 3875 incredibili
1576 3819 1787 3892 perfusi
1820 3836 1885 3874 ac
1917 3818 2151 3890 proinde

570 3920 740 3976 alacri
772 3920 932 3974 vultu
973 3916 1317 3979 renidentes,
1349 3914 1498 3969 omni
1527 3929 1654 3969 cum
1699 3913 1917 3967 actione
1953 3911 2155 3983 gratia-

575 4029 720 4078 rum,
769 4012 983 4067 animas
1046 4008 1414 4065 reddiderunt
1475 4008 1758 4061 Domino:
1794 4005 2001 4076 quippe
2056 4003 2154 4074 qui

566 4124 685 4160 non
720 4106 795 4159 ita
828 4102 1042 4174 pridem
1077 4102 1133 4155 in
1176 4100 1324 4154 votis
1365 4098 1678 4153 habuerant
1725 4095 1924 4151 resolvi
1948 4104 1997 4148 et
2033 4110 2155 4148 cum

572 4199 782 4253 Christo
812 4212 924 4251 esse
952 4196 992 4249 ¹.
1013 4193 1259 4263 Corpora
1307 4206 1442 4246 vero
1467 4190 1756 4261 plusquam
1788 4187 1993 4259 tragice
2015 4201 2155 4241 caesa

574 4306 700 4345 cum
729 4304 839 4344 non
872 4300 1078 4357 paucos
1109 4284 1230 4338 dies
1261 4283 1319 4337 in
1360 4282 1591 4336 humum
1635 4279 1885 4350 disjecta.
1924 4277 2044 4332 sine
2072 4291 2158 4331 se-

577 4383 816 4453 pultura:
850 4377 1126 4435 beneﬁcio
1155 4376 1481 4447 iacuissent,
1512 4373 1584 4428 ab
1614 4371 1821 4427 Arabia
1852 4370 1947 4425 illo
1981 4383 2157 4439 usque

574 4472 1087 4547 apprOpcravimus.
1128 4470 1197 4524 Et
1233 4467 1459 4538 quidem
1500 4466 1737 4521 eximius
1788 4462 1961 4518 abbas
1997 4463 2160 4517 Nico-

2255 3368 2424 3442 μηδὲν
2448 3366 2544 3421 τοῦ
2582 3366 2780 3430 αἰῶνος
2802 3364 2995 3418 τούτου
3028 3363 3295 3433 ὑπῆρχεν,
3321 3362 3475 3426 τέλος
3498 3362 3594 3416 τοῦ
3626 3361 3826 3416 σκοποῦ

2253 3460 2603 3523 ἐκπεσόντες,
2658 3460 2932 3529 ἐμμανεῖς
2995 3458 3279 3527 γενόμενοι
3330 3457 3542 3519 πάντας
3604 3456 3828 3525 μεληδὸν

2254 3551 2615 3621 κατέτεμνον.
2647 3551 2710 3604 υἱ
2755 3550 2815 3603 δὲ
2857 3549 3119 3620 μακάριοι
3164 3546 3462 3617 γεγηθότες
3499 3546 3708 3616 φαιδρῷ
3752 3543 3828 3614 τῷ

2256 3643 2562 3716 προσώπῳ,
2597 3641 2940 3713 εὐχαρίστως
2957 3642 3058 3704 τὰς
3083 3641 3261 3711 ψυχὰς
3279 3639 3356 3711 τῷ
3386 3640 3579 3710 Κυρίῳ
3622 3638 3829 3692 ἀπέδω-

2258 3756 2384 3803 καν,
2420 3737 2496 3801 ώς
2523 3740 2588 3791 ἐκ
2615 3735 2814 3791 πολλοῦ
2844 3737 2944 3806 τὴν
2985 3733 3284 3804 ἐπιθυμίαν
3313 3732 3534 3802 ἔχοντες
3573 3731 3829 3783 ἀναλῦσαι

2257 3828 2354 3883 καὶ
2382 3829 2481 3882 σὺν
2512 3826 2735 3899 Χριστῷ
2767 3824 2927 3880 εἶναι.
2970 3824 3268 3893 Ῥιφέντων
3302 3822 3361 3875 δὲ
3408 3823 3520 3875 τῶν
3562 3821 3827 3890 σωμάτων

2260 3920 2444 3976 αὐτῶν
2490 3922 2585 3973 ἐπὶ
2616 3918 2821 3982 πολλάς
2848 3918 3062 3988 ἡμέρας
3085 3918 3328 3985 ἀτάφων,
3365 3914 3830 3982 ἐπικατελάϐομεν

2261 4014 2421 4083 ἡμεῖς
2449 4011 2560 4065 ἀπὸ
2597 3987 2898 4081 Ἀραϐίαςέ
2947 4010 3043 4062 καὶ
3074 4010 3101 4062 ό
3135 4008 3234 4076 μὲν
3288 4006 3467 4069 άϐϐᾶς
3507 3987 3824 4076 Νικομήδης

2264 4103 2603 4175 θεασάμενος
2634 4103 2702 4156 τὰ
2736 4102 2946 4157 ἐλεεινὰ
2971 4100 3222 4171 θεάματα
3251 4100 3358 4166 τῶν
3397 4100 3686 4171 Πατέρων,
3720 4098 3829 4151 λει-

2265 4196 2591 4265 ποθυμήσας
2623 4195 2812 4265 σχεδὸν
2843 4194 3019 4247 εἰπεῖν
3042 4194 3182 4265 ἤρθη
3204 4191 3417 4262 νεκρός.
3441 4188 3714 4255 Μόδεστος
3733 4192 3790 4243 δέ
3806 4192 3833 4243 ό

2262 4286 2559 4349 ὁσιώτατος
2611 4283 2927 4357 προσελθὼν
2979 4284 3158 4337 πάντα
3206 4283 3275 4336 τὰ
3325 4282 3661 4353 σκηνώματα
3727 4282 3830 4334 τῶν

2265 4379 2437 4447 ἁγίων
2488 4376 2799 4443 συστείλας,
2858 4376 3044 4428 ἔλουσε
3104 4374 3281 4428 πολλά
3334 4392 3394 4428 τε
3445 4373 3827 4447 ἐπιδακρύσας,

2265 4470 2359 4524 καὶ
2416 4465 2893 4537 περιπτυξάμενος
2932 4467 3003 4520 τὰ
3062 4467 3194 4535 άγια
3247 4469 3342 4520 καὶ
3375 4468 3685 4537 καρτερικὰ
3737 4467 3831 4519 αὖ·

568 4569 768 4625 medes
797 4564 1177 4638 spectaculum
1211 4561 1347 4617 illud
1396 4558 1713 4615 miserabile
1759 4555 2146 4612 caesorumPa-

2262 4560 2370 4638 τῶν
2403 4534 2653 4630 λείψανα,
2681 4534 2944 4614 κατέθετο
2971 4560 3029 4612 ἐν
3062 4534 3185 4623 ταῖς
3202 4559 3406 4630 θήκαις
3427 4534 3537 4612 τῶν
3561 4560 3829 4631 Πατέρων.

580 4674 726 4717 trum
760 4658 1191 4728 contemplatus,
1225 4653 1472 4724 deliquio
1501 4651 1673 4707 animi
1706 4649 1970 4713 concidit,
1992 4658 2157 4717 atque

568 4756 732 4811 -illinc
764 4755 972 4810 relatus
1024 4759 1280 4805 mortuus
1324 4762 1499 4817 prope
1541 4754 1646 4800 est.
1696 4743 1977 4798 Modestus
2016 4756 2160 4812 prte-

580 4858 751 4915 terea,
806 4855 863 4902 et
920 4845 1038 4916 ipse
1105 4840 1512 4904 sanctissimus,
1561 4837 1861 4893 adventum
1908 4845 2163 4890 nostrum

572 4957 705 4998 cum
740 4936 1152 4998 antevertisset,
1205 4940 1262 4989 et
1309 4941 1629 4988 sanctorum
1675 4928 1897 4983 illorum
1935 4927 2167 4981 lustras-

570 5042 665 5089 set
709 5032 864 5102 prius
911 5026 1223 5084 habitacula
1264 5023 1470 5089 omnia,
1510 5022 1945 5091 itidem-angore
1991 5016 2160 5073 animi

578 5131 940 5186 contractus,
974 5118 1175 5174 multis
1228 5132 1287 5173 se
1332 5114 1547 5186 proluit
1598 5113 1875 5184 lacrymis,
1927 5126 1993 5165 ac
2045 5126 2165 5166 san-

580 5226 670 5273 cta
710 5231 833 5287 qua:
879 5222 1113 5269 eatenus
1169 5208 1492 5265 resederaut
1530 5206 1787 5276 lipsana’l
1835 5203 2166 5272 circumple-

580 5327 705 5375 xus,
739 5311 792 5364 in
837 5309 1063 5363 Patrum
1114 5303 1467 5373 superiorum
1511 5296 1769 5368 deposuit
1815 5294 2163 5350 conditoriis.

659 5400 870 5473 1023
900 5400 951 5454 ls
970 5397 1037 5452 ad
1062 5396 1212 5459 haec,
1249 5394 1346 5450 ubi
1377 5392 1682 5448 solemnem
1723 5387 1992 5458 persolvit
2013 5395 2070 5440 et
2097 5401 2167 5441 ex

583 5508 738 5548 more
785 5499 1117 5547 consuetum
1170 5485 1476 5548 Canonem,
1507 5481 1646 5536 illud
1698 5494 1828 5534 mox
1877 5477 2163 5532 oraculum

584 5586 741 5640 Isaiae
780 5591 999 5638 exserta
1036 5596 1168 5636 voce
1223 5574 1610 5647 deprompsit:
1658 5591 1677 5624 ι
1710 5571 1826 5628 Viri
1870 5569 2005 5641 justi
2063 5569 2166 5624 tol-

2270 4636 2589 4715 Ἐκτελέσας
2608 4652 2667 4706 δὲ
2684 4652 2965 4715 ἐπάὐτοῖς
2986 4651 3078 4704 τὸν
3102 4652 3306 4723 συνήθη
3329 4652 3552 4716 κανόνα,
3576 4652 3834 4720 ἐπεφθὲγο

2263 4745 2392 4812 ξατο
2418 4745 2601 4809 αὐτοῖς
2615 4745 2675 4798 τὸ
2702 4743 2799 4797 τοῦ
2841 4744 3067 4797 Ἠσαίου
3122 4743 3299 4813 λόγιον
3326 4743 3389 4797 τὸ
3416 4743 3628 4813 φάσκον
3646 4746 3833 4798 ’(’Δν-

2263 4838 2388 4909 δρες
2410 4836 2612 4890 δίκαιοι
2635 4835 2903 4907 αἴρονται,
2921 4835 3016 4888 καὶ
3040 4835 3216 4900 οὐδεὶς
3239 4839 3528 4890 κατανοεῖ·
3552 4836 3664 4891 ἀπὸ
3680 4853 3834 4908 προσ·

2264 4927 2418 4981 ώπου
2470 4925 2686 4990 ἀδικίας
2731 4921 2900 4997 ἦρται
2945 4927 2976 4979 ὁ
3002 4926 3253 4990 δίκαιος·
3289 4927 3444 4981 ἔσται
3491 4929 3551 4981 ἐν
3592 4930 3830 5001 είρὴνηὴ

2265 5019 2415 5090 ταφὴ
2449 5016 2640 5071 αὐτοῦ.
2685 5036 2704 5070 ι
2736 5017 2875 5071 Καί·
2915 5036 2933 5068 ι
2975 5018 3161 5087 Ψυχαὶ
3193 5017 3420 5071 δικαίων
3462 5019 3523 5072 ἐν
3550 5019 3697 5088 χειρὶ
3732 5019 3833 5071 Κυι-

2273 5112 2410 5182 ρίου·
2445 5110 2542 5165 καὶ
2570 5111 2632 5163 οὐ
2670 5109 2745 5181 μὴ
2781 5108 2989 5180 ἅψηται
3016 5110 3201 5164 αὐτῶν
3242 5110 3495 5179 βάσανος.
3524 5110 3749 5177 Ἐδοξαν
3781 5110 3832 5163 ἐν

2270 5202 2569 5273 ὀφθαλμοῖς
2599 5201 2851 5273 ἀφρόνων
2883 5200 3160 5269 τεθνάναι,
3196 5203 3245 5254 oi
3267 5201 3325 5256 δέ
3359 5203 3499 5255 εἰσιν
3523 5203 3582 5255 ἐν
3616 5203 3827 5273 είρηνῃ.

2273 5295 2369 5349 καὶ
2395 5297 2429 5365 ή
2453 5294 2607 5357 ἐλπὶς
2628 5293 2807 5349 αὐτῶν
2834 5293 3133 5358 ἀθανασίας
3159 5294 3374 5364 πλήρης
3392 5309 3407 5323 ο
3432 5294 3527 5347 καὶ
3547 5293 3702 5361 ὀλίγα
3722 5310 3832 5346 παι-

2272 5383 2559 5447 δευθέντες
2614 5382 2870 5453 μεγάλως
2914 5382 3481 5454 εὐεργετηθήσονται,
3520 5384 3603 5437 ὃτι
3642 5386 3672 5438 ό
3713 5384 3827 5444 Θεὸς

2271 5476 2566 5547 ἐπείρασεν
2606 5475 2830 5540 αὐτοὺς,
2863 5475 2959 5529 καὶ
2992 5470 3149 5546 εὗρεν
3179 5473 3379 5538 αὖτοὺς
3413 5474 3598 5541 ἀξίους
3624 5473 3819 5535 ἐαυτοῦ,

2271 5569 2367 5623 καὶ
2392 5569 2466 5634 ὡς
2494 5568 2868 5641 ὁλοιιάρπωμα
2895 5569 3087 5633 θυσίας
3117 5567 3485 5640 προσεδέξατο
3510 5568 3721 5636 αὐτοὺς,
3744 5565 3823 5621 καὶ

663 5730 940 5807 ‘Pbiiipp.
971 5753 1006 5801 ι,
1030 5736 1126 5790 23.
1200 5735 1219 5764 ²
1246 5731 1326 5786 Τὰ
1361 5732 1490 5799 ἅγια
1520 5725 1770 5799 λείψανα,
1820 5733 2039 5781 sanctas
2078 5725 2359 5796 reliquias.
