3914 6304
139 289 283 362 1425

1276 302 1643 365 EPISTOLA
1680 297 1780 358 AD
1816 295 2343 360 EUSTATHIUM.

3273 294 3409 360 “1’6

137 414 200 466 ὲν
254 413 433 487 καιρῷ
484 414 797 489 ἔπισκοπῆς
852 418 1035 474 αὐτῶν
1085 412 1488 492 ἀναλάμψουσι.
1542 437 1560 471 ι
1607 402 1718 472 κει

1843 420 2010 466 untur
2037 422 2094 467 et
2122 427 2288 467 nemo
2317 409 2606 483 recogitat.
2644 407 2846 466 Afacie
2877 407 3187 479 iniquitatis
3217 411 3409 466 sublat-

136 504 320 559 ταῦτα
345 509 477 579 περὶ
514 508 625 562 τῶν
653 510 823 587 ἀγίων
848 510 1108 595 Πατέρων
1132 510 1289 582 ήμῶν
1319 507 1558 581 εἰρηκὼς
1582 524 1725 579 παρ’

138 598 329 652 εκάλει
346 599 712 672 πάνταςήμᾶς
730 602 803 674 μὴ
828 603 1218 674 ἐγκαταλεῖψαι
1246 603 1338 657 τὸν
1357 604 1518 657 τόπον
1544 599 1722 672 ήμῶν,

140 686 262 742 ἀλλ’
296 689 590 760 ὑπομένειν
622 694 885 760 γενναίως
918 695 976 747 ὲν
1006 697 1121 758 τοῖς
1152 697 1485 764 πειρασμοῖς
1517 708 1726 763 μνημο-

1826 512 1915 559 tus
1947 505 2254 579 estjustus.
2285 504 2405 559 Erit
2434 503 2491 558 in
2525 518 2659 574 pace
2695 503 3009 574 sepulcrum
3030 503 3151 574 ejus
3175 505 3217 557 ⁸.
3246 522 3265 554 ι
3301 502 3408 560 Et:

1834 615 1853 647 ‹
1889 594 2026 665 Spes
2052 595 2271 650 illorum
2314 595 2727 651 immortalitate
2758 595 2940 665 plena.
2991 595 3051 649 ln
3088 595 3281 665 paucis
3312 610 3413 650 ve-

1827 689 1961 753 xati,
1994 689 2049 743 in
2079 689 2270 743 multis
2299 688 2442 744 bene
2470 688 2838 758 disponentur
2858 728 2872 751 ,
2908 688 3039 758 quia
3062 687 3211 744 Deus
3234 698 3415 744 tenta-

143 778 401 843 νεύοντας
428 781 522 834 τοῦ
557 784 759 854 Κυρίου
791 784 1060 853 λέγοντοςο
1099 803 1118 837 ι
1162 786 1285 839 Ὀτι
1321 785 1481 855 στενὴ
1582 784 1725 852 πύλη

1843 780 1905 834 vit
1939 781 2062 835 illos
2089 820 2104 845 ,
2132 789 2190 835 et
2219 781 2432 835 invenit
2470 796 2571 836 eos
2612 780 2810 850 dignos
2843 793 2901 834 se
2923 820 2939 846 ,
2973 787 3031 833 et
3058 780 3216 849 quasi
3246 780 3418 836 ‘holo-

145 872 245 925 καὶ
270 872 605 945 τεθλιμμένη
639 877 671 947 ἡ
701 877 818 938 ὁδὸς
848 881 881 948 ή
917 878 1208 947 ἀπάγουσα
1238 879 1317 941 εἰς
1349 877 1447 947 τὴν
1479 877 1625 948 ζωήν
1646 894 1659 907 ο
1703 894 1722 927 ι

145 965 242 1017 καὶ
287 966 380 1019 τοῦ
438 967 784 1033 Ἀποστόλου,
813 972 895 1024 ὅτι
943 989 962 1023 ‹
1002 971 1103 1024 Διά
1146 954 1357 1024 πολλῶν
1385 968 1617 1040 θλίψεων
1650 968 1731 1023 δεῖ

144 1059 297 1128 ἡμᾶς
345 1059 611 1113 εἰσελθεῖν
650 1062 730 1124 είς
776 1061 877 1132 τὴν
918 1060 1199 1132 βασιλείαν
1245 1062 1354 1115 τῶν
1394 1059 1660 1134 οὐρανῶν.
1703 1077 1722 1111 ι

150 1151 408 1217 Είξαντες
437 1153 530 1207 οῦν
575 1157 640 1224 τῇ
674 1155 995 1226 παραινέσει
1030 1156 1192 1210 αὑτοῦ
1240 1155 1537 1226 ἐμείναμεν
1573 1154 1630 1207 ὲν
1658 1154 1726 1224 τῇ

146 1242 343 1315 Λαύρᾳ
373 1242 572 1306 ὡςρὲπὶ
609 1244 702 1298 δύο
738 1247 936 1315 μῆνας.
964 1246 1078 1301 Καὶ
1123 1246 1288 1300 πάλιν
1326 1245 1495 1315 ἀκοῆς
1527 1241 1731 1315 βαρϐα-

150 1336 314 1408 ρικῆς
341 1337 642 1408 γενομένης
672 1337 1006 1408 φοϐηθέντες
1036 1336 1421 1408 κατεφύγομεν
1456 1339 1536 1399 είς
1563 1351 1731 1406 μονα·

149 1427 374 1497 στήριον
404 1426 631 1497 πλησίον
659 1427 761 1496 τῆς
797 1428 957 1496 ἁγίας
991 1428 1223 1494 πόλεως,
1252 1429 1327 1491 ὡς
1353 1420 1462 1480 ἀπὸ
1501 1424 1731 1479 σταδίων

149 1518 330 1571 εἰκοσι
363 1558 378 1583 ,
408 1519 703 1590 λεγόμενον
737 1521 832 1573 τοῦ
884 1520 1033 1574 ἀϐϐᾶ
1086 1520 1443 1573 Ἀναστασίου
1470 1559 1486 1584 ,
1524 1518 1733 1589 μηδένα

146 1610 210 1663 τὸ
242 1610 543 1679 τηνικαῦτα
587 1611 732 1682 ἕχον.
775 1613 886 1665 Καὶ
921 1613 1247 1681 ποιήσαντες
1275 1611 1350 1674 ὡς
1375 1610 1469 1663 δύο
1506 1610 1733 1681 χρόνους

148 1704 209 1756 tv
237 1702 405 1773 αὐτῷ,
439 1703 601 1757 πάλιν
655 1703 1115 1775 παρεκαλούμεθα
1163 1704 1268 1758 ὕπὸ
1306 1703 1399 1757 τοῦ
1436 1704 1731 1776 εἰρημένου

146 1795 448 1847 όσιωτάτου
474 1795 748 1848 Μοδέστου
780 1795 1118 1860 ἐπανελθεῖν,
1152 1797 1247 1850 καὶ
1281 1796 1501 1866 οἰκῆσαι
1532 1797 1612 1859 εἰς
1638 1794 1729 1849 τὸν

147 1886 317 1939 τόπον
358 1887 901 1965 ήμῶνηΠεισθέντες
945 1884 1036 1942 οῦν
1064 1891 1128 1959 τῇ
1164 1889 1341 1960 ἀγαθῇ
1385 1887 1551 1941 αὑτοῦ
1594 1905 1733 1958 συμ-

150 1977 364 2048 ϐουλίᾳ,
400 1979 450 2031 οἱ
486 1979 585 2048 μὲν
630 1981 975 2051 παραχρῆμα
1006 1980 1421 2051 ἐπανήλθομεν,
1456 1982 1551 2034 καὶ
1583 1980 1732 2052 οἰκή-

152 2086 328 2139 σαμεν
356 2070 436 2132 είς
466 2071 564 2142 τὴν
607 2070 846 2142 Λαῦραν,
880 2073 1022 2135 τινὲς
1068 2073 1124 2125 δὲ
1167 2071 1260 2125 καὶ
1293 2073 1490 2143 μικρὸν
1525 2071 1730 2143 βραδύ-

148 2176 312 2230 τερον
341 2159 493 2230 φόϐῳ
514 2160 621 2213 τῶν
649 2161 1009 2229 γειτνιώντων
1038 2163 1170 2233 ἡμῖν
1199 2161 1552 2233 Σαρακηνῶν,
1587 2162 1733 2226 τινὲς

150 2250 211 2303 δὲ
254 2252 348 2304 καὶ
381 2252 438 2305 έν
475 2250 627 2322 αὐτῷ
667 2251 746 2322 τῷ
791 2254 1140 2325 μοναστηρίῳ
1186 2253 1568 2325 ἀπεμείναμεν
1612 2253 1733 2324 ἅμα
1784 2249 1797 2260 ⁸

164 2342 442 2414 Ἰουστίνῳ
485 2344 563 2414 τῷ
588 2345 871 2416 ὁσιωτάτῳ
906 2344 1086 2399 αὐτῶν
1120 2346 1427 2418 ἡγουμένῳ,
1451 2346 1733 2413 ἀποταξα-

156 2434 306 2503 μένῳ
352 2435 410 2487 ὲν
437 2438 502 2506 τῇ
535 2435 728 2507 Λαύρᾳ
753 2476 766 2501 ,
797 2438 892 2490 καὶ
924 2437 1212 2499 πλείστους
1239 2439 1467 2509 χρόνους
1505 2440 1563 2493 ὲν
1596 2440 1733 2511 αὐτῇ

154 2526 630 2595 πεποιηκότακαὶ
659 2531 718 2582 ὲν
749 2529 968 2593 πολλαῖς
998 2531 1224 2600 ἀρεταῖς
1261 2529 1638 2602 διαπρέψαντι,
1659 2531 1735 2594 ὥς

153 2616 252 2670 καὶ
309 2618 374 2687 τῇ
431 2615 523 2669 τοῦ
583 2617 957 2688 πρεσϐυτέρου
1012 2619 1142 2692 ἀξίᾳ
1197 2619 1361 2674 αὐτὸν
1411 2618 1731 2690 τιμηθῆναι.

154 2707 349 2772 Ὅστις
378 2707 803 2773 θεοσεϐέστατος
834 2711 1120 2775 Ἴουστῖνος
1159 2710 1360 2782 πολλὴν
1395 2712 1641 2766 συνοδίαν
1676 2713 1735 2765 ὲν

154 2798 235 2870 τῷ
272 2798 420 2870 αὑτῷ
453 2802 800 2874 μοναστηρίῳ
827 2806 892 2876 τῇ
926 2803 1020 2857 τοῦ
1057 2804 1299 2877 Χριστοῦ
1348 2806 1533 2875 χάριτι
1575 2822 1735 2872 περι·
1770 2814 1777 2820 ’

156 2890 455 2955 εποιήσατο
503 2893 722 2964 κρατῶν
771 2892 865 2948 τὸν
896 2895 1094 2949 κανόνα
1145 2895 1580 2966 ἀπαραλλάκτως
1635 2897 1736 2965 τῆς

157 2982 276 3036 Λαύ
287 3000 384 3052 ρας
400 2985 495 3037 καὶ
523 2984 622 3057 τὴν
646 2986 839 3059 λοιπήν
868 2990 1224 3054 κατάστασιν,
1250 2990 1345 3043 καὶ
1375 2989 1476 3043 οὐκ
1494 2986 1560 3042 ἂν
1582 2984 1734 3059 εὖροι
1793 3000 1813 3015 "

1828 873 2003 928 causti
2025 874 2261 930 hostiam
2279 874 2301 906 ’⁵
2316 874 2530 945 accepit
2548 888 2664 938 eos,
2677 882 2735 927 et
2756 872 2812 927 in
2823 881 3071 943 tempore
3084 873 3415 929 visitationis

1829 965 2102 1035 ipsorum,
2141 966 2530 1037 Splendescent
2563 980 2628 1021 ac
2654 964 3008 1037 refulgebunt
3027 964 3072 1021 ³.
3109 984 3128 1018 ›
3174 965 3244 1020 Ει
3294 965 3413 1022 haec

1830 1057 1899 1113 de
1930 1059 2136 1113 sanctis
2173 1059 2283 1114 illis
2327 1073 2455 1114 cum
2491 1057 2884 1114 edisseruisset
2910 1099 2926 1124 ,
2959 1073 3413 1126 unumquemque

1829 1158 2080 1205 nostrum
2112 1149 2394 1204 adhortari
2427 1148 2599 1218 coepit
2622 1164 2692 1203 ne
2723 1165 2835 1219 quo
2865 1147 3419 1219 emigraremus,.loci

1831 1241 1983 1297 illius
2008 1241 2185 1296 nostri
2215 1241 2530 1297 desertores
2555 1259 2568 1295 :
2603 1242 2928 1313 magisvcro
2956 1257 3052 1301 eas
3076 1258 3201 1312 quae
3230 1240 3415 1296 immi-
3446 1279 3452 1285 ι

1830 1334 2040 1389 nebant
2071 1332 2406 1388 tentationes
2455 1349 2724 1407 generoso
2759 1345 2981 1404 pectore
3013 1333 3412 1405 perferremus.

1831 1425 2133 1481 Dominicae
2173 1424 2325 1480 illius
2377 1440 2652 1484 memores
2691 1426 3032 1493 sententiae:
3086 1445 3105 1477 ι
3133 1424 3272 1492 Quia
3311 1442 3411 1480 an-

1832 1527 1990 1589 gusta
2037 1524 2122 1573 est
2168 1524 2328 1587 porta
2353 1558 2368 1584 ,
2416 1525 2473 1572 et
2520 1528 2673 1573 arcta
2712 1517 2801 1573 via
2826 1519 2847 1550 ⁶
2878 1533 3001 1589 quae
3042 1517 3199 1572 ducit
3227 1517 3295 1572 ad
3329 1517 3424 1571 vi-v

1837 1613 2013 1678 tarn";
2043 1630 2061 1662 ›
2095 1609 2191 1664 sed
2208 1619 2264 1665 et
2290 1608 2537 1679 Apostoli
2564 1609 2801 1664 dicentis
2826 1629 2839 1663 :
2882 1629 2900 1661 ι
2929 1608 3067 1676 Quia
3097 1624 3195 1678 per
3214 1608 3417 1664 multas

1836 1702 2226 1758 tribulationes
2244 1710 2462 1772 oportet
2488 1718 2590 1757 nos
2619 1704 2851 1757 introire
2872 1702 2929 1757 in
2955 1718 3185 1773 regnum
3208 1692 3407 1757 Πομ.»

1837 1795 2012 1866 Hujus
2028 1794 2212 1864 itaque
2241 1793 2604 1849 admonitioni
2632 1795 2806 1849 visum
2828 1804 2913 1849 est
2938 1810 3131 1865 gerere
3168 1809 3377 1848 morem
3398 1815 3424 1859 ,η

1837 1903 2014 1958 eoque
2058 1887 2115 1941 in
2167 1887 2324 1942 laura
2382 1886 2521 1942 duos
2573 1902 2745 1957 prope
2810 1902 3030 1942 menses
3092 1886 3415 1941 mansimus.

1788 1996 1792 2002 ·
1838 1980 2084 2035 Rumore
2112 1979 2260 2034 enim
2298 1995 2493 2034 rursus
2540 1978 2793 2034 exterriti
2845 1993 3003 2033 novae
3051 1978 3434 2033 Barbarorum

1838 2072 2199 2133 excursionis,
2226 2071 2554 2147 suﬂ‘ugimus
2594 2071 2649 2126 in
2682 2071 3079 2127 monasterium
3109 2078 3313 2125 sanctae
3337 2069 3419 2124 ci-

1838 2165 1998 2222 vitati
2029 2165 2400 2235 propinquum
2425 2206 2440 2231 ,
2473 2165 2621 2236 quod
2647 2164 2872 2236 quidem
2907 2164 2977 2219 ab
3001 2180 3067 2219 ea
3100 2164 3421 2233 disparatur

1840 2258 2035 2315 stadiis
2060 2257 2175 2313 fere
2198 2257 2433 2329 viginti,
2469 2259 2560 2314 cui
2598 2273 2803 2319 nomen
2840 2256 3056 2312 abbatis
3088 2256 3369 2335 Anastasii
3398 2272 3445 2311 :-

1839 2353 1936 2408 ubi
1959 2353 2235 2407 neminem
2281 2367 2508 2422 prorsus
2536 2361 2652 2406 tum
2684 2351 2791 2406 loci
2820 2349 3059 2407 incolam
3088 2347 3443 2417 invenimus?

1843 2444 1951 2500 Sed
1978 2454 2036 2500 et
2065 2443 2271 2500 ibidem
2299 2444 2428 2509 loci,
2470 2442 2613 2498 duos
2640 2442 2778 2497 alios
2797 2457 2969 2512 prope
2990 2456 3116 2496 cum
3148 2432 3430 2499 demorati-

1842 2549 2091 2590 essemus
2120 2549 2341 2590 menses
2366 2572 2381 2598 ,
2414 2548 2635 2589 rursum
2663 2532 2932 2588 admoniti
2966 2546 3158 2587 sumus
3191 2530 3423 2585 sanctis-

1844 2626 1968 2681 simi
2001 2626 2257 2697 superius
2287 2626 2420 2682 dicti
2451 2625 2683 2681 Modesti
2709 2623 3095 2679 adhortatione
3115 2664 3129 2688 ,
3172 2630 3233 2677 ut
3274 2629 3449 2691 post»

1842 2718 2059 2772 liminio
2085 2718 2297 2773 reversi
2332 2716 2387 2772 in
2414 2717 2644 2789 proprio
2679 2717 3060 2771 habitaremus
3087 2716 3231 2770 loco.
3261 2714 3449 2769 Tanti-

1844 2807 2030 2878 itaque
2077 2806 2258 2862 Patris
2291 2808 2471 2878 probo
2515 2822 2579 2862 ac
2611 2805 2838 2865 salutari
2862 2805 3115 2861 consilio
3147 2806 3420 2875 persuasi,

1844 2908 1902 2955 et
1930 2900 2155 2971 quidem
2176 2900 2430 2955 nonnulli
2451 2915 2482 2955 e
2500 2899 2736 2970 vestigio
2769 2898 2824 2953 in
2853 2897 3133 2953 Laurense
3146 2897 3451 2952 concessi-4

1844 3009 1971 3050 mus
1994 2992 2390 3050 monasterium
2426 2992 2633 3049 ibidem
2671 2992 2777 3046 loci
2805 2989 3113 3047 habitaturi
3143 3006 3158 3056 ;
3200 2988 3439 3059 quidam:

156 3091 243 3137 τις
275 3076 335 3128 ὲν
375 3075 471 3148 ὅλῃ
507 3078 821 3154 Παλαστίνῃ
851 3082 885 3154 ἢ
934 3083 992 3135 ὲν
1027 3081 1173 3153 ἄλλῳ
1202 3081 1453 3151 κοινοϐίῳ
1478 3081 1737 3150 τοιαύτην

1843 3095 2026 3141 autem
2045 3087 2420 3159 remigrarunt
2435 3085 2719 3156 aliquanto
2758 3085 2939 3149 serius
2964 3082 3197 3143 lau‘ram,
3226 3080 3426 3134 timore

158 3170 541 3239 πνευματικὴν
564 3171 921 3228 κατάστασιν.
961 3173 1140 3227 Ἀνθεῖ
1169 3173 1226 3227 δὲ
1251 3174 1345 3228 καὶ
1370 3173 1592 3240 αὐξάνει
1615 3171 1739 3227 καθ’

160 3257 441 3329 ἑκάστην
490 3261 584 3315 καὶ
627 3262 939 3334 προϐαίνων
999 3265 1144 3319 κατά
1185 3269 1276 3320 τὸν
1340 3266 1528 3320 ’ῐσαάκ
1566 3266 1743 3337 μέγας

159 3346 396 3416 γίνεται,
434 3348 510 3414 ὡς
544 3352 609 3405 ὲκ
634 3352 825 3406 τούτου
863 3354 1078 3425 χαίρειν
1123 3357 1276 3424 ἡμᾶς
1308 3354 1744 3425 στοχαζομένους

162 3440 368 3505 καλῶς,
400 3442 484 3496 ὅτι
524 3444 582 3497 ὲν
613 3444 765 3518 πάσῃ
795 3445 951 3521 χώρᾳ
999 3445 1294 3516 διαλάμπει
1333 3448 1637 3517 φωστήρων
1667 3432 1745 3500 δί-

163 3548 269 3602 κην
297 3534 357 3585 τὸ
392 3534 611 3605 σπέρμα
644 3536 738 3589 τοῦ
767 3538 921 3604 ἁγίου
941 3537 1156 3608 Πατρδς
1187 3536 1345 3608 ήμῶν
1367 3537 1745 3607 Σάϐα.⁹Ημεῖς

163 3624 220 3678 δὲ
252 3625 299 3677 oi
332 3627 581 3680 ταπεινοὶ
631 3630 694 3698 τῇ
730 3627 824 3681 τοῦ
860 3627 997 3681 Θεοῦ
1051 3629 1237 3699 χάριτι
1282 3630 1377 3684 καὶ
1422 3628 1624 3700 σπουδῇ
1650 3628 1744 3682 τοῦ

164 3719 567 3788 προειρημένου
611 3720 907 3773 ὁσιωτάτου
937 3721 1215 3774 Μοδέστου
1264 3723 1323 3774 ὲν
1358 3720 1560 3793 ἠσυχίᾳ
1613 3721 1746 3776 καθα

165 3808 348 3880 ήμεθα
380 3810 520 3881 ὑπὲρ
549 3811 618 3865 τά
636 3811 826 3883 πρώην
859 3812 975 3883 ἔτη,
998 3813 1452 3883 εὐχαριστοῦντες
1475 3814 1568 3867 καὶ
1590 3812 1746 3880 δοξά-

166 3902 350 3967 ζοντες
399 3900 490 3955 τὸν
538 3901 670 3955 Θεὸν
701 3902 793 3956 τὸν
843 3903 1178 3960 θανατοῦντα
1220 3907 1315 3961 καὶ
1354 3904 1744 3972 ζωοποιοῦντα,

166 3996 263 4050 καὶ¹
292 3994 550 4049 ποιοῦντα
569 3996 847 4066 θαυμάσια
867 3998 1081 4068 μεγάλα
1101 3999 1280 4069 μόνον.
1300 3997 1741 4069 Ἐσπλαγχνίσθη

168 4088 281 4158 γάρ
297 4089 376 4150 είς
392 4089 542 4159 ἡμᾶς
570 4090 604 4159 ή
622 4088 788 4142 αὑτοῦ
813 4087 1211 4160 ἀγαθότης,καὶ
1229 4092 1310 4155 είς
1335 4090 1619 4162 προκοπὴν
1650 4107 1749 4163 με-

169 4181 340 4253 γάλην
370 4182 568 4254 ήνεγκε
590 4183 683 4237 τὸν
716 4184 879 4237 τόπον
922 4184 1104 4254 ήμῶν,
1135 4185 1260 4238 ὅσον
1298 4184 1435 4258 πρὸς
1464 4185 1594 4247 τοὺς
1623 4198 1749 4238 και-

171 4274 320 4344 ροὺς,
349 4274 436 4327 διὰ
452 4276 579 4338 τοὺς
602 4274 1103 4343 προδουλεύσαντας
1128 4276 1278 4348 αὑτῷ
1306 4278 1542 4349 γνησίως
1566 4280 1624 4332 ὲν
1650 4278 1747 4332 αὐ-

1844 3178 2095 3235 exterriti
2142 3179 2322 3250 gentis
2379 3176 2718 3234 Saracenicae
2765 3175 2913 3230 haud
2946 3174 3137 3245 procul
3172 3172 3453 3227 habitans.

1845 3250 1950 3337 tis;
1982 3270 2076 3325 alii
2108 3263 2299 3327 contra
2330 3271 2388 3325 in
2433 3260 2628 3326 eodem
2658 3283 3013 3339 permansere
3041 3263 3383 3320 monasterio
3409 3304 3425 3325 ,

1846 3379 1957 3419 una
1991 3379 2116 3419 cum
2159 3362 2512 3418 sanctissimo
2543 3377 2645 3417 suo
2674 3359 2907 3431 praeside
2936 3359 3157 3416 Iustino
3188 3397 3203 3423 ,
3240 3357 3333 3428 qui
3371 3357 3428 3411 in

1845 3456 2001 3511 laura
2021 3456 2373 3510 renuntiarat
2406 3454 2614 3509 mundo
2651 3455 2805 3519 huic,
2844 3468 2955 3523 quo
2984 3450 3091 3507 loci
3123 3451 3451 3521 plurimum-

1846 3552 2107 3615 exegerat
2133 3542 2400 3613 temporis
2426 3583 2441 3608 ,
2470 3558 2533 3598 ac
2559 3550 2713 3597 tanto
2755 3542 3051 3612 splendore
3094 3541 3432 3615 inciaruerat

1847 3636 2143 3703 virtutum,
2169 3645 2231 3691 ut
2259 3635 2528 3707 dignitate
2560 3634 2892 3706 presbyterii
2923 3633 3273 3689 cohonestari
3301 3647 3429 3703 pro-
3502 3666 3505 3667 ν

1848 3725 2133 3779 meruerit.
2169 3725 2423 3780 Justinus
2456 3724 2568 3787 hic,
2606 3724 2703 3778 Dei
2728 3738 2857 3777 cum
2887 3724 2959 3778 sit
2982 3724 3435 3795 sapientissimus

1848 3817 2051 3882 cultor,
2110 3817 2167 3871 in
2202 3816 2309 3895 illo
2366 3831 2469 3870 suo
2518 3814 2897 3880 monasterio,
2948 3814 3122 3885 gratia
3174 3812 3432 3883 praeduce

1847 3910 2077 3975 Christi,
2108 3924 2461 3965 numerosam
2490 3906 2785 3962 admodum
2815 3906 3215 3961 confluentium
3236 3921 3302 3960 eo
3324 3905 3433 3959 loci

1850 4000 2045 4056 ascivit
2074 4000 2580 4072 congregationem,
2613 3999 2695 4056 sic
2722 4006 2886 4055 tenax
2920 4008 2980 4055 et
3005 3998 3309 4053 observans
3343 4013 3435 4052 ca—

1848 4090 2015 4145 nonis
2054 4104 2120 4145 ac
2145 4097 2470 4145 caeterarum
2496 4089 2959 4146 constitutionum
2995 4088 3285 4143 Laurentii
3319 4103 3433 4143 cm-

1848 4181 2027 4248 nobii,
2065 4189 2125 4237 ut
2148 4183 2216 4237 ab
2240 4182 2329 4247 bis
2354 4182 2615 4239 neutrobi
2650 4181 2866 4238 evariet
2905 4181 2991 4237 sui
3012 4195 3253 4251 semper
3282 4179 3436 4236 simi-

1850 4274 1941 4339 lis,
1976 4254 2116 4329 adeo
2147 4282 2210 4328 ut
2237 4289 2349 4329 non
2382 4273 2543 4329 facile
2571 4273 2698 4344 quis
2730 4273 2950 4344 uspiam
3000 4272 3248 4329 inveniat
3290 4272 3437 4326 inter

170 4362 248 4432 τῷ
278 4362 471 4431 ἀγίους
513 4362 735 4427 δούλους
768 4362 958 4416 αὐτοῦ.
1001 4363 1326 4435 Ἐχαρίσατο
1367 4363 1422 4417 δὲ
1463 4365 1595 4434 ἡμῖν
1632 4363 1740 4416 Πα-

1853 4366 1980 4420 vita:
2034 4365 2347 4420 communis
2377 4366 2398 4397 °
2432 4363 2779 4435 professores
2825 4362 2921 4434 qui
2971 4362 3056 4418 sic
3104 4370 3327 4427 tueatur
3372 4376 3439 4416 ac

170 4429 306 4519 τέρα
330 4429 449 4505 καὶ
480 4452 715 4523 ποιμένα
762 4454 795 4524 ή
821 4452 986 4507 αὐτοῦ
1014 4429 1286 4526 ἀγαθότης
1304 4497 1319 4521 ,
1346 4429 1617 4523 ἄξιονντῆς
1647 4453 1740 4508 αύ-

1852 4464 2036 4514 servet
2089 4455 2371 4512 mordicus
2424 4453 2774 4526 spiritualem
2814 4453 3039 4510 vivendi
3070 4452 3433 4509 sanctionem.

172 4538 265 4591 τοῦ
284 4539 563 4610 προνοίας,
607 4540 808 4610 Θωμᾶν
830 4541 923 4595 τὸν
954 4541 1269 4609 ὁσιώτατον,
1287 4542 1590 4610 γνωστικόν
1615 4543 1745 4598 ὄντα

174 4631 268 4684 καὶ
310 4631 589 4696 παντοίαις
638 4633 861 4702 ἀρεταῖς
911 4636 1496 4707 κατακεκοσμημένον,
1544 4635 1636 4689 τὸν
1684 4636 1749 4688 ὲκ

171 4725 370 4794 νεαρᾶς
388 4725 832 4796 ήλικίαςήσύχιον
853 4727 1174 4798 ἀσκήσαντα
1199 4728 1333 4798 βίον·
1354 4728 1443 4783 τὸν
1461 4730 1636 4800 πρᾶον
1659 4728 1752 4783 καὶ

174 4818 491 4887 φιλάδελφον
522 4819 616 4873 καὶ
642 4820 1111 4889 συμπαθέστατον,
1136 4821 1226 4875 τὸν
1246 4821 1497 4876 ταπεινὸν
1523 4824 1587 4893 τῇ
1617 4839 1755 4893 καρ-

171 4908 281 4981 δίᾳ,
317 4909 409 4961 τὸν
439 4910 568 4979 περὶ
592 4911 693 4977 τὴν
719 4910 886 4982 εὐχὴν
914 4913 1010 4966 καὶ
1048 4913 1249 4967 κανόνα
1272 4914 1628 4984 θερμότατον.
1659 4913 1752 4967 Διὸ

173 5001 269 5055 καὶ
304 5003 332 5054 ό
356 5001 489 5065 Θεδς
520 5003 610 5054 ὲπὶ
648 5003 746 5072 τῆς
775 5003 1081 5074 ἡγητηρίας
1110 5003 1279 5059 αὑτοῦ
1309 5008 1390 5069 είς
1432 5004 1749 5075 πλατυσμόν

172 5094 370 5162 ἤνεγκε
395 5094 521 5156 τοὺς
546 5077 711 5147 αὐτοῦ
735 5096 1014 5164 φοιτητὰς.
1031 5097 1091 5151 ’0
1121 5096 1176 5149 δὲ
1203 5097 1437 5169 ἀριθμὸς
1466 5098 1573 5151 τῶν
1600 5099 1753 5152 ἀναι-

181 5183 444 5251 ρεθέντων
466 5185 732 5253 Πατέρων
788 5188 938 5241 ἐστὶν
992 5187 1279 5259 ὀνομάτων
1338 5171 1750 5260 τεσσαράκοντα

172 5271 475 5342 τεσσάρων.
548 5274 909 5329 Ἐπιτελεῖται
958 5276 1017 5330 δὲ
1071 5279 1103 5348 ἡ
1160 5280 1347 5350 μνήμη
1386 5278 1571 5332 αὐτῶν
1625 5280 1756 5350 μηνὶ

171 5364 340 5431 Μαΐῳ
404 5366 890 5439 πεντεκαιδεκάτῃ.
968 5368 1165 5438 Χάριτι
1241 5369 1298 5422 δὲ
1365 5367 1602 5438 Χριστοῦ
1659 5369 1754 5422 καὶ

177 5455 385 5527 σπουδῇ
417 5455 515 5510 τοῦ
570 5457 962 5529 προλεχθέντος
993 5458 1292 5513 όσιωτάτου
1320 5457 1538 5530 Πατρὸς
1590 5459 1754 5530 ἡμῶν

1853 4548 2040 4604 Floret
2068 4546 2137 4612 is,
2173 4555 2231 4603 et
2269 4542 2596 4618 quotidiana
2639 4546 2909 4601 virtutum
2940 4544 3261 4600 accessione
3313 4559 3439 4599 suc.

1856 4641 2081 4704 crescit,
2115 4638 2286 4710 ﬁtque
2310 4654 2539 4710 magnus
2574 4637 2840 4709 temporis
2874 4653 3195 4709 progressu,
3240 4644 3301 4691 ut
3342 4636 3439 4707 ille

1859 4733 1989 4788 olim
2017 4731 2256 4787 eximius
2274 4732 2469 4786 Isaac:
2508 4728 2584 4784 ita
2627 4738 2689 4785 ut
2736 4738 2793 4784 et
2838 4744 2941 4784 nos
2995 4728 3214 4798 quoties
3263 4726 3437 4782 aciem

1861 4821 2063 4876 mentis
2089 4821 2144 4875 in
2171 4821 2323 4876 hunc
2345 4836 2511 4876 unum
2534 4820 2780 4890 pressius
2799 4818 3162 4883 intendimus,
3190 4832 3254 4871 ac
3269 4816 3439 4871 veluti

1860 4912 1929 4968 ad
1951 4927 2181 4982 scopum
2220 4918 2368 4966 recta
2400 4911 2767 4966 collineamus
2794 4951 2808 4976 ,
2842 4908 3162 4965 incredibili
3208 4907 3439 4978 perfun-

1859 5002 2057 5057 damur
2083 5002 2308 5074 gaudio.
2336 5002 2397 5057 In
2417 5003 2570 5057 omni
2597 5002 2806 5057 circum
2827 5003 3071 5073 regione,
3101 5000 3239 5056 tanti
3264 4999 3467 5055 Patris.

1859 5093 2154 5151 celebritas
2198 5094 2375 5151 instar
2426 5094 2714 5164 prmlucidi
2756 5093 3050 5148 luminaris
3101 5092 3461 5155 intermicat,-

1860 5187 2325 5259 splendoremque
2355 5202 2518 5242 suum
2566 5186 2893 5257 eiaculatur.
2959 5185 3177 5241 Semen.
3217 5192 3301 5238 est
3349 5182 3440 5238 hic

1833 5280 2036 5337 .sancti
2052 5280 2238 5335 Patris
2265 5280 2442 5335 nostri
2497 5278 2677 5334 Sabaz.
2709 5279 2824 5333 Nos
2854 5278 3084 5347 proinde
3122 5276 3362 5332 humiles
3384 5285 3458 5334 et.

1860 5370 2084 5442 abiecti,
2119 5370 2288 5442 gratia
2316 5370 2560 5440 primum
2588 5370 2708 5434 Dei,
2745 5369 2946 5424 deinde
2971 5367 3115 5425 seria
3144 5366 3439 5424 admodum

1859 5472 1915 5519 et
1935 5472 2193 5518 accurata
2224 5462 2505 5534 diligentia
2531 5461 2936 5532 praememorati
2969 5459 3302 5517 sanctissimi
3325 5458 3447 5514 Mo-

253 5635 278 5715 ξ
317 5632 422 5715 lsa.
451 5649 575 5699 Lvu,
610 5633 683 5715 i_._
737 5634 758 5667 ⁸
787 5635 880 5715 9r:
909 5637 1060 5706 quasi
1107 5636 1373 5715 integrant
1408 5635 1740 5715 Αοὺίαεξοηρηι

1843 5640 1993 5696 istim.
2068 5639 2482 5711 “Saeuus-6.
2561 5639 2676 5696 ‘Gr
2730 5639 2818 5694 l’iu
2869 5640 3229 5713 aﬂiictiouibus
3268 5648 3443 5715 septa.

184 5703 422 5762 ‘Matth.
470 5722 576 5773 vn,
626 5707 708 5762 14.
786 5708 807 5741 ⁸
851 5703 970 5763 Act.
1024 5722 1135 5776 xxv,
1186 5703 1276 5763 21.
1352 5707 1777 5765 ’Cmnobiticac.
