4054 6312
544 232 680 300 H27

1787 322 1795 330 ,
1821 255 2190 320 ANTIOCHI
2228 259 2573 346 nomen:

3683 267 3834 334 1428

537 353 704 418 «testi,
738 354 1113 415 sedentariam
1159 360 1306 419 hanc
1355 363 1626 436 exigimus
1657 367 1826 422 vitam
1887 370 1944 424 in
1989 369 2118 426 libe-

2230 373 2507 433 Μοδέστου
2539 377 2816 434 οἰκοῦνται
2847 381 2942 439 καὶ
2968 381 3036 435 τὰ
3067 381 3229 435 λοιπὰ
3255 382 3353 452 τῆς
3388 382 3606 454 ἐρήμου
3648 399 3830 454 μονα-

535 447 679 502 riore
709 457 767 502 et
801 452 1190 522 tranquilliore
1225 455 1495 538 otiati-pre
1527 459 1613 513 his
1651 461 1956 518 etiamnum
1999 482 2123 536 quae

532 539 702 608 paulo
737 542 1021 613 contigere
1050 545 1244 615 prius,
1284 533 1509 622 1525.
1536 553 1790 609 actiones
1815 533 2120 626 gratiarum

531 633 936 699 persolventes,
963 642 1020 690 et
1043 635 1416 706 glorificantes
1435 637 1604 695 Deum
1631 630 1805 712 quiet
1826 647 2120 704 mortificat

531 729 587 774 et
616 722 858 778 vivificat
893 743 905 777 ε
936 725 1144 796 quique
1175 729 1449 784 mirabilia
1487 749 1682 804 magna
1711 735 1840 790 facit
1865 747 1921 793 et
1944 739 2124 796 solus.

529 812 710 882 Ipsius
761 815 908 870 enim
956 817 1270 890 benignitas
1297 863 1311 887 ,
1349 838 1461 878 suae
1503 839 1640 896 erga
1687 843 1790 883 nos
1827 829 2119 900 adaperuit

528 903 744 960 viscera
775 907 1188 975 misericordia,
1216 911 1510 984 locumque
1546 915 1694 972 hunc
1734 911 1986 974 nostrum
2005 937 2117 978 non

528 993 800 1051 mediocri
822 996 1013 1054 favore
1049 1015 1112 1056 ac
1139 1005 1488 1072 promotione
1525 1009 1724 1065 extulit
1777 1027 1942 1080 quam
1979 1013 2114 1068 hac-

530 1095 696 1142 tenus
743 1089 1192 1160 magniﬁcentius
1231 1096 1430 1150 multo.
1461 1089 1762 1156 ‘Cagterum
1818 1101 1871 1156 id
1926 1103 2116 1174 gratia:

528 1177 692 1234 nobis
712 1194 836 1236 esse
859 1181 1144 1238 indultum
1173 1186 1508 1243 crediderim
1549 1205 1660 1260 per.
1688 1193 1936 1262 priorum
1987 1202 2114 1250 San-

527 1277 748 1326 ctorum
783 1273 1003 1338 merita,
1033 1277 1130 1346 qui
1153 1277 1244 1357 hic
1265 1279 1518 1348 Domino,
1552 1284 1857 1342 sinceriore
1886 1288 2110 1357 aﬂectu,

527 1365 905 1420 venerabilem
937 1353 1253 1425 exhibuere
1272 1372 1449 1429 latriaa,
1480 1375 1716 1431 cultum.
1758 1377 1864 1433 Sed
1893 1390 1949 1436 et
1975 1353 2110 1438 illud

527 1453 691 1508 nobis
711 1455 956 1526 gratuito
990 1456 1226 1515 indulsit
1247 1477 1448 1518 munus
1474 1480 1570 1520 sua
1604 1467 1778 1522 solius
1807 1470 2109 1538 providen-

527 1546 601 1600 tia
627 1545 878 1628 dignum,
913 1551 1094 1607 modis
1118 1555 1382 1610 omnibus
1403 1557 1780 1614 venerabilem
1819 1560 2108 1631 Thomam,

527 1637 708 1691 virum
733 1622 892 1710 longe
923 1641 1362 1698 eruditissimum
1394 1686 1409 1710 ,
1442 1647 1802 1718 omniumque
1839 1651 2108 1708 virtutum

2227 467 2445 538 στήρια.
2477 467 2606 522 Ἰδοὺ
2634 465 2749 534 οὖν,
2777 470 2926 541 τίμιε
2950 473 3128 544 πάτερ
3153 473 3446 539 Εύστὰθιε,
3469 476 3530 526 ὲν
3546 475 3826 542 συντόμῳ

2221 556 2257 612 ἃ
2287 561 2417 630 περὶ
2453 560 2565 638 τῷν
2587 562 2756 631 ἁγίων
2783 563 2940 636 ἡμῶν
2966 566 3061 618 καὶ
3088 567 3186 636 τῆς
3211 567 3435 637 Λαύρας
3461 568 3720 636 ἐσήμανα
3744 569 3818 638 τῇ

2221 646 2466 722 ὑμετέρᾳ
2496 651 2790 724 θεοφιλείᾳ,
2835 655 2930 708 καὶ
2954 654 3090 710 ἄλλα
3129 655 3185 709 δὲ
3220 656 3523 724 εὐαγγέλια
3549 675 3819 728 χαροπω-

2220 739 2385 794 οῦντα
2411 743 2509 815 τὴν
2555 745 2826 817 ὑμετέραν
2858 746 3061 818 ψυχὴν,
3103 749 3198 802 καὶ
3228 749 3434 812 παντὸς
3466 749 3816 821 Χριστιαεωῦ

2221 831 2512 899 ἀκούοντος
2539 835 2697 901 αὐτὰ,
2739 837 3164 910 εὐαγγελίζομαι
3208 841 3360 910 ὑμῖν.
3407 840 3462 894 '0
3493 841 3606 912 γὰρ
3634 845 3814 912 προῤ-

2221 923 2412 996 ῥηθεὶς
2441 925 2734 992 ὁσιώτατος
2761 928 3039 994 Μόδεστος
3063 931 3124 984 οὐ
3165 931 3328 1001 μόνον
3347 934 3664 1000 προνοεῖται
3694 931 3814 986 τῶν

2215 1015 2312 1084 τῆς
2349 1017 2558 1086 ἐρήμου
2592 1019 2967 1090 μοναστηρίων
2993 1059 3008 1086 ,
3041 1019 3178 1076 ἀλλὰ
3208 1022 3305 1076 καὶ
3338 1025 3438 1092 τῆς
3467 1023 3684 1086 πόλεως
3707 1025 3811 1078 καὶ

2216 1105 2399 1176 πάσης
2431 1107 2532 1178 τῆς
2561 1109 2886 1179 περιοικίδος
2907 1129 2922 1143 θ
2952 1111 3050 1166 τοῦ
3079 1112 3219 1167 Θεοῦ
3255 1114 3611 1186 ἐνεργοῦντος
3652 1115 3810 1187 αὐτῷ

2213 1201 2272 1252 ὲν
2312 1199 2496 1254 παντί.
2530 1193 2698 1266 Οὗτος
2737 1201 2844 1274 γὰρ
2864 1203 2941 1268 ὥς
2969 1203 3186 1276 ἀληθῶς
3219 1207 3247 1259 ὁ
3273 1206 3394 1268 νέος
3424 1204 3585 1276 ἡμῶν
3635 1204 3807 1260 Βεσε-

2213 1289 2340 1362 λεὴλ
2374 1291 2406 1363 ἢ
2441 1293 2748 1366 Ζοροϐάϐελ
2797 1295 3062 1367 πλησθεὶς
3123 1297 3446 1368 Πνεύματος
3481 1299 3668 1365 ἁγίου,
3705 1301 3806 1352 ἆν-

2213 1387 2403 1456 ήγειρε
2436 1390 2678 1452 καὶτοὺς
2704 1389 3124 1460 ὲμπρησθέντας
3153 1390 3486 1460 σεϐασμίους
3517 1393 3680 1455 ναοὺς
3705 1391 3806 1446 τοῦ

2212 1460 2463 1552 Σωτῆρος
2513 1481 2672 1552 ἡμῶν
2717 1481 2892 1552 Ἰησοῦ
2945 1483 3206 1555 Χριστοῦ,
3247 1484 3309 1538 τό
3337 1501 3399 1538 τε
3442 1485 3604 1552 ἆγιον
3665 1501 3808 1554 κρα-

2211 1568 2342 1637 νίον,
2377 1571 2472 1624 καὶ
2499 1571 2598 1642 τὴν
2625 1571 2786 1640 ἁγίαν
2810 1573 2975 1627 αὑτοῦ
3014 1573 3334 1642 ἀνάστασιν,
3363 1576 3458 1628 καὶ
3483 1575 3575 1628 τὸν
3599 1575 3806 1629 σεπτὸν

2211 1643 2360 1712 οἶκόν
2401 1658 2495 1713 τοῦ
2529 1660 2712 1732 τιμίου
2751 1661 2988 1732 σταυροῦ
3013 1701 3028 1727 ,
3057 1663 3154 1716 καὶ
3177 1663 3278 1734 τὴν
3323 1664 3543 1736 μητέρα
3568 1665 3682 1718 τῶν
3711 1666 3804 1718 ὲκ-

525 1731 869 1785 ornamentis
901 1733 1273 1803 perpolitum;
1309 1735 1404 1805 qui
1431 1737 1500 1791 ab
1537 1737 1655 1807 ipsa
1692 1742 1905 1796 tenella:
1931 1745 2113 1800 aetatis

2221 1733 2478 1820 κλησιῶν,
2515 1723 2611 1807 καὶ
2648 1753 2747 1824 τὴν
2799 1723 2963 1824 ἁγίαν
3003 1723 3168 1808 αὐτοῦ
3195 1723 3484 1826 avdit-ntimo:
3535 1756 3638 1810 καὶ
3677 1757 3804 1821 τοὺς

525 1817 776 1886 infantia,
800 1822 969 1878 vitam
987 1815 1239 1880 exercuit
1266 1827 1469 1882 silentii
1501 1830 1872 1888 taciturnitate
1891 1837 2110 1906 requie-

527 1919 636 1966 tam
671 1922 728 1968 et
759 1916 1134 1986 tranquillam.
1165 1919 1262 1974 Vir
1301 1920 1392 1976 hic
1425 1922 1639 1978 eximia:
1667 1920 2130 1985 mansuetudinis.

525 2001 690 2058 laude
741 2005 894 2060 omni
937 2015 1026 2062 est
1077 2010 1444 2079 conspicuus,
1480 2027 1746 2084 perquam
1788 2016 2108 2076 humanus:

524 2094 724 2151 alienis
761 2097 924 2153 malis
981 2116 1145 2170 quam
1197 2102 1550 2159 condolescat
1606 2122 1674 2161 ex
1723 2109 1949 2176 animo,
2019 2113 2112 2168 vix

523 2185 783 2256 cuiquam
837 2190 1108 2248 credibile
1163 2193 1257 2248 sit.
1314 2196 1452 2252 Vere
1495 2197 1663 2253 corde
1724 2209 1808 2255 est
1857 2200 2107 2272 humilis,

523 2275 673 2332 circa
703 2279 1013 2336 orationem
1038 2292 1095 2337 et
1124 2299 1395 2340 canonem
1446 2287 1660 2344 ordinis
1698 2283 2060 2360 prmfervidus
2091 2313 2105 2350 :

522 2385 636 2440 quo
663 2372 916 2444 contigit,
941 2385 1002 2430 ut
1029 2376 1176 2432 Deus
1200 2377 1329 2444 (hoc
1359 2381 1616 2454 praeside)
1641 2382 1944 2454 discipulos
1981 2405 2110 2458 pro-

2216 1842 2438 1908 λοιποὺς
2479 1844 2810 1917 σεϐασμίους
2867 1837 3074 1912 οἴκους·
3117 1847 3194 1911 ὡς
3247 1850 3311 1902 ἐκ
3346 1848 3544 1902 τούτου
3585 1847 3804 1916 ἀγαθὰς

2216 1934 2439 1999 ἐλπίδας
2483 1935 2630 2008 ἔχειν
2681 1939 2832 2008 ἡμᾶς
2874 1938 2971 1993 καὶ
3015 1938 3147 2009 περὶ
3187 1938 3298 1993 τῶν
3339 1938 3670 2008 μελλόντων,
3704 1939 3800 1992 καὶ

2219 2025 2455 2096 μάλιστα
2491 2027 2619 2092 τοὺς
2665 2029 2774 2082 ἀπὸ
2821 2029 2930 2083 τῶν
2959 2029 3064 2097 ἔξω
3108 2031 3304 2102 χωρῶν
3341 2031 3680 2102 ἐρχομένους
3721 2033 3802 2095 εἰς

2217 2119 2589 2192 προσκύνησιν
2613 2119 2723 2176 τῶν
2759 2123 2932 2190 ἁγίων
2959 2123 3161 2188 τόπων,
3190 2125 3284 2179 καί
3312 2125 3525 2188 πάντας
3552 2124 3803 2190 δοξάζειν

2215 2212 2305 2266 τὸν
2347 2211 2502 2276 Θεὸν,
2549 2203 2594 2281 ᾧ
2626 2213 2828 2291 πρέπει
2861 2215 3012 2268 πᾶσα
3040 2214 3190 2282 δόξα,
3229 2213 3364 2287 τιμὴ
3409 2217 3508 2269 καὶ
3555 2216 3802 2287 τφοσκύ-

2216 2317 2373 2368 νησις
2411 2299 2509 2356 νῦν
2538 2300 2632 2356 καὶ
2677 2302 2765 2356 ἀεὶ
2795 2303 2888 2358 καὶ
2917 2305 2998 2368 εἰς
3023 2305 3152 2368 τοὺς
3179 2303 3384 2371 αἰῶνας
3411 2303 3525 2358 τῶν
3562 2304 3798 2359 αἰώνων.

2227 2393 2426 2464 Ἀμήν.

522 2461 738 2532 pagarit
769 2463 826 2517 in
865 2465 1098 2522 etl'usam
1149 2475 1206 2523 et
1259 2486 1612 2553 numerosam
1665 2478 2110 2548 amplitudinem.
2153 2461 2431 2544 Numerus
2457 2483 2693 2556 proinde
2753 2495 3072 2541 sanctorum
3138 2487 3400 2557 Patrum,
3427 2504 3572 2560 quos
3608 2497 3798 2562 tyran-

523 2553 646 2610 nica
679 2559 904 2614 suStulit
944 2560 1260 2632 impressio,
1296 2575 1382 2622 est
1421 2583 1562 2624 κων.
1617 2569 1826 2628 Horum
1899 2581 2168 2636 memoria
2207 2581 2351 2654 Maio
2387 2595 2577 2635 mense
2609 2578 2947 2645 celebratur,
2978 2579 3046 2635 15
3071 2580 3279 2636 mensis
3299 2581 3411 2637 die.
3443 2581 3644 2648 Gratia
3667 2583 3799 2638 item

521 2645 754 2713 Christi,
795 2652 893 2707 sed
917 2661 974 2708 et
999 2656 1192 2711 solerti
1219 2659 1516 2718 sedulitate
1550 2663 1828 2746 jam‘dicti‘
1884 2675 2186 2730 venerandi
2224 2645 2472 2746 apprime
2503 2671 2683 2728 Patris
2710 2671 2885 2727 nostri
2923 2671 3182 2740 Modesti,
3217 2681 3416 2730 cuncta
3438 2673 3498 2728 id
3537 2674 3800 2744 temporis

523 2734 849 2795 incoluntur
865 2743 1056 2800 eﬂ'usae
1082 2747 1240 2804 istius
1267 2752 1438 2804 eremi
1461 2740 1828 2813 monasteria:
1845 2760 1926 2818 En
1948 2762 2115 2834 igitur
2140 2807 2156 2832 ,
2195 2734 2358 2822 Pater
2419 2765 2557 2822 mibi
2616 2763 2950 2820 venerabilis
2987 2765 3278 2832 Eustathi,
3315 2781 3440 2836 qua:
3483 2766 3555 2821 de
3593 2767 3802 2822 sanctis

520 2829 638 2887 illis
691 2832 950 2890 Patribus
1003 2841 1272 2906 nostris,‘
1327 2843 1506 2914 deque
1555 2847 1827 2906 Laurensi
1885 2829 2152 2914 coenobio
2183 2869 2381 2916 vestrae
2423 2874 2554 2930 erga
2593 2859 2768 2914 Deum
2805 2857 3066 2912 charitati
3131 2856 3265 2912 duxi
3307 2857 3689 2924 insinuanda;
3741 2857 3802 2916 ei

525 2920 750 2990 quidem
787 2925 1014 2981 eoneiso
1061 2942 1126 2983 ac
1172 2931 1434 2999 perbrevi
1469 2949 1748 2992 sermone.
1795 2939 2124 3012 Supersunt-
2143 2948 2339 3002 nuntia
2395 2920 2607 3018 aliquot
2643 2961 2778 3002 sane
2811 2963 2979 3018 quam
3043 2948 3206 3016 lana,
3253 2963 3491 3022 quorum
3523 2949 3674 3005 fideli
3703 2963 3798 3004 re-

521 3016 660 3081 latu,
685 3027 742 3074 et
761 3030 944 3076 vestra
967 3029 1025 3078 et
1048 3024 1230 3079 omnis
1297 3027 1597 3085 sinceriter
1621 3030 1925 3090 Christiani
1993 3039 2181 3100 anima.
2217 3042 2418 3097 merito
2441 3016 2618 3112 possit
2644 3016 3074 3097 exhilarescere.
3097 3043 3225 3098 Haec
3259 3041 3428 3114 igitur
3447 3057 3516 3097 ex
3533 3049 3800 3112 promptu

527 3117 582 3164 et
618 3111 802 3169 alacer
829 3118 1102 3174 annuntio
1125 3119 1306 3174 vobis.
1336 3121 1618 3180 Modestus
1685 3127 1994 3186 sanctitatis
2059 3132 2278 3188 eximite
2345 3111 2558 3206 vir7(de
2589 3149 2700 3204 quo
2764 3150 2880 3190 non
2929 3135 3103 3192 semel
3151 3135 3387 3207 dictum)
3437 3153 3551 3192 non
3602 3151 3800 3192 eorum

527 3205 692 3261 modo
723 3210 1006 3278 providam
1038 3214 1182 3285 gerit
1222 3216 1412 3271 euram
1465 3219 1737 3276 sollicitus
1765 3263 1780 3288 ,
1832 3241 1956 3294 quae
2010 3223 2110 3298 per
2147 3228 2292 3285 hanc
2351 3205 2559 3285 vastam
2591 3245 2841 3285 eremum
2877 3230 3112 3301 sparsim
3143 3231 3373 3304 disjecta
3407 3238 3576 3295 sunt,
3603 3245 3802 3285 mona-

528 3297 866 3367 steriorum;
901 3303 999 3358 sed
1027 3311 1085 3359 et
1119 3305 1472 3363 moderandae
1500 3309 1633 3366 huic
1689 3313 1902 3370 civitati
1970 3297 2036 3374 ac
2096 3321 2372 3378 universae
2411 3321 2624 3375 circum
2678 3297 2926 3377 ﬁnitima;
2979 3321 3188 3392 regioni
3237 3322 3471 3377 solerter
3505 3319 3797 3392 prospicit,

531 3393 644 3450 Deo
693 3393 879 3452 eidem
921 3409 1254 3469 cooperante
1306 3401 1364 3458 in
1393 3405 1674 3462 omnibus.
1711 3408 1813 3466 Hic
1837 3411 1990 3467 enim
2043 3413 2112 3468 ad
2151 3414 2340 3470 vivum
2391 3415 2556 3472 nobis
2600 3415 2861 3485 exprimit
2887 3415 3184 3490 imaginem
3210 3415 3340 3471 novi
3365 3415 3802 3488 cujuspiamBe-

528 3489 755 3546 zeleelis
783 3500 880 3548 aut
908 3503 1061 3550 certe
1095 3488 1478 3556 Zorobabelis.
1514 3501 1704 3560 Gratia
1769 3509 1978 3564 etenim
2021 3510 2220 3581 plenus
2287 3510 2530 3582 Spiritus
2593 3510 2770 3567 sancti
2795 3551 2812 3577 ,
2879 3488 3084 3582 templa
3127 3509 3432 3568 Salvatoris
3457 3511 3638 3566 nostri
3666 3511 3799 3566 Jesu

527 3585 759 3654 Christi,
791 3605 916 3659 quae
955 3591 1180 3662 quidem
1214 3595 1504 3654 barbarico
1539 3600 1651 3670 igni
1679 3603 2110 3677 conﬂagrarunt,
2151 3607 2210 3662 in
2263 3606 2502 3662 sublime
2530 3606 2695 3678 erigit
2761 3606 2912 3662 omni
2946 3620 3180 3678 prorsus
3215 3604 3382 3676 digna
3412 3604 3794 3671 veneratione,

528 3692 662 3756 puta
693 3684 838 3742 aedes
863 3685 1078 3746 Sanctae
1100 3689 1364 3750 Calvariae
1422 3711 1486 3751 ac
1513 3695 1728 3754 Sancta:
1800 3700 2275 3770 Resurrectionis;
2327 3703 2553 3758 domum
2599 3702 2828 3772 insuper
2865 3701 3087 3773 dignam
3156 3699 3308 3755 omni
3375 3698 3590 3753 honore
3628 3712 3800 3753 vene-

527 3777 716 3836 randae
742 3779 956 3847 Crucis,
991 3799 1114 3868 qua:
1151 3796 1329 3843 mater
1349 3789 1724 3847 Ecclesiarum
1764 3803 1872 3850 est.
1923 3795 2032 3854 Sed
2099 3809 2155 3854 et
2189 3797 2406 3854 Sanctae
2435 3797 2844 3868 Assumptionis
2909 3796 3083 3852 aedem
3125 3810 3156 3850 a
3185 3793 3566 3850 fundamentis
3592 3792 3800 3849 exaedi-

529 3869 694 3939 lcat;
723 3871 862 3930 adeo
891 3883 951 3930 ut
977 3866 1076 3946 per
1105 3876 1223 3934 haec
1250 3879 1374 3936 laeta
1406 3882 1586 3951 initia,
1649 3885 1720 3942 de
1757 3885 1967 3944 futuris
2001 3905 2226 3962 quoque
2282 3905 2409 3962 spes
2463 3866 2833 3961 amplissimas
2899 3888 3275 3960 concipiamus
3305 3927 3321 3954 ,
3367 3886 3538 3957 idque
3589 3886 3678 3941 vel
3721 3885 3800 3941 ob

523 3982 628 4024 eos
658 3973 894 4026 maxime
925 3971 1021 4059 qui
1050 3973 1159 4029 huc
1190 3985 1486 4046 sperantur
1506 3983 1726 4038 venturi
1757 3983 1827 4038 ab
1855 3986 2101 4042 externis
2132 3987 2476 4059 regionibus,
2501 3994 2689 4042 sancta
2723 3985 2842 4040 haec
2873 3984 2995 4040 loca
3050 3991 3112 4039 ut
3165 3983 3438 4052 adorent,
3479 3991 3545 4038 ut
3603 3993 3802 4038 omnes

531 4061 590 4117 in
622 4077 915 4121 commune
965 4053 1340 4138 glorificemus
1392 4071 1588 4130 Deum.
1639 4073 1826 4146 Ipsum
1861 4076 2094 4134 addecet
2131 4053 2307 4151 gloria
2338 4079 2396 4134 in
2425 4053 2628 4135 saecula
2651 4078 3003 4142 saeculorum.
3027 4075 3222 4135 Amen.

695 4202 908 4274 1025
936 4203 994 4260 S.
1021 4205 1081 4260 P.
1106 4205 1174 4298 Ντ
1207 4205 1532 4266 ANTIOCHI
1562 4211 1986 4282 PROLOGUS,
2139 4199 2187 4258 (Ξ

603 4317 750 4373 Dixit
791 4318 848 4373 in
891 4316 1136 4375 Canticis
1185 4320 1444 4378 Salomon
1500 4340 1514 4378 :

2415 4213 2774 4270 ΑΝΤΙΟΧΟΥ
2809 4211 3152 4268 ΜΟΝΑΧΟΥ
3189 4212 3596 4272 ΠΡΟΘΕΩΡΙΔ.

2289 4327 2460 4398 Φησὶν
2489 4327 2546 4380 ὲν
2580 4329 2694 4390 τοῖς
2731 4325 3006 4397 ’ᾼσμασιν
3031 4326 3061 4379 ό
3105 4324 3270 4394 σοφὸς
3301 4325 3576 4397 Σολομὼν·
3615 4346 3635 4380 ι
3675 4328 3797 4394 Ἓξ.

2219 4416 2424 4494 ήκοντᾲ
2463 4417 2569 4470 εἰσι
2620 4413 2951 4486 βασίλισσαι,
2993 4415 3090 4468 καὶ
3127 4415 3462 4494 ὀγδοήκονταῇ
3499 4417 3796 4484 παλλακαὶ,

1574 4341 1592 4376 ι
1649 4324 1940 4398 Sexaginta
1989 4338 2118 4384 sunt

531 4411 756 4482 regium,
791 4420 848 4466 et
890 4412 1171 4484 octoginta
1218 4414 1560 4479 concubinae.
1597 4425 1655 4472 et
1691 4417 2120 4476 adolescentulae

531 4519 765 4576 quarum
794 4519 902 4559 non
929 4515 1015 4562 est
1035 4522 1302 4562 numerus
1334 4507 1402 4562 '°.
1436 4528 1453 4560 ι
1491 4509 1634 4566 Sane
1663 4525 1766 4566 nos
1791 4526 1893 4581 pro
1915 4511 2120 4568 virium

533 4595 781 4658 modulo,
815 4612 916 4666 per
955 4596 1122 4653 hasce
1161 4597 1443 4668 sexaginta
1485 4599 1704 4670 reginas
1748 4601 2050 4658 astruimus
2075 4604 2117 4636 “

533 4687 802 4744 insinuari
845 4689 1085 4745 selectos
1129 4697 1186 4744 et
1225 4689 1593 4755 auctoritatis,
1623 4700 1827 4762 praeter
1865 4700 2115 4762 caeteros,

535 4778 750 4834 eximiae
785 4778 960 4836 libros
996 4780 1054 4836 in
1092 4780 1290 4836 Vetere
1328 4780 1592 4850 Novoque
1631 4781 1988 4838 Testamento
2028 4801 2118 4840 re-

537 4871 812 4927 conditos.
841 4870 1134 4944 Octoginta
1162 4872 1502 4928 concubinas
1529 4887 1624 4928 eas
1653 4888 1774 4929 esse
1804 4873 2122 4946 Scripturas

537 4963 808 5036 intelligo,
827 4979 951 5035 qua:
973 4964 1028 5018 in
1052 4964 1300 5035 priorum
1327 4965 1556 5021 classem
1577 4965 1902 5044 neutiquam
1927 4983 2124 5028 accen-

537 5057 757 5113 turiataa
791 5065 942 5124 sunt,
971 5073 1036 5113 ac
1072 5057 1304 5128 proinde
1339 5057 1524 5113 minus
1556 5058 1956 5128 approbantur.
1981 5059 2123 5116 Hinc

537 5150 701 5208 dieue
728 5159 859 5207 sunt
886 5151 1240 5224 apocrypha,
1277 5152 1385 5206 hoc
1413 5157 1500 5206 est
1550 5151 1821 5216 obscurae,
1850 5165 1954 5206 nec
1987 5151 2123 5205 satis

537 5251 840 5314 compertae
880 5244 1246 5300 auctoritatis.
1279 5244 1599 5311 Παλλακαὶ,
1657 5243 1764 5298 hoc
1801 5251 1887 5299 est
1929 5260 2122 5298 concu-

540 5335 707 5400 binae,
741 5350 810 5390 eo
848 5337 1233 5401 nominantur,
1267 5335 1418 5407 quod
1463 5351 1590 5390 cum
1632 5335 1934 5407 illegitimae
1975 5336 2120 5402 sint,

2221 4510 2320 4564 καὶ
2365 4493 2604 4572 νεάνιδες
2650 4500 2726 4562 ὧν
2778 4507 2880 4562 οὐκ
2929 4506 3076 4562 ἐστιν
3114 4507 3372 4579 ἀριθμός.
3399 4527 3418 4560 ι
3459 4509 3656 4582 Ἦμείς
3701 4511 3798 4566 οὖν

2221 4600 2365 4654 κατὰ
2393 4600 2454 4654 τὸ
2483 4583 2616 4670 ἡμῖν
2643 4599 2864 4667 ὲφικτὺν
2886 4599 2984 4662 τὰς
3019 4597 3119 4669 μὲν
3168 4597 3436 4670 ἑξήκοντα
3479 4598 3800 4670 βασιλίσσας

2218 4692 2320 4757 τὰς
2345 4691 2640 4764 ὲγκρίτους
2673 4691 2907 4762 λέγομεν
2947 4685 3085 4744 εἶναι
3119 4689 3359 4762 βίϐλους,
3392 4692 3676 4746 τουτέστιν
3701 4693 3802 4758 τὰς

2220 4782 2488 4854 ἐξήκοντα
2529 4781 2630 4849 τὰς
2660 4781 2994 4846 ὲνδιαθέτους
3029 4781 3128 4851 τῆς
3161 4781 3413 4846 Παλαιᾶς
3452 4782 3550 4836 καὶ
3593 4782 3800 4852 Καινῆς

2219 4875 2502 4946 Διαθήκης
2527 4889 2539 4903 ·
2592 4874 2691 4937 τὰς
2731 4873 2789 4928 δὲ
2829 4873 3159 4943 ὀγδοήκοντα
3202 4875 3527 4940 παλλακὰς,
3576 4871 3678 4937 τὰς
3726 4874 3798 4946 μὴ

2221 4969 2639 5040 ὲγκρινομένας,
2669 4966 2768 5030 τὰς
2790 4959 3092 5036 λεγομένας
3113 4967 3488 5038 ἀποκρύφους.
3522 4965 3800 5020 [lanaqu

2221 5061 2279 5116 δὲ
2305 5059 2670 5132 ὀνομάζονται
2721 5059 2809 5114 διὰ
2849 5058 2909 5112 τὸ
2947 5049 3434 5130 ἀπαρῤησιὰστὸυς
3479 5059 3576 5112 καὶ
3615 5057 3798 5119 νόθους

2225 5151 2396 5216 αὐτὰς
2427 5147 2587 5222 εἶναι.
2639 5151 2754 5217 Τὰς
2793 5150 2979 5220 μέντοι
3021 5149 3271 5214 νεάνιδας
3321 5149 3422 5214 τὰς
3477 5149 3670 5219 ῥήσεις
3707 5147 3796 5201 τοῦ

2225 5245 2348 5298 νέου
2379 5245 2736 5316 κηρύγματος
2765 5243 2875 5298 τῶν
2921 5244 3022 5314 τῆς
3072 5242 3399 5314 Ἐκκλησίας
3445 5241 3794 5305 διδασκάλων,

2225 5335 2317 5390 διὰ
2349 5335 2412 5389 τὸ
2441 5335 2746 5404 ἀκραιφνὲς
2775 5334 2870 5390 τοῦ
2902 5335 3062 5404 λόγου
3097 5334 3296 5388 αὐτῶν.
3329 5335 3393 5386 Ai
3421 5333 3531 5403 γὰρ
3561 5330 3795 5390 νεάνιδες

539 5442 650 5483 non
677 5437 886 5498 queunt
913 5429 1100 5486 induci
1128 5428 1195 5485 ad
1225 5427 1673 5500 persuadendum
1703 5444 1829 5485 cum
1859 5429 2118 5485 liberiore

2226 5429 2389 5498 ἁγναὶ
2425 5427 2804 5499 ὀνομάζονται.
2850 5428 2990 5500 Φησὶ
3033 5428 3175 5498 γάρ·
3215 5446 3234 5478 ι
3279 5425 3686 5498 Ζητησάτωσαν
3719 5419 3795 5490 τῷ

544 5515 790 5592 omnium
839 5535 1092 5576 assensu.
1131 5521 1250 5578 Jam
1299 5535 1434 5576 vero
1478 5521 1834 5594 iuvenculas.
1879 5521 2122 5576 arbitror
2157 5501 2198 5556 Ῑ)

2228 5519 2440 5589 βασιλεῖ
2459 5518 2676 5574 νεάνιδα
2697 5517 2990 5591 παρθένον,
3009 5522 3102 5573 καὶ
3128 5513 3301 5591 ηὗραν
3327 5519 3422 5588 τὴν
3449 5517 3786 5587 Σουμανίτιν,

618 5691 666 5725 ⁸⁸
682 5691 843 5748 Cant.
869 5695 1014 5758 vu,7.
1094 5696 1132 5729 ﬂ
1157 5693 1488 5766 Dignitatem
1515 5691 1771 5760 attendit,
1792 5706 1904 5748 non
1926 5691 2057 5748 item
2086 5705 2402 5759 numerum,
2424 5689 2573 5762 quod
2603 5689 2734 5746 satis
2752 5701 2848 5755 ,est
2878 5689 3168 5748 homteosi.
