  <div class='ocr_page' id='page_1' title='image "/cluster/home/n/w/nwhite01/storage/ocr_20150623/89/pst.000005712953/722.png"; bbox 0 0 3914 6304; ppageno 0'>
   <div class='ocr_carea' id='block_1_1' title="bbox 107 288 255 355">
    <p class='ocr_par' dir='ltr' id='par_1_1' title="bbox 107 288 255 355">
     <span class='ocr_line' id='line_1_1' title="bbox 107 288 255 355; baseline 0.02 -3"><span class='ocrx_word' id='word_1_1' title='bbox 107 288 255 355; x_wconf 67' lang='lat'><strong>1529</strong></span> 
     </span>
    </p>
   </div>
   <div class='ocr_carea' id='block_1_2' title="bbox 1548 299 1971 367">
    <p class='ocr_par' dir='ltr' id='par_1_2' title="bbox 1548 299 1971 367">
     <span class='ocr_line' id='line_1_2' title="bbox 1548 299 1971 367; baseline 0.014 -7"><span class='ocrx_word' id='word_1_2' title='bbox 1548 299 1971 367; x_wconf 79' lang='lat' dir='ltr'><strong>PROLOGUS.</strong></span> 
     </span>
    </p>
   </div>
   <div class='ocr_carea' id='block_1_3' title="bbox 3252 303 3386 366">
    <p class='ocr_par' dir='ltr' id='par_1_3' title="bbox 3252 303 3386 366">
     <span class='ocr_line' id='line_1_3' title="bbox 3252 303 3386 366; baseline 0.015 -2"><span class='ocrx_word' id='word_1_3' title='bbox 3252 303 3270 364; x_wconf 85' lang='lat' dir='ltr'><strong>l</strong></span> <span class='ocrx_word' id='word_1_4' title='bbox 3292 304 3386 366; x_wconf 66' lang='grc' dir='ltr'><strong>ἐῖῖῧ</strong></span> 
     </span>
    </p>
   </div>
   <div class='ocr_carea' id='block_1_4' title="bbox 105 399 1705 487">
    <p class='ocr_par' dir='ltr' id='par_1_4' title="bbox 105 399 1700 487">
     <span class='ocr_line' id='line_1_4' title="bbox 105 399 1700 487; baseline 0.009 -36"><span class='ocrx_word' id='word_1_5' title='bbox 105 399 212 487; x_wconf 65' lang='grc' dir='ltr'><strong>ῐιαΔ</strong></span> <span class='ocrx_word' id='word_1_6' title='bbox 240 400 494 472; x_wconf 74' lang='grc' dir='ltr'>Οερμὰνῃ</span> <span class='ocrx_word' id='word_1_7' title='bbox 534 401 727 455; x_wconf 79' lang='grc' dir='ltr'>αὐτόν·</span> <span class='ocrx_word' id='word_1_8' title='bbox 766 421 785 456; x_wconf 74' lang='grc' dir='ltr'><strong>ι</strong></span> <span class='ocrx_word' id='word_1_9' title='bbox 834 404 1136 471; x_wconf 82' lang='grc' dir='ltr'><strong>τουτέστιν,</strong></span> <span class='ocrx_word' id='word_1_10' title='bbox 1177 407 1407 478; x_wconf 85' lang='grc' dir='ltr'>οὐράνια</span> <span class='ocrx_word' id='word_1_11' title='bbox 1447 409 1700 479; x_wconf 85' lang='grc' dir='ltr'><strong>νοήματα</strong></span> 
     </span>
    </p>
   </div>
   <div class='ocr_carea' id='block_1_5' title="bbox 1807 399 3386 487">
    <p class='ocr_par' dir='ltr' id='par_1_5' title="bbox 1807 413 3386 487">
     <span class='ocr_line' id='line_1_5' title="bbox 1807 413 3386 487; baseline -0.001 -19"><span class='ocrx_word' id='word_1_12' title='bbox 1807 413 2082 469; x_wconf 83' lang='lat' dir='ltr'><strong>delineare</strong></span> <span class='ocrx_word' id='word_1_13' title='bbox 2137 429 2295 469; x_wconf 74' lang='lat' dir='ltr'><strong>novas</strong></span> <span class='ocrx_word' id='word_1_14' title='bbox 2352 414 2611 487; x_wconf 80' lang='lat' dir='ltr'><strong>dogmata</strong></span> <span class='ocrx_word' id='word_1_15' title='bbox 2674 414 3122 485; x_wconf 69' lang='lat' dir='ltr'><strong>praedicationis;</strong></span> <span class='ocrx_word' id='word_1_16' title='bbox 3194 430 3386 484; x_wconf 73' lang='lat' dir='ltr'><strong>nempe</strong></span> 
     </span>
    </p>
   </div>
   <div class='ocr_carea' id='block_1_6' title="bbox 108 484 1702 570">
    <p class='ocr_par' dir='ltr' id='par_1_6' title="bbox 108 484 1702 570">
     <span class='ocr_line' id='line_1_6' title="bbox 108 484 1702 570; baseline 0.006 -25"><span class='ocrx_word' id='word_1_17' title='bbox 108 484 212 545; x_wconf 66' lang='lat' dir='ltr'><strong>tul.</strong></span> <span class='ocrx_word' id='word_1_18' title='bbox 240 491 498 562; x_wconf 58' lang='grc' dir='ltr'>μελιιέδῶν</span> <span class='ocrx_word' id='word_1_19' title='bbox 529 493 634 563; x_wconf 50' lang='grc' dir='ltr'><strong>ἔτη</strong></span> <span class='ocrx_word' id='word_1_20' title='bbox 659 511 672 522; x_wconf 89' lang='grc'><strong>·</strong></span> <span class='ocrx_word' id='word_1_21' title='bbox 712 512 730 544; x_wconf 87' lang='grc' dir='ltr'><strong>ι</strong></span> <span class='ocrx_word' id='word_1_22' title='bbox 769 494 1108 566; x_wconf 83' lang='grc' dir='ltr'>Ἐθερμάνθη</span> <span class='ocrx_word' id='word_1_23' title='bbox 1133 498 1166 567; x_wconf 89' lang='grc' dir='ltr'><strong>ή</strong></span> <span class='ocrx_word' id='word_1_24' title='bbox 1190 498 1389 570; x_wconf 84' lang='grc' dir='ltr'>καρδία</span> <span class='ocrx_word' id='word_1_25' title='bbox 1422 517 1522 570; x_wconf 91' lang='grc' dir='ltr'><strong>μου</strong></span> <span class='ocrx_word' id='word_1_26' title='bbox 1549 503 1702 566; x_wconf 83' lang='grc' dir='ltr'>ἐντός</span> 
     </span>
    </p>
   </div>
   <div class='ocr_carea' id='block_1_7' title="bbox 111 585 1702 662">
    <p class='ocr_par' dir='ltr' id='par_1_7' title="bbox 111 585 1702 662">
     <span class='ocr_line' id='line_1_7' title="bbox 111 585 1702 662; baseline 0.009 -28"><span class='ocrx_word' id='word_1_27' title='bbox 111 601 247 653; x_wconf 86' lang='grc' dir='ltr'>μου,</span> <span class='ocrx_word' id='word_1_28' title='bbox 280 585 378 636; x_wconf 69' lang='grc' dir='ltr'><strong>καὶ</strong></span> <span class='ocrx_word' id='word_1_29' title='bbox 407 587 462 636; x_wconf 93' lang='grc' dir='ltr'><strong>ἐν</strong></span> <span class='ocrx_word' id='word_1_30' title='bbox 494 587 558 655; x_wconf 85' lang='grc' dir='ltr'>τῇ</span> <span class='ocrx_word' id='word_1_31' title='bbox 601 586 799 658; x_wconf 81' lang='grc' dir='ltr'>μελέτῃ</span> <span class='ocrx_word' id='word_1_32' title='bbox 831 604 931 654; x_wconf 90' lang='grc' dir='ltr'><strong>μου</strong></span> <span class='ocrx_word' id='word_1_33' title='bbox 963 590 1366 660; x_wconf 78' lang='grc' dir='ltr'><strong>ἐκκαυθήσεται</strong></span> <span class='ocrx_word' id='word_1_34' title='bbox 1400 591 1532 662; x_wconf 78' lang='grc' dir='ltr'>πῦρ.</span> <span class='ocrx_word' id='word_1_35' title='bbox 1574 612 1592 645; x_wconf 84' lang='grc'>›</span> <span class='ocrx_word' id='word_1_36' title='bbox 1614 593 1702 648; x_wconf 54' lang='grc' dir='ltr'><strong>κἮ</strong></span> 
     </span>
    </p>
   </div>
   <div class='ocr_carea' id='block_1_8' title="bbox 107 676 1702 752">
    <p class='ocr_par' dir='ltr' id='par_1_8' title="bbox 107 676 1702 752">
     <span class='ocr_line' id='line_1_8' title="bbox 107 676 1702 752; baseline 0.006 -24"><span class='ocrx_word' id='word_1_37' title='bbox 107 676 227 745; x_wconf 81' lang='grc' dir='ltr'>γὰρ</span> <span class='ocrx_word' id='word_1_38' title='bbox 277 676 604 746; x_wconf 84' lang='grc' dir='ltr'>Σουμανίτις</span> <span class='ocrx_word' id='word_1_39' title='bbox 642 680 894 748; x_wconf 74' lang='grc' dir='ltr'>οὐρανία</span> <span class='ocrx_word' id='word_1_40' title='bbox 925 682 1317 752; x_wconf 79' lang='grc' dir='ltr'>ἑρμηνεύεται.</span> <span class='ocrx_word' id='word_1_41' title='bbox 1352 685 1488 736; x_wconf 84' lang='grc' dir='ltr'>Καί·</span> <span class='ocrx_word' id='word_1_42' title='bbox 1527 683 1702 750; x_wconf 83' lang='grc' dir='ltr'>Σῖτος</span> 
     </span>
    </p>
   </div>
   <div class='ocr_carea' id='block_1_9' title="bbox 109 767 1702 845">
    <p class='ocr_par' dir='ltr' id='par_1_9' title="bbox 109 767 1702 845">
     <span class='ocr_line' id='line_1_9' title="bbox 109 767 1702 845; baseline 0.005 -25"><span class='ocrx_word' id='word_1_43' title='bbox 109 769 497 836; x_wconf 71' lang='grc' dir='ltr'>νεανίσκοις.</span> <span class='ocrx_word' id='word_1_44' title='bbox 531 771 626 824; x_wconf 76' lang='grc' dir='ltr'>καὶ</span> <span class='ocrx_word' id='word_1_45' title='bbox 661 767 827 837; x_wconf 75' lang='grc' dir='ltr'>οἶνος</span> <span class='ocrx_word' id='word_1_46' title='bbox 852 771 1099 833; x_wconf 79' lang='grc' dir='ltr'>ὀδιάζων</span> <span class='ocrx_word' id='word_1_47' title='bbox 1122 774 1486 842; x_wconf 72' lang='grc' dir='ltr'>παρθένους.</span> <span class='ocrx_word' id='word_1_48' title='bbox 1504 777 1567 829; x_wconf 89' lang='grc' dir='ltr'><strong>Οἱ</strong></span> <span class='ocrx_word' id='word_1_49' title='bbox 1592 776 1702 845; x_wconf 68' lang='grc' dir='ltr'>γὰρ</span> 
     </span>
    </p>
   </div>
   <div class='ocr_carea' id='block_1_10' title="bbox 110 859 1703 936">
    <p class='ocr_par' dir='ltr' id='par_1_10' title="bbox 110 859 1703 936">
     <span class='ocr_line' id='line_1_10' title="bbox 110 859 1703 936; baseline 0.006 -25"><span class='ocrx_word' id='word_1_50' title='bbox 110 859 410 931; x_wconf 77' lang='grc' dir='ltr'>ἀκίϐδηλοι</span> <span class='ocrx_word' id='word_1_51' title='bbox 462 863 527 914; x_wconf 85' lang='grc' dir='ltr'><strong>ἐκ</strong></span> <span class='ocrx_word' id='word_1_52' title='bbox 581 864 681 932; x_wconf 84' lang='grc' dir='ltr'>τῆς</span> <span class='ocrx_word' id='word_1_53' title='bbox 729 863 1037 936; x_wconf 73' lang='grc' dir='ltr'>ἐπομϐρίας</span> <span class='ocrx_word' id='word_1_54' title='bbox 1088 864 1181 919; x_wconf 78' lang='grc' dir='ltr'><strong>τοῦ</strong></span> <span class='ocrx_word' id='word_1_55' title='bbox 1233 866 1487 935; x_wconf 77' lang='grc' dir='ltr'>οὐρανίου</span> <span class='ocrx_word' id='word_1_56' title='bbox 1535 868 1703 936; x_wconf 82' lang='grc' dir='ltr'>ἄρτου</span> 
     </span>
    </p>
   </div>
   <div class='ocr_carea' id='block_1_11' title="bbox 109 952 1704 1028">
    <p class='ocr_par' dir='ltr' id='par_1_11' title="bbox 109 952 1704 1028">
     <span class='ocr_line' id='line_1_11' title="bbox 109 952 1704 1028; baseline 0.006 -24"><span class='ocrx_word' id='word_1_57' title='bbox 109 952 436 1021; x_wconf 83' lang='grc' dir='ltr'>τρέφονται,</span> <span class='ocrx_word' id='word_1_58' title='bbox 471 956 569 1025; x_wconf 82' lang='grc' dir='ltr'><strong>τῆς</strong></span> <span class='ocrx_word' id='word_1_59' title='bbox 604 955 873 1025; x_wconf 81' lang='grc' dir='ltr'><strong>μενούσης</strong></span> <span class='ocrx_word' id='word_1_60' title='bbox 910 959 989 1020; x_wconf 78' lang='grc' dir='ltr'><strong>είς</strong></span> <span class='ocrx_word' id='word_1_61' title='bbox 1030 957 1176 1028; x_wconf 80' lang='grc' dir='ltr'>ζωὴν</span> <span class='ocrx_word' id='word_1_62' title='bbox 1217 959 1469 1012; x_wconf 82' lang='grc' dir='ltr'>αίώνιον·</span> <span class='ocrx_word' id='word_1_63' title='bbox 1514 959 1610 1012; x_wconf 72' lang='grc' dir='ltr'>καὶ</span> <span class='ocrx_word' id='word_1_64' title='bbox 1642 959 1704 1013; x_wconf 86' lang='lat' dir='ltr'><strong>rb</strong></span> 
     </span>
    </p>
   </div>
   <div class='ocr_carea' id='block_1_12' title="bbox 112 1040 1702 1120">
    <p class='ocr_par' dir='ltr' id='par_1_12' title="bbox 112 1040 1702 1120">
     <span class='ocr_line' id='line_1_12' title="bbox 112 1040 1702 1120; baseline 0.007 -25"><span class='ocrx_word' id='word_1_65' title='bbox 112 1042 275 1113; x_wconf 83' lang='grc' dir='ltr'><strong>πόμα</strong></span> <span class='ocrx_word' id='word_1_66' title='bbox 306 1044 487 1098; x_wconf 79' lang='grc' dir='ltr'>αὐτῶν</span> <span class='ocrx_word' id='word_1_67' title='bbox 510 1047 574 1100; x_wconf 81' lang='grc' dir='ltr'><strong>ἐκ</strong></span> <span class='ocrx_word' id='word_1_68' title='bbox 603 1047 697 1100; x_wconf 79' lang='grc' dir='ltr'><strong>τοῦ</strong></span> <span class='ocrx_word' id='word_1_69' title='bbox 719 1049 896 1118; x_wconf 65' lang='grc' dir='ltr'>κρατῆ</span> <span class='ocrx_word' id='word_1_70' title='bbox 907 1065 998 1119; x_wconf 86' lang='grc' dir='ltr'><strong>ρος</strong></span> <span class='ocrx_word' id='word_1_71' title='bbox 1021 1052 1117 1120; x_wconf 79' lang='grc' dir='ltr'><strong>τῆς</strong></span> <span class='ocrx_word' id='word_1_72' title='bbox 1144 1040 1702 1120; x_wconf 69' lang='grc' dir='ltr'>ἀληθινῆςάμπέλου.</span> 
     </span>
    </p>
   </div>
   <div class='ocr_carea' id='block_1_13' title="bbox 112 1135 1706 1212">
    <p class='ocr_par' dir='ltr' id='par_1_13' title="bbox 112 1135 1706 1212">
     <span class='ocr_line' id='line_1_13' title="bbox 112 1135 1706 1212; baseline 0.005 -23"><span class='ocrx_word' id='word_1_73' title='bbox 112 1135 232 1189; x_wconf 53' lang='grc' dir='ltr'><strong>Καὶ⁸</strong></span> <span class='ocrx_word' id='word_1_74' title='bbox 279 1136 460 1204; x_wconf 82' lang='grc' dir='ltr'>ἁγνῶν</span> <span class='ocrx_word' id='word_1_75' title='bbox 500 1139 688 1209; x_wconf 77' lang='grc' dir='ltr'>ῥήσεις</span> <span class='ocrx_word' id='word_1_76' title='bbox 730 1140 962 1210; x_wconf 87' lang='grc' dir='ltr'>σεμναί·</span> <span class='ocrx_word' id='word_1_77' title='bbox 997 1142 1116 1201; x_wconf 74' lang='grc' dir='ltr'>καὶ,</span> <span class='ocrx_word' id='word_1_78' title='bbox 1152 1160 1171 1192; x_wconf 80' lang='grc' dir='ltr'><strong>ι</strong></span> <span class='ocrx_word' id='word_1_79' title='bbox 1227 1141 1442 1212; x_wconf 84' lang='grc' dir='ltr'>Ῥήσεις</span> <span class='ocrx_word' id='word_1_80' title='bbox 1476 1143 1706 1197; x_wconf 88' lang='grc' dir='ltr'>δικαίων</span> 
     </span>
    </p>
   </div>
   <div class='ocr_carea' id='block_1_14' title="bbox 115 1227 1705 1303">
    <p class='ocr_par' dir='ltr' id='par_1_14' title="bbox 115 1227 1705 1303">
     <span class='ocr_line' id='line_1_14' title="bbox 115 1227 1705 1303; baseline 0.006 -24"><span class='ocrx_word' id='word_1_81' title='bbox 115 1227 307 1293; x_wconf 61' lang='grc' dir='ltr'>ἁγναὶ,</span> <span class='ocrx_word' id='word_1_82' title='bbox 336 1245 354 1277; x_wconf 70' lang='grc' dir='ltr'><strong>ι</strong></span> <span class='ocrx_word' id='word_1_83' title='bbox 389 1228 532 1282; x_wconf 76' lang='grc' dir='ltr'>κατὰ</span> <span class='ocrx_word' id='word_1_84' title='bbox 560 1230 658 1298; x_wconf 80' lang='grc' dir='ltr'>τὴν</span> <span class='ocrx_word' id='word_1_85' title='bbox 681 1230 930 1301; x_wconf 80' lang='grc' dir='ltr'>Γραφήν.</span> <span class='ocrx_word' id='word_1_86' title='bbox 968 1232 1356 1303; x_wconf 85' lang='grc' dir='ltr'>Ἀναρίθμητοι</span> <span class='ocrx_word' id='word_1_87' title='bbox 1379 1233 1435 1286; x_wconf 78' lang='grc' dir='ltr'>δὲ</span> <span class='ocrx_word' id='word_1_88' title='bbox 1451 1234 1705 1302; x_wconf 82' lang='grc' dir='ltr'>λέγονται</span> 
     </span>
    </p>
   </div>
   <div class='ocr_carea' id='block_1_15' title="bbox 112 1317 1706 1401">
    <p class='ocr_par' dir='ltr' id='par_1_15' title="bbox 112 1317 1706 1401">
     <span class='ocr_line' id='line_1_15' title="bbox 112 1317 1706 1401; baseline 0.006 -30"><span class='ocrx_word' id='word_1_89' title='bbox 112 1317 206 1372; x_wconf 75' lang='grc' dir='ltr'>διὰ</span> <span class='ocrx_word' id='word_1_90' title='bbox 234 1319 296 1372; x_wconf 83' lang='grc' dir='ltr'>τὸ</span> <span class='ocrx_word' id='word_1_91' title='bbox 324 1319 686 1393; x_wconf 80' lang='grc' dir='ltr'>πληθυντικὸν</span> <span class='ocrx_word' id='word_1_92' title='bbox 714 1322 809 1377; x_wconf 76' lang='grc' dir='ltr'><strong>καὶ</strong></span> <span class='ocrx_word' id='word_1_93' title='bbox 832 1324 1068 1393; x_wconf 79' lang='grc' dir='ltr'>ἄμετρον</span> <span class='ocrx_word' id='word_1_94' title='bbox 1095 1323 1192 1378; x_wconf 77' lang='grc' dir='ltr'><strong>τοῦ</strong></span> <span class='ocrx_word' id='word_1_95' title='bbox 1215 1324 1376 1401; x_wconf 79' lang='grc' dir='ltr'>λόγου</span> <span class='ocrx_word' id='word_1_96' title='bbox 1396 1326 1497 1397; x_wconf 79' lang='grc' dir='ltr'>τῆς</span> <span class='ocrx_word' id='word_1_97' title='bbox 1523 1326 1706 1380; x_wconf 82' lang='grc' dir='ltr'>αὐτῶν</span> 
     </span>
    </p>
   </div>
   <div class='ocr_carea' id='block_1_16' title="bbox 112 1410 1705 1490">
    <p class='ocr_par' dir='ltr' id='par_1_16' title="bbox 112 1410 1705 1490">
     <span class='ocr_line' id='line_1_16' title="bbox 112 1410 1705 1490; baseline 0.008 -28"><span class='ocrx_word' id='word_1_98' title='bbox 112 1410 492 1476; x_wconf 78' lang='grc' dir='ltr'>διδασκαλίας.</span> <span class='ocrx_word' id='word_1_99' title='bbox 537 1413 633 1467; x_wconf 86' lang='grc' dir='ltr'>Ἐκ</span> <span class='ocrx_word' id='word_1_100' title='bbox 679 1415 773 1467; x_wconf 75' lang='grc' dir='ltr'><strong>τοῦ</strong></span> <span class='ocrx_word' id='word_1_101' title='bbox 811 1414 959 1468; x_wconf 82' lang='grc' dir='ltr'><strong>ίστοῦ</strong></span> <span class='ocrx_word' id='word_1_102' title='bbox 1011 1415 1105 1469; x_wconf 82' lang='grc' dir='ltr'>οὖν</span> <span class='ocrx_word' id='word_1_103' title='bbox 1145 1416 1254 1471; x_wconf 84' lang='grc' dir='ltr'><strong>τῶν</strong></span> <span class='ocrx_word' id='word_1_104' title='bbox 1293 1417 1559 1487; x_wconf 81' lang='grc' dir='ltr'>ἐξήκοντα</span> <span class='ocrx_word' id='word_1_105' title='bbox 1607 1419 1705 1490; x_wconf 76' lang='grc' dir='ltr'><strong>βα-</strong></span> 
     </span>
    </p>
   </div>
   <div class='ocr_carea' id='block_1_17' title="bbox 117 1497 1707 1578">
    <p class='ocr_par' dir='ltr' id='par_1_17' title="bbox 117 1497 1707 1578">
     <span class='ocr_line' id='line_1_17' title="bbox 117 1497 1707 1578; baseline 0.008 -29"><span class='ocrx_word' id='word_1_106' title='bbox 117 1497 342 1551; x_wconf 79' lang='grc' dir='ltr'>σιλίδων</span> <span class='ocrx_word' id='word_1_107' title='bbox 391 1500 595 1554; x_wconf 88' lang='grc' dir='ltr'>τούτων</span> <span class='ocrx_word' id='word_1_108' title='bbox 649 1502 866 1571; x_wconf 81' lang='grc' dir='ltr'><strong>ὀλίγους</strong></span> <span class='ocrx_word' id='word_1_109' title='bbox 927 1505 1200 1575; x_wconf 85' lang='grc' dir='ltr'>στήμονας</span> <span class='ocrx_word' id='word_1_110' title='bbox 1248 1507 1563 1578; x_wconf 82' lang='grc' dir='ltr'>ἀνείλαμεν,</span> <span class='ocrx_word' id='word_1_111' title='bbox 1614 1510 1707 1562; x_wconf 54' lang='grc' dir='ltr'><strong>καί¹</strong></span> 
     </span>
    </p>
   </div>
   <div class='ocr_carea' id='block_1_18' title="bbox 114 1589 1706 1668">
    <p class='ocr_par' dir='ltr' id='par_1_18' title="bbox 114 1589 1706 1668">
     <span class='ocr_line' id='line_1_18' title="bbox 114 1589 1706 1668; baseline 0.008 -29"><span class='ocrx_word' id='word_1_112' title='bbox 114 1589 356 1659; x_wconf 85' lang='grc' dir='ltr'>ἐποίησα</span> <span class='ocrx_word' id='word_1_113' title='bbox 401 1591 692 1663; x_wconf 78' lang='grc' dir='ltr'>περίζωμα</span> <span class='ocrx_word' id='word_1_114' title='bbox 745 1596 825 1659; x_wconf 82' lang='grc' dir='ltr'><strong>είς</strong></span> <span class='ocrx_word' id='word_1_115' title='bbox 874 1594 1087 1666; x_wconf 64' lang='grc' dir='ltr'>θέρμην</span> <span class='ocrx_word' id='word_1_116' title='bbox 1136 1598 1249 1661; x_wconf 73' lang='grc' dir='ltr'>τοῖς</span> <span class='ocrx_word' id='word_1_117' title='bbox 1277 1597 1431 1668; x_wconf 71' lang='grc' dir='ltr'>μετὰ</span> <span class='ocrx_word' id='word_1_118' title='bbox 1466 1598 1706 1663; x_wconf 82' lang='grc' dir='ltr'>πίστεως</span> 
     </span>
    </p>
   </div>
   <div class='ocr_carea' id='block_1_19' title="bbox 114 1680 1704 1762">
    <p class='ocr_par' dir='ltr' id='par_1_19' title="bbox 114 1680 1704 1762">
     <span class='ocr_line' id='line_1_19' title="bbox 114 1680 1704 1762; baseline 0.008 -31"><span class='ocrx_word' id='word_1_119' title='bbox 114 1680 563 1751; x_wconf 83' lang='grc' dir='ltr'>ἐντυγχάνουσιν.</span> <span class='ocrx_word' id='word_1_120' title='bbox 601 1684 814 1758; x_wconf 82' lang='grc' dir='ltr'>Ὥσπερ</span> <span class='ocrx_word' id='word_1_121' title='bbox 858 1682 1026 1741; x_wconf 57' lang='lat' dir='ltr'><strong>eam</strong></span> <span class='ocrx_word' id='word_1_122' title='bbox 1072 1688 1218 1752; x_wconf 79' lang='grc' dir='ltr'>ἱστὸς</span> <span class='ocrx_word' id='word_1_123' title='bbox 1267 1690 1582 1762; x_wconf 81' lang='grc' dir='ltr'>πολυμερὴς</span> <span class='ocrx_word' id='word_1_124' title='bbox 1630 1689 1704 1744; x_wconf 82' lang='grc' dir='ltr'>ὢν</span> 
     </span>
    </p>
   </div>
   <div class='ocr_carea' id='block_1_20' title="bbox 1805 505 3388 573">
    <p class='ocr_par' dir='ltr' id='par_1_20' title="bbox 1805 505 3388 573">
     <span class='ocr_line' id='line_1_20' title="bbox 1805 505 3388 573; baseline 0.001 -14"><span class='ocrx_word' id='word_1_125' title='bbox 1805 505 2096 561; x_wconf 82' lang='lat' dir='ltr'><strong>doctorum</strong></span> <span class='ocrx_word' id='word_1_126' title='bbox 2134 507 2455 563; x_wconf 74' lang='lat' dir='ltr'><strong>orthodoxae</strong></span> <span class='ocrx_word' id='word_1_127' title='bbox 2495 508 2783 573; x_wconf 72' lang='lat' dir='ltr'><strong>Ecclesize,</strong></span> <span class='ocrx_word' id='word_1_128' title='bbox 2817 508 2889 562; x_wconf 91' lang='lat' dir='ltr'><strong>ob</strong></span> <span class='ocrx_word' id='word_1_129' title='bbox 2934 505 3293 562; x_wconf 85' lang='lat' dir='ltr'><strong>indelibatam</strong></span> <span class='ocrx_word' id='word_1_130' title='bbox 3331 514 3388 561; x_wconf 82' lang='lat' dir='ltr'><strong>et</strong></span> 
     </span>
    </p>
   </div>
   <div class='ocr_carea' id='block_1_21' title="bbox 1803 596 3385 670">
    <p class='ocr_par' dir='ltr' id='par_1_21' title="bbox 1803 596 3385 670">
     <span class='ocr_line' id='line_1_21' title="bbox 1803 596 3385 670; baseline -0.001 -18"><span class='ocrx_word' id='word_1_131' title='bbox 1803 598 2113 654; x_wconf 75' lang='lat' dir='ltr'><strong>absolutam</strong></span> <span class='ocrx_word' id='word_1_132' title='bbox 2168 601 2467 670; x_wconf 90' lang='lat' dir='ltr'><strong>puritatem</strong></span> <span class='ocrx_word' id='word_1_133' title='bbox 2514 599 2786 656; x_wconf 74' lang='lat' dir='ltr'><strong>sermonis</strong></span> <span class='ocrx_word' id='word_1_134' title='bbox 2848 599 3118 668; x_wconf 89' lang='lat' dir='ltr'><strong>ipsorum.</strong></span> <span class='ocrx_word' id='word_1_135' title='bbox 3166 596 3385 653; x_wconf 80' lang='lat' dir='ltr'><strong>Etenim</strong></span> 
     </span>
    </p>
   </div>
   <div class='ocr_carea' id='block_1_22' title="bbox 1798 688 3386 763">
    <p class='ocr_par' dir='ltr' id='par_1_22' title="bbox 1798 688 3386 763">
     <span class='ocr_line' id='line_1_22' title="bbox 1798 688 3386 763; baseline 0 -20"><span class='ocrx_word' id='word_1_136' title='bbox 1798 688 2109 758; x_wconf 80' lang='lat' dir='ltr'><strong>juvenculae</strong></span> <span class='ocrx_word' id='word_1_137' title='bbox 2173 692 2646 759; x_wconf 73' lang='lat' dir='ltr'><strong>nomenclaturam</strong></span> <span class='ocrx_word' id='word_1_138' title='bbox 2686 692 2999 747; x_wconf 88' lang='lat' dir='ltr'><strong>sortiuntur</strong></span> <span class='ocrx_word' id='word_1_139' title='bbox 3038 706 3069 745; x_wconf 90' lang='lat' dir='ltr'><strong>a</strong></span> <span class='ocrx_word' id='word_1_140' title='bbox 3110 690 3386 763; x_wconf 73' lang='lat' dir='ltr'><strong>munditia</strong></span> 
     </span>
    </p>
   </div>
   <div class='ocr_carea' id='block_1_23' title="bbox 1803 783 3390 859">
    <p class='ocr_par' dir='ltr' id='par_1_23' title="bbox 1803 783 3390 859">
     <span class='ocr_line' id='line_1_23' title="bbox 1803 783 3390 859; baseline 0.001 -24"><span class='ocrx_word' id='word_1_141' title='bbox 1803 783 2079 859; x_wconf 74' lang='lat' dir='ltr'><strong>virginali.</strong></span> <span class='ocrx_word' id='word_1_142' title='bbox 2108 784 2196 839; x_wconf 83' lang='lat' dir='ltr'><strong>Ait</strong></span> <span class='ocrx_word' id='word_1_143' title='bbox 2220 785 2368 839; x_wconf 92' lang='lat' dir='ltr'><strong>enim</strong></span> <span class='ocrx_word' id='word_1_144' title='bbox 2404 784 2689 855; x_wconf 83' lang='lat' dir='ltr'><strong>Scriptura</strong></span> <span class='ocrx_word' id='word_1_145' title='bbox 2721 803 2734 838; x_wconf 90' lang='lat'>:</span> <span class='ocrx_word' id='word_1_146' title='bbox 2774 804 2791 835; x_wconf 83' lang='grc' dir='ltr'><strong>ι</strong></span> <span class='ocrx_word' id='word_1_147' title='bbox 2820 783 3082 851; x_wconf 54' lang='lat' dir='ltr'><strong>Quaerant</strong></span> <span class='ocrx_word' id='word_1_148' title='bbox 3108 784 3224 855; x_wconf 87' lang='lat' dir='ltr'><strong>regi</strong></span> <span class='ocrx_word' id='word_1_149' title='bbox 3256 783 3390 839; x_wconf 90' lang='lat' dir='ltr'><strong>ado-</strong></span> 
     </span>
    </p>
   </div>
   <div class='ocr_carea' id='block_1_24' title="bbox 1803 872 3387 947">
    <p class='ocr_par' dir='ltr' id='par_1_24' title="bbox 1803 872 3387 947">
     <span class='ocr_line' id='line_1_24' title="bbox 1803 872 3387 947; baseline 0 -20"><span class='ocrx_word' id='word_1_150' title='bbox 1803 872 2162 947; x_wconf 83' lang='lat' dir='ltr'><strong>lescentulam</strong></span> <span class='ocrx_word' id='word_1_151' title='bbox 2209 875 2517 946; x_wconf 80' lang='lat' dir='ltr'><strong>virginem;</strong></span> <span class='ocrx_word' id='word_1_152' title='bbox 2566 885 2621 930; x_wconf 87' lang='lat' dir='ltr'><strong>et</strong></span> <span class='ocrx_word' id='word_1_153' title='bbox 2668 875 3003 929; x_wconf 88' lang='lat' dir='ltr'><strong>invenerunt</strong></span> <span class='ocrx_word' id='word_1_154' title='bbox 3043 873 3387 947; x_wconf 87' lang='lat' dir='ltr'><strong>Sunamitem</strong></span> 
     </span>
    </p>
   </div>
   <div class='ocr_carea' id='block_1_25' title="bbox 1805 965 3388 1036">
    <p class='ocr_par' dir='ltr' id='par_1_25' title="bbox 1805 965 3388 1036">
     <span class='ocr_line' id='line_1_25' title="bbox 1805 965 3388 1036; baseline 0.001 -17"><span class='ocrx_word' id='word_1_155' title='bbox 1805 980 1926 1035; x_wconf 80' lang='lat' dir='ltr'><strong>quae</strong></span> <span class='ocrx_word' id='word_1_156' title='bbox 1976 968 2156 1036; x_wconf 88' lang='lat' dir='ltr'><strong>ipsum</strong></span> <span class='ocrx_word' id='word_1_157' title='bbox 2204 966 2700 1032; x_wconf 80' lang='lat' dir='ltr'><strong>excalefaceret&quot;;</strong></span> <span class='ocrx_word' id='word_1_158' title='bbox 2756 985 2775 1018; x_wconf 82' lang='grc'>›</span> <span class='ocrx_word' id='word_1_159' title='bbox 2824 966 2932 1021; x_wconf 92' lang='lat' dir='ltr'><strong>hoc</strong></span> <span class='ocrx_word' id='word_1_160' title='bbox 2976 973 3091 1031; x_wconf 90' lang='lat' dir='ltr'><strong>est,</strong></span> <span class='ocrx_word' id='word_1_161' title='bbox 3133 965 3388 1021; x_wconf 82' lang='lat' dir='ltr'><strong>caelestes</strong></span> 
     </span>
    </p>
   </div>
   <div class='ocr_carea' id='block_1_26' title="bbox 1805 1057 3386 1128">
    <p class='ocr_par' dir='ltr' id='par_1_26' title="bbox 1805 1057 3386 1128">
     <span class='ocr_line' id='line_1_26' title="bbox 1805 1057 3386 1128; baseline 0.001 -17"><span class='ocrx_word' id='word_1_162' title='bbox 1805 1072 2032 1128; x_wconf 90' lang='lat' dir='ltr'><strong>prorsus</strong></span> <span class='ocrx_word' id='word_1_163' title='bbox 2063 1058 2389 1113; x_wconf 86' lang='lat' dir='ltr'><strong>sententias.</strong></span> <span class='ocrx_word' id='word_1_164' title='bbox 2420 1058 2534 1113; x_wconf 85' lang='lat' dir='ltr'><strong>Hoc</strong></span> <span class='ocrx_word' id='word_1_165' title='bbox 2565 1059 2750 1127; x_wconf 82' lang='lat' dir='ltr'><strong>itaque</strong></span> <span class='ocrx_word' id='word_1_166' title='bbox 2781 1057 3000 1113; x_wconf 82' lang='lat' dir='ltr'><strong>fervore</strong></span> <span class='ocrx_word' id='word_1_167' title='bbox 3033 1072 3386 1123; x_wconf 78' lang='lat' dir='ltr'><strong>reaccensus,</strong></span> 
     </span>
    </p>
   </div>
   <div class='ocr_carea' id='block_1_27' title="bbox 1807 1148 3388 1207">
    <p class='ocr_par' dir='ltr' id='par_1_27' title="bbox 1807 1148 3388 1207">
     <span class='ocr_line' id='line_1_27' title="bbox 1807 1148 3388 1207; baseline -0.001 -2"><span class='ocrx_word' id='word_1_168' title='bbox 1807 1150 1875 1205; x_wconf 89' lang='lat' dir='ltr'><strong>ad</strong></span> <span class='ocrx_word' id='word_1_169' title='bbox 1907 1151 2158 1206; x_wconf 86' lang='lat' dir='ltr'><strong>melicam</strong></span> <span class='ocrx_word' id='word_1_170' title='bbox 2194 1151 2461 1207; x_wconf 89' lang='lat' dir='ltr'><strong>citharam</strong></span> <span class='ocrx_word' id='word_1_171' title='bbox 2498 1151 2827 1207; x_wconf 90' lang='lat' dir='ltr'><strong>emodulans</strong></span> <span class='ocrx_word' id='word_1_172' title='bbox 2858 1151 3081 1206; x_wconf 83' lang='lat' dir='ltr'><strong>dicebat</strong></span> <span class='ocrx_word' id='word_1_173' title='bbox 3121 1167 3135 1203; x_wconf 91' lang='lat'><strong>:</strong></span> <span class='ocrx_word' id='word_1_174' title='bbox 3183 1169 3201 1201; x_wconf 76' lang='grc' dir='ltr'><strong>ι</strong></span> <span class='ocrx_word' id='word_1_175' title='bbox 3240 1148 3388 1205; x_wconf 88' lang='lat' dir='ltr'><strong>Con-</strong></span> 
     </span>
    </p>
   </div>
   <div class='ocr_carea' id='block_1_28' title="bbox 1808 1243 3390 1308">
    <p class='ocr_par' dir='ltr' id='par_1_28' title="bbox 1808 1243 3390 1308">
     <span class='ocr_line' id='line_1_28' title="bbox 1808 1243 3390 1308; baseline -0.001 -10"><span class='ocrx_word' id='word_1_176' title='bbox 1808 1243 1978 1298; x_wconf 89' lang='lat' dir='ltr'><strong>caluit</strong></span> <span class='ocrx_word' id='word_1_177' title='bbox 2010 1259 2106 1299; x_wconf 92' lang='lat' dir='ltr'><strong>cor</strong></span> <span class='ocrx_word' id='word_1_178' title='bbox 2140 1260 2322 1298; x_wconf 90' lang='lat' dir='ltr'><strong>meum</strong></span> <span class='ocrx_word' id='word_1_179' title='bbox 2364 1244 2509 1299; x_wconf 89' lang='lat' dir='ltr'><strong>intra</strong></span> <span class='ocrx_word' id='word_1_180' title='bbox 2545 1261 2654 1308; x_wconf 91' lang='lat' dir='ltr'><strong>me,</strong></span> <span class='ocrx_word' id='word_1_181' title='bbox 2685 1252 2741 1298; x_wconf 88' lang='lat' dir='ltr'><strong>et</strong></span> <span class='ocrx_word' id='word_1_182' title='bbox 2776 1245 2832 1298; x_wconf 91' lang='lat' dir='ltr'><strong>in</strong></span> <span class='ocrx_word' id='word_1_183' title='bbox 2873 1243 3236 1299; x_wconf 85' lang='lat' dir='ltr'><strong>meditatione</strong></span> <span class='ocrx_word' id='word_1_184' title='bbox 3266 1258 3390 1299; x_wconf 86' lang='lat' dir='ltr'><strong>mea</strong></span> 
     </span>
    </p>
   </div>
   <div class='ocr_carea' id='block_1_29' title="bbox 1806 1333 3391 1405">
    <p class='ocr_par' dir='ltr' id='par_1_29' title="bbox 1806 1333 3391 1405">
     <span class='ocr_line' id='line_1_29' title="bbox 1806 1333 3391 1405; baseline -0.001 -17"><span class='ocrx_word' id='word_1_185' title='bbox 1806 1335 2363 1405; x_wconf 79' lang='lat' dir='ltr'><strong>exardescetignis“.</strong></span> <span class='ocrx_word' id='word_1_186' title='bbox 2388 1354 2406 1387; x_wconf 88' lang='grc'><strong>›</strong></span> <span class='ocrx_word' id='word_1_187' title='bbox 2436 1334 2720 1404; x_wconf 84' lang='lat' dir='ltr'><strong>Siquidem</strong></span> <span class='ocrx_word' id='word_1_188' title='bbox 2746 1334 3052 1389; x_wconf 79' lang='lat' dir='ltr'><strong>Sunarnitis</strong></span> <span class='ocrx_word' id='word_1_189' title='bbox 3096 1349 3195 1389; x_wconf 89' lang='lat' dir='ltr'><strong>sua</strong></span> <span class='ocrx_word' id='word_1_190' title='bbox 3218 1333 3391 1391; x_wconf 82' lang='lat' dir='ltr'><strong>inter-</strong></span> 
     </span>
    </p>
   </div>
   <div class='ocr_carea' id='block_1_30' title="bbox 1806 1412 3390 1499">
    <p class='ocr_par' dir='ltr' id='par_1_30' title="bbox 1806 1412 3390 1499">
     <span class='ocr_line' id='line_1_30' title="bbox 1806 1412 3390 1499; baseline -0.001 -19"><span class='ocrx_word' id='word_1_191' title='bbox 1806 1416 2112 1499; x_wconf 77' lang='lat' dir='ltr'><strong>pretatione</strong></span> <span class='ocrx_word' id='word_1_192' title='bbox 2141 1435 2318 1492; x_wconf 89' lang='lat' dir='ltr'><strong>sonat,</strong></span> <span class='ocrx_word' id='word_1_193' title='bbox 2348 1412 2615 1482; x_wconf 61' lang='lat' dir='ltr'><strong>Cmfestem</strong></span> <span class='ocrx_word' id='word_1_194' title='bbox 2637 1467 2651 1491; x_wconf 90' lang='lat'><strong>,</strong></span> <span class='ocrx_word' id='word_1_195' title='bbox 2684 1434 2742 1481; x_wconf 89' lang='lat' dir='ltr'><strong>et</strong></span> <span class='ocrx_word' id='word_1_196' title='bbox 2772 1443 2785 1479; x_wconf 90' lang='lat'><strong>:</strong></span> <span class='ocrx_word' id='word_1_197' title='bbox 2819 1424 3167 1479; x_wconf 81' lang='lat' dir='ltr'><strong>Frumentum</strong></span> <span class='ocrx_word' id='word_1_198' title='bbox 3188 1425 3390 1494; x_wconf 76' lang='lat' dir='ltr'><strong>juven-</strong></span> 
     </span>
    </p>
   </div>
   <div class='ocr_carea' id='block_1_31' title="bbox 1806 1515 3387 1595">
    <p class='ocr_par' dir='ltr' id='par_1_31' title="bbox 1806 1515 3387 1595">
     <span class='ocr_line' id='line_1_31' title="bbox 1806 1515 3387 1595; baseline -0.002 -23"><span class='ocrx_word' id='word_1_199' title='bbox 1806 1519 1940 1573; x_wconf 78' lang='lat' dir='ltr'><strong>culis</strong></span> <span class='ocrx_word' id='word_1_200' title='bbox 1966 1526 2015 1572; x_wconf 83' lang='lat' dir='ltr'><strong>et</strong></span> <span class='ocrx_word' id='word_1_201' title='bbox 2035 1521 2213 1575; x_wconf 84' lang='lat' dir='ltr'><strong>vinum</strong></span> <span class='ocrx_word' id='word_1_202' title='bbox 2239 1518 2391 1595; x_wconf 72' lang='lat' dir='ltr'><strong>suavi</strong></span> <span class='ocrx_word' id='word_1_203' title='bbox 2418 1516 2879 1591; x_wconf 67' lang='lat' dir='ltr'><strong>odorelazti/icans</strong></span> <span class='ocrx_word' id='word_1_204' title='bbox 2909 1517 3168 1587; x_wconf 83' lang='lat' dir='ltr'><strong>virgines;</strong></span> <span class='ocrx_word' id='word_1_205' title='bbox 3200 1515 3387 1570; x_wconf 86' lang='lat' dir='ltr'><strong>incor-</strong></span> 
     </span>
    </p>
   </div>
   <div class='ocr_carea' id='block_1_32' title="bbox 1808 1610 3387 1682">
    <p class='ocr_par' dir='ltr' id='par_1_32' title="bbox 1808 1610 3387 1682">
     <span class='ocr_line' id='line_1_32' title="bbox 1808 1610 3387 1682; baseline -0.001 -19"><span class='ocrx_word' id='word_1_206' title='bbox 1808 1612 1954 1680; x_wconf 88' lang='lat' dir='ltr'><strong>rupti</strong></span> <span class='ocrx_word' id='word_1_207' title='bbox 1991 1611 2139 1675; x_wconf 88' lang='lat' dir='ltr'><strong>enim</strong></span> <span class='ocrx_word' id='word_1_208' title='bbox 2173 1611 2268 1681; x_wconf 90' lang='lat' dir='ltr'><strong>qui</strong></span> <span class='ocrx_word' id='word_1_209' title='bbox 2300 1620 2448 1676; x_wconf 88' lang='lat' dir='ltr'><strong>sunt,</strong></span> <span class='ocrx_word' id='word_1_210' title='bbox 2479 1611 2668 1681; x_wconf 89' lang='lat' dir='ltr'><strong>pluvio</strong></span> <span class='ocrx_word' id='word_1_211' title='bbox 2701 1610 2928 1664; x_wconf 85' lang='lat' dir='ltr'><strong>aluntur</strong></span> <span class='ocrx_word' id='word_1_212' title='bbox 2958 1610 3193 1682; x_wconf 81' lang='lat' dir='ltr'><strong>hutnore</strong></span> <span class='ocrx_word' id='word_1_213' title='bbox 3226 1624 3387 1662; x_wconf 84' lang='lat' dir='ltr'><strong>roru-</strong></span> 
     </span>
    </p>
   </div>
   <div class='ocr_carea' id='block_1_33' title="bbox 1807 1699 3387 1772">
    <p class='ocr_par' dir='ltr' id='par_1_33' title="bbox 1807 1699 3387 1772">
     <span class='ocr_line' id='line_1_33' title="bbox 1807 1699 3387 1772; baseline -0.002 -18"><span class='ocrx_word' id='word_1_214' title='bbox 1807 1701 1944 1769; x_wconf 85' lang='lat' dir='ltr'><strong>lenti</strong></span> <span class='ocrx_word' id='word_1_215' title='bbox 1991 1701 2138 1756; x_wconf 88' lang='lat' dir='ltr'><strong>illius</strong></span> <span class='ocrx_word' id='word_1_216' title='bbox 2182 1703 2342 1772; x_wconf 85' lang='lat' dir='ltr'><strong>panis</strong></span> <span class='ocrx_word' id='word_1_217' title='bbox 2385 1701 2480 1772; x_wconf 89' lang='lat' dir='ltr'><strong>qui</strong></span> <span class='ocrx_word' id='word_1_218' title='bbox 2524 1700 2592 1756; x_wconf 92' lang='lat' dir='ltr'><strong>de</strong></span> <span class='ocrx_word' id='word_1_219' title='bbox 2640 1701 2780 1756; x_wconf 85' lang='lat' dir='ltr'><strong>coelo</strong></span> <span class='ocrx_word' id='word_1_220' title='bbox 2826 1699 3147 1764; x_wconf 88' lang='lat' dir='ltr'><strong>descendit,</strong></span> <span class='ocrx_word' id='word_1_221' title='bbox 3181 1699 3387 1768; x_wconf 88' lang='lat' dir='ltr'><strong>quique</strong></span> 
     </span>
    </p>
   </div>
   <div class='ocr_carea' id='block_1_34' title="bbox 116 1771 1705 1860">
    <p class='ocr_par' dir='ltr' id='par_1_34' title="bbox 116 1777 1701 1851">
     <span class='ocr_line' id='line_1_34' title="bbox 116 1777 1701 1851; baseline 0.004 -23"><span class='ocrx_word' id='word_1_222' title='bbox 116 1777 201 1839; x_wconf 84' lang='grc' dir='ltr'>εἰς</span> <span class='ocrx_word' id='word_1_223' title='bbox 235 1781 511 1851; x_wconf 76' lang='grc' dir='ltr'>μονομερῆ</span> <span class='ocrx_word' id='word_1_224' title='bbox 541 1780 743 1850; x_wconf 83' lang='grc' dir='ltr'>χιτῶνα</span> <span class='ocrx_word' id='word_1_225' title='bbox 772 1782 1116 1836; x_wconf 79' lang='grc' dir='ltr'>ἀποτελεῖται</span> <span class='ocrx_word' id='word_1_226' title='bbox 1136 1800 1153 1817; x_wconf 73' lang='grc' dir='ltr'><strong><em>ο</em></strong></span> <span class='ocrx_word' id='word_1_227' title='bbox 1187 1782 1362 1848; x_wconf 72' lang='grc' dir='ltr'>οὕτως</span> <span class='ocrx_word' id='word_1_228' title='bbox 1391 1784 1485 1836; x_wconf 71' lang='grc' dir='ltr'><strong>καὶ</strong></span> <span class='ocrx_word' id='word_1_229' title='bbox 1528 1785 1701 1836; x_wconf 76' lang='grc' dir='ltr'>πᾶσαι</span> 
     </span>
    </p>
   </div>
   <div class='ocr_carea' id='block_1_35' title="bbox 1807 1771 3391 1860">
    <p class='ocr_par' dir='ltr' id='par_1_35' title="bbox 1810 1788 3391 1860">
     <span class='ocr_line' id='line_1_35' title="bbox 1810 1788 3391 1860; baseline -0.002 -14"><span class='ocrx_word' id='word_1_230' title='bbox 1810 1799 1995 1846; x_wconf 88' lang='lat' dir='ltr'><strong>manet</strong></span> <span class='ocrx_word' id='word_1_231' title='bbox 2036 1791 2092 1846; x_wconf 91' lang='lat' dir='ltr'><strong>in</strong></span> <span class='ocrx_word' id='word_1_232' title='bbox 2135 1800 2397 1847; x_wconf 70' lang='lat' dir='ltr'><strong>aeternam</strong></span> <span class='ocrx_word' id='word_1_233' title='bbox 2437 1792 2624 1847; x_wconf 87' lang='lat' dir='ltr'><strong>vitam.</strong></span> <span class='ocrx_word' id='word_1_234' title='bbox 2659 1791 2784 1845; x_wconf 85' lang='lat' dir='ltr'><strong>Istis</strong></span> <span class='ocrx_word' id='word_1_235' title='bbox 2824 1791 2977 1860; x_wconf 88' lang='lat' dir='ltr'><strong>potio</strong></span> <span class='ocrx_word' id='word_1_236' title='bbox 3021 1788 3279 1843; x_wconf 85' lang='lat' dir='ltr'><strong>hauritur</strong></span> <span class='ocrx_word' id='word_1_237' title='bbox 3320 1805 3391 1844; x_wconf 77' lang='lat' dir='ltr'><strong>ex</strong></span> 
     </span>
    </p>
   </div>
   <div class='ocr_carea' id='block_1_36' title="bbox 117 1868 1704 1949">
    <p class='ocr_par' dir='ltr' id='par_1_36' title="bbox 117 1868 1704 1949">
     <span class='ocr_line' id='line_1_36' title="bbox 117 1868 1704 1949; baseline 0.004 -27"><span class='ocrx_word' id='word_1_238' title='bbox 117 1868 177 1922; x_wconf 82' lang='grc' dir='ltr'><strong>αί</strong></span> <span class='ocrx_word' id='word_1_239' title='bbox 218 1871 520 1940; x_wconf 85' lang='grc' dir='ltr'>προρήσεις</span> <span class='ocrx_word' id='word_1_240' title='bbox 547 1871 656 1949; x_wconf 81' lang='grc' dir='ltr'><strong>τῶν</strong></span> <span class='ocrx_word' id='word_1_241' title='bbox 693 1872 1068 1927; x_wconf 80' lang='grc' dir='ltr'>θεοπνεύστων</span> <span class='ocrx_word' id='word_1_242' title='bbox 1111 1874 1349 1945; x_wconf 85' lang='grc' dir='ltr'>Γραφῶν</span> <span class='ocrx_word' id='word_1_243' title='bbox 1377 1876 1457 1938; x_wconf 78' lang='grc' dir='ltr'><strong>είς</strong></span> <span class='ocrx_word' id='word_1_244' title='bbox 1485 1875 1580 1927; x_wconf 82' lang='lat' dir='ltr'><strong>rbv</strong></span> <span class='ocrx_word' id='word_1_245' title='bbox 1606 1876 1704 1945; x_wconf 83' lang='grc' dir='ltr'>τῆς</span> 
     </span>
    </p>
   </div>
   <div class='ocr_carea' id='block_1_37' title="bbox 116 1962 1708 2038">
    <p class='ocr_par' dir='ltr' id='par_1_37' title="bbox 116 1962 1708 2038">
     <span class='ocr_line' id='line_1_37' title="bbox 116 1962 1708 2038; baseline 0.004 -26"><span class='ocrx_word' id='word_1_246' title='bbox 116 1962 435 2031; x_wconf 72' lang='grc' dir='ltr'>οἰκονομίας</span> <span class='ocrx_word' id='word_1_247' title='bbox 460 1965 789 2018; x_wconf 77' lang='grc' dir='ltr'>Δεσποτικδν</span> <span class='ocrx_word' id='word_1_248' title='bbox 816 1966 1021 2035; x_wconf 85' lang='grc' dir='ltr'>χιτῶνα</span> <span class='ocrx_word' id='word_1_249' title='bbox 1055 1966 1381 2038; x_wconf 79' lang='grc' dir='ltr'>κατέληξαν,</span> <span class='ocrx_word' id='word_1_250' title='bbox 1410 1966 1469 2020; x_wconf 87' lang='grc' dir='ltr'><strong>δν</strong></span> <span class='ocrx_word' id='word_1_251' title='bbox 1491 1966 1708 2036; x_wconf 88' lang='grc' dir='ltr'>ἀνείλη-</span> 
     </span>
    </p>
   </div>
   <div class='ocr_carea' id='block_1_38' title="bbox 119 2050 1700 2127">
    <p class='ocr_par' dir='ltr' id='par_1_38' title="bbox 119 2050 1700 2127">
     <span class='ocr_line' id='line_1_38' title="bbox 119 2050 1700 2127; baseline 0.004 -27"><span class='ocrx_word' id='word_1_252' title='bbox 119 2065 223 2114; x_wconf 81' lang='grc' dir='ltr'><strong>φεν</strong></span> <span class='ocrx_word' id='word_1_253' title='bbox 253 2050 318 2102; x_wconf 86' lang='grc' dir='ltr'>ὲκ</span> <span class='ocrx_word' id='word_1_254' title='bbox 345 2050 446 2120; x_wconf 84' lang='grc' dir='ltr'>τῆς</span> <span class='ocrx_word' id='word_1_255' title='bbox 478 2052 643 2120; x_wconf 79' lang='grc' dir='ltr'>ἁγίας</span> <span class='ocrx_word' id='word_1_256' title='bbox 668 2054 878 2121; x_wconf 80' lang='grc' dir='ltr'>ἐνδόξου</span> <span class='ocrx_word' id='word_1_257' title='bbox 910 2056 1006 2108; x_wconf 76' lang='grc' dir='ltr'><strong>καὶ</strong></span> <span class='ocrx_word' id='word_1_258' title='bbox 1045 2056 1438 2127; x_wconf 84' lang='grc' dir='ltr'>Ἀειπαρθένου</span> <span class='ocrx_word' id='word_1_259' title='bbox 1461 2057 1700 2127; x_wconf 78' lang='grc' dir='ltr'>Μαρίας·</span> 
     </span>
    </p>
   </div>
   <div class='ocr_carea' id='block_1_39' title="bbox 120 2140 1706 2221">
    <p class='ocr_par' dir='ltr' id='par_1_39' title="bbox 120 2140 1706 2221">
     <span class='ocr_line' id='line_1_39' title="bbox 120 2140 1706 2221; baseline 0.006 -28"><span class='ocrx_word' id='word_1_260' title='bbox 120 2140 363 2210; x_wconf 79' lang='grc' dir='ltr'>φθαρτὸν</span> <span class='ocrx_word' id='word_1_261' title='bbox 428 2144 527 2214; x_wconf 83' lang='grc' dir='ltr'><strong>μὲν</strong></span> <span class='ocrx_word' id='word_1_262' title='bbox 581 2145 672 2200; x_wconf 69' lang='grc' dir='ltr'>διὰ</span> <span class='ocrx_word' id='word_1_263' title='bbox 722 2147 781 2200; x_wconf 97' lang='lat' dir='ltr'><strong>rb</strong></span> <span class='ocrx_word' id='word_1_264' title='bbox 805 2148 1137 2217; x_wconf 82' lang='grc' dir='ltr'>ὁμοιοπαθὲς</span> <span class='ocrx_word' id='word_1_265' title='bbox 1188 2150 1326 2221; x_wconf 77' lang='grc' dir='ltr'>ἡμῖν</span> <span class='ocrx_word' id='word_1_266' title='bbox 1372 2150 1706 2214; x_wconf 81' lang='grc' dir='ltr'>ἀποτελέσας</span> 
     </span>
    </p>
   </div>
   <div class='ocr_carea' id='block_1_40' title="bbox 119 2226 1708 2313">
    <p class='ocr_par' dir='ltr' id='par_1_40' title="bbox 119 2226 1708 2313">
     <span class='ocr_line' id='line_1_40' title="bbox 119 2226 1708 2313; baseline 0.006 -27"><span class='ocrx_word' id='word_1_267' title='bbox 119 2232 421 2303; x_wconf 59' lang='grc' dir='ltr'>ἄφθαρτον,</span> <span class='ocrx_word' id='word_1_268' title='bbox 455 2234 540 2289; x_wconf 82' lang='grc' dir='ltr'><strong>ἴνα</strong></span> <span class='ocrx_word' id='word_1_269' title='bbox 568 2239 715 2307; x_wconf 79' lang='grc' dir='ltr'>ἡμᾶς</span> <span class='ocrx_word' id='word_1_270' title='bbox 741 2238 865 2302; x_wconf 80' lang='grc' dir='ltr'>τοὺς</span> <span class='ocrx_word' id='word_1_271' title='bbox 898 2238 1003 2311; x_wconf 65' lang='grc' dir='ltr'><strong>ὑπὸ</strong></span> <span class='ocrx_word' id='word_1_272' title='bbox 1034 2240 1136 2310; x_wconf 81' lang='grc' dir='ltr'>τῆς</span> <span class='ocrx_word' id='word_1_273' title='bbox 1164 2226 1369 2313; x_wconf 69' lang='grc' dir='ltr'>φθοράς</span> <span class='ocrx_word' id='word_1_274' title='bbox 1403 2242 1708 2312; x_wconf 84' lang='grc' dir='ltr'>κατεχομέ-</span> 
     </span>
    </p>
   </div>
   <div class='ocr_carea' id='block_1_41' title="bbox 120 2325 1703 2405">
    <p class='ocr_par' dir='ltr' id='par_1_41' title="bbox 120 2325 1703 2405">
     <span class='ocr_line' id='line_1_41' title="bbox 120 2325 1703 2405; baseline 0.006 -28"><span class='ocrx_word' id='word_1_275' title='bbox 120 2343 250 2389; x_wconf 87' lang='grc' dir='ltr'>νους</span> <span class='ocrx_word' id='word_1_276' title='bbox 279 2325 657 2398; x_wconf 78' lang='grc' dir='ltr'>ἐλευθερώσας</span> <span class='ocrx_word' id='word_1_277' title='bbox 699 2331 1089 2404; x_wconf 80' lang='grc' dir='ltr'>μετασκευάσῃ</span> <span class='ocrx_word' id='word_1_278' title='bbox 1118 2333 1198 2395; x_wconf 78' lang='grc' dir='ltr'><strong>είς</strong></span> <span class='ocrx_word' id='word_1_279' title='bbox 1232 2326 1564 2405; x_wconf 74' lang='grc' dir='ltr'>ἀφθαρσίαν.</span> <span class='ocrx_word' id='word_1_280' title='bbox 1598 2334 1703 2386; x_wconf 78' lang='grc' dir='ltr'><strong>Πει-</strong></span> 
     </span>
    </p>
   </div>
   <div class='ocr_carea' id='block_1_42' title="bbox 127 2416 1707 2491">
    <p class='ocr_par' dir='ltr' id='par_1_42' title="bbox 127 2416 1707 2491">
     <span class='ocr_line' id='line_1_42' title="bbox 127 2416 1707 2491; baseline 0.006 -22"><span class='ocrx_word' id='word_1_281' title='bbox 127 2416 345 2487; x_wconf 80' lang='grc' dir='ltr'>ρίζωμα</span> <span class='ocrx_word' id='word_1_282' title='bbox 376 2418 433 2472; x_wconf 76' lang='grc' dir='ltr'>δὲ</span> <span class='ocrx_word' id='word_1_283' title='bbox 474 2420 624 2489; x_wconf 81' lang='grc' dir='ltr'>λέγω</span> <span class='ocrx_word' id='word_1_284' title='bbox 675 2422 775 2474; x_wconf 76' lang='grc' dir='ltr'>οὐκ</span> <span class='ocrx_word' id='word_1_285' title='bbox 815 2422 994 2476; x_wconf 84' lang='grc' dir='ltr'>ἐκεῖνο</span> <span class='ocrx_word' id='word_1_286' title='bbox 1037 2424 1099 2477; x_wconf 89' lang='lat' dir='ltr'><strong>rb</strong></span> <span class='ocrx_word' id='word_1_287' title='bbox 1152 2423 1477 2491; x_wconf 81' lang='grc' dir='ltr'>Ἰουδαϊκὸν,</span> <span class='ocrx_word' id='word_1_288' title='bbox 1510 2424 1571 2479; x_wconf 89' lang='lat' dir='ltr'><strong>rb</strong></span> <span class='ocrx_word' id='word_1_289' title='bbox 1602 2424 1707 2478; x_wconf 79' lang='grc' dir='ltr'><strong>ὑπὸ</strong></span> 
     </span>
    </p>
   </div>
   <div class='ocr_carea' id='block_1_43' title="bbox 135 2509 1706 2588">
    <p class='ocr_par' dir='ltr' id='par_1_43' title="bbox 135 2509 1706 2588">
     <span class='ocr_line' id='line_1_43' title="bbox 135 2509 1706 2588; baseline 0.006 -27"><span class='ocrx_word' id='word_1_290' title='bbox 135 2509 402 2581; x_wconf 81' lang='grc' dir='ltr'>Ἱερεμίου</span> <span class='ocrx_word' id='word_1_291' title='bbox 431 2513 766 2583; x_wconf 62' lang='grc' dir='ltr'>κρυφένικαὶ</span> <span class='ocrx_word' id='word_1_292' title='bbox 798 2514 1006 2586; x_wconf 81' lang='grc' dir='ltr'>φθαρὲν</span> <span class='ocrx_word' id='word_1_293' title='bbox 1036 2516 1095 2569; x_wconf 80' lang='grc' dir='ltr'><strong>ἐν</strong></span> <span class='ocrx_word' id='word_1_294' title='bbox 1128 2515 1207 2587; x_wconf 84' lang='grc' dir='ltr'>τῷ</span> <span class='ocrx_word' id='word_1_295' title='bbox 1240 2516 1497 2588; x_wconf 76' lang='grc' dir='ltr'><strong>Εὐφράτῃ</strong></span> <span class='ocrx_word' id='word_1_296' title='bbox 1532 2534 1706 2570; x_wconf 82' lang='grc' dir='ltr'>ποτα·</span> 
     </span>
    </p>
   </div>
   <div class='ocr_carea' id='block_1_44' title="bbox 127 2601 1706 2681">
    <p class='ocr_par' dir='ltr' id='par_1_44' title="bbox 127 2601 1706 2681">
     <span class='ocr_line' id='line_1_44' title="bbox 127 2601 1706 2681; baseline 0.006 -27"><span class='ocrx_word' id='word_1_297' title='bbox 127 2601 235 2671; x_wconf 84' lang='grc' dir='ltr'><strong>μῷ.</strong></span> <span class='ocrx_word' id='word_1_298' title='bbox 272 2602 411 2657; x_wconf 72' lang='grc' dir='ltr'><strong>ἀλλὰ</strong></span> <span class='ocrx_word' id='word_1_299' title='bbox 431 2604 492 2656; x_wconf 84' lang='grc' dir='ltr'><strong>τὸ</strong></span> <span class='ocrx_word' id='word_1_300' title='bbox 513 2605 610 2674; x_wconf 81' lang='grc' dir='ltr'>τῆς</span> <span class='ocrx_word' id='word_1_301' title='bbox 650 2605 777 2668; x_wconf 82' lang='grc' dir='ltr'>νέας</span> <span class='ocrx_word' id='word_1_302' title='bbox 809 2606 1053 2678; x_wconf 85' lang='grc' dir='ltr'>χάριτος,</span> <span class='ocrx_word' id='word_1_303' title='bbox 1083 2609 1221 2678; x_wconf 83' lang='grc' dir='ltr'>ὅπερ</span> <span class='ocrx_word' id='word_1_304' title='bbox 1264 2610 1291 2662; x_wconf 87' lang='grc' dir='ltr'><strong>ὀ</strong></span> <span class='ocrx_word' id='word_1_305' title='bbox 1332 2610 1540 2680; x_wconf 82' lang='grc' dir='ltr'>Κύριος</span> <span class='ocrx_word' id='word_1_306' title='bbox 1572 2611 1706 2681; x_wconf 87' lang='grc' dir='ltr'>ήμῖν</span> 
     </span>
    </p>
   </div>
   <div class='ocr_carea' id='block_1_45' title="bbox 125 2684 1706 2770">
    <p class='ocr_par' dir='ltr' id='par_1_45' title="bbox 125 2684 1706 2770">
     <span class='ocr_line' id='line_1_45' title="bbox 125 2684 1706 2770; baseline 0.005 -24"><span class='ocrx_word' id='word_1_307' title='bbox 125 2693 428 2766; x_wconf 72' lang='grc' dir='ltr'>ύπέδειξεν.</span> <span class='ocrx_word' id='word_1_308' title='bbox 462 2695 914 2768; x_wconf 74' lang='grc' dir='ltr'>Περιξωσάμενος</span> <span class='ocrx_word' id='word_1_309' title='bbox 948 2684 1044 2753; x_wconf 75' lang='grc' dir='ltr'>καὶ</span> <span class='ocrx_word' id='word_1_310' title='bbox 1093 2700 1419 2770; x_wconf 79' lang='grc' dir='ltr'>καταμάξας</span> <span class='ocrx_word' id='word_1_311' title='bbox 1447 2701 1576 2764; x_wconf 77' lang='grc' dir='ltr'>τοὺς</span> <span class='ocrx_word' id='word_1_312' title='bbox 1604 2701 1706 2754; x_wconf 79' lang='grc' dir='ltr'><strong>πό-</strong></span> 
     </span>
    </p>
   </div>
   <div class='ocr_carea' id='block_1_46' title="bbox 119 2787 1705 2864">
    <p class='ocr_par' dir='ltr' id='par_1_46' title="bbox 119 2787 1705 2864">
     <span class='ocr_line' id='line_1_46' title="bbox 119 2787 1705 2864; baseline 0.003 -22"><span class='ocrx_word' id='word_1_313' title='bbox 119 2787 223 2851; x_wconf 68' lang='grc' dir='ltr'><strong>δας</strong></span> <span class='ocrx_word' id='word_1_314' title='bbox 251 2787 359 2841; x_wconf 83' lang='grc' dir='ltr'>τῶν</span> <span class='ocrx_word' id='word_1_315' title='bbox 388 2789 584 2843; x_wconf 78' lang='grc' dir='ltr'>ἑαυτοῦ</span> <span class='ocrx_word' id='word_1_316' title='bbox 630 2791 913 2862; x_wconf 83' lang='grc' dir='ltr'>μαθητῶν,</span> <span class='ocrx_word' id='word_1_317' title='bbox 960 2792 1047 2846; x_wconf 78' lang='grc' dir='ltr'><strong>ἵνα</strong></span> <span class='ocrx_word' id='word_1_318' title='bbox 1088 2792 1181 2845; x_wconf 86' lang='grc' dir='ltr'><strong>τοῦ</strong></span> <span class='ocrx_word' id='word_1_319' title='bbox 1231 2792 1409 2864; x_wconf 75' lang='grc' dir='ltr'>ῥύπου</span> <span class='ocrx_word' id='word_1_320' title='bbox 1452 2793 1553 2862; x_wconf 81' lang='grc' dir='ltr'>τῆς</span> <span class='ocrx_word' id='word_1_321' title='bbox 1597 2811 1705 2846; x_wconf 85' lang='grc' dir='ltr'>πα-</span> 
     </span>
    </p>
   </div>
   <div class='ocr_carea' id='block_1_47' title="bbox 119 2881 1701 2956">
    <p class='ocr_par' dir='ltr' id='par_1_47' title="bbox 119 2881 1701 2956">
     <span class='ocr_line' id='line_1_47' title="bbox 119 2881 1701 2956; baseline 0.003 -22"><span class='ocrx_word' id='word_1_322' title='bbox 119 2882 282 2940; x_wconf 76' lang='grc' dir='ltr'>λαιᾶς</span> <span class='ocrx_word' id='word_1_323' title='bbox 311 2881 489 2953; x_wconf 85' lang='grc' dir='ltr'>ζύμης</span> <span class='ocrx_word' id='word_1_324' title='bbox 526 2883 954 2955; x_wconf 87' lang='grc' dir='ltr'>καθαρισθέντες</span> <span class='ocrx_word' id='word_1_325' title='bbox 986 2886 1252 2954; x_wconf 83' lang='grc' dir='ltr'>γένωνται</span> <span class='ocrx_word' id='word_1_326' title='bbox 1298 2885 1418 2939; x_wconf 82' lang='grc' dir='ltr'>νέον</span> <span class='ocrx_word' id='word_1_327' title='bbox 1451 2885 1701 2956; x_wconf 83' lang='grc' dir='ltr'>φύραμα,</span> 
     </span>
    </p>
   </div>
   <div class='ocr_carea' id='block_1_48' title="bbox 120 2968 1706 3049">
    <p class='ocr_par' dir='ltr' id='par_1_48' title="bbox 120 2968 1706 3049">
     <span class='ocr_line' id='line_1_48' title="bbox 120 2968 1706 3049; baseline 0.002 -22"><span class='ocrx_word' id='word_1_328' title='bbox 120 2973 227 3027; x_wconf 77' lang='grc' dir='ltr'><strong>καὶ</strong></span> <span class='ocrx_word' id='word_1_329' title='bbox 258 2968 390 3029; x_wconf 72' lang='grc' dir='ltr'>ὦσιν</span> <span class='ocrx_word' id='word_1_330' title='bbox 419 2977 470 3028; x_wconf 83' lang='grc' dir='ltr'>οί</span> <span class='ocrx_word' id='word_1_331' title='bbox 501 2976 660 3040; x_wconf 80' lang='grc' dir='ltr'>πόδες</span> <span class='ocrx_word' id='word_1_332' title='bbox 707 2976 888 3031; x_wconf 84' lang='grc' dir='ltr'>αὐτῶν</span> <span class='ocrx_word' id='word_1_333' title='bbox 926 2977 1117 3048; x_wconf 82' lang='grc' dir='ltr'>ὡραῖοι</span> <span class='ocrx_word' id='word_1_334' title='bbox 1161 2977 1236 3040; x_wconf 83' lang='grc' dir='ltr'><strong>ὡς</strong></span> <span class='ocrx_word' id='word_1_335' title='bbox 1275 2976 1706 3049; x_wconf 79' lang='grc' dir='ltr'>εὐαγγελιζομέ-</span> 
     </span>
    </p>
   </div>
   <div class='ocr_carea' id='block_1_49' title="bbox 124 3066 1706 3143">
    <p class='ocr_par' dir='ltr' id='par_1_49' title="bbox 124 3066 1706 3143">
     <span class='ocr_line' id='line_1_49' title="bbox 124 3066 1706 3143; baseline 0.001 -23"><span class='ocrx_word' id='word_1_336' title='bbox 124 3080 238 3120; x_wconf 86' lang='grc' dir='ltr'><strong>νων</strong></span> <span class='ocrx_word' id='word_1_337' title='bbox 265 3066 640 3143; x_wconf 41' lang='grc' dir='ltr'>είρήνηνκκαὶ</span> <span class='ocrx_word' id='word_1_338' title='bbox 671 3068 913 3121; x_wconf 82' lang='grc' dir='ltr'>πατῶσιν</span> <span class='ocrx_word' id='word_1_339' title='bbox 960 3069 1145 3123; x_wconf 84' lang='grc' dir='ltr'>ἐπάνω</span> <span class='ocrx_word' id='word_1_340' title='bbox 1192 3067 1370 3138; x_wconf 66' lang='grc' dir='ltr'>ὄφεων</span> <span class='ocrx_word' id='word_1_341' title='bbox 1406 3068 1501 3121; x_wconf 74' lang='grc' dir='ltr'><strong>καὶ</strong></span> <span class='ocrx_word' id='word_1_342' title='bbox 1541 3085 1706 3141; x_wconf 88' lang='grc' dir='ltr'>σκορ-</span> 
     </span>
    </p>
   </div>
   <div class='ocr_carea' id='block_1_50' title="bbox 123 3157 1703 3230">
    <p class='ocr_par' dir='ltr' id='par_1_50' title="bbox 123 3157 1703 3230">
     <span class='ocr_line' id='line_1_50' title="bbox 123 3157 1703 3230; baseline 0.003 -21"><span class='ocrx_word' id='word_1_343' title='bbox 123 3157 293 3221; x_wconf 82' lang='grc' dir='ltr'>πίων,</span> <span class='ocrx_word' id='word_1_344' title='bbox 316 3158 411 3210; x_wconf 74' lang='grc' dir='ltr'>καὶ</span> <span class='ocrx_word' id='word_1_345' title='bbox 436 3158 528 3211; x_wconf 69' lang='grc' dir='ltr'>ἐπὶ</span> <span class='ocrx_word' id='word_1_346' title='bbox 552 3159 730 3211; x_wconf 78' lang='grc' dir='ltr'>πᾶσαν</span> <span class='ocrx_word' id='word_1_347' title='bbox 751 3158 853 3229; x_wconf 78' lang='grc' dir='ltr'>τὴν</span> <span class='ocrx_word' id='word_1_348' title='bbox 879 3158 1110 3230; x_wconf 81' lang='grc' dir='ltr'>δύναμιν</span> <span class='ocrx_word' id='word_1_349' title='bbox 1131 3159 1226 3213; x_wconf 79' lang='grc' dir='ltr'><strong>τοῦ</strong></span> <span class='ocrx_word' id='word_1_350' title='bbox 1252 3160 1344 3230; x_wconf 87' lang='grc' dir='ltr'>ἐχθ</span> <span class='ocrx_word' id='word_1_351' title='bbox 1355 3158 1468 3229; x_wconf 80' lang='grc' dir='ltr'>ροῢ.</span> <span class='ocrx_word' id='word_1_352' title='bbox 1497 3159 1703 3214; x_wconf 89' lang='grc' dir='ltr'>Τούτου</span> 
     </span>
    </p>
   </div>
   <div class='ocr_carea' id='block_1_51' title="bbox 123 3246 1702 3329">
    <p class='ocr_par' dir='ltr' id='par_1_51' title="bbox 123 3246 1702 3329">
     <span class='ocr_line' id='line_1_51' title="bbox 123 3246 1702 3329; baseline 0 -26"><span class='ocrx_word' id='word_1_353' title='bbox 123 3246 223 3303; x_wconf 75' lang='grc' dir='ltr'><strong>τού</strong></span> <span class='ocrx_word' id='word_1_354' title='bbox 255 3248 638 3329; x_wconf 64' lang='grc' dir='ltr'><strong>⁸ττιεριζώματος</strong></span> <span class='ocrx_word' id='word_1_355' title='bbox 666 3251 765 3320; x_wconf 80' lang='grc' dir='ltr'><strong>τὴν</strong></span> <span class='ocrx_word' id='word_1_356' title='bbox 793 3251 1135 3322; x_wconf 84' lang='grc' dir='ltr'>εὐπρέπειαν</span> <span class='ocrx_word' id='word_1_357' title='bbox 1179 3250 1419 3322; x_wconf 78' lang='grc' dir='ltr'>Χριστὸς</span> <span class='ocrx_word' id='word_1_358' title='bbox 1442 3250 1543 3321; x_wconf 81' lang='grc' dir='ltr'>τὴν</span> <span class='ocrx_word' id='word_1_359' title='bbox 1576 3252 1702 3305; x_wconf 81' lang='grc' dir='ltr'>ἐαυ-</span> 
     </span>
    </p>
   </div>
   <div class='ocr_carea' id='block_1_52' title="bbox 124 3337 1708 3413">
    <p class='ocr_par' dir='ltr' id='par_1_52' title="bbox 124 3337 1708 3413">
     <span class='ocr_line' id='line_1_52' title="bbox 124 3337 1708 3413; baseline 0.001 -21"><span class='ocrx_word' id='word_1_360' title='bbox 124 3337 225 3392; x_wconf 82' lang='grc' dir='ltr'><strong>τοῦ</strong></span> <span class='ocrx_word' id='word_1_361' title='bbox 262 3340 588 3412; x_wconf 67' lang='grc' dir='ltr'>Ἐκκλησίαν</span> <span class='ocrx_word' id='word_1_362' title='bbox 622 3343 893 3408; x_wconf 81' lang='grc' dir='ltr'>ἐνέδυσεν,</span> <span class='ocrx_word' id='word_1_363' title='bbox 929 3342 1220 3408; x_wconf 78' lang='grc' dir='ltr'>σκεπάζων</span> <span class='ocrx_word' id='word_1_364' title='bbox 1249 3341 1408 3413; x_wconf 83' lang='grc' dir='ltr'>ήμῶν</span> <span class='ocrx_word' id='word_1_365' title='bbox 1435 3343 1564 3405; x_wconf 71' lang='grc' dir='ltr'>τοὺς</span> <span class='ocrx_word' id='word_1_366' title='bbox 1594 3340 1708 3412; x_wconf 83' lang='grc' dir='ltr'><strong>μώ-</strong></span> 
     </span>
    </p>
   </div>
   <div class='ocr_carea' id='block_1_53' title="bbox 131 3433 1709 3507">
    <p class='ocr_par' dir='ltr' id='par_1_53' title="bbox 131 3433 1709 3507">
     <span class='ocr_line' id='line_1_53' title="bbox 131 3433 1709 3507; baseline 0 -22"><span class='ocrx_word' id='word_1_367' title='bbox 131 3449 292 3502; x_wconf 88' lang='grc' dir='ltr'>μους,</span> <span class='ocrx_word' id='word_1_368' title='bbox 324 3435 419 3487; x_wconf 62' lang='grc' dir='ltr'><strong>καὶ⁸</strong></span> <span class='ocrx_word' id='word_1_369' title='bbox 459 3434 558 3504; x_wconf 82' lang='grc' dir='ltr'>τὴν</span> <span class='ocrx_word' id='word_1_370' title='bbox 586 3436 891 3507; x_wconf 87' lang='grc' dir='ltr'>γενομένην</span> <span class='ocrx_word' id='word_1_371' title='bbox 935 3436 1001 3489; x_wconf 86' lang='grc' dir='ltr'><strong>ἐκ</strong></span> <span class='ocrx_word' id='word_1_372' title='bbox 1035 3436 1134 3505; x_wconf 82' lang='grc' dir='ltr'>τῆς</span> <span class='ocrx_word' id='word_1_373' title='bbox 1164 3433 1258 3488; x_wconf 83' lang='grc' dir='ltr'><strong>τοῦ</strong></span> <span class='ocrx_word' id='word_1_374' title='bbox 1310 3433 1484 3504; x_wconf 79' lang='grc' dir='ltr'>Ἀδὰμ</span> <span class='ocrx_word' id='word_1_375' title='bbox 1527 3450 1709 3505; x_wconf 82' lang='grc' dir='ltr'>παρα-</span> 
     </span>
    </p>
   </div>
   <div class='ocr_carea' id='block_1_54' title="bbox 127 3523 1710 3597">
    <p class='ocr_par' dir='ltr' id='par_1_54' title="bbox 127 3523 1710 3597">
     <span class='ocr_line' id='line_1_54' title="bbox 127 3523 1710 3597; baseline 0.002 -22"><span class='ocrx_word' id='word_1_376' title='bbox 127 3523 342 3588; x_wconf 75' lang='grc' dir='ltr'>ϐάσεως</span> <span class='ocrx_word' id='word_1_377' title='bbox 373 3525 675 3597; x_wconf 78' lang='grc' dir='ltr'>γύμνωσιν,</span> <span class='ocrx_word' id='word_1_378' title='bbox 714 3527 855 3581; x_wconf 79' lang='grc' dir='ltr'>κατὰ</span> <span class='ocrx_word' id='word_1_379' title='bbox 892 3526 953 3579; x_wconf 88' lang='lat' dir='ltr'><strong>rb</strong></span> <span class='ocrx_word' id='word_1_380' title='bbox 989 3525 1282 3597; x_wconf 74' lang='grc' dir='ltr'>εἰρημένον</span> <span class='ocrx_word' id='word_1_381' title='bbox 1306 3541 1322 3556; x_wconf 80' lang='grc' dir='ltr'><strong><em>ο</em></strong></span> <span class='ocrx_word' id='word_1_382' title='bbox 1354 3542 1373 3576; x_wconf 80' lang='grc' dir='ltr'><strong>ι</strong></span> <span class='ocrx_word' id='word_1_383' title='bbox 1403 3523 1710 3596; x_wconf 80' lang='grc' dir='ltr'>Διέρῤηξας</span> 
     </span>
    </p>
   </div>
   <div class='ocr_carea' id='block_1_55' title="bbox 129 3614 1708 3686">
    <p class='ocr_par' dir='ltr' id='par_1_55' title="bbox 129 3614 1708 3686">
     <span class='ocr_line' id='line_1_55' title="bbox 129 3614 1708 3686; baseline 0 -19"><span class='ocrx_word' id='word_1_384' title='bbox 129 3615 223 3667; x_wconf 79' lang='lat' dir='ltr'><strong>rbv</strong></span> <span class='ocrx_word' id='word_1_385' title='bbox 253 3616 457 3670; x_wconf 79' lang='grc' dir='ltr'>σάκκον</span> <span class='ocrx_word' id='word_1_386' title='bbox 486 3635 609 3684; x_wconf 85' lang='grc' dir='ltr'>μου,</span> <span class='ocrx_word' id='word_1_387' title='bbox 640 3614 755 3671; x_wconf 57' lang='grc' dir='ltr'><strong>καῖ</strong></span> <span class='ocrx_word' id='word_1_388' title='bbox 781 3616 1126 3686; x_wconf 78' lang='grc' dir='ltr'>περιέζωσάς</span> <span class='ocrx_word' id='word_1_389' title='bbox 1171 3633 1239 3686; x_wconf 88' lang='grc' dir='ltr'><strong>με</strong></span> <span class='ocrx_word' id='word_1_390' title='bbox 1284 3614 1649 3685; x_wconf 83' lang='grc' dir='ltr'>εὐφροσύνην.</span> <span class='ocrx_word' id='word_1_391' title='bbox 1688 3634 1708 3668; x_wconf 69' lang='grc' dir='ltr'><strong>ι</strong></span> 
     </span>
    </p>
   </div>
   <div class='ocr_carea' id='block_1_56' title="bbox 129 3704 1715 3777">
    <p class='ocr_par' dir='ltr' id='par_1_56' title="bbox 129 3704 1715 3777">
     <span class='ocr_line' id='line_1_56' title="bbox 129 3704 1715 3777; baseline 0.001 -20"><span class='ocrx_word' id='word_1_392' title='bbox 129 3704 301 3759; x_wconf 78' lang='grc' dir='ltr'>Τοῦτο</span> <span class='ocrx_word' id='word_1_393' title='bbox 333 3706 631 3775; x_wconf 81' lang='grc' dir='ltr'>ἐνδυόμεθα</span> <span class='ocrx_word' id='word_1_394' title='bbox 654 3709 717 3761; x_wconf 84' lang='grc' dir='ltr'><strong>ἐκ</strong></span> <span class='ocrx_word' id='word_1_395' title='bbox 742 3707 849 3760; x_wconf 84' lang='grc' dir='ltr'><strong>τῶν</strong></span> <span class='ocrx_word' id='word_1_396' title='bbox 871 3706 1033 3760; x_wconf 84' lang='grc' dir='ltr'>θείων</span> <span class='ocrx_word' id='word_1_397' title='bbox 1053 3705 1309 3777; x_wconf 83' lang='grc' dir='ltr'>Γραφῶν.</span> <span class='ocrx_word' id='word_1_398' title='bbox 1348 3706 1715 3777; x_wconf 84' lang='grc' dir='ltr'>Ἐρευνῶντες</span> 
     </span>
    </p>
   </div>
   <div class='ocr_carea' id='block_1_57' title="bbox 131 3780 1712 3866">
    <p class='ocr_par' dir='ltr' id='par_1_57' title="bbox 131 3780 1712 3866">
     <span class='ocr_line' id='line_1_57' title="bbox 131 3780 1712 3866; baseline -0.001 -21"><span class='ocrx_word' id='word_1_399' title='bbox 131 3794 240 3862; x_wconf 77' lang='grc' dir='ltr'><strong>γὰρ</strong></span> <span class='ocrx_word' id='word_1_400' title='bbox 268 3794 441 3857; x_wconf 73' lang='grc' dir='ltr'>αὑτὰς</span> <span class='ocrx_word' id='word_1_401' title='bbox 470 3780 802 3866; x_wconf 79' lang='grc' dir='ltr'>εὑρίσκομεν</span> <span class='ocrx_word' id='word_1_402' title='bbox 824 3780 932 3865; x_wconf 48' lang='grc' dir='ltr'>’τὴν</span> <span class='ocrx_word' id='word_1_403' title='bbox 964 3792 1181 3847; x_wconf 76' lang='grc' dir='ltr'>αἰώνιον</span> <span class='ocrx_word' id='word_1_404' title='bbox 1203 3865 1208 3866; x_wconf 13' lang='grc' dir='ltr'>ί</span> <span class='ocrx_word' id='word_1_405' title='bbox 1228 3791 1395 3862; x_wconf 77' lang='grc' dir='ltr'>ζωὴν,</span> <span class='ocrx_word' id='word_1_406' title='bbox 1426 3791 1589 3845; x_wconf 80' lang='grc' dir='ltr'>αὑτὸν</span> <span class='ocrx_word' id='word_1_407' title='bbox 1620 3791 1712 3844; x_wconf 77' lang='grc' dir='ltr'><strong>τὸν</strong></span> 
     </span>
    </p>
   </div>
   <div class='ocr_carea' id='block_1_58' title="bbox 130 3865 1713 3957">
    <p class='ocr_par' dir='ltr' id='par_1_58' title="bbox 130 3865 1713 3957">
     <span class='ocr_line' id='line_1_58' title="bbox 130 3865 1713 3957; baseline 0.002 -22"><span class='ocrx_word' id='word_1_408' title='bbox 130 3880 337 3952; x_wconf 82' lang='grc' dir='ltr'>Κύριον</span> <span class='ocrx_word' id='word_1_409' title='bbox 384 3865 547 3953; x_wconf 83' lang='grc' dir='ltr'>ήμῶν</span> <span class='ocrx_word' id='word_1_410' title='bbox 583 3874 812 3955; x_wconf 71' lang='grc' dir='ltr'>Ἰησοῦν</span> <span class='ocrx_word' id='word_1_411' title='bbox 843 3886 1078 3957; x_wconf 80' lang='grc' dir='ltr'>Χριστὸν</span> <span class='ocrx_word' id='word_1_412' title='bbox 1132 3865 1223 3939; x_wconf 71' lang='grc' dir='ltr'><strong>τὸν</strong></span> <span class='ocrx_word' id='word_1_413' title='bbox 1279 3883 1534 3955; x_wconf 74' lang='grc' dir='ltr'>ἀληθινὸν</span> <span class='ocrx_word' id='word_1_414' title='bbox 1579 3879 1713 3938; x_wconf 65' lang='grc' dir='ltr'>Θεδν</span> 
     </span>
    </p>
   </div>
   <div class='ocr_carea' id='block_1_59' title="bbox 133 3974 1707 4049">
    <p class='ocr_par' dir='ltr' id='par_1_59' title="bbox 133 3974 1707 4049">
     <span class='ocr_line' id='line_1_59' title="bbox 133 3974 1707 4049; baseline 0.004 -24"><span class='ocrx_word' id='word_1_415' title='bbox 133 3974 311 4045; x_wconf 86' lang='grc' dir='ltr'>ήμῶν.</span> <span class='ocrx_word' id='word_1_416' title='bbox 352 3976 510 4030; x_wconf 73' lang='grc' dir='ltr'>Ἀλλὰ</span> <span class='ocrx_word' id='word_1_417' title='bbox 538 3976 695 4031; x_wconf 86' lang='grc' dir='ltr'>καλεί</span> <span class='ocrx_word' id='word_1_418' title='bbox 726 3979 873 4048; x_wconf 73' lang='grc' dir='ltr'>ήμᾶς</span> <span class='ocrx_word' id='word_1_419' title='bbox 899 3981 927 4033; x_wconf 84' lang='grc' dir='ltr'><strong>ὁ</strong></span> <span class='ocrx_word' id='word_1_420' title='bbox 953 3978 1144 4049; x_wconf 73' lang='grc' dir='ltr'>καιρὸς</span> <span class='ocrx_word' id='word_1_421' title='bbox 1171 3977 1358 4031; x_wconf 74' lang='grc' dir='ltr'>λοιπὸν</span> <span class='ocrx_word' id='word_1_422' title='bbox 1388 3975 1707 4031; x_wconf 85' lang='grc' dir='ltr'>καθυποτά-</span> 
     </span>
    </p>
   </div>
   <div class='ocr_carea' id='block_1_60' title="bbox 131 4065 1708 4143">
    <p class='ocr_par' dir='ltr' id='par_1_60' title="bbox 131 4065 1708 4143">
     <span class='ocr_line' id='line_1_60' title="bbox 131 4065 1708 4143; baseline 0.003 -25"><span class='ocrx_word' id='word_1_423' title='bbox 131 4065 220 4132; x_wconf 87' lang='grc' dir='ltr'><strong>ξαι</strong></span> <span class='ocrx_word' id='word_1_424' title='bbox 253 4066 320 4120; x_wconf 75' lang='grc' dir='ltr'>τὰ</span> <span class='ocrx_word' id='word_1_425' title='bbox 354 4068 621 4138; x_wconf 86' lang='grc' dir='ltr'>είρημένα</span> <span class='ocrx_word' id='word_1_426' title='bbox 648 4070 922 4139; x_wconf 83' lang='grc' dir='ltr'>κεφάλαια</span> <span class='ocrx_word' id='word_1_427' title='bbox 948 4071 1030 4133; x_wconf 84' lang='grc' dir='ltr'><strong>είς</strong></span> <span class='ocrx_word' id='word_1_428' title='bbox 1058 4068 1215 4134; x_wconf 79' lang='grc' dir='ltr'>δόξαν</span> <span class='ocrx_word' id='word_1_429' title='bbox 1241 4068 1336 4122; x_wconf 73' lang='grc' dir='ltr'>καὶ</span> <span class='ocrx_word' id='word_1_430' title='bbox 1362 4067 1587 4143; x_wconf 74' lang='grc' dir='ltr'>ἔπαινον</span> <span class='ocrx_word' id='word_1_431' title='bbox 1605 4068 1708 4138; x_wconf 80' lang='grc' dir='ltr'>τῆς</span> 
     </span>
    </p>
   </div>
   <div class='ocr_carea' id='block_1_61' title="bbox 130 4156 1705 4232">
    <p class='ocr_par' dir='ltr' id='par_1_61' title="bbox 130 4156 1705 4232">
     <span class='ocr_line' id='line_1_61' title="bbox 130 4156 1705 4232; baseline 0.001 -21"><span class='ocrx_word' id='word_1_432' title='bbox 130 4156 294 4224; x_wconf 80' lang='grc' dir='ltr'>ἁγίας</span> <span class='ocrx_word' id='word_1_433' title='bbox 321 4160 413 4212; x_wconf 75' lang='grc' dir='ltr'>καὶ</span> <span class='ocrx_word' id='word_1_434' title='bbox 444 4158 758 4232; x_wconf 76' lang='grc' dir='ltr'>ζωαρχικῆς</span> <span class='ocrx_word' id='word_1_435' title='bbox 795 4160 1046 4232; x_wconf 83' lang='grc' dir='ltr'>Τριάδος.</span> <span class='ocrx_word' id='word_1_436' title='bbox 1094 4159 1192 4213; x_wconf 82' lang='grc' dir='ltr'><strong>τοῦ</strong></span> <span class='ocrx_word' id='word_1_437' title='bbox 1251 4160 1488 4230; x_wconf 66' lang='grc' dir='ltr'>Πάτρὸς,</span> <span class='ocrx_word' id='word_1_438' title='bbox 1540 4159 1705 4229; x_wconf 75' lang='grc' dir='ltr'>φημὶ,</span> 
     </span>
    </p>
   </div>
   <div class='ocr_carea' id='block_1_62' title="bbox 1808 1878 3388 1947">
    <p class='ocr_par' dir='ltr' id='par_1_62' title="bbox 1808 1878 3388 1947">
     <span class='ocr_line' id='line_1_62' title="bbox 1808 1878 3388 1947; baseline -0.003 -11"><span class='ocrx_word' id='word_1_439' title='bbox 1808 1889 2022 1937; x_wconf 85' lang='lat' dir='ltr'><strong>cratere</strong></span> <span class='ocrx_word' id='word_1_440' title='bbox 2059 1882 2235 1938; x_wconf 61' lang='lat' dir='ltr'><strong>vineae</strong></span> <span class='ocrx_word' id='word_1_441' title='bbox 2277 1882 2427 1936; x_wconf 91' lang='lat' dir='ltr'><strong>illius</strong></span> <span class='ocrx_word' id='word_1_442' title='bbox 2463 1882 2709 1947; x_wconf 84' lang='lat' dir='ltr'><strong>veracis;</strong></span> <span class='ocrx_word' id='word_1_443' title='bbox 2745 1896 2872 1934; x_wconf 91' lang='lat' dir='ltr'><strong>nam</strong></span> <span class='ocrx_word' id='word_1_444' title='bbox 2909 1887 3188 1934; x_wconf 88' lang='lat' dir='ltr'><strong>castorum</strong></span> <span class='ocrx_word' id='word_1_445' title='bbox 3221 1878 3388 1932; x_wconf 86' lang='lat' dir='ltr'><strong>verba</strong></span> 
     </span>
    </p>
   </div>
   <div class='ocr_carea' id='block_1_63' title="bbox 1805 1964 3387 2041">
    <p class='ocr_par' dir='ltr' id='par_1_63' title="bbox 1805 1964 3387 2041">
     <span class='ocr_line' id='line_1_63' title="bbox 1805 1964 3387 2041; baseline -0.001 -16"><span class='ocrx_word' id='word_1_446' title='bbox 1805 1971 1970 2041; x_wconf 84' lang='lat' dir='ltr'><strong>plena</strong></span> <span class='ocrx_word' id='word_1_447' title='bbox 2020 1980 2150 2025; x_wconf 86' lang='lat' dir='ltr'><strong>sunt</strong></span> <span class='ocrx_word' id='word_1_448' title='bbox 2199 1964 2451 2041; x_wconf 83' lang='lat' dir='ltr'><strong>pudoris.</strong></span> <span class='ocrx_word' id='word_1_449' title='bbox 2495 1972 2564 2026; x_wconf 83' lang='lat' dir='ltr'><strong>Et</strong></span> <span class='ocrx_word' id='word_1_450' title='bbox 2614 1988 2627 2025; x_wconf 89' lang='lat'><strong>:</strong></span> <span class='ocrx_word' id='word_1_451' title='bbox 2695 1990 2714 2022; x_wconf 75' lang='grc' dir='ltr'><strong>ι</strong></span> <span class='ocrx_word' id='word_1_452' title='bbox 2773 1969 3070 2026; x_wconf 89' lang='lat' dir='ltr'><strong>Sermones</strong></span> <span class='ocrx_word' id='word_1_453' title='bbox 3113 1971 3387 2041; x_wconf 79' lang='lat' dir='ltr'><strong>iustorum</strong></span> 
     </span>
    </p>
   </div>
   <div class='ocr_carea' id='block_1_64' title="bbox 1806 2057 3391 2130">
    <p class='ocr_par' dir='ltr' id='par_1_64' title="bbox 1806 2057 3391 2130">
     <span class='ocr_line' id='line_1_64' title="bbox 1806 2057 3391 2130; baseline 0.003 -19"><span class='ocrx_word' id='word_1_454' title='bbox 1806 2057 1999 2112; x_wconf 90' lang='lat' dir='ltr'><strong>mundi</strong></span> <span class='ocrx_word' id='word_1_455' title='bbox 2037 2058 2252 2124; x_wconf 73' lang='lat' dir='ltr'><strong>sunt“,</strong></span> <span class='ocrx_word' id='word_1_456' title='bbox 2295 2077 2313 2111; x_wconf 72' lang='grc' dir='ltr'><strong>ι</strong></span> <span class='ocrx_word' id='word_1_457' title='bbox 2355 2061 2511 2130; x_wconf 80' lang='lat' dir='ltr'><strong>juxta</strong></span> <span class='ocrx_word' id='word_1_458' title='bbox 2551 2059 2916 2129; x_wconf 86' lang='lat' dir='ltr'><strong>Scripturam.</strong></span> <span class='ocrx_word' id='word_1_459' title='bbox 2952 2059 3391 2114; x_wconf 83' lang='lat' dir='ltr'><strong>Innumerabiles</strong></span> 
     </span>
    </p>
   </div>
   <div class='ocr_carea' id='block_1_65' title="bbox 1806 2151 3388 2221">
    <p class='ocr_par' dir='ltr' id='par_1_65' title="bbox 1806 2151 3388 2221">
     <span class='ocr_line' id='line_1_65' title="bbox 1806 2151 3388 2221; baseline 0 -18"><span class='ocrx_word' id='word_1_460' title='bbox 1806 2157 2074 2219; x_wconf 66' lang='lat' dir='ltr'><strong>prmterea</strong></span> <span class='ocrx_word' id='word_1_461' title='bbox 2108 2160 2436 2206; x_wconf 64' lang='lat' dir='ltr'><strong>asséruntur</strong></span> <span class='ocrx_word' id='word_1_462' title='bbox 2467 2167 2619 2217; x_wconf 85' lang='lat' dir='ltr'><strong>esse,</strong></span> <span class='ocrx_word' id='word_1_463' title='bbox 2651 2152 2723 2206; x_wconf 88' lang='lat' dir='ltr'><strong>ob</strong></span> <span class='ocrx_word' id='word_1_464' title='bbox 2755 2152 3036 2221; x_wconf 83' lang='lat' dir='ltr'><strong>copiosam</strong></span> <span class='ocrx_word' id='word_1_465' title='bbox 3075 2151 3388 2206; x_wconf 88' lang='lat' dir='ltr'><strong>multitudi-</strong></span> 
     </span>
    </p>
   </div>
   <div class='ocr_carea' id='block_1_66' title="bbox 1805 2240 3394 2295">
    <p class='ocr_par' dir='ltr' id='par_1_66' title="bbox 1805 2240 3394 2295">
     <span class='ocr_line' id='line_1_66' title="bbox 1805 2240 3394 2295; baseline 0 -1"><span class='ocrx_word' id='word_1_466' title='bbox 1805 2240 1935 2294; x_wconf 82' lang='lat' dir='ltr'><strong>nem</strong></span> <span class='ocrx_word' id='word_1_467' title='bbox 1994 2240 2268 2295; x_wconf 89' lang='lat' dir='ltr'><strong>sermonis</strong></span> <span class='ocrx_word' id='word_1_468' title='bbox 2315 2240 2581 2295; x_wconf 70' lang='lat' dir='ltr'><strong>doctrina:</strong></span> <span class='ocrx_word' id='word_1_469' title='bbox 2633 2240 2876 2294; x_wconf 90' lang='lat' dir='ltr'><strong>illorum.</strong></span> <span class='ocrx_word' id='word_1_470' title='bbox 2924 2240 3059 2294; x_wconf 89' lang='lat' dir='ltr'><strong>Tam</strong></span> <span class='ocrx_word' id='word_1_471' title='bbox 3107 2240 3255 2293; x_wconf 86' lang='lat' dir='ltr'><strong>enim</strong></span> <span class='ocrx_word' id='word_1_472' title='bbox 3304 2248 3394 2294; x_wconf 76' lang='lat' dir='ltr'><strong>est</strong></span> 
     </span>
    </p>
   </div>
   <div class='ocr_carea' id='block_1_67' title="bbox 1809 2332 3395 2409">
    <p class='ocr_par' dir='ltr' id='par_1_67' title="bbox 1809 2332 3395 2409">
     <span class='ocr_line' id='line_1_67' title="bbox 1809 2332 3395 2409; baseline 0 -23"><span class='ocrx_word' id='word_1_473' title='bbox 1809 2332 2117 2402; x_wconf 82' lang='lat' dir='ltr'><strong>multiplex,</strong></span> <span class='ocrx_word' id='word_1_474' title='bbox 2142 2340 2202 2386; x_wconf 91' lang='lat' dir='ltr'><strong>ut</strong></span> <span class='ocrx_word' id='word_1_475' title='bbox 2224 2348 2346 2387; x_wconf 87' lang='lat' dir='ltr'><strong>eam</strong></span> <span class='ocrx_word' id='word_1_476' title='bbox 2375 2333 2632 2387; x_wconf 86' lang='lat' dir='ltr'><strong>admetiri</strong></span> <span class='ocrx_word' id='word_1_477' title='bbox 2656 2341 2752 2388; x_wconf 90' lang='lat' dir='ltr'><strong>aut</strong></span> <span class='ocrx_word' id='word_1_478' title='bbox 2779 2333 2831 2386; x_wconf 92' lang='lat' dir='ltr'><strong>in</strong></span> <span class='ocrx_word' id='word_1_479' title='bbox 2862 2349 3153 2388; x_wconf 90' lang='lat' dir='ltr'><strong>numerum</strong></span> <span class='ocrx_word' id='word_1_480' title='bbox 3181 2332 3395 2409; x_wconf 76' lang='lat' dir='ltr'><strong>referre</strong></span> 
     </span>
    </p>
   </div>
   <div class='ocr_carea' id='block_1_68' title="bbox 1811 2425 3391 2497">
    <p class='ocr_par' dir='ltr' id='par_1_68' title="bbox 1811 2425 3391 2497">
     <span class='ocr_line' id='line_1_68' title="bbox 1811 2425 3391 2497; baseline 0.001 -19"><span class='ocrx_word' id='word_1_481' title='bbox 1811 2440 1970 2479; x_wconf 90' lang='lat' dir='ltr'><strong>nemo</strong></span> <span class='ocrx_word' id='word_1_482' title='bbox 2006 2434 2196 2495; x_wconf 89' lang='lat' dir='ltr'><strong>queat.</strong></span> <span class='ocrx_word' id='word_1_483' title='bbox 2226 2425 2307 2481; x_wconf 83' lang='lat' dir='ltr'><strong>Ex</strong></span> <span class='ocrx_word' id='word_1_484' title='bbox 2344 2425 2452 2480; x_wconf 90' lang='lat' dir='ltr'><strong>tela</strong></span> <span class='ocrx_word' id='word_1_485' title='bbox 2490 2426 2659 2496; x_wconf 79' lang='lat' dir='ltr'><strong>igitur</strong></span> <span class='ocrx_word' id='word_1_486' title='bbox 2692 2426 2889 2480; x_wconf 90' lang='lat' dir='ltr'><strong>harum</strong></span> <span class='ocrx_word' id='word_1_487' title='bbox 2926 2426 3210 2497; x_wconf 78' lang='lat' dir='ltr'><strong>sexaginta</strong></span> <span class='ocrx_word' id='word_1_488' title='bbox 3242 2426 3391 2495; x_wconf 86' lang='lat' dir='ltr'><strong>regi-</strong></span> 
     </span>
    </p>
   </div>
   <div class='ocr_carea' id='block_1_69' title="bbox 1807 2517 3395 2588">
    <p class='ocr_par' dir='ltr' id='par_1_69' title="bbox 1807 2517 3395 2588">
     <span class='ocr_line' id='line_1_69' title="bbox 1807 2517 3395 2588; baseline 0 -15"><span class='ocrx_word' id='word_1_489' title='bbox 1807 2533 2026 2583; x_wconf 88' lang='lat' dir='ltr'><strong>narum,</strong></span> <span class='ocrx_word' id='word_1_490' title='bbox 2049 2518 2279 2587; x_wconf 88' lang='lat' dir='ltr'><strong>sparsim</strong></span> <span class='ocrx_word' id='word_1_491' title='bbox 2306 2517 2475 2588; x_wconf 81' lang='lat' dir='ltr'><strong>selegi</strong></span> <span class='ocrx_word' id='word_1_492' title='bbox 2502 2534 2567 2573; x_wconf 87' lang='lat' dir='ltr'><strong>ae</strong></span> <span class='ocrx_word' id='word_1_493' title='bbox 2591 2518 2871 2588; x_wconf 90' lang='lat' dir='ltr'><strong>desumpsi</strong></span> <span class='ocrx_word' id='word_1_494' title='bbox 2896 2518 3130 2573; x_wconf 86' lang='lat' dir='ltr'><strong>stamina</strong></span> <span class='ocrx_word' id='word_1_495' title='bbox 3155 2518 3395 2587; x_wconf 74' lang='lat' dir='ltr'><strong>aliquot,</strong></span> 
     </span>
    </p>
   </div>
   <div class='ocr_carea' id='block_1_70' title="bbox 1809 2609 3390 2675">
    <p class='ocr_par' dir='ltr' id='par_1_70' title="bbox 1809 2609 3390 2675">
     <span class='ocr_line' id='line_1_70' title="bbox 1809 2609 3390 2675; baseline -0.001 -11"><span class='ocrx_word' id='word_1_496' title='bbox 1809 2624 2040 2664; x_wconf 90' lang='lat' dir='ltr'><strong>orsurus</strong></span> <span class='ocrx_word' id='word_1_497' title='bbox 2074 2609 2403 2664; x_wconf 89' lang='lat' dir='ltr'><strong>cinctorium</strong></span> <span class='ocrx_word' id='word_1_498' title='bbox 2441 2625 2661 2675; x_wconf 88' lang='lat' dir='ltr'><strong>renum,</strong></span> <span class='ocrx_word' id='word_1_499' title='bbox 2695 2619 2810 2675; x_wconf 91' lang='lat' dir='ltr'><strong>aut,</strong></span> <span class='ocrx_word' id='word_1_500' title='bbox 2844 2610 2887 2665; x_wconf 91' lang='lat' dir='ltr'><strong>si</strong></span> <span class='ocrx_word' id='word_1_501' title='bbox 2929 2611 3125 2674; x_wconf 86' lang='lat' dir='ltr'><strong>mavis,</strong></span> <span class='ocrx_word' id='word_1_502' title='bbox 3160 2609 3390 2665; x_wconf 82' lang='lat' dir='ltr'><strong>suﬂibu-</strong></span> 
     </span>
    </p>
   </div>
   <div class='ocr_carea' id='block_1_71' title="bbox 1808 2698 3391 2779">
    <p class='ocr_par' dir='ltr' id='par_1_71' title="bbox 1808 2698 3391 2779">
     <span class='ocr_line' id='line_1_71' title="bbox 1808 2698 3391 2779; baseline 0 -26"><span class='ocrx_word' id='word_1_503' title='bbox 1808 2698 1944 2779; x_wconf 86' lang='lat' dir='ltr'><strong>lum,</strong></span> <span class='ocrx_word' id='word_1_504' title='bbox 1976 2715 2087 2769; x_wconf 93' lang='lat' dir='ltr'><strong>quo</strong></span> <span class='ocrx_word' id='word_1_505' title='bbox 2124 2716 2236 2754; x_wconf 89' lang='lat' dir='ltr'><strong>una</strong></span> <span class='ocrx_word' id='word_1_506' title='bbox 2274 2715 2399 2754; x_wconf 91' lang='lat' dir='ltr'><strong>cum</strong></span> <span class='ocrx_word' id='word_1_507' title='bbox 2439 2698 2546 2754; x_wconf 86' lang='lat' dir='ltr'><strong>tide</strong></span> <span class='ocrx_word' id='word_1_508' title='bbox 2585 2700 2969 2779; x_wconf 81' lang='lat' dir='ltr'><strong>circumcincti</strong></span> <span class='ocrx_word' id='word_1_509' title='bbox 3007 2699 3180 2755; x_wconf 80' lang='lat' dir='ltr'><strong>futuri</strong></span> <span class='ocrx_word' id='word_1_510' title='bbox 3219 2700 3391 2755; x_wconf 89' lang='lat' dir='ltr'><strong>lecto-</strong></span> 
     </span>
    </p>
   </div>
   <div class='ocr_carea' id='block_1_72' title="bbox 1808 2774 3393 2863">
    <p class='ocr_par' dir='ltr' id='par_1_72' title="bbox 1808 2774 3393 2863">
     <span class='ocr_line' id='line_1_72' title="bbox 1808 2774 3393 2863; baseline 0.001 -18"><span class='ocrx_word' id='word_1_511' title='bbox 1808 2774 1918 2854; x_wconf 81' lang='lat' dir='ltr'><strong>res,</strong></span> <span class='ocrx_word' id='word_1_512' title='bbox 1947 2780 2120 2845; x_wconf 84' lang='lat' dir='ltr'><strong>divini</strong></span> <span class='ocrx_word' id='word_1_513' title='bbox 2150 2782 2355 2846; x_wconf 86' lang='lat' dir='ltr'><strong>amoris</strong></span> <span class='ocrx_word' id='word_1_514' title='bbox 2384 2774 2656 2847; x_wconf 82' lang='lat' dir='ltr'><strong>fervorem</strong></span> <span class='ocrx_word' id='word_1_515' title='bbox 2686 2792 3025 2863; x_wconf 84' lang='lat' dir='ltr'><strong>concipiant,</strong></span> <span class='ocrx_word' id='word_1_516' title='bbox 3061 2808 3124 2847; x_wconf 89' lang='lat' dir='ltr'><strong>ac</strong></span> <span class='ocrx_word' id='word_1_517' title='bbox 3156 2792 3393 2862; x_wconf 87' lang='lat' dir='ltr'><strong>proinde</strong></span> 
     </span>
    </p>
   </div>
   <div class='ocr_carea' id='block_1_73' title="bbox 1808 2876 3390 2938">
    <p class='ocr_par' dir='ltr' id='par_1_73' title="bbox 1808 2876 3390 2938">
     <span class='ocr_line' id='line_1_73' title="bbox 1808 2876 3390 2938; baseline 0.001 -2"><span class='ocrx_word' id='word_1_518' title='bbox 1808 2876 2172 2937; x_wconf 87' lang='lat' dir='ltr'><strong>recalescant.</strong></span> <span class='ocrx_word' id='word_1_519' title='bbox 2202 2883 2273 2938; x_wconf 90' lang='lat' dir='ltr'><strong>Ut</strong></span> <span class='ocrx_word' id='word_1_520' title='bbox 2299 2883 2447 2937; x_wconf 92' lang='lat' dir='ltr'><strong>enim</strong></span> <span class='ocrx_word' id='word_1_521' title='bbox 2480 2883 2588 2937; x_wconf 90' lang='lat' dir='ltr'><strong>tela</strong></span> <span class='ocrx_word' id='word_1_522' title='bbox 2620 2899 2687 2938; x_wconf 83' lang='lat' dir='ltr'><strong>ex</strong></span> <span class='ocrx_word' id='word_1_523' title='bbox 2716 2882 2907 2938; x_wconf 88' lang='lat' dir='ltr'><strong>multis</strong></span> <span class='ocrx_word' id='word_1_524' title='bbox 2935 2883 3169 2938; x_wconf 83' lang='lat' dir='ltr'><strong>conﬂata</strong></span> <span class='ocrx_word' id='word_1_525' title='bbox 3199 2883 3390 2937; x_wconf 80' lang='lat' dir='ltr'><strong>statui-</strong></span> 
     </span>
    </p>
   </div>
   <div class='ocr_carea' id='block_1_74' title="bbox 1808 2973 3393 3044">
    <p class='ocr_par' dir='ltr' id='par_1_74' title="bbox 1808 2973 3393 3044">
     <span class='ocr_line' id='line_1_74' title="bbox 1808 2973 3393 3044; baseline 0.001 -17"><span class='ocrx_word' id='word_1_526' title='bbox 1808 2990 1941 3029; x_wconf 90' lang='lat' dir='ltr'><strong>num</strong></span> <span class='ocrx_word' id='word_1_527' title='bbox 1970 2974 2279 3044; x_wconf 87' lang='lat' dir='ltr'><strong>particulis,</strong></span> <span class='ocrx_word' id='word_1_528' title='bbox 2305 2975 2362 3029; x_wconf 91' lang='lat' dir='ltr'><strong>in</strong></span> <span class='ocrx_word' id='word_1_529' title='bbox 2388 2990 2553 3029; x_wconf 90' lang='lat' dir='ltr'><strong>unam</strong></span> <span class='ocrx_word' id='word_1_530' title='bbox 2585 2982 2641 3029; x_wconf 90' lang='lat' dir='ltr'><strong>et</strong></span> <span class='ocrx_word' id='word_1_531' title='bbox 2670 2973 3004 3044; x_wconf 87' lang='lat' dir='ltr'><strong>impartilem</strong></span> <span class='ocrx_word' id='word_1_532' title='bbox 3035 2986 3154 3029; x_wconf 86' lang='lat' dir='ltr'><strong>artc</strong></span> <span class='ocrx_word' id='word_1_533' title='bbox 3183 2974 3393 3029; x_wconf 81' lang='lat' dir='ltr'><strong>t&#39;exoria</strong></span> 
     </span>
    </p>
   </div>
   <div class='ocr_carea' id='block_1_75' title="bbox 1810 3055 3390 3141">
    <p class='ocr_par' dir='ltr' id='par_1_75' title="bbox 1810 3055 3390 3141">
     <span class='ocr_line' id='line_1_75' title="bbox 1810 3055 3390 3141; baseline -0.002 -20"><span class='ocrx_word' id='word_1_534' title='bbox 1810 3066 2072 3121; x_wconf 90' lang='lat' dir='ltr'><strong>coalescit</strong></span> <span class='ocrx_word' id='word_1_535' title='bbox 2103 3066 2376 3141; x_wconf 84' lang='lat' dir='ltr'><strong>tunicam;</strong></span> <span class='ocrx_word' id='word_1_536' title='bbox 2416 3066 2497 3121; x_wconf 89' lang='lat' dir='ltr'><strong>sic</strong></span> <span class='ocrx_word' id='word_1_537' title='bbox 2531 3073 2586 3121; x_wconf 92' lang='lat' dir='ltr'><strong>ct</strong></span> <span class='ocrx_word' id='word_1_538' title='bbox 2620 3066 2878 3123; x_wconf 86' lang='lat' dir='ltr'><strong>universa</strong></span> <span class='ocrx_word' id='word_1_539' title='bbox 2916 3055 3217 3136; x_wconf 70' lang='lat' dir='ltr'><strong>Scriptum</strong></span> <span class='ocrx_word' id='word_1_540' title='bbox 3246 3064 3390 3141; x_wconf 69' lang='lat' dir='ltr'><strong>divi-</strong></span> 
     </span>
    </p>
   </div>
   <div class='ocr_carea' id='block_1_76' title="bbox 1808 3140 3390 3229">
    <p class='ocr_par' dir='ltr' id='par_1_76' title="bbox 1808 3140 3390 3229">
     <span class='ocr_line' id='line_1_76' title="bbox 1808 3140 3390 3229; baseline -0.001 -16"><span class='ocrx_word' id='word_1_541' title='bbox 1808 3159 1960 3214; x_wconf 85' lang='lat' dir='ltr'><strong>nitus</strong></span> <span class='ocrx_word' id='word_1_542' title='bbox 2014 3158 2296 3229; x_wconf 58' lang='lat' dir='ltr'><strong>inspirata</strong></span> <span class='ocrx_word' id='word_1_543' title='bbox 2338 3158 2559 3213; x_wconf 87' lang='lat' dir='ltr'><strong>oracula</strong></span> <span class='ocrx_word' id='word_1_544' title='bbox 2599 3158 2655 3211; x_wconf 90' lang='lat' dir='ltr'><strong>in</strong></span> <span class='ocrx_word' id='word_1_545' title='bbox 2700 3158 2851 3212; x_wconf 90' lang='lat' dir='ltr'><strong>hunc</strong></span> <span class='ocrx_word' id='word_1_546' title='bbox 2895 3157 3059 3212; x_wconf 84' lang='lat' dir='ltr'><strong>linem</strong></span> <span class='ocrx_word' id='word_1_547' title='bbox 3103 3140 3390 3227; x_wconf 70' lang='lat' dir='ltr'><strong>conspira-</strong></span> 
     </span>
    </p>
   </div>
   <div class='ocr_carea' id='block_1_77' title="bbox 1806 3250 3390 3321">
    <p class='ocr_par' dir='ltr' id='par_1_77' title="bbox 1806 3250 3390 3321">
     <span class='ocr_line' id='line_1_77' title="bbox 1806 3250 3390 3321; baseline -0.002 -16"><span class='ocrx_word' id='word_1_548' title='bbox 1806 3259 1956 3316; x_wconf 90' lang='lat' dir='ltr'><strong>runt,</strong></span> <span class='ocrx_word' id='word_1_549' title='bbox 1990 3252 2150 3321; x_wconf 88' lang='lat' dir='ltr'><strong>plane</strong></span> <span class='ocrx_word' id='word_1_550' title='bbox 2186 3251 2581 3307; x_wconf 50' lang='lat' dir='ltr'><strong>ut‘Domiuica:</strong></span> <span class='ocrx_word' id='word_1_551' title='bbox 2615 3250 3049 3321; x_wconf 84' lang='lat' dir='ltr'><strong>dispensationis</strong></span> <span class='ocrx_word' id='word_1_552' title='bbox 3082 3250 3390 3304; x_wconf 79' lang='lat' dir='ltr'><strong>inconsuti-</strong></span> 
     </span>
    </p>
   </div>
   <div class='ocr_carea' id='block_1_78' title="bbox 1805 3339 3391 3411">
    <p class='ocr_par' dir='ltr' id='par_1_78' title="bbox 1805 3339 3391 3411">
     <span class='ocr_line' id='line_1_78' title="bbox 1805 3339 3391 3411; baseline -0.002 -15"><span class='ocrx_word' id='word_1_553' title='bbox 1805 3342 1916 3396; x_wconf 91' lang='lat' dir='ltr'><strong>lem</strong></span> <span class='ocrx_word' id='word_1_554' title='bbox 1946 3341 2188 3395; x_wconf 86' lang='lat' dir='ltr'><strong>tunicam</strong></span> <span class='ocrx_word' id='word_1_555' title='bbox 2217 3340 2637 3410; x_wconf 71' lang='lat' dir='ltr'><strong>praesignarent,</strong></span> <span class='ocrx_word' id='word_1_556' title='bbox 2665 3356 2829 3411; x_wconf 88' lang='lat' dir='ltr'><strong>quam</strong></span> <span class='ocrx_word' id='word_1_557' title='bbox 2861 3356 2928 3394; x_wconf 80' lang='lat' dir='ltr'><strong>ex</strong></span> <span class='ocrx_word' id='word_1_558' title='bbox 2962 3347 3119 3394; x_wconf 86' lang='lat' dir='ltr'><strong>utero</strong></span> <span class='ocrx_word' id='word_1_559' title='bbox 3146 3339 3391 3407; x_wconf 82' lang='lat' dir='ltr'><strong>suscepit</strong></span> 
     </span>
    </p>
   </div>
   <div class='ocr_carea' id='block_1_79' title="bbox 1810 3430 3390 3504">
    <p class='ocr_par' dir='ltr' id='par_1_79' title="bbox 1810 3430 3390 3504">
     <span class='ocr_line' id='line_1_79' title="bbox 1810 3430 3390 3504; baseline -0.001 -18"><span class='ocrx_word' id='word_1_560' title='bbox 1810 3431 2064 3504; x_wconf 76' lang='lat' dir='ltr'><strong>gloriosae</strong></span> <span class='ocrx_word' id='word_1_561' title='bbox 2085 3448 2150 3487; x_wconf 89' lang='lat' dir='ltr'><strong>ac</strong></span> <span class='ocrx_word' id='word_1_562' title='bbox 2173 3442 2375 3487; x_wconf 85' lang='lat' dir='ltr'><strong>sanctae</strong></span> <span class='ocrx_word' id='word_1_563' title='bbox 2397 3433 2644 3503; x_wconf 67' lang='lat' dir='ltr'><strong>Dciparzc</strong></span> <span class='ocrx_word' id='word_1_564' title='bbox 2692 3448 2909 3502; x_wconf 89' lang='lat' dir='ltr'><strong>semper</strong></span> <span class='ocrx_word' id='word_1_565' title='bbox 2929 3432 3161 3503; x_wconf 83' lang='lat' dir='ltr'><strong>virginis</strong></span> <span class='ocrx_word' id='word_1_566' title='bbox 3191 3430 3390 3497; x_wconf 63' lang='lat' dir='ltr'><strong>Maria),</strong></span> 
     </span>
    </p>
   </div>
   <div class='ocr_carea' id='block_1_80' title="bbox 1812 3521 3386 3592">
    <p class='ocr_par' dir='ltr' id='par_1_80' title="bbox 1812 3521 3386 3592">
     <span class='ocr_line' id='line_1_80' title="bbox 1812 3521 3386 3592; baseline -0.001 -17"><span class='ocrx_word' id='word_1_567' title='bbox 1812 3538 1913 3592; x_wconf 91' lang='lat' dir='ltr'><strong>pro</strong></span> <span class='ocrx_word' id='word_1_568' title='bbox 1950 3531 2196 3592; x_wconf 89' lang='lat' dir='ltr'><strong>tempore</strong></span> <span class='ocrx_word' id='word_1_569' title='bbox 2231 3521 2456 3592; x_wconf 89' lang='lat' dir='ltr'><strong>quidem</strong></span> <span class='ocrx_word' id='word_1_570' title='bbox 2494 3524 2829 3592; x_wconf 68' lang='lat' dir='ltr'><strong>corruptivre</strong></span> <span class='ocrx_word' id='word_1_571' title='bbox 2866 3522 3031 3576; x_wconf 89' lang='lat' dir='ltr'><strong>morti</strong></span> <span class='ocrx_word' id='word_1_572' title='bbox 3070 3521 3386 3585; x_wconf 72' lang='lat' dir='ltr'><strong>obnoxiam,</strong></span> 
     </span>
    </p>
   </div>
   <div class='ocr_carea' id='block_1_81' title="bbox 1811 3607 3390 3683">
    <p class='ocr_par' dir='ltr' id='par_1_81' title="bbox 1811 3607 3390 3683">
     <span class='ocr_line' id='line_1_81' title="bbox 1811 3607 3390 3683; baseline -0.002 -17"><span class='ocrx_word' id='word_1_573' title='bbox 1811 3612 1959 3683; x_wconf 91' lang='lat' dir='ltr'><strong>quod</strong></span> <span class='ocrx_word' id='word_1_574' title='bbox 2000 3612 2199 3667; x_wconf 89' lang='lat' dir='ltr'><strong>similis</strong></span> <span class='ocrx_word' id='word_1_575' title='bbox 2230 3612 2405 3668; x_wconf 89' lang='lat' dir='ltr'><strong>nostri</strong></span> <span class='ocrx_word' id='word_1_576' title='bbox 2437 3626 2560 3666; x_wconf 89' lang='lat' dir='ltr'><strong>esse</strong></span> <span class='ocrx_word' id='word_1_577' title='bbox 2592 3612 2768 3666; x_wconf 88' lang='lat' dir='ltr'><strong>voluit</strong></span> <span class='ocrx_word' id='word_1_578' title='bbox 2801 3611 2870 3666; x_wconf 87' lang='lat' dir='ltr'><strong>ad</strong></span> <span class='ocrx_word' id='word_1_579' title='bbox 2909 3611 3222 3667; x_wconf 83' lang='lat' dir='ltr'><strong>tolerandas</strong></span> <span class='ocrx_word' id='word_1_580' title='bbox 3247 3607 3390 3667; x_wconf 65' lang='grc' dir='ltr'><strong>’ροισ-</strong></span> 
     </span>
    </p>
   </div>
   <div class='ocr_carea' id='block_1_82' title="bbox 1809 3703 3391 3774">
    <p class='ocr_par' dir='ltr' id='par_1_82' title="bbox 1809 3703 3391 3774">
     <span class='ocr_line' id='line_1_82' title="bbox 1809 3703 3391 3774; baseline 0 -17"><span class='ocrx_word' id='word_1_581' title='bbox 1809 3704 1963 3774; x_wconf 90' lang='lat' dir='ltr'><strong>poris</strong></span> <span class='ocrx_word' id='word_1_582' title='bbox 2016 3703 2534 3774; x_wconf 35' lang='lat' dir='ltr'><strong>injurias;&#39;eadem</strong></span> <span class='ocrx_word' id='word_1_583' title='bbox 2591 3719 2785 3758; x_wconf 88' lang='lat' dir='ltr'><strong>rursus</strong></span> <span class='ocrx_word' id='word_1_584' title='bbox 2837 3703 2977 3757; x_wconf 88' lang='lat' dir='ltr'><strong>nulli</strong></span> <span class='ocrx_word' id='word_1_585' title='bbox 3027 3704 3213 3758; x_wconf 83' lang='lat' dir='ltr'><strong>futura</strong></span> <span class='ocrx_word' id='word_1_586' title='bbox 3271 3710 3391 3758; x_wconf 87' lang='lat' dir='ltr'><strong>erat</strong></span> 
     </span>
    </p>
   </div>
   <div class='ocr_carea' id='block_1_83' title="bbox 1809 3791 3391 3865">
    <p class='ocr_par' dir='ltr' id='par_1_83' title="bbox 1809 3791 3391 3865">
     <span class='ocr_line' id='line_1_83' title="bbox 1809 3791 3391 3865; baseline -0.001 -18"><span class='ocrx_word' id='word_1_587' title='bbox 1809 3791 2046 3847; x_wconf 81' lang='lat' dir='ltr'><strong>obnoxia</strong></span> <span class='ocrx_word' id='word_1_588' title='bbox 2097 3793 2454 3865; x_wconf 58' lang='lat' dir='ltr'><strong>corruptelae,</strong></span> <span class='ocrx_word' id='word_1_589' title='bbox 2488 3798 2550 3847; x_wconf 88' lang='lat' dir='ltr'><strong>ut</strong></span> <span class='ocrx_word' id='word_1_590' title='bbox 2583 3808 2685 3846; x_wconf 91' lang='lat' dir='ltr'><strong>nos</strong></span> <span class='ocrx_word' id='word_1_591' title='bbox 2737 3793 3040 3847; x_wconf 83' lang='lat' dir='ltr'><strong>miserabili</strong></span> <span class='ocrx_word' id='word_1_592' title='bbox 3076 3794 3391 3864; x_wconf 87' lang='lat' dir='ltr'><strong>corruptela</strong></span> 
     </span>
    </p>
   </div>
   <div class='ocr_carea' id='block_1_84' title="bbox 1808 3883 3392 3954">
    <p class='ocr_par' dir='ltr' id='par_1_84' title="bbox 1808 3883 3392 3954">
     <span class='ocr_line' id='line_1_84' title="bbox 1808 3883 3392 3954; baseline -0.001 -15"><span class='ocrx_word' id='word_1_593' title='bbox 1808 3893 2093 3953; x_wconf 79' lang='lat' dir='ltr'><strong>exemptos</strong></span> <span class='ocrx_word' id='word_1_594' title='bbox 2145 3884 2201 3938; x_wconf 91' lang='lat' dir='ltr'><strong>in</strong></span> <span class='ocrx_word' id='word_1_595' title='bbox 2253 3883 2542 3954; x_wconf 79' lang='lat' dir='ltr'><strong>pristinam</strong></span> <span class='ocrx_word' id='word_1_596' title='bbox 2595 3893 2883 3939; x_wconf 82' lang='lat' dir='ltr'><strong>revocaret</strong></span> <span class='ocrx_word' id='word_1_597' title='bbox 2927 3885 3279 3947; x_wconf 88' lang='lat' dir='ltr'><strong>libertatem,</strong></span> <span class='ocrx_word' id='word_1_598' title='bbox 3327 3898 3392 3937; x_wconf 89' lang='lat' dir='ltr'><strong>ac</strong></span> 
     </span>
    </p>
   </div>
   <div class='ocr_carea' id='block_1_85' title="bbox 1811 3974 3393 4047">
    <p class='ocr_par' dir='ltr' id='par_1_85' title="bbox 1811 3974 3393 4047">
     <span class='ocr_line' id='line_1_85' title="bbox 1811 3974 3393 4047; baseline -0.003 -17"><span class='ocrx_word' id='word_1_599' title='bbox 1811 3974 2035 4030; x_wconf 90' lang='lat' dir='ltr'><strong>demum</strong></span> <span class='ocrx_word' id='word_1_600' title='bbox 2061 3976 2193 4047; x_wconf 88' lang='lat' dir='ltr'><strong>jugo</strong></span> <span class='ocrx_word' id='word_1_601' title='bbox 2218 3976 2592 4046; x_wconf 88' lang='lat' dir='ltr'><strong>emancipatos</strong></span> <span class='ocrx_word' id='word_1_602' title='bbox 2622 3976 2757 4033; x_wconf 67' lang='lat' dir='ltr'><strong>dira:</strong></span> <span class='ocrx_word' id='word_1_603' title='bbox 2787 3977 3074 4032; x_wconf 84' lang='lat' dir='ltr'><strong>servitutis</strong></span> <span class='ocrx_word' id='word_1_604' title='bbox 3105 3975 3174 4030; x_wconf 90' lang='lat' dir='ltr'><strong>ad</strong></span> <span class='ocrx_word' id='word_1_605' title='bbox 3209 3976 3393 4030; x_wconf 83' lang='lat' dir='ltr'><strong>incor-</strong></span> 
     </span>
    </p>
   </div>
   <div class='ocr_carea' id='block_1_86' title="bbox 1809 4065 3392 4137">
    <p class='ocr_par' dir='ltr' id='par_1_86' title="bbox 1809 4065 3392 4137">
     <span class='ocr_line' id='line_1_86' title="bbox 1809 4065 3392 4137; baseline 0.001 -18"><span class='ocrx_word' id='word_1_606' title='bbox 1809 4065 2089 4135; x_wconf 87' lang='lat' dir='ltr'><strong>ruptionis</strong></span> <span class='ocrx_word' id='word_1_607' title='bbox 2114 4066 2343 4136; x_wconf 88' lang='lat' dir='ltr'><strong>gloriam</strong></span> <span class='ocrx_word' id='word_1_608' title='bbox 2367 4067 2797 4133; x_wconf 87' lang='lat' dir='ltr'><strong>transcriberct;</strong></span> <span class='ocrx_word' id='word_1_609' title='bbox 2825 4067 2950 4122; x_wconf 81' lang='lat' dir='ltr'><strong>vitae</strong></span> <span class='ocrx_word' id='word_1_610' title='bbox 2974 4069 3202 4137; x_wconf 87' lang='lat' dir='ltr'><strong>insuper</strong></span> <span class='ocrx_word' id='word_1_611' title='bbox 3227 4066 3392 4122; x_wconf 87' lang='lat' dir='ltr'><strong>resti-</strong></span> 
     </span>
    </p>
   </div>
   <div class='ocr_carea' id='block_1_87' title="bbox 1809 4148 3389 4220">
    <p class='ocr_par' dir='ltr' id='par_1_87' title="bbox 1809 4148 3389 4220">
     <span class='ocr_line' id='line_1_87' title="bbox 1809 4148 3389 4220; baseline 0.002 -8"><span class='ocrx_word' id='word_1_612' title='bbox 1809 4164 1979 4220; x_wconf 86' lang='lat' dir='ltr'><strong>tutos,</strong></span> <span class='ocrx_word' id='word_1_613' title='bbox 2011 4157 2273 4213; x_wconf 86' lang='lat' dir='ltr'><strong>donativo</strong></span> <span class='ocrx_word' id='word_1_614' title='bbox 2308 4158 2646 4213; x_wconf 86' lang='lat' dir='ltr'><strong>convestirct</strong></span> <span class='ocrx_word' id='word_1_615' title='bbox 2684 4148 2886 4214; x_wconf 82' lang='lat' dir='ltr'><strong>trabeae</strong></span> <span class='ocrx_word' id='word_1_616' title='bbox 2935 4157 3389 4215; x_wconf 84' lang='lat' dir='ltr'><strong>immortalitatis.</strong></span> 
     </span>
    </p>
   </div>
   <div class='ocr_carea' id='block_1_88' title="bbox 132 4248 1705 4321">
    <p class='ocr_par' dir='ltr' id='par_1_88' title="bbox 132 4248 1705 4320">
     <span class='ocr_line' id='line_1_88' title="bbox 132 4248 1705 4320; baseline 0.002 -21"><span class='ocrx_word' id='word_1_617' title='bbox 132 4248 228 4299; x_wconf 75' lang='grc' dir='ltr'><strong>καὶ</strong></span> <span class='ocrx_word' id='word_1_618' title='bbox 271 4248 362 4301; x_wconf 78' lang='grc' dir='ltr'><strong>τοῦ</strong></span> <span class='ocrx_word' id='word_1_619' title='bbox 395 4249 529 4303; x_wconf 83' lang='grc' dir='ltr'>Υἱοῦ</span> <span class='ocrx_word' id='word_1_620' title='bbox 569 4251 664 4303; x_wconf 72' lang='grc' dir='ltr'><strong>καὶ</strong></span> <span class='ocrx_word' id='word_1_621' title='bbox 712 4250 806 4304; x_wconf 81' lang='grc' dir='ltr'><strong>τοῦ</strong></span> <span class='ocrx_word' id='word_1_622' title='bbox 855 4250 1012 4319; x_wconf 88' lang='grc' dir='ltr'>ἁγίου</span> <span class='ocrx_word' id='word_1_623' title='bbox 1069 4248 1412 4320; x_wconf 87' lang='grc' dir='ltr'>Πνεύματος,</span> <span class='ocrx_word' id='word_1_624' title='bbox 1465 4249 1546 4313; x_wconf 78' lang='grc' dir='ltr'>εἷς</span> <span class='ocrx_word' id='word_1_625' title='bbox 1582 4249 1705 4313; x_wconf 83' lang='grc' dir='ltr'>τοὺς</span> 
     </span>
    </p>
   </div>
   <div class='ocr_carea' id='block_1_89' title="bbox 1807 4248 3391 4321">
    <p class='ocr_par' dir='ltr' id='par_1_89' title="bbox 1807 4248 3391 4321">
     <span class='ocr_line' id='line_1_89' title="bbox 1807 4248 3391 4321; baseline 0.001 -19"><span class='ocrx_word' id='word_1_626' title='bbox 1807 4248 1865 4303; x_wconf 87' lang='lat' dir='ltr'><strong>Id</strong></span> <span class='ocrx_word' id='word_1_627' title='bbox 1906 4249 2129 4321; x_wconf 84' lang='lat' dir='ltr'><strong>quidem</strong></span> <span class='ocrx_word' id='word_1_628' title='bbox 2171 4249 2404 4304; x_wconf 76' lang='lat' dir='ltr'><strong>dixerim</strong></span> <span class='ocrx_word' id='word_1_629' title='bbox 2444 4252 2726 4321; x_wconf 87' lang='lat' dir='ltr'><strong>perizoma</strong></span> <span class='ocrx_word' id='word_1_630' title='bbox 2772 4266 2883 4306; x_wconf 91' lang='lat' dir='ltr'><strong>non</strong></span> <span class='ocrx_word' id='word_1_631' title='bbox 2923 4251 3058 4305; x_wconf 85' lang='lat' dir='ltr'><strong>illud</strong></span> <span class='ocrx_word' id='word_1_632' title='bbox 3094 4250 3391 4307; x_wconf 72' lang='lat' dir='ltr'><strong>Iudaicum</strong></span> 
     </span>
    </p>
   </div>
   <div class='ocr_carea' id='block_1_90' title="bbox 131 4322 1705 4412">
    <p class='ocr_par' dir='ltr' id='par_1_90' title="bbox 131 4322 982 4412">
     <span class='ocr_line' id='line_1_90' title="bbox 131 4322 982 4412; baseline 0.004 -20"><span class='ocrx_word' id='word_1_633' title='bbox 131 4339 332 4403; x_wconf 76' lang='grc' dir='ltr'>αἰῶνας</span> <span class='ocrx_word' id='word_1_634' title='bbox 363 4341 472 4395; x_wconf 79' lang='grc' dir='ltr'>τῶν</span> <span class='ocrx_word' id='word_1_635' title='bbox 511 4322 742 4395; x_wconf 77' lang='grc' dir='ltr'>αἰώνων.</span> <span class='ocrx_word' id='word_1_636' title='bbox 791 4343 982 4412; x_wconf 85' lang='grc' dir='ltr'>Ἀμήν.</span> 
     </span>
    </p>
   </div>
   <div class='ocr_carea' id='block_1_91' title="bbox 1807 4322 3389 4412">
    <p class='ocr_par' dir='ltr' id='par_1_91' title="bbox 1807 4330 3389 4412">
     <span class='ocr_line' id='line_1_91' title="bbox 1807 4330 3389 4412; baseline 0.001 -19"><span class='ocrx_word' id='word_1_637' title='bbox 1807 4339 1951 4410; x_wconf 73' lang='lat' dir='ltr'><strong>quod</strong></span> <span class='ocrx_word' id='word_1_638' title='bbox 1984 4341 2174 4409; x_wconf 87' lang='lat' dir='ltr'><strong>jussus</strong></span> <span class='ocrx_word' id='word_1_639' title='bbox 2207 4348 2292 4394; x_wconf 91' lang='lat' dir='ltr'><strong>est</strong></span> <span class='ocrx_word' id='word_1_640' title='bbox 2320 4340 2592 4396; x_wconf 76' lang='lat' dir='ltr'><strong>Jeremias</strong></span> <span class='ocrx_word' id='word_1_641' title='bbox 2624 4341 2682 4396; x_wconf 91' lang='lat' dir='ltr'><strong>in</strong></span> <span class='ocrx_word' id='word_1_642' title='bbox 2720 4357 2926 4396; x_wconf 86' lang='lat' dir='ltr'><strong>arcano</strong></span> <span class='ocrx_word' id='word_1_643' title='bbox 2963 4330 3237 4412; x_wconf 60' lang='lat' dir='ltr'><strong>quopiam&#39;</strong></span> <span class='ocrx_word' id='word_1_644' title='bbox 3264 4341 3389 4395; x_wconf 87' lang='lat' dir='ltr'><strong>loco</strong></span> 
     </span>
    </p>
   </div>
   <div class='ocr_carea' id='block_1_92' title="bbox 134 4431 3389 4505">
    <p class='ocr_par' dir='ltr' id='par_1_92' title="bbox 134 4431 3389 4505">
     <span class='ocr_line' id='line_1_92' title="bbox 134 4431 3389 4505; baseline 0.002 -21"><span class='ocrx_word' id='word_1_645' title='bbox 134 4433 452 4496; x_wconf 85' lang='lat' dir='ltr'><strong>recondere,</strong></span> <span class='ocrx_word' id='word_1_646' title='bbox 474 4444 531 4489; x_wconf 90' lang='lat' dir='ltr'><strong>et</strong></span> <span class='ocrx_word' id='word_1_647' title='bbox 550 4433 696 4489; x_wconf 89' lang='lat' dir='ltr'><strong>idem</strong></span> <span class='ocrx_word' id='word_1_648' title='bbox 718 4434 771 4488; x_wconf 92' lang='lat' dir='ltr'><strong>in</strong></span> <span class='ocrx_word' id='word_1_649' title='bbox 790 4434 1069 4504; x_wconf 83' lang='lat' dir='ltr'><strong>Euphrate</strong></span> <span class='ocrx_word' id='word_1_650' title='bbox 1120 4434 1289 4490; x_wconf 85' lang='lat' dir='ltr'><strong>ﬂuvio</strong></span> <span class='ocrx_word' id='word_1_651' title='bbox 1336 4431 1762 4503; x_wconf 76' lang='lat' dir='ltr'><strong>computruit&quot;;</strong></span> <span class='ocrx_word' id='word_1_652' title='bbox 1802 4432 1936 4501; x_wconf 91' lang='lat' dir='ltr'><strong>quin</strong></span> <span class='ocrx_word' id='word_1_653' title='bbox 1980 4432 2117 4487; x_wconf 86' lang='lat' dir='ltr'><strong>illud</strong></span> <span class='ocrx_word' id='word_1_654' title='bbox 2159 4434 2348 4489; x_wconf 89' lang='lat' dir='ltr'><strong>verius</strong></span> <span class='ocrx_word' id='word_1_655' title='bbox 2390 4434 2637 4505; x_wconf 81' lang='lat' dir='ltr'><strong>intelligo</strong></span> <span class='ocrx_word' id='word_1_656' title='bbox 2681 4435 2827 4504; x_wconf 76' lang='lat' dir='ltr'><strong>quod</strong></span> <span class='ocrx_word' id='word_1_657' title='bbox 2880 4434 2949 4488; x_wconf 89' lang='lat' dir='ltr'><strong>ad</strong></span> <span class='ocrx_word' id='word_1_658' title='bbox 2993 4450 3151 4489; x_wconf 71' lang='lat' dir='ltr'><strong>novze</strong></span> <span class='ocrx_word' id='word_1_659' title='bbox 3196 4434 3389 4504; x_wconf 65' lang='lat' dir='ltr'><strong>gratia)</strong></span> 
     </span>
    </p>
   </div>
   <div class='ocr_carea' id='block_1_93' title="bbox 130 4523 3477 4598">
    <p class='ocr_par' dir='ltr' id='par_1_93' title="bbox 130 4523 3477 4598">
     <span class='ocr_line' id='line_1_93' title="bbox 130 4523 3477 4598; baseline 0.001 -21"><span class='ocrx_word' id='word_1_660' title='bbox 130 4523 305 4593; x_wconf 83' lang='lat' dir='ltr'><strong>legem</strong></span> <span class='ocrx_word' id='word_1_661' title='bbox 339 4526 599 4595; x_wconf 89' lang='lat' dir='ltr'><strong>pertinet,</strong></span> <span class='ocrx_word' id='word_1_662' title='bbox 665 4527 814 4595; x_wconf 88' lang='lat' dir='ltr'><strong>quod</strong></span> <span class='ocrx_word' id='word_1_663' title='bbox 855 4526 1016 4581; x_wconf 88' lang='lat' dir='ltr'><strong>nobis</strong></span> <span class='ocrx_word' id='word_1_664' title='bbox 1056 4527 1172 4596; x_wconf 88' lang='lat' dir='ltr'><strong>ipse</strong></span> <span class='ocrx_word' id='word_1_665' title='bbox 1214 4527 1482 4581; x_wconf 89' lang='lat' dir='ltr'><strong>Dominus</strong></span> <span class='ocrx_word' id='word_1_666' title='bbox 1519 4532 1740 4580; x_wconf 90' lang='lat' dir='ltr'><strong>suomet</strong></span> <span class='ocrx_word' id='word_1_667' title='bbox 1775 4525 2224 4594; x_wconf 64' lang='lat' dir='ltr'><strong>prmmonstravit</strong></span> <span class='ocrx_word' id='word_1_668' title='bbox 2266 4527 2539 4596; x_wconf 83' lang='lat' dir='ltr'><strong>exemplo.</strong></span> <span class='ocrx_word' id='word_1_669' title='bbox 2606 4527 2823 4598; x_wconf 77' lang='lat'><strong>1026</strong></span> <span class='ocrx_word' id='word_1_670' title='bbox 2869 4525 3007 4582; x_wconf 85' lang='lat' dir='ltr'><strong>Cum</strong></span> <span class='ocrx_word' id='word_1_671' title='bbox 3056 4526 3391 4597; x_wconf 73' lang='lat' dir='ltr'><strong>prmcinctus</strong></span> <span class='ocrx_word' id='word_1_672' title='bbox 3472 4536 3477 4549; x_wconf 87' lang='lat'><strong>&#39;</strong></span> 
     </span>
    </p>
   </div>
   <div class='ocr_carea' id='block_1_94' title="bbox 132 4615 3391 4690">
    <p class='ocr_par' dir='ltr' id='par_1_94' title="bbox 132 4615 3391 4690">
     <span class='ocr_line' id='line_1_94' title="bbox 132 4615 3391 4690; baseline 0.001 -22"><span class='ocrx_word' id='word_1_673' title='bbox 132 4615 300 4686; x_wconf 88' lang='lat' dir='ltr'><strong>pedes</strong></span> <span class='ocrx_word' id='word_1_674' title='bbox 332 4632 561 4672; x_wconf 91' lang='lat' dir='ltr'><strong>suorum</strong></span> <span class='ocrx_word' id='word_1_675' title='bbox 591 4618 990 4689; x_wconf 88' lang='lat' dir='ltr'><strong>discipulorum</strong></span> <span class='ocrx_word' id='word_1_676' title='bbox 1024 4618 1251 4674; x_wconf 83' lang='lat' dir='ltr'><strong>extersit</strong></span> <span class='ocrx_word' id='word_1_677' title='bbox 1279 4620 1344 4683; x_wconf 82' lang='lat'><strong>&quot;,</strong></span> <span class='ocrx_word' id='word_1_678' title='bbox 1409 4623 1473 4672; x_wconf 87' lang='lat' dir='ltr'><strong>ut</strong></span> <span class='ocrx_word' id='word_1_679' title='bbox 1504 4632 1534 4672; x_wconf 87' lang='lat' dir='ltr'><strong>a</strong></span> <span class='ocrx_word' id='word_1_680' title='bbox 1569 4616 1829 4672; x_wconf 89' lang='lat' dir='ltr'><strong>sordibus</strong></span> <span class='ocrx_word' id='word_1_681' title='bbox 1863 4618 2066 4672; x_wconf 79' lang='lat' dir='ltr'><strong>veteris</strong></span> <span class='ocrx_word' id='word_1_682' title='bbox 2134 4617 2393 4673; x_wconf 81' lang='lat' dir='ltr'><strong>fermenti</strong></span> <span class='ocrx_word' id='word_1_683' title='bbox 2428 4621 2647 4690; x_wconf 81' lang='lat' dir='ltr'><strong>purgati</strong></span> <span class='ocrx_word' id='word_1_684' title='bbox 2716 4620 2912 4674; x_wconf 84' lang='lat' dir='ltr'><strong>tierent</strong></span> <span class='ocrx_word' id='word_1_685' title='bbox 2943 4634 3091 4673; x_wconf 75' lang='lat' dir='ltr'><strong>nova</strong></span> <span class='ocrx_word' id='word_1_686' title='bbox 3126 4633 3391 4687; x_wconf 87' lang='lat' dir='ltr'><strong>consper-</strong></span> 
     </span>
    </p>
   </div>
   <div class='ocr_carea' id='block_1_95' title="bbox 130 4708 3388 4783">
    <p class='ocr_par' dir='ltr' id='par_1_95' title="bbox 130 4708 3388 4783">
     <span class='ocr_line' id='line_1_95' title="bbox 130 4708 3388 4783; baseline -0.001 -18"><span class='ocrx_word' id='word_1_687' title='bbox 130 4708 215 4765; x_wconf 87' lang='lat' dir='ltr'><strong>sio</strong></span> <span class='ocrx_word' id='word_1_688' title='bbox 277 4711 340 4777; x_wconf 83' lang='lat'><strong>&quot;,</strong></span> <span class='ocrx_word' id='word_1_689' title='bbox 385 4720 440 4767; x_wconf 92' lang='lat' dir='ltr'><strong>et</strong></span> <span class='ocrx_word' id='word_1_690' title='bbox 486 4722 674 4768; x_wconf 90' lang='lat' dir='ltr'><strong>essent</strong></span> <span class='ocrx_word' id='word_1_691' title='bbox 723 4712 892 4783; x_wconf 88' lang='lat' dir='ltr'><strong>pedes</strong></span> <span class='ocrx_word' id='word_1_692' title='bbox 944 4728 1139 4768; x_wconf 87' lang='lat' dir='ltr'><strong>eorum</strong></span> <span class='ocrx_word' id='word_1_693' title='bbox 1187 4710 1423 4783; x_wconf 88' lang='lat' dir='ltr'><strong>speciosi</strong></span> <span class='ocrx_word' id='word_1_694' title='bbox 1482 4721 1740 4781; x_wconf 87' lang='lat' dir='ltr'><strong>tanquam</strong></span> <span class='ocrx_word' id='word_1_695' title='bbox 1799 4711 2298 4781; x_wconf 85' lang='lat' dir='ltr'><strong>evangelizautium</strong></span> <span class='ocrx_word' id='word_1_696' title='bbox 2347 4727 2579 4782; x_wconf 76' lang='lat' dir='ltr'><strong>pacem,</strong></span> <span class='ocrx_word' id='word_1_697' title='bbox 2625 4720 2681 4767; x_wconf 92' lang='lat' dir='ltr'><strong>et</strong></span> <span class='ocrx_word' id='word_1_698' title='bbox 2727 4712 3003 4767; x_wconf 90' lang='lat' dir='ltr'><strong>calcarent</strong></span> <span class='ocrx_word' id='word_1_699' title='bbox 3050 4725 3219 4780; x_wconf 90' lang='lat' dir='ltr'><strong>supra</strong></span> <span class='ocrx_word' id='word_1_700' title='bbox 3268 4724 3388 4763; x_wconf 53' lang='lat' dir='ltr'><strong>scr-</strong></span> 
     </span>
    </p>
   </div>
   <div class='ocr_carea' id='block_1_96' title="bbox 132 4784 3389 4875">
    <p class='ocr_par' dir='ltr' id='par_1_96' title="bbox 132 4784 3389 4875">
     <span class='ocr_line' id='line_1_96' title="bbox 132 4784 3389 4875; baseline -0 -21"><span class='ocrx_word' id='word_1_701' title='bbox 132 4809 327 4873; x_wconf 81' lang='lat' dir='ltr'><strong>pentes</strong></span> <span class='ocrx_word' id='word_1_702' title='bbox 362 4805 799 4874; x_wconf 74' lang='lat' dir='ltr'><strong>etscorpiones,</strong></span> <span class='ocrx_word' id='word_1_703' title='bbox 827 4812 884 4860; x_wconf 90' lang='lat' dir='ltr'><strong>et</strong></span> <span class='ocrx_word' id='word_1_704' title='bbox 916 4820 1084 4875; x_wconf 85' lang='lat' dir='ltr'><strong>super</strong></span> <span class='ocrx_word' id='word_1_705' title='bbox 1117 4818 1335 4859; x_wconf 90' lang='lat' dir='ltr'><strong>omnem</strong></span> <span class='ocrx_word' id='word_1_706' title='bbox 1376 4809 1704 4873; x_wconf 87' lang='lat' dir='ltr'><strong>potestatem</strong></span> <span class='ocrx_word' id='word_1_707' title='bbox 1743 4801 1951 4856; x_wconf 91' lang='lat' dir='ltr'><strong>inimici</strong></span> <span class='ocrx_word' id='word_1_708' title='bbox 1979 4802 2041 4856; x_wconf 75' lang='grc'><strong>’⁸.</strong></span> <span class='ocrx_word' id='word_1_709' title='bbox 2071 4802 2248 4874; x_wconf 84' lang='lat' dir='ltr'><strong>Hujus</strong></span> <span class='ocrx_word' id='word_1_710' title='bbox 2277 4803 2482 4871; x_wconf 78' lang='lat' dir='ltr'><strong>cinguli</strong></span> <span class='ocrx_word' id='word_1_711' title='bbox 2548 4802 2748 4858; x_wconf 84' lang='lat' dir='ltr'><strong>decore</strong></span> <span class='ocrx_word' id='word_1_712' title='bbox 2772 4784 3025 4858; x_wconf 80' lang='lat' dir='ltr'><strong>Christus</strong></span> <span class='ocrx_word' id='word_1_713' title='bbox 3083 4801 3389 4857; x_wconf 85' lang='lat' dir='ltr'><strong>Ecclesiam</strong></span> 
     </span>
    </p>
   </div>
   <div class='ocr_carea' id='block_1_97' title="bbox 136 4892 3390 4971">
    <p class='ocr_par' dir='ltr' id='par_1_97' title="bbox 136 4892 3390 4971">
     <span class='ocr_line' id='line_1_97' title="bbox 136 4892 3390 4971; baseline -0.002 -22"><span class='ocrx_word' id='word_1_714' title='bbox 136 4909 290 4949; x_wconf 88' lang='lat' dir='ltr'><strong>suam</strong></span> <span class='ocrx_word' id='word_1_715' title='bbox 328 4893 530 4955; x_wconf 89' lang='lat' dir='ltr'><strong>induit,</strong></span> <span class='ocrx_word' id='word_1_716' title='bbox 594 4897 839 4950; x_wconf 88' lang='lat' dir='ltr'><strong>maculas</strong></span> <span class='ocrx_word' id='word_1_717' title='bbox 868 4897 1140 4967; x_wconf 81' lang='lat' dir='ltr'><strong>obtegens</strong></span> <span class='ocrx_word' id='word_1_718' title='bbox 1174 4902 1414 4958; x_wconf 88' lang='lat' dir='ltr'><strong>nostras,</strong></span> <span class='ocrx_word' id='word_1_719' title='bbox 1474 4903 1531 4948; x_wconf 88' lang='lat' dir='ltr'><strong>et</strong></span> <span class='ocrx_word' id='word_1_720' title='bbox 1563 4899 1902 4971; x_wconf 81' lang='lat' dir='ltr'><strong>contractam</strong></span> <span class='ocrx_word' id='word_1_721' title='bbox 1936 4910 2004 4949; x_wconf 80' lang='lat' dir='ltr'><strong>ex</strong></span> <span class='ocrx_word' id='word_1_722' title='bbox 2036 4895 2166 4950; x_wconf 69' lang='lat' dir='ltr'><strong>Adzc</strong></span> <span class='ocrx_word' id='word_1_723' title='bbox 2230 4895 2685 4966; x_wconf 71' lang='lat' dir='ltr'><strong>praevaricatione</strong></span> <span class='ocrx_word' id='word_1_724' title='bbox 2720 4895 3027 4950; x_wconf 84' lang='lat' dir='ltr'><strong>nuditatem</strong></span> <span class='ocrx_word' id='word_1_725' title='bbox 3065 4912 3078 4948; x_wconf 90' lang='lat'><strong>:</strong></span> <span class='ocrx_word' id='word_1_726' title='bbox 3117 4893 3262 4949; x_wconf 88' lang='lat' dir='ltr'><strong>sicut</strong></span> <span class='ocrx_word' id='word_1_727' title='bbox 3305 4892 3390 4945; x_wconf 88' lang='lat' dir='ltr'><strong>di-</strong></span> 
     </span>
    </p>
   </div>
   <div class='ocr_carea' id='block_1_98' title="bbox 132 4983 3388 5058">
    <p class='ocr_par' dir='ltr' id='par_1_98' title="bbox 132 4983 3388 5058">
     <span class='ocr_line' id='line_1_98' title="bbox 132 4983 3388 5058; baseline 0 -19"><span class='ocrx_word' id='word_1_728' title='bbox 132 4995 283 5039; x_wconf 87' lang='lat' dir='ltr'><strong>ctum</strong></span> <span class='ocrx_word' id='word_1_729' title='bbox 316 4992 444 5039; x_wconf 89' lang='lat' dir='ltr'><strong>est:</strong></span> <span class='ocrx_word' id='word_1_730' title='bbox 482 5003 500 5035; x_wconf 78' lang='lat'><strong>¢</strong></span> <span class='ocrx_word' id='word_1_731' title='bbox 531 4983 861 5041; x_wconf 89' lang='lat' dir='ltr'><strong>Conscidisti</strong></span> <span class='ocrx_word' id='word_1_732' title='bbox 892 5002 1113 5042; x_wconf 91' lang='lat' dir='ltr'><strong>saccum</strong></span> <span class='ocrx_word' id='word_1_733' title='bbox 1147 5000 1355 5050; x_wconf 89' lang='lat' dir='ltr'><strong>meum,</strong></span> <span class='ocrx_word' id='word_1_734' title='bbox 1419 4993 1475 5039; x_wconf 88' lang='lat' dir='ltr'><strong>et</strong></span> <span class='ocrx_word' id='word_1_735' title='bbox 1538 4984 1954 5041; x_wconf 84' lang='lat' dir='ltr'><strong>circumdedisti</strong></span> <span class='ocrx_word' id='word_1_736' title='bbox 2008 5003 2096 5042; x_wconf 89' lang='lat' dir='ltr'><strong>me</strong></span> <span class='ocrx_word' id='word_1_737' title='bbox 2143 4988 2333 5058; x_wconf 72' lang='lat' dir='ltr'><strong>lzetitia</strong></span> <span class='ocrx_word' id='word_1_738' title='bbox 2394 4990 2458 5043; x_wconf 81' lang='grc'><strong>¹⁹.</strong></span> <span class='ocrx_word' id='word_1_739' title='bbox 2516 5007 2532 5039; x_wconf 71' lang='grc' dir='ltr'>δ</span> <span class='ocrx_word' id='word_1_740' title='bbox 2592 4988 2706 5042; x_wconf 80' lang='lat' dir='ltr'><strong>lloc</strong></span> <span class='ocrx_word' id='word_1_741' title='bbox 2755 4988 3032 5043; x_wconf 80' lang='lat' dir='ltr'><strong>induimur</strong></span> <span class='ocrx_word' id='word_1_742' title='bbox 3100 5002 3169 5041; x_wconf 82' lang='lat' dir='ltr'><strong>ex</strong></span> <span class='ocrx_word' id='word_1_743' title='bbox 3217 4985 3388 5041; x_wconf 88' lang='lat' dir='ltr'><strong>sacris</strong></span> 
     </span>
    </p>
   </div>
   <div class='ocr_carea' id='block_1_99' title="bbox 136 5072 3387 5152">
    <p class='ocr_par' dir='ltr' id='par_1_99' title="bbox 136 5072 3387 5152">
     <span class='ocr_line' id='line_1_99' title="bbox 136 5072 3387 5152; baseline 0.002 -25"><span class='ocrx_word' id='word_1_744' title='bbox 136 5072 457 5143; x_wconf 82' lang='lat' dir='ltr'><strong>Scripturis.</strong></span> <span class='ocrx_word' id='word_1_745' title='bbox 488 5076 628 5131; x_wconf 89' lang='lat' dir='ltr'><strong>Dum</strong></span> <span class='ocrx_word' id='word_1_746' title='bbox 665 5078 825 5132; x_wconf 89' lang='lat' dir='ltr'><strong>enim</strong></span> <span class='ocrx_word' id='word_1_747' title='bbox 885 5095 979 5135; x_wconf 86' lang='lat' dir='ltr'><strong>eas</strong></span> <span class='ocrx_word' id='word_1_748' title='bbox 1010 5086 1346 5143; x_wconf 87' lang='lat' dir='ltr'><strong>scrutamur,</strong></span> <span class='ocrx_word' id='word_1_749' title='bbox 1410 5078 1581 5132; x_wconf 84' lang='lat' dir='ltr'><strong>vitam</strong></span> <span class='ocrx_word' id='word_1_750' title='bbox 1620 5084 1879 5132; x_wconf 78' lang='lat' dir='ltr'><strong>:eternam</strong></span> <span class='ocrx_word' id='word_1_751' title='bbox 1927 5079 2263 5147; x_wconf 88' lang='lat' dir='ltr'><strong>invenimus,</strong></span> <span class='ocrx_word' id='word_1_752' title='bbox 2335 5082 2514 5152; x_wconf 87' lang='lat' dir='ltr'><strong>ipsum</strong></span> <span class='ocrx_word' id='word_1_753' title='bbox 2560 5084 2852 5150; x_wconf 87' lang='lat' dir='ltr'><strong>Dominum</strong></span> <span class='ocrx_word' id='word_1_754' title='bbox 2905 5091 3153 5136; x_wconf 88' lang='lat' dir='ltr'><strong>nostrum</strong></span> <span class='ocrx_word' id='word_1_755' title='bbox 3196 5079 3387 5135; x_wconf 86' lang='lat' dir='ltr'><strong>Jesum</strong></span> 
     </span>
    </p>
   </div>
   <div class='ocr_carea' id='block_1_100' title="bbox 132 5166 3388 5245">
    <p class='ocr_par' dir='ltr' id='par_1_100' title="bbox 132 5166 3388 5245">
     <span class='ocr_line' id='line_1_100' title="bbox 132 5166 3388 5245; baseline 0.002 -23"><span class='ocrx_word' id='word_1_756' title='bbox 132 5166 435 5235; x_wconf 86' lang='lat' dir='ltr'><strong>Christum,</strong></span> <span class='ocrx_word' id='word_1_757' title='bbox 461 5170 556 5238; x_wconf 90' lang='lat' dir='ltr'><strong>qui</strong></span> <span class='ocrx_word' id='word_1_758' title='bbox 581 5185 750 5225; x_wconf 88' lang='lat' dir='ltr'><strong>verus</strong></span> <span class='ocrx_word' id='word_1_759' title='bbox 777 5177 863 5225; x_wconf 86' lang='lat' dir='ltr'><strong>est</strong></span> <span class='ocrx_word' id='word_1_760' title='bbox 921 5171 1066 5226; x_wconf 91' lang='lat' dir='ltr'><strong>Deus</strong></span> <span class='ocrx_word' id='word_1_761' title='bbox 1132 5181 1339 5227; x_wconf 90' lang='lat' dir='ltr'><strong>noster.</strong></span> <span class='ocrx_word' id='word_1_762' title='bbox 1402 5170 1511 5226; x_wconf 90' lang='lat' dir='ltr'><strong>Sed</strong></span> <span class='ocrx_word' id='word_1_763' title='bbox 1540 5171 1650 5242; x_wconf 88' lang='lat' dir='ltr'><strong>jam</strong></span> <span class='ocrx_word' id='word_1_764' title='bbox 1684 5178 1900 5241; x_wconf 89' lang='lat' dir='ltr'><strong>tempus</strong></span> <span class='ocrx_word' id='word_1_765' title='bbox 1925 5170 2189 5241; x_wconf 89' lang='lat' dir='ltr'><strong>deinceps</strong></span> <span class='ocrx_word' id='word_1_766' title='bbox 2217 5188 2316 5227; x_wconf 84' lang='lat' dir='ltr'><strong>nos</strong></span> <span class='ocrx_word' id='word_1_767' title='bbox 2348 5173 2564 5238; x_wconf 88' lang='lat' dir='ltr'><strong>invitat,</strong></span> <span class='ocrx_word' id='word_1_768' title='bbox 2589 5184 2650 5230; x_wconf 91' lang='lat' dir='ltr'><strong>ut</strong></span> <span class='ocrx_word' id='word_1_769' title='bbox 2672 5191 2737 5229; x_wconf 90' lang='lat' dir='ltr'><strong>ea</strong></span> <span class='ocrx_word' id='word_1_770' title='bbox 2770 5191 2893 5245; x_wconf 78' lang='lat' dir='ltr'><strong>qua.</strong></span> <span class='ocrx_word' id='word_1_771' title='bbox 2921 5174 3182 5235; x_wconf 81' lang='lat' dir='ltr'><strong>diximus,</strong></span> <span class='ocrx_word' id='word_1_772' title='bbox 3205 5173 3388 5244; x_wconf 79' lang='lat' dir='ltr'><strong>capita</strong></span> 
     </span>
    </p>
   </div>
   <div class='ocr_carea' id='block_1_101' title="bbox 133 5262 3379 5339">
    <p class='ocr_par' dir='ltr' id='par_1_101' title="bbox 133 5262 3379 5339">
     <span class='ocr_line' id='line_1_101' title="bbox 133 5262 3379 5339; baseline 0.001 -22"><span class='ocrx_word' id='word_1_773' title='bbox 133 5262 493 5328; x_wconf 87' lang='lat' dir='ltr'><strong>subjiciamus</strong></span> <span class='ocrx_word' id='word_1_774' title='bbox 532 5264 601 5318; x_wconf 93' lang='lat' dir='ltr'><strong>ad</strong></span> <span class='ocrx_word' id='word_1_775' title='bbox 641 5264 872 5335; x_wconf 84' lang='lat' dir='ltr'><strong>gloriam</strong></span> <span class='ocrx_word' id='word_1_776' title='bbox 909 5275 965 5320; x_wconf 89' lang='lat' dir='ltr'><strong>et</strong></span> <span class='ocrx_word' id='word_1_777' title='bbox 996 5265 1213 5321; x_wconf 87' lang='lat' dir='ltr'><strong>laudem</strong></span> <span class='ocrx_word' id='word_1_778' title='bbox 1250 5276 1450 5323; x_wconf 67' lang='lat' dir='ltr'><strong>sancta:</strong></span> <span class='ocrx_word' id='word_1_779' title='bbox 1483 5283 1548 5323; x_wconf 91' lang='lat' dir='ltr'><strong>ac</strong></span> <span class='ocrx_word' id='word_1_780' title='bbox 1576 5266 1702 5323; x_wconf 66' lang='lat' dir='ltr'><strong>vitae</strong></span> <span class='ocrx_word' id='word_1_781' title='bbox 1737 5268 2074 5339; x_wconf 86' lang='lat' dir='ltr'><strong>principium</strong></span> <span class='ocrx_word' id='word_1_782' title='bbox 2115 5268 2405 5339; x_wconf 85' lang='lat' dir='ltr'><strong>largientis</strong></span> <span class='ocrx_word' id='word_1_783' title='bbox 2442 5267 2750 5331; x_wconf 85' lang='lat' dir='ltr'><strong>Trinitatis,</strong></span> <span class='ocrx_word' id='word_1_784' title='bbox 2787 5265 2985 5333; x_wconf 84' lang='lat' dir='ltr'><strong>Patris,</strong></span> <span class='ocrx_word' id='word_1_785' title='bbox 3029 5266 3277 5336; x_wconf 86' lang='lat' dir='ltr'><strong>inquam,</strong></span> <span class='ocrx_word' id='word_1_786' title='bbox 3321 5272 3379 5320; x_wconf 89' lang='lat' dir='ltr'><strong>et</strong></span> 
     </span>
    </p>
   </div>
   <div class='ocr_carea' id='block_1_102' title="bbox 134 5353 1926 5425">
    <p class='ocr_par' dir='ltr' id='par_1_102' title="bbox 134 5353 1926 5425">
     <span class='ocr_line' id='line_1_102' title="bbox 134 5353 1926 5425; baseline 0.003 -14"><span class='ocrx_word' id='word_1_787' title='bbox 134 5353 259 5411; x_wconf 85' lang='lat' dir='ltr'><strong>Filii</strong></span> <span class='ocrx_word' id='word_1_788' title='bbox 310 5363 368 5409; x_wconf 90' lang='lat' dir='ltr'><strong>et</strong></span> <span class='ocrx_word' id='word_1_789' title='bbox 417 5354 658 5425; x_wconf 85' lang='lat' dir='ltr'><strong>Spiritus</strong></span> <span class='ocrx_word' id='word_1_790' title='bbox 710 5357 919 5423; x_wconf 83' lang='lat' dir='ltr'><strong>sancti,</strong></span> <span class='ocrx_word' id='word_1_791' title='bbox 975 5358 1032 5412; x_wconf 89' lang='lat' dir='ltr'><strong>in</strong></span> <span class='ocrx_word' id='word_1_792' title='bbox 1089 5359 1285 5415; x_wconf 66' lang='lat' dir='ltr'><strong>sazcula</strong></span> <span class='ocrx_word' id='word_1_793' title='bbox 1342 5363 1690 5418; x_wconf 66' lang='lat' dir='ltr'><strong>saeculorum.</strong></span> <span class='ocrx_word' id='word_1_794' title='bbox 1729 5362 1926 5417; x_wconf 81' lang='lat' dir='ltr'><strong>Amen.</strong></span> 
     </span>
    </p>
   </div>
   <div class='ocr_carea' id='block_1_103' title="bbox 208 5531 2404 5607">
    <p class='ocr_par' dir='ltr' id='par_1_103' title="bbox 208 5531 2404 5607">
     <span class='ocr_line' id='line_1_103' title="bbox 208 5531 2404 5607; baseline 0.005 -22"><span class='ocrx_word' id='word_1_795' title='bbox 208 5532 246 5607; x_wconf 65' lang='grc' dir='ltr'><strong>ξ’</strong></span> <span class='ocrx_word' id='word_1_796' title='bbox 269 5531 336 5585; x_wconf 87' lang='lat' dir='ltr'><strong>Ill</strong></span> <span class='ocrx_word' id='word_1_797' title='bbox 360 5532 555 5607; x_wconf 41' lang='lat' dir='ltr'><strong>Regii,</strong></span> <span class='ocrx_word' id='word_1_798' title='bbox 581 5533 646 5607; x_wconf 64' lang='grc' dir='ltr'><strong>5.Δ</strong></span> <span class='ocrx_word' id='word_1_799' title='bbox 672 5534 757 5607; x_wconf 78' lang='lat'><strong>_”</strong></span> <span class='ocrx_word' id='word_1_800' title='bbox 780 5532 921 5607; x_wconf 67' lang='lat' dir='ltr'><strong>Psal.</strong></span> <span class='ocrx_word' id='word_1_801' title='bbox 948 5550 1164 5607; x_wconf 52' lang='lat' dir='ltr'><strong>xxxviii,</strong></span> <span class='ocrx_word' id='word_1_802' title='bbox 1189 5538 1239 5591; x_wconf 77' lang='grc' dir='ltr'><strong>ιι.</strong></span> <span class='ocrx_word' id='word_1_803' title='bbox 1320 5539 1360 5569; x_wconf 67' lang='grc'><strong>’⁸</strong></span> <span class='ocrx_word' id='word_1_804' title='bbox 1384 5539 1547 5594; x_wconf 86' lang='lat' dir='ltr'><strong>Prov.</strong></span> <span class='ocrx_word' id='word_1_805' title='bbox 1575 5555 1662 5606; x_wconf 83' lang='lat' dir='ltr'><strong>xv,</strong></span> <span class='ocrx_word' id='word_1_806' title='bbox 1685 5539 1774 5595; x_wconf 73' lang='lat'><strong>29.</strong></span> <span class='ocrx_word' id='word_1_807' title='bbox 1855 5541 1896 5571; x_wconf 84' lang='lat'><strong>“’</strong></span> <span class='ocrx_word' id='word_1_808' title='bbox 1917 5539 2118 5596; x_wconf 80' lang='lat' dir='ltr'><strong>Jerem.</strong></span> <span class='ocrx_word' id='word_1_809' title='bbox 2148 5557 2262 5607; x_wconf 82' lang='lat' dir='ltr'><strong>xm,</strong></span> <span class='ocrx_word' id='word_1_810' title='bbox 2290 5541 2404 5595; x_wconf 74' lang='lat' dir='ltr'><strong>l‘-7.</strong></span> 
     </span>
    </p>
   </div>
   <div class='ocr_carea' id='block_1_104' title="bbox 2483 5536 3385 5611">
    <p class='ocr_par' dir='ltr' id='par_1_104' title="bbox 2483 5536 3385 5611">
     <span class='ocr_line' id='line_1_104' title="bbox 2483 5536 3385 5611; baseline 0.002 -16"><span class='ocrx_word' id='word_1_811' title='bbox 2483 5542 2524 5571; x_wconf 65' lang='grc' dir='ltr'>η</span> <span class='ocrx_word' id='word_1_812' title='bbox 2544 5539 2958 5611; x_wconf 68' lang='grc' dir='ltr'>Ιοεη.διιιι,ι,5.</span> <span class='ocrx_word' id='word_1_813' title='bbox 2997 5538 3085 5593; x_wconf 82' lang='lat'><strong>&quot;&#39;1</strong></span> <span class='ocrx_word' id='word_1_814' title='bbox 3103 5536 3230 5594; x_wconf 87' lang='lat' dir='ltr'><strong>Cor.</strong></span> <span class='ocrx_word' id='word_1_815' title='bbox 3254 5556 3306 5609; x_wconf 89' lang='lat' dir='ltr'><strong>v,</strong></span> <span class='ocrx_word' id='word_1_816' title='bbox 3331 5542 3385 5600; x_wconf 83' lang='grc' dir='ltr'>-ι,</span> 
     </span>
    </p>
   </div>
   <div class='ocr_carea' id='block_1_105' title="bbox 140 5601 1101 5670">
    <p class='ocr_par' dir='ltr' id='par_1_105' title="bbox 140 5601 1101 5670">
     <span class='ocr_line' id='line_1_105' title="bbox 140 5601 1101 5670; baseline 0.001 -13"><span class='ocrx_word' id='word_1_817' title='bbox 140 5603 181 5635; x_wconf 71' lang='grc'><strong>⁸⁸</strong></span> <span class='ocrx_word' id='word_1_818' title='bbox 205 5601 335 5657; x_wconf 86' lang='lat' dir='ltr'><strong>Luc.</strong></span> <span class='ocrx_word' id='word_1_819' title='bbox 363 5618 415 5667; x_wconf 70' lang='grc' dir='ltr'>χ,</span> <span class='ocrx_word' id='word_1_820' title='bbox 442 5601 524 5656; x_wconf 85' lang='lat' dir='ltr'><strong>l9.</strong></span> <span class='ocrx_word' id='word_1_821' title='bbox 607 5603 649 5635; x_wconf 81' lang='grc'><strong>¹⁹</strong></span> <span class='ocrx_word' id='word_1_822' title='bbox 672 5603 815 5658; x_wconf 75' lang='lat' dir='ltr'><strong>Psal,</strong></span> <span class='ocrx_word' id='word_1_823' title='bbox 845 5620 992 5670; x_wconf 66' lang='grc' dir='ltr'>χχιχ,</span> <span class='ocrx_word' id='word_1_824' title='bbox 1016 5605 1101 5658; x_wconf 78' lang='lat' dir='ltr'><strong>l2.</strong></span> 
     </span>
    </p>
   </div>
  </div>
