4054 6312
559 256 694 325 1431

1071 375 1357 432 ΙΙΟΜΙῘᾸΔ
1395 377 1628 432 PRIMA.

1233 493 1310 548 De
1345 493 1468 562 ﬁde.

628 611 864 666 Domino
901 619 1262 680 cooperante,
1292 619 1350 665 et
1384 624 1700 665 sermonem
1747 607 2138 675 conﬁrmante,

556 703 913 774 aggredimur
946 701 1186 772 primum
1221 701 1373 756 hunc
1403 701 1498 772 qui
1532 702 1600 758 de
1635 701 1742 758 ﬁde
1783 709 1895 768 est,
1931 717 2143 757 sermo-

559 807 716 858 nom;
748 800 914 862 atque
948 791 1024 845 ita
1053 789 1320 861 deinceps
1347 791 1442 862 qui
1474 800 1804 862 sequentur,
1833 793 1980 848 serie
2009 807 2145 848 con-

560 883 782 938 tinenti.
805 883 866 938 in
896 882 1092 953 primis
1116 897 1348 938 necesse
1374 883 1468 946 sit,
1493 891 1554 937 ut
1577 883 1772 937 credas
1803 883 1859 938 in
1892 902 1912 934 ι
1942 883 2139 948 Deum,

557 975 688 1044 quia
720 981 826 1039 est,
857 983 914 1029 et
945 973 1370 1044 exquirentibus
1404 989 1464 1030 se
1495 984 1886 1030 remunerator
1918 975 1992 1028 sit
2012 975 2078 1028 ’°.
2115 993 2134 1026 ι

557 1066 722 1122 Fides
749 1067 898 1122 enim
932 1066 988 1122 in
1019 1068 1282 1123 smeulum
1311 1067 1499 1123 stabit.
1526 1067 1594 1122 Et
1622 1085 1638 1122 :
1677 1086 1696 1119 ι
1727 1067 1920 1122 Justus
1940 1081 2007 1122 ex
2035 1065 2142 1122 ﬁde

555 1159 709 1215 vivet
729 1161 794 1214 ".
841 1178 860 1212 ι
909 1159 1102 1216 Justus
1149 1168 1336 1214 autem
1386 1159 1482 1230 qui
1528 1160 1714 1214 veraci
1763 1159 1870 1214 ﬁde
1919 1158 2138 1222 nititur,

556 1251 723 1307 ﬁdem
751 1252 925 1307 habet
957 1253 1097 1306 mire
1128 1250 1406 1308 eﬁlcacem
1445 1269 1459 1305 :
1499 1251 1685 1314 ﬁdem.
1723 1252 1970 1322 inquam,
2003 1266 2144 1320 quo-

561 1345 774 1402 tidiana
821 1345 1143 1401 accessione
1186 1345 1622 1410 coalescentem;
1673 1343 1836 1398 ﬁdem
1885 1343 2036 1398 nulla
2074 1357 2142 1398 ex

558 1445 716 1506 parte
744 1436 1119 1504 haesitantem;
1147 1435 1310 1491 ﬁdem
1339 1435 1408 1491 ad
1437 1446 1609 1506 Opera
1635 1435 1798 1489 laude
1825 1434 1990 1504 digna
2017 1434 2144 1488 illu-

518 1561 526 1566 -
557 1539 848 1596 strantem,
877 1538 938 1584 ut
967 1545 1066 1600 per
1093 1545 1162 1585 ea
1189 1527 1532 1600 gloriﬁcetur
1555 1529 1943 1584 universorum
1973 1528 2140 1582 Deus.

559 1623 724 1678 Fides
763 1623 1101 1694 principium
1139 1630 1225 1676 est
1263 1621 1466 1676 divinae
1505 1620 1836 1676 vocationis.
1877 1617 2143 1690 Quisquis

1837 271 2206 334 ANTIOCHI
2243 261 2591 338 MONACHI

2168 385 2219 441 Δ

3707 279 3849 345 H32

2786 385 3002 440 ΛΟΓΟΣ
3035 387 3306 443 ΠΡΩΤΟΣ

2805 501 2944 570 Περί
2977 501 3260 568 πίστεως.

2315 607 2422 664 Τοῦ
2453 609 2662 682 Κυρίου
2692 611 3084 690 σγνεργοῦντος
3114 613 3210 668 καὶ
3231 615 3324 669 τδν
3349 613 3511 682 λόγον
3540 613 3838 684 βεϐαιοῦν-

2242 718 2333 764 τος
2363 703 2664 774 ἀρχώμεθα
2725 704 2944 775 πρῶτον
2995 705 3105 759 τῶν
3157 704 3290 776 περὶ
3336 706 3580 770 πίστεως
3635 693 3837 776 λόγων,

2243 791 2344 850 εἷθ’
2368 795 2542 861 οῦτως
2583 799 2693 850 τῶν
2720 797 2976 869 καθεξῆς.
3011 799 3238 870 Πρῶτον
3293 799 3380 852 δεῖ
3420 799 3711 854 πιστεύειν
3759 805 3839 865 είς

2249 907 2268 940 ι
2293 887 2450 955 Θεδν,
2469 891 2553 944 ὃτι
2577 888 2746 954 ἔστιν,
2775 890 2873 944 καὶ
2891 893 3007 956 τοῖς
3025 889 3350 962 ἐκζητοῦσιν
3376 891 3544 946 αὐτὸν
3565 893 3840 962 μισθαπο-

2241 979 2402 1050 δότης
2427 979 2658 1050 γίνεται.
2689 999 2710 1032 ι
2741 981 2931 1044 Πίστις
2959 981 3072 1051 γὰρ
3097 983 3176 1043 εἰς
3203 982 3294 1034 τὸν
3326 983 3501 1035 αἰῶνα
3541 984 3834 1052 στήσεται.

2243 1073 2378 1140 Καὶ,
2415 1091 2434 1125 ι
2458 1071 2516 1127 '0
2546 1071 2754 1136 δίκαιος
2784 1074 2848 1126 ὲκ
2873 1074 3113 1137 πίστεως
3146 1072 3431 1145 ζήσεται.»
3472 1075 3531 1129 Ὁ
3563 1075 3625 1128 δὲ
3662 1076 3836 1139 ὅντως

2241 1165 2450 1228 δίκαιος
2481 1165 2549 1219 ὲκ
2582 1165 2821 1230 πίστεως
2859 1165 3045 1219 πίστιν
3091 1165 3210 1236 ἔχει
3250 1167 3474 1236 ὲνεργῆ,
3513 1167 3701 1220 πίστιν
3737 1168 3836 1221 ai:-

2244 1257 2532 1324 ξάνουσαν,
2567 1257 2751 1312 πίστιν
2790 1257 3389 1330 πεπληροφορημένην,
3427 1257 3620 1310 πίστιν
3665 1258 3834 1327 φωτέρ

2245 1347 2446 1414 ζουσαν
2491 1351 2549 1402 ὲν
2577 1351 2692 1412 τοῖς
2744 1349 2934 1412 καλοῖς
2991 1349 3198 1421 ἔργοις,
3248 1349 3337 1404 ἵνα
3381 1348 3623 1420 δοξασθῇ
3653 1351 3682 1402 ὁ
3725 1351 3833 1402 τῶν

2243 1442 2380 1496 ὅλων
2409 1439 2566 1504 Θεὸς.
2595 1439 2786 1505 Πίστις
2818 1439 2963 1511 ἁρχὴ
2993 1439 3304 1509 κολλήσεως
3332 1437 3492 1492 Θεοῦ.
3534 1438 3596 1492 '0
3625 1437 3833 1502 τέλειος

2245 1529 2437 1594 πιστὸς
2465 1529 2613 1593 λίθος
2641 1527 2772 1583 ναοῦ
2804 1529 2832 1570 ά
2864 1528 3000 1583 Θεοῦ
3035 1530 3274 1602 ὑπάρχει
3315 1527 3734 1600 ἡτοιμασμένος
3757 1531 3834 1591 είς

2245 1624 2535 1694 οίκοδομὴν
2571 1621 2708 1676 Θεοῦ
2747 1622 2984 1690 Πατρδς,
3029 1621 3439 1692 ἀναφερόμενος
3479 1623 3563 1685 εἰς
3599 1621 3672 1674 τὰ
3698 1619 3832 1690 ῦψη.

558 1714 804 1785 perfecte
831 1714 1029 1778 credit,
1053 1713 1194 1784 lapis
1215 1722 1300 1769 est
1321 1712 1513 1784 templi
1535 1713 1656 1779 Dei,
1677 1713 1820 1782 lapis
1841 1721 1928 1768 εει
1950 1711 2141 1766 solerti

2255 1716 2334 1771 διὰ
2365 1719 2464 1788 τῆς
2514 1717 2766 1787 μηχανῆς
2809 1715 2986 1786 Ἰησοῦ
3027 1715 3304 1786 Χριστοῦ·
3349 1715 3380 1768 ὅ
3424 1715 3548 1768 ἐστι
3601 1713 3831 1784 σταυρδς

559 1817 826 1878 apparatu
858 1807 1144 1878 laevigatus
1166 1817 1224 1862 et
1244 1816 1564 1876 exmquatus
1587 1806 1645 1861 in
1669 1803 2142 1862 substructionem

560 1900 660 1954 Dei
691 1898 892 1963 Patris,
924 1899 1064 1968 lapis
1099 1897 1156 1953 in
1191 1899 1430 1954 sublime
1462 1907 1690 1954 evectus
1721 1897 1978 1952 machina
2009 1912 2147 1968 qua-

561 1991 710 2062 piam
751 1991 1064 2046 admirabili
1101 1991 1233 2047 Jesu
1272 1989 1502 2055 Christi,
1534 2007 1656 2060 quae
1690 2006 1826 2044 crux
1861 1990 1984 2060 ejus
2023 1997 2140 2056 est;

559 2082 820 2153 praesidio
852 2083 1077 2154 adjutus
1108 2082 1344 2138 funiculi
1379 2083 1475 2153 qui
1511 2082 1752 2153 Spiritus
1779 2090 2002 2138 sanctus
2033 2090 2139 2137 est.

559 2174 728 2230 Fides
767 2175 1038 2240 hominis,
1070 2174 1300 2246 praedux
1336 2174 1464 2230 vitae
1507 2185 1594 2230 est
1639 2192 1653 2226 :
1692 2173 1948 2230 Charitas
1988 2173 2140 2244 ipsa,

557 2267 649 2322 via
688 2275 803 2333 est,
827 2267 895 2322 ad
932 2267 1104 2322 Deum
1140 2282 1317 2338 usque
1353 2265 1670 2322 subvehens
1703 2255 2007 2320 hominem.
2037 2264 2143 2332 Qui

557 2358 830 2428 ejusmodi
871 2365 978 2422 est,
1009 2357 1376 2428 Theophorus
1417 2356 1499 2421 ﬁt,
1529 2356 1646 2412 sive
1684 2355 2140 2426 Christophorus,

561 2451 851 2523 Templum
884 2451 1112 2522 insuper
1136 2450 1236 2506 Dei
1263 2460 1321 2506 et
1342 2462 1662 2506 sanctorum
1693 2449 1920 2504 sedulus
1946 2449 2147 2504 lustra-

560 2549 651 2598 tor
683 2543 969 2609 locorum;
1005 2541 1157 2598 nulla
1189 2557 1302 2596 non
1335 2541 1422 2596 sui
1457 2550 1632 2611 parte,
1665 2556 1766 2611 per
1795 2539 2144 2596 observatio-

563 2649 687 2689 nem
718 2633 1103 2688 mandatorum
1132 2632 1263 2688 Jesu
1297 2631 1530 2700 Christi,
1565 2633 1872 2702 perpolitus
1901 2641 1957 2686 et
1983 2631 2147 2686 ador-

559 2731 747 2780 natus.
773 2722 911 2778 Vita:
941 2723 1097 2792 origo
1126 2729 1211 2777 est
1238 2738 1303 2777 ea
1335 2738 1457 2791 quas
1485 2738 1586 2792 per
1616 2723 1778 2777 ﬁdem
1808 2731 1864 2776 et
1895 2720 2148 2778 dilectio-

559 2826 690 2867 nem
729 2818 1016 2882 operatur,
1049 2812 1138 2865 cni
1180 2808 1318 2864 nihil
1359 2811 1739 2880 anteponitur.
1779 2811 1968 2865 Fidem
2011 2827 2146 2868 sane

561 2905 797 2976 dixerim
839 2919 949 2959 non
991 2897 1456 2973 qualemcunque,
1491 2901 1586 2957 sed
1626 2917 1795 2972 opere
1838 2904 1958 2974 ipso
1997 2917 2148 2959 com-

561 2996 972 3060 mendabilem,
1007 3012 1134 3052 cum
1183 2994 1321 3050 ﬁdes
1361 2995 1482 3049 sine
1523 2994 1788 3064 operibus
1827 3003 2042 3052 mortua
2087 2996 2145 3052 in

2247 1793 2445 1880 σχοίνῴ
2481 1805 2766 1878 χρώμενος
2810 1804 2890 1876 τῷ
2931 1805 3242 1875 Πνεύματι.
3289 1805 3354 1858 Ἥ
3409 1804 3467 1858 δὲ
3514 1803 3705 1868 πίστις
3739 1805 3834 1858 ἀνι

2246 1893 2481 1967 θρώπου
2526 1893 2783 1964 ἁγωγεύς
2811 1895 2986 1959 ἐστιν,
3017 1895 3052 1965 ἡ
3080 1893 3142 1946 ’δὲ
3175 1893 3367 1962 ἀγάπη
3393 1893 3514 1956 ὁδὸς
3545 1895 3583 1964 ἡ
3628 1893 3830 1962 ἁναφὲ-

2246 2002 2416 2058 ρουσα
2440 1986 2520 2049 είς
2545 1986 2634 2040 τὸν
2656 1984 2809 2040 Θεόν.
2839 1974 2950 2038 Kal.
2979 1985 3008 2038 ὁ
3029 1981 3272 2047 τοιοῦτος
3293 1982 3505 2051 γίνεται
3535 1983 3833 2053 Θεοφὸρος,

2244 2079 2416 2149 ἤγουν
2445 2075 2824 2148 Χριστοφόρος
2859 2075 2956 2130 καὶ
2995 2074 3123 2139 ναὸς
3160 2073 3298 2128 Θεοῦ
3337 2074 3433 2127 καὶ
3481 2073 3833 2142 ἁγιοδρὸμος,

2243 2169 2341 2224 καὶ
2372 2169 2442 2224 τὰ
2469 2169 2651 2223 πάντα
2676 2167 3098 2238 κεκοσμημένος
3125 2165 3186 2219 ὲν
3217 2167 3338 2228 ταῖς
3371 2162 3618 2226 ἐντολαῖς
3658 2161 3833 2230 Ἰησοῦ

2243 2261 2507 2334 Χριστοῦ.
2533 2259 2642 2314 Καὶ
2673 2259 2821 2330 ἁρχὴ
2846 2258 2993 2330 ζωῆς
3019 2257 3058 2328 ἢ
3089 2256 3178 2310 διὰ
3209 2255 3449 2318 πίστεως
3471 2253 3568 2308 καὶ
3611 2253 3836 2321 ἀγάπης

2244 2359 2326 2420 είς
2352 2354 2506 2410 οὐδὲν
2539 2352 2930 2424 προκέκριται.
2976 2347 3138 2403 Ἀλλὰ
3184 2348 3368 2402 πίστιν
3416 2345 3563 2416 λέγω
3605 2346 3830 2416 ἐνεργῇ,

2244 2447 2367 2502 ἐπεὶ
2405 2448 2441 2517 η
2477 2445 2664 2508 πίστις
2715 2442 2890 2514 χωρὶς
2937 2439 3047 2494 τῶν
3099 2439 3279 2510 ἔργων
3331 2435 3505 2508 νεκρά
3553 2435 3677 2488 ὲστι
3711 2431 3834 2487 καθ’

2245 2541 2468 2612 ἑαυτήν.
2491 2538 2574 2594 Τὰ
2589 2537 2645 2592 δὲ
2667 2536 2806 2607 ἔργα
2833 2535 2932 2605 τῆς
2955 2531 3192 2596 πίστεως
3221 2531 3393 2590 ἔστιν,
3417 2527 3633 2612 ἀγάπη,
3664 2525 3828 2595 χαρὰ,

2244 2633 2462 2704 εἰρήνη,
2497 2625 2870 2701 μακροθυμία,
2893 2624 3226 2697 χρηστότης,
3257 2619 3601 2690 ἀγαθοσύνη,
3639 2632 3832 2670 ταπει-

2244 2720 2554 2794 νοφροσύνη
2587 2719 2683 2773 καὶ
2732 2715 2966 2795 αῦχησις
3013 2715 3072 2768 ἐν
3121 2713 3338 2783 Κυρίῳ,
3389 2709 3722 2780 πεποίθησις
3753 2709 3831 2770 είς
3935 2752 3940 2755 .

2245 2814 2400 2881 Θεὸν,
2443 2809 2759 2882 σταυρῶσαι
2805 2807 2905 2880 τὴν
2958 2801 3160 2876 σάρκα,
3208 2803 3270 2857 τδ
3317 2801 3672 2856 καταπαῦσαι
3718 2799 3833 2854 ἀπὸ

2245 2909 2466 2962 πάντων
2527 2903 2634 2958 τῶν
2688 2901 2888 2973 ἔργων,
2944 2896 3128 2960 καθὼς
3161 2895 3507 2950 κατέπαυσεν
3561 2892 3673 2947 ἀπὸ
3722 2891 3832 2944 τῶν

2251 2999 2398 3053 ίδίων
2429 2999 2459 3051 ὁ
2483 2995 2639 3060 Θεὸς,
2658 2991 2722 3046 τδ
2750 2987 2883 3062 ἆραι
2906 2989 3000 3044 τὸν
3025 2986 3256 3058 σταυρὸν
3287 2983 3450 3040 αὐτοῦ
3473 2983 3572 3038 καὶ
3600 2981 3833 3036 ἀκολου-

564 3089 864 3160 semetipsa
907 3089 1000 3143 sit.
1032 3087 1213 3158 Opera
1253 3086 1487 3157 proinde
1526 3085 1650 3140 ﬁdei
1694 3087 1854 3142 istius
1893 3099 2148 3158 cperato-

2255 3091 2454 3162 θῆσαι,
2511 3085 2787 3156 πνεύματι
2848 3083 2984 3154 ζῇν,
3043 3077 3358 3149 πνεύματος
3411 3077 3632 3146 τυχεῖν·
3691 3072 3832 3143 αῦτη

565 3181 665 3236 ria:
697 3193 829 3236 sunt
870 3199 882 3233 :
929 3180 1192 3245 charitas,
1231 3177 1518 3249 gaudium,
1556 3179 1802 3240 bonitas,
1838 3180 2146 3250 humilitas,

565 3271 862 3328 exsultatio
887 3271 942 3326 in
967 3271 1222 3336 Domino,
1249 3269 1450 3326 ﬁducia
1476 3285 1605 3340 erga
1631 3271 1832 3338 Deum;
1859 3276 2148 3342 praeterea,

567 3381 792 3422 carnem
835 3363 1058 3438 aﬁigere
1098 3362 1282 3430 cruci,
1313 3362 1462 3434 quod
1507 3371 1622 3429 est,
1651 3378 1771 3418 eam
1813 3379 2046 3420 avocare
2088 3380 2154 3420 ac

567 3459 766 3516 sedare
805 3459 876 3514 ab
914 3458 1174 3514 omnibus
1214 3456 1334 3513 suis
1370 3459 1654 3529 operibus,
1685 3460 2154 3528 quemadmodum

569 3567 602 3609 a
643 3553 763 3608 suis
807 3551 1234 3622 interquievisse
1274 3551 1476 3622 legitur
1511 3551 1660 3607 Deus
1698 3552 1890 3608 tollere
1929 3569 2154 3609 crucem

569 3660 727 3707 suam
755 3652 814 3700 et
839 3653 1172 3700 sectatorem
1202 3660 1325 3701 esse
1352 3645 1557 3707 crucis,
1581 3644 1733 3714 quod
1761 3653 1866 3710 est,
1893 3645 2158 3715 spiritua-

572 3737 700 3792 liter
735 3736 925 3791 vivere
964 3753 976 3788 :
1015 3735 1163 3808 quod
1198 3737 1245 3790 si
1281 3735 1538 3807 praeduce
1575 3734 1784 3804 Spiritu
1826 3735 2152 3806 ingrederis,

579 3827 940 3897 imputabitur
965 3827 1065 3882 tibi
1095 3825 1164 3883 ad
1191 3827 1484 3898 justitiam.
1521 3826 1734 3896 1027
1765 3824 1892 3882 Haec
1928 3842 1993 3884 ea
2027 3837 2159 3882 sunt

573 3917 816 3974 cﬁicacis
846 3917 974 3973 ﬁdei
1005 3935 1194 3990 opera.
1229 3917 1336 3986 Qui
1370 3903 1790 3988 ﬁde'percurrit
1820 3919 1964 3973 viam
1998 3935 2156 3974 Inano

574 4013 872 4076 datorum,
917 4011 1204 4066 cmlestem
1255 4011 1406 4066 illam
1455 4009 1785 4080 assequctur
1827 4011 2156 4066 Jerusalem.

576 4103 746 4159 Plane
781 4102 826 4158 si
861 4101 1027 4158 ﬁdem
1061 4102 1402 4168 habeamus,
1431 4111 1489 4157 et
1521 4103 1576 4156 in
1614 4102 1724 4158 ﬁde
1756 4118 1978 4167 sumus,
2010 4110 2066 4156 et
2103 4102 2159 4156 in

575 4181 772 4252 eadem
816 4194 985 4250 solidi
1029 4194 1393 4250 consistimus
1429 4210 1495 4249 ac
1537 4193 1789 4260 stabiles,
1824 4193 1881 4248 in
1923 4193 2160 4248 Domino

576 4275 812 4360 pulchre
846 4287 1186 4342 habitamus.
1216 4286 1438 4342 Etenim
1475 4301 1576 4356 per
1608 4286 1939 4356 Prophetam
1973 4285 2160 4356 loqui-

581 4393 672 4436 tur
695 4381 968 4461 Dominus
1001 4398 1014 4434 :
1054 4399 1072 4431 ι
1106 4377 1263 4436 Oculi
1291 4379 1398 4434 mei
1429 4378 1620 4434 ﬁdeles
1657 4385 1817 4433 terrae
1845 4386 1907 4432 ut
1930 4377 2161 4432 sedeant
2194 4413 2236 4467 ο

580 4488 799 4528 mecum
821 4473 888 4526 ε’.
925 4490 942 4523 ι
981 4471 1096 4527 Νεε
1129 4486 1293 4528 εεευε
1317 4469 1622 4526 Jeremias:
1653 4487 1672 4520 ι
1705 4468 1871 4532 Ecce,
1903 4467 2158 4534 Domine,

579 4566 727 4623 oculi
773 4565 854 4620 tui
901 4566 1211 4636 respiciunt
1250 4562 1414 4618 ﬁdem
1438 4563 1504 4616 ".
1549 4581 1568 4614 ι
1617 4561 1762 4618 Dicit
1800 4569 1858 4616 et
1903 4561 2102 4616 Petrus
2142 4574 2160 4614 :

587 4681 607 4713 ι
664 4659 976 4716 Ministrate
1022 4657 1079 4712 in
1126 4655 1236 4712 ﬁde
1279 4664 1464 4710 vestra
1509 4655 1777 4712 virtutem
1819 4662 1874 4708 et
1919 4653 2157 4713 Charita-

583 4765 692 4812 tem
714 4755 782 4808 ’⁵.
817 4771 836 4804 ι
874 4752 1094 4809 Πιιῐευε
1129 4767 1142 4804 :
1190 4768 1207 4802 ι
1245 4745 1766 4818 Superaadiﬁcantcs
1796 4745 2168 4816 vosmetipsos

583 4848 638 4900 in
684 4843 826 4909 ﬁde,
867 4843 1040 4898 sobrii
1085 4847 1296 4905 estote;
1341 4839 1593 4910 vigilate,
1633 4836 1766 4908 quia
1811 4835 2168 4892 adversarius

583 4943 768 4990 vester
821 4931 1079 4988 diabolus
1140 4938 1404 5000 tanquam
1463 4927 1554 4983 leo
1617 4929 1846 4998 rugiens
1909 4927 2169 4982 circumit

583 5043 842 5100 quaerens
863 5042 1030 5098 quem
1055 5025 1306 5090 devoret,
1331 5023 1420 5079 cui
1445 5022 1690 5078 resistite
1714 5023 1894 5078 fortes
1920 5022 2030 5078 ﬁde
2047 5025 2114 5076 ".
2144 5043 2163 5075 ι

587 5123 656 5176 Et
681 5121 889 5177 Paulus
917 5136 932 5174 :
970 5137 989 5171 ι
1023 5117 1082 5173 ιη
1109 5133 1220 5188 quo
1247 5133 1372 5173 cum
1404 5115 1775 5180 credideritis,
1803 5114 2007 5186 signati
2033 5115 2170 5172 estis

587 5213 799 5284 Spiritu
849 5211 1242 5284 promissionis
1287 5217 1477 5265 sancto
1511 5210 1579 5262 '°.
1629 5228 1647 5261 ›
1701 5208 1910 5263 lterum
1959 5226 1972 5261 :
2035 5227 2054 5259 ι
2109 5208 2170 5263 lu

2251 3180 2639 3252 λογισθήσεται
2672 3178 2754 3240 είς
2797 3171 3166 3242 δικαιοσύνην.
3204 3169 3394 3223 Ταῦτά.
3435 3167 3552 3220 ἐστι
3594 3165 3666 3219 τὰ
3695 3163 3836 3236 ἔργα

2251 3279 2352 3348 τῆς
2401 3273 2660 3334 πίστεως.
2706 3269 2766 3322 Ὀ
2811 3267 2992 3320 πίστει
3040 3263 3251 3334 τρέχων
3301 3259 3393 3314 διὰ
3445 3254 3836 3312 τῶν·ὲντολῶν

2253 3367 2406 3423 κάτω
2432 3363 2702 3436 λαμϐάνει
2747 3358 2848 3431 τὴν
2882 3359 2995 3414 ἄνω
3035 3355 3421 3428 Ἰερουσαλήμ.
3461 3351 3594 3407 Ἐὰν
3621 3349 3838 3421 ἔχωμεν

2254 3449 2460 3524 πίστιν,
2487 3457 2655 3528 ἐσμὲν
2693 3455 2752 3510 ὲν
2787 3455 2856 3524 τῇ
2895 3452 3100 3516 πίστει,
3147 3449 3245 3502 καὶ
3288 3446 3562 3517 στήκομεν
3608 3444 3668 3496 ἐν
3695 3442 3836 3512 αὐτῇ

2255 3553 2480 3624 ἑδραῖοι,
2505 3549 2608 3604 ικαὶ
2639 3550 2697 3602 ὲν
2731 3545 2923 3618 Κυρίῳ
2962 3541 3328 3611 κατοικοῦμεν
3367 3536 3568 3599 καλῶς.
3607 3533 3752 3602 Φησὶ
3783 3532 3839 3584 δὲ

2257 3643 2354 3700 καὶ
2411 3644 2441 3696 ὁ
2500 3639 2701 3710 Κύριος
2728 3638 2816 3692 διὰ
2840 3636 2934 3690 τοῦ
2965 3633 3280 3705 Προφήτου·
3311 3631 3413 3682 «Oi
3434 3625 3704 3698 ὀφθαλμοί
3733 3640 3834 3693 μου

2257 3738 2350 3792 ἐπὶ
2399 3735 2529 3799 τοὺς
2558 3731 2786 3794 πιστοὺς
2811 3729 2912 3799 τῆς
2933 3726 3058 3798 γῆς,
3081 3723 3176 3779 τοῦ
3211 3720 3594 3792 συγκαθῇσθαι
3639 3716 3840 3778 αὐτοὺς

2261 3828 2380 3901 μετ’
2407 3826 2563 3899 ἐμοῦ.
2590 3843 2608 3877 ι
2653 3823 2886 3895 Ὁμοίως
2909 3819 3006 3874 καὶ
3028 3822 3056 3873 ὁ
3087 3815 3380 3890 Ἱερεμίας·
3407 3831 3426 3866 ι
3461 3811 3615 3877 Ἰδοὺ,
3643 3808 3840 3878 Κύριε,

2257 3923 2309 3976 οἱ
2340 3917 2616 3989 ὀφθαλμοί
2651 3933 2748 3970 σου
2779 3915 2860 3978 είς
2887 3911 3092 3965 πίστιν.
3131 3927 3150 3961 ι
3185 3905 3419 3976 Λέγειδὲ
3435 3903 3533 3958 καὶ
3558 3905 3588 3956 ὁ
3611 3901 3840 3970 Πέτρος,

2266 4033 2285 4065 ι
2320 4011 2683 4083 Χορηγὴσατε
2733 4006 2791 4059 ὲν
2837 4006 2904 4076 τῇ
2939 4001 3122 4056 πίστει
3151 3998 3308 4069 ὑμῶν
3348 3995 3448 4068 τὴν
3490 3992 3711 4066 ἀρετὴν,
3747 3989 3842 4083 τὴν

2261 4082 2481 4175 ἀγάπην
2503 4118 2520 4135 ·
2555 4120 2574 4154 ι
2607 4101 2702 4154 καὶ
2733 4094 2911 4163 αὖθις,
2941 4114 2960 4148 ι
2999 4087 3518 4160 Ἐποικοδομοῦντες
3554 4088 3614 4138 ὲν
3652 4087 3722 4155 τῇ
3755 4082 3842 4135 πί-

2263 4214 2404 4262 στει,
2430 4195 2662 4266 νήψατε,
2693 4189 3108 4264 γρηγορήσατε,
3139 4186 3222 4239 ὃτι
3249 4181 3524 4242 ἀντίδικος
3549 4176 3708 4248 ὑμῶν
3729 4175 3843 4266 διὰ-

2264 4287 2438 4352 ϐῡλος,
2475 4263 2552 4348 dic
2596 4263 2745 4337 λέων
2769 4278 3083 4350 ὠρυόμενος
3126 4273 3443 4344 περιπατεῖ,
3487 4267 3672 4338 ζητῶν
3723 4263 3840 4316 τίνα

2264 4375 2536 4448 καταπίῃ·
2581 4367 2626 4443 ᾧ
2665 4371 2956 4441 ἀντίστητε
3004 4366 3218 4438 στερεοὶ
3237 4365 3306 4435 τῇ
3340 4363 3523 4414 πίστει
3545 4360 3596 4410 δ.
3627 4377 3647 4409 ι
3683 4355 3841 4448 Καὶύ

2268 4447 2510 4534 Παῦλος,
2559 4487 2579 4520 ι
2629 4467 2720 4520 Ἐν
2766 4455 2812 4534 ᾧ
2869 4459 3266 4521 πιστεύσαντες
3313 4451 3724 4526 ἐσφραγίσθητε
3769 4447 3841 4514 τῷ

2267 4559 2552 4630 Πνεῦματι
2596 4555 2694 4627 τῆς
2735 4549 3072 4620 ἐπαγγελίας
3113 4546 3192 4617 τῷ
3237 4545 3398 4614 ἁγίῳ.
3431 4561 3450 4593 ι
3498 4541 3612 4594 Καὶ
3655 4538 3841 4592 πάλιν·

2275 4670 2295 4706 ι
2339 4651 2465 4704 Ἐπὶ
2498 4649 2666 4702 πᾶσιν
2706 4641 3073 4703 ἀναλαϐόντες
3108 4638 3200 4690 τὸν
3235 4633 3431 4707 θυρεὸν
3449 4632 3550 4701 τῆς
3580 4631 3838 4690 πίστεως·

2269 4749 2329 4802 ὲν
2361 4737 2405 4813 ᾧ
2431 4738 2724 4812 δυνήσεσθε
2755 4735 2932 4790 πάντα
2967 4732 3038 4786 τὰ
3074 4729 3203 4802 βέλη
3240 4727 3336 4782 τοῦ
3365 4722 3619 4795 Πονηροῦ
3653 4722 3722 4774 τὰ
3749 4735 3840 4771 πε-

2273 4833 2576 4908 πυρωμένα
2612 4829 2828 4884 σϐέσαι.
2856 4845 2874 4880 ι
2905 4825 3016 4881 Kal.
3049 4819 3226 4886 αὖθις·
3257 4839 3276 4872 ι
3305 4819 3464 4872 Ἔστι
3495 4817 3682 4876 πίστις
3705 4813 3842 4908 ἐλπι-

2275 4901 2516 5000 ζομένων
2549 4922 2866 4984 ὑπόστασις.
2908 4919 2998 4972 Ἐν
3027 4915 3200 4986 ταύτῃ
3231 4913 3281 4953 δ’
3312 4911 3421 4981 γὰρ
3466 4901 3842 5000 ἐμαρτυρήθη·

2279 4995 2376 5076 σαν
2425 5021 2475 5073 οἱ
2533 4999 2917 5088 πρεσϐύτεροι.
2980 5007 3141 5064 Κατὰ
3191 5006 3376 5060 πίστιν
3431 5001 3539 5072 γὰρ
3585 4995 3839 5090 ἀπέθανον

2275 5107 2423 5170 οῦτοι
2454 5085 2675 5172 πάντες.
2707 5123 2725 5158 ι
2775 5104 2888 5158 Καὶ
2926 5101 3090 5156 πάλιν
3113 5113 3128 5130 ·
3185 5117 3203 5150 ι
3236 5091 3595 5163 Δικαιοσύνην
3631 5088 3686 5142 δὲ
3712 5085 3836 5138 Θεοῦ

2272 5207 2360 5263 διὰ
2377 5204 2616 5264 πίστεως
2639 5199 2718 5260 είς
2738 5196 2945 5257 πάντας
2966 5193 3092 5254 τοὺς
3115 5187 3490 5248 πιστεύοντας.
3504 5202 3522 5235 r
3553 5180 3659 5234 Καὶ
3673 5173 3834 5264 αὖθις,

589 5268 868 5361 omnibus.
893 5311 1178 5360 sumentes
1217 5310 1435 5359 scutum
1479 5301 1638 5370 ﬁdei,
1677 5301 1733 5356 in
1787 5315 1900 5372 quo
1942 5301 2152 5372 possitb

2283 5321 2301 5353 ι
2313 5299 2430 5354 Ἵνα
2454 5294 2552 5366 τὴν
2567 5289 2902 5361 ἐπαγγελίαν
2925 5284 3019 5340 τοῦ
3037 5279 3176 5338 Πνεύ
3184 5296 3354 5353 ματος
3371 5277 3628 5345 λάϐωμεν
3647 5268 3729 5323 διὰ
3747 5268 3834 5331 τῆς

663 5448 709 5480 ’⁸
732 5447 899 5503 Hebr.
924 5463 996 5509 τι,
1019 5447 1072 5502 6.
1149 5446 1193 5478 "
1216 5445 1388 5502 Hebr.
1411 5461 1466 5507 ι,
1491 5443 1581 5500 58.
1607 5443 1740 5499 Fide
1767 5441 2000 5508 scilicet,
2052 5459 2174 5514 qua:
2227 5457 2329 5514 per
2363 5435 2718 5495 dilectionem
2767 5434 3050 5502 operatur.
3124 5425 3168 5458 ”
3188 5421 3332 5479 Psal.
3357 5437 3388 5477 ε
3415 5462 3430 5488 ,
3455 5419 3508 5476 6.
3582 5416 3628 5446 "
3646 5414 3832 5469 .lrrem.

595 5533 648 5583 ν,
673 5519 728 5571 5.
788 5521 830 5548 ’³
855 5519 896 5572 ll
923 5519 1070 5573 Petr.
1095 5535 1132 5582 ι,
1159 5517 1210 5572 5.
1289 5517 1332 5549 ⁸⁵
1355 5517 1376 5571 l
1403 5516 1552 5572 Petr.
1575 5531 1630 5581 ν,
1653 5513 1706 5580 8,
1731 5514 1784 5568 9.
1861 5515 1905 5546 ²⁰
1927 5513 2132 5584 Ephes.
2160 5513 2312 5580 ι,15.

1896 5623 2129 5679 νΛΠΙλΕ
2161 5616 2562 5678 ικετιοιςεε.

671 5731 693 5760 ⁸
727 5719 872 5782 ναός.
950 5719 1179 5789 ι’στεροὶ
1231 5722 1296 5790 τῇ
1354 5718 1552 5772 πῖστει.
1631 5718 1684 5760 δ’
1719 5718 1879 5788 αὐτῇ.
