4054 6312
314 276 460 345 1433
1486 286 1817 347 HOMILIA
1856 286 1908 346 Ι.

1988 310 2016 321 -
2056 286 2154 347 DE
2189 287 2368 348 FIDE
3452 276 3589 341 1434

313 400 577 460 Ιπίστεως.
620 413 640 448 ι
673 396 784 450 Kal
803 396 1061 467 ἀλλαχοῦ,
1104 416 1123 450 ι
1152 399 1263 454 Kal
1284 399 1607 455 ἐπίστευσεν
1653 400 1905 471 Ἀϐραὰμ

2005 401 2192 456 omnia
2224 402 2333 456 tela
2363 398 2691 470 nequissimi
2721 398 2882 471 ignea
2912 396 3268 467 exstinguere
3286 394 3354 448 ".
3388 410 3407 445 ι
3447 392 3588 447 Βυτο

312 489 397 560 τῷ
428 488 571 560 Θεῷ,
603 489 697 542 xal
723 487 978 562 ἐλογίσθη
1008 490 1161 562 αύτῷ
1203 493 1284 555 είς
1316 492 1687 563 δικαιοσύνην.
1720 491 1812 563 Τῷ
1849 492 1908 546 δὲ

2010 507 2105 547 sus
2142 508 2157 546 :
2209 511 2229 545 ι
2268 491 2434 548 Fides
2470 500 2555 547 est
2589 491 2993 562 sperandarum
3030 485 3341 543 substantia
3379 498 3589 539 rerum.

321 581 400 653 μῆ
433 580 807 654 ἐργαζομένῳ,
840 582 1148 638 πιστεύοντι
1195 583 1254 637 δὲ
1306 584 1401 638 ἐπὶ
1445 583 1537 638 τὸν
1592 583 1910 638 δικαιοῦντα

2007 585 2069 639 ιιι
2094 584 2199 639 hac
2227 584 2375 639 enim
2408 583 2791 647 testimonium
2822 578 3111 637 consecuti
3142 585 3274 632 sunt
3295 572 3549 630 seniores
3576 589 3591 626 :

317 673 414 726 τὸν
436 673 634 742 ἀσεϐῆ,
655 673 929 742 λογίζεται
952 676 985 745 ή
1014 673 1198 737 πίστις
1222 675 1371 745 αὐτῷ
1392 677 1472 739 είς
1497 675 1902 746 δικαιοσύνην.»

2005 674 2163 745 juxta
2189 673 2352 729 ﬁdem
2377 672 2527 727 enim
2552 671 2803 727 defuncti
2829 677 2960 725 sunt
2983 682 3178 723 omnes
3200 666 3259 720 hi
3280 664 3347 720 ³⁸.
3381 681 3400 715 ι
3431 662 3598 717 item.

319 758 435 816 Kal
465 763 692 831 ἐπάγει·
724 784 743 817 ι
776 764 874 817 Διὰ
895 765 1055 817 τοῦτο
1080 764 1145 817 ὲκ
1171 764 1431 831 πίστεως,
1463 768 1551 819 ἵνα
1581 766 1727 821 κατὰ
1751 767 1911 837 χάριν

2012 781 2120 836 que
2163 784 2177 820 :
2223 785 2243 817 ι
2284 765 2564 821 Justitiam
2607 772 2792 819 autem
2834 762 2930 817 Dei
2970 776 3072 832 per
3109 759 3271 813 ﬁdem
3313 760 3368 815 in
3406 768 3598 809 omnes

317 847 377 924 ᾖ,
412 855 492 909 είς
521 855 583 906 τὸ
617 849 756 908 εἶναι
809 854 1035 925 βεϐαίαν
1067 857 1231 910 παντὶ
1271 856 1350 927 τῷ
1387 859 1693 928 σπέρματι,
1740 859 1803 911 ού
1832 857 1912 929 τῷ

2012 856 2107 926 qui
2137 855 2397 919 credunt,
2426 863 2486 909 ut
2516 854 2945 925 promissionem
2977 849 3319 920 accipiamus
3352 845 3597 915 Spiritus

323 947 392 997 ὲκ
422 943 588 1013 νόμον
624 945 807 1015 μόνον,
856 947 993 1001 ἀλλὰ
1026 948 1124 1001 καὶ
1152 947 1226 1019 τῷ
1271 950 1335 1002 ὲκ
1365 950 1603 1013 πίστεως
1641 949 1909 1021 Ἀϐραάμ.

2013 962 2113 1017 per
2152 946 2316 1002 ﬁdem
2338 947 2406 999 “.
2449 966 2468 998 ι
2516 946 2585 1001 Et
2625 963 2639 999 :
2689 964 2708 997 ι
2757 943 3007 999 Credidit
3046 939 3325 996 Abraham
3364 937 3507 997 Deo,
3541 940 3600 988 et

322 1035 442 1088 Οὐκ
475 1036 690 1106 ἐγράφη
718 1037 776 1090 δὲ
803 1037 870 1090 δι’
901 1038 1065 1091 αὐτὸν
1116 1038 1297 1108 μόνον,
1338 1039 1475 1092 ἀλλὰ
1518 1042 1620 1105 _xal
1645 1041 1711 1094 δι’
1738 1043 1909 1111 ἡμᾶς,

2014 1046 2333 1108 reputatum
2373 1045 2459 1093 est
2495 1037 2547 1092 ei
2589 1035 2659 1090 ad
2696 1034 2989 1107 justitiam.
3072 1031 3136 1086 Ei
3176 1044 3313 1084 vero
3352 1025 3447 1097 qui
3487 1038 3599 1079 non

322 1119 412 1188 οἷς
443 1126 629 1194 μέλλει
657 1126 969 1195 λογίζεσθαι
997 1131 1112 1193 τοῖς
1159 1130 1507 1185 πιστεύουσιν
1539 1132 1631 1184 ἐπὶ
1677 1133 1768 1185 τὸν
1804 1132 1916 1186 Κύ-

2015 1137 2316 1200 operatur,
2365 1128 2617 1184 credenti
2668 1135 2856 1182 autem
2906 1126 2963 1179 in
3008 1138 3136 1178 eum
3189 1121 3287 1192 qui
3330 1116 3598 1191 justiﬁcat

330 1232 447 1286 ριον
483 1216 640 1287 ⁴ἡμῶν
684 1218 892 1289 Ἰησοῦν
938 1221 1190 1292 Χριστόν.
1253 1222 1656 1288 Δικαιωθέντες
1715 1220 1809 1279 οὖν
1851 1227 1916 1279 ὲκ

2016 1221 2273 1291 impium,
2306 1222 2617 1291 imputatur
2657 1220 2796 1274 ﬁdes
2833 1218 2901 1272 ad
2935 1214 3210 1287 justitiam
3233 1213 3303 1266 '°.
3344 1230 3363 1262 ι
3411 1210 3601 1278 Itaque

327 1307 566 1369 πίστεως
593 1309 816 1381 εἰρήνην
848 1309 1047 1382 ἔχομεν
1092 1313 1229 1384 πρὸς
1257 1314 1348 1366 τὸν
1383 1315 1517 1369 Θεὸν
1539 1316 1639 1372 διὰ
1673 1317 1770 1371 τοῦ
1801 1318 1916 1370 Κυ-

2017 1312 2233 1369 inducit
2287 1331 2301 1367 :
2361 1332 2380 1363 ι
2434 1314 2670 1382 Propter
2717 1311 2825 1365 hoc
2873 1324 2941 1363 ex
2996 1307 3137 1373 ﬁde,
3182 1312 3244 1360 ut
3290 1301 3600 1359 secundum

328 1397 626 1470 ρίουὴμῶν
675 1401 849 1471 Ἰησοῦ
889 1404 1149 1474 Χριστοῦ.
1182 1423 1201 1456 ι
1236 1407 1346 1459 Καὶ
1376 1406 1654 1478 Τιμοθέῳ·
1695 1426 1713 1457 ι
1741 1409 1915 1477 Δίωκε

2017 1405 2249 1477 gratiam
2284 1403 2442 1457 ﬁrma
2473 1413 2621 1458 esset
2647 1400 2947 1472 promissio
2974 1398 3126 1454 omni
3158 1394 3379 1456 semini,
3413 1407 3522 1446 non
3548 1391 3602 1445 ei

324 1484 703 1562 δικαιοσύνην,
737 1494 939 1560 πίστιν,
971 1495 1216 1565 ἀγάπην,
1264 1499 1490 1568 εἰρήνην
1528 1500 1668 1566 μετὰ
1701 1501 1917 1554 πάντων

2018 1495 2114 1567 qui
2144 1511 2223 1551 .ex
2260 1496 2380 1566 lege
2421 1504 2505 1550 est
2541 1495 2752 1553 solum.
2787 1491 2885 1548 sed
2929 1499 2985 1546 et
3028 1490 3079 1544 ei
3120 1488 3217 1559 qui
3261 1502 3329 1540 ex
3372 1484 3480 1538 ﬁde
3516 1490 3605 1538 est

322 1580 439 1633 τῶν
468 1582 916 1653 ἐπικαλουμένων
948 1586 1038 1639 τὸν
1066 1587 1295 1656 Κύριον.
1327 1608 1346 1641 ι
1385 1590 1517 1642 Καί·
1561 1609 1583 1642 ι
1608 1591 1791 1661 Χωρὶς
1824 1591 1916 1643 πί-

2018 1586 2277 1642 Αὶιτειιιε.
2314 1586 2436 1641 Νοη
2475 1597 2561 1642 est
2603 1596 2789 1640 autem
2829 1584 3101 1653 scriptum
3145 1587 3377 1651 propter
3418 1578 3602 1646 ipsum

327 1691 503 1738 στεως
532 1676 798 1729 ἀδύνατον
823 1677 1186 1748 εὐαρεστῆσαι
1209 1679 1348 1749 Θεῷ.
1381 1699 1399 1733 ι
1428 1681 1539 1733 Kal
1557 1683 1585 1734 6
1624 1681 1876 1751 Ἰωάννης
1898 1698 1913 1713 ·

2020 1680 2234 1745 solum,
2258 1678 2363 1733 sed
2401 1678 2570 1733 etiam
2608 1683 2839 1749 propter
2868 1689 2973 1729 nos
3006 1672 3214 1744 quibus
3251 1666 3603 1738 reputabitur

332 1783 354 1816 ι
386 1764 535 1835 Αὕτη
596 1766 746 1820 ἐστὶν
788 1737 1028 1839 ήὲντολὴ
1071 1737 1236 1822 αὐτοῦ
1259 1809 1273 1833 ,
1302 1737 1410 1824 ’ἵνα
1457 1772 1805 1841 πιστεύωμεν

1985 1741 1994 1788 ⁵
2020 1770 2380 1824 credentibus
2398 1769 2451 1822 in
2476 1769 2771 1822 Dominum
2794 1773 3049 1821 nostrum
3068 1762 3255 1818 Jesum
3277 1757 3586 1814 Christum.

325 1854 554 1924 ὀνόματι
584 1865 607 1894 ο
639 1854 735 1908 τοῦ
774 1855 927 1910 ηΥίοῦ
962 1857 1136 1914 αὐτοῦ
1181 1859 1355 1928 Ἰησοῦ
1401 1860 1659 1931 Χριστοῦ,
1701 1861 1796 1915 καὶ
1834 1862 1920 1915 ἵνα

2019 1862 2315 1919 Justiﬁcati
2344 1862 2513 1932 igitur
2537 1876 2603 1915 ex
2635 1859 2762 1924 ﬁde,
2789 1872 2979 1927 pacem
3007 1855 3317 1908 habeamus
3336 1850 3402 1905 ad
3428 1849 3604 1903 Deum

325 1946 680 2010 πιστεύοντες
728 1947 874 2018 ζωὴν
927 1948 1145 2009 αἰώνιον
1203 1950 1386 2020 ἔχητε.
1427 1969 1446 2003 ι
1506 1951 1564 2006 '0
1610 1953 1667 2006 δὲ
1712 1953 1919 2025 Κύριος

2018 1972 2119 2026 per
2147 1954 2443 2009 Dominum
2480 1962 2732 2006 nostrum
2763 1950 2949 2006 Jesum
2986 1944 3274 2002 Christum
3297 1942 3364 1996 ".
3402 1959 3422 1992 ι
3469 1939 3604 1993 Item

326 2037 493 2108 ἡμῶν
527 2039 739 2109 Ἰησοῦς
774 2041 1009 2109 Χριστὸς
1040 2044 1068 2095 6
1095 2041 1349 2113 ἀληθινὸς
1380 2043 1535 2114 ήμῶν
1563 2044 1697 2107 Θεός
1732 2063 1917 2114 φησιν,

2022 2048 2320 2103 Timotheo
2357 2065 2370 2100 :
2409 2065 2427 2097 ι
2460 2046 2688 2101 Sectare
2716 2042 3009 2125 justitiam,
3037 2038 3222 2099 ﬁdem,
3252 2034 3602 2096 charitatem,

333 2149 357 2183 ι
395 2130 453 2184 '0
476 2131 746 2186 πιστεύων
776 2134 857 2197 είς
889 2135 911 2184 ὲ
922 2133 1010 2204 μὲ,
1040 2136 1276 2204 ποταμοὶ
1302 2138 1365 2188 ὲκ
1387 2136 1486 2205 τῆς
1516 2136 1723 2201 κοιλίας
1752 2137 1917 2191 αὑτοῦ

2019 2156 2212 2212 pacem
2252 2155 2376 2195 cum
2417 2138 2680 2193 omnibus
2718 2135 2813 2206 qui
2852 2136 3120 2190 invocant
3160 2125 3540 2184 Dominum".
3579 2144 3596 2175 ι

330 2222 622 2296 ῥεύσουσιν
652 2224 846 2288 ὕδατος
884 2225 1139 2289 ζῶντος.»
1159 2227 1329 2281 Τοῦτο
1359 2228 1417 2281 δὲ
1467 2228 1620 2296 ἔλεγε
1667 2232 1796 2300 περὶ
1824 2231 1917 2284 τοῦ

2020 2234 2089 2288 Ει
2127 2250 2141 2286 :
2189 2250 2207 2283 ι
2254 2231 2386 2286 Sine
2426 2230 2532 2284 ﬁde
2573 2228 2917 2298 impossibile
2954 2234 3040 2280 est
3079 2224 3299 2294 placere
3339 2220 3453 2273 Deo
3474 2217 3540 2270 ⁸³.
3579 2234 3596 2266 ι

328 2315 674 2386 Πνεύματος,
711 2311 773 2371 οὗ
800 2316 1033 2387 ἤμελλον
1061 2319 1361 2389 λαμϐάνειν
1387 2322 1437 2374 οἱ
1467 2322 1819 2385 πιστεύοντες
1842 2325 1921 2388 είς

2019 2326 2260 2382 Joannes
2291 2324 2594 2379 etiamnum
2634 2340 2647 2376 :
2692 2340 2711 2373 ‹
2751 2321 2867 2376 Hoc
2902 2327 2988 2374 est
3018 2315 3339 2372 mandatum
3374 2310 3516 2379 ejus,
3544 2314 3606 2360 ut

324 2406 516 2461 αὐτόν.
606 2408 713 2460 Kal
743 2408 928 2462 πάλιν⁹
964 2427 984 2461 ι
1013 2410 1111 2475 Τίς
1145 2411 1251 2481 ἄρα
1285 2412 1432 2465 ἐστὶν
1461 2414 1489 2465 ὁ
1520 2413 1711 2476 πιστὸς
1734 2412 1922 2477 δοῦλος

2020 2418 2316 2473 credamus
2357 2416 2413 2470 in
2451 2414 2678 2469 nomine
2711 2412 2837 2468 Filii
2870 2412 2991 2482 ejus
3020 2410 3149 2465 Jesu
3186 2404 3422 2462 Christi.
3456 2412 3512 2457 et
3545 2408 3605 2454 ut

280 2538 285 2545 -
327 2498 427 2552 καὶ
450 2498 754 2568 φρόνιμο;;
791 2518 807 2551 ι
847 2501 942 2554 xal
961 2500 1100 2572 ἄλλῃ
1133 2501 1182 2547 (1·
1222 2521 1240 2553 ι
1268 2502 1331 2556 Ἦ
1364 2503 1549 2565 πίστις
1581 2521 1673 2558 σου
1713 2504 1881 2556 σέσωκ

2020 2511 2344 2575 credentes,
2372 2508 2540 2563 vitam
2579 2517 2844 2563 aeternam
2888 2502 3143 2558 habeatis
3168 2499 3238 2553 ".
3275 2518 3293 2550 ι
3335 2495 3605 2551 Dominus

329 2606 418 2653 σε,
457 2590 689 2660 πορεύου
724 2593 805 2655 εἰς
832 2593 1078 2665 εἰρήνην.
1114 2614 1132 2646 ιι
1171 2596 1280 2647 Kal
1305 2597 1372 2664 τῇ
1403 2596 1604 2667 Μάρθα
1629 2611 1642 2625 ⁸
1677 2614 1696 2648 ι
1743 2595 1801 2650 Ὀ
1828 2613 1921 2649 πι-

2021 2610 2209 2656 autem
2250 2610 2461 2664 noster,
2493 2599 2654 2655 Jesus
2694 2597 2951 2652 Christus
2989 2593 3083 2664 qui
3126 2605 3294 2646 verus
3334 2595 3419 2643 est
3462 2586 3607 2640 Deus

330 2683 544 2736 στεύων
588 2684 668 2746 είς
710 2683 831 2753 ἐμὲ,
871 2683 976 2737 κᾶν
1015 2684 1284 2757 ἀποθάνῃ,
1335 2685 1579 2757 ζήσεται.
1618 2705 1636 2738 ι
1674 2687 1782 2741 Kal
1810 2689 1922 2749 τοῖς

2021 2702 2235 2755 noster,
2265 2692 2344 2746 ait
2375 2708 2388 2745 :
2429 2709 2448 2742 ί
2480 2689 2585 2757 Qui
2618 2688 2799 2745 credit
2828 2688 2885 2740 in
2916 2700 3027 2749 me,
3057 2682 3283 2738 ﬁumina
3313 2678 3382 2732 de
3411 2682 3606 2729 ventre

331 2772 629 2845 μαθηταῖς,
670 2793 690 2827 ι
717 2773 893 2845 ’Δμὴν
940 2774 1087 2844 λέγω
1124 2777 1274 2846 ὑμῖν,
1319 2779 1347 2830 6
1389 2777 1660 2831 πιστεύων
1689 2781 1769 2842 είς
1798 2778 1918 2849 ἐμὲ,

2022 2765 2145 2853 ejus
2172 2782 2347 2837 ﬂuent
2374 2796 2532 2851 aquae
2558 2779 2877 2838 vivanﬂoc
2894 2785 3080 2831 autem
3121 2771 3343 2827 dicebat
3377 2768 3446 2822 de
3480 2764 3606 2835 Spi-

324 2864 402 2918 τά
434 2865 571 2936 ἔργα
605 2864 785 2933 ἂ’ὲγὼ
817 2866 956 2921 ποιῶ
1003 2868 1255 2930 κάκεῖνος
1288 2868 1528 2938 ποιήσει,
1560 2871 1673 2923 καὶ·
1697 2870 1920 2938 μείζονα

2023 2873 2135 2927 ritu
2176 2889 2340 2943 quem
2379 2870 2666 2942 accepturi
2707 2876 2865 2924 erant
2902 2867 3196 2923 credentes
3232 2862 3289 2916 in
3330 2874 3460 2915 eum
3482 2858 3549 2911 ³⁸.

324 2954 539 3008 τούτων
571 2956 809 3026 ποιήσει.
839 2975 859 3008 ι
909 2956 1055 3009 Καί·
1095 2977 1114 3007 ι
1158 2956 1215 3010 ⁸0
1246 2958 1520 3011 πιστεύων
1550 2962 1630 3022 είς
1658 2956 1779 3028 ἐμὲ.
1809 2960 1920 3031 ἔχει

2023 2965 2238 3019 Rursus
2278 2964 2423 3018 idem
2469 2980 2483 3017 :
2535 2982 2553 3015 ι
2597 2961 2735 3030 Quis
2778 2969 2940 3031 putas
2982 2958 3159 3013 ﬁdelis
3200 2964 3287 3010 est
3323 2964 3516 3009 servus
3550 2955 3609 3003 et

328 3044 482 3115 ζωὴν
508 3044 778 3101 αἰώνιον.»
811 3048 919 3100 Kal
944 3046 1121 3111 αὖθις·
1157 3066 1175 3098 ι
1203 3049 1497 3102 Πιστεύετε
1528 3051 1608 3112 είς
1642 3049 1731 3102 τὸν
1761 3049 1917 3114 Θεὸν,

2024 3056 2269 3126 prudens
2293 3056 2372 3110 “‘2
2416 3074 2435 3107 ι
2474 3055 2615 3110 Aliis
2655 3068 2878 3124 quoque
2914 3051 3054 3107 dixit
3093 3067 3106 3103 ε
3160 3068 3178 3100 ι
3221 3046 3385 3102 Fides
3422 3053 3515 3098 tua
3555 3052 3607 3097 te

327 3134 431 3188 xal
459 3136 537 3199 είς
571 3135 671 3207 ὲμὲ
696 3136 1005 3192 πιστεύετε.
1048 3156 1068 3189 ι
1125 3137 1352 3201 Ἰκανῶς
1398 3139 1600 3205 τοίνυν,
1642 3138 1718 3202 ὡς
1742 3134 1920 3208 οἶμαι,

2025 3148 2229 3204 salvam
2262 3146 2570 3213 fecit,vade
2600 3146 2653 3200 in
2687 3161 2820 3216 pace
2840 3145 2906 3198 ³⁷.
2934 3162 2952 3195 ι
2988 3141 3214 3196 Marthae
3241 3139 3371 3192 item
3403 3153 3417 3190 :
3454 3155 3472 3185 ι
3501 3134 3607 3200 Qui

331 3216 691 3297 παρεθέμεθα
711 3229 812 3292 τὰς
839 3230 905 3283 ἐκ
932 3228 1041 3282 τῶν
1076 3228 1237 3282 Θείων
1266 3230 1500 3299 Γραφῶν
1527 3231 1655 3301 περὶ
1688 3231 1923 3293 πίστεως

2024 3240 2202 3295 credit
2246 3240 2302 3294 in
2349 3255 2465 3303 me,
2508 3237 2727 3294 etiamsi
2776 3244 3030 3291 mortuus
3072 3230 3272 3291 fuerit.
3305 3226 3541 3282 vivet”.
3580 3244 3599 3276 ι

334 3317 643 3388 μαρτυρίας
667 3333 681 3348 ⁶
720 3319 903 3372 πίστιν
950 3319 1008 3373 δὲ
1039 3319 1272 3390 λέγομεν
1317 3320 1415 3390 τὴν
1451 3321 1533 3383 είς
1562 3320 1781 3393 Πατέρα
1829 3322 1923 3375 καὶ

2023 3330 2326 3400 Discipulis
2354 3330 2431 3383 ait
2461 3348 2474 3383 :
2512 3348 2530 3380 ι
2567 3329 2763 3391 Amen,
2797 3341 2956 3381 amen
2988 3324 3112 3379 dico
3143 3320 3323 3385 vobis,
3349 3319 3444 3389 qui
3483 3332 3607 3371 cre-

330 3409 464 3463 Υἱὸν
496 3411 589 3463 καὶ
627 3409 781 3478 ἅγιον
808 3410 1059 3481 Πνεῦμα,
1081 3409 1179 3481 τὴν
1211 3410 1497 3480 όμοούσιον
1526 3412 1621 3464 xal
1661 3413 1923 3476 ζωοποιὸν

2023 3423 2166 3477 didit
2206 3423 2261 3476 in
2302 3438 2410 3487 me,
2434 3438 2605 3492 opera
2636 3437 2759 3492 quae
2790 3435 2891 3491 ego
2920 3418 3063 3473 facio
3092 3425 3147 3471 et
3178 3415 3269 3469 ille
3300 3413 3462 3467 faciet
3481 3411 3548 3464 θ’.
3581 3427 3600 3461 ι

330 3502 542 3573 Τριάδα
569 3502 1006 3573 ἀναφερομένην,
1033 3504 1114 3565 είς
1130 3503 1196 3573 ἢν
1221 3503 1313 3556 καὶ
1338 3502 1692 3570 πιστεύομεν.
1727 3502 1923 3571 Ἀναγ-

2022 3515 2092 3570 Ει
2121 3533 2134 3567 :
2178 3534 2196 3565 ι
2228 3512 2332 3580 Qui
2363 3513 2542 3569 credit
2570 3513 2623 3567 in
2655 3528 2765 3579 me,
2788 3511 2962 3566 habet
2994 3511 3163 3563 vitam
3195 3516 3457 3562 aeternam
3483 3504 3549 3556 ⁸ο.
3582 3520 3600 3553 ι

333 3597 489 3649 καῖον
531 3593 588 3647 δὲ
640 3594 863 3657 καὶτὰς
891 3595 1020 3665 περὶ
1064 3586 1255 3648 τούτου
1304 3599 1531 3665 χρήσεις
1574 3595 1671 3649 καὶ
1711 3612 1921 3665 μαρτυ-

2024 3608 2237 3663 Rursus
2264 3602 2278 3659 ἐ
2319 3625 2336 3656 ι
2366 3605 2607 3660 Creditis
2639 3605 2693 3658 in
2724 3606 2928 3675 Deum,
2967 3613 3022 3658 et
3048 3604 3105 3657 in
3133 3618 3222 3656 me
3247 3599 3457 3656 credite
3481 3597 3547 3652 “.
3583 3615 3600 3649 ι

335 3684 462 3758 ρίας
489 3686 589 3753 τῆς
621 3685 774 3747 θείας
803 3685 1032 3756 Γραφῆς
1074 3685 1418 3757 παραθέσθαι
1453 3686 1594 3758 πρὸς
1645 3686 1923 3757 φωτισμὸν

2024 3698 2094 3755 Et
2139 3698 2365 3767 quidem
2407 3698 2679 3751 hactenus
2725 3696 2793 3750 de
2829 3696 2934 3750 ﬁde
2975 3695 3195 3749 abunde
3232 3690 3609 3748 testimonium

329 3777 447 3829 τῶν
477 3776 938 3845 ἐντυγχανόντων.
974 3776 1073 3829 Διὰ
1113 3777 1295 3846 πάσης
1324 3778 1505 3830 τοίνυν
1547 3777 1648 3844 τῆς
1687 3777 1925 3846 θεολογιι

2025 3789 2267 3843 arbitror
2311 3803 2398 3843 me
2443 3786 2856 3856 deprompsisse
2905 3801 2936 3840 e
2978 3783 3416 3853 locupletissimo
3463 3795 3608 3849 penu

331 3864 443 3935 κῆς
472 3865 859 3937 πραγματείας
883 3865 983 3937 τὴν
1007 3866 1269 3939 θεαρχίαν
1293 3868 1510 3938 ὁρῶμεν
1536 3868 1696 3938 ίερῶς
1725 3869 1924 3937 ὑμνου-

2026 3880 2341 3934 divinarum
2395 3878 2834 3947 Scripturarum.
2867 3875 3185 3930 Astruimus
3232 3888 3399 3943 porro
3446 3870 3608 3924 ﬁdem

336 3957 532 4029 μένην,
568 3959 643 4022 ὡς
670 3959 876 4028 μονάδα
913 3959 1012 4028 μὲν
1054 3960 1150 4012 καὶ
1182 3959 1347 4014 ὲνάδα
1374 3959 1465 4013 διὰ
1505 3960 1606 4029 τὴν
1645 3959 1925 4030 ἁπλότητα

2025 3987 2178 4031 esse,
2212 3986 2321 4041 qua
2367 3971 2469 4040 ipsi
2513 3969 2795 4025 credimus
2838 3969 2892 4022 in
2929 3968 3184 4030 Patrem,
3217 3974 3274 4019 et
3313 3963 3514 4017 Filium
3557 3970 3613 4016 et

331 4047 435 4101 καὶ¹
460 4047 684 4118 ἑνότητα
708 4048 808 4118 τῆς
847 4049 1162 4119 ὑπερφυοῦς
1197 4050 1483 4120 ἁμερείας,
1515 4050 1575 4114 ἐξ
1604 4043 1670 4121 ἧς
1700 4049 1775 4113 ὡς
1810 4052 1926 4103 ἑνο-

2027 4061 2296 4132 Spiritum
2338 4069 2612 4125 sanctum,
2646 4056 3176 4114 consubstantialem
3220 4060 3278 4109 et
3318 4051 3608 4106 viviﬁcan-

335 4137 497 4191 ποιοῦ
529 4138 814 4209 δυνάμεως
858 4139 1186 4210 ἑνιζόμεθα·
1231 4140 1308 4204 ὡς
1362 4141 1570 4210 Τριάδα
1599 4141 1657 4195 δὲ
1695 4141 1786 4194 διὰ
1824 4142 1925 4212 τὴν

2026 4162 2137 4206 tem
2180 4151 2510 4206 Trinitatem
2559 4152 2780 4205 cunctis
2814 4149 3030 4219 1028
3075 4143 3605 4216 supereminentem.

331 4229 894 4309 τρισυπόστατονντῆς
924 4231 1248 4303 ύπερουσίου
1282 4233 1638 4303 γονιμότητος
1664 4232 1922 4303 ἔμφασιν.

2023 4244 2409 4300 Necessarium
2453 4242 2689 4313 proinde
2726 4242 2823 4308 sit,
2857 4241 3059 4295 divinae
3102 4236 3404 4306 Scripturae
3448 4249 3609 4288 usum

336 4323 514 4377 Τοῦτο
544 4319 636 4378 οὖν
677 4342 859 4394 φαμεν
908 4325 985 4388 ὡς
1034 4325 1213 4379 πάντα
1250 4325 1322 4379 τὰ
1360 4325 1630 4397 θεαρχικὰ
1683 4326 1924 4396 ὀνόματα

2026 4351 2091 4391 ac
2122 4335 2442 4390 testimonia
2472 4335 2577 4389 hac
2600 4334 2669 4388 de
2698 4349 2755 4388 re
2782 4332 3112 4403 depromere
3147 4328 3216 4384 ad
3254 4326 3611 4382 illustrandas

336 4416 422 4477 είς
459 4415 558 4485 τὴν
593 4415 921 4485 ὑπερούσιον
948 4418 1041 4470 καὶ
1064 4416 1350 4487 ὀμοούσιον
1382 4417 1587 4487 Τριάδα
1608 4420 1656 4472 οί
1680 4419 1920 4487 θεολόγοι

2024 4428 2327 4498 legentium
2361 4428 2590 4482 animas.
2624 4427 2813 4496 itaque
2851 4441 2949 4495 per
2980 4438 3200 4479 omnem
3238 4421 3331 4491 qui
3367 4421 3434 4475 de
3471 4418 3612 4473 divi-

334 4505 777 4573 ἑκλαμϐάνουσιν
802 4524 815 4538 ο
843 4500 954 4560 οἷον
982 4508 1063 4574 τὸ,
1099 4507 1231 4569 Θεὸς
1262 4508 1487 4579 Κύριος,
1521 4510 1733 4578 Ἀγιος,
1763 4511 1928 4579 Ἀγα-

2028 4520 2119 4576 nis
2156 4530 2265 4585 est,
2297 4527 2615 4583 tractatum,
2644 4518 3094 4589 augustissimam
3132 4515 3229 4571 Dei
3271 4515 3608 4585 majestatem

338 4596 458 4660 θὺς,
495 4596 637 4661 Φῶς,
664 4599 808 4668 Ζωὴ,
828 4598 1106 4671 Ἀλήθεια,
1130 4601 1555 4673 Παντοκράτωρ,
1586 4603 1927 4657 Παντοδύναο

2029 4610 2202 4665 sacris
2236 4609 2610 4679 conspicimus
2642 4607 2911 4664 celebrari
2942 4606 3183 4677 hymnis,
3205 4620 3355 4659 nunc
3384 4603 3608 4673 quidem

342 4703 464 4759 μος,
506 4688 709 4760 Κύριος
757 4690 1020 4754 Σαϐαὼθ,
1079 4692 1107 4745 ὅ
1162 4695 1279 4746 ἐστι
1324 4693 1639 4763 στρατιῶν,
1690 4697 1788 4749 καὶ
1827 4696 1927 4750 ὅσα

2030 4709 2091 4756 ιιι
2116 4702 2454 4768 singularem
2485 4702 2776 4765 unitatem,
2806 4706 3033 4770 propter
3059 4696 3471 4768 simplicitatem
3504 4695 3610 4748 im—

334 4779 474 4835 ἄλλα
502 4781 654 4851 παρὰ
689 4782 798 4835 τῶν
858 4784 1127 4852 θεολόγων
1175 4784 1336 4854 ίερῶς
1383 4786 1658 4855 ὑμνεῖται,
1690 4787 1767 4852 ὡς
1810 4790 1929 4843 ἔστι

2030 4793 2387 4866 partialitatis
2414 4804 2611 4848 natura
2641 4793 2791 4848 omni
2821 4791 3144 4862 superioris,
3172 4803 3349 4859 eoque
3384 4788 3611 4843 inenar-

340 4868 535 4940 μαθεῖν
570 4872 701 4941 παρ’
733 4873 902 4942 αὐτῆς
937 4874 1039 4942 τῆς
1082 4875 1342 4947 Θεαρχίας
1383 4877 1554 4949 αὐτὴν
1596 4880 1726 4951 περὶ
1756 4880 1928 4951 αὐτῆς

2028 4880 2221 4935 rabilis
2255 4881 2407 4937 illius
2446 4898 2545 4952 per
2574 4898 2739 4953 quam
2778 4891 3036 4952 tanquam
3061 4881 3319 4934 virtutem
3353 4878 3609 4933 uniﬁcam

336 4960 764 5032 ὑφηγουμένην·
795 4981 813 5013 ι
846 4964 911 5016 Τί
970 4980 1037 5034 με
1095 4966 1329 5037 ἐρωτᾷς
1353 4967 1485 5037 περὶ
1530 4968 1627 5022 τοῦ
1680 4970 1928 5038 ἅγαθοῦ;

2027 4972 2133 5039 ipsi
2166 4974 2221 5027 in
2255 4989 2423 5027 unum
2454 4974 2819 5029 coalescimus
2845 4983 2902 5029 et
2937 4971 3233 5027 counimur
3263 4989 3275 5025 :
3306 4986 3455 5025 nunc
3477 4983 3611 5024 vero

336 5052 516 5142 οὐδεὶς
543 5053 770 5122 ἀγαθὸς,
816 5056 866 5108 εί
915 5058 989 5125 μὴ
1039 5051 1119 5121 εἷς
1144 5058 1172 5109 6
1209 5058 1362 5122 Θεός.
1393 5078 1411 5111 ι
1455 5062 1568 5115 Καὶ
1607 5064 1720 5125 τοῖς
1751 5064 1811 5115 ὲν
1854 5063 1932 5133 τῷ

2028 5063 2317 5117 Trinitatis
2339 5063 2937 5142 nomine-praedicatur,
2955 5073 3017 5118 ut
3038 5071 3187 5120 tanta
3214 5058 3304 5117 illa
3332 5062 3606 5131 majestas.

337 5141 663 5212 ἀμπελῶνιο
701 5163 718 5195 ι
749 5144 876 5199 ’Ότι
935 5144 1048 5213 ἐγὼ
1105 5147 1310 5216 ἁγαθός
1358 5151 1495 5220 εἰμι.
1535 5170 1553 5202 ι
1600 5151 1742 5204 Καί·
1801 5170 1820 5203 ι
1860 5153 1933 5206 Τὸ

2030 5153 2400 5224 qualicunque
2440 5141 2813 5210 delineatione
2856 5155 3173 5210 deelaretur
3207 5154 3384 5208 tribus
3425 5151 3607 5207 subsi-

340 5232 569 5303 Πνεῦμά
612 5252 707 5290 σου
755 5236 818 5290 τὸ
850 5237 1080 5307 ἀγαθόν.
1126 5257 1145 5290 ι
1181 5240 1293 5293 Kal
1328 5241 1404 5312 τῷ
1438 5244 1663 5297 Μωῦσεί
1688 5261 1699 5274 ·
1738 5264 1757 5296 ι
1788 5244 1933 5315 Ἐγώ

2031 5255 2178 5302 stere
2233 5247 2524 5317 personis,
2571 5248 2777 5319 alioqui
2829 5248 3252 5318 proliﬁcationis
3305 5247 3607 5302 immensa}.

414 5373 790 5447 '_',_Ephe_s;vr,
818 5374 904 5429 16.
980 5378 1025 5409 ’⁸
1050 5376 1221 5432 Hebr.
1244 5394 1317 5443 xl,
1344 5377 1393 5445 Ι,
1416 5380 1469 5445 2,
1498 5380 1583 5435 15.
1661 5383 1705 5413 ¹⁹
1726 5382 1884 5436 Rom.
1910 5399 1989 5447 ιιι,
2012 5394 2015 5409 ‘

2012 5383 2101 5437 22.
2178 5385 2224 5416 ³ο
2249 5385 2409 5439 Rom.
2432 5402 2508 5447 tv,
2530 5386 2644 5440 5-5.
2721 5385 2763 5417 ³¹
2794 5385 2932 5439 ibid.
2958 5386 3010 5445 1,
3038 5384 3123 5447 i7,
3148 5385 3238 5439 23.
3317 5383 3361 5416 “
3386 5383 3430 5438 11
3460 5383 3608 5439 Tim.

339 5461 403 5509 ιι,
594 5443 832 5523 ³-³Δῌείιτ.
861 5461 935 5512 xt,
960 5447 1051 5523 6,Δ
1089 5448 1135 5480 ³⁸
1158 5449 1363 5523 ῌρειιι.
1383 5443 1469 5516 ιιι,
1494 5452 1586 5506 25.
1663 5453 1708 5523 ἱδ
1729 5452 1885 5523 «[0311.
1909 5470 1939 5506 v

2029 5454 2119 5507 53.
2196 5443 2734 5523 "iiatth.ixtv,45.
2815 5443 3018 5511 "Luc.
3056 5443 3149 5523 ni,
3198 5455 3288 5512 50.
3384 5453 3609 5513 “Joan.

340 5530 421 5581 ιι,
440 5515 540 5570 25.
609 5515 654 5547 ⁸³
674 5514 833 5569 Joan.
856 5533 964 5582 xw,
998 5518 1076 5571 l2.
1157 5517 1201 5550 ⁸ο
1230 5519 1384 5574 ioau.
1410 5514 1479 5588 vr,
1504 5523 1594 5577 47.
1672 5521 1715 5554 ⁸⁸
1736 5520 1894 5577 Joan.
1921 5538 2030 5586 xw,
2057 5524 2108 5578 ί.

1637 5634 1868 5690 VARI/Ii
1908 5636 2313 5693 LECTIONES.

417 5700 535 5763 ἐίς
565 5699 625 5752 τὸ
660 5696 850 5770 ὅνομα.
927 5698 951 5739 ἀ
977 5700 1178 5765 ἄλλοις.
