4054 6312
517 190 656 256 1435

511 395 737 452 nomina
769 395 954 450 omnia
985 409 1108 465 qua
1139 394 1381 450 divinam
1413 395 1754 466 majestatem
1783 397 2085 465 insinuant,

508 502 610 542 sua
639 485 1100 557 interpretatione
1127 486 1376 541 referunt
1399 487 1468 542 ad
1494 489 2088 557 supersubstantialem

507 580 678 634 simul
715 587 772 634 et
811 580 1340 634 consulbstantialem
1378 580 1742 648 Trinitatem;
1789 597 1892 638 ceu
1934 591 2085 650 sunt,

510 672 678 736 Deus,
703 672 990 734 Dominus,
1016 671 1222 735 Bonus,
1247 670 1384 736 Lux,
1409 672 1555 736 Vita,
1584 673 1821 740 Veritas,
1847 674 2091 744 Impera-

505 773 599 818 tor
629 761 902 825 omnium,
933 759 1317 831 Omnipotens,
1343 763 1612 818 Dominus
1646 764 1910 828 Sabaoth,
1939 764 2087 835 quod

509 854 907 924 interpretatur
938 854 1288 919 exercituum,
1317 862 1376 909 et
1409 855 1672 926 pleraque
1705 857 1834 920 alia,
1865 873 1987 926 qua:
2017 857 2088 912 ab

506 941 645 1013 ipsis
681 943 952 1014 theologis
986 943 1416 1013 depromuntur,
1446 946 1654 1015 quibus
1687 947 1944 1018 religiose
1977 949 2090 1003 col-

505 1034 766 1090 laudatur
800 1036 979 1100 Deus,
1007 1045 1287 1106 quatenus
1321 1037 1560 1094 sinimur
1595 1054 1717 1094 eam
1754 1039 2086 1096 Trinitatem

505 1143 610 1200 pro
644 1129 874 1183 modulo
912 1139 1106 1184 nostro
1153 1129 1495 1201 intelligere,
1527 1132 1599 1186 ab
1637 1131 1836 1188 eadem
1877 1133 2085 1200 edocti,

502 1221 639 1276 dum
676 1222 914 1290 seipsam
952 1220 1211 1275 edisserit
1245 1239 1259 1276 :
1310 1241 1328 1273 ι
1368 1221 1513 1288 Quid
1547 1239 1636 1278 me
1671 1223 1984 1294 interrogas
2019 1223 2089 1278 de

508 1311 693 1367 bono?
732 1313 905 1368 Nemo
951 1313 1166 1379 bonus,
1203 1314 1310 1368 nisi
1355 1331 1501 1369 unus
1543 1315 1688 1369 Deus
1707 1314 1779 1368 δ’.
1821 1335 1842 1368 3
1889 1316 1960 1371 Et
1999 1317 2090 1373 his

507 1405 603 1476 qui
633 1405 946 1460 excolendae
965 1405 1141 1460 vineae
1168 1421 1367 1474 operas
1389 1421 1520 1462 suas
1542 1407 1827 1462 elocarent
1851 1426 1864 1461 :
1899 1427 1918 1460 ι
1948 1409 2090 1476 Quia

507 1512 612 1566 ego
641 1496 823 1550 bonus
844 1511 968 1550 sum
991 1497 1057 1549 “.
1089 1516 1107 1548 3
1145 1496 1212 1550 Et
1239 1515 1252 1549 :
1288 1515 1306 1547 ι
1337 1496 1580 1566 Spiritus
1605 1505 1734 1552 tuus
1760 1497 1942 1554 bonus
1965 1501 2032 1554 “.
2064 1519 2084 1552 3

507 1587 579 1643 Et
613 1587 783 1659 Moysi
822 1606 835 1640 :
879 1607 898 1638 ι
937 1587 1052 1657 Ego
1085 1603 1207 1642 sum
1243 1589 1338 1657 qui
1373 1603 1498 1643 sum
1521 1588 1588 1642 ".
1627 1607 1646 1640 3
1684 1589 2028 1645 Et'Joannes
2071 1607 2086 1644 :

1779 197 2148 260 ANTIOCHI
2187 199 2536 261 MONACHI

511 302 751 373 Hujusce
816 299 900 356 rei
961 301 1139 372 gratia
1194 301 1468 370 diximus,
1520 303 1782 372 quoniam
1847 306 2087 378 theologi

2196 310 2306 379 εἰμι
2336 309 2364 362 ό
2403 306 2498 360 ὧν.
2533 325 2553 358 3
2593 305 2706 360 Kal
2732 305 2760 358 6
2791 301 3077 372 Ἰωάννηςο
3118 317 3138 350 ι
3184 299 3250 353 '0
3269 292 3338 369 ἦν
3375 297 3474 352 ἀπ’
3508 296 3728 367 ἀρχῆς.

3655 185 3828 251 Ῑιέἷῖδ

2197 399 2336 453 Καίσ
2365 419 2384 452 ι
2428 402 2483 453 ὐ
2505 396 2818 468 ἐρχόμενος.
2855 413 2874 446 3
2912 395 3021 448 Kal
3043 406 3057 422 °
3093 409 3113 443 ι
3152 389 3211 444 Ὁ
3243 388 3645 458 παντοκράτωρ
3671 385 3814 438 Kx}.

2197 507 2311 561 pto;
2343 489 2513 560 ὄνομα
2546 483 2717 558 αὐτῷ.
2745 474 2767 538 ἶ
2805 485 2950 539 Καί·
2980 502 3000 535 ι
3028 482 3103 535 Τὸ
3126 480 3352 551 Πνεῦμα
3385 479 3488 546 τῆς
3522 475 3817 546 ἀληθείας

2195 581 2255 632 τὸ
2289 579 2368 646 ὃν,
2403 579 2432 634 6
2465 579 2618 650 παρά
2663 576 2758 631 τοῦ
2805 573 3019 646 Πατρός
3063 569 3448 640 ικπορεύεται.
3483 586 3502 618 3
3553 568 3672 620 Kal
3714 565 3812 642 τῷ

2194 671 2366 742 Θωμᾷ
2387 687 2400 700 ·
2435 690 2454 724 ι
2487 669 2630 738 Ἐγὼ
2655 671 2772 738 ειμι
2801 669 2835 738 ἡ
2870 665 3101 737 ἀλήθεια
3131 663 3280 732 καὶὴ
3318 661 3454 731 ζωή.
3505 677 3523 710 3
3551 659 3668 711 Kal
3706 657 3810 718 τὸ,

2201 787 2222 820 ι
2269 768 2524 836 Ἀγίασον
2570 767 2766 829 αὐτοὺς
2813 767 2874 818 ὲν
2905 765 2973 834 τῇ
3008 759 3240 832 ἀληθείᾳ
3274 775 3390 812 σου.
3425 775 3444 807 3
3490 757 3627 818 Kal,
3663 760 3683 806 ἀ
3739 754 3812 807 ’0

2194 859 2350 927 λόγος
2381 861 2410 912 6
2439 859 2530 921 σδς
2567 855 2802 928 ἀλήθειά.
2829 857 2997 909 ἐστιν.
3038 872 3057 904 3
3085 853 3218 917 Kal,
3264 868 3284 902 ι
3307 850 3478 902 Ὅταν
3503 848 3564 900 δὲ
3602 845 3747 918 ἔλθῃ
3775 847 3809 899 6

2194 949 2575 1020 Hapaxlayrog,
2613 949 2674 1004 δν
2699 946 2810 1016 ἐγὼ
2848 945 3050 1017 πέμψω
3077 945 3206 1014 ὑμίν
3246 941 3396 1012 παρά
3419 939 3516 992 τοῦ
3537 939 3803 1004 Πατρὺς,

2193 1043 2254 1098 τδ
2284 1042 2506 1113 Πνεῦμα
2543 1042 2642 1112 τῆς
2689 1039 2971 1109 ἀληθείας,
3017 1037 3048 1090 6
3080 1033 3232 1106 παρά
3276 1032 3370 1087 τοῦ
3418 1030 3641 1102 [ἰατρὸς
3687 1031 3802 1084 ὲκ-

2195 1133 2510 1204 πορεύεται.
2541 1150 2560 1182 3
2598 1131 2709 1184 Kal
2739 1129 2896 1192 αὖθις
2915 1144 2931 1161 ’
2973 1147 2994 1180 ι
3026 1127 3194 1180 Ὅταν
3235 1123 3294 1178 δὲ
3327 1120 3456 1194 ἔλθῃ
3483 1123 3688 1184 έκεῖνο,
3728 1121 3801 1173 τὸ

2196 1221 2425 1292 Πνεῦμα
2448 1221 2548 1290 τῆς
2575 1218 2855 1287 ἀληθείας,
2881 1217 3143 1288 ὁδηγήσει
3176 1215 3321 1284 ὑμᾶς
3358 1213 3417 1265 ὲν
3455 1213 3524 1282 τῇ
3549 1209 3796 1281 ἀληθείᾳ

2197 1313 2383 1384 ἁπάσῃ
2400 1329 2414 1342 ·
2455 1313 2668 1374 ἐκεῖνος
2687 1308 2788 1380 ἐμὲ
2811 1308 3048 1376 δοξάσει,
3072 1305 3240 1360 ὃτιὲκ
3265 1302 3360 1358 τοῦ
3387 1302 3524 1372 ἐμοῦ
3543 1302 3796 1370 λήψεται

2195 1405 2292 1460 καὶ
2340 1404 2633 1474 ἀναγγελεῖ
2676 1402 2826 1472 ὑμῖν.
2865 1418 2886 1453 3
2939 1399 3054 1453 Kal
3108 1397 3299 1453 πάλινο
3337 1415 3358 1447 ι
3395 1395 3541 1449 Ὅσα
3595 1394 3730 1464 ἔχει,
3764 1395 3796 1446 6

2195 1497 2412 1568 Πατὴρ,
2443 1495 2556 1566 ἐμά
2583 1497 2730 1548 ἐστιν
2751 1511 2766 1524 ο
2801 1492 2890 1546 διὰ
2909 1491 3070 1546 τοῦτο
3092 1483 3268 1556 εἷπον,
3298 1489 3381 1542 ὅτι
3407 1489 3477 1540 ὲκ
3511 1485 3610 1538 τοῦ
3649 1483 3793 1554 ἐμοῦ

2195 1589 2428 1660 λήψεται
2455 1587 2552 1642 xal
2578 1585 2872 1655 ἀναγγελεῖ
2902 1584 3054 1654 ὑμῖν.
3077 1602 3096 1635 3
3136 1582 3246 1636 Kal
3273 1581 3432 1644 αὖθις
3451 1595 3466 1608 °
3505 1597 3525 1630 ι
3566 1579 3793 1647 τασπερ

518 1699 536 1732 ι
580 1679 740 1746 Quod
783 1689 904 1734 erat
946 1680 1016 1734 ab
1058 1680 1220 1734 initio
1243 1680 1311 1735 “.
1353 1700 1371 1732 3
1414 1681 1532 1736 Et:
1580 1700 1598 1732 ι
1641 1681 1746 1748 Qui
1781 1682 1938 1736 venit
1959 1682 2026 1736 ".
2068 1701 2087 1734 3

2197 1683 2225 1736 6
2251 1680 2444 1750 Πατὴρ
2481 1679 2686 1748 ἐγείρει
2732 1678 2860 1740 τοὺς
2907 1665 3136 1745 νεκροὺς
3183 1673 3279 1728 καὶ
3323 1672 3606 1736 ζωοποιεῖ,
3641 1665 3792 1720 οὕτω

510 1771 580 1824 Et
613 1787 627 1821 :
664 1789 682 1820 ι
720 1769 1026 1839 imperator
1052 1769 1169 1823 sive
1196 1769 1550 1839 omnip’Otens
1574 1770 1866 1832 Dominus,
1895 1786 2096 1826 nomen

514 1861 595 1916 illi
617 1861 683 1916 “.
716 1879 734 1912 3
765 1860 832 1914 Et
861 1878 874 1914 :
909 1880 926 1910 ί
961 1860 1202 1928 Spiritus
1221 1861 1474 1916 veritatis
1502 1861 1598 1931 qui
1628 1869 1735 1927 est,
1758 1861 1852 1932 qui
1878 1877 1908 1916 a
1935 1862 2096 1917 Patre

514 1949 765 2019 procedit
790 1949 852 2002 ⁸³.
908 1968 924 1999 3
979 1947 1086 2002 Sed
1141 1955 1198 2002 et
1247 1948 1475 2003 Thomaa
1528 1965 1542 2002 :
1584 1967 1602 2000 ι
1653 1948 1768 2019 Ego
1811 1965 1933 2004 sum
1982 1950 2092 2016 via,

512 2040 718 2093 veritas
748 2049 802 2093 et
827 2039 938 2092 vita
961 2039 1029 2091 '°.
1063 2056 1081 2088 3
1123 2038 1190 2092 Et
1221 2055 1234 2090 :
1274 2055 1292 2087 ι
1329 2036 1621 2091 Sanctiﬂca
1650 2053 1748 2092 eos
1780 2037 1836 2092 in
1861 2038 2095 2093 veritate

509 2141 609 2184 tua
631 2129 698 2182 ⁸¹.
731 2147 750 2179 3
787 2129 854 2183 Et
883 2146 896 2182 :
941 2147 960 2179 ι
996 2127 1240 2184 Verbum
1275 2139 1437 2183 tuum
1473 2128 1679 2183 veritas
1709 2138 1796 2184 est
1819 2130 1886 2182 ".
1921 2149 1940 2180 3
1980 2129 2048 2184 Et
2077 2147 2091 2183 :

523 2239 542 2270 c
575 2217 712 2275 Cum
744 2228 933 2274 autem
961 2219 1181 2272 venerit
1204 2219 1521 2273 Paracletus
1547 2233 1711 2287 quem
1743 2234 1846 2289 ego
1877 2219 2094 2273 mittant

513 2310 675 2366 vobis
703 2327 733 2364 a
759 2311 951 2376 Patre,
983 2309 1250 2380 Spiritum
1284 2309 1535 2365 veritatis
1551 2309 1646 2379 qui
1663 2325 1693 2364 a
1711 2311 1870 2365 Patre
1896 2326 2093 2381 proce-

506 2403 595 2458 dit
615 2404 682 2457 ⁸³.
713 2423 730 2456 3
763 2403 976 2458 Rursus
1004 2419 1018 2455 :
1059 2421 1076 2452 ι
1105 2399 1244 2456 Cum
1271 2413 1460 2456 autem
1485 2401 1704 2456 venerit
1729 2401 1822 2456 ille
1851 2401 2094 2472 Spiritus

511 2492 791 2557 veritatis,
819 2491 989 2547 ducet
1021 2506 1122 2546 vos
1165 2491 1226 2545 in
1265 2506 1487 2546 omnem
1520 2491 1844 2560 veritatem;
1881 2493 1972 2548 ille
2005 2508 2094 2549 me

513 2584 874 2656 gloritlcabit,
906 2583 1039 2654 quia
1083 2583 1152 2639 de
1191 2599 1318 2638 meo
1360 2584 1602 2654 accipiet
1637 2593 1694 2640 et
1735 2585 2094 2646 annuntiabit

513 2676 673 2731 vobis
697 2676 768 2730 “.
814 2693 832 2726 3
884 2676 1101 2730 Rursus
1153 2692 1168 2728 :
1225 2694 1243 2726 ι
1287 2675 1644 2745 Quaecunque
1685 2676 1856 2731 habet
1896 2677 2090 2742 Pater,

515 2783 636 2822 mea
667 2775 796 2822 sunt
823 2785 836 2820 :
871 2775 1165 2836 propterea
1196 2766 1332 2829 dixi,
1357 2768 1487 2836 quia
1517 2768 1586 2822 de.
1621 2783 1744 2822 meo
1779 2768 2013 2839 accipiet
2037 2777 2095 2824 et

515 2858 869 2916 annuntiabit
892 2857 1050 2912 vobis
1067 2859 1135 2912 ⁸⁸.
1161 2877 1180 2910 3
1213 2859 1424 2913 lterum
1455 2876 1468 2912 :
1503 2878 1522 2910 ι
1553 2857 1708 2914 Sicut
1733 2860 1894 2914 Pater
1917 2861 2094 2914 susci-

517 2961 599 3006 tat
633 2959 887 3006 mortuos
920 2958 978 3006 et
1013 2949 1290 3015 viviﬁcat,
1324 2951 1406 3006 sic
1441 2957 1499 3005 et
1536 2951 1740 3016 Filius,
1766 2967 1908 3021 quos
1943 2953 2088 3020 vult,

515 3041 847 3098 viviticat“.
888 3061 906 3094 3
935 3042 1018 3116 ‘Et
1051 3059 1066 3096 :
1111 3061 1130 3092 ι
1167 3040 1410 3111 Spiritus
1441 3050 1524 3095 est
1558 3042 1651 3112 qui
1687 3042 1932 3097 viviﬁcat
1950 3044 2026 3110 ‘7;
2067 3063 2086 3096 3

513 3136 614 3194 sed
646 3145 704 3191 et
734 3153 751 3193 :_
787 3155 805 3187 ι
840 3135 1110 3191 Dominus
1139 3134 1380 3204 Spiritus
1409 3143 1499 3189 est
1517 3134 1586 3188 ⁵⁸.
1628 3153 1646 3186 3
1686 3135 1755 3191 Et
1787 3153 1800 3190 :
1845 3155 1864 3187 ι
1901 3135 2098 3192 Omnia

513 3242 583 3281 cx
638 3227 789 3290 Deo,
836 3233 895 3280 et
949 3241 1050 3296 per
1095 3225 1275 3294 ipsum
1328 3231 1386 3280 et
1435 3225 1494 3280 in
1553 3226 1674 3296 ipso
1729 3235 1917 3282 creata
1970 3236 2101 3283 sunt

516 3315 704 3370 omnia
723 3317 790 3370 ⁵³.
826 3335 844 3368 3
884 3316 954 3372 Et
985 3333 999 3369 :
1037 3334 1056 3367 ι
1088 3313 1285 3370 Omnia
1313 3331 1414 3386 per
1439 3315 1620 3384 ipsum
1651 3315 1792 3371 facta
1825 3319 2039 3373 sunt“.
2072 3337 2091 3372 3

516 3407 584 3462 Et
619 3423 634 3462 :
679 3425 698 3458 ι
737 3407 968 3462 Emittet
1000 3405 1268 3476 Spiritum
1311 3419 1473 3459 suum
1515 3414 1571 3460 et
1601 3407 1946 3462 creabuntur
1968 3409 2035 3463 ⁸³.
2073 3429 2092 3462 3

515 3493 584 3551 Et
619 3514 634 3551 :
677 3515 695 3548 ι
733 3495 920 3551 Verbo
953 3495 1173 3550 Domini
1208 3495 1335 3551 caeli
1371 3493 1576 3552 ﬁrmati
1607 3506 1776 3562 sunt,
1807 3505 1865 3552 et
1897 3499 2100 3568 spiritu

514 3586 630 3643 oris
656 3587 780 3658 ejus
807 3590 993 3642 omnis
1015 3588 1198 3642 virtus
1225 3587 1507 3643 eorum“.
1537 3607 1556 3640 3
1587 3587 1770 3658 Atque
1800 3597 1862 3644 ut
1883 3590 2099 3660 singula

514 3674 846 3744 compendio
891 3675 1295 3746 perstringam,
1328 3675 1512 3746 ipsum
1551 3676 1755 3732 divina:
1797 3678 2101 3748 majestatis

519 3764 754 3820 Verbum
778 3765 857 3820 ait
886 3783 900 3820 :
941 3785 958 3818 ι
989 3765 1106 3838 Ego
1134 3776 1193 3823 et
1223 3767 1386 3822 Pater
1411 3785 1584 3823 unum
1616 3785 1810 3824 sumus
1831 3770 1893 3824 “.
1927 3789 1946 3821 3
1984 3771 2054 3825 Et
2081 3787 2096 3824 :

523 3873 542 3905 ι
575 3853 773 3911 Omnia
808 3872 929 3912 mea
965 3865 1060 3912 tua
1099 3867 1252 3920 sunt,
1277 3867 1336 3914 et
1369 3867 1462 3914 tua
1519 3875 1640 3915 mea
1664 3861 1732 3914 “.
1765 3880 1783 3912 3
1827 3840 2096 3931 Itemque,

515 3964 866 4020 quaecunque
903 3958 1035 4005 sunt
1073 3959 1132 4006 et
1170 3950 1352 4006 Patris
1393 3960 1452 4006 et
1489 3951 1666 4022 ipsius
1705 3953 1858 4018 Filii,
1904 3955 2100 4010 eadem

516 4055 748 4110 prorsus
793 4039 1030 4112 Spiritui
1073 4049 1270 4096 sancto
1319 4051 1376 4097 et
1421 4043 1478 4097 in
1527 4045 1818 4114 majestate
1870 4047 2102 4104 Deitatis

514 4131 910 4200 augustissimo
943 4133 1063 4202 ipse
1102 4133 1276 4189 Filius
1311 4135 1543 4190 ascribit
1572 4145 1798 4207 propter
1827 4137 2102 4196 indiscre-

514 4231 629 4289 tam
666 4222 1002 4293 parilitatem
1044 4224 1360 4280 communis
1399 4233 1456 4281 et
1496 4227 1670 4306 unius
1703 4237 1937 4306 naturae,
1969 4239 2101 4301 puta

2197 1771 2290 1826 καὶ
2315 1771 2342 1824 6
2366 1769 2495 1834 Υἱός
2527 1767 2619 1832 οὓς
2649 1767 2795 1821 θέλει
2841 1765 3114 1831 ζωοποιεῖ.
3150 1784 3168 1817 ι
3211 1764 3338 1827 Kal,
3363 1781 3406 1832 Δ(
3440 1760 3518 1814 Τδ
3557 1758 3790 1827 πνεῦμά

2195 1863 2312 1915 ἐστι
2326 1861 2387 1915 τὸ
2398 1859 2714 1926 ζωοποιοῦν.
2729 1878 2748 1910 3
2773 1859 2901 1922 Kal,
2915 1877 2934 1909 ι
2954 1857 3012 1910 '0
3031 1855 3233 1928 Κύριος
3246 1855 3308 1906 τὸ
3325 1852 3554 1920 Πνεῦμα
3574 1853 3783 1904 ἐστιν.»

2195 1953 2326 2018 Kal,
2373 1971 2392 2004 ι
2427 1952 2615 2006 Πάντα
2645 1952 2708 2004 ἐκ
2759 1947 2854 2003 τοῦ
2895 1947 3053 2012 Θεοῦ,
3100 1947 3196 2001 xal
3232 1944 3301 1999 δι’
3339 1943 3530 2006 αὑτοῦ,
3581 1941 3682 1994 καὶ
3727 1941 3791 1994 ὲν

2195 2042 2344 2114 αὐτῷ
2365 2042 2614 2096 ἔκτισται
2636 2039 2704 2094 τὰ
2731 2040 2933 2094 πάντα.
2965 2057 2982 2090 ι
3013 2037 3124 2090 Kal
3142 2035 3224 2102 τὸ,
3252 2054 3270 2087 ι
3299 2034 3489 2110 Πάντα
3519 2031 3590 2084 δι’
3618 2028 3788 2085 αὐτοῦ

2195 2137 2430 2206 ἐγένετο.
2463 2153 2482 2185 3
2519 2133 2652 2198 Kal,
2699 2151 2717 2184 ι
2745 2129 3162 2196 Ἐξαποστελεῖς
3189 2128 3250 2180 τὸ
3279 2125 3506 2194 Πνεῦμα
3539 2141 3661 2190 σου,
3691 2123 3790 2176 καὶ

2155 2213 2604 2295 ’κτισθήσονταμ
2639 2240 2660 2276 3
2709 2221 2841 2285 Kal,
2891 2239 2910 2272 ι
2954 2219 3045 2290 Τῷ
3099 2219 3246 2288 λόγῳ
3298 2215 3510 2287 Κυρίου
3563 2213 3788 2284 οὐρανοὶ

2195 2316 2627 2388 ἐστερεώθησαν,
2651 2313 2748 2368 καὶ
2776 2312 2854 2382 τῷ
2877 2311 3151 2380 πνεύματι
3178 2308 3272 2362 τοῦ
3314 2307 3584 2376 στόματος
3616 2302 3783 2358 αὐτοῦ

2196 2409 2344 2462 πᾶσα
2377 2408 2409 2478 ὴ
2445 2406 2674 2475 δύναμις
2723 2403 2925 2466 αὐτῶν.
2987 2419 3007 2454 3
3057 2401 3168 2454 Kal
3216 2397 3520 2468 συλλήϐδην
3571 2396 3782 2456 εἰπεῖν,

2195 2497 2356 2560 αὐτὸς
2385 2499 2414 2550 6
2458 2497 2754 2568 θεαρχικὸς
2779 2493 2884 2564 ἔφη
2921 2493 3094 2560 Λόγος
3114 2507 3128 2522 ο
3166 2509 3186 2542 ι
3225 2487 3368 2556 Ἐγὼ
3406 2487 3506 2542 καὶ
3533 2487 3562 2539 6
3588 2486 3784 2556 Πατὴρ

2193 2590 2252 2644 ἓν
2286 2591 2471 2657 ἐσμεν,
2515 2587 2611 2640 καὶ
2643 2588 2822 2640 πάντα
2855 2585 2924 2637 τὰ
2949 2582 3060 2652 ὲμά
3111 2579 3182 2634 σά
3230 2581 3412 2641 ἐστιν,
3445 2579 3545 2632 καὶ
3581 2577 3652 2630 τὰ
3715 2575 3786 2629 σὰ

2193 2681 2323 2750 ἐμά.
2360 2699 2378 2732 3
2413 2679 2525 2734 Kal
2558 2673 2736 2742 αὖθις,
2777 2678 2878 2730 ὅσα
2914 2674 3032 2728 ἐστὶ
3069 2659 3174 2726 7ιοῦ
3222 2670 3440 2741 Πατρδς
3487 2670 3588 2723 καὶ
3616 2665 3784 2722 αὐτοῦ

2192 2771 2286 2824 τοῦ
2318 2769 2470 2839 Υῑοῦ,
2501 2769 2580 2839 τῷ
2620 2766 2900 2839 θεαρχικῷ
2941 2776 2964 2804 θ
3003 2761 3286 2834 Πνεύματι
3322 2759 3665 2824 κοινωνικῶς
3693 2757 3788 2812 καὶ

2193 2861 2488 2934 ἡνωμένως
2526 2859 2811 2931 ἀνατίθησι
2857 2861 2959 2928 τῆς
3005 2853 3296 2936 θεουργίας
3335 2853 3399 2905 τὸ
3454 2851 3641 2916 σέϐας,
3690 2851 3786 2902 καὶ

2193 2951 2293 3022 τὴν
2332 2949 2572 3020 πηγαίαν
2617 2949 2712 3003 καὶ
2767 2946 3120 3002 ἀνέκλειπτον
3149 2944 3346 3004 αἰτίαν,
3388 2942 3448 2994 ὲν
3485 2941 3565 3011 τῷ
3580 2941 3782 3010 λέγειν·

2205 3061 2224 3094 ι
2261 3039 2628 3112 Πορευθέντες
2658 3035 3038 3110 μαθητεύσατε
3079 3033 3259 3088 πάντα
3287 3031 3358 3087 τὰ
3389 3029 3552 3100 ῐθνη,
3585 3029 3782 3100 βαπτί-

2201 3135 2383 3199 ζοντες
2416 3133 2613 3196 αὐτοὺς
2641 3132 2720 3192 είς
2739 3131 2798 3184 τὸ
2819 3130 2992 3200 ὄνομα
3016 3127 3112 3180 τοῦ
3137 3124 3374 3197 Πατρὸς,
3400 3125 3498 3178 καὶ
3529 3123 3624 3177 τοῦ
3654 3121 3781 3176 1⁵ίοῦ

2201 3228 2294 3282 καὶ
2342 3228 2438 3281 τοῦ
2488 3227 2646 3294 ἁγίου
2699 3223 3043 3294 Πνεῦματος.
3079 3239 3098 3272 3
3157 3220 3258 3274 Διά
3303 3218 3521 3276 πάντων
3553 3215 3647 3270 οὖν
3674 3214 3777 3268 τῶν

2202 3319 2625 3391 προειρημένων
2659 3317 2931 3372 δείκνυται
2960 3315 3038 3378 ὡς
3067 3314 3218 3366 πᾶσα
3247 3309 3496 3378 θεολογία
3529 3307 3778 3379 ἡνωμένη

2153 3447 2161 3451 -
2200 3411 2261 3464 τέ
2292 3413 2407 3463 ἔστι
2454 3410 2550 3464 καὶ
2599 3406 3015 3478 διακεκριμένη.
3065 3405 3174 3458 Kal
3234 3401 3360 3456 οὔτε
3407 3401 3476 3456 τὰ
3529 3397 3788 3470 ἡνωμένα

2200 3503 2428 3572 διαιρεῖν
2462 3502 2642 3572 θέμις,
2685 3499 2810 3554 οὔτε
2854 3499 2925 3553 τὰ
2972 3495 3368 3568 διακεκριμένα
3405 3495 3648 3564 συγχεῖν.
3673 3491 3779 3545 Kal

2199 3595 2268 3649 τὰ
2300 3594 2397 3665 μὲν
2425 3593 2682 3664 ἡνωμένα
2703 3593 2804 3662 τῆς
2842 3591 2970 3659 ὅλης
3012 3587 3278 3658 Θεότητός
3319 3589 3458 3649 ἐστι,
3500 3585 3562 3640 τὸ
3609 3585 3775 3654 ὑπερ-

2201 3685 2425 3754 άγοθον,
2445 3684 2508 3738 τὸ
2531 3683 2850 3754 ’Υπέρθεον,
2869 3680 2930 3734 τὸ
2958 3678 3337 3750 Ὑπερούσιον,
3360 3677 3422 3730 τδ
3453 3673 3775 3745 Ὑπέρζωον,

2200 3777 2260 3832 τὸ
2300 3775 2660 3846 ’Υπέρσοφον,
2695 3773 2814 3845 μεθ’
2839 3767 2916 3827 ὧν
2943 3772 3039 3829 καὶ
3069 3771 3138 3824 τὰ
3162 3766 3499 3836 αἰτιολογικά
3531 3765 3550 3804 τ
3583 3765 3776 3830 πάντα,

2199 3869 2264 3923 τὸ
2314 3867 2566 3937 Ἀγαθὸν,
2619 3867 2681 3920 τὸ
2728 3864 2938 3930 Καλὸν,
2973 3864 3036 3918 τὸ
3081 3865 3198 3928 Ὃν,
3239 3861 3300 3914 τδ
3341 3857 3675 3926 Ζωογονοῦν,
3719 3855 3778 3908 to

2201 3958 2392 4028 Σοφὸν,
2423 3959 2515 4012 καὶ
2543 3958 2642 4014 ὅσα
2671 3957 2736 4009 ὲκ
2761 3953 2870 4008 τῶν
2914 3949 3320 4023 ἀγαθοπρεπῶν
3361 3949 3540 4016 αὐτῆς
3567 3944 3776 4010 δωρεῶν

2199 4051 2234 4120 ὴ
2267 4049 2494 4103 πάντων
2527 4046 2750 4115 ἀγαθῶν
2787 4045 2938 4099 αἰτία
2977 4041 3410 4111 κατονομάζεται
3467 4038 3537 4091 τὰ
3580 4035 3638 4089 δὲ
3663 4035 3772 4088 δια-

2201 4133 2526 4212 κεκριμένα,
2558 4137 2652 4191 τοῦ
2681 4135 2893 4208 [ἰατρὸς
2919 4133 3244 4204 ὑπερούσιον
3266 4130 3441 4202 όνομα
3464 4131 3560 4183 καὶ
3590 4127 3770 4198 χρῆμα

2203 4234 2298 4287 καὶ
2324 4230 2458 4286 Υἱοῦ
2491 4231 2584 4284 καὶ
2621 4227 2960 4298 Πνεύματος,
2995 4227 3252 4296 οὐδεμιᾶς
3297 4225 3355 4276 ὲν
3386 4221 3600 4283 τούτοις
3632 4221 3772 4272 ἀντι-

514 4320 748 4384 proptcr
783 4313 1152 4370 reverendam
1188 4315 1460 4372 culturam
1496 4312 1699 4373 divinae
1735 4321 2093 4388 operationis,

2206 4323 2468 4396 στροφῆς,
2527 4322 2562 4392 ἢ
2617 4322 2758 4384 ὅλως
2809 4318 3118 4387 κοινότητος
3165 4313 3625 4384 ὲπεισαγομένης.
3669 4312 3772 4365 Λα·-

515 4402 804 4458 lontanam
833 4418 899 4459 ac
927 4415 1213 4475 perpctem
1244 4407 1531 4465 creatricis
1560 4410 1822 4479 potentiae
1851 4426 2098 4480 causam,

514 4493 650 4548 dum
679 4494 816 4550 dicit
849 4512 863 4550 :
907 4515 926 4547 ι
958 4496 1196 4552 Profecti
1224 4497 1420 4555 docete
1451 4517 1645 4556 omnes
1674 4513 1887 4573 gentes,
1913 4504 2101 4574 bapti-

519 4593 708 4640 zantes
749 4600 847 4642 eos
891 4585 945 4640 in
993 4587 1221 4642 nomine
1267 4589 1446 4644 Patris
1487 4598 1545 4644 et
1590 4591 1715 4645 Filii
1757 4601 1814 4646 et
1857 4592 2100 4666 Spiritus

520 4673 695 4729 sancti
717 4673 784 4728 ⁸⁸.
820 4693 838 4726 3
887 4673 1104 4746 1029
1139 4675 1331 4746 Itaque
1370 4693 1472 4747 per
1505 4677 1622 4732 haec
1659 4679 1920 4747 superius
1948 4679 2098 4736 dicta

517 4764 836 4820 declaratur
875 4765 1027 4836 quod
1069 4765 1351 4837 theologia
1407 4769 1593 4823 omnis
1631 4779 1688 4824 et
1730 4770 1887 4826 unita
1925 4780 2011 4826 est
2044 4783 2101 4829 et

520 4857 792 4930 discreta;
837 4872 1024 4927 neque
1069 4865 1256 4912 tamen
1298 4874 1423 4929 quas
1463 4859 1702 4916 discreta
1743 4871 1902 4928 sunt,
1935 4864 2100 4934 quid-

516 4967 690 5022 quam
735 4949 1040 5007 admittunt
1084 4953 1450 5009 confusionis.
1493 4954 1560 5009 Et
1604 4955 1828 5026 quidem
1871 4973 1937 5012 ea
1979 4975 2104 5030 qua:

521 5045 679 5101 unita
709 5053 860 5110 sunt,
885 5043 1002 5101 sive
1037 5061 1162 5117 quae
1198 5045 1267 5103 ad
1308 5047 1521 5103 unitam
1563 5049 1847 5118 pertinent
1883 5049 2098 5107 theolo-

2207 4416 2390 4479 δόντες
2417 4413 2510 4468 οὖν
2542 4411 2678 4467 Θεοῦ
2709 4411 2910 4482 γνῶσιν
2944 4411 3032 4464 διὰ
3061 4411 3159 4480 τῆς
3187 4408 3448 4470 πίστεως,
3485 4404 3562 4476 μὴ
3594 4402 3765 4471 ἀγνοὴ-

2206 4523 2388 4577 σωμεν
2417 4507 2514 4576 τὴν
2542 4504 2793 4559 δοθεῖσαν
2816 4505 2953 4572 ἡμῖν
3000 4501 3182 4572 χάριν,
3227 4499 3370 4570 ὑπὲρ
3408 4493 3477 4570 ἦς
3517 4493 3770 4550 πέπονθεν

2204 4598 2422 4670 ἀληθῶς
2472 4598 2500 4650 ὁ
2537 4595 2764 4668 Κύριος.
2796 4594 2894 4648 Διά
2921 4593 3080 4648 τοῦτο
3113 4593 3222 4662 γὰρ
3261 4591 3360 4645 καὶ
3399 4589 3570 4660 μύρον
3599 4585 3772 4640 ἔλαϐεν

2207 4689 2302 4742 ἐπὶ
2334 4689 2433 4758 τῆς
2474 4687 2721 4756 κεφαλῆς
2766 4689 2794 4739 6
2825 4684 3052 4756 Κύριος,
3089 4682 3178 4736 ίνα
3223 4681 3361 4752 πνέῃ
3388 4682 3456 4748 τῇ
3485 4673 3770 4743 Ἐκκλησία

2205 4780 2538 4852 ἀφθαρσίαν.
2567 4777 2770 4848 Μηδεὶς
2792 4776 2887 4831 οὖν
2913 4771 3218 4844 ἀλειφέσθω
3241 4769 3508 4825 δυσωδίαν
3533 4766 3770 4825 ἀπιστίας

2205 4871 2300 4925 τοῦ
2345 4872 2608 4942 ἄρχοντος
2656 4869 2750 4922 τοῦ
2796 4869 3010 4931 αἰῶνος,
3066 4865 3142 4936 μὴ
3189 4859 3642 4933 παρατραπιῖιμεν
3686 4855 3770 4923 τῆς

2207 4962 2424 5026 εὐθείας
2449 4959 2593 5024 όδοῦ,
2617 4960 2706 5014 ἵνα
2729 4957 3048 5028 δυνηθῶμεν
3071 4951 3428 5008 ἐπιλαϐέσθαι
3453 4950 3554 5020 τῆς
3579 4945 3766 5006 ἐλπίδος

2205 5053 2314 5108 τῶν
2337 5053 2570 5108 αἰωνίων
2591 5051 2836 5123 ἀγαθῶν,
2858 5049 2952 5104 καὶ
2975 5048 3074 5119 τῆς
3095 5046 3269 5102 ἀϊδίου
3293 5043 3459 5114 ζωῆς,
3488 5044 3545 5095 ἐν
3568 5035 3768 5111 Χριστῷ

596 5202 799 5277 ξ’·ῐᾼιο.
820 5221 976 5277 xvm,
998 5203 1114 5277 l9.”
1149 5202 1206 5277 _“
1229 5203 1419 5258 Matth.
1447 5217 1540 5277 xx,
1566 5204 1654 5277 l5.
1687 5274 1700 5277 _
1731 5203 1778 5238 “
1801 5205 1940 5262 Psal.
1967 5222 2093 5264 cum

2196 5209 2240 5264 θ.
2315 5211 2360 5242 κ’
2383 5209 2562 5274 Exod,
2587 5225 2673 5276 ιιι,
2695 5208 2782 5262 Η.
2860 5207 2948 5262 ⁸³1
2977 5207 3134 5277 Joan.
3160 5219 3200 5269 ι,
3227 5205 3278 5258 1.
3353 5201 3445 5277 ⁸7]
3467 5201 3624 5277 ,Ιοιι-ι).

525 5272 572 5300 ’⁸⁵
593 5274 738 5330 Psal.
759 5291 922 5340 valr,
947 5276 1002 5330 5.
1077 5274 1122 5309 ”
1143 5273 1302 5330 Joan.
1331 5291 1417 5338 xv,
1442 5267 1535 5330 26.
1609 5275 1655 5306 '°
1677 5274 1834 5330 Joan.
1860 5293 1970 5341 xiv,
1997 5279 2049 5333 6.
2117 5267 2170 5311 ’³⁸
2192 5281 2349 5336 Joan.
2373 5296 2504 5340 xvn,
2533 5267 2622 5335 (Ἰ.
2660 5267 2672 5276 ’
2699 5279 2746 5311 ⁵²
2771 5277 2908 5334 ibid.
2983 5277 3028 5310 ⁸³
3050 5267 3209 5332 ιοσιι.
3237 5289 3348 5334 xw,
3378 5273 3460 5326 l3.
3555 5271 3603 5302 "
3639 5267 3760 5341 ibit!-

529 5344 614 5398 Μ.
658 5345 736 5416 ff
761 5335 1011 5416 ibidfts.
1089 5345 1134 5376 "
1157 5344 1318 5399 Joan.
1341 5335 1511 5407 v,'2l.
1588 5345 1634 5378 ⁸⁷
1655 5345 1816 5416 Joan.
1843 5363 1918 5416 vl.
1944 5335 2032 5403 οι.

2196 5350 2323 5404 :oan.
2357 5367 2430 5416 ιν,
2453 5335 2545 5405 ait.
2621 5347 3080 5410 "Coloss.r,|6.
3123 5342 3500 5408 '°Joan.1,3.
3573 5335 3758 5394 “Psal.

527 5427 638 5480 cm,
657 5413 748 5468 '52.
769 5413 815 5447 ⁸⁸
838 5415 980 5470 Pszl.
1007 5431 1175 5474 χχχιι.
1197 5416 1250 5472 6.
1329 5416 1376 5448 ⁶³
1392 5416 1552 5472 Joan.
1579 5432 1630 5481 ιι,
1653 5414 1741 5470 30.
1821 5415 1866 5448 “
1883 5417 2044 5476 Joan.
2072 5437 2093 5474 ιι

2206 5461 2220 5488 ,
2250 5420 2332 5475 10.
2409 5413 2455 5454 ⁸⁵
2478 5421 2670 5476 Matth.
2697 5435 2881 5486 xxvm,
2907 5417 2990 5474 l9.

1833 5529 2066 5586 VARI/8
2111 5531 2510 5588 LECTIONES.

619 5619 722 5671 ’τὸ
745 5617 1057 5688 θιαρχικόν.
1140 5619 1338 5677 ταῖτια
1386 5622 1446 5675 οὐ
1494 5621 1708 5691 λογικά.
