4054 6312
261 211 401 277 1437
553 257 558 261 ρ
709 211 715 213 ’
1469 212 1804 276 HOMILIA
1844 217 1926 277 II.
1967 243 2038 252 —
2076 217 2176 278 DE
2215 216 2375 277 SPE.

269 323 449 395 Ἰησοῦ
494 326 573 397 τῷ
604 327 797 399 Κυρίῳ
830 325 1009 398 ἡμῶν,
1042 318 1088 394 ᾧ
1120 324 1154 396 ἡ
1189 322 1316 391 δόξα
1359 323 1440 388 είς
1477 325 1607 390 τοὺς
1635 327 1841 395 αἰῶνας

1945 327 2132 398 giam,
2181 328 2282 383 bas
2337 326 2544 382 habent
2593 330 3047 384 nomenclaturas
3098 328 3270 384 totius
3321 330 3536 384 indices

249 415 365 469 τῶν
396 416 631 474 αίὼνων.
667 418 864 491 Ἀμήν.

1949 419 2183 474 Deitatis
2205 419 2250 451 °"
2293 436 2308 472 :
2363 419 2965 489 puta‘Superbonum,
2999 420 3342 483 ‘Pulcbrum,
3387 420 3532 482 Ens.

246 511 574 577 Viviﬁcans,
607 512 1011 584 Augustissima
1047 510 1337 578 divinitas,
1368 529 1640 584 perquam
1675 514 1839 583 plene
1879 522 2102 568 exstans
2137 513 2470 577 substantia,
2533 513 2666 580 Quae
2732 515 2929 569 vivunt
2958 525 3161 570 cuncta
3198 513 3534 583 producens,

250 600 521 672 Sapiens;
551 612 608 658 et
628 620 977 674 quaecunque
1004 603 1059 658 id
1118 620 1294 675 genus
1326 607 1783 670 nomenclaturre,
1842 620 1908 659 ex
1948 621 2113 675 quam
2139 605 2348 675 optima
2372 605 2550 674 ipsius
2576 613 2632 659 et
2655 605 3172 660 munificentissima
3200 601 3536 657 liberalitate

247 695 524 765 profecta:
556 704 878 763 occurrunt,
907 697 1112 767 quibus
1148 698 1426 753 bonorum
1462 700 1713 755 omnium
1785 707 1981 753 auctor
2014 715 2137 754 esse
2171 699 2586 753 denominatur.
2652 698 2734 753 Ad
2775 698 3072 753 discretam
3135 712 3269 752 vero
3318 694 3535 763 theolo-

244 790 401 861 giam
433 791 717 860 pertinent
780 790 1265 847 denominationes
1297 810 1310 846 :
1346 807 1447 848 ceu
1496 801 1650 859 sunt,
1714 794 2329 863 supersuhstantialitas
2396 800 2565 862 atque
2632 791 2918 863 cpulentia
2953 792 3137 846 Patris
3174 808 3188 844 :
3229 789 3437 845 eaedem
3476 798 3537 844 et

242 882 396 938 Filio
444 894 502 938 et
545 882 779 953 Spiritui
828 893 1021 938 sancto
1067 900 1326 955 peraeque
1373 900 1734 948 communes,
1779 892 1841 938 ut
1876 885 2013 938 nihil
2048 885 2104 939 in
2139 884 2456 940 his-debeat
2482 884 2714 956 intelligi
2777 884 2984 939 diversi
3052 892 3149 938 aut
3175 880 3535 936 dissimilitu-

239 975 421 1039 dinis,
486 986 855 1045 praeterquam
898 976 1015 1030 sola
1062 978 1258 1047 parilis
1330 988 1545 1033 naturae
1585 978 1903 1033 communio
1942 979 2088 1034 inter
2114 994 2237 1035 sese
2267 982 2609 1037 coalescens.
2638 980 2743 1034 Per
2776 979 2941 1034 ﬁdem
2975 978 3164 1047 itaque
3194 988 3320 1030 cum
3351 988 3538 1039 coepe-

242 1063 427 1119 rimus
470 1059 808 1134 Cognoscere
854 1065 1062 1131 Deum,
1106 1081 1206 1131 ne,
1252 1082 1471 1136 quasso,
1517 1067 1839 1138 ignoremus
1876 1078 2149 1138 quantum
2189 1070 2354 1126 nobis
2426 1071 2705 1125 indultum
2746 1070 2942 1141 gratiae
2983 1070 3083 1133 sit,
3159 1068 3321 1138 cujus
3365 1077 3534 1120 causa

242 1158 523 1214 Dominus
561 1158 681 1228 ipse
720 1158 1013 1214 verissime
1051 1174 1249 1230 passus
1287 1168 1393 1216 est.
1460 1160 1542 1216 0b
1582 1162 1687 1217 hoc
1757 1161 1909 1216 enim
1947 1162 2080 1218 sivit
2128 1164 2246 1234 ipse
2297 1165 2568 1220 Dominus
2617 1171 2786 1236 caput
2835 1180 2997 1219 suum
3049 1163 3278 1237 myrrha
3323 1159 3535 1231 optima

240 1251 511 1324 perfundi
537 1251 603 1316 ετ,
639 1259 702 1305 ut
732 1251 1075 1307 suavissimae
1112 1252 1551 1308 immortalitatis
1584 1252 1942 1324 fragrantiam
1981 1271 2096 1310 sua:
2127 1256 2403 1325 aspiraret
2471 1256 2753 1311 Ecclesiae.
2823 1256 2998 1310 Nemo
3034 1255 3204 1325 igitur
3270 1268 3327 1309 se
3389 1252 3534 1311 illini

240 1343 538 1413 permittat
562 1339 901 1407 graveolenti
928 1347 1127 1409 putore
1157 1339 1525 1406 inﬁdelitatis,
1552 1357 1650 1412 per
1676 1341 1985 1411 principem
2049 1346 2235 1399 saeculi
2268 1346 2431 1401 istius
2482 1347 2874 1418 suggerendae;
2938 1345 3238 1417 nequando
3301 1361 3533 1401 exerre-

242 1450 377 1490 mus
410 1418 441 1489 ά
474 1433 612 1489 calle
644 1433 1028 1499 rectitudinis,
1056 1451 1168 1505 quo
1193 1437 1283 1493 vel
1322 1436 1540 1491 tandem
1575 1452 1673 1506 spe
1705 1436 1914 1506 perfrui
1951 1438 2236 1511 contingat
2265 1440 2393 1495 vitae
2452 1449 2674 1498 aeternae
2737 1443 2795 1498 in
2823 1443 3046 1499 Christo
3103 1443 3234 1499 Jesu
3297 1441 3533 1496 Domino

240 1534 475 1593 nostro,
502 1526 594 1581 cui
620 1525 796 1597 gloria
830 1526 886 1581 in
914 1526 1116 1582 saecula
1146 1530 1499 1584 saeculorum.
1524 1529 1723 1584 Amen.

1872 1623 1915 1676 Β

3400 218 3536 281 1438
3614 208 3626 217 ’

878 1664 1098 1717 ΛΟΓΟΣ
1132 1664 1207 1717 B'.

825 1777 965 1844 Περὶ
1000 1777 1271 1844 ἐλπίδος.

302 1890 471 1944 λἈπδ
498 1888 597 1959 τῆς
627 1890 867 1952 πίστεως
890 1889 1173 1960 προΐωμεν
1222 1891 1319 1943 ἐπὶ
1350 1891 1451 1963 τὴν
1482 1892 1840 1962 δευτερεύου-

245 1999 357 2037 σαν
420 1982 653 2044 ἐλπίδα,
707 1982 831 2052 ἥτις
878 1983 938 2048 ἐξ
1003 1982 1179 2051 αὐτῆς
1224 1984 1563 2056 ἀρδευομένη
1625 2001 1841 2055 καρπο-

246 2074 436 2145 φορεῖ,
460 2073 520 2126 ἓν
549 2073 872 2144 τριάκοντα,
896 2073 994 2125 καὶ
1018 2072 1075 2126 ἓν
1101 2072 1392 2143 ἑξήκοντα,
1418 2076 1513 2129 καὶ
1534 2074 1592 2128 ἓν
1616 2076 1837 2131 ἑκατόν.

262 2165 517 2227 Ἐλπίδος
546 2164 656 2237 γὰρ
686 2165 1039 2235 ἡδρασμὲνης
1076 2165 1230 2218 οὐδὲν
1258 2164 1554 2237 ἀνώτερον.
1610 2167 1757 2238 Περὶ
1780 2166 1840 2220 δὲ

249 2257 634 2326 τῆς-ἀγάπης,
681 2256 805 2326 ἥτις
837 2242 997 2326 τρίτη
1034 2256 1133 2325 μὲν
1166 2243 1523 2326 ὀνομάζεται,
1559 2258 1751 2328 πρώτη
1783 2258 1842 2312 δὲ

251 2350 523 2421 τυγχάνει
558 2348 749 2402 πασῶν
777 2349 889 2401 τῶν
914 2348 1153 2419 ἀρετῶν,
1184 2351 1241 2403 ὲν
1267 2353 1385 2411 τοῖς
1414 2350 1647 2404 κατόπιν
1677 2348 1843 2422 δηλώ-

257 2457 453 2511 σομεν.
492 2440 716 2509 Πρῶτος
750 2437 918 2502 Ἐνὼς
948 2441 976 2492 6
1002 2440 1098 2493 τοῦ
1130 2440 1238 2512 Σὴθ
1266 2441 1481 2503 δίκαιος
1510 2443 1575 2495 ὲκ
1602 2442 1838 2507 δικαίου,

253 2524 421 2594 οὗτος
473 2532 704 2602 ἤλπισεν
759 2530 1149 2597 ἐπικαλεῖσθαι
1196 2533 1258 2585 τὸ
1297 2532 1470 2602 ὄνομα
1504 2534 1713 2603 Κυρίου
1744 2532 1840 2585 τοῦ

250 2625 418 2680 Θεοῦ.
465 2624 626 2677 Ὅσοι
669 2622 790 2693 γὰρ·
831 2623 924 2677 διὰ
970 2625 1071 2693 τῆς
1118 2626 1199 2688 είς
1245 2623 1380 2676 Θεὸν
1428 2624 1647 2687 ἐλπίδος
1689 2641 1841 2695 χειρ-

252 2714 636 2785 αγωγοῦνται,
688 2713 831 2782 πρὸς
859 2714 1023 2768 αὐτὸν
1054 2715 1355 2782 ἀνάγονται
1387 2715 1482 2769 καὶ
1514 2715 1840 2785 φωτίζονται

252 2809 325 2883 ὲίκ
358 2807 459 2876 τῆς
489 2806 683 2875 αἴγλης
711 2805 808 2859 τοῦ
827 2808 843 2826 ⁹
893 2807 1066 2859 ἀϊδίου
1099 2807 1301 2876 φωτός.
1338 2806 1503 2861 Δαϐιδ
1528 2810 1556 2861 6
1584 2808 1841 2875 βασιλεὺς

252 2898 533 2969 γηράσας,
559 2898 655 2953 καὶ
690 2896 764 2967 μὴ
789 2895 1221 2968 θερμαινόμενος
1250 2899 1307 2950 ὲν
1330 2900 1446 2961 τοῖς
1471 2898 1840 2968 δικαιώμασιν

254 2987 428 3046 αὐτοῦ
449 3028 465 3053 ,
518 2988 689 3060 ᾔτησε
725 2988 856 3059 μίαν
887 2988 1185 3059 παρθένον,
1218 2988 1309 3041 τνα
1345 2987 1620 3060 θερμαίνῃ
1652 2990 1839 3055 αὑτὸν,

253 3081 606 3149 Σουμανῑτιν.
667 3080 997 3150 Σουμανῖτις
1037 3079 1096 3133 δὲ
1146 3080 1513 3151 ἑρμηνεύεται
1567 3083 1837 3152 οὐρανία.

267 3173 417 3227 Ἀλλ’
459 3173 559 3228 οὐκ
592 3173 735 3241 ἔγνω
766 3172 937 3249 αὐτὴν
982 3174 1011 3226 6
1043 3170 1304 3244 βασιλεύς
1325 3190 1339 3205 ο
1398 3175 1706 3241 τουτέστιν,
1740 3177 1842 3231 οὐκ

255 3265 481 3337 ἔφθειρε
512 3266 612 3336 τὴν
641 3266 836 3319 ἐλπίδα
861 3264 1029 3318 αὐτοῦ
1060 3266 1162 3336 τὴν
1189 3265 1466 3336 οὐράνιον.
1502 3267 1646 3338 Ὅρα
1672 3268 1725 3320 τί
1751 3267 1840 3321 λέ-

254 3375 350 3426 γει
387 3359 421 3429 ἡ
452 3358 682 3429 Γραφήτ
742 3374 771 3409 r
799 3358 865 3411 El
897 3350 1000 3410 ὦσι
1032 3356 1161 3423 δύο,
1212 3357 1309 3411 καί
1343 3374 1408 3426 γε
1443 3357 1624 3427 θέρμη
1654 3359 1842 3424 αὐτοῖς

254 3451 431 3503 ἐστιν.
461 3467 479 3500 ι
544 3447 609 3501 Ἠ
642 3447 830 3512 πίστις
853 3487 868 3511 ,
918 3447 1014 3500 ἐὰν
1047 3446 1147 3519 ἔχῃ
1195 3447 1408 3513 ἐλπίδα,
1447 3447 1563 3517 ἔχει
1594 3448 1656 3501 τὸ
1708 3448 1841 3502 ἴδιον

255 3539 445 3610 ἔργον,
484 3537 579 3589 καὶ
609 3526 792 3605 θέρμῖη
824 3536 942 3589 ἐστὶ
972 3535 1053 3605 τῷ
1079 3536 1429 3607 κεκτημένῳ,
1460 3535 1645 3601 καθώς
1674 3555 1842 3608 φησιν

257 3631 290 3683 6
340 3627 612 3699 μακάριος
652 3628 898 3697 Πέτροςο
938 3645 959 3679 ι
988 3627 1436 3698 Ἀναξωσάμενοι
1486 3629 1585 3694 τὰς
1628 3629 1842 3701 ὀσφύας

259 3719 364 3789 τῆς
392 3717 634 3781 διανοίας
668 3718 847 3789 ὑμῶν,
882 3719 1168 3788 νήφοντες,
1194 3720 1428 3783 τελείως
1457 3721 1718 3776 ἐλπίσατε
1750 3722 1843 3775 ἐπὶ

258 3808 360 3881 τὴν
403 3810 717 3881 φερομένην
758 3810 887 3881 ὑμῖν
937 3811 1130 3881 χάριν,
1188 3813 1246 3865 ὲν
1283 3814 1632 3883 ἀποκαλύψει
1663 3812 1841 3885 Ἰησοῦ

254 3900 536 3973 Χριστοῦ,
585 3901 661 3964 ὡς
700 3900 870 3955 τέκνα
906 3902 1180 3972 ὑπακοῆς.
1213 3922 1233 3956 ι
1286 3905 1396 3958 Kal
1427 3905 1455 3958 6
1484 3905 1577 3958 τοῦ
1596 3902 1839 3976 Σειροῖχ’

259 4013 282 4048 ι
326 3995 423 4059 Τίς
452 3994 684 4067 ἧλπισεν
716 3996 810 4049 ἐπὶ
835 3994 1065 4068 Κύριον,
1098 3998 1194 4051 καὶ
1223 3998 1658 4070 ὲγκατελείφθη;
1694 3999 1727 4071 ἢ
1760 4000 1845 4065 τίς

251 4086 507 4157 ἐνέμεινε
550 4086 631 4154 τῷ
671 4087 824 4159 φόϐῳ
859 4087 1026 4143 αὐτοῦ
1048 4131 1062 4155 ,
1117 4090 1215 4144 καὶ
1260 4090 1552 4161 ὑπερεῖδεν
1583 4091 1787 4156 αύτόν;
1817 4112 1837 4146 ι

262 4178 330 4231 ⁸0
353 4177 410 4230 δὲ
440 4178 772 4248 Ψαλμῳδόςο
814 4196 837 4231 ι
860 4180 1153 4250 Μακάριος
1177 4181 1320 4254 ἀνὴρ
1350 4176 1411 4236 οὗ
1440 4185 1561 4236 ἐστι
1587 4183 1647 4236 τὸ
1669 4182 1843 4253 ὄνομα

2531 1664 2820 1721 HOMILIA
2871 1667 2939 1721 Il.

2625 1777 2701 1833 De
2749 1796 2858 1850 spe.

2009 1888 2055 1943 A
2091 1888 2197 1945 ﬁde
2254 1888 2516 1960 digressi,
2572 1890 2640 1943 ad
2676 1905 2797 1944 eam
2834 1891 3264 1961 progrediamur
3293 1908 3416 1961 quae
3448 1909 3536 1949 se-

1943 1980 2163 2035 cundas
2201 1981 2442 2045 obtinet,
2497 1996 2651 2050 spem
2705 1997 2879 2050 :quae
2915 1996 3071 2048 sane,
3131 1982 3257 2036 ﬁdei
3314 1985 3532 2039 roscida

1941 2073 2235 2143 aspergine
2275 2073 2501 2142 perfusa
2552 2072 2792 2127 fructum
2823 2072 3038 2139 afferet,
3084 2090 3255 2128 unum
3307 2076 3532 2144 quidem

1944 2164 2314 2229 tricesimum,
2370 2164 2610 2219 alterum
2656 2165 3085 2235 sexagesimum,
3132 2166 3302 2220 alium
3339 2182 3537 2222 rursus

1942 2258 2307 2311 centesimum
2336 2257 2402 2310 ⁸³.
2429 2256 2536 2326 Spe
2564 2257 2714 2311 enim
2738 2257 3114 2319 constabilita,
3148 2258 3240 2311 vix
3278 2259 3390 2312 ulla
3424 2259 3531 2313 alia

1941 2347 2123 2401 virtus
2160 2362 2423 2416 peraeque
2444 2346 2725 2401 sublimis.
2763 2347 2841 2401 De.
2864 2348 3136 2402 charitate
3163 2356 3373 2413 autem,
3408 2364 3532 2418 quae

1942 2438 2161 2493 tertiam
2187 2437 2420 2491 sortitur
2451 2437 2506 2490 in
2539 2438 2715 2492 classe
2737 2430 3006 2491 virtutum
3031 2438 3531 2505 nomenclaturam,
3640 2448 3645 2451 '

1939 2530 2262 2602 primiceria
2313 2529 2524 2598 alioqui
2568 2543 2695 2584 cum
2744 2529 2840 2595 sit,
2890 2536 3234 2598 czeterasque
3269 2530 3534 2585 omnibus

1942 2628 2298 2675 antevertens
2346 2619 2639 2688 dignitate,
2670 2618 2984 2689 posteriore
3029 2619 3154 2673 loco
3196 2620 3532 2688 explicatius

1942 2712 2304 2767 disseremus.
2362 2712 2582 2766 Primus
2618 2712 2770 2766 Enos
2801 2711 2950 2765 filius
2979 2711 3113 2765 Seth
3151 2712 3218 2773 ⁸⁸,
3247 2713 3433 2782 justus
3462 2726 3533 2765 ex

1937 2806 2090 2875 justo
2134 2804 2384 2874 _speravit
2436 2805 2702 2857 invocare
2741 2818 2947 2858 nomen
2997 2802 3218 2857 Domini
3250 2803 3367 2856 Dei.
3394 2802 3530 2868 Qui-

1945 2911 2166 2966 cunque
2214 2895 2473 2965 prmsidio
2519 2896 2661 2966 spei,
2702 2896 2758 2949 in
2798 2895 2972 2950 Deum
3002 2895 3336 2957 constantis,
3387 2893 3528 2958 nixi,

1942 2990 2101 3047 velut.
2124 3005 2289 3043 manu
2314 2989 2621 3052 ducuntur,
2648 2987 2789 3063 mire
2820 2988 2923 3042 hos
2949 2989 3100 3042 Deus
3133 2987 3201 3042 ad
3234 2985 3553 3041 sublimeur

1943 3090 2000 3136 et
2050 3081 2361 3137 theorieam
2391 3096 2693 3151 anagogem
2718 3080 3003 3143 subvehit,
3034 3095 3100 3134 ac
3124 3078 3363 3149 propria
3389 3078 3531 3133 lucis

1942 3173 2240 3244 splendore
2299 3186 2536 3229 corusco
2584 3172 2839 3228 irradiat.
2901 3171 3075 3227 David
3140 3170 3380 3226 eximius
3432 3185 3531 3225 rex

1941 3268 2098 3322 senio
2125 3266 2397 3324 defessus.
2426 3282 2556 3322 cum
2588 3268 2819 3321 suismet
2847 3263 3346 3335 justiﬁcationibus
3376 3264 3532 3319 nullo

1940 3367 2104 3429 pacto
2163 3358 2557 3422 recalesceret,
2609 3359 2808 3413 ascivit
2878 3357 2985 3412 sibi
3040 3357 3086 3388 "
3149 3355 3530 3425 virgunculam

1940 3465 2130 3513 unam,
2168 3464 2366 3518 nempe
2409 3448 2778 3513 Sunamitem,
2829 3450 2959 3519 qua!
2980 3449 3162 3519 ipsum
3195 3447 3534 3504 excaleface-

1942 3549 2029 3597 ret
2074 3542 2402 3611 (Sunamitis
2448 3540 2684 3611 proinde
2735 3557 2835 3596 sua
2868 3542 3331 3611 interpretatione
3368 3549 3532 3595 sonat

1943 3633 2253 3699 cmlestem),
2293 3640 2712 3697 caeterum,non
2770 3631 3003 3702 agnovit
3049 3648 3173 3686 eam
3227 3647 3358 3698 rex;
3420 3631 3529 3685 hoc

1942 3736 2049 3793 est,
2113 3726 2254 3781 nihil
2289 3725 2409 3780 vitii
2446 3732 2544 3779 aut
2587 3724 2921 3793 corruptelae
2983 3722 3178 3777 intulit
3236 3723 3360 3793 spei
3416 3737 3532 3778 suae.

1942 3819 2177 3876 cmlesti.
2206 3817 2337 3872 Mihi
2358 3817 2512 3882 vide,
2537 3831 2673 3875 num
2710 3815 2764 3869 id
2799 3814 3089 3885 Scriptura
3124 3816 3216 3869 illa
3248 3815 3527 3870 insinuet:

1951 3930 1969 3962 ι
2006 3910 2062 3965 Si
2122 3910 2336 3964 fuerint
2386 3909 2522 3974 duo,
2573 3908 2770 3975 utique
2827 3906 2982 3960 calor
3037 3906 3150 3960 illis
3200 3905 3530 3971 neutiquam

1943 4002 2241 4058 defuturus
2260 4010 2347 4057 est
2365 4002 2445 4066 '“;
2486 4020 2504 4051 ι
2540 3999 2753 4070 1030
2777 3999 3042 4053 nimirum
3075 3998 3123 4054 si
3154 3997 3316 4052 ﬁdem
3342 3996 3531 4051 vivida

1943 4102 2320 4163 constansque
2374 4091 2736 4147 comitabitur
2779 4104 2930 4159 spes.
2986 4088 3096 4143 Sed
3141 4096 3200 4142 et
3247 4087 3530 4157 peculiare

1946 4187 2063 4257 spei
2120 4200 2262 4257 Opus
2307 4193 2393 4239 est
2436 4183 2565 4249 hoc,
2616 4198 2677 4237 se
2725 4181 3129 4252 possidentem,
3165 4179 3352 4235 reddit
3392 4195 3532 4249 pra:-

250 4268 469 4339 Kuplou
504 4270 661 4333 ἐλπὶς
689 4269 880 4324 αὐτοῦ.
906 4289 925 4322 ι
970 4264 1101 4339 Kal,
1135 4292 1155 4325 ι
1190 4273 1671 4346 Εὐφρανθήτωσαν
1698 4275 1836 4329 πάν-

1944 4278 2241 4336 fervidum.
2278 4277 2437 4347 juxta
2472 4274 2619 4329 beati
2651 4275 2803 4329 Petri
2842 4272 3205 4335 sententiam,
3255 4272 3527 4327 dicentis:

250 4374 351 4423 τες
382 4362 431 4414 οἱ
461 4360 780 4427 ἐλπίζοντες
809 4364 904 4416 ἐπὶ
934 4364 1039 4417 σοί.
1066 4382 1083 4416 ι
1123 4366 1236 4419 Kal
1266 4362 1425 4430 αὖθις
1446 4383 1460 4398 ο
1503 4385 1522 4418 ι
1545 4367 1664 4421 Ἐπ’
1693 4366 1843 4438 αὐτῷ

256 4453 500 4525 ἤλπισεν
529 4457 563 4526 ή
588 4457 790 4528 καρδία
818 4474 920 4528 μου
939 4472 952 4487 ⁶
982 4459 1076 4511 καὶ
1102 4457 1435 4530 ἐδοηθήθην,
1464 4460 1559 4513 καὶ
1583 4459 1844 4514 ἀνέθαλεν

257 4547 298 4616 ἡ
330 4531 469 4616 σάρξ
498 4564 599 4617 μου
631 4549 726 4601 καὶ
754 4550 819 4601 ἐκ
842 4549 936 4601 τοῦ
967 4549 1100 4603 ἰδίου
1130 4549 1498 4621 βοηθήματος.
1529 4570 1548 4603 ι
1611 4551 1720 4605 Καὶ
1749 4550 1845 4605 ἄλ-

260 4638 391 4702 λους
448 4640 809 4709 ἐχειραγώγει
868 4640 1077 4708 λέγων’
1141 4660 1161 4695 ι
1197 4643 1484 4698 Ἐλπίσατε
1535 4644 1623 4697 ἐπ’
1654 4644 1843 4708 αύτδν,

260 4729 415 4782 πᾶσα
461 4731 493 4799 ἠ
548 4730 845 4801 συναγωγὴ
889 4729 1067 4797 λαῶν,
1123 4733 1352 4803 ὲκχέατε
1397 4732 1630 4789 ἐνώπιον
1671 4734 1842 4789 αὑτοῦ

254 4818 361 4882 τὰς
391 4820 623 4891 καρδίας
650 4822 681 4874 ὑ
693 4822 834 4891 μῶν,
869 4823 953 4876 ὅτι
981 4823 1010 4875 6
1038 4823 1172 4887 Θεὸς
1200 4825 1396 4896 βοηθὸς
1421 4826 1598 4895 ὑμῶν.
1633 4845 1651 4879 ι
1711 4829 1841 4894 Kal,

267 4910 570 4965 (Ἐλπισον
599 4915 691 4967 ἐπὶ
722 4915 950 4983 Κύριον,
984 4917 1079 4970 καὶ
1107 4916 1251 4972 ποίει
1277 4919 1649 4989 χρηστότητα.
1667 4938 1684 4969 ι
1709 4920 1844 4985 Kal,

263 5022 285 5056 ε
326 5004 707 5076 ’Λποκάλυψον
751 5008 885 5076 πρὸς
920 5005 1127 5078 Κύριον
1165 5009 1265 5080 τὴν
1294 5009 1413 5062 ὀδόν
1449 5027 1546 5063 σου
1571 5050 1586 5073 ,
1632 5011 1729 5064 καὶ⁵
1758 5011 1845 5065 ἕλ-

260 5109 421 5147 πισον
450 5097 539 5149 ἐπ’
565 5095 752 5159 αὑτοῦ,
779 5099 873 5151 καὶ
902 5098 1064 5161 αὐτὸς
1093 5102 1365 5171 ποιήσει.»
1397 5101 1508 5153 Kal.
1534 5102 1807 5163 δἩσαῒας
1825 5115 1841 5130 '

1948 4390 1967 4423 ι
1996 4368 2281 4427 Succincti
2327 4367 2550 4421 lumbos
2587 4366 2789 4419 mentis
2812 4372 3033 4429 vestrae,
3063 4363 3259 4427 sobrii,
3286 4361 3529 4432 perfecte

1942 4468 2165 4532 sperate
2198 4459 2255 4513 in
2289 4473 2411 4513 eam
2451 4473 2573 4526 qua?
2608 4456 2844 4511 offertur
2881 4455 3040 4510 vobis
3066 4455 3324 4525 gratiam,
3358 4455 3413 4509 in
3443 4470 3531 4509 re-

1941 4550 2223 4606 velatione
2272 4548 2402 4605 Jesu
2452 4546 2662 4603 Christi
2691 4546 2849 4616 quasi
2904 4546 3004 4600 filii
3039 4544 3461 4624 obedientiam".
3503 4565 3522 4596 ν

1944 4642 2153 4699 Eodem
2217 4649 2432 4711 spectat
2486 4637 2622 4694 illud
2673 4637 2804 4695 Jesu
2879 4638 2976 4692 filii
3028 4637 3220 4693 Siraeh
3266 4656 3278 4691 :
3338 4656 3357 4689 ι
3394 4637 3529 4704 Quis

1944 4735 2188 4805 speravit
2233 4733 2290 4787 in
2342 4732 2659 4798 Dominum,
2692 4740 2749 4787 et
2793 4731 3099 4787 derelictus
3124 4730 3248 4785 est?
3283 4730 3528 4799 autquis

1943 4824 2251 4898 permansit
2287 4823 2344 4878 in
2398 4825 2597 4880 timore
2647 4826 2768 4896 ejus
2790 4865 2804 4888 ,
2838 4832 2895 4879 et
2925 4822 3179 4892 despexit
3231 4838 3357 4877 eum
3384 4822 3473 4875 7“?
3501 4841 3520 4873 ι

1945 4918 2176 4974 Melicus
2227 4918 2456 4987 insuper
2494 4918 2833 4988 psalmorum
2881 4914 3236 4985 Conceptor:
3277 4933 3295 4965 ι
3327 4913 3527 4967 Beatus

1943 5010 2031 5064 vir
2065 5010 2223 5079 cujus
2264 5018 2349 5063 est
2391 5023 2596 5062 nomen
2652 5008 2867 5063 Domini
2919 5023 3045 5077 spes
3096 5008 3218 5078 ejus
3247 5005 3313 5058 '"‘.
3346 5024 3365 5057 ι
3410 5005 3522 5059 Et:

1952 5121 1972 5156 ι
2009 5102 2292 5156 Ιιεειθηιυι·
2328 5114 2526 5153 omnes
2567 5099 2662 5171 qui
2687 5100 2988 5170 Sperantin
3026 5107 3077 5154 te
3111 5100 3176 5151 ⁷⁵.
3209 5117 3228 5150 ν
3266 5097 3522 5152 Rursus:

330 5275 472 5350 ‘_'De
496 5273 584 5331 his
600 5275 1084 5350 abu_nde_flionys.
1122 5278 1323 5348 Areop.
1345 5294 1468 5349 cap.
1494 5281 1554 5335 ii
1598 5279 1675 5334 De
1706 5282 1896 5337 divinis
1951 5282 2271 5337 nominibus.
2347 5280 2390 5312 ⁸⁷
2430 5278 2622 5335 Matth.
2652 5295 2821 5350 xxvi,
2866 5280 2916 5334 7.
2995 5279 3040 5311 ⁸⁸
3070 5279 3235 5333 Matth
3308 5293 3422 5332 xm.

252 5338 303 5420 ξξ
325 5344 478 5420 Gen.
500 5360 574 5410 tv,
595 5343 758 5420 26._"
797 5338 1022 5420 1118οεῖ
1039 5365 1076 5417 ι,
1106 5351 1166 5407 3.
1241 5338 1287 5382 τί
1326 5338 1601 5417 Ecéle.iv,
1628 5351 1714 5406 il.
1791 5353 1836 5385 "

1944 5355 2070 5408 ’etr.
2099 5367 2138 5415 ι,
2172 5352 2259 5417 15,
2290 5350 2380 5407 14.
2454 5351 2502 5383 ⁷³
2536 5349 2708 5405 Eccli.
2750 5338 2915 5417 ψη.
2991 5351 3035 5382 ⁷³
3065 5350 3206 5405 Psal.
3248 5365 3426 5411 xvxnx,
3463 5347 3518 5402 ει.

254 5418 304 5451 ’⁵
358 5415 502 5471 Psal.
534 5432 589 5480 v,
648 5415 736 5471 12.

1546 5527 1781 5586 VARle
1814 5528 2220 5588 LECTIONES.

335 5619 379 5660 Γ
408 5619 560 5673 ίδίου.
