4054 6312
567 215 705 280 1139

1839 223 2211 286 ANTIOCHI
2245 223 2593 286 MONACHI

3715 218 3872 284 1440

567 347 586 380 ι
621 331 678 383 In
734 343 858 398 ipso
919 327 1167 398 speravit
1211 342 1309 383 cor
1348 343 1552 394 meum,
1609 337 1666 385 et
1715 329 1942 402 adjutus
1990 323 2139 398 sum,

2251 353 2269 386 ι
2315 334 2658 403 Ἦλπίσαμεν
2705 331 2798 386 ἐπὶ
2839 329 2918 402 τῷ
2957 328 3189 400 ὀνόματι
3229 325 3442 400 Κυρίου
3493 328 3594 382 καὶ
3639 330 3751 384 ἐπὶ
3793 335 3863 405 τῇ

559 431 619 476 et
667 419 920 476 reﬂoruit
950 435 1079 475 caro
1111 435 1254 485 mea,
1285 429 1340 475 et
1367 436 1432 475 ex
1457 421 1682 490 propria
1716 423 2004 479 voluntate
2027 426 2094 479 ⁷⁸.
2121 444 2140 477 ι

564 509 675 565 Sed
721 518 779 564 et
811 509 953 565 alios
989 511 1140 565 velut
1194 523 1361 565 manu
1407 511 1620 568 ducens
1655 514 2004 582 instituebat,
2064 517 2150 572 in-

562 602 746 656 vitans
801 601 871 657 ad
923 590 1274 672 complexum
1321 603 1514 659 solidae
1566 607 1704 672 spei,
1775 607 1906 664 dum
1959 608 2142 664 dicit:

569 712 588 746 ι
621 693 853 764 Sperate
899 696 956 750 ln
999 711 1127 749 eum
1167 695 1352 750 omnis
1385 700 1744 768 congregatio
1783 701 2141 771 populorum;

562 784 836 840 etl'undite
869 799 1057 840 coram
1088 785 1184 840 illo
1217 787 1386 840 corda
1408 796 1614 851 vestra,
1645 789 1776 859 quia
1803 790 1950 844 Deus
1984 792 2145 862 adju-

564 885 652 931 tor
690 884 880 930 uoster
908 875 974 930 ".
1001 896 1018 928 ι
1057 878 1169 931 Et:
1210 897 1226 928 ι
1259 877 1434 948 Spera
1483 879 1540 934 in
1597 880 1916 946 Dominum,
1956 891 2014 936 et
2060 883 2147 940 fac

561 965 868 1020 bonitatem
897 965 966 1020 ".
1007 985 1026 1018 ι
1055 967 1132 1022 Et
1164 985 1177 1021 :
1206 987 1223 1018 ι
1247 968 1446 1022 Revela
1469 969 1706 1024 Domino
1733 971 1878 1025 viam
1909 981 2058 1026 tuam
2091 980 2148 1028 et

562 1071 726 1126 spera
767 1055 824 1110 in
871 1071 1022 1122 eum,
1077 1066 1134 1111 et
1168 1057 1288 1128 ipse
1335 1058 1502 1115 faciet
1548 1062 1618 1115 ⁷³.
1655 1080 1674 1112 ι
1736 1061 1907 1117 lsaias
1964 1063 2142 1119 item:

569 1164 588 1196 ι
629 1145 990 1216 Speravimus
1041 1149 1098 1202 in
1148 1149 1376 1204 nomine
1410 1157 1504 1205 tuo
1554 1159 1609 1205 et
1653 1153 1710 1206 in
1765 1153 2034 1208 memoria
2065 1155 2146 1210 tui

563 1235 907 1290 desiderium
943 1247 1198 1292 nostrum
1239 1239 1306 1294 “.
1340 1259 1359 1291 ι
1410 1241 1652 1296 Rursum
1698 1241 1906 1298 Paulus
1949 1263 1963 1299 :
1994 1265 2013 1297 ι
2039 1245 2147 1316 Spe

563 1325 700 1380 salvi
750 1325 884 1382 facti
927 1341 1155 1392 sumus;
1186 1342 1314 1397 spes
1361 1336 1549 1382 autem
1601 1344 1726 1399 quae
1761 1330 2003 1396 videtur,
2032 1348 2146 1386 non

562 1427 650 1471 est
677 1432 803 1486 spes
832 1437 844 1471 :
871 1418 1038 1488 quod
1072 1419 1222 1474 enim
1254 1417 1407 1474 videt
1439 1420 1586 1489 quis,
1632 1421 1770 1490 quid
1820 1423 2054 1492 sperat?
2089 1421 2147 1478 Sl

564 1521 749 1564 autem
795 1513 942 1580 quod
1001 1528 1114 1568 non
1143 1513 1418 1578 videmus,
1448 1530 1762 1585 speramus,
1796 1531 1898 1586 per
1930 1517 2148 1586 patien-

567 1601 698 1656 tiam
754 1614 1144 1674 exspectamus
1175 1605 1243 1660 ⁸⁸.
1285 1625 1304 1658 ι
1342 1607 1552 1660 lterum
1587 1624 1600 1660 :
1641 1627 1660 1658 ‹
1689 1607 1855 1662 Forte
1886 1609 2145 1662 solatium

2260 423 2422 494 μνείᾳ
2449 419 2620 478 αὑτοῦ
2643 423 2670 463 ι
2697 422 2734 494 ἡ
2762 419 3029 491 ἐπιθυμία
3055 418 3271 491 ἡμῶν.»
3303 418 3420 474 Kal
3445 417 3615 472 πάλιν
3643 423 3673 474 6
3699 421 3866 474 Παῦ-

2255 515 2376 577 λος·
2406 532 2426 566 ι
2454 513 2533 584 Τῇ
2558 513 2668 584 γὰρ
2695 511 2872 566 ἐλπίδι
2899 509 3078 582 ἐσώθη
3089 527 3220 581 μεν·
3251 510 3414 574 ἐλπὶς
3435 509 3494 564 δὲ
3525 509 3854 589 βλεπομένη

2255 605 2358 657 οὐκ
2387 603 2534 657 ἐστιν
2564 602 2742 667 ἐλπίς.
2788 603 2856 656 '0
2883 603 2993 677 γὰρ
3027 601 3217 672 βλέπει
3243 617 3352 666 τις,
3381 601 3440 654 τί
3469 603 3566 656 καὶ
3591 602 3856 672 ἐλπίζεις

2257 695 2306 746 εί
2336 694 2392 746 δὲ
2420 694 2449 747 ὃ
2477 695 2538 746 οὐ
2570 692 2845 764 βλέπομεν
2878 691 3175 762 ἐλπίζομεν
3195 731 3211 755 ,
3248 691 3320 744 δι’
3350 691 3644 763 ὑπομονῆς
3671 695 3854 748 ἀπεκ-

2254 784 2546 855 δεχόμεθα.
2578 803 2598 838 ι
2658 785 2771 838 Καὶ
2822 784 3027 850 πάλιν,
3101 802 3122 836 ι
3179 783 3436 855 ’ἰσχυρὰν
3487 784 3855 856 παράκλησιν

2255 875 2454 946 ἔχομεν
2494 876 2544 930 οί
2578 875 2995 944 καταφυγόντες
3023 874 3300 946 κρατῆσαι
3329 877 3432 946 τῆς
3459 877 3852 948 προκειμένης

2254 965 2513 1032 ἐλπίδος,
2583 967 2652 1036 ἢν
2708 966 2784 1029 ὼς
2831 964 3084 1036 ἄγκυραν
3131 963 3330 1034 ἔχομεν
3371 963 3596 1035 ἀσφαλῆ
3637 982 3707 1019 τε
3759 969 3852 1020 καὶ

2257 1055 2502 1126 βεϐαίαν.
2527 1075 2546 1109 ι
2595 1057 2708 1110 Kal
2735 1056 2955 1125 ἐπάγει,
2996 1073 3016 1106 ι
3049 1056 3174 1108 Ὅτι
3203 1055 3387 1108 ἐλπίδι
3416 1054 3631 1123 ὀφείλει
3655 1057 3688 1109 6
3714 1058 3851 1128 ἀρο-

2254 1147 2428 1220 τριῶν
2475 1149 2774 1219 ἀροτριᾷν,
2830 1146 2929 1200 καὶ
2969 1146 3000 1200 ὁ
3040 1145 3218 1200 ἀλοῶν
3265 1144 3366 1216 τῆς
3413 1145 3637 1212 ἐλπίδος
3677 1148 3848 1203 αὑτοῦ

2259 1240 2575 1310 μετέχεινιι.
2609 1257 2629 1290 ι
2692 1239 2808 1294 Kal
2853 1240 2912 1292 ἐν
2955 1237 3032 1308 τῷ
3075 1237 3222 1292 κατὰ
3251 1238 3476 1292 Λουκᾶν
3515 1238 3854 1310 Εὑαγγελίῳ

2255 1330 2386 1402 περὶ
2413 1329 2509 1384 τοῦ
2537 1329 2762 1398 Συμεών
2793 1347 2985 1402 φησιν,
3022 1347 3042 1382 ι
3065 1325 3174 1382 Ἦν
3203 1328 3354 1400 αὕτῷ
3375 1331 3852 1400 ’κεχρηματισμέρ

2255 1439 2344 1476 νον
2377 1422 2486 1476 ὑπὸ
2515 1421 2610 1476 τοῦ
2644 1422 2966 1492 Πνεῦματος
2997 1420 3093 1474 τοῦ
3124 1421 3306 1488 ἁγίου,
3341 1419 3436 1472 τοῦ
3472 1421 3552 1491 μὴ
3585 1420 3723 1474 [δεῖν
3753 1421 3850 1476 θά-

2253 1531 2414 1569 νατον
2437 1556 2452 1580 ,
2504 1515 2612 1578 ἕως
2642 1508 2703 1569 οὗ
2737 1514 2824 1584 ἴδῃ
2852 1513 2946 1567 τὸν
2971 1513 3208 1583 Χριστὸν
3235 1514 3470 1582 Κυρίου.
3499 1532 3519 1564 ι
3581 1515 3703 1566 Καὶ
3747 1514 3852 1568 οὐκ

2254 1607 2528 1678 ἐνέκρωσε
2560 1606 2659 1678 τὴν
2679 1607 2902 1671 ἐλπίδα,
2937 1606 3052 1661 ἀλλ’
3077 1602 3145 1678 ἦν
3171 1605 3493 1678 προσδοκῶν
3523 1605 3620 1660 τὸν
3645 1605 3848 1659 ποθοδο

565 1694 861 1762 habemus,
893 1697 990 1767 qui
1019 1697 1370 1769 confugimus
1392 1698 1458 1752 ad
1485 1698 1778 1754 tenendam
1806 1701 2146 1768 propositam

2254 1716 2414 1770 μενον
2444 1697 2744 1770 Λυτρωτὴν
2777 1699 2873 1750 καὶ
2901 1695 3134 1767 Σωτῆρα
3162 1697 3258 1750 τοῦ
3285 1696 3522 1768 κόσμου,
3554 1700 3656 1752 καὶ
3683 1697 3843 1764 δεξάο

565 1801 718 1856 spem
777 1803 942 1858 quam
995 1789 1142 1844 sicut
1188 1791 1489 1844 auchoram
1533 1791 1806 1846 habemus
1849 1799 2027 1846 tutam
2086 1805 2150 1846 ac

565 1877 782 1933 ﬁrmam
813 1879 881 1933 δ’.
907 1899 926 1931 ι
960 1881 1180 1936 lnducit
1213 1899 1226 1936 :
1272 1901 1292 1933 ‹
1330 1881 1468 1948 Quia
1504 1882 1672 1937 debet
1695 1883 1754 1936 in
1785 1898 1883 1952 spe
1906 1883 2003 1952 qui
2029 1889 2152 1938 arat

565 1984 752 2037 arare,
777 1979 834 2024 et
861 1972 953 2040 qui
983 1972 1228 2037 triturat,
1253 1973 1308 2028 in
1327 1989 1424 2044 spe
1450 1973 2026 2044 fructuspercipiendi
2045 1977 2142 2029 ⁸⁸.»

566 2061 634 2115 Et
673 2061 730 2115 in
764 2062 928 2118 Luca
983 2065 1282 2134 Evangelio
1331 2065 1400 2120 de
1445 2065 1752 2120 Simeone:
1796 2084 1815 2118 ι
1843 2066 2152 2136 Acceperat

565 2153 714 2207 enim
754 2169 1080 2224 responsum
1114 2171 1144 2210 a
1180 2156 1389 2227 Spiritu
1419 2167 1631 2224 sancto,
1666 2173 1777 2213 non
1803 2159 2053 2213 visurum
2091 2173 2151 2213 se

2254 1807 2414 1862 μενος
2436 1789 2600 1844 αὐτὸν
2626 1787 2881 1858 γεγηθὼς
2907 1788 2968 1840 ἐν
2993 1791 3114 1850 ταῖς
3136 1787 3412 1856 ἀγκάλαις
3437 1788 3663 1856 ἔλεγεν·
3681 1787 3844 1841 Ἀπό-

2249 1883 2414 1936 λυσόν
2460 1899 2560 1953 με,
2607 1882 2890 1944 Δέσποτα,
2939 1879 3198 1934 ἀπελθεῖν
3251 1880 3392 1954 πρὸς
3429 1879 3532 1950 τὴν
3559 1879 3836 1949 ποθουμέ-

2249 1991 2350 2046 νην
2408 1991 2500 2044 μοι
2557 1971 2840 2044 βασιλείαν
2885 1989 3004 2026 σου.
3051 1970 3352 2024 Ἀπέλαδον
3377 1971 3489 2040 γὰρ
3518 1972 3623 2042 τὴν
3649 1969 3847 2024 ἐλπίδα

2255 2083 2394 2138 μου,
2443 2065 2537 2118 τὸν
2586 2063 2828 2134 Χριστὸν
2875 2061 3085 2133 Κυρίου
3113 2079 3128 2094 ”
3185 2061 3338 2134 αὐτῷ
3381 2066 3415 2133 ἡ
3445 2063 3574 2129 δόξα
3607 2065 3692 2126 εἰς
3720 2061 3842 2124 τοὺς

2251 2155 2478 2218 αἰῶνας.
2517 2155 2712 2223 Ἀμήν.

567 2251 801 2297 mortem
850 2244 1174 2314 priusquam
1208 2244 1426 2300 videret
1453 2246 1734 2302 Christum
1803 2248 2022 2302 Domini
2049 2247 2116 2301 εδ.
2150 2266 2168 2298 ι
2213 2246 2408 2316 Neque
2449 2243 2543 2299 hic
2575 2237 2932 2298 mortiﬁcavit
2961 2257 3138 2313 spem,
3178 2242 3277 2298 sed
3340 2253 3460 2298 erat
3508 2253 3844 2313 exspectans

567 2351 683 2391 rem
735 2352 900 2406 quam
945 2352 1282 2408 magnopere
1331 2338 1708 2404 desiderabat,
1764 2327 2030 2394 nimirum
2081 2346 2145 2394 ut
2177 2339 2398 2393 videret
2459 2336 2892 2405 Redemptorem
2957 2349 3022 2390 ac
3053 2333 3396 2389 Salvatorem
3424 2333 3643 2390 mundi.
3677 2333 3838 2390 Cum.

565 2446 674 2502 que
708 2431 1012 2502 accepisset
1038 2439 1096 2486 et
1139 2433 1494 2488 astrinxisset
1554 2433 1722 2498 ulnis,
1758 2433 1950 2489 laetitia
2014 2433 2275 2504 perfusus
2343 2431 2612 2487 dicebat:
2670 2429 2899 2486 Dimitte
2972 2445 3084 2496 me,
3131 2429 3389 2496 Domine,
3425 2429 3624 2486 venire
3668 2429 3737 2486 ad
3785 2437 3836 2486 te

565 2535 752 2592 regem
778 2536 1195 2592 meum,_neque
1218 2521 1368 2576 enim
1402 2521 1699 2580 frustratus
1727 2539 1850 2580 sum
1873 2539 1971 2595 spe
1997 2537 2138 2579 mea.
2179 2523 2290 2593 lpsi
2339 2523 2517 2594 gloria
2562 2521 2621 2577 in
2663 2521 2884 2576 saecula.
2925 2520 3124 2592 Amen:

1135 2631 1422 2688 HOMILIA
1474 2635 1566 2690 Ill.

1177 2746 1255 2800 De
1280 2737 1531 2800 conuiuio.

634 2851 712 2908 De
735 2853 946 2923 epulari
971 2854 1228 2910 convivio
1249 2857 1640 2912 Parmmiastes
1660 2856 1738 2911 ait
1764 2874 1778 2910 :
1807 2877 1824 2908 ι
1845 2857 1902 2914 Si
1932 2858 2148 2916 sederis

564 2941 634 2998 ad
667 2943 1002 3018 coenandum
1052 2947 1109 3002 in
1159 2963 1351 3003 mensa
1397 2949 1731 3018 potentium,
1767 2957 1978 3005 attente
2010 2964 2146 3005 con-

2907 2628 3135 2686 ΛΟΓΟΣ
3163 2625 3240 2684 Γ’.

2775 2741 2918 2811 Περὶ
2949 2741 3302 2808 ἑστιάσεως.

2323 2857 2462 2926 Περὶ
2489 2855 2589 2926 τῆς
2615 2853 2910 2918 ἐστιάσεώς
2940 2871 3105 2926 φησιν
3129 2855 3159 2908 ὁ
3184 2855 3609 2926 Παροιμιαστής
3629 2873 3646 2888 ι
3667 2876 3688 2908 ι
3710 2856 3828 2910 Ἐὰν

2253 2947 2488 3021 καθίσῃς
2511 2947 2803 3016 δειπνῆσαι
2837 2947 2932 2998 ἐπὶ
2961 2946 3242 3018 τραπέζης
3269 2946 3582 3012 δυναστῶν,
3623 2948 3830 3016 νοητῶς

565 3033 750 3089 sidera
775 3050 897 3105 qua:
926 3047 1286 3106 apponuntur
1307 3037 1430 3102 tibi,
1455 3046 1513 3092 et
1533 3037 1698 3109 injice
1721 3055 1946 3094 manum
1973 3050 2142 3108 tuam,

2251 3040 2361 3094 νόει
2410 3039 2478 3093 τὰ
2529 3038 2948 3112 παρατιθέμενά
2993 3055 3115 3102 σοι,
3163 3039 3259 3093 καὶ
3290 3037 3516 3094 ἐπίϐαλε
3544 3040 3648 3112 τὴν
3677 3041 3832 3112 χεῖρά

564 3124 749 3180 sciens
798 3127 1062 3196 quoniam
1098 3135 1323 3198 oportet
1355 3135 1408 3182 te
1439 3129 1570 3183 talia
1599 3145 1914 3200 praeparare
1947 3149 1962 3185 :
1995 3133 2146 3204 quod

564 3216 612 3272 si
657 3216 1030 3272 insatiabilior
1070 3234 1155 3284 es,
1213 3233 1283 3272 ne
1336 3219 1624 3277 desideres
1655 3221 1812 3277 cibos
1863 3225 1986 3294 ejus
2011 3224 2082 3280 ⁸⁸.
2117 3244 2136 3279 ι

563 3308 720 3362 Alter
744 3307 909 3362 item:
937 3328 957 3362 ι
986 3308 1070 3364 Ad
1104 3325 1353 3366 mensam
1383 3327 1635 3384 magnam
1661 3314 1894 3370 sedisti?
1916 3332 1986 3372 ne
2016 3333 2149 3389 ape-

566 3398 678 3453 rias
727 3407 919 3470 guttur
954 3409 1109 3454 tuum
1151 3417 1320 3471 super
1365 3403 1540 3470 illam,
1572 3414 1854 3462 memento
1883 3409 2180 3478 quoniam'

565 3489 798 3555 malum,
845 3492 1042 3547 oculus
1081 3509 1366 3564 nequam:
1423 3511 1762 3569 quocunque
1812 3500 2144 3572 inspexeris,

565 3597 639 3638 ne
689 3585 960 3640 extendas
1006 3601 1231 3642 manum
1288 3595 1461 3652 tuam,
1494 3599 1552 3646 ct
1605 3606 1676 3647 ne
1725 3594 2066 3664 conjungere
2094 3593 2148 3649 ei

568 3675 626 3730 in
656 3675 840 3730 catino
877 3695 891 3730 :
933 3679 1177 3750 intellige
1209 3696 1332 3750 qua:
1388 3673 1798 3754 sunt'proximi
1828 3701 1897 3740 ex
1945 3687 2144 3756 teipso,

566 3773 625 3822 et
653 3768 811 3837 quasi
844 3771 898 3822 in
924 3771 1074 3825 omni
1100 3787 1158 3827 re
1189 3775 1407 3844 cogita;
1441 3777 1670 3834 comede
1707 3787 1769 3834 ut
1796 3780 1986 3845 homo,
2021 3796 2145 3851 qua:

567 3869 927 3929 apponuntur
955 3863 1076 3929 tibi,
1127 3873 1279 3920 etne
1324 3867 1492 3922 nimis
1521 3868 1778 3935 devores,
1818 3877 1880 3926 ut
1913 3887 1982 3927 ne
2014 3871 2144 3928 odio

568 3951 858 4018 hahearis;
892 3953 1084 4010 desine
1108 3957 1262 4026 prior
1287 3957 1461 4028 gratia
1485 3958 1818 4030 disciplinae,
1849 3969 1906 4017 et
1935 3963 2142 4034 1031

568 4059 640 4099 ne
689 4043 766 4100 sis
807 4045 1208 4112 insaturabilis,
1243 4064 1313 4104 ne
1367 4049 1510 4106 forte
1563 4053 1816 4109 oﬂ'eudas
1851 4071 1866 4113 :
1901 4055 2052 4126 quod
2097 4056 2144 4112 si

570 4135 630 4190 in
685 4137 868 4193 medio
916 4139 1216 4194 multorum
1248 4142 1483 4208 seueris,
1514 4144 1668 4213 prior
1701 4145 1813 4201 illis
1847 4163 1918 4202 ne
1947 4155 2146 4202 exten-

571 4229 670 4285 das
717 4245 941 4286 manum
994 4240 1166 4288 tuam.
1222 4234 1397 4302 Quam
1461 4237 1744 4294 sullicicns
1794 4247 1884 4295 est
1932 4240 2147 4297 homini

570 4321 814 4386 erudito,
867 4325 1124 4394 exiguum
1178 4327 1245 4382 ⁸⁸.
1285 4348 1302 4380 ι
1363 4329 1578 4400 Moyses
1621 4347 1635 4384 :
1692 4351 1711 4383 ‹
1747 4333 1989 4389 Attende
2044 4333 2148 4390 tibi

572 4411 676 4482 ipsi
712 4428 803 4476 ne,
836 4413 969 4468 dum
1021 4417 1333 4472 comederis
1361 4427 1418 4472 et
1445 4429 1731 4477 saturatus
1771 4421 1970 4488 fueris,
2005 4423 2154 4479 obli-

572 4503 806 4559 viscaris
840 4504 1060 4561 Domini
1095 4507 1191 4561 Dei
1226 4508 1304 4562 tui
1335 4508 1402 4562 ⁸⁷.
1445 4528 1462 4560 ι
1499 4507 1760 4564 Concinit
1801 4511 2104 4582 Apostolus
2135 4531 2149 4569 :

581 4613 600 4646 ι
632 4595 759 4652 Sive
788 4598 1103 4664 comeditis,
1143 4600 1261 4655 sive
1311 4600 1526 4666 bibitis,
1573 4603 1691 4657 sive
1725 4603 1860 4673 quid
1893 4605 2043 4660 aliud
2072 4605 2154 4662 fa-

573 4688 721 4753 citis,
773 4690 958 4745 omnia
989 4691 1057 4746 ad
1105 4691 1340 4762 gloriam
1391 4693 1490 4748 Dei
1538 4693 1704 4748 facite
1733 4693 1800 4749 ⁸⁸.
1840 4713 1989 4748 ι--ι
2031 4696 2154 4754 Νοη

575 4781 710 4836 item
759 4782 826 4837 ad
861 4783 1296 4855 disceptationes
1331 4785 1751 4856 cogitationum.
1800 4788 1896 4844 llle
1925 4789 2152 4860 quidem

574 4874 755 4934 credit
809 4875 978 4932 licere
1020 4878 1169 4934 vesci
1218 4879 1495 4944 omnibus,
1541 4879 1634 4934 hic
1683 4891 1870 4936 autem
1899 4881 2154 4940 infirmus

575 4979 701 5020 cum
733 4966 826 5032 sit,
860 4967 1012 5022 olera
1038 4967 1422 5024 manducat”.
1454 4989 1473 5021 ι
1511 4969 1773 5025 lnducit:
1815 4989 1834 5023 ι
1865 4969 1969 5038 Qui
1994 4989 2154 5028 man-

575 5058 765 5126 ducat,
793 5076 899 5116 non
933 5060 1361 5118 manducantem
1391 5079 1460 5118 ne
1489 5062 1734 5134 judicct;
1769 5071 1826 5118 tu
1849 5063 1998 5118 enim
2029 5065 2158 5135 quis

575 5163 637 5203 es
664 5150 760 5219 qui
799 5150 1020 5220 indicas
1045 5151 1293 5206 alienum
1339 5153 1608 5207 servum?
1658 5169 1760 5208 suo
1788 5152 2017 5208 domino
2047 5161 2160 5209 stat

645 5283 693 5313 "
731 5281 874 5337 Psal.
937 5300 1104 5349 xxvn,
1154 5287 1206 5339 7.

1284 5286 1328 5316 "’
1365 5286 1508 5341 Psal.
1558 5302 1663 5346 LXI,
1722 5288 1776 5340 9.
1853 5287 1897 5319 ⁷⁸
1933 5287 2072 5342 Psal.
2111 5303 2292 5352 mm,
2325 5289 2378 5342 3.
2473 5288 2518 5321 "
2558 5287 2692 5342 ibid.
2747 5287 2800 5342 5.

2251 3149 2380 3197 σου,
2415 3130 2573 3195 εἰδὼς
2601 3132 2686 3184 ὅτι
2714 3131 2796 3185 δεῖ
2827 3147 2887 3184 σε
2916 3131 3146 3186 τοιαῦτα
3175 3131 3647 3202 παρασκευάζειν.
3687 3134 3751 3186 El
3773 3132 3828 3186 δέ

2247 3224 2654 3295 ἁπληστότερος
2675 3217 2748 3287 εῐ,
2768 3222 2842 3294 μὴ
2859 3221 3122 3294 ἐπιθύμει
3137 3224 3246 3276 τῶν
3267 3223 3580 3294 ἐδεσμάτων
3603 3223 3822 3278 αὐτοῦ.»

2247 3317 2360 3371 Kal
2401 3315 2588 3389 ἐτερός
2607 3331 2806 3384 φησιν’
2843 3334 2862 3368 ι
2909 3315 3045 3368 Ἐπὶ
3074 3315 3359 3385 τραπέζης
3389 3315 3638 3386 μεγάλης
3668 3316 3826 3370 ἐκάθ-

2251 3425 2408 3471 ισας,
2477 3406 2554 3478 μὴ
2602 3405 2824 3476 ἀνοίξῃς
2893 3405 3156 3478 φάρυγγά
3186 3422 3280 3458 σου
3316 3406 3624 3477 ἐπάὑτῆς.
3682 3406 3825 3478 Μνήο

2249 3497 2406 3570 σθητι
2452 3497 2534 3551 ὅτι
2579 3495 2752 3552 κακὸν
2783 3497 3067 3566 ὀφθαλμὸς
3095 3495 3356 3567 πονηρὸς,
3387 3489 3450 3550 οὗ
3481 3497 3580 3550 ἐὰν
3606 3497 3827 3551 ,ἐπιϐλέ-

2246 3590 2386 3662 slum.
2427 3590 2503 3661 μὴ
2531 3589 2782 3662 ἐκτεινῃς
2807 3587 2910 3660 τὴν
2935 3589 3094 3659 χεῖρά
3120 3604 3216 3642 σου
3235 3629 3250 3656 ,
3299 3589 3396 3642 καὶ
3439 3587 3516 3660 μὴ
3548 3587 3824 3642 συνθλίδου

2248 3680 2400 3752 αὐτῷ
2426 3683 2485 3734 ἐν
2507 3681 2583 3751 τῷ
2601 3679 2843 3752 τρυϐλίῳ
2861 3696 2875 3710 ”
2907 3679 3020 3734 νόει
3045 3678 3116 3734 τὰ
3141 3681 3248 3733 τῶν
3271 3679 3502 3750 πλησίον
3529 3679 3589 3745 ἐξ
3611 3677 3822 3744 ἐαυτοῦ,

2249 3775 2345 3830 xal
2373 3774 2466 3826 ἐπὶ
2491 3775 2657 3827 παντὶ
2681 3773 2972 3844 πράγματι
2997 3771 3231 3826 διανοοῦ.
3267 3772 3414 3839 Φάγε
3443 3772 3520 3836 ὡς
3545 3773 3827 3843 ἄνθρωπος

2247 3865 2318 3919 τὰ
2350 3861 2733 3935 παρακείμενα
2767 3879 2852 3916 σοι
2871 3901 2898 3931 ,_
2939 3865 3039 3916 καὶ
3075 3861 3150 3932 μὴ
3179 3861 3442 3931 διαμασῶ
3465 3900 3481 3924 ,
3512 3861 3599 3914 ἵνα
3638 3863 3716 3931 μὴ
3745 3877 3827 3932 μι-

2251 3954 2452 4030 σηθῖκο
2511 3953 2721 4008 παῦσαι
2751 3953 2971 4026 πρῶτος
3003 3953 3163 4026 χάριν
3195 3952 3478 4017 παιδείας,
3530 3953 3630 4005 καὶ
3659 3951 3826 4020 ἀπλη-

2251 4048 2463 4114 στεύου,
2499 4046 2574 4119 μὴ
2601 4047 2872 4118 πρότερος
2902 4045 3077 4118 κόψῃς
3099 4062 3114 4079 ο
3169 4044 3267 4098 καὶ
3308 4046 3358 4098 εί
3387 4045 3496 4099 ἀνὰ
3530 4045 3703 4113 μέσον
3727 4043 3827 4095 τῶν

2250 4143 2514 4198 πλειόνων
2564 4141 2870 4208 ἐκάθισας,
2927 4140 3200 4212 πρότερος
3243 4138 3428 4192 αὐτῶν
3475 4137 3552 4208 μὴ
3585 4139 3825 4207 ἐκτεινῃς

2248 4233 2350 4307 τὴν
2388 4233 2556 4307 χεῖρά.
2597 4251 2714 4290 σου.
2758 4234 2848 4298 Ὠς
2881 4233 3069 4288 ίκανδν
3101 4229 3378 4302 ἀνθρώπῳ
3411 4229 3824 4300 πεπαιδευμένῳ

2181 4364 2226 4420 D
2251 4328 2313 4382 τὸ
2338 4327 2536 4396 ὀλίγον.
2551 4346 2570 4379 ι
2605 4327 2664 4380 '0
2687 4327 2745 4380 δέ
2770 4325 3036 4420 Μωῡτῆς,
3109 4321 3618 4420 Πρόσεχεῃσεαυτῷ,
3638 4323 3822 4420 λέγων,

2257 4417 2332 4490 μὴ
2365 4417 2556 4488 φαγὼν
2583 4416 2679 4471 καὶ
2706 4415 3047 4487 ἐμπλησθεὶς
3075 4415 3312 4486 ἐπιλάθῃ
3347 4415 3554 4487 Κυρίου
3581 4415 3682 4468 τοῦ
3703 4409 3822 4466 Θεοῦ
3844 4486 3850 4491 _

2251 4527 2370 4564 σου.
2402 4528 2421 4562 ι
2487 4510 2598 4564 Kal
2645 4511 2674 4562 ὁ
2709 4508 2948 4571 Παῦλοςο
3006 4525 3025 4558 ι
3065 4505 3191 4560 Εἴτε
3217 4505 3453 4570 ἐσθίετε,
3486 4507 3597 4560 εἴτε
3627 4506 3822 4564 πίνετε,

2249 4603 2360 4656 εἴτε
2393 4620 2446 4656 τι
2480 4603 2721 4666 ποιεῖτε,
2771 4601 2952 4656 πάντα
2983 4601 3064 4663 είς
3099 4598 3260 4664 δόξαν
3285 4597 3424 4653 Θεοῦ
3457 4600 3688 4652 ποιεῖτε.
3723 4614 3740 4648 ι
3762 4621 3824 4634 ——

2257 4715 2276 4750 ι
2323 4695 2438 4750 Kal
2497 4697 2574 4768 μὴ
2630 4697 2712 4760 είς
2756 4695 2972 4765 κρίσεις
3020 4692 3418 4761 διαλογισμῶν.
3477 4691 3538 4745 '0
3588 4691 3692 4761 μὲν
3727 4688 3822 4756 γὰρ

2263 4787 2511 4842 πιστεύει
2536 4789 2732 4858 φαγεῖν
2755 4787 2956 4852 πάντα,
2979 4787 3008 4840 ὁ
3027 4785 3082 4839 δέ
3109 4783 3356 4840 ἀσθενῶν
3377 4782 3590 4853 λάχανα
3609 4779 3815 4835 ἐσθίει.»

2261 4878 2374 4932 Kal
2399 4878 2598 4948 ἐπάγει
2617 4897 2630 4910 ο
2675 4895 2694 4929 ι
2723 4877 2784 4931 '0
2815 4875 3036 4940 ἐσθίων,
3067 4875 3158 4928 τὸν
3191 4874 3267 4946 μὴ
3293 4873 3550 4927 ἐσθίοντα
3585 4871 3660 4943 μὴ
3683 4869 3819 4934 ὲξον·

2263 4970 2518 5024 θενείτωο
2549 4969 2646 5024 καὶ
2673 4971 2701 5024 ὁ
2729 4967 2806 5039 μὴ
2834 4967 3052 5032 ἐσθίων,
3082 4967 3174 5019 τὸν
3201 4965 3460 5018 ἐσθίοντα
3484 4965 3561 5036 μὴ
3585 4961 3816 5032 κρινέτω·

2266 5066 2330 5118 σὺ
2360 5063 2471 5134 γὰρ
2504 5063 2589 5127 τίς
2619 5059 2671 5116 εἴ
2704 5063 2733 5115 ὁ
2763 5062 2966 5132 κρίνων
2992 5059 3276 5128 ἀλλότριον
3306 5058 3562 5130 οίκέτην;
3609 5053 3691 5124 τῷ
3721 5049 3816 5116 ίδῧρ

2259 5137 2441 5226 ’κυρίῳ
2489 5155 2682 5225 στήκει
2717 5153 2750 5224 ἢ
2786 5153 2996 5206 πίπτει.
3027 5169 3046 5204 ι
3092 5150 3204 5205 Kal
3234 5149 3432 5204 πάλινο
3484 5165 3504 5199 ι
3533 5147 3592 5200 '0
3621 5143 3814 5200 ἐσθίων.

2874 5287 2922 5318 ⁸ο
2959 5285 3063 5341 lsa.
3118 5299 3264 5347 xxvi,
3301 5283 3357 5338 8.
3430 5283 3474 5315 "
3527 5281 3686 5336 Rom.
3716 5291 3816 5338 vin.

577 5351 668 5422 2i,
716 5352 808 5406 25.
882 5354 926 5385 ⁸¹
970 5355 1131 5409 Hebr.
1174 5371 1249 5416 Vl,
1285 5355 1370 5418 18,
1408 5355 1493 5410 19.
1569 5357 1614 5388 ³³³
1656 5357 1830 5412 ICor.
1870 5373 1944 5418 lx,
1993 5357 2079 5411 10.

2251 5351 2370 5412 Luc.
2429 5375 2488 5422 η,
2540 5357 2633 5412 26.
2708 5355 2752 5390 ⁸³
2797 5357 2959 5412 Prov.
3010 5372 3161 5422 mn,
3212 5354 3326 5408 1-5.
3403 5353 3451 5386 ⁸⁸
3489 5351 3658 5408 Eccli.
3689 5362 3810 5408 nn.

584 5421 765 5474 1246.
842 5422 886 5455 "
941 5424 1096 5478 Deut.
1140 5441 1212 5488 vt,
1267 5425 1352 5490 12,
1388 5426 1475 5480 15.
1551 5426 1596 5458 ⁸⁸
1634 5426 1653 5480 1
1685 5425 1812 5482 Cor.
1854 5444 1907 5493 κ,
1948 5428 2038 5481 51.
2113 5428 2148 5463 ⁸ῖ

2251 5445 2352 5482 om.
2387 5421 2496 5493 xxv,
2535 5429 2589 5494 1,
2637 5426 2692 5482 2.

1856 5545 1896 5600 ν
1912 5545 2089 5602 \RHS
2131 5545 2533 5602 LECTlOXES.

660 5631 685 5669 ⁸
706 5647 819 5681 σου.
896 5633 917 5670 ιι
946 5632 1036 5685 τοῦ
1065 5635 1332 5706 μιτέχειν,
1359 5638 1738 5708 participandt'.
