4054 6312
1046 280 1105 342 ,ἀμ

233 310 394 411 nn
490 420 497 423 _

1384 346 1683 408 IOMILIA
1722 344 2010 407 III.—DE
2046 344 2422 407 CONVIVIO.

3380 351 3525 418 1442

256 460 452 532 Κυρίῳ
496 456 704 521 ἐσθίει,
759 456 857 511 καὶ
898 455 1217 535 εὐχαριστεῖ
1255 456 1335 529 τῷ
1364 458 1518 528 Θεῷ·
1574 458 1669 512 καὶ
1700 459 1729 510 6
1759 455 1834 526 μὴ

1940 463 2033 509 aut
2083 454 2234 509 cadit
2274 455 2342 508 '°.
2377 474 2395 506 ι
2435 454 2644 513 lterum
2678 470 2691 508 :
2729 471 2748 506 ι
2783 453 2887 522 Qui
2924 455 3245 523 manducat,
3291 459 3529 517 Domino

258 550 485 615 ἐσθίων,
535 547 728 619 Κυρίῳ
771 548 874 602 οὐκ
918 548 1112 601 ἐσθίει.
1140 566 1159 600 ›
1199 579 1266 588 -
1304 566 1323 600 ι
1353 548 1446 620 Μὴ
1476 547 1664 601 ἕνεκεν
1693 544 1837 617 βρώ-

262 657 434 712 ματος
488 638 666 693 κώλυε
720 636 781 691 τὸ
826 638 988 708 ἔργον
1038 638 1133 692 τοῦ
1179 637 1338 692 Θεοῦ.
1367 657 1386 691 ι
1448 638 1558 692 Kal
1604 637 1836 707 ἐπάγει·

265 752 284 786 ι
336 732 521 787 Πάντα
571 730 672 805 μὲν
726 731 983 802 καθαρὰ,
1042 731 1178 786 ἀλλὰ
1225 731 1399 788 κακὸν
1445 729 1522 801 τῷ
1566 729 1841 800 ἀνθρώπῳ

255 825 336 894 τῷ
364 822 470 876 ιδιά
515 822 945 893 προσκόμματος
991 822 1249 876 ἐσθίοντι.
1278 840 1299 873 ι
1330 822 1463 886 Καὶ,
1504 839 1522 873 ι
1552 822 1840 891 Μακάριος

256 915 287 968 6
321 915 398 987 μὴ
431 914 633 985 κρίνων
659 913 853 967 ἑαυτὸν
888 915 945 966 ἐν
970 906 1015 981 ᾧ
1046 912 1351 983 δοκιμάζει.
1395 911 1454 965 '0
1482 910 1539 964 δὲ
1567 909 1841 980 διακρινό-

264 1023 426 1075 μενος
454 1004 548 1058 ὲάν
574 1005 748 1075 φάγῃ,
780 1004 1206 1074 κατακέκριται,
1235 1003 1316 1056 ὅτι
1341 1003 1441 1056 οὐκ
1463 1005 1526 1055 ἐκ
1548 1002 1833 1063 πίστεως.)

257 1124 327 1138 --
355 1115 374 1147 ι
407 1095 615 1168 Βρῶμα
639 1096 697 1149 δὲ
726 1097 877 1166 ἡμᾶς
904 1095 1209 1166 παρίστησι
1235 1095 1251 1135 ί
1288 1092 1366 1164 τῷ
1393 1092 1531 1163 Θεῷ.
1569 1091 1706 1145 Οὐτε
1732 1091 1840 1161 γὰρ

259 1188 357 1242 ἐὰν
406 1187 705 1257 φάγωμεν.
763 1189 1206 1257 περισσεύομεν,
1283 1184 1407 1238 οὐτε
1463 1184 1558 1239 ἐὰν
1613 1185 1688 1256 μὴ
1739 1185 1841 1253 φά-

258 1295 472 1348 γωμεν,
498 1277 877 1349 ὑστερούμεθα
898 1280 912 1329 l
932 1298 977 1331 ,ι
1018 1278 1129 1333 Καὶ
1158 1281 1186 1332 ὁ
1213 1279 1625 1348 Παροιμιαστής
1647 1294 1660 1310 ο
1704 1295 1723 1328 ι
1748 1276 1838 1347 Μὴ

256 1372 553 1443 ἀπατηθῇς
601 1373 913 1444 χορτασίᾳΙί
944 1372 1176 1435 κοιλίας.
1234 1373 1395 1443 Ψυχὴ
1428 1373 1539 1442 γὰρ
1599 1373 1655 1425 ἐν
1701 1371 1840 1441 πλη-

261 1468 438 1535 σμονῇ
470 1461 607 1518 οὖσα
629 1464 844 1535 κηρίοις
875 1465 1138 1535 ἐμπαίζει
1162 1463 1181 1502 ι
1204 1481 1215 1495 '
1252 1464 1401 1535 ψυχῇ
1432 1464 1488 1516 δέ
1519 1464 1704 1521 ἐνδεεῖ.
1742 1463 1840 1516 καὶ

251 1557 327 1610 τὰ
375 1556 552 1627 πικρά
607 1557 816 1625 γλυκέα
890 1557 1162 1627 φαίνεται.
1200 1575 1219 1609 ι
1281 1557 1341 1610 '0
1385 1556 1443 1609 δὲ
1495 1556 1835 1619 Ἀπόστολος,

254 1647 575 1718 καθαρίζων
606 1651 676 1703 τά
708 1649 995 1721 βρώματα,
1024 1649 1222 1720 φησιν⁶
1266 1666 1285 1699 ι
1318 1650 1385 1702 Ἀ
1416 1651 1444 1702 6
1469 1648 1600 1711 Θεὸς
1626 1647 1839 1702 ἔκτισεν

1941 546 2259 609 manducat,
2290 555 2349 602 et
2375 547 2580 617 gratias
2617 547 2728 618 agit
2752 547 2866 602 Deo
2906 549 2975 601 ".
3014 568 3032 601 ι
3065 549 3322 606 Rursus:
3358 571 3376 603 ι
3400 553 3527 610 Noli

1940 645 2170 706 propter
2216 637 2405 691 cibum
2463 635 2698 706 perdere
2737 651 2879 706 opus
2925 637 3023 691 Dei
3072 639 3141 693 η.
3175 658 3193 690 ι
3252 641 3525 697 lnducit:

1951 745 1970 778 ι
2000 726 2196 782 Omnia
2245 727 2471 797 quidem
2508 726 2734 791 munda,
2781 727 2878 781 sed
2930 728 3133 782 malum
3165 738 3271 789 est,
3302 740 3531 802 propter

1942 816 2340 871 offendiculum
2395 817 2733 871 manducare
2771 817 2838 870 ⁸³.
2880 836 2897 867 ι
2940 817 3008 871 Ει
3053 834 3066 871 :
3122 837 3138 867 ι
3177 818 3379 875 Beatus
3430 824 3527 893 qui

1943 922 2055 961 non
2101 907 2317 977 judicat
2349 908 2615 976 seipsum,
2664 908 2718 961 in
2755 923 2823 962 eo
2859 909 3004 977 quod
3039 909 3257 978 probat.
3291 911 3394 976 Qui
3427 929 3528 967 au-

1943 1004 2073 1051 tem-
2099 996 2390 1059 discernit,
2422 996 2467 1050 si
2493 996 2769 1060 comedat,
2816 997 3229 1051 damnationem
3266 999 3525 1067 incurrit,

1941 1089 2073 1158 quia
2125 1104 2237 1143 non
2269 1104 2337 1143 ex
2371 1088 2475 1143 fide
2511 1088 2578 1143 “.
2617 1108 2725 1141 ›-
2751 1107 2770 1140 ι
2815 1088 3207 1144 Verumtamen
3243 1106 3371 1146 esca
3424 1109 3529 1149 nos

1940 1178 2299 1234 commendat
2348 1178 2494 1244 Deo;
2546 1192 2728 1247 neque
2764 1177 2809 1231 si
2855 1177 3235 1241 comedamus,
3274 1178 3530 1235 abunda-

1941 1266 2149 1327 bimus.
2204 1282 2386 1336 neque
2421 1267 2466 1321 si
2503 1283 2615 1321 non
2666 1267 3095 1332 comederimus,
3133 1270 3318 1323 minus
3355 1270 3521 1327 habe-

1940 1356 2130 1411 bimus
2158 1358 2229 1412 ".
2258 1377 2276 1409 ι
2317 1358 2698 1413 Parcemiastes
2728 1376 2740 1410 :
2778 1378 2797 1409 ι
2824 1359 2903 1413 Ne
2927 1368 2980 1413 te
3002 1359 3246 1430 decipiat
3267 1361 3530 1417 saturitas

1944 1443 2179 1499 ventris.
2226 1444 2426 1499 Anima
2459 1447 2608 1500 enim
2640 1455 2828 1501 satura
2859 1448 3044 1502 illudit
3094 1449 3272 1516 favis;
3329 1453 3529 1507 animae

1942 1547 2129 1591 autem
2152 1536 2444 1603 esurienti,
2472 1537 2638 1592 etiam
2664 1554 2875 1602 amara,
2901 1540 3084 1595 dulcia
3110 1541 3372 1597 videntur
3403 1544 3469 1598 ".
3501 1563 3521 1597 ι

1940 1625 2240 1696 Apostolus
2295 1627 2599 1685 insinuans.
2624 1628 2838 1681 nullum
2874 1643 2984 1682 non
3025 1630 3135 1683 cibi
3186 1646 3361 1700 genus
3405 1647 3527 1688 esse

156 1750 165 1757 ’
254 1743 341 1805 εἰς
381 1717 686 1811 μετάληψιν
710 1717 719 1720 ⁷
743 1717 881 1812 μετά
919 1717 1277 1813 εὐχαριστίας
1306 1743 1418 1804 τοῖς
1443 1742 1688 1804 πιστοῖς,
1739 1742 1834 1794 καὶ

1943 1717 2234 1781 mundum,
2267 1717 2345 1771 ait
2377 1734 2392 1771 :
2444 1737 2464 1768 ι
2498 1717 2647 1785 Quos
2681 1720 2827 1773 Deus
2860 1721 3074 1775 creavit
3113 1722 3181 1775 ad
3217 1722 3529 1793 percipien-

253 1793 674 1900 ὲτζεὲνωᾷόσίἒιέ
700 1793 800 1900 τὴν
847 1793 1144 1902 ma...
1197 1793 1278 1887 εξ
1318 1793 1428 1886 πᾶν
1458 1793 1829 1902 maniam;

1940 1808 2071 1863 dum
2103 1825 2230 1864 cum
2284 1810 2588 1880 gratiarum
2642 1811 2862 1866 actione
2900 1811 3163 1868 ﬁdelibus
3197 1822 3257 1868 et
3306 1814 3375 1868 iis
3429 1815 3522 1883 qui

254 1922 426 1976 καλὸν
445 1963 460 1987 ,
507 1923 605 1976 καὶ
631 1922 783 1975 οὐδὲν
810 1922 1116 1994 ἀπόϐλητον
1148 1923 1288 1993 μετά
1314 1924 1668 1996 εὐχαριστίας
1693 1923 1831 1995 λαμ-

256 2012 582 2096 ϐανόμενον.
629 2012 948 2082 Ἀγιάζεται
996 2015 1106 2084 γὰρ
1161 2014 1456 2083 διὰ.λόγου
1510 2016 1602 2069 καὶ
1648 2015 1830 2070 ἐντεύ-

254 2103 417 2171 ξεως.
446 2124 465 2157 ι
508 2104 640 2167 Καὶ,
685 2123 703 2156 ι
726 2105 918 2159 Πάντα
945 2104 1161 2175 καθαρά
1187 2107 1300 2168 τοῖς
1331 2104 1613 2177 καθαροῖς.
1641 2126 1658 2158 ι
1697 2108 1829 2173 Καὶ,

259 2213 279 2247 ί
316 2195 414 2258 Εἰς
452 2194 513 2248 τδ
557 2196 752 2262 φαγεῖν
788 2194 1058 2265 ἀλλήλους
1085 2195 1401 2265 ἐκδέχεσθε.
1430 2214 1450 2248 ι
1487 2197 1709 2267 Φησὶδέ
1738 2198 1833 2250 καὶ

249 2285 280 2336 6
302 2284 469 2352 νόμος
485 2300 499 2314 ο
535 2302 553 2335 ι
579 2281 778 2352 Φαγὼν
803 2285 899 2337 καὶ
928 2283 1288 2354 ἐμπλησθεὶς,
1313 2285 1607 2356 εὐλόγησον
1630 2288 1833 2357 Κύριον

248 2374 347 2427 τὸν
373 2374 506 2427 Θεόν
542 2391 659 2428 σου.
695 2391 713 2426 ι
770 2375 883 2428 Καὶ
931 2376 960 2428 6
996 2375 1163 2430 Aa6l6
1212 2377 1555 2448 εὐχαριστῶν
1605 2378 1791 2445 ἔλεγεν
1815 2393 1829 2407 ο

258 2484 279 2518 ι
314 2466 568 2529 Ἐδωκας
612 2466 958 2538 εὐφροσύνην
1014 2469 1094 2531 είς
1137 2469 1238 2539 τὴν
1280 2469 1509 2540 καρδίαν
1552 2487 1690 2540 μου,
1727 2470 1834 2523 ἀπὸ

251 2554 475 2623 καρποῦ
534 2554 685 2608 σίτου
742 2556 840 2608 καὶ
879 2556 1025 2610 οίνου
1059 2557 1154 2610 καὶ
1185 2557 1393 2612 ἐλαίου.
1426 2576 1445 2610 ι
1490 2558 1599 2611 Καὶ
1630 2559 1793 2611 πάλιν
1816 2575 1830 2590 ⁸

258 2661 278 2696 ι
311 2644 438 2697 Ὀτι
469 2644 732 2714 ἐχόρτασε
764 2645 943 2716 ψυχὴν
971 2644 1135 2715 κενὴν
1154 2685 1168 2710 ,
1222 2646 1319 2700 καὶ
1348 2645 1527 2717 ψυχὴν
1558 2646 1833 2701 πεινῶσαν

247 2732 557 2802 ἐνέπλησεν
577 2733 820 2802 ἀγαθῶν.
836 2752 855 2786 ι
879 2734 937 2787 ὐ
953 2734 1008 2787 δέ
1030 2734 1234 2799 ἀγαθὸς
1254 2734 1477 2804 Κύριος,
1500 2735 1669 2789 θέλων
1691 2736 1836 2807 ἡμᾶς

257 2820 695 2896 μτριοφρονεῖν,
717 2824 883 2895 φησίν
902 2842 917 2857 ο
945 2844 964 2878 r
991 2826 1160 2880 Ὅταν
1189 2825 1456 2897 καθίσῃςι³
1483 2828 1560 2891 είς
1588 2826 1832 2897 ἄριστον,

258 2916 339 2985 μὴ
367 2916 705 2986 κατακλιθῇς
734 2917 816 2980 είς
843 2916 1246 2987 πρωτοκλισίαν
1268 2956 1283 2983 ,
1351 2919 1425 2988 μή
1460 2935 1588 2971 ποτε
1618 2920 1831 2988 ἐντιμό-

254 3005 419 3076 τερός
450 3021 544 3058 σου
644 3006 978 3075 κεκλημένος
1014 3007 1108 3060 ὐπ’
1138 3006 1310 3061 αὐτοῦ
1336 3024 1351 3038 ο
1390 3008 1486 3061 καὶ
1517 3008 1684 3061 ἐλθὼν
1718 3011 1746 3061 6
1775 3009 1836 3062 σέ

1937 1907 2286 1969 agnoverunt
2332 1899 2654 1966 veritatem,
2703 1901 2835 1969 quia
2887 1902 3070 1956 omnis
3122 1912 3379 1957 creatura
3427 1905 3526 1960 Dei

1938 1986 2083 2043 bona
2133 1998 2239 2054 est,
2296 1999 2350 2044 et
2405 1991 2544 2047 nihil
2596 1992 2993 2062 abjiciendum,
3045 1993 3193 2062 quod
3243 2010 3369 2049 cum
3398 2011 3529 2066 gra-

1941 2080 2147 2134 tiarum
2198 2082 2417 2136 actione
2472 2082 2762 2136 sumitur:
2807 2083 3188 2138 sanctiticatur
3220 2085 3366 2139 enim
3426 2101 3528 2156 per

1939 2172 2172 2226 verbum
2195 2172 2293 2226 Dei
2321 2182 2376 2226 et
2402 2173 2710 2228 orationem
2737 2174 2805 2227 ⁸⁷.
2848 2166 2976 2228 »Ἐι
3008 2191 3022 2228 :
3051 2194 3067 2226 ι
3090 2173 3286 2230 Omnia
3319 2176 3525 2232 munda

1939 2265 2166 2319 mundis
2196 2266 2263 2321 ".
2299 2284 2318 2317 ι
2357 2267 2426 2320 Ει
2459 2283 2475 2321 :
2518 2286 2535 2317 ι
2568 2266 2650 2320 Ad
2690 2266 3133 2320 manducandum
3162 2267 3398 2322 invicem
3426 2283 3528 2323 ex-

1941 2364 2191 2426 spectate
2242 2358 2308 2411 ".
2354 2376 2374 2408 ›
2425 2356 2538 2426 Lex
2574 2357 2847 2427 insuper:
2896 2377 2914 2408 ι
2948 2358 3088 2412 Dum
3129 2359 3438 2415 comederis
3464 2366 3527 2415 et

1935 2457 2213 2503 saturatus
2233 2449 2425 2513 fueris,
2442 2449 2759 2504 benedicito
2773 2448 3066 2503 Dominum
3085 2450 3254 2504 Deum
3276 2459 3430 2506 tuum
3446 2452 3518 2506 ¹.›

1934 2540 2130 2601 David,
2156 2541 2267 2594 Deo
2287 2542 2611 2610 neutiquam
2674 2541 2960 2611 ingratus:
2991 2561 3009 2592 ι
3043 2543 3277 2607 Dedisti,
3313 2543 3519 2612 inquit,

1934 2631 2181 2687 laetitiam
2206 2631 2263 2686 in
2294 2633 2460 2687 corde
2488 2648 2628 2695 meo.
2663 2648 2692 2687 a
2723 2632 2907 2687 fructu
2935 2633 3202 2689 frumenti
3227 2634 3411 2690 etolei
3432 2637 3516 2692 ³.»

1936 2724 2141 2791 Iterum
2182 2742 2195 2779 :
2239 2744 2257 2777 ι
2284 2724 2432 2793 'Quia
2492 2727 2717 2781 satiavit
2740 2728 2983 2782 animam
3008 2728 3251 2795 inanem,
3302 2739 3360 2785 et
3391 2730 3521 2785 ani-

1940 2830 2084 2872 mam
2117 2818 2457 2873 esurientem
2480 2819 2748 2873 saturavit
2772 2819 2936 2874 bonis
2959 2821 2999 2873 ³.
3023 2839 3043 2872 ι
3079 2820 3324 2890 Cupiens
3353 2837 3525 2891 porro

1938 2907 2229 2977 Dominus,
2255 2910 2492 2967 modesti
2523 2921 2581 2964 ut
2613 2911 2787 2967 simus
2825 2927 2890 2967 ac
2917 2911 3060 2983 frugi
3091 2913 3366 2976 homines,
3401 2914 3480 2967 ait
3506 2932 3521 2968 :

1947 3019 1966 3053 ι
2006 2993 2238 3067 Quando
2275 3003 2542 3057 invitatus
2589 3003 2763 3057 fueris
2807 3003 2875 3057 ad
2946 3005 3263 3073 prandium,
3309 3020 3379 3059 ne
3428 3020 3525 3061 eas

256 3097 358 3150 καὶ
408 3098 619 3150 ἐκεῖνον
664 3096 903 3161 καλέσας
928 3137 942 3163 ,
993 3096 1112 3168 ἐρεῖ
1146 3113 1266 3150 σοι’
1313 3099 1413 3161 Δὸς
1445 3098 1621 3170 τούτῳ
1651 3100 1832 3166 τόπον,

1942 3092 2284 3148 discubitum
2319 3094 2374 3147 in
2414 3094 2589 3164 primo
2615 3096 2891 3161 accubitu,
2930 3112 3000 3150 ne
3023 3096 3165 3151 forte
3198 3097 3525 3152 honoratior

253 3188 354 3241 καὶ
402 3188 525 3241 τότε
582 3186 721 3259 ἄρξῃ
778 3189 898 3258 μετ’
940 3188 1207 3258 αίσχύνης
1260 3190 1351 3243 τὸν
1404 3189 1632 3260 ἔσχατον
1679 3193 1842 3247 τόπον

258 3279 537 3350 μετέχειν.
602 3279 744 3332 Ἀλλ’
788 3280 917 3347 ὅταν
965 3280 1337 3351 κατακλιθῇς,
1391 3282 1679 3353 πορευθεὶς
1713 3284 1843 3338 ἀνά-

173 3405 187 3417 .
257 3387 397 3423 πεσε
452 3372 531 3433 είς
577 3372 669 3424 τὸν
725 3370 954 3442 ἔσχατον
993 3372 1194 3436 τόπον,
1250 3372 1315 3425 ἵν’
1345 3372 1474 3425 ὅταν
1538 3372 1666 3445 ἔλθῃ
1696 3376 1842 3428 όκε-

254 3460 480 3531 κληκώς
508 3479 591 3527 σε,
629 3463 757 3536 εἴπῃ
794 3480 876 3516 σοι
901 3479 916 3495 ⁶
939 3462 1067 3516 Φίλε
1085 3503 1100 3528 ,
1137 3463 1516 3535 προσανάϐηθι
1546 3463 1838 3535 ἀνώτερον.

255 3554 394 3605 Τότε
450 3553 606 3607 ἔσται
654 3570 737 3607 σοι
778 3552 905 3618 δόξα
949 3552 1184 3606 ἐνώπιον
1219 3556 1439 3607 πάντων
1469 3553 1578 3607 τῶν
1609 3570 1839 3608 συνανα-

253 3642 529 3712 κειμένων
580 3659 663 3696 σοι
688 3638 729 3706 ,’
758 3644 841 3696 ὅτι
872 3643 979 3705 πᾶς
1011 3644 1039 3695 6
1071 3642 1221 3712 ὑψῶν
1250 3641 1467 3708 ἐαυτὸν,
1499 3642 1840 3713 ταπεινωθή-

255 3751 414 3787 σεται
435 3773 453 3801 ,
506 3736 603 3788 καὶ
637 3735 664 3786 6
692 3733 971 3787 ταπεινῶν
1003 3734 1219 3798 ἑαυτὸν,
1258 3732 1628 3801 ὑψωθήσεται.
1659 3751 1679 3785 ι
1730 3734 1840 3786 Καὶ

252 3824 431 3880 ταῦτα
462 3825 563 3895 μὲν
596 3826 678 3887 είς
704 3826 922 3878 σύνεσιν
950 3825 1045 3878 καὶ
1070 3823 1344 3892 ὠφέλειαν
1372 3825 1552 3878 ἱκανά.
1581 3822 1762 3878 Καλὸν
1781 3823 1839 3876 δὲ

254 3918 353 3971 καὶ
382 3917 790 3987 ἐπιμνησθῆναι
823 3916 920 3970 καὶ
946 3918 1040 3970 τοῦ
1074 3916 1218 3971 Ἰὼϐ.
1270 3915 1411 3986 Φησὶ
1442 3916 1552 3987 γάρ
1574 3932 1589 3946 ο
1643 3934 1662 3967 ι
1693 3915 1758 3969 Et
1782 3914 1837 3967 δὲ

255 4009 355 4063 καὶ
383 4008 477 4062 τὸν
507 4009 703 4080 ψωμὸν
737 4009 898 4079 μόνος
928 4010 1156 4078 ἔφαγον,
1189 4010 1284 4063 καὶ
1315 4009 1440 4079 οὐχὶ
1463 4007 1686 4079 ὀρφανῷ
1712 4025 1838 4078 μετ-

252 4100 467 4166 έδωκα,
520 4101 604 4154 ὅτι
634 4103 701 4155 ἐκ
728 4101 984 4170 νεότητός
1016 4119 1118 4172 μου
1148 4100 1546 4172 ἐξέτρεςρονιὼς
1574 4103 1777 4171 πατήρ.
1812 4118 1831 4153 ›

251 4192 370 4245 Καὶ
406 4191 568 4244 πάλιν
612 4192 641 4243 6
672 4190 878 4260 Κύριος
902 4207 915 4221 ·
976 4209 993 4242 ι
1026 4192 1199 4246 Ὅταν
1249 4194 1375 4262 ποιῇ
1408 4190 1632 4262 ἄριστον
1664 4191 1697 4263 ἢ
1729 4191 1836 4244 δεῖ-

252 4297 410 4347 πνον,
442 4281 518 4351 μὴ
545 4280 713 4351 φώνει
738 4281 867 4344 τοὺς
895 4280 1084 4349 φίλους
1109 4298 1227 4345 σου,
1257 4281 1393 4351 μηδὲ
1415 4282 1543 4344 τοὺς
1564 4280 1833 4349 ἀδελφούς

252 4388 376 4433 σου,
412 4370 547 4440 μηδέ
573 4372 699 4433 τοὺς
728 4374 1014 4440 συγγενεῖς
1044 4387 1161 4435 σου,
1212 4371 1347 4442 μηδὲ
1395 4371 1648 4438 γείτονας
1699 4369 1836 4442 πλη-

1946 3190 1998 3238 te
2049 3185 2237 3238 veniat
2286 3185 2550 3239 invitatus
2603 3185 2673 3239 ab
2709 3186 2824 3247 illo,
2862 3196 2920 3241 et
2981 3187 3212 3241 veniens
3244 3187 3343 3257 qui
3377 3196 3427 3242 te
3466 3196 3523 3241 et

1943 3275 2101 3331 illum
2155 3276 2432 3339 invitavit,
2487 3276 2635 3330 dicat
2694 3276 2839 3329 tibi:
2898 3277 2975 3331 Da
3016 3277 3149 3332 huic
3193 3278 3403 3344 locum,
3463 3287 3521 3333 et

1943 3374 2077 3420 tunc
2104 3366 2375 3436 incipies
2396 3382 2521 3420 cum
2567 3367 2777 3436 pudore
2826 3369 3191 3423 novissimum
3223 3371 3402 3424 locum
3435 3378 3520 3424 te-

1947 3474 2099 3513 nere.
2130 3458 2236 3512 Sed
2289 3474 2415 3512 cum
2464 3459 2728 3517 invitatus
2780 3460 2976 3526 fueris,
3035 3460 3197 3526 vade,
3234 3461 3519 3516 dismmbe

1944 3548 2002 3602 in
2030 3547 2334 3623 novissimo
2370 3549 2513 3611 loco,
2539 3557 2600 3602 ut
2621 3564 2745 3602 cum
2776 3553 2994 3605 venerit
3020 3554 3115 3621 qui
3153 3561 3203 3606 te
3236 3552 3509 3612 invitavit.

1942 3640 2091 3694 dicat
2132 3639 2279 3693 tibi:
2316 3640 2526 3702 Amice,
2574 3641 2808 3695 ascende
2859 3644 3135 3712 superius.
3197 3644 3353 3700 Tunc
3409 3646 3518 3701 erit

1944 3732 2047 3787 tibi
2102 3731 2274 3802 gloria
2325 3746 2510 3786 coram
2546 3730 2805 3786 omnibus
2858 3733 2958 3787 tibi
3010 3734 3515 3800 aceumbentibus;

1939 3823 2068 3893 quia
2117 3822 2300 3878 omnis
2356 3823 2451 3892 qui
2510 3836 2569 3877 se
2614 3823 2838 3885 exaltat,
2876 3823 3287 3891 liumiliabitur,
3323 3835 3380 3880 et
3419 3829 3515 3894 qui

1943 3929 2001 3969 se
2057 3912 2336 3977 bumiliat,
2383 3913 2714 3968 exaltabitur
2739 3913 2782 3967 ι.
2818 3932 2837 3965 ι
2878 3914 2947 3968 Ει
2973 3914 3090 3969 haec
3122 3915 3345 3984 quidem
3376 3932 3515 3984 qua-

1942 4015 2105 4060 tenus
2147 4006 2217 4060 ad
2255 4006 2674 4077 intelligentiam
2708 4021 2775 4061 ac
2821 4007 3106 4077 spirituale
3163 4008 3516 4065 commodum

1943 4098 2165 4161 attinet,
2203 4097 2338 4152 satis
2383 4097 2512 4152 sint.
2544 4098 2665 4152 Non
2713 4098 3128 4155 dissentaneum
3179 4098 3349 4154 fuerit
3394 4115 3515 4155 me-

1938 4192 2173 4245 minisse
2201 4191 2490 4265 sententia:
2531 4190 2681 4245 illius
2707 4191 2851 4246 Job:
2894 4210 2912 4241 ε
2941 4190 3098 4256 Quod
3134 4191 3180 4246 si
3204 4190 3512 4247 buccellam

1940 4298 2120 4337 meam
2155 4282 2306 4337 solus
2357 4282 2594 4346 comedi,
2629 4289 2685 4337 et
2721 4298 2834 4338 non
2882 4283 3155 4353 pupillum
3187 4283 3513 4354 participem

1936 4373 2065 4439 feci,
2116 4374 2375 4443 quoniam
2407 4374 2476 4428 ab
2508 4373 2882 4431 adolescentia
2933 4390 3054 4429 mea
3084 4377 3104 4407 ⁵
3139 4375 3380 4429 enutrivi
3444 4384 3507 4430 ut

238 4461 409 4527 ,σίονο
439 4479 556 4528 σου,
593 4465 803 4534 μήποτε
834 4463 927 4517 καὶ
954 4462 1109 4516 αὐτοί
1147 4479 1212 4516 σε
1269 4462 1693 4528 ἀντικαλέσωσι,
1736 4464 1831 4517 καὶ

1940 4466 2149 4535 pater“.
2177 4485 2194 4513 ι
2220 4464 2447 4528 lterum,
2479 4466 2775 4520 Dominus:
2808 4465 2983 4521 «Cum
3008 4465 3203 4521 feceris
3217 4466 3512 4536 prandium

250 4552 485 4623 γένηταί
530 4569 614 4606 σοι
647 4554 1018 4623 ἀνταπόδομα.
1080 4553 1380 4608 Ἀλλ”ὂταν
1435 4557 1597 4625 ποιῇς
1644 4554 1829 4626 δοχὴν,

250 4642 415 4698 κάλει
452 4645 721 4713 πτωχοὺς,
777 4645 1118 4716 ἀναπήρους,
1156 4644 1385 4716 χωλοὺς,
1415 4644 1683 4713 τυφλοὺς,
1733 4647 1832 4701 καὶ

255 4736 530 4808 μακάριος
579 4733 708 4806 ἔσῃ,
762 4736 845 4788 ὅτι
894 4737 997 4789 οὐκ
1043 4735 1260 4807 ἔχουσιν
1301 4735 1695 4793 ἀνταποδοῦναί
1724 4748 1828 4791 σοι’

252 4824 758 4895 ἀνταποδοθήσεται
792 4825 851 4879 δέ
885 4843 988 4893 σοι,
1024 4829 1081 4881 ἐν
1132 4830 1200 4898 τῇ
1248 4826 1546 4881 ἀναστάσει
1594 4827 1706 4882 τῶν
1756 4827 1837 4882 δι-

253 4914 452 4982 καίων,
498 4916 648 4986 παρὰ
703 4917 798 4971 τοῦ
847 4916 1050 4971 Θεοῦ.»
1093 4919 1253 4990 Αὐτῷ
1301 4921 1336 4991 ἡ
1382 4918 1509 4985 δόξα
1568 4922 1651 4983 είς
1708 4920 1835 4981 τοὺς

254 5007 482 5068 αἰῶνας.
528 5006 720 5076 Ἀμήν.

1936 4566 2032 4610 aut
2079 4570 2319 4620 cmnam,
2369 4571 2438 4611 ne
2494 4557 2778 4612 vocaveris
2826 4557 3036 4628 1032
3087 4557 3294 4613 amicos
3364 4565 3512 4623 tuos,

1941 4661 2126 4715 neque
2156 4644 2356 4702 fratres
2387 4653 2531 4712 tuos,
2559 4662 2739 4717 neque
2766 4656 3048 4718 cognatos,
3081 4662 3261 4717 neque
3298 4647 3514 4702 vicinos

1943 4737 2168 4803 divites,
2209 4753 2281 4793 ne
2317 4737 2460 4794 forte
2493 4747 2551 4794 et
2602 4740 2707 4810 ipsi
2723 4739 3038 4795 .reinvitent
3071 4747 3124 4793 te
3176 4737 3364 4794 etfiat
3414 4738 3514 4794 tibi

1950 4828 2286 4896 retributio;
2340 4828 2702 4900 sedquando
2756 4829 2956 4885 feceris
2989 4828 3327 4893 convivium,
3379 4842 3514 4884 voca

1934 4934 2233 4990 pauperes,
2271 4919 2511 4989 debiles,
2541 4922 2792 4985 claudos,
2830 4936 3042 4988 caecos;
3073 4929 3135 4976 et
3153 4921 3352 4976 beatus
3379 4920 3512 4985 eris,

1932 5012 2068 5082 quia
2106 5026 2219 5067 non
2270 5012 2479 5068 habent
2521 5014 2835 5069 retribuere
2873 5013 3003 5077 tibi;
3043 5011 3388 5068 retribuetur
3418 5026 3518 5066 au.

260 5112 369 5157 tem
404 5098 503 5153 tibi
528 5097 586 5151 in
612 5101 1315 5172 resurrectionejustorum
1366 5108 1411 5158 ν.
1449 5121 1469 5156 ι
1513 5103 1623 5174 Ipsi
1653 5102 1827 5174 gloria
1866 5104 1925 5159 in
1967 5104 2191 5160 saecula.
2224 5103 2419 5159 Amen.

331 5238 804 5315 '°ngm.;_w_._§.
882 5232 1179 5307 "animo.
1253 5248 1454 5305 "ibid.
1505 5246 1593 5305 ης.
1666 5247 1835 5302 "ibit

1940 5247 2034 5304 20.
2120 5247 2168 5282 ”
2191 5249 2323 5306 ibid.
2352 5249 2445 5315 22,
2501 5248 2590 5305 23.
2668 5249 2715 5282 ⁸⁸
2748 5249 2768 5303 Ι
2800 5247 2925 5303 Car.
2956 5262 3070 5310 vm.
3096 5246 3151 5301 8.
3228 5247 3276 5280 ⁹⁶
3348 5246 3509 5303 Prov.

257 5325 430 5372 cxvu,
472 5310 522 5365 7.
600 5311 645 5343 "’
679 5310 864 5370 lTim.
898 5331 970 5377 Iv,
1014 5317 1110 5373 3-5

1181 5320 1227 5352 ’⁸
1258 5317 1368 5374 Tit.
1398 5336 1435 5385 ι,
1462 5317 1548 5376 l5.
1626 5321 1713 5374 ’Ἰ
1749 5318 1835 5372 Cm

1940 5335 1987 5384 ηι,
2017 5320 2105 5374 35.
2189 5322 2206 5352 ¹
2233 5321 2390 5377 Deut.
2429 5336 2543 5380 vrn.
2573 5318 2660 5375 Ιθ.
2755 5322 2777 5353 ⁸
2804 5319 2945 5373 Psal.
2980 5333 3054 5380 Iv.
3093 5316 3145 5380 7,
3179 5318 3231 5374 8.

3327 5318 3355 5351 ³-
3370 5318 3511 5373 PSH.

260 5379 456 5463 γρηῦ.
533 5381 553 5410 ⁸
586 5380 855 5463 L:I_c._xrv,
887 5384 1045 5463 _8-_‘li.
1122 5390 1143 5420 ⁸
1175 5379 1468 5463 ἐξέτρεφον
1491 5390 1568 5456 ὠς
1604 5389 1807 5460 πατὴρ,

1940 5422 1942 5434 ι
1972 5379 2079 5457 quo
2114 5388 2274 5463 Vulg.
2307 5379 2600 5461 grandiv’it,
2625 5390 2882 5455 adolevit,
2947 5379 3048 5444 vel
3082 5379 3244 5444 crevit
3292 5404 3516 5445 mecum.

257 5453 278 5480 ι
305 5447 412 5502 Job
442 5463 588 5515 χιιι,
620 5451 706 5514 t7,
730 5447 849 5507 ns.‘
887 5456 906 5486 τ
936 5455 1068 5515 Luc.
1103 5447 1421 5527 xw,'1a'.ti.

1550 5545 1789 5602 vanu;
1822 5545 2223 5601 LECTIONES.
2336 5510 2343 5516 ’

339 5640 356 5679 ί
393 5654 469 5690 πα
479 5634 763 5706 ραστήσερι.

258 5677 506 5764 σκουσιῘ
550 5714 578 5742 ’³
601 5677 827 5773 κληθῇς.
905 5711 925 5732 ⁰
950 5677 1255 5769 πλοίύσίῖυς,

863 5630 876 5682 i
909 5634 1260 5709 ὑστεροῦμεν.
1339 5637 1361 5677 ιι
1391 5639 1673 5709 χορτάσαι.
1763 5636 2076 5708 Ιέμπαίξει,
2119 5636 2324 5691 rectius
2354 5647 2539 5693 nostra
2572 5635 2766 5701 edilio,
2802 5632 3048 5689 (αιεαὺὲΐο

3193 5639 3234 5668 ιιι
3263 5628 3524 5701 ἐπιγινώ-
