4054 6312
611 333 748 397 1543
1886 332 2253 394 ANTIOCHI
2288 331 2635 396 MONACHI
3772 337 3909 401 1446

1190 446 1478 504 HOMILIA
1529 447 1619 503 IV.
2223 459 2269 510 Α

2223 459 2269 510 Δ
2923 447 3145 502 ΛΟΓΟΣ
3176 450 3248 501 Δ’.

874 559 948 615 De
995 560 1260 616 edacitate
1310 562 1420 615 sive
1448 561 1646 615 ventris
1682 560 1932 632 ingluvie.

1819 562 1932 616 wie.
2756 563 2893 632 Περὶ
2921 562 3420 632 γαστριμαργίας.

677 692 826 748 Nulli
884 706 996 745 non
1047 692 1337 746 hominum
1393 693 1645 761 apprime
1707 695 2085 751 necessarium
2123 697 2195 749 sit

2366 698 2509 750 Πᾶσι
2540 695 2638 767 μὲν
2665 697 2962 761 ἀναγκαῖον
2988 695 3107 748 ἐστι
3133 694 3195 747 τὸ
3221 693 3520 769 βιάζεσθαι
3541 696 3646 748 καὶ
3666 697 3902 767 κρατεῖν

605 784 718 838 vim
765 783 975 837 inferre
1010 782 1224 837 ventris
1265 782 1553 846 edacitati,
1599 799 1833 854 eamque
1870 788 2020 857 justa
2057 797 2195 842 tem-

2294 787 2553 859 γαστρός.
2614 787 2868 842 Μάλιστα
2896 787 2953 840 δὲ
2986 789 3102 851 τοῖς
3134 778 3256 856 Θεῷ
3283 786 3572 841 δουλεύειν
3619 788 3895 842 ἐθέλουσι..

605 875 763 945 perie
810 874 1141 928 moderari:
1185 874 1242 927 in
1300 875 1497 944 primis
1545 884 1730 931 tamen
1783 892 1879 933 eos
1932 877 2190 946 addecet,

2295 880 2475 934 Καλὸν
2503 880 2615 952 γάρ
2643 882 2763 933 ἐστι
2795 881 2904 934 πᾶν
2936 879 3141 951 μέτρον
3169 881 3423 951 ἄριστον,
3455 880 3532 932 Τὸ
3553 880 3615 933 δὲ
3643 880 3896 951 ἀσχέτως

603 966 811 1037 quibus
866 979 1015 1020 curae
1058 974 1147 1020 est
1190 967 1283 1035 pia
1328 967 1603 1022 servitute
1629 969 1815 1024 colere
1849 970 2045 1024 Deum.
2078 971 2192 1025 Ho-

2294 971 2532 1037 ἐσθίειν,
2588 972 2734 1025 ἔοικε
2780 970 2871 1042 νηῒ
2914 971 3440 1043 ὑπερφορτουμένη.
3483 971 3559 1024 Τὸ
3583 971 3701 1042 γὰρ
3732 971 3895 1040 σῶμα

602 1069 826 1112 nestum
884 1073 1018 1112 sane
1067 1057 1141 1112 sit
1174 1058 1467 1128 prandium
1504 1075 1668 1115 omne
1720 1060 1859 1115 illud
1887 1061 2038 1131 quod
2069 1077 2191 1116 mo-

2297 1065 2502 1135 τροφῆς
2553 1064 2757 1128 δεῖται,
2806 1064 2869 1116 οὐ
2933 1063 3180 1134 τρυφῆς·
3236 1062 3571 1130 ὀλιγοδείας,
3635 1064 3699 1116 οὐ
3760 1062 3898 1133 πλη-

601 1150 797 1205 derata
865 1150 1192 1221 transigitur
1235 1151 1571 1221 quantitate.
1638 1153 1774 1207 Nam
1828 1154 1967 1209 citra
2022 1155 2191 1208 ullam

2295 1157 2502 1226 σμονῆς
2525 1173 2539 1187 ·
2570 1156 2903 1226 αὐταρκείας
2925 1193 2941 1217 ,
2991 1155 3054 1208 οὐ
3104 1154 3483 1216 πολυτελείας.
3539 1156 3609 1207 Δί
3650 1155 3758 1223 μὲν
3786 1155 3895 1224 γὰρ

602 1242 934 1309 temperiem
970 1257 1036 1296 ac
1064 1243 1338 1297 irretentc
1368 1244 1733 1299 suﬂ’arcinare
1759 1254 2015 1300 ventrem
2054 1246 2194 1301 edu-

2294 1250 2389 1302 καὶ
2437 1248 2501 1301 τὸ
2551 1247 2715 1318 σῶμα
2763 1248 2862 1301 καὶ
2910 1247 3008 1318 τὴν
3053 1245 3235 1317 ψυχὴν
3279 1244 3623 1314 ὠφελοῦσιν,
3672 1246 3890 1314 ὑγείαν,

601 1332 736 1395 liis,
787 1346 1057 1401 perquam
1111 1332 1295 1387 simile
1349 1342 1439 1388 est
1493 1334 1622 1388 navi
1671 1349 1842 1389 onere
1892 1335 2190 1391 immodico

2294 1342 2390 1395 ml.
2435 1339 2664 1411 ῥώμην,
2719 1340 2815 1393 ml.
2862 1338 3079 1404 εὐεξίαν
3128 1339 3453 1391 τίκτουσαι·
3504 1339 3563 1389 al
3600 1338 3682 1401 δὲ,
3720 1338 3893 1407 ἄμφω

602 1424 938 1495 ἀθετενειεε,
969 1439 1082 1493 quo
1125 1425 1280 1479 velut
1307 1440 1574 1495 oppressa
1621 1427 1778 1480 nullo
1828 1427 2054 1498 negotio
2083 1444 2189 1482 un-

2294 1433 2780 1498 καταϐλάπτουσι,
2843 1430 2906 1484 οὐ
2978 1430 3145 1500 μόνον
3202 1428 3304 1501 τὴν
3354 1429 3573 1498 ὑγίειαν
3640 1428 3892 1498 διαφθεί-

602 1518 757 1573 dosis
778 1516 1042 1571 ﬂuctibus
1074 1517 1423 1588 immergitur
1458 1527 1515 1573 et
1546 1519 1838 1585 pessumit.
1864 1520 1935 1574 Et
1963 1520 2191 1590 quidem

2298 1542 2512 1595 ρουσαι,
2537 1523 2677 1578 ἀλλά
2702 1524 2798 1577 καὶ
2826 1523 3115 1591 νοσήματα
3141 1520 3545 1592 ἀργαλεώτατα
3564 1520 3887 1575 ὠδίνουσαι.

601 1624 811 1679 corpus
861 1609 1124 1663 alimonia
1153 1619 1299 1679 eget,
1342 1626 1451 1664 non
1510 1611 1642 1665 item
1692 1611 2037 1681 cupediariis
2070 1613 2191 1667 lau-

2306 1616 2608 1682 ’Δπόδειξις
2637 1615 2695 1667 δὲ
2725 1614 2901 1684 σαφὴς
2930 1613 2991 1666 τὸ
3015 1613 3144 1679 τοῦς
3168 1612 3268 1683 τὴν
3290 1612 3603 1680 ὀλιγόδειαν
3657 1611 3889 1668 καταιδε-

605 1702 786 1772 tisque
818 1700 1044 1755 ferculis
1077 1701 1281 1768 quibus
1323 1716 1383 1756 se
1416 1700 1484 1756 ad
1517 1703 1861 1772 voluptatem
1911 1703 2109 1779 invitet
2134 1712 2191 1759 et

2293 1710 2559 1780 χομένους
2585 1709 2831 1778 ἀσκητάς
2864 1707 3068 1778 μᾶλλον
3094 1704 3205 1761 τῶν
3232 1704 3584 1776 ἁϐροδίαιτον
3609 1704 3888 1774 ἑλομένων

604 1795 789 1851 satiet.
837 1792 1105 1847 Ciborum
1152 1792 1443 1865 frugalitas
1499 1794 1578 1849 illi
1636 1798 2024 1865 opportunior,
2076 1814 2189 1852 non

2294 1802 2430 1872 βίον,
2469 1801 2563 1853 καὶ¹
2612 1800 3037 1868 συνετωτέρους,
3089 1796 3188 1850 καὶ⁵
3236 1792 3750 1865 σωφρονεστέρους,
3796 1794 3886 1846 καὶ

603 1886 883 1942 inammna
941 1886 1189 1941 satietas.
1239 1885 1441 1939 Edulio
1482 1900 1643 1956 opus,
1705 1886 1856 1955 quod
1911 1889 2045 1943 satis
2093 1889 2184 1955 sit,

2293 1892 2695 1963 ὑγιεινοτέρους
2715 1886 2857 1943 εἶναι
2872 1890 2961 1942 ὀὐ
2991 1889 3153 1960 μόνον
3170 1887 3230 1942 δὲ
3248 1887 3429 1952 τοῦτο,
3443 1886 3584 1939 ἀλλά
3612 1885 3713 1940 καὶ
3738 1885 3889 1939 ἐλατ-

603 1990 715 2029 non
760 1978 893 2029 item
924 1975 1055 2028 luxu
1086 1973 1401 2044 profusiore
1436 1974 1531 2044 qui
1577 1984 1730 2028 artus
1757 1974 2032 2029 collutilet
2063 1990 2189 2029 cor-

2290 1987 2374 2038 τοῖ
2404 1984 2473 2037 τὰ
2521 1982 2671 2053 πάθη
2707 1983 2735 2034 6
2776 1980 2997 2052 κρατῶν
3028 1978 3289 2049 γαστρός.
3330 1978 3390 2031 Ὀ
3428 1977 3538 2048 γὰρ
3564 1976 3886 2047 ἡττώμενος

602 2067 777 2138 poris.
825 2067 923 2121 Illa
973 2065 1249 2136 siquidem
1282 2066 1423 2119 mire
1469 2066 1629 2137 juvat
1675 2076 1732 2121 et
1759 2083 1964 2138 corpus
1990 2078 2047 2123 et
2073 2069 2190 2123 ani-

2293 2076 2580 2148 βρώμασιν
2614 2075 2767 2141 αῦξει
2798 2073 2901 2137 τὰς
2930 2071 3152 2140 ἡδονάς·
3188 2070 3380 2140 ὥσπερ
3404 2070 3514 2139 γὰρ
3547 2068 3686 2133 ξύλα
3713 2068 3885 2123 πολλὰ

603 2174 770 2223 mam,
799 2159 1005 2229 quippe
1038 2174 1162 2228 quae
1210 2159 1535 2228 sospitatem
1567 2160 1715 2230 parit
1744 2161 1990 2231 corpori,
2020 2161 2192 2216 robur

2295 2168 2540 2237 μεγάλην
2568 2167 2779 2238 ἐγείρει
2808 2165 3008 2235 φλόγα,
3035 2162 3180 2217 οὕτω
3210 2163 3307 2217 καὶ
3334 2161 3540 2231 πλῆθος
3570 2162 3884 2234 βρωμάτων

604 2248 919 2308 confirmat,
949 2257 1008 2302 et
1048 2247 1436 2304 habitudinem
1464 2249 1621 2304 addit
1654 2249 1886 2320 pulchre
1915 2260 2191 2321 tempera-

2290 2259 2497 2328 ἐγείρει
2522 2269 2549 2308 P
2587 2258 2909 2328 ἐπιθυμίαν.
2944 2255 3013 2309 Ἦ
3043 2253 3154 2307 τῶν
3185 2252 3496 2324 βρωμάτων
3554 2252 3882 2305 πολυτέλεια

605 2349 751 2404 tam;
794 2347 1042 2395 extrema
1089 2355 1225 2394 vero
1280 2348 1584 2410 utrumque
1633 2342 1865 2409 laedunt,
1914 2357 2021 2397 nec
2053 2343 2191 2405 sim,-

2291 2351 2488 2422 λαιμὸν
2529 2350 2628 2421 μὲν
2667 2349 2903 2420 τέρπει,
2955 2347 3149 2418 τρέφει
3181 2345 3241 2398 δὲ
3284 2345 3545 2416 σκώληκα
3578 2343 3882 2406 ἀκολασίας

604 2430 847 2501 pliciter.
900 2430 1093 2500 Neque
1135 2429 1289 2484 enim
1328 2431 1552 2485 sanitati
1606 2432 1789 2484 solum
1845 2430 2012 2485 noxia
2064 2437 2196 2484 sunt

2292 2443 2617 2513 ἀκοίμητον.
2666 2441 2882 2511 Ὥσπερ
2935 2440 3048 2508 γὰρ
3080 2441 3113 2509 ή
3142 2437 3495 2509 χερσωθεῖσα
3525 2437 3599 2508 γῆ
3636 2435 3881 2499 ἀκάνθας

604 2522 849 2592 genuina
896 2521 1136 2591 quadam
1167 2537 1269 2576 sua
1301 2522 1370 2576 ad
1402 2522 1782 2591 corruptelam
1816 2521 2192 2591 proclivitate,

2291 2536 2496 2600 τίκτει,
2553 2532 2697 2587 οὕτω
2742 2533 2838 2587 καὶ
2886 2533 2915 2585 6
2951 2531 3080 2594 νοῦς
3116 2530 3547 2602 γαστριμάργου
3591 2529 3883 2599 βλαστάνει

606 2615 702 2670 sed
748 2624 806 2669 et
854 2614 1080 2668 morbos
1107 2615 1201 2668 vix
1229 2613 1563 2668 eluctabiles
1590 2630 1655 2669 ac
1694 2612 2061 2683 permolestos
2094 2627 2194 2681 pa-

2291 2624 2588 2696 λογισμοὺς
2617 2620 2899 2694 αἰσχρούς.
2937 2623 3191 2695 Μοναχδς
3251 2622 3677 2691 γαστρίμαργος
3727 2618 3881 2673 οὐδὲν

608 2707 786 2760 riunt.
843 2706 945 2759 Rei
1005 2705 1171 2760 istius
1202 2706 1435 2759 evidens
1492 2714 1880 2776 argumentum
1928 2702 2196 2769 exhibent

2292 2717 2517 2788 ἕτερον,
2581 2715 2616 2787 ἢ
2683 2715 2843 2785 μόνον
2892 2714 3103 2777 κοιλίας
3165 2714 3444 2783 ὑπόφορος
3490 2713 3736 2782 γίνεται,
3788 2710 3882 2765 καὶ

608 2796 893 2861 monachi,
947 2796 1044 2864 qui
1096 2811 1224 2849 cum
1269 2796 1474 2865 exiguo
1508 2798 1759 2850 contenti
1794 2796 1999 2850 abeant
2043 2795 2192 2861 cibo,

2291 2808 2393 2871 τὰς
2429 2806 2620 2878 μνείας
2654 2805 2765 2858 τῶν
2797 2805 2970 2874 ἁγίων
3000 2796 3259 2876 ἀρίθμεῖο
3298 2806 3326 2857 6
3354 2805 3412 2858 δὲ
3445 2806 3726 2875 ἐγκρατὴς
3754 2804 3882 2867 τοὺς

609 2895 782 2957 utque
810 2887 1240 2956 comperiuutur
1263 2897 1319 2940 et
1341 2887 1598 2941 acumine
1626 2887 1948 2941 intellectus
1978 2886 2194 2956 perspi-

2295 2900 2476 2953 αὐτῶν
2522 2897 2672 2967 βίους
2723 2900 3036 2968 μιμεῖταιει.
3079 2897 3139 2951 ’0
3175 2896 3595 2968 γαστρίμαργος
3622 2898 3707 2959 είς
3730 2896 3881 2949 οὖδιν

607 2980 876 3045 caciores,
935 2988 992 3033 et
1034 2978 1285 3048 corporis
1328 2987 1699 3047 temperatura
1756 2979 1866 3032 illis
1920 2978 2192 3046 saniores,

2293 2996 2483 3066 ἕτερον
2534 2992 2911 3064 ἐναϐρύνεται,
2948 2991 3064 3046 ἀλλ’
3096 2991 3130 3063 ἢ
3161 2995 3244 3056 είς
3276 2991 3540 3044 πλατεῖαν
3568 2991 3669 3043 καὶ
3718 2989 3882 3060 εὐρύ-

609 3086 752 3141 quos
794 3071 952 3141 juvat
984 3076 1128 3123 totos
1162 3085 1219 3123 se
1266 3070 1595 3139 immergere
1621 3070 1751 3125 vita:
1777 3070 2050 3125 mollioris
2076 3070 2196 3125 ille-

2297 3102 2475 3159 χωρον
2525 3083 2741 3138 κοιλίαν
2764 3124 2779 3148 ,
2834 3085 3064 3153 ταμεῖον
3113 3085 3213 3152 τῆς
3243 3082 3435 3152 τιμίας
3466 3080 3636 3134 αὐτοῦ
3670 3080 3882 3150 κόπρου

607 3162 814 3218 cebris.
862 3162 1051 3231 Neque
1083 3160 1137 3215 id
1186 3160 1318 3214 boni
1353 3161 1556 3225 solum,
1590 3162 1685 3215 sed
1724 3168 1781 3217 et
1819 3161 1951 3216 dum
1981 3163 2192 3218 ventris

2297 3152 2584 3249 ἀποθήκης
2612 3191 2628 3205 ”
2692 3175 2830 3229 ἀλλά
2861 3152 2958 3228 καὶ
2994 3173 3055 3227 τὸ
3086 3173 3317 3243 Πνεῦμα
3348 3174 3409 3225 τὸ
3437 3170 3687 3225 ἐνοικοῦν
3721 3174 3786 3225 ὲν
3808 3170 3882 3239 τῷ

611 3250 802 3305 frenas
831 3251 1159 3321 ingluviem,
1192 3251 1392 3306 animte
1423 3258 1521 3322 per
1551 3252 1657 3307 hoc
1688 3253 1973 3308 imminuis
2002 3254 2197 3308 turbu-

2295 3271 2703 3342 γαστριμάργῳ
2754 3265 3028 3342 ἀνθρώπῳ
3083 3265 3375 3319 λυπεῖται*
3440 3264 3536 3318 καὶ
3587 3265 3665 3336 μὴ
3717 3264 3881 3334 φέρον

611 3341 791 3394 lentas
815 3340 1158 3394 allectiones.
1199 3341 1333 3395 Nam
1364 3342 1461 3411 qui
1498 3357 1556 3397 se
1582 3343 1733 3399 vinci
1766 3343 1900 3399 sinit
1942 3345 2195 3399 ciborum

2296 3364 2396 3432 τὴν
2421 3340 2690 3416 δυσωδίαν
2718 3340 2996 3430 ἀναχωρεῖ
3023 3358 3117 3412 ἀπ’
3140 3357 3332 3412 αὐτοῦ.
3353 3357 3564 3425 Ὥσπερ
3608 3357 3639 3423 6
3672 3354 3880 3417 καπνὸς

614 3434 967 3503 intemperie,
1031 3434 1223 3503 utique
1289 3435 1577 3489 materiam
1641 3445 1938 3507 exaggerat
1986 3438 2193 3493 illicem

2297 3452 2483 3509 διώκει
2518 3454 2619 3516 τὰς
2650 3451 2947 3524 μελίσσας,ι
2971 3449 3117 3504 οὕτω
3148 3451 3177 3503 6
3203 3448 3621 3520 γαστρίμαργος
3650 3446 3757 3516 τὴν
3786 3445 3879 3516 χά-

607 3533 780 3594 atque
830 3525 1165 3579 incentivam
1212 3526 1582 3596 voluptatum.
1614 3527 1687 3584 Ut
1733 3529 1882 3584 enim
1912 3529 2195 3599 copiosam

2299 3564 2385 3618 ριν
2418 3545 2511 3600 τοῦ
2547 3545 2707 3613 ἁγίου
2739 3543 3083 3614 Πνεύματος.
3122 3543 3398 3615 Κρεῖσσον
3426 3537 3520 3593 οὖν
3550 3541 3671 3592 ἐστι
3701 3555 3880 3609 πικρία⁸

608 3617 891 3688 liguorum
940 3618 1259 3688 congeriem
1320 3619 1436 3690 igni
1488 3619 1533 3673 si
1587 3619 1869 3687 admoves,
1927 3623 2194 3691 majorem

2295 3617 2525 3708 δραμεῖν
2553 3638 2620 3690 τὰ
2645 3634 3053 3707 καρυκεύματα
3079 3637 3176 3703 τῆς
3200 3634 3460 3703 γαστρὸς,
3492 3633 3588 3684 καὶ
3615 3630 3702 3684 διὰ
3722 3628 3878 3698 λιτῆς

603 3709 823 3765 excitas
877 3709 1179 3775 flammam,
1217 3712 1295 3766 ita
1322 3720 1379 3766 et
1407 3711 1567 3782 copia
1605 3713 1855 3767 ciborum
1906 3714 1952 3767 si
1984 3713 2195 3795 inditur

2295 3729 2506 3801 τροφῆς
2552 3728 2655 3799 τὴν
2699 3730 2891 3801 χρείαν
2942 3725 3255 3797 ἐκπληροῦν
3302 3725 3396 3778 τοῦ
3445 3724 3735 3794 σώματος,
3795 3723 3875 3775 iu

610 3802 817 3865 ventri,
852 3802 951 3856 alit
992 3805 1524 3873 concupiscentiam.
1561 3806 1982 3863 Esculentorum
2011 3807 2197 3876 splen-

2299 3822 2375 3892 μὴ
2421 3822 2782 3892 ὁμοιωθῶμεν
2832 3821 2909 3892 τῷ
2942 3822 3000 3873 ὲν
3032 3822 3099 3889 τῇ
3135 3820 3330 3889 ἒρήμῳ
3361 3816 3714 3886 κοιλιοδούλῳ
3738 3814 3872 3884 λαῷ.

604 3893 778 3948 didus
825 3908 889 3948 ac
933 3894 1214 3964 profusior
1240 3896 1405 3950 luxus
1435 3904 1630 3966 guttur
1669 3898 1895 3967 quidem
1931 3898 2192 3965 oblectat,

2303 3933 2322 3968 ι
2347 3916 2600 3969 Ἐκάθισε
2627 3915 2757 3986 γάρ,
2790 3915 2976 3986 φησὶν,
3008 3915 3036 3966 6
3060 3912 3188 3976 λαὸς
3224 3914 3418 3981 φαγεῖν
3449 3910 3545 3964 καὶ
3570 3911 3747 3973 πιεῖν,
3784 3908 3876 3961 καὶ

608 3986 710 4041 sed
745 3996 803 4041 et
839 4002 1087 4041 vcrmem
1127 3988 1576 4058 intemperantia:
1604 3990 1703 4044 alit
1732 3990 2099 4062 irrequietum
2133 4007 2197 4046 ac

2300 4005 2607 4075 ἀνέστησαν
2656 4005 2896 4070 παίζειν.
2927 4022 2946 4056 ι
3013 4004 3103 4058 Ἐν
3139 4003 3218 4073 τῷ
3247 4002 3357 4073 γὰρ
3392 4001 3651 4072 ἀμέτρως
3679 4000 3875 4063 αὐτοὺς

608 4074 963 4146 pervigilem.
1007 4076 1485 4142 Quemadmodum
1519 4080 1668 4133 enim
1706 4088 1854 4135 terra
1881 4082 1993 4136 situ
2028 4097 2195 4152 squa—

2299 4074 2505 4151 ἐσθίειν
2533 4098 2627 4150 καὶ
2652 4096 2850 4159 πίνειν,
2876 4097 2972 4165 τῆς
2997 4095 3218 4165 ἐντολῆς
3246 4094 3340 4148 τοῦ
3363 4092 3501 4146 Θεοῦ
3526 4091 3873 4153 ἐπελάθοντο,

605 4168 738 4222 lens
763 4176 821 4222 et
850 4170 1087 4234 inarata,
1116 4177 1313 4239 suapte
1340 4180 1538 4225 natura
1562 4171 1679 4227 edit
1709 4173 1915 4242 spinas,
1946 4174 2019 4228 ita
2042 4189 2199 4229 mens

2298 4188 2396 4241 καὶ
2449 4191 2530 4251 είς
2576 4188 2977 4257 είδωλομανίαν
3023 4187 3343 4254 ἐξώκειλαν.
3400 4185 3599 4248 Καλῶς
3631 4180 3728 4238 οὖν
3765 4185 3875 4246 τοῖς

614 4261 829 4316 ventris
855 4262 1040 4316 studio
1072 4261 1284 4316 addicti
1330 4263 1596 4326 hominis.
1650 4264 1941 4320 indecoras
1967 4281 2199 4336 prorsus

2299 4278 2567 4349 διαδόχοις
2592 4278 2772 4332 αὐτῶν
2805 4279 3009 4349 γράφει
3043 4281 3071 4332 6
3093 4278 3394 4341 ἀπόστολος
3424 4276 3670 4339 Παῦλοςσ
3727 4292 3750 4326 ι
3778 4269 3874 4327 Ὧν

600 4351 979 4421 cogitationes
1033 4353 1417 4422 progerminat
1459 4361 1624 4422 atque
1670 4353 1962 4408 obscenas.
2006 4354 2197 4408 Mona-

2297 4372 2326 4425 6
2360 4369 2480 4431 θεὸς
2515 4371 2547 4439 ἡ
2575 4368 2755 4422 κοιλία
2779 4412 2792 4434 ,
2849 4369 2945 4422 καὶ
2985 4372 3020 4441 ἠ
3054 4370 3180 4434 δόξα
3212 4372 3271 4423 ὲν
3299 4372 3366 4440 τῇ
3395 4368 3628 4439 αἰσχύνῃ
3673 4366 3870 4429 αὐτῶν,

600 4442 756 4496 chus
790 4443 941 4512 justo
967 4441 1196 4496 edacior
1218 4442 1370 4496 aliud
1394 4442 1533 4496 nihil
1553 4444 1867 4498 censendus
1885 4459 2049 4514 quam
2070 4460 2199 4514 pro-

2273 4506 2278 4531 ,
2305 4461 2354 4512 οἱ
2389 4459 2457 4512 τά
2488 4459 2709 4528 ὲπίγεια
2736 4457 3080 4528 φρονοῦντες.
3112 4477 3131 4508 ι
3187 4459 3298 4512 Καὶ
3329 4457 3489 4511 πάλιν
3509 4474 3523 4486 ·
3571 4474 3591 4506 ι
3620 4455 3699 4507 Τὰ
3733 4454 3874 4525 βρώ-

608 4533 721 4604 prii
755 4533 1086 4588 tributarius
1138 4535 1371 4589 ventris.
1401 4535 1469 4589 Et
1498 4535 1720 4605 quidem
1762 4536 1811 4591 is
1851 4535 1919 4590 ad
1963 4551 2191 4591 censum

2311 4567 2458 4619 ματα
2489 4552 2556 4623 τῇ
2588 4548 2765 4620 κοιλίᾳ
2784 4591 2800 4616 ,
2853 4549 2951 4604 καὶ
2979 4550 3014 4621 ή
3046 4548 3224 4603 κοιλία
3251 4550 3364 4611 τοῖς
3392 4545 3694 4617 βρώμασιν.
3737 4544 3798 4597 Ὀ
3820 4543 3872 4596 δὲ

605 4635 904 4680 enumerat
925 4634 1171 4689 sanctos,
1204 4633 1259 4680 et
1282 4641 1475 4680 eorum
1501 4626 1880 4681 commeminit
1914 4628 2060 4682 inter
2081 4628 2194 4683 col-

2308 4642 2442 4705 Θεὸς
2470 4643 2566 4697 καὶ
2586 4642 2813 4713 ταύτην,
2837 4642 3125 4697 καὶταῦτα
3148 4641 3506 4711 καταργήσει.
3521 4656 3540 4689 ι
3568 4638 3675 4689 Καὶ
3692 4635 3866 4700 αὖθις·

604 4718 823 4788 Joquia,
854 4732 916 4771 re
945 4727 1131 4772 autem
1158 4734 1288 4773 vera
1314 4719 1691 4788 intemperans
1727 4734 1853 4773 cum
1885 4720 1966 4781 fit,
2007 4722 2195 4774 neuti-

2310 4752 2329 4786 ι
2372 4734 2435 4788 Εἰ
2488 4735 2577 4788 διὰ
2618 4734 2819 4806 βρῶμα
2863 4735 3115 4788 λυπεῖται
3160 4735 3188 4787 6
3222 4731 3450 4802 ἀδελφός
3484 4746 3614 4793 σου,
3662 4728 3765 4781 οῦκ
3796 4727 3870 4780 ἔτι

606 4828 783 4882 quam
833 4812 1057 4866 illorum
1092 4813 1259 4865 vitam
1306 4812 1601 4867 mmulatur
1643 4820 1701 4867 et
1745 4827 1946 4867 mores.
2002 4813 2193 4868 Ventri

2310 4826 2454 4881 κατὰ
2484 4829 2705 4898 ἀγάπην
2736 4829 3086 4899 περιπατεῖς·
3126 4826 3200 4897 μὴ
3230 4823 3363 4893 γοῦν
3393 4821 3470 4892 τῷ
3502 4819 3755 4895 βρώματί
3781 4837 3869 4873 σου

610 4902 920 4958 saturando
972 4902 1267 4968 addictior,
1325 4903 1475 4958 nulla
1519 4903 1627 4958 alia
1661 4918 1721 4958 re
1760 4911 1869 4958 tam
1900 4904 2190 4975 gloriatur,

2301 4921 2511 4974 ἐκεῖνον
2571 4919 2807 4974 ἀπόλλυε
2854 4920 2995 4990 ὑπὲρ
3032 4913 3372 4988 οῦΧριστὺς
3399 4913 3658 4968 ἀπέθανε.
3686 4930 3704 4963 ι
3766 4912 3868 4966 Καὶ

612 5003 712 5051 aut
758 4993 912 5049 ducit
945 4994 1314 5061 venerationi,
1370 5010 1536 5065 quam
1590 4995 1741 5065 quod
1789 4995 2063 5051 latissimo
2110 5006 2195 5053 est

2308 5014 2528 5082 ἐπάγει·
2551 5013 2767 5083 ιΟίγάρ
2783 5012 3012 5067 τοιοῦτοι
3036 5010 3113 5080 τῷ
3136 5008 3324 5080 Κυρίῳ
3339 5006 3497 5076 ἡμῶν
3520 5006 3579 5057 οὐ
3600 5003 3866 5058 δουλεύου-

615 5097 811 5142 ventre
837 5096 894 5143 et
923 5087 1264 5158 amplissime
1310 5087 1522 5157 capaci.
1554 5087 1724 5141 Plane
1771 5088 1851 5143 illi
1886 5097 2083 5143 venter
2131 5088 2194 5143 ﬁt

2306 5120 2410 5168 σιν,
2446 5102 2581 5156 ἀλλά
2630 5104 2696 5174 τῇ
2742 5102 2952 5157 ἑαυτῶν
3003 5101 3216 5171 κοιλίᾳ’
3266 5100 3362 5152 καὶ
3400 5097 3487 5150 διὰ
3514 5097 3614 5166 τῆς
3638 5112 3865 5165 χρηστο-

614 5179 1085 5249 promptuarium,
1112 5187 1169 5233 et
1197 5178 1526 5233 honoratior
1556 5187 1865 5233 stercorum
1897 5180 2195 5248 apotheca;

2302 5195 2495 5262 λογίας
2557 5194 2649 5248 καὶ
2699 5190 3311 5262 εὐλογίας-ἐξαπατῶσι
3348 5190 3449 5252 τὰς
3490 5188 3716 5259 καρδίας
3765 5187 3863 5240 τῶν

615 5268 713 5323 sed
751 5276 809 5323 et
848 5269 1058 5324 halitus
1108 5269 1229 5338 ipse
1256 5268 1352 5339 qui
1387 5269 1446 5323 in
1472 5268 1554 5325 sic
1584 5268 1740 5324 edaci
1769 5268 2004 5336 habitat,
2035 5271 2198 5326 anxie

2306 5285 2587 5340 ἀκάκων.»
2619 5287 2730 5339 Καὶ
2755 5281 2940 5348 αὖθις·
2975 5304 2993 5337 ι
3025 5284 3097 5337 Τὸ
3120 5283 3229 5353 γὰρ
3252 5280 3506 5352 φρόνημα
3527 5282 3627 5349 τῆς
3649 5281 3862 5349 σαρκδς.

616 5359 980 5425 interclusus,
1024 5360 1165 5414 miro
1218 5360 1583 5416 turbulentus
1611 5368 1698 5416 est
1759 5376 1823 5414 ac
1880 5362 2195 5432 prtetristis.

2302 5374 2565 5439 Θάνατος·
2621 5376 2682 5429 τὸ
2726 5375 2783 5429 δὲ
2831 5375 3084 5446 φρόνημα
3113 5373 3204 5426 τοῦ
3236 5371 3575 5442 πνεύματος,
3626 5368 3739 5439 ζωὴ
3773 5368 3857 5422 καὶ

617 5449 869 5524 Dumque
896 5452 944 5507 is
990 5452 1281 5524 aegerrime
1306 5452 1433 5517 fert,
1458 5469 1623 5523 quam
1661 5469 1728 5507 ex
1761 5471 1820 5510 se
1867 5455 2040 5524 spirat
2071 5471 2198 5527 gra-

2301 5466 2496 5537 είρήνη
2520 5481 2532 5496 ·
2590 5467 2682 5521 καὶ
2728 5467 2835 5537 γὰρ
2883 5467 3062 5539 χάριτι
3100 5461 3448 5533 βεϐαιοῦσθαι
3480 5461 3578 5532 τὴν
3612 5460 3851 5533 καρδίαν.

1916 5639 2148 5697 \‘A-RIE
2182 5642 2483 5703 LECTION
2490 5647 2593 5702 ES.

695 5763 953 5832 ι’τρίφει.
1028 5779 1053 5816 σι
1084 5770 1244 5825 Deest
1274 5776 1516 5845 negatio,
1548 5779 1607 5831 οὗ
1645 5781 1916 5850 μιμεῖται.
