3914 6304
80 307 212 373 1445

1168 313 1494 374 ΗΟΜΙἸ.ΙΑ
1536 314 1605 375 ν.
1640 337 1707 351 ’κ
1739 313 1836 373 DE
1874 312 2322 373 EBRLETATE.

3209 311 3347 375 ιιεδ

77 421 136 472 οὐ
167 419 472 490 βρώμασι.›
510 421 619 475 Καὶ
645 421 836 475 πάλινο
871 441 886 473 ι
918 423 992 491 Οὐ
1021 423 1129 494 γάρ
1156 425 1364 494 ἐστινὴ
1390 424 1641 493 βασιλεία
1673 477 1679 487 ε

1782 424 2105 485 eolentiam,
2141 436 2171 477 a
2221 423 2406 493 seipso
2451 422 2496 476 si
2554 437 2662 491 qua
2713 422 2833 477 ﬁeri
2889 422 3086 492 possit,
3142 426 3342 492 quaerit

79 512 186 567 τῶν
226 510 472 582 οὐρανῶν
525 512 730 583 βρῶσις
774 515 867 567 καὶ
908 515 1097 580 πόσις,
1145 516 1281 570 ἀλλά
1312 516 1653 585 δικαιοσύνη,

81 602 173 656 καὶ
198 603 391 673 είρήνη
425 602 519 655 καὶ
548 601 694 672 χαρὰ
732 603 790 655 ὲν
828 602 1107 674 Πνεύματι
1139 606 1301 675 ἁγίῳ.
1348 626 1365 658 ι
1394 607 1504 659 Καὶ
1535 606 1657 676 οὐχὶ

80 694 259 765 τρυφὴ
288 696 382 748 καὶ
404 694 679 765 σπατόάη,
700 693 882 759 καθὼς
906 695 1143 767 εἴρηται,
1171 697 1302 768 βορά
1333 699 1652 770 σκωλήκων.

92 786 157 837 'II
187 785 294 855 γὰρ
325 785 477 856 χλιδὴ
507 786 659 839 οὐδὲν
684 786 873 855 ἕτερόν
900 790 1079 851 ἐστιν,
1123 789 1155 860 ἢ
1188 789 1344 843 ἑστία
1371 791 1620 861 ἑρπετῶν
1640 807 1654 820 ’

80 879 153 941 ὼς
174 879 268 931 καὶ
290 880 318 931 ὁ
343 877 596 942 Ἰάκωϐος
617 878 897 943 ὀνειδίζων
919 883 1034 941 τοῖς
1056 880 1433 943 κοιλιοδοιῖλοις
1453 882 1658 952 ἔγραφε

80 968 254 1041 λέγων
277 985 290 998 ·
347 988 366 1020 ‹
398 970 775 1039 Ἐτρυφήσατε
810 971 903 1023 ἐπὶ
931 970 1030 1040 τῆς
1059 974 1184 1042 γῆς,
1221 971 1317 1026 καὶ
1347 972 1658 1045 ἐσπαταλή-

83 1076 247 1120 σατε,
304 1059 571 1131 ἐθρέψατε
623 1059 723 1124 τὰς
776 1060 1008 1130 καρδίας
1052 1060 1207 1131 ὑμῶν
1259 1064 1341 1125 ὡς
1381 1064 1440 1118 ἒν
1474 1066 1661 1136 ἡμέρᾳ

83 1154 351 1222 σφαγῆς.»
389 1153 554 1207 Καὶὸ
580 1153 785 1222 Κύριος
826 1153 882 1206 δὲ
933 1157 1046 1218 τοῖς
1089 1155 1341 1218 ἀπίστοις
1384 1157 1663 1221 Ἰουδαίοις

83 1243 248 1314 φησίν
269 1260 284 1275 ο
350 1263 370 1296 ι
410 1243 584 1315 Ἀμὴν
616 1244 760 1312 λέγω
790 1246 949 1314 ὑμῖν,
988 1245 1202 1315 ζητεῖτέ
1237 1248 1317 1317 με’
1346 1250 1444 1318 οὐχ
1475 1250 1556 1303 ὅτι
1582 1249 1662 1302 εἵ-

81 1332 199 1385 δετε
236 1335 473 1402 σημεῖα,
525 1333 639 1387 ἀλλ’
678 1334 760 1387 ὅτι
803 1335 1039 1404 ἐφάγετε
1071 1337 1135 1389 ἐκ
1195 1337 1304 1389 τῶν
1331 1337 1541 1407 ἄρτων,
1570 1340 1665 1393 καὶ

83 1424 475 1496 ἐχορτάσθητε.
511 1443 530 1476 ι
567 1424 678 1478 Καὶ
708 1426 993 1495 ἐπιφέρει⁹
1045 1446 1064 1478 ι
1088 1425 1423 1498 Ἐργάζεσθε
1460 1428 1533 1499 μὴ
1565 1428 1665 1499 τὴν

85 1514 291 1586 βρῶσιν
346 1513 444 1586 τὴν
492 1514 916 1591 ἀπολλυμένην,
979 1516 1116 1570 ἀλλά
1164 1516 1262 1588 τὴν
1311 1517 1614 1587 μέλλουσαν
1644 1528 1665 1556 ι’

84 1608 166 1670 εἰς
197 1605 349 1677 ζωὴν
379 1605 599 1660 αἰώνιον
620 1647 635 1671 ,
692 1607 761 1678 ἢν
788 1607 816 1658 ὁ
848 1608 974 1670 Υἱὸς
1004 1608 1098 1661 τοῦ
1131 1608 1420 1678 ἀνθρώπου
1452 1611 1667 1663 δίδωσιν

87 1698 237 1769 ὑμῖν.
266 1718 287 1751 ι
331 1697 492 1769 Αὐτῷ
521 1700 553 1768 ἡ
586 1696 737 1764 δόξα,
766 1699 861 1751 καὶ
886 1698 949 1751 τὸ
971 1697 1174 1769 κράτος
1201 1701 1281 1763 εἰς
1308 1700 1434 1763 τοὺς
1462 1701 1669 1764 αἰῶνας

86 1792 195 1844 τῶν
224 1789 460 1845 αἰώνων.
498 1790 697 1861 Ἀμήν.

1754 514 2038 579 secedere,
2088 529 2259 585 seque
2312 514 2473 585 fugit.
2504 514 2573 571 Ut
2599 514 2750 569 enim
2790 516 2976 570 fumus
3024 515 3147 570 dire
3188 520 3345 586 angit

1755 622 1889 675 apes
1931 615 1988 662 et
2021 607 2398 676 persequitur,
2436 605 2512 659 ita
2546 617 2601 661 et
2652 606 2988 661 exsatiandae
3037 609 3179 678 gulae
3223 616 3347 662 stu-

1756 699 1967 762 diosus,
1995 698 2227 769 gratiam
2251 713 2282 751 a
2307 712 2366 752 se
2398 696 2619 767 repellit
2640 695 2885 766 Spiritus
2910 699 3118 769 1033
3146 698 3343 753 sancti.

1757 789 2093 845 Praestiterit
2141 788 2312 858 igitur
2355 787 2628 857 ejusmodi
2669 788 2917 843 lautitias
2953 789 3339 843 condimento-

1757 896 1884 936 rum
1927 880 2138 935 ventris
2171 879 2477 950 ingluviem
2505 879 2866 948 prolicientes
2894 888 3345 948 praetercurrere,

1757 984 1814 1031 et
1866 988 2136 1045 perquam
2173 972 2326 1027 tenui
2365 971 2572 1042 pabulo
2626 971 3015 1026 necessitatem
3066 969 3348 1024 declinare

1758 1066 2036 1137 corporis,
2124 1062 2424 1134 nequando
2510 1061 2785 1118 assimiles
2861 1060 3350 1132 deprehendamur

1759 1159 1935 1214 fuisse
1966 1157 2174 1228 populo
2218 1156 2301 1211 illi
2329 1155 2424 1225 qui
2471 1170 2574 1219 suo
2611 1154 2795 1209 ventri
2830 1161 2940 1208 tam
2973 1153 3137 1208 anxie
3172 1152 3352 1206 inser-

1760 1250 1909 1304 visse
1940 1249 2163 1319 legitur.
2196 1267 2214 1299 ι
2237 1247 2396 1302 Sedit
2424 1247 2596 1312 enim,
2624 1244 2722 1310 ait,
2748 1245 2991 1315 populus
3016 1243 3350 1298 manducare

1761 1351 1818 1397 et
1850 1341 2067 1406 bibere,
2102 1349 2157 1395 et
2195 1345 2566 1394 surrexerunt
2600 1336 2795 1391 ludere
2832 1336 2873 1390 ⁸.
2902 1354 2923 1388 ι
2954 1336 3095 1391 Dum
3114 1334 3263 1389 enim
3295 1341 3350 1388 et

1762 1432 1939 1487 edunt
1984 1440 2041 1486 et
2086 1431 2289 1485 bibunt
2321 1429 2764 1493 immoderatius,
2806 1427 2865 1482 in
2897 1427 3236 1482 oblivionem
3262 1425 3349 1479 di-

1763 1524 1876 1578 vini
1915 1538 2117 1578 venere
2146 1522 2425 1588 mandati;
2460 1535 2565 1575 nec
2599 1522 2801 1586 solum,
2852 1520 2948 1575 sed
2994 1528 3052 1575 ct
3082 1519 3136 1573 in
3182 1518 3350 1572 male-

1767 1615 1995 1669 suadam
2046 1630 2111 1669 ac
2155 1614 2538 1669 vesanientem
2574 1614 2928 1684 impegerunt
2960 1611 3351 1667 idololatriam.

1771 1706 1945 1761 Recte
1999 1707 2171 1776 igitur
2201 1705 2624 1761 successoribus
2658 1706 2853 1759 talium
2889 1704 3192 1773 Apostolus
3218 1700 3358 1756 scri-

1698 1788 1736 1842 B
1766 1794 1850 1849 bit
1887 1813 1899 1846 τ
1947 1815 1966 1845 ι
1991 1795 2239 1861 Quorum
2270 1794 2417 1849 Deus
2449 1801 2650 1848 venter
2679 1801 2790 1859 est,
2826 1801 2886 1847 et
2924 1792 3096 1862 gloria
3127 1790 3184 1846 in
3217 1804 3354 1843 con-

86 1884 308 1941 fusione
339 1884 612 1954 ipsorum,
640 1883 735 1952 qui
762 1889 983 1938 terrena
1017 1882 1244 1953 sapiunt
1286 1883 1330 1936 ’.
1363 1902 1380 1934 I
1452 1883 1694 1938 lterum:
1744 1904 1762 1935 ι
1794 1886 1969 1951 Escm,
2018 1887 2237 1949 ventri:
2283 1895 2339 1943 et
2387 1895 2606 1951 venter,
2669 1886 2814 1941 escis
2846 1902 2860 1939 :
2900 1885 3050 1940 Deus
3089 1892 3275 1938 autem
3301 1887 3360 1935 et

86 1980 189 2033 has
225 1988 283 2034 et
316 1977 465 2035 hunc
506 1978 759 2031 destruet
811 1977 877 2030 ¹⁰.
919 1995 938 2028 ι
985 1977 1200 2031 Rursus
1233 1994 1245 2029 :
1295 1996 1312 2028 ι
1346 1977 1401 2032 Si
1436 1986 1664 2047 propter
1702 1979 1888 2034 cibum
1923 1982 2314 2036 constristatur
2350 1979 2522 2035 frater
2572 1988 2720 2044 tuus,
2749 1995 2861 2034 non
2914 1980 3027 2049 jam
3057 1977 3358 2033 secundum

85 2075 419 2129 charitatem
449 2072 721 2136 ambulas,
757 2071 880 2131 ,ηοιί
925 2071 1054 2126 cibo
1096 2080 1192 2126 tuo
1259 2072 1416 2126 illum
1480 2056 1738 2142 perdere,
1777 2090 1882 2144 pro
1915 2074 2027 2144 quo
2054 2074 2310 2131 Christus
2345 2084 2604 2131 mortuus
2635 2083 2722 2129 est
2754 2075 2818 2127 “.
2849 2092 2869 2126 ›
2908 2074 3127 2128 inducit
3156 2091 3169 2125 :
3206 2092 3224 2124 ι
3253 2071 3356 2138 Qui

85 2166 235 2221 enim
279 2166 417 2221 tales
441 2174 592 2231 sunt,
626 2164 864 2219 Domino
898 2171 1093 2217 nostro
1130 2178 1241 2217 non
1276 2163 1546 2229 serviunt,
1581 2164 1679 2218 sed
1720 2180 1824 2220 suo
1854 2166 2056 2228 ventri,
2102 2175 2160 2221 et
2186 2181 2288 2236 per
2354 2167 2766 2236 suaviloquium
2820 2177 2878 2219 et
2910 2162 3359 2217 benedictionem

89 2264 370 2318 seducunt
407 2260 578 2316 corda
641 2260 1002 2316 innocentum
1072 2258 1140 2313 ¹².
1173 2281 1192 2311 ι
1239 2260 1479 2314 Rursum
1512 2276 1525 2312 :
1567 2259 2161 2324 (,Prudentia‘carnis,
2203 2276 2393 2327 mors;
2427 2261 2726 2331 prudentia
2757 2273 2893 2313 vero
2961 2258 3215 2328 spiritus,
3247 2258 3362 2312 vita

88 2366 145 2411 et
181 2372 289 2426 pax
326 2355 368 2387 ’³
392 2373 404 2409 :
432 2354 641 2409 bonum
665 2352 814 2408 enim
839 2361 923 2407 est
947 2351 1122 2422 gratia
1149 2352 1399 2408 stabilire
1427 2368 1524 2406 cor
1544 2395 1558 2413 ,
1588 2365 1698 2406 non
1737 2354 1882 2409 escis
1912 2352 1976 2409 “.
2014 2372 2034 2405 ι
2082 2352 2291 2408 lterum
2324 2370 2338 2406 :
2378 2372 2395 2404 ι
2418 2353 2539 2408 Non
2578 2356 2729 2408 enim
2779 2361 2864 2407 est
2932 2368 3162 2424 regnum
3191 2352 3361 2407 coelo-

93 2464 216 2502 rum
250 2460 379 2502 esca
415 2454 471 2501 et
508 2456 695 2517 potus,
730 2446 825 2500 sed
859 2446 1072 2516 iustitia
1100 2457 1159 2502 et
1189 2462 1293 2517 pax
1331 2455 1388 2501 et
1421 2447 1682 2521 gaudium
1725 2449 1782 2504 in
1820 2447 2033 2518 Spiritu
2084 2456 2279 2502 sancto
2349 2448 2413 2501 ⁸⁸.
2463 2466 2483 2499 ι
2544 2447 2653 2502 Sed
2707 2462 2812 2501 nec
2856 2447 3082 2516 quidem
3135 2447 3365 2515 genialis

90 2539 220 2593 vitae
273 2539 538 2607 splendor
605 2547 702 2592 aut
747 2537 1071 2592 illecebrosa
1127 2539 1382 2608 voluptas
1466 2538 1599 2609 (ceu.
1623 2541 1736 2610 jam
1775 2540 1985 2595 dictum
2015 2539 2154 2594 mihi
2185 2538 2291 2608 est)
2317 2555 2439 2609 qua:
2461 2538 2517 2593 in
2553 2539 2701 2593 diem
2726 2530 2923 2593 mortis
2944 2538 3208 2607 pabulum
3235 2552 3367 2592 con-

90 2626 1230 2696 ditetthesaurizatverniibus.lpsaenim
1255 2628 1683 2699 indulgentioris
1718 2630 1846 2685 vita:
1909 2630 2196 2694 illecebra,
2227 2629 2376 2684 aliud
2441 2629 2581 2683 nihil
2626 2636 2709 2683 est
2748 2644 2913 2698 quam
2950 2627 3262 2682 molliculus
3310 2638 3369 2683 et

92 2723 346 2792 epularis
383 2722 542 2777 cibus
572 2723 877 2791 reptilium,
903 2723 993 2777 vel
1025 2731 1162 2778 teste
1192 2724 1416 2789 Jacobo,
1443 2725 1537 2795 qui
1570 2726 1923 2796 opprobrans
1945 2726 2246 2789 scribebat,
2301 2740 2403 2779 suo
2464 2722 2644 2778 ventri
2674 2722 2837 2775 anxie
2892 2720 3059 2774 nimis
3121 2720 3371 2774 servien-

97 2813 248 2867 tibus
282 2828 299 2866 ι
346 2831 363 2862 ι
389 2813 643 2866 Deliciati
677 2813 814 2867 estis
840 2829 1011 2883 super-
1034 2822 1246 2868 terram
1278 2825 1335 2869 et
1362 2816 1681 2886 lascivistis,
1720 2823 1777 2871 et
1824 2817 2118 2871 cnutristis
2155 2814 2324 2869 corda
2363 2823 2550 2869 vestra
2585 2822 2648 2868 ut
2685 2812 2741 2866 in
2798 2812 2889 2866 die
2921 2811 3216 2866 occisionis
3244 2810 3307 2863 η.
3343 2827 3362 2861 ι

97 2903 369 2959 Dominus
403 2906 632 2976 insuper
678 2906 985 2962 incredulis
1025 2908 1230 2971 Iudaeis
1266 2911 1345 2964 ait
1377 2929 1390 2964 :
1460 2929 1479 2963 ι
1539 2914 1740 2975 Amen,
1780 2927 1942 2967 amen
1977 2912 2102 2966 dico
2128 2910 2288 2965 vobis
2319 2928 2333 2964 :
2368 2909 2627 2976 Quatritis
2677 2923 2785 2973 me,
2821 2922 2931 2961 non
2973 2908 3100 2976 quia
3152 2904 3377 2960 vidistis

96 2997 275 3066 signa,
314 2997 409 3051 sed
442 2999 571 3066 quia
611 2998 933 3053 comedistis
969 3015 1033 3054 ex
1065 3001 1323 3069 panibus,
1349 3010 1404 3056 et
1442 3002 1676 3057 saturati
1715 3004 1851 3058 estis
1884 3004 1947 3058 ".
1980 3023 1999 3054 ι
2037 3002 2211 3058 Infert
2243 3020 2257 3055 :
2297 3020 2315 3051 ι
2357 3000 2679 3070 Operaniini
2713 3015 2824 3053 non
2861 2998 3046 3052 cibum
3075 2998 3168 3067 qui
3204 2997 3375 3067 perit,

98 3086 196 3143 sed
273 3087 369 3156 qui
445 3098 730 3157 permanet
792 3090 848 3143 in
896 3091 1065 3145 vitam
1119 3086 1381 3149 aeternam
1433 3111 1626 3167 .quem
1668 3096 1841 3151 Filius
1898 3095 2139 3151 hominis
2171 3094 2327 3150 dabit
2357 3093 2517 3149 vobis
2550 3092 2612 3146 ³⁸.
2651 3110 2669 3143 ›
2718 3091 2825 3160 Ipsi
2863 3089 3038 3160 gloria
3069 3088 3124 3142 in
3172 3088 3377 3143 saecula.

101 3182 453 3236 surculorum.
491 3181 665 3236 Amen

732 3296 951 3349 ΛΟΓΟΣ
986 3299 1060 3351 Ε’.

708 3410 845 3473 Περὶ
872 3408 1084 3477 μέθης.

177 3516 356 3585 Μέθη
379 3517 549 3570 πλείω
595 3519 695 3588 τῆς
743 3517 1059 3586 ἀδηφαγίας
1095 3516 1374 3588 βαρυτέρα
1426 3519 1685 3589 ὑπάρχει,

108 3610 205 3662 καὶ
252 3609 398 3663 πάνυ
438 3609 819 3677 ἀπηγόρευται
852 3609 1006 3680 παρὰ
1048 3610 1115 3679 τῇ
1167 3607 1290 3678 θείᾳ
1329 3609 1541 3679 Γραφῇ.
1580 3609 1690 3661 Καὶ

106 3702 220 3771 γὰρ
262 3700 524 3771 ἀθέμιτόν
576 3701 694 3752 ἐστι
730 3698 902 3769 ταύτῃ
952 3700 1370 3770 ἐναϐρύνεσθαι,
1418 3700 1493 3764 ὥς
1543 3717 1691 3764 τινες

107 3793 511 3861 κοσμόφρονες,
550 3792 608 3845 ὲν
657 3790 734 3860 τῷ
779 3790 1054 3844 οἰνοῦσθαι
1100 3792 1320 3856 αὐτοὺς,
1358 3791 1689 3862 καυχῶνται.

120 3882 187 3936 Ἦ
224 3881 341 3952 γὰρ
380 3880 696 3949 οἰνοφλυγία
725 3880 879 3933 οὐδὲν
917 3879 1106 3951 ἕτερον
1144 3882 1393 3951 παρέχει,
1432 3881 1464 3954 ἢ
1496 3882 1690 3935 ἔκστα-

110 3989 195 4024 σιν
229 3972 352 4033 νοὸς
387 3972 480 4024 καὶ
512 3970 723 4025 πενίαν.
752 3971 861 4024 Καὶ
884 3970 945 4024 τὸ
971 3970 1134 4040 σῶμα
1160 3970 1402 4038 ἐξίτηλον
1425 3974 1520 4024 καὶ
1558 3970 1693 4042 χαῦ-

107 4079 201 4114 νον
237 4060 643 4131 ἀπεργάζεται.
677 4061 857 4114 Καλὸν
887 4054 981 4114 οὖν
1012 4063 1109 4135 καὶ
1138 4061 1435 4116 ἀπόδεκτὸν
1460 4064 1574 4117 ἐστι
1604 4062 1692 4135 διὰ

108 4156 210 4224 τὴν
242 4154 538 4208 ἀσθένειαν
567 4153 661 4207 τοῦ
700 4152 952 4224 σώματος
984 4132 1151 4225 ὀλίγῳ
1193 4153 1323 4225 οἴνῳ
1367 4132 1690 4225 κεχρῆσθαι.

116 4247 218 4298 Ὃν
246 4245 452 4316 τρόπον
481 4243 643 4314 γάρῆ
676 4245 749 4314 γῆ
783 4244 1085 4316 συμμέτρῳ
1114 4245 1212 4315 μὲν
1243 4246 1434 4317 ὄμϐρῳ
1465 4247 1692 4317 ἀρδευο-

116 4337 285 4409 μένη,
320 4336 567 4406 καθαρὸν
600 4335 662 4388 τὸ
696 4337 774 4399 εἰς,
808 4337 978 4406 αὐτὴν
1029 4337 1251 4407 σπέρμα
1282 4338 1695 4406 καταϐαλλόμε-

110 4445 204 4481 νον
255 4427 396 4497 μετὰ
445 4427 769 4499 προσθήκης
814 4428 1048 4497 ἀνίησιν,
1098 4429 1202 4481 ὑπὸ
1248 4428 1459 4483 πολλῶν
1497 4431 1554 4484 δὲ
1591 4430 1693 4499 ὅμο

113 4520 268 4591 ϐρων
321 4519 703 4592 μεθυσκομὲνη
745 4520 990 4584 ἀκάνθας
1033 4521 1187 4591 φέρει
1242 4522 1337 4576 καὶ
1411 4522 1695 4593 τριϐόλους

2386 3295 2665 3351 HOMILIA
2710 3294 2772 3349 V.

2395 3408 2472 3461 De
2500 3410 2770 3462 ebrietate.

1860 3520 2118 3575 Ebrietas
2165 3520 2344 3573 multo
2385 3529 2682 3588 exsuperat
2710 3528 2907 3589 suapte
2946 3520 3213 3590 gravitate
3247 3520 3373 3578 eda-

1791 3615 2036 3675 citatem,
2065 3620 2121 3665 et
2161 3611 2284 3681 ejus
2313 3625 2439 3674 usu,
2473 3610 2634 3663 nobis
2668 3625 2923 3678 prorsum
2959 3610 3262 3680 Scriptum
3288 3611 3379 3664 dio

1789 3701 1933 3755 vinas.
1964 3700 2181 3765 sanctio
2210 3697 2514 3753 interdixit.
2542 3698 2652 3751 Nec
2681 3697 2829 3751 enim
2863 3699 2947 3752 fas
2975 3701 3232 3768 cuiquam
3263 3708 3382 3753 tur-

1792 3790 2045 3861 pitudinc
2076 3791 2238 3844 istius
2265 3787 2490 3858 gloriari
2515 3787 2825 3848 ebrietatis,
2848 3803 2949 3841 ceu
2972 3788 3198 3857 quidam
3228 3802 3378 3841 asso-

1792 3882 1910 3937 lent
1937 3899 1950 3935 :
1983 3880 2079 3951 qui
2104 3879 2243 3934 nihil
2271 3888 2378 3933 tam
2418 3880 2690 3948 resipiunt
2714 3888 2878 3947 atque
2905 3879 3098 3932 mundi
3134 3880 3380 3948 pruden-

1794 3974 1962 4038 tiam,
1997 3987 2118 4027 sese
2172 3972 2277 4025 hoc
2330 3970 2554 4024 nomine
2604 3970 2959 4025 venditantes
3008 3971 3376 4037 insolentius,

1793 4066 1939 4137 quod
1973 4065 2205 4135 pulchre
2233 4072 2482 4118 ventrem
2515 4079 2667 4117 mero
2696 4064 2999 4118 onerarint.
3023 4065 3183 4118 Aliud
3216 4066 3383 4135 plane

1792 4156 2120 4214 temulentia
2156 4156 2309 4232 nihil
2348 4155 2483 4208 meri
2529 4153 2723 4207 bibulo
2754 4153 2991 4216 confert,
3026 4170 3188 4223 quam
3224 4170 3381 4209 emo-

1795 4250 2005 4305 tionem
2026 4249 2230 4303 mentis
2245 4256 2410 4317 atque
2435 4246 3127 4316 paupertatem.Exoleseit
3147 4248 3383 4317 proinde

1793 4358 1894 4412 per
1917 4357 2038 4396 eam
2064 4356 2283 4409 corpus.
2307 4355 2372 4393 ac
2402 4338 2604 4392 friatile
2628 4338 2883 4393 redditur
2911 4348 2967 4394 et
2987 4330 3205 4394 enerve.
3236 4340 3381 4396 Sane

1795 4449 1960 4504 quam
1993 4433 2202 4489 bonum
2238 4432 2310 4485 sit
2357 4446 2462 4485 nec
2507 4430 2930 4499 improbandum
2966 4440 3198 4501 propter
3226 4430 3383 4485 inﬁr-

1796 4528 2045 4583 mitatem
2071 4526 2324 4596 corporis
2353 4524 2576 4578 modico
2606 4523 2686 4579 uti
2715 4523 2866 4578 vino.
2904 4520 3119 4595 103E.
3142 4522 3385 4578 Utenim

116 4611 317 4681 μόνον·
348 4608 491 4663 οὕτω
528 4612 624 4664 καὶ
670 4612 703 4681 ἡ
757 4610 830 4681 γῆ
871 4612 970 4681 τῆς
1023 4611 1271 4681 καρδίας,
1325 4613 1421 4666 ἐὰν
1477 4612 1679 4683 συμμέ-

1800 4631 1946 4675 terra
1998 4618 2287 4673 moderato
2340 4615 2562 4687 perfusa
2618 4615 2832 4681 imbre,
2883 4630 3073 4670 semen
3129 4615 3279 4686 quod
3328 4617 3386 4670 in

113 4717 264 4771 19w:
309 4699 386 4770 τῷ
429 4700 558 4773 οἴνῳ
602 4700 888 4773 χρώμεθα,
922 4701 1142 4774 καθαρά
1185 4702 1251 4756 τὰ
1287 4703 1492 4772 φυσικὰ
1523 4704 1695 4774 αὐτῆς

115 4791 414 4845 ἀναδίδωσι
468 4792 781 4864 σπέρματα.
824 4793 950 4847 Ἐὰν
990 4793 1047 4847 δὲ
1076 4794 1365 4866 διάϐροχος
1395 4796 1500 4849 ὑπὸ
1527 4796 1694 4851 πολυα-

118 4883 320 4946 ποσίας
354 4882 605 4953 γένηται,
636 4885 880 4949 ἀκάνθας
916 4887 1082 4951 δντως
1110 4887 1265 4957 φέρει
1291 4889 1418 4951 τοὺς
1450 4889 1697 4952 ἅπαντας

117 4974 296 5043 αὐτῆς
321 4974 641 5045 λογισμούς.
667 4976 740 5028 Οὐ
777 4977 938 5047 μόνον
963 4978 1018 5031 δὲ
1049 4972 1228 5040 τοῦτο,
1261 4978 1398 5033 ἀλλὰ
1428 4981 1521 5033 καὶ
1552 4982 1699 5034 ποιεῖ

117 5063 212 5115 τὸν
272 5061 539 5132 μεθύοντα
597 5065 750 5134 παρὰ
799 5066 898 5133 μὲν
951 5066 1060 5120 τῶν
1102 5069 1355 5139 ἀφρόνων
1393 5069 1692 5138 γελᾶσθαι·

119 5151 279 5222 παρὰ
304 5152 362 5205 δὲ
390 5153 498 5205 τῶν
525 5155 810 5226 φρονίμων
839 5157 1178 5213 πενθεῖσθαι.
1208 5160 1335 5214 Νῶε
1370 5161 1501 5233 γὰρ,
1532 5154 1701 5234 φησὶν

119 5248 157 5317 ἡ
191 5243 317 5297 θεία
347 5245 560 5317 Γραφὴ,
590 5246 732 5318 ἀνὴρ
768 5247 997 5316 δίκαιος,
1026 5250 1183 5305 ἔπιεν
1223 5247 1388 5319 οῐνον,
1438 5257 1533 5307 καὶ
1569 5254 1704 5326 ἐμε-

196 5402 435 5480 '_Exod.
479 5419 646 5480 xxxii,
695 5405 767 5480 6._
813 5407 1176 5480 __’_Philipp.
1232 5426 1314 5478 ιιι,
1370 5411 1460 5467 19.

127 5471 169 5501 ⁸³
211 5474 376 5530 Rom.
418 5489 532 5538 vin,
568 5475 622 5529 6.
733 5476 778 5508 “
812 5474 980 5534 Hebr.
1022 5471 1139 5546 ιιὶιζ
1193 5482 1248 5538 9.

1574 5412 1618 5445 ¹⁰
1651 5413 1673 5468 1
1717 5411 1845 5469 Cor.
1879 5429 1955 5478 τι,
2011 5412 2098 5467 15.

1345 5481 1388 5514 ³⁸
1431 5483 1595 5539 Rom.
1643 5499 1752 5549 XIV,
1808 5485 1897 5537 17.

1798 4712 2013 4766 viscera
2066 4725 2164 4765 sua
2211 4709 2487 4779 dejectum
2523 4722 2720 4778 purum
2765 4706 3003 4777 excepit,
3036 4707 3212 4761 multo
3258 4722 3385 4762 cum

1798 4802 1990 4864 fenore
2022 4799 2264 4855 emicare
2310 4798 2457 4868 cogit
2499 4804 2556 4851 et
2603 4811 2918 4867 emergere;
2969 4812 3000 4852 e
3048 4795 3290 4863 diverso,
3338 4795 3383 4851 si

1801 4892 2112 4947 immodicas
2155 4890 2356 4961 pluvize
2397 4889 2675 4944 madeseat
2723 4888 2921 4959 illapsu
2957 4898 3015 4943 et
3049 4888 3383 4951 inebrietur,

1800 4983 1990 5053 spinas
2021 4982 2230 5053 profert
2262 4982 2438 5035 solum
2473 4989 2528 5034 et
2555 4981 2810 5045 tribulos,
2840 4979 2915 5034 ita
2943 4987 2999 5034 et
3026 4988 3173 5034 terra
3202 4977 3390 5035 cordis

1800 5075 2002 5137 nostri,
2036 5072 2312 5142 siquidem
2357 5087 2481 5125 cum
2526 5071 2793 5140 temperie
2827 5071 2961 5124 vino
2993 5079 3233 5133 utemur,
3266 5082 3390 5137 qua:

1799 5174 1996 5236 suopte
2032 5166 2197 5235 genio
2223 5165 2436 5219 semina
2464 5180 2602 5234 pura
2632 5163 2865 5233 accepit,
2891 5161 3076 5217 reddit
3097 5160 3388 5230 multiplici

1800 5273 1928 5313 eum
1987 5256 2336 5322 accessione;
2399 5256 2445 5311 si
2515 5264 2625 5309 tota
2692 5254 2808 5309 vini
2870 5254 3106 5308 humore
3167 5266 3388 5323 perma-

2211 5414 2252 5447 “
2288 5413 2447 5469 Rom.
2488 5428 2598 5475 xiv,
2652 5411 2740 5466 15.
2851 5412 2894 5443 ¹¹
2934 5412 3092 5466 Rom.
3127 5427 3237 5473 xvi,
3298 5409 3387 5464 18.

2002 5485 2170 5544 "Jac.
2225 5501 2282 5551 v,
2326 5485 2380 5540 5.
2464 5484 2504 5516 "’
2542 5483 2701 5538 Joan.
2739 5498 2813 5548 vn,
2854 5481 2944 5542 26.
3045 5481 3090 5514 "
3132 5480 3271 5538 ibid.
3293 5480 3386 5539 ΞΤ.

1429 5640 1666 5698 V'ARIE
1706 5641 2111 5698 LECTIONES.

198 5730 219 5757 π
254 5706 548 5786 μένουσαν.
