4054 6312
615 319 745 386 1447

1875 316 2244 380 ANTIOCHI
2286 317 2635 380 MONACHI

3759 310 3896 380 1M8

611 433 824 498 duerit,
857 446 1027 503 seque
1060 447 1213 487 mero
1241 431 1550 502 copiosiore
1577 429 1871 502 proluerit,
1899 432 2034 503 jam,
2063 429 2200 485 velis

2304 429 2500 502 θύσθη,
2525 431 2618 484 καὶ
2639 429 2821 484 ἔκειτο
2845 427 3072 500 γυμνὸς,
3103 427 3195 484 καὶ
3223 427 3323 498 οὐχ
3343 428 3426 482 δτι
3455 427 3718 498 πάροινος
3764 425 3838 500 ἦν
3864 417 3892 468 δ

612 523 780 586 nolis,
810 521 1000 591 spinas
1017 529 1075 576 et
1095 520 1246 576 aliud
1276 520 1414 574 nihil
1441 529 1652 588 exeret,
1682 536 1882 591 nempe
1913 519 2194 592 improbas

611 613 998 684 cogitationes.
1025 613 1214 682 Neque
1239 613 1293 668 id
1321 614 1508 679 modo,
1536 613 1631 669 sed
1653 623 1710 670 et
1730 614 2012 669 ebriacum
2038 614 2194 668 illum

609 704 778 760 elﬁcit
820 704 904 759 sui
941 703 1240 769 similibus,
1274 703 1381 758 hoc
1434 713 1519 761 est
1553 705 1760 770 stultis,
1800 705 2190 770 deridiculum,

611 796 982 866 prudentibus
1020 803 1232 859 autem,
1263 808 1362 866 per
1397 797 1940 852 commiserationem
1981 797 2193 850 luctum

609 895 920 956 extorquet.
940 887 1060 942 “Noe
1091 889 1262 956 enim,
1290 891 1368 944 ait
1415 888 1605 944 divina
1647 887 1960 958 Scriptura,
1988 887 2072 941 vir
2099 887 2161 958 ju

608 991 729 1034 stus
761 980 978 1036 biberat
1009 981 1220 1045 vinum,
1252 997 1423 1051 seque
1454 995 1522 1035 eo
1553 981 1840 1050 proluerat
1873 979 2190 1043 immodice,

605 1081 663 1128 et
701 1073 924 1144 jacebat
966 1073 1150 1128 nudus
1197 1073 1322 1144 (nec
1357 1081 1542 1128 tamen
1582 1087 1650 1128 eo
1693 1072 1962 1128 scribitur
1984 1073 2190 1143 justus,

605 1165 755 1234 quod
793 1165 922 1218 vino
965 1163 1372 1227 immaduissct,
1405 1164 1502 1218 sed
1544 1172 1776 1218 eatenus
1816 1179 2016 1232 expers
2057 1178 2192 1220 usus

607 1255 770 1326 vini),
797 1264 853 1310 et
879 1255 949 1310 ab
975 1255 1329 1326 imprudente
1363 1257 1460 1310 illo
1480 1255 1673 1318 Cham,
1704 1255 1930 1310 habitus
1950 1254 2191 1310 ludibrio

607 1355 714 1412 est,
745 1363 773 1400 a
807 1349 1177 1418 prudentibus
1205 1358 1389 1403 autem
1423 1349 1554 1403 ﬁliis
1587 1357 1729 1402 tecta
1763 1356 1850 1403 est
1889 1347 2189 1418 ignominia

608 1439 878 1494 nuditatis
929 1441 992 1493 ¹⁹.
1047 1441 1293 1495 Vitemus
1340 1440 1509 1510 igitur
1563 1439 1834 1512 (fratres)
1900 1439 2190 1495 ebrietatis

607 1532 936 1596 daemonem,
966 1540 1027 1586 ut
1058 1548 1127 1586 ne
1154 1531 1375 1586 demum
1407 1531 1487 1586 illi
1523 1546 1624 1586 nos
1649 1531 2014 1585 exhibeamus
2041 1530 2191 1584 deri-

607 1623 844 1683 diculos.
875 1625 1126 1694 quinimo
1160 1640 1261 1684 nos
1305 1625 1456 1694 ipsos
1505 1623 1932 1694 praemuniamus
1973 1622 2188 1679 sobrie-

609 1724 741 1782 tate,
775 1732 897 1786 quze
926 1716 1073 1771 hunc
1107 1727 1357 1771 nostrum
1387 1716 1674 1771 hominem
1703 1715 2037 1770 incolumem
2072 1730 2191 1770 ser-

604 1817 696 1863 vet
737 1824 862 1863 cum
900 1809 1164 1878 primaria
1209 1810 1328 1880 ejus
1372 1809 1650 1879 portione,
1683 1809 1945 1863 videlicet
1977 1815 2182 1872 mente,

604 1901 820 1956 sicutet
838 1901 1227 1956 Paroemiastes
1249 1915 1348 1955 suo
1368 1901 1956 1972 praescribitmandato
1979 1917 1992 1953 :
2015 1918 2033 1950 ι
2061 1897 2184 1954 Νοῆ

603 2009 725 2048 esse
743 2003 960 2063 potator
976 1994 1088 2047 vini
1107 2011 1120 2057 ;
1139 1993 1320 2048 omnis
1338 1995 1484 2048 enim
1505 1993 1715 2056 ebrius,
1734 2008 1946 2064 pauper
1965 2001 2050 2047 est
2067 1993 2135 2044 ’⁸.
2159 2009 2178 2042 ›

604 2085 809 2141 lterum
837 2103 850 2140 :
883 2105 902 2138 ι
931 2085 1033 2142 Cui
1063 2103 1164 2150 vae,
1197 2094 1254 2141 et
1277 2086 1366 2142 cui
1395 2085 1696 2140 tumultus?
1714 2086 1805 2140 cui
1827 2084 2073 2156 judicia?
2095 2084 2186 2139 cui

603 2176 908 2234 insuavitas
952 2187 1008 2233 et
1055 2177 1252 2248 nugte?
1301 2178 1391 2232 cui
1447 2175 1813 2233 contritiones
1861 2175 2187 2246 superﬂuae?

602 2270 764 2340 cujus
795 2269 952 2324 lividi
985 2271 1166 2324 oculi?
1194 2285 1378 2324 nonne
1410 2269 1480 2324 iis
1509 2269 1604 2340 qui
1650 2270 2016 2324 immorantur
2057 2268 2184 2324 diu-

604 2360 718 2416 tius
744 2361 1124 2416 exhauriendo
1165 2361 1331 2416 vino?
1357 2361 1607 2432 nunquid
1655 2377 1766 2416 non
1807 2361 1894 2416 his
1919 2359 2015 2432 qui
2067 2376 2190 2431 per-

602 2453 878 2522 vestigant
903 2453 997 2507 ubi
1031 2452 1172 2507 ﬁunt
1192 2453 1634 2523 eompotationes
1654 2452 1740 2507 “1
1772 2471 1790 2504 ι
1821 2451 1962 2507 Tum
1989 2452 2185 2508 addit:

610 2561 631 2594 ι
664 2543 786 2598 Noli
814 2543 1078 2599 inebriari
1105 2543 1254 2610 vino,
1284 2544 1380 2600 sed
1415 2560 1744 2600 conversare
1777 2559 1904 2600 cum
1943 2543 2187 2600 homini-

605 2634 890 2704 busjustis
916 2636 984 2688 ".
1019 2655 1039 2688 ι
1067 2636 1224 2691 Alius
1249 2637 1378 2690 item
1405 2653 1419 2690 :
1452 2655 1472 2688 ‹
1499 2638 1579 2694 Ne
1599 2647 1721 2693 esto
1742 2636 1922 2692 virilis
1947 2636 2006 2690 in
2033 2637 2186 2701 vino,

603 2725 808 2779 multos
833 2725 983 2779 enim
1016 2726 1256 2796 perdidit
1283 2727 1475 2780 vinum
1498 2727 1566 2782 ".
1598 2747 1616 2779 ι
1643 2728 1848 2783 lterum
1873 2743 1889 2778 :
1921 2745 1940 2779 ι
1965 2726 2070 2793 Qui
2093 2729 2187 2799 ju-

599 2813 820 2867 cundus
845 2824 931 2868 est
958 2813 1012 2867 in
1043 2813 1158 2866 vini
1187 2816 1596 2884 congressibus,
1630 2816 1686 2870 in
1717 2816 1833 2870 suis
1857 2817 2187 2871 munitioni-

603 2903 709 2958 bus
751 2903 1102 2974 derelinquet
1143 2903 1503 2974 ignominiam
1531 2905 1596 2960 “.
1641 2925 1660 2958 ι
1695 2906 1936 2960 Rursum
1965 2923 1979 2960 :
2013 2925 2030 2957 ι
2063 2906 2186 2962 Noli

603 3012 725 3052 esse
759 3005 979 3066 potator
1002 2997 1139 3058 vini,
1173 3012 1282 3050 non
1311 2997 1461 3052 enim
1509 2997 1804 3052 conferunt
1847 2999 2016 3052 stulto
2045 2997 2187 3052 deli-

2294 520 2528 587 δίκαιος,
2563 521 2678 577 ἀλλ’
2717 523 2944 592 ἄπειρος
2994 521 3094 590 τῆς
3129 521 3223 574 τοῦ
3257 521 3402 574 οῐνου
3453 521 3728 592 χρήσεως,
3797 523 3890 576 καὶ

2295 611 2448 683 παρὰ
2494 612 2596 682 μὲν
2640 611 2739 666 τοῦ
2775 613 3010 682 ἄφρονος
3035 609 3165 680 Χὰμ
3187 607 3484 680 ἐγελάσθη,
3510 608 3666 679 παρά
3693 606 3755 662 δὲ
3780 607 3888 660 τῶν

2295 698 2574 769 φρονίμων
2613 700 2745 755 υίῶν
2797 697 3139 769 ἐσκεπάσθη.
3188 698 3462 769 Ψύγωμεν
3488 693 3604 763 οὖν,
3638 699 3884 768 ἀδελφοὶ,

2292 790 2384 843 τὸν
2407 792 2503 862 τῆς
2537 792 2710 862 μέθης
2740 792 2996 862 δαίμονα,
3033 792 3120 845 ἵνα
3146 791 3220 862 μὴ
3252 791 3768 860 καταγελασθῶμεν
3795 792 3882 847 ὑπ’

2293 881 2481 947 αὐτοῦ,
2512 883 2646 938 ἀλλὰ
2673 883 2876 954 μᾶλλον
2891 887 2958 956 τῇ
2981 883 3140 955 νήψει
3165 883 3393 947 ἑαυτοὺς
3424 881 3879 953 ἀψαλισὼμεθα,

2270 973 2382 1026 ’ἵνα
2411 975 2642 1045 γένηται
2669 976 2858 1047 ἄρτιος
2882 975 3168 1046 ἄνθρωπος
3194 976 3295 1029 σὺν
3317 975 3397 1045 τῷ
3423 975 3748 1046 ἡγεμονικῷ
3767 993 3786 1006 ·
3809 975 3882 1039 ὡς

2293 1068 2386 1121 καὶ
2407 1070 2435 1122 ό
2452 1069 2862 1142 Παροιμιαστὴς
2894 1069 3203 1125 ἐντέλλεται
3232 1070 3432 1139 λέγων·
3473 1088 3493 1121 ι
3520 1071 3614 1142 Μὴ
3657 1070 3773 1124 τσθι
3797 1072 3881 1124 οι-

2289 1161 2552 1232 νοπότης·
2581 1163 2690 1226 πᾶς
2719 1163 2828 1234 γὰρ
2855 1161 3088 1233 μέθυσος
3136 1161 3429 1231 πτωχεύει.
3456 1179 3476 1214 ι
3531 1161 3648 1216 Kal
3691 1163 3877 1228 πάλιν,

2298 1269 2317 1302 ι
2341 1251 2459 1305 Τίνι
2485 1252 2628 1319 ούαὶ,
2656 1254 2750 1306 καὶ
2784 1253 2893 1306 τίνι
2919 1253 3151 1324 θόρυϐος
3174 1269 3189 1318 ;
3226 1254 3334 1315 τίνι
3375 1253 3612 1326 κρίσεις,
3637 1254 3738 1306 καὶ
3771 1253 3877 1306 τίνι

2291 1343 2455 1412 ἀηδία
2487 1347 2584 1398 καὶ
2612 1343 2802 1414 λέσχαι
2835 1362 2852 1411 ;
2888 1344 2993 1398 τίνι
3035 1343 3427 1414 συντρίμματα
3475 1343 3760 1416 διακενῆς;
3795 1345 3879 1396 τί-

2291 1453 2399 1489 νων
2446 1435 2682 1489 πελιδνοὶ
2709 1437 2759 1488 οί
2789 1434 3080 1505 ὀφθαλμοί;
3109 1435 3170 1487 οὐ
3214 1433 3325 1488 τῶν
3355 1433 3789 1504 ἐγχρονιζόντων
3819 1436 3878 1486 ἐν

2291 1528 2476 1595 οἷνοιςς
2499 1529 2561 1582 ού
2580 1528 2690 1580 τῶν
2713 1543 3066 1580 κατασκοπου
3074 1525 3254 1595 μένων
3275 1523 3380 1579 ποῦ
3399 1527 3555 1578 πότοι
3571 1525 3872 1592 γίνονταιςι

2291 1623 2401 1678 Kal
2423 1621 2617 1690 ἐπάγει
2633 1637 2647 1650 ο
2677 1639 2696 1672 ι
2724 1621 2816 1690 Μὴ
2836 1619 3176 1690 μεθύσκεσθε
3201 1618 3351 1690 οἴνῳ,
3382 1605 3501 1672 ἀλλ’
3522 1618 3770 1688 ὁμιλεῖτε
3789 1622 3879 1672 ἀνι

2291 1711 2533 1782 θρώποις
2567 1710 2815 1773 δικαίοις.
2844 1729 2863 1762 ι
2898 1709 3010 1762 Kal
3062 1707 3222 1771 ἄλλος
3247 1707 3433 1778 φησιν’
3473 1725 3495 1760 ι
3528 1707 3620 1762 Ἐν
3643 1708 3779 1778 ῠῐνῳ
3807 1707 3881 1778 μὴ

2290 1803 2544 1874 ἀνδρίζου
2567 1819 2582 1834 ·
2619 1800 2849 1866 πολλοὺς
2867 1800 2978 1872 γὰρ
2998 1800 3280 1855 ἀπώλεσεν
3303 1795 3468 1863 οἶνος.
3493 1817 3513 1852 ι
3545 1801 3661 1854 Καὶ
3687 1799 3878 1853 πάλιν·

2296 1913 2316 1947 ι
2341 1896 2442 1958 Ὃς
2471 1897 2620 1948 ἐστιν
2657 1895 2784 1964 ἡδὺς
2807 1895 2865 1948 ἐν
2893 1893 3053 1948 οἴνων
3081 1891 3409 1963 διατριϐαῖς,
3447 1892 3506 1946 ἐν
3539 1893 3654 1956 τοῖς
3679 1891 3881 1946 ἑαυτοῦ

2287 1987 2610 2059 ὀχυρώμασι
2643 1985 2967 2054 καταλείψει
3012 1985 3260 2055 ἀτιμίαν.
3288 2003 3308 2036 ι
3348 1985 3462 2038 Καὶ
3491 1985 3688 2038 πάλιν·
3739 2001 3765 2038 σ
3788 1986 3879 2055 Μὴ

2289 2081 2402 2134 ῐσθι
2449 2082 2764 2150 οἰνοπότης·
2797 2079 2860 2132 οὺ
2903 2077 3014 2150 γὰρ
3071 2077 3352 2148 συμφέρει
3387 2077 3584 2148 ἄφρονι
3630 2080 3876 2149 τρυφή.»

2288 2171 2399 2224 Kal
2434 2170 2620 2224 πόιλιν⁵
2659 2189 2679 2222 ι
2717 2163 3041 2222 ’Δκόλαστον
3067 2169 3163 2222 καὶ
3186 2167 3526 2238 ὑϐριστικὸν,
3561 2168 3706 2239 μέθη
3727 2185 3745 2200 ·
3771 2171 3880 2233 πᾶς

2288 2252 2345 2316 δὲ
2373 2263 2401 2314 ὁ
2435 2261 2766 2334 μιγνύμενος
2808 2260 3040 2324 τούτοις,
3079 2261 3184 2314 οὐκ
3230 2259 3386 2314 ἔσται
3427 2261 3614 2328 σοφός.
3643 2279 3664 2312 ι
3700 2261 3822 2314 Καὶ
3853 2263 3882 2314 6

2291 2352 2583 2422 προφήτης
2621 2349 2806 2420 Ὀσηὲ,
2832 2349 2964 2420 περὶ
2992 2347 3089 2403 τοῦ
3113 2347 3350 2403 παλαιοῦ
3373 2349 3530 2404 λαοῦ·
3559 2367 3580 2402 ι
3597 2345 3762 2404 Οἶνον
3789 2352 3880 2403 καὶ

2291 2443 2548 2516 μέθυσμα
2585 2441 2808 2506 ἐδέξατο
2849 2441 3049 2512 καρδία
3087 2440 3218 2494 λαοῦ
3244 2458 3369 2511 μου.
3395 2460 3417 2494 ι
3444 2443 3557 2496 Καὶ
3581 2441 3613 2494 ό
3651 2441 3880 2506 Ἡσαΐας

2287 2535 2590 2600 ταλανίζων
2628 2535 2758 2598 τοὺς
2794 2535 2852 2588 ἐν
2875 2533 3005 2604 οίνῳ
3034 2532 3406 2605 χρονίζοντας,
3436 2533 3626 2602 ἔλεγεν
3645 2550 3660 2564 ·
3697 2552 3719 2585 ι
3742 2533 3878 2587 Οὐαὶ

2288 2630 2338 2683 oi
2366 2631 2710 2700 ἐγειρόμενοι
2747 2626 2914 2700 πρωῒ,
2945 2629 3040 2681 καὶ
3063 2628 3114 2682 οί
3142 2627 3338 2700 σίκερα
3360 2627 3670 2694 διώκοντες,
3696 2629 3751 2682 οἱ
3783 2629 3882 2699 μὲ-

2288 2737 2470 2784 νοντες
2502 2719 2564 2772 τὸ
2605 2719 2726 2790 ὀψέ.
2763 2719 2822 2773 '0
2865 2719 2977 2790 γὰρ
3021 2715 3165 2784 οἶνος
3209 2720 3409 2785 αὐτοὺς
3454 2720 3761 2789 συγκαύσει
3781 2729 3874 2773 ⁸.»

2287 2812 2398 2866 Καὶ
2429 2810 2613 2864 πάλιν⁶
2651 2830 2670 2863 ι
2698 2809 3115 2884 Πεπλανημένοι
3137 2811 3276 2864 εἰσὶν
3304 2811 3416 2864 ἀπὸ
3441 2813 3542 2882 τῆς
3582 2811 3762 2882 μέθης
3783 2811 3876 2866 τοῦ

2287 2904 2456 2967 οίνου,
2475 2921 2494 2954 ι
2536 2903 2613 2966 ὡς
2639 2902 2805 2966 αὐτὸς
2837 2903 2932 2956 καὶ
2976 2903 3130 2974 ἰωὴλ
3165 2901 3286 2974 βοᾷ·
3315 2922 3334 2955 ι
3365 2903 3676 2976 Ἒκνήψατε
3695 2905 3752 2956 oi
3782 2922 3880 2975 με-

2288 2994 2508 3059 θύοντες
2541 2995 2599 3061 ὲξ
2646 2994 2792 3048 οἴνου
2845 2994 3050 3060 αὐτῶν,
3087 2993 3362 3050 κλαύσατε
3415 2996 3510 3050 καὶ
3559 2995 3880 3067 θρηνήσατε

603 3087 704 3142 cia:
732 3087 830 3139 ".i
863 3086 965 3141 Et:
995 3106 1014 3138 ι
1045 3087 1351 3142 Luxuriosa
1378 3103 1468 3142 res
1496 3097 1551 3142 et
1575 3090 1976 3144 contumeliosa
2006 3089 2187 3145 ebrie-

2289 3088 2490 3152 πάντες
2519 3087 2569 3140 οί
2606 3086 2854 3150 πίνοντες
2886 3083 3030 3140 οἶνον
3071 3089 3154 3151 εἰς
3202 3087 3392 3158 μέθην.
3416 3106 3436 3139 ι
3498 3087 3731 3142 κλαίειν
3787 3090 3878 3142 καὶ

605 3191 722 3244 tas;
753 3179 934 3232 omnis
981 3186 1168 3233 autem
1203 3179 1298 3248 qui
1333 3193 1392 3233 se
1441 3179 1718 3234 immiscet
1765 3179 1872 3244 his,
1928 3195 2040 3235 non
2083 3181 2191 3236 erit

602 3270 826 3340 sapiens
851 3271 918 3325 ".
955 3289 972 3321 ι
1001 3270 1172 3324 Oseas
1199 3270 1491 3340 propheta,
1515 3270 1582 3325 de
1605 3280 1792 3326 vetere
1812 3272 1908 3327 illo
1934 3274 2140 3343 popqu
2173 3291 2186 3327 :

609 3381 627 3412 ε
670 3363 870 3418 Vinum
899 3371 956 3417 et
982 3361 1316 3417 ebrietatem
1346 3363 1568 3433 excepit
1597 3379 1694 3418 cor
1718 3365 1906 3434 populi
1933 3365 2039 3420 mei
2063 3365 2131 3418 ³⁷.
2163 3383 2181 3416 ι

602 3454 769 3508 Isaias
787 3453 940 3516 item,
960 3453 1192 3508 miseros
1217 3469 1315 3508 eos
1341 3454 1628 3510 insinuans
1642 3457 1737 3526 qui
1754 3455 1966 3513 diutius
1991 3457 2190 3512 immo-

604 3553 796 3598 rantur
813 3544 962 3610 vino,
988 3544 1210 3600 dicebat
1235 3563 1248 3600 :
1280 3565 1300 3599 ι
1320 3547 1411 3602 Vae
1445 3547 1537 3618 qui
1561 3558 1900 3620 consurgunt
1929 3565 2110 3615 mane,
2132 3559 2190 3606 et

603 3636 836 3690 siceram
862 3645 1146 3691 sectantur
1181 3648 1468 3693 manentes
1491 3655 1666 3710 usque
1687 3641 1744 3694 in
1763 3655 1970 3708 serum,
1994 3641 2187 3696 vinum

603 3729 902 3783 suceendet
933 3743 1030 3784 eos
1057 3729 1122 3784 ".
1158 3749 1176 3782 ι
1209 3730 1414 3784 lterum
1442 3731 1562 3786 Joel
1609 3732 1748 3786 nihil
1792 3733 1925 3787 huic
1967 3733 2188 3788 dissen-

605 3827 799 3874 taneus
827 3821 1030 3875 clamat
1057 3837 1072 3876 :
1104 3839 1123 3872 ι
1165 3821 1435 3892 Evigilate
1475 3822 1617 3879 ebrii
1652 3840 1683 3879 a
1711 3825 1862 3888 vino,
1890 3823 2016 3880 ﬂete
2059 3841 2188 3881 vos-

605 3911 773 3982 ipsos,
803 3923 862 3968 et
889 3913 1071 3982 lugete
1127 3929 1322 3968 omnes
1347 3914 1444 3984 qui
1471 3915 1662 3970 bibitis
1693 3915 1880 3971 vinum
1909 3917 1981 3972 ad
2007 3917 2186 3972 ebrie-

605 4015 772 4060 tatem
795 4007 863 4058 “.
895 4025 914 4057 ι
953 4007 1108 4062 Flere
1132 4007 1278 4062 enim
1302 4015 1360 4062 et
1382 4007 1570 4077 lugere
1599 4009 1965 4064 constitutum
1988 4018 2075 4066 est
2096 4011 2185 4066 his
2218 4030 2221 4032 ·

603 4097 700 4168 qui
745 4097 986 4152 artiﬁces
1014 4109 1146 4152 sunt
1175 4108 1233 4154 et
1261 4099 1504 4168 operarii
1535 4099 1874 4157 vinolentia.
1909 4101 2006 4158 Est
2032 4103 2182 4158 enim

603 4189 850 4243 ebrietas
893 4188 1086 4243 vitium
1123 4187 1246 4244 istis
1291 4190 1569 4260 peculiare
1609 4191 1704 4261 qui
1746 4193 1982 4263 pessime
2011 4193 2184 4249 vitam

603 4277 748 4333 hanc
787 4279 1190 4344 transmittunt,
1241 4289 1300 4336 et
1338 4296 1371 4336 a
1412 4283 1746 4339 rectitudine
1790 4284 1845 4338 in
1896 4285 2184 4356 pudendos

601 4387 824 4427 errores
855 4371 1216 4438 deﬂexerunt,
1267 4373 1355 4428 vel
1406 4381 1544 4430 teste
1589 4375 1716 4441 Job,
1768 4377 1866 4447 qui
1914 4380 2182 4449 quosdam

2294 3178 2528 3250 θρηνεῖν·
2557 3178 2960 3250 προστέτακται
3006 3180 3124 3241 τοῖς
3184 3177 3286 3249 τῆς
3325 3177 3682 3248 οἰνοφλυγίας
3744 3182 3876 3251 ἐρα-

2294 3275 2468 3335 σταῖς.
2519 3273 2628 3325 Kal
2671 3271 2782 3340 γὰρ
2824 3270 3042 3342 ἀληθῶς
3077 3271 3184 3324 τῶν
3213 3270 3514 3342 αἰσχίστων
3567 3271 3878 3341 ἀνθρώπων

2291 3364 2438 3418 ἐστὶν
2475 3365 2509 3434 ὴ
2540 3361 2722 3434 εμέθη,
2769 3363 2862 3416 καὶ
2917 3361 3379 3432 πεπλανημένων,
3413 3362 3491 3426 ὡς
3515 3366 3546 3421 ό
3590 3363 3716 3418 Ἰὼό
3775 3367 3877 3419 ύπὸ

2289 3473 2456 3510 τινων
2489 3454 2886 3535 κατεχόμενος,
2931 3453 3099 3522 φησί’
3145 3471 3164 3504 ι
3192 3445 3612 3525 Πλανηθείησαν
3655 3456 3734 3520 ὡς
3785 3474 3876 3526 με·

2289 3549 2456 3604 θύων.
2489 3567 2510 3600 ι
2548 3548 2614 3600 Ol
2642 3547 2700 3600 δὲ
2743 3545 2960 3617 σεμνῶς
2986 3545 3306 3617 βουλόμενοι
3339 3546 3747 3612 πολιτεύεσθαι,
3785 3549 3874 3602 καὶ

2287 3643 2355 3712 τῇ
2389 3638 2576 3710 εὐθείᾳ
2624 3637 2731 3709 ὁδῷ
2783 3637 3041 3700 ἀπλανῶς
3099 3637 3401 3707 βαδίζουσι,
3443 3638 3742 3702 ἀκούοντες
3781 3637 3874 3693 τοῦ

2301 3731 2656 3794 Ἀποστόλου,
2704 3729 2958 3798 λέγοντος
2988 3743 3002 3759 ·
3047 3748 3066 3781 ι
3095 3728 3185 3799 Μὴ
3257 3727 3599 3798 μεθύσκεσθε
3638 3729 3771 3800 οἴνῳ
3817 3732 3874 3782 ἐν

2286 3817 2332 3894 ᾧ
2356 3825 2504 3878 ἐστιν
2541 3823 2769 3876 ἀσωτία.
2794 3840 2813 3874 ι
2863 3821 2978 3875 Καὶ
3032 3821 3198 3875 πάλιν
3220 3837 3234 3853 ·
3274 3819 3562 3874 «Μέθυσοι
3595 3819 3874 3890 βασιλείαν

2287 3915 2426 3972 Θεοῦ
2480 3915 2542 3968 οὐ
2591 3913 3118 3985 κληρονομήσουσιν.
3147 3929 3166 3964 ι
3215 3909 3326 3963 Kal
3372 3909 3454 3975 τὸ,
3498 3927 3518 3962 ι
3555 3911 3626 3964 Ἦ
3661 3927 3874 3964 σπατα-

2285 4007 2436 4061 λῶσα
2481 4007 2648 4076 χήρα,
2674 4002 2826 4069 ζῶσα
2869 4003 3152 4073 τέθνηκεν.
3181 4020 3201 4054 ι
3257 4001 3369 4055 Kal
3425 4000 3671 4069 ἐπάγει·
3740 4003 3872 4059 (Διὰ

2285 4101 2446 4156 τοῦτο
2475 4101 2550 4172 μὴ
2567 4097 2784 4168 γίνεσθε
2814 4097 3072 4168 ἄφρονες,
3103 4094 3239 4149 ἀλλὰ
3265 4094 3474 4148 συνίετε
3501 4095 3553 4148 τί
3571 4095 3634 4148 τὺ
3661 4094 3870 4166 θέλημα

2283 4193 2378 4248 τοῦ
2399 4192 2558 4248 θεοῦ.
2581 4208 2607 4244 ν
2638 4191 2826 4246 Πάντα
2855 4190 2966 4260 γὰρ
2991 4189 3058 4242 τὰ
3085 4188 3288 4258 αἰσχρὰ
3315 4187 3460 4258 πάθη
3489 4190 3554 4242 ἐκ
3574 4191 3678 4260 τῆς
3700 4189 3867 4258 μέθης

2285 4285 2642 4354 ἀναφύονται⁶
2703 4288 2777 4346 ὡς
2805 4283 2900 4336 καὶ
2933 4280 3101 4334 Δαὸίδ
3130 4293 3332 4349 φησιν·
3365 4298 3385 4332 ι
3405 4279 3524 4344 Νὺξ
3567 4278 3864 4350 φωτισμὺς,

2287 4381 2345 4434 ἐν
2372 4381 2442 4451 τῇ
2475 4379 2656 4450 τρυφῇ
2697 4392 2822 4448 μου,
2844 4393 2864 4426 ι
2899 4372 3146 4428 τουτέστι
3172 4387 3188 4402 ’
3229 4371 3346 4438 Νὺξ
3377 4366 3444 4442 ἦν
3474 4371 3606 4442 περὶ
3646 4372 3751 4442 ἐμὲ
3779 4372 3866 4424 τὸν

602 4464 910 4534 percellens
941 4465 1169 4530 acriter,
1213 4465 1348 4520 dicit
1383 4484 1396 4520 :
1439 4485 1457 4517 ι
1491 4467 1692 4524 Errent
1721 4469 1864 4524 sicut
1891 4471 2034 4528 ebrii
2057 4473 2123 4530 ³⁸.
2153 4494 2172 4527 ι

2289 4470 2536 4537 δείλαιον,
2570 4471 2669 4524 καὶ
2696 4467 2948 4538 ἠγνόουν,
2985 4468 3086 4539 τὴν
3113 4467 3327 4539 τρυφὴν
3354 4465 3528 4518 νύκτα
3561 4465 3860 4536 ὀνομάζων.

600 4553 814 4622 Quibus
836 4565 1019 4610 autem
1049 4555 1203 4610 cordi
1227 4563 1312 4610 est
1335 4555 1534 4625 pudice
1555 4573 1619 4612 ae
1643 4559 1813 4628 probe
1835 4564 2176 4628 conversari,

601 4645 670 4699 ab
691 4645 982 4710 ebrietate,
1009 4645 1158 4699 omni
1185 4644 1368 4700 studio
1389 4646 1494 4700 sibi
1523 4654 1832 4717 temperant
1850 4658 2015 4720 atque
2039 4652 2182 4708 inof-

602 4739 757 4795 fense
793 4755 892 4810 per
945 4739 1089 4794 viam
1137 4746 1378 4810 pergunt
1428 4739 1806 4808 rectitudinis,
1857 4758 1958 4814 per
1993 4747 2179 4803 omnia

601 4831 860 4903 morigeri
913 4831 1230 4902 apostolicae
1283 4830 1493 4902 1035
1545 4833 1833 4890 sententiae
1875 4852 1889 4889 :
1927 4854 1946 4887 ι
1997 4837 2181 4895 Nolite

601 4923 866 4978 inebriari
897 4923 1028 4977 vino
1078 4923 1134 4977 in
1185 4937 1296 4993 quo
1341 4931 1426 4977 est
1473 4924 1690 4979 luxuria
1722 4925 1788 4980 ²¹.
1839 4945 1858 4979 ›
1906 4927 2113 4985 Iterum
2159 4947 2175 4985 :

609 5035 628 5067 ι
655 5015 806 5070 Ebrii
829 5030 1059 5086 regnum
1083 5015 1178 5070 Dei
1205 5031 1313 5070 non
1334 5014 1739 5072 liaareditabunt
1762 5018 1826 5074 ³³.
1861 5037 1879 5071 ι
1904 5019 1973 5074 Εῐ
1997 5020 2132 5077 illud
2161 5041 2176 5078 :

2283 4563 2394 4618 Kal
2419 4562 2531 4632 γὰρ
2562 4560 2732 4632 ἀχλὺς
2776 4560 2874 4614 καὶ
2896 4559 3112 4622 ’σκότος
3133 4561 3247 4622 τοῖς
3293 4556 3576 4630 μεθύουσι,
3607 4557 3754 4610 κατὰ
3778 4555 3863 4608 τὸν

2294 4653 2640 4708 Ἀπόστολον.
2673 4651 2786 4722 Τὴν
2815 4650 2926 4723 γὰρ
2953 4649 3084 4722 περὶ
3110 4647 3219 4703 τῶν
3264 4647 3583 4718 θυγατέρων
3609 4645 3708 4700 τοῦ
3745 4644 3861 4700 Λὼτ

2285 4745 2528 4816 ίστορίαν
2555 4741 2698 4796 ἑκὼν
2723 4741 2825 4795 ύπε
2835 4741 3132 4812 ρὸήσομαι.
3149 4736 3210 4793 ’0
3229 4736 3430 4809 Κύριος
3448 4734 3780 4788 ἐπιϐεϐαιῶν
3797 4735 3858 4786 τὰ

2283 4836 2646 4908 προκείμενα,
2696 4835 2866 4888 πᾶσιν
2896 4830 3206 4886 ἐντέλλεται
3240 4829 3438 4898 λέγων·
3475 4826 3754 4880 «Βλέπετε
3787 4821 3855 4893 μὴ

2287 4927 2630 5002 βαρυνθῶσιν
2658 4927 2716 4980 al
2739 4924 2959 4998 καρδίαι
2981 4921 3137 4994 ὑμῶν
3160 4924 3219 4976 ἐν
3243 4919 3527 4994 κραιπάλῃ
3541 4920 3638 4973 καὶ
3664 4915 3849 4990 μέθῃ.»

2285 5021 2444 5094 Αύτῷ
2472 5023 2506 5094 ἡ
2537 5020 2666 5088 δόξα
2693 5021 2772 5084 εἰς
2795 5019 2920 5080 τοὺς
2945 5015 3145 5079 αἰῶνας
3165 5013 3273 5068 τῶν
3301 5011 3534 5068 αίὼνων.
3579 5011 3770 5080 ’Δμήν.

605 5126 626 5158 ι
678 5107 858 5164 Vidua
910 5122 1033 5178 quas
1095 5106 1150 5160 in
1211 5107 1428 5164 deliciis
1483 5107 1652 5175 vivit,
1713 5110 1906 5166 vivens
1971 5125 2190 5174 mortua
2247 5126 2334 5176 est
2353 5099 2416 5172 '5.
2471 5133 2491 5169 ι
2551 5113 2828 5170 lnducit:
2881 5129 2899 5162 ‹
2933 5110 3232 5180 Propterea
3297 5107 3469 5162 nolite
3538 5103 3657 5159 ﬁeri
3725 5099 3850 5156 ίηεὲ-

601 5203 836 5274 pientes,
862 5199 965 5257 sed
996 5200 1366 5273 intelligentes
1397 5217 1519 5272 quae
1549 5200 1620 5256 sit
1648 5202 1906 5258 voluntas
1929 5205 2027 5261 Dei
2059 5207 2124 5263 “.
2157 5229 2176 5262 ι
2213 5211 2496 5280 Quotquot
2561 5200 2710 5262 enim
2744 5205 2999 5260 obscenae
3061 5207 3192 5256 sunt
3219 5206 3278 5255 et
3319 5196 3694 5270 ignominiosa:
3723 5192 3846 5249 ale-

673 5362 713 5434 ξθ
744 5360 882 5416 Gen.
922 5376 996 5426 Ix,
1029 5359 1275 5434 2l-23._
1304 5361 1362 5434 _’°
1397 5358 1562 5414 Prov.
1600 5361 1835 5434 χειλη.
1885 5363 1969 5434 βξ
1989 5362 2152 5418 Prov.
2187 5381 2200 5418 ι

2289 5381 2337 5432 ri,
2367 5365 2560 5428 29,50.
2631 5365 2677 5397 “
2706 5363 2910 5434 Ephes.
2960 5380 3014 5430 v,
3054 5363 3164 5434 718.

1228 5431 1275 5502 ’ξ
1303 5431 1464 5485 Prov.
1501 5429 1809 5502 ,ιδυμεοη
1839 5433 1898 5502 ’³⁸
1945 5432 2110 5488 Prov.
2145 5435 2234 5501 20,
2269 5429 2332 5490 ιζ
2397 5437 2440 5467 ιτ
2467 5434 2609 5491 Osee
2661 5452 2734 5502 ιν,
2754 5429 2855 5488 ⁷11,

601 5431 644 5460 "
667 5432 832 5486 Prov.
897 5446 992 5489 xtl.
1031 5431 1117 5484 Η.

3274 5363 3321 5395 ’³
3365 5360 3536 5417 Eccli.
3576 5371 3716 5418 nn.
3763 5349 3840 5404 ⁵ο-

2976 5420 3023 5466 ²δ
3053 5433 3156 5488 lsa.
3209 5449 3265 5500 v,
3312 5433 3398 5488 Η.
3507 5430 3550 5462 ³⁸
3580 5425 3692 5484 Jocl
3725 5437 3762 5487 ιν
3792 5420 3838 5474 5-

603 5501 644 5532 "
670 5503 774 5557 Job
808 5519 902 5568 xu,
935 5503 1026 5556 25.
1103 5501 1144 5532 ³¹
1176 5501 1378 5571 Epltes.
1413 5517 1468 5566 v,
1504 5499 1590 5554 l8.
1667 5501 1713 5533 "
1788 5497 1950 5558 ICor.
1977 5503 2162 5566 v1.10.

2311 5506 2331 5560 Ι
2363 5505 2505 5560 Tim.
2532 5523 2586 5572 v,
2619 5505 2672 5562 6.
2721 5497 2792 5538 ’⁸⁸
2823 5504 3024 5576 prcs.
3055 5505 3206 5569 v,l7.

1893 5653 2132 5711 ἾΑΒΙιΕ
2174 5657 2586 5717 LECTIONES.

673 5759 697 5788 ⁸
725 5751 1038 5822 συγκαύσει,
1061 5757 1336 5809 succende!
1359 5771 1374 5822 ;
1404 5753 1691 5825 συγκάψει,
1712 5751 1886 5809 Aldus
1914 5753 2100 5809 habet.
