4054 6312
605 278 738 339 1467

605 414 623 445 ι
661 397 737 447 Ad
769 394 1324 463 suprrabuudantiam
1361 410 1465 448 non
1510 396 1664 450 dabis
1686 397 1836 451 cibos
1866 405 1990 450 tuos
2024 399 2092 450 ⁸¹.

600 487 957 542 Ecclesiastes
1004 488 1076 542 de
1128 487 1247 541 istis
1297 489 1390 557 qui
1438 503 1537 558 per
1586 488 1928 558 iniquitatem
1982 489 2165 544 usuris

598 589 866 634 extortam
888 580 1322 650 locupletantur,
1349 579 1604 633 edisserit
1628 580 1774 634 hunc
1806 579 1859 633 in
1889 580 2110 633 modum
2146 597 2161 635 :

607 692 626 721 ε
664 672 758 726 Est
795 672 1082 726 inﬁrmitas
1104 671 1285 740 gravis
1310 687 1472 740 quam
1508 670 1619 724 vidi
1656 671 1761 725 sub
1795 671 1930 732 sole,
1970 685 2165 740 nempe

599 778 722 817 cum
757 763 883 832 quis
904 762 1125 816 divitias
1150 762 1393 816 custodit
1426 763 1479 816 in
1519 763 1722 816 malum
1760 762 2067 835 proprium,
2107 771 2165 816 et

598 856 857 926 peribunt
887 854 1089 908 divitia:
1119 855 1223 908 illa:
1253 854 1308 908 in
1338 854 1697 923 occupatione
1729 854 1890 918 mala,
1919 862 1977 908 et
2013 860 2165 908 certe

595 962 786 1001 omnes
813 948 931 1000 dies
958 946 1106 1002 illius
1137 946 1190 999 in
1223 947 1465 1000 tenebris
1487 955 1541 1000 et
1565 946 1719 1001 luctu
1745 953 1801 1000 et
1823 946 1880 999 in
1910 946 2163 1015 indigna-

598 1040 744 1092 tione
771 1038 940 1093 multa
962 1047 1017 1093 et
1040 1038 1372 1093 infirmitate.
1402 1039 1468 1093 Et
1488 1039 1640 1093 labor
1662 1038 1822 1092 istius
1862 1038 1917 1092 in
1938 1047 2163 1092 ventum

597 1130 805 1184 ibit'".
846 1149 865 1181 ι
897 1131 1183 1185 Consentit
1208 1130 1294 1184 his
1333 1131 1463 1184 illud
1490 1131 1642 1185 Pauli
1670 1130 1738 1185 ad
1764 1130 2158 1185 Timotheum':

600 1237 617 1266 ι
655 1217 929 1273 Divitibus
959 1219 1123 1289 hujus
1166 1218 1347 1273 saeculi
1392 1220 1623 1289 prtecipe
1665 1235 1774 1274 non
1804 1220 2041 1274 sublime
2072 1235 2162 1275 sa-

595 1323 725 1376 pere
776 1324 877 1361 nec
928 1322 1151 1377 sperare
1202 1309 1258 1360 in
1303 1308 1517 1361 incerto
1567 1308 1909 1373 divitiarum,
1950 1309 2046 1364 sed
2106 1310 2161 1364 in

598 1398 727 1454 Deo.
758 1398 849 1466 qui
872 1407 1090 1467 praestat
1117 1397 1279 1453 nobis
1304 1398 1487 1453 omnia
1508 1398 1727 1454 abunde
1751 1400 1818 1454 ad
1843 1399 2160 1468 fruendum,

598 1488 736 1543 bene
784 1504 965 1559 agere,
1016 1488 1214 1543 divites
1254 1502 1374 1545 esse
1407 1490 1459 1543 in
1496 1491 1758 1561 operibus
1782 1492 1963 1557 bonis,
2003 1490 2162 1548 facile

599 1581 864 1646 tribuere,
913 1581 1346 1643 communicare,
1389 1581 1765 1636 thesaurizare
1817 1582 1920 1637 sibi
1968 1582 2166 1638 funda-

598 1680 841 1725 mentum
886 1672 1090 1725 bonum
1126 1671 1178 1725 in
1216 1671 1482 1735 futurum,
1519 1683 1579 1727 ut
1608 1674 2024 1743 apprehendaut
2062 1693 2162 1732 ve-

1862 281 2221 341 ANTIOCHI
2266 272 2605 341 nomen!

2140 417 2157 448 ι
2194 401 2240 457 Α
2267 395 2328 448 τὸ
2371 396 2500 466 παρ’
2548 395 2716 448 αὑτοῦ

3718 279 3853 342 1468

2759 397 2837 457 εἰς
2889 395 3090 447 κακίαν
3128 394 3292 463 αὐτῷ,
3339 395 3435 447 καὶ
3478 393 3778 449 ἀπολεῖται
3820 400 3848 449 ό

2266 487 2499 551 πλοῦτος
2535 488 2742 550 ἐκεῖνος
2786 489 2843 539 ὲν
2900 487 3274 556 περισπασμῷ
3331 486 3583 556 πονηρῷ,
3631 486 3733 539 καί
3785 504 3844 555 γε

2266 580 2437 632 πᾶσαι
2472 580 2525 632 αἱ
2556 572 2759 650 ήμέραι
2785 578 2951 632 αὐτοῦ
2974 581 3032 636 ὲν
3058 578 3260 640 σκότει,
3296 579 3393 632 καὶ
3423 580 3483 630 ὲν
3510 579 3731 644 πένθει,
3756 581 3847 633 καὶ

2267 672 2324 723 ὲν
2356 669 2513 739 θυμῷ
2553 669 2751 740 πολλῷ,
2786 669 2878 741 καὶ
2902 670 3210 741 ἀρρωστία,
3247 671 3345 722 καὶ
3374 671 3402 723 ό
3427 669 3638 741 μόχθος
3664 670 3846 724 αὐτῶν

2240 764 2345 826 ἐίς
2388 763 2606 833 ἀνεμον.
2649 782 2667 813 ι
2710 762 3070 833 Ὁμοίωςκαὶ
3099 764 3129 815 ὁ
3177 762 3508 825 ’Δπόστολος
3540 764 3847 833 ’παραινῶν

2265 852 2516 924 Τιμοθέῳ
2563 852 2772 921 ἔλεγεν·
2810 872 2829 901 ι
2867 853 2995 916 Τοῖς
3033 851 3311 916 πλουσίοις
3341 854 3401 906 ὲν
3440 853 3518 923 τῷ
3550 854 3654 907 νῦν
3690 855 3846 907 alti-rt

2265 944 2633 1015 παράγγελλε,
2666 947 2741 1016 μὴ
2775 936 3188 1015 ύψηλοφρονεῖν,
3237 945 3371 1015 μηδὲ
3413 945 3717 1014 ἠλπικέναι
3757 949 3846 1000 ἐπὶ

2267 1036 2499 1090 πλούτου
2552 1038 2863 1109 ἀδηλότητι,
2918 1038 3032 1092 ἀλλ’
3090 1039 3184 1090 ἐπὶ
3235 1038 3357 1109 Θεῷ
3396 1038 3486 1108 ’τῷ
3542 1032 3846 1110 παρέχοντι

2266 1129 2396 1199 ἡμῖν
2435 1131 2615 1183 πάντα
2658 1130 2951 1194 πλουσίως,
2983 1130 3062 1192 είς
3089 1126 3390 1184 ἀπόλαυσιν
3410 1169 3424 1191 ,
3454 1129 3842 1199 ἀγαθοεργεῖν,

2265 1219 2522 1274 πλουτεῖν
2558 1222 2618 1274 ὲν
2646 1221 2830 1292 ἔργοις
2860 1221 3072 1285 ⁴καλοῖς,
3103 1221 3500 1289 εὐμεταδότους
3533 1216 3700 1285 εἶναι,
3729 1240 3845 1276 κοι-

2265 1313 2545 1377 νωνικοὺς,
2573 1312 3118 1382 ἀποθησαυρίζοντας
3148 1315 3363 1376 ἑαυτοῖς
3385 1313 3645 1382 θεμέλιον
3678 1314 3844 1367 καλὸν

2266 1402 2348 1466 είς
2407 1404 2468 1456 τὸ
2532 1403 2722 1473 μέλλον
2745 1444 2761 1470 ,
2835 1404 2923 1458 ῖνα
2989 1402 3357 1458 ἐπιλάϐωνται
3440 1405 3544 1474 τῆς
3620 1404 3843 1458 diu;sz

2267 1495 2432 1564 ζωῆς.
2487 1513 2505 1546 ι
2569 1494 2883 1564 negassem
2916 1489 3029 1559 οὖν,
3062 1494 3305 1560 ἀδελφοὶ,
3331 1486 3399 1566 τῇ
3447 1494 3571 1566 θείᾳ
3626 1495 3841 1566 Γραφῇ,

2266 1586 2595 1656 ἀποστῶμεν
2622 1587 2718 1655 τῆς
2741 1585 2919 1657 δεινῆς
2949 1584 3287 1648 πλεονεξίας,
3321 1586 3419 1639 καὶ
3448 1586 3548 1656 τῆς
3578 1586 3845 1656 βδελυρίς

2267 1678 2507 1742 ἐπινοίας
2535 1678 2742 1747 ταύτης
2766 1678 2877 1730 τῶν
2909 1680 3106 1733 τόκων.
3146 1679 3205 1732 '0
3234 1678 3342 1746 γὰρ
3382 1678 3562 1742 τόκος.
3599 1678 3681 1748 τῷ
3707 1679 3842 1749 δόλῳ

595 1780 708 1817 ram
744 1763 914 1816 vitam
941 1763 1042 1817 ³⁸.»
1072 1763 1412 1817 Auctoritate
1445 1762 1617 1833 igitur
1650 1765 1896 1835 persuasi
1920 1765 2159 1836 (fratres)

2267 1768 2623 1839 συνεζεῦχθη.
2656 1769 2763 1822 Καὶ
2807 1769 3004 1838 μᾶὶλον
3046 1767 3380 1839 ζηλὼσωμεν
3414 1768 3511 1821 τὸν
3542 1769 3715 1822 καλὸν
3742 1769 3840 1837 ζῆ-

594 1850 896 1919 Scipturae
919 1849 1139 1915 divime,
1171 1850 1239 1904 ab
1276 1850 1591 1919 inexplebili
1617 1851 1707 1905 illa
1740 1852 2001 1908 aviditate
2030 1870 2163 1908 con-

594 1944 818 2014 gerendi
871 1943 1091 1999 divitias
1141 1958 1433 1999 avocemus
1477 1955 1713 1999 mentem
1770 1966 1783 2000 :
1843 1947 2161 2018 longissime

594 2035 1018 2088 submoveamus
1046 2049 1147 2087 nos
1172 2035 1241 2088 ab
1286 2034 1388 2089 hac
1415 2028 1739 2090 exsecrabili
1769 2052 1997 2107 prorsus
2031 2055 2164 2094 usu-

596 2141 780 2179 rarum
832 2125 1230 2195 excogitatioue
1271 2144 1283 2177 :
1322 2126 1504 2195 potius
1559 2127 1838 2182 imitemur
1863 2128 2010 2184 beati
2054 2129 2160 2184 Za-

594 2217 727 2272 chaei
776 2216 925 2289 pium
960 2217 1158 2278 zelum,
1205 2232 1330 2270 eum
1367 2215 1559 2270 eodem
1595 2216 1843 2271 dicentes
1889 2234 1903 2270 :
1951 2236 1968 2269 ι
2018 2219 2161 2274 Ecce

593 2308 879 2362 dimidium
914 2308 1487 2371 bonorummeorum,
1530 2308 1774 2371 Domine,
1801 2307 1873 2363 do
1904 2311 2161 2379 pauperi-

596 2402 718 2465 bus,
745 2408 801 2455 et
834 2402 879 2454 si
907 2400 1039 2470 quid
1067 2399 1304 2469 aliquem
1327 2398 1671 2464 defraudavi,
1708 2399 1881 2454 reddo
1918 2401 2160 2470 quadru-

2269 1862 2359 1915 λον
2399 1860 2494 1913 τοῦ
2540 1860 2816 1931 μακαρίου
2858 1859 3158 1929 Ζακχαίου,
3199 1859 3461 1927 λέγοντες
3503 1861 3605 1911 σὺν
3651 1860 3798 1928 αὐτῷ
3824 1876 3836 1888 ·

2273 1971 2295 2005 σ
2349 1953 2480 2006 Ἰδοὺ
2523 1952 2583 2004 τὸ
2619 1953 2790 2023 ἥμισυ
2818 1952 2926 2005 τῶν
2962 1936 3323 2023 ὑπαρχόντων
3354 1969 3467 2021 μοι,
3504 1952 3707 2022 Κύριε,
3736 1955 3840 2015 τοῖς

2266 2046 2503 2115 πτωχοῖς
2524 2043 2740 2108 δίδωμι.
2776 2028 2885 2096 καὶ
2915 2042 2969 2095 εῐ
2987 2042 3132 2106 τινός
3159 2060 3213 2096 τι
3235 2043 3684 2112 ἐσυκοφάντησα,
3717 2044 3842 2095 ἀποο

2265 2136 2460 2205 δίδωμι
2517 2120 2888 2205 τετραπλοῦν·
2928 2156 2947 2186 ι
3041 2137 3126 2189 ἵνα
3176 2137 3272 2189 καὶ
3315 2138 3476 2206 ἡμεῖς
3520 2135 3843 2204 ἀκούσωμεν

2264 2227 2415 2296 παρά
2441 2227 2537 2280 τοῦ
2567 2223 2626 2279 εὖ
2653 2228 2850 2289 εἰδότος
2880 2227 2950 2279 τὰ
2975 2229 3193 2296 κρυπτά
3221 2226 3381 2299 ήμῶν
3416 2226 3699 2279 Δεσπότου
3755 2227 3841 2278 καὶ

2265 2315 2536 2385 Σωτῆρος·
2581 2335 2599 2368 ι
2647 2317 2894 2385 Σήμερον
2921 2317 3163 2388 σωτηρία
3185 2315 3261 2386 τῷ
3293 2318 3427 2386 οἴκῳ
3454 2316 3637 2387 τούτῳ
3667 2316 3841 2384 ἐγένεο

2263 2422 2344 2461 το.
2391 2426 2409 2457 ι
2444 2408 2600 2477 Αὐτῷ
2631 2410 2663 2478 ἡ
2701 2408 2829 2473 δόξα
2854 2408 2934 2469 είς
2960 2410 3087 2470 τοὺς
3111 2407 3338 2469 αίῶνας.
3376 2409 3575 2478 Ἀμήν.

595 2493 745 2562 plum
779 2493 845 2548 “.
888 2513 905 2544 ι
941 2493 1107 2562 quue
1142 2501 1200 2546 ut
1230 2492 1299 2546 ab
1350 2507 1418 2547 eo
1449 2508 1859 2561 promereamur
1884 2493 2097 2554 audire.
2133 2497 2227 2564 qui
2291 2501 2540 2554 cordium
2600 2512 2912 2556 nostrorum
2975 2515 3206 2555 arcanos
3260 2514 3519 2555 recessus
3543 2499 3837 2569 perspicue

595 2586 749 2639 novit
792 2584 1026 2639 Domino
1093 2591 1281 2638 nostro
1344 2588 1409 2639 ac
1450 2585 1777 2639 .Salvamre:
1809 2602 1827 2629 ι
1868 2584 2040 2640 llodie
2090 2587 2239 2644 salus
2276 2590 2465 2647 domui
2500 2592 2630 2647 huic
2654 2591 2813 2648 Tacta
2855 2600 2941 2648 est
2982 2591 3047 2646 “.
3088 2610 3109 2644 ι
3151 2592 3257 2662 Ipsi
3297 2592 3474 2663 gloria
3520 2593 3575 2645 in
3622 2590 3833 2647 secula.

593 2682 790 2734 Amen.

1139 2788 1419 2845 llOMlLlA
1484 2790 1625 2843 XIII.

598 2904 808 2977 1055
829 2903 899 2958 De
919 2903 1267 2957 immoderata
1291 2905 1562 2985 affectione
1576 2905 1935 2975 conquirendi,
1962 2907 2068 2959 sive
2096 2908 2159 2960 de

1247 2982 1498 3028 avaritia.

2869 2794 3087 2852 ΛΟΓΟΣ
3135 2782 3236 2851 ir'.

2772 2907 2909 2977 Περὶ
2961 2908 3220 2991 πλεονεξ
3225 2909 3341 2975 [ας.

666 3091 757 3145 Ait
815 3090 1122 3146 Dominus:
1170 3108 1188 3139 ι
1220 3087 1393 3143 Nemo
1445 3096 1628 3157 potest
1667 3087 1887 3143 duobus
1925 3088 2165 3145 dominis

2324 3084 2507 3155 φησὶν
2533 3086 2561 3139 ὁ
2600 3085 2827 3155 Κύριος⁸
2865 3104 2884 3136 ι
2927 3084 3118 3149 Οὐδεὶς
3161 3084 3385 3151 δύναται
3432 3087 3591 3139 δυσὶν
3632 3088 3839 3159 κυρίοις

596 3184 804 3238 servire
826 3200 839 3245 ;
863 3191 957 3237 aut
985 3182 1132 3235 enim
1163 3195 1332 3234 unum
1361 3187 1679 3239 contemnet
1705 3188 1760 3233 et
1786 3180 2019 3234 alterum
2046 3196 2168 3236 sus—

599 3276 813 3339 tiuebit,
849 3283 945 3329 aut
993 3288 1163 3327 unum
1193 3272 1373 3325 oderit
1407 3279 1462 3326 et
1517 3271 1752 3326 alterum
1785 3270 1978 3343 diliget
2007 3290 2021 3326 :
2054 3288 2165 3328 non

598 3365 828 3436 potestis
895 3365 1006 3419 Deo
1081 3362 1287 3417 servire
1347 3372 1403 3417 et
1469 3362 1888 3417 mammona".
1926 3362 2167 3418 Liberali

596 3458 743 3512 enim
783 3471 812 3510 a
844 3463 1092 3524 peccato.
1123 3453 1267 3509 servi
1302 3453 1426 3507 facti
1465 3453 1599 3508 estis
1630 3453 1856 3525 justitia:
1876 3455 1947 3518 “,
1997 3473 2016 3507 ι
2063 3470 2168 3510 nec

595 3550 705 3618 jam
742 3546 972 3617 potestis
997 3546 1109 3601 Deo
1141 3544 1350 3599 servire
1389 3552 1445 3598 et
1482 3561 1810 3601 mammonae
1842 3562 1856 3598 :
1892 3546 2050 3616 cujus
2084 3545 2169 3600 in-

601 3639 930 3709 terpretatio
976 3646 1062 3694 est
1099 3639 1293 3693 diuitiis
1321 3681 1334 3704 ,
1366 3638 1511 3693 sicut
1564 3638 1655 3693 ille
1688 3639 1864 3694 dicit:
1903 3657 1921 3690 ι
1955 3638 2169 3694 Divitiae

597 3732 643 3787 si
673 3731 914 3795 aiiluant,
938 3733 1107 3787 nolite
1125 3746 1222 3787 cor
1246 3746 1522 3801 apponere
1545 3731 1588 3762 "
1620 3748 1633 3783 :
1669 3753 1685 3779 ο
1718 3730 2168 3808 quandoquidem

593 3822 748 3892 juxta
802 3820 940 3892 legis
983 3820 1386 3891 praescriptum,
1423 3836 1549 3891 pars
1581 3836 1688 3875 una
1719 3822 1970 3891 corporis
2016 3822 2168 3891 lepra

597 3912 641 3966 si
693 3914 1024 3984 aspergitur,
1084 3914 1255 3967 altera
1321 3923 1504 3969 autem
1572 3913 1790 3967 sincera
1843 3922 1949 3976 est,
1988 3922 2165 3966 totum

600 4005 819 4059 interim
844 4011 1104 4058 censetur
1127 4002 1468 4057 immundum
1495 4003 1560 4056 ⁸⁸.
1591 4003 1756 4057 Plane
1783 4003 1974 4057 alienae.
1998 4001 2167 4057 facul-

601 4096 726 4150 tatis
773 4095 1153 4165 appetentior,
1190 4093 1534 4163 quantalibet
1583 4092 1833 4163 pecuniae
1899 4093 2169 4149 exuberet

600 4188 777 4257 copia,
807 4203 1091 4256 nunquam
1145 4185 1466 4240 exsatiatur.
1502 4184 1639 4241 Cum
1706 4184 1854 4239 enim
1882 4185 2167 4254 permulta

600 4277 988 4348 indipiscetur,
1024 4291 1210 4330 rursus
1273 4276 1377 4329 alia
1427 4282 1583 4330 tanto
1632 4283 1854 4344 expetet
1901 4274 2165 4339 avidius;

601 4380 839 4438 cumque
867 4367 973 4422 sibi
999 4368 1117 4421 hmc
1155 4366 1484 4427 conciliarit,
1513 4367 1637 4421 aliis
1669 4382 1889 4421 rursum
1920 4380 2166 4437 expanso

600 4459 1066 4529 concupiscentiae
1117 4458 1242 4510 sinu
1291 4456 1466 4510 inhiat
1513 4457 1879 4520 cumulandis,
1914 4473 2017 4512 nec
2060 4473 2166 4511 un-

600 4566 763 4620 quam
787 4549 1162 4604 vesanieutem
1184 4548 1333 4602 hunc
1363 4548 1518 4602 sedat
1536 4552 1858 4618 appetitum.
1883 4549 1998 4603 Nec
2019 4548 2168 4603 enim

603 4641 649 4693 is
662 4641 835 4701 novit,
862 4639 989 4708 quia
1007 4636 1265 4707 quantam
1287 4637 1748 4692 habetmateriam
1775 4637 1983 4692 vitiosa:
2009 4638 2173 4693 istius

603 4730 911 4786 affectionis
945 4729 1249 4783 secundum
1290 4725 1737 4798 proportionem,
1760 4735 1915 4782 tanto
1959 4729 2172 4784 recedit

605 4841 630 4876 a
657 4824 788 4884 Deo,
829 4821 995 4889 ﬁtque
1025 4819 1300 4889 particeps
1331 4819 1639 4888 apostasia.
1668 4817 1869 4888 Utique
1897 4820 2019 4873 talis
2050 4821 2173 4873 nul.

604 4915 716 4969 lum
745 4914 990 4982 operitur
1020 4912 1144 4966 vita:
1178 4910 1337 4965 istius
1369 4909 1571 4975 ﬁnem;
1608 4923 1786 4979 neque
1831 4910 2090 4981 intelligit
2118 4912 2172 4965 in

609 5006 709 5060 hac
735 5005 844 5060 vita
880 5002 1212 5073 inquilinum
1240 5017 1298 5056 se
1330 5015 1451 5056 esse
1488 5007 1652 5070 atque
1688 5000 1942 5066 incolam,
1974 5012 2030 5056 et
2054 5017 2176 5071 qua:

607 5099 839 5168 adeptus
897 5108 983 5149 est
1034 5111 1143 5149 non
1185 5108 1307 5149 esse
1365 5108 1484 5147 sua.
1514 5091 1679 5148 Plane
1718 5091 1765 5147 is
1801 5092 2178 5147 aeeensendus

607 5190 759 5243 venit
806 5188 987 5242 ordini
1039 5188 1357 5242 stultorum.
1385 5183 1670 5252 Particeps
1716 5182 1865 5237 enim
1911 5192 1995 5237 est
2028 5183 2177 5236 illius

608 5282 797 5335 divitis
821 5281 908 5335 cui
933 5287 1187 5350 suspecta
1218 5284 1337 5332 erat
1374 5275 1475 5329 loci
1510 5276 1594 5330 sui
1621 5276 1893 5344 angustia,
1928 5275 2001 5328 De
2032 5274 2179 5343 ejus-

611 5371 757 5425 modi
803 5370 1084 5440 clcganter
1125 5366 1407 5436 Scriptura
1439 5363 1687 5432 loquitur
1715 5381 1728 5415 :
1762 5382 1780 5414 ι
1810 5361 2179 5427 Quemadmo-

615 5463 744 5516 dum
779 5462 1026 5516 iufcrnus
1066 5470 1125 5514 et
1157 5458 1395 5530 perditio
1433 5471 1541 5509 non
1579 5454 1896 5524 implentur,
1930 5454 2001 5506 ita
2030 5453 2175 5505 oeuli

690 5614 728 5645 ἰ
773 5614 902 5665 Lor.
933 5632 1053 5667 χεν.
1079 5615 1167 5666 7:7.
1239 5617 1302 5645 εἰ·
1334 5605 1777 5667 Ειτρὶο.ν,ΙΞ-Ιῖί.
1832 5608 1875 5638 ⁸²
1912 5606 2087 5659 lTim.
2130 5621 2175 5656 γι

623 5680 667 5715 ⁵⁵
689 5683 845 5738 Rotu.
879 5700 963 5747 VI,
998 5685 1075 5735 18.
1154 5686 1195 5713 ⁵⁷
1228 5684 1366 5735 l‘sul.
1408 5683 1538 5745 I.\i,l
1562 5683 1604 5735 l.

2265 3172 2558 3228 δουλεύειν.
2594 3175 2664 3226 Ἥ
2696 3176 2816 3244 ,γάρ
2853 3172 2945 3227 τοῦ
2986 3175 3104 3237 sva;
3137 3177 3549 3246 καταφρονήσει
3571 3218 3585 3240 ,
3621 3180 3718 3231 καὶ
3752 3177 3838 3230 τοῦ

2267 3265 2451 3335 ἐτέρου
2478 3263 2762 3331 ἀνθέξεται
2788 3282 2800 3293 ο
2827 3265 2858 3335 ἢ
2888 3266 2982 3317 τὸν
3003 3265 3102 3319 ἕνα
3130 3268 3376 3335 μισήσει,
3412 3268 3507 3320 καὶ
3534 3269 3630 3321 τὸν
3657 3268 3841 3341 ἕτερον

2264 3357 2566 3425 ἀγαπήσει.
2592 3356 2667 3410 Οὐ
2693 3357 2922 3411 δύνασθε
2946 3344 3070 3428 Θεῷ
3090 3357 3367 3411 δουλεύειν
3392 3346 3489 3413 καὶ
3521 3356 3835 3431 Μαμμωνᾷ.

2277 3448 2768 3528 Ἐλευθερωθέντες
2795 3449 2904 3518 γὰρ
2920 3451 3028 3503 ἀπὸ
3051 3449 3154 3520 τῆς
3173 3451 3473 3521 ἁμαρτίας,
3507 3452 3840 3521 ἐδουλώθητε

2265 3542 2332 3611 τῇ
2368 3540 2706 3612 δικαιοσύνῃ.
2743 3560 2761 3592 ι
2795 3541 2904 3594 Kal
2931 3541 2991 3593 οὐ
3021 3532 3252 3595 δύνασθε
3285 3542 3406 3614 Θεῷ
3432 3543 3711 3597 δουλεύειν
3746 3547 3836 3596 καὶ

2266 3629 2583 3700 Μαμμωνᾷ,
2620 3628 2649 3681 δ
2676 3628 3069 3701 ἑρμηνεύεται,
3102 3631 3390 3698 πλοῦτος,
3421 3632 3608 3696 καθὼς
3658 3634 3831 3702 λέγει·

2274 3737 2294 3772 ι
2334 3720 2573 3785 Πλοῦτος
2602 3721 2841 3795 ὲάνιρὲῃ,
2880 3722 2953 3791 μὴ
2985 3722 3340 3793 προστίθεσθε
3374 3725 3628 3794 καρδίαν.
3662 3745 3681 3776 ι
3706 3728 3839 3779 Οὐαὶ

2268 3811 2378 3884 γὰρ
2408 3813 2719 3884 ἁμαρτωλῷ
2749 3808 3085 3867 ὲπιδαῖνοντι
3115 3814 3208 3867 ἐπὶ
3229 3815 3329 3868 δύο
3353 3814 3618 3884 τρίϐουςῑ
3653 3818 3836 3885 ἐπειδὴ

2268 3904 2364 3958 ὲάν
2463 3904 2607 3958 κατά
2660 3905 2750 3958 τὸν
2808 3904 2977 3974 νόμον
3029 3892 3196 3975 μέρος
3258 3905 3460 3975 λεπρδν
3486 3947 3501 3969 ,
3534 3909 3632 3963 καὶ
3679 3909 3839 3978 μέρος

2269 3994 2510 4065 καθαρὸν
2537 4038 2550 4060 ,
2587 3996 2707 4048 ὅλον
2739 3995 3047 4066 ἀκάθαρτόν
3090 3997 3259 4050 ἐστιν.
3298 3995 3355 4050 Ὃ
3385 3992 3477 4050 οὖν
3508 3997 3837 4064 πλεονέκτης

2268 4084 2429 4153 κόρον
2459 4084 2559 4137 ούκ
2585 4084 2698 4154 ἔχει
2722 4085 2823 4153 τῆς
2853 4083 3312 4154 φιλοχρηματίας.
3335 4086 3510 4139 Ὅταν
3536 4087 3650 4157 γὰρ
3673 4088 3835 4140 πολλὰ

2268 4175 2561 4249 κτήσηται,
2589 4175 2753 4229 πάλιν
2782 4176 2960 4230 ἄλλων
2981 4176 3257 4247 ὀρέγεται.
3284 4177 3395 4231 Καὶ
3424 4178 3555 4231 ὅταν
3578 4180 3680 4233 καὶ
3702 4178 3835 4230 αὐτὰ

2268 4267 2636 4339 οίκειὼσηται,
2675 4266 2831 4331 αὖθις
2882 4268 3043 4345 ἕτερα
3094 4257 3378 4338 ἐπιθυμεῖ.
3415 4269 3529 4322 Kal
3578 4269 3831 4322 οὐδέποτε

2272 4357 2507 4411 παύεται
2540 4357 2639 4426 τῆς
2670 4357 2908 4427 ματαίας
2938 4357 3141 4428 ταύτης
3163 4357 3414 4426 ὀρέξεως.
3435 4358 3548 4412 Kal
3577 4360 3684 4413 οὐκ
3702 4353 3833 4412 οἶδεν

2271 4449 2352 4501 ὅτι
2390 4447 2491 4501 ὅσα
2533 4448 2597 4501 ἀν
2632 4447 2752 4501 κατ’
2789 4446 3077 4511 ἀναλογίαν
3099 4448 3165 4518 ἣν
3193 4446 3307 4517 ἔχει
3332 4449 3363 4499 ό
3394 4445 3688 4515 ἄνθρωπος
3719 4448 3834 4516 περὶ

2271 4538 2371 4606 τὴν
2412 4535 2549 4607 ὓλην
2581 4536 2994 4608 προσπαθείας,
3017 4539 3117 4606 τῆς
3144 4537 3252 4589 ἀπὸ
3283 4536 3380 4589 τοῦ
3414 4535 3552 4588 Θεοῦ
3595 4534 3831 4589 iri-bna-

2277 4628 2398 4690 σίας
2459 4626 2694 4697 μετέχει.
2730 4627 2840 4680 Kal
2896 4628 2924 4680 ό
2975 4627 3219 4690 τοιοῦτος
3263 4626 3324 4679 οὐ
3360 4626 3640 4698 προσδοκᾷ
3696 4627 3834 4687 τέλος

2280 4717 2418 4789 βίου,
2445 4712 2567 4770 οὐδὲ
2594 4718 2888 4772 ἐπίσταται
2943 4717 3024 4771 δτι
3060 4720 3318 4789 παροικεῖ
3339 4720 3398 4770 ὲν
3424 4716 3559 4787 τῷδε
3592 4717 3675 4787 τῷ
3703 4717 3831 4788 pler

2275 4806 2370 4864 καὶ
2395 4811 2540 4880 ᾇπερ
2566 4809 2850 4877 κέκτηται,
2886 4811 2969 4863 ὃτι
2997 4810 3099 4863 οὐκ
3127 4805 3292 4863 αὐτοῦ
3335 4811 3499 4865 εἰσιν.
3531 4809 3650 4862 Καὶ
3673 4808 3832 4869 οὕτως

2274 4903 2454 4955 τοίνυν
2480 4904 2535 4954 ἐν
2565 4902 2680 4964 τοῖς
2711 4901 2911 4970 ἄφροσι
2933 4901 3214 4955 τέτακται.
3245 4898 3519 4962 Κοινωνδς
3553 4901 3668 4970 γάρ
3700 4901 3834 4950 ἐστιν

2274 4993 2371 5046 τοῦ
2428 4993 2681 5047 πλουσίου
2725 4993 2964 5050 ἐκείνου.
3022 4985 3236 5053 οὗτινος
3261 4992 3577 5061 ηὐπόρησεν
3605 4992 3641 5060 ἡ
3672 4991 3831 5058 χώρα.

2279 5084 2389 5137 Kal
2422 5082 2601 5144 καλῶς
2647 5081 2796 5149 λέγει
2850 5079 2981 5150 περὶ
3018 5080 3128 5132 τῶν
3165 5079 3428 5132 τοιούτων
3450 5081 3484 5149 ή
3514 5079 3731 5150 Γραφὴ.
3760 5078 3831 5129 δτι

2283 5194 2303 5226 ι
2351 5175 2560 5244 ’Ὠσπερ
2612 5174 2748 5245 ᾅδης
2787 5174 2943 5244 καὶὴ
2991 5172 3240 5225 ἀπώλεια
3284 5171 3385 5224 οὐκ
3433 5170 3827 5240 ἐμπιπλῶνται.

2276 5265 2448 5330 οὕτως
2478 5267 2570 5320 καὶ
2598 5268 2646 5320 οἱ
2675 5264 2949 5334 ὀφθαλμοὶ
2994 5263 3103 5317 τῶν
3151 5260 3457 5331 ἀνθρώπων
3493 5260 3774 5330 ἄπληστοι.
3810 5278 3825 5308 ι

2280 5357 2612 5425 Βουλόμενος
2640 5351 2733 5409 οὖν
2765 5357 2794 5408 ό
2826 5352 3097 5424 μακάριος
3137 5351 3398 5413 Ἰάκωὸος
3428 5346 3829 5419 θεραπεῦσαιτὺ

2277 5449 2515 5502 τοιοῦτον
2539 5448 2752 5517 νόσημα
2792 5447 2890 5517 τῆς
2928 5444 3243 5521 πλεονεξίας
3281 5441 3592 5495 ἐπιστέλλει
3619 5442 3783 5508 λέγων
3804 5455 3815 5466 ·

2187 5647 2197 5657 .
2236 5603 2413 5658 17-19.
2498 5602 2691 5657 “Luc.
2724 5619 2830 5665 tm,
2860 5600 2908 5654 8.
2988 5600 3032 5631 ’δ
3073 5598 3201 5653 ibid.
3231 5600 3282 5652 9.
3340 5601 3383 5630 ⁵³
3420 5597 3613 5651 Matth.
3639 5612 3718 5661 Vt,
3748 5592 3817 5648 ει.

1682 5680 1724 5709 5‘
1756 5678 1931 5731 Levit.
2006 5692 2120 5739 x'n,
2153 5677 2233 5728 l3.
2800 5676 2809 5683 ’
