4054 6312
219 326 362 387 1469
1167 334 1493 394 IIOMlLIA
1534 334 1685 393 XIV.
1712 359 1776 367 -
1802 334 1899 393 DE
1938 333 2511 393 DIS‘l‘RACTlONE.
3320 327 3457 393 M70

224 453 249 490 ι
292 438 360 489 Ἀ
375 452 427 501 τε
452 435 568 500 νῦν,
595 436 645 488 oi
685 435 962 501 πλούσιοι,
1004 437 1275 499 κλαύσατε
1304 437 1651 503 ὀλολύζοντες
1699 436 1791 489 ἐπὶ

1917 434 2183 491 nominum
2224 436 2564 491 insatiabiles
2590 435 2657 487 ³⁹.
2697 446 2721 486 ι’
2745 435 2945 493 Beatus
2992 435 3185 504 itaque
3215 434 3457 490 Iacobus

220 532 348 591 ταῖς
405 528 803 599 ταλαιπωρίαις
866 529 1019 599 ὑμῶν
1071 532 1199 591 ταῖς
1243 530 1667 600 ἐπερχομέναις.
1730 529 1792 582 '0

1917 528 2129 597 :upiens
2154 527 2346 581 morbo
2372 527 2462 580 isti
2491 525 2813 595 cupiditatis
2846 526 3126 581 immensa:
3163 525 3310 580 ferre
3344 541 3459 581 me-

220 616 459 680 πλοῦτος
493 618 651 691 ὑμῶν
689 620 949 689 σέσηπεν,
984 621 1079 673 καὶ
1102 618 1172 672 τὰ
1193 619 1387 688 ἱμάτια
1420 620 1575 689 ὑμῶν
1634 619 1796 689 σητό-

1917 619 2098 684 lelam,
2127 632 2226 689 per
2254 618 2554 688 Epistolam
2588 618 2726 693 dicit
2759 635 2772 669 :
2810 637 2828 670 ‹
2859 617 3017 687 Agite
3042 632 3213 679 nunc,
3238 616 3460 682 divites,

219 709 415 777 ὅρωνα
463 710 706 777 γέγονεν.
752 729 785 760 ·›
833 711 891 763 ὐ
929 710 987 763 δὲ
1021 708 1183 762 Δαυῒδ
1204 736 1209 741 ·
1233 710 1361 780 περὶ
1394 708 1502 763 τῶν
1539 707 1798 761 τοιούτων

1917 710 2109 764 ilorate
2171 710 2447 764 ululantes
2502 723 2671 777 super
2718 707 2961 761 miseriis
2991 722 3115 776 quae
3160 707 3465 763 advenient

224 796 571 850 ἀποτείνεται
593 804 623 828 ⁸*
680 818 698 849 ι
746 798 1014 866 Μέντοιγε
1081 799 1140 850 ὲν
1186 798 1357 851 εἰκόνι
1420 796 1801 867 διαπορεύεται

225 886 536 966 ᾄνθρωπος,
601 886 741 956 πλὴν
796 889 974 958 μάτην
1023 888 1357 957 ταράσσεται
1382 903 1397 918 ο
1433 886 1757 957 θησαυρίζει
1782 927 1798 951 ,

230 982 334 1034 καὶ
365 981 424 1034 οὐ
447 979 706 1049 γινώσκει
733 981 839 1035 τίνι
865 982 1081 1046 συνάξει
1107 984 1268 1036 αὐτά.
1296 999 1316 1033 ι
1360 982 1473 1034 ’Δεὶ
1499 981 1608 1051 γὰρ
1628 983 1675 1034 oi
1706 981 1803 1052 θη·-

230 1073 552 1144 σαυρισταὶ,
589 1064 974 1142 ματαιοκόποι,
998 1072 1490 1144 ἁλλοτριογάματοι
1524 1072 1806 1141 εὑρίσκον-

227 1181 348 1219 ται.
382 1183 401 1216 ι
434 1164 502 1217 Οί
537 1148 999 1235 γὰρ-βουλόμενοι
1029 1146 1303 1226 πλουτεῖν,
1332 1162 1698 1233 ἐμπίπτουσιν
1725 1162 1805 1224 εἰς

230 1256 542 1329 πειρασμὸν
592 1255 688 1321 καὶ
728 1257 929 1324 παγίδα
969 1256 1064 1310 τοῦ
1103 1254 1382 1317 διαϐόλου,
1419 1273 1438 1306 ι
1476 1254 1571 1307 καὶ
1598 1253 1805 1306 ,ὲπιθυ-

233 1345 369 1416 μίας
401 1344 602 1409 πολλὰς
637 1346 904 1416 ἀνοήτους
960 1347 1055 1398 καὶ
1087 1345 1378 1416 βλαϐεράς.
1413 1345 1624 1405 Δίτινες
1656 1342 1805 1413 βυθί-

230 1435 421 1499 ζουσιν
450 1435 579 1498 τοὺς
621 1425 944 1506 ἀνθρώπους
994 1434 1330 1504 είςδλεθρον
1368 1435 1463 1487 καὶ
1499 1434 1801 1498 ἀπώλειαν,

230 1525 381 1579 κατά
409 1524 500 1578 τὸν
534 1516 881 1581 ’Δπόστολον.
924 1526 1035 1580 Καὶ
1084 1521 1241 1589 αὖθις
1266 1526 1641 1596 παραγγέλλει
1671 1525 1800 1593 φεύ-

231 1632 358 1683 γειν
380 1615 480 1686 τὴν
519 1616 854 1682 πλεονεξίανσ
899 1635 917 1668 ι
957 1618 1116 1682 Ἥτις
1171 1619 1317 1671 ἐστὶν
1366 1615 1803 1687 είδωλολατρεία,

1898 801 2059 855 vobis
2100 819 2113 854 :
2146 801 2352 855 divitiae
2385 807 2582 853 vestae
2606 799 2927 869 putrefactte
2956 808 3107 865 sunt,
3134 800 3465 855 vestimenta

1899 903 2082 947 vestra
2116 909 2147 946 a
2199 895 2341 946 tinea
2374 899 2617 945 comesta
2673 901 2803 946 sunt
2826 892 2894 944 ⁸⁸.
2934 910 2951 941 ι
2983 891 3144 945 Tales
3194 901 3251 946 et
3298 892 3464 945 David

1902 983 2227 1053 perstringit
2256 999 2269 1036 :
2315 1001 2333 1033 ι
2365 983 2758 1037 Verumtamen
2802 981 2858 1035 in
2891 981 3128 1051 imagine
3164 982 3470 1051 pertransit

1902 1074 2090 1138 homo,
2114 1074 2221 1143 sed
2237 1074 2443 1127 frustra
2473 1072 2856 1136 conturbatur,
2886 1072 3219 1131 thesaurizat
3239 1080 3295 1127 et
3318 1073 3471 1142 igno-

1904 1172 1990 1219 rat
2016 1163 2106 1217 cui
2133 1162 2492 1233 congregabit
2519 1177 2584 1215 ea
2614 1160 2679 1213 ⁶¹.
2719 1179 2738 1211 ι
2773 1160 2868 1214 lsti
2900 1161 3048 1215 enim
3083 1160 3471 1216 thesaurorum

1903 1261 2260 1324 congestores
2280 1253 2485 1306 frustra
2513 1250 2742 1305 sudasse
2772 1250 3209 1319 comperiuntur,
3241 1266 3343 1305 nec
3364 1250 3471 1306 sibi

1905 1358 2171 1413 unquam,
2201 1343 2295 1398 sed
2324 1343 2447 1398 aliis
2477 1342 2779 1397 laborasse.
2809 1358 2826 1390 ι
2855 1339 2959 1407 Qui
2988 1344 3139 1395 enim
3173 1342 3367 1397 volunt
3396 1342 3477 1396 di-

1901 1434 2046 1490 vites
2070 1434 2209 1495 ficri.
2245 1434 2498 1489 incidunt
2520 1434 2575 1487 in
2601 1431 2957 1487 tentationem
2991 1440 3048 1487 et
3079 1433 3336 1503 laqueum
3364 1433 3478 1488 dia-

1905 1526 2111 1582 boli":
2139 1545 2158 1577 ι
2183 1541 2448 1595 suamque
2473 1535 2534 1580 ut
2553 1522 2850 1594 plurimum
2871 1525 3231 1594 experiuntur
3255 1524 3474 1580 tandem

1905 1617 2295 1686 cupiditatem,
2323 1617 2653 1672 inammnam
2681 1634 2802 1674 esse
2822 1626 2985 1685 atque
3013 1616 3420 1686 dispendiosam
3455 1633 3472 1671 :

230 1706 308 1760 δι’
335 1701 403 1778 ἧς
457 1708 752 1777 ἐπέρχεται
802 1710 834 1780 ἡ
877 1709 1016 1779 ὀργὴ
1048 1706 1142 1762 τοῦ
1180 1708 1321 1763 Θεοῦ
1369 1708 1463 1761 ἐπὶ
1494 1708 1621 1770 τοὺς
1655 1709 1806 1769 υἱοὺς

1917 1724 2029 1777 qu.e
2049 1709 2270 1779 etjuxta
2290 1706 2615 1777 Apostolum
2636 1708 2913 1778 demergit
2931 1708 3185 1763 homines
3210 1708 3267 1761 in
3288 1708 3475 1776 perni—

230 1777 660 1862 τῖυςάπιστίας.
699 1818 717 1849 ι
755 1777 932 1853 καλὸν
975 1777 1069 1854 οὗν
1110 1782 1260 1853 ἐστιν
1305 1797 1609 1871 άπορῤίψαι
1636 1798 1697 1850 τὸ
1743 1799 1807 1851 ὲκ

1917 1799 2049 1854 ciem
2100 1777 2165 1853 ac
2224 1797 2619 1867 perditionem.
2673 1777 2848 1853 Jubetf
2870 1812 3090 1855 rursum
3122 1797 3189 1858 is,
3219 1797 3388 1850 multa
3415 1805 3477 1850 ut

235 1889 336 1944 τοῦ
372 1889 604 1944 πλούτου
639 1891 1235 1962 ἀλόγιστον-καύχημα,
1259 1891 1357 1953 τὰς
1372 1890 1589 1952 ,οἰκείας
1621 1887 1811 1942 ἐπιθυ-

238 1979 375 2048 μίας
427 1982 741 2053 μισήσαντα
773 1985 798 2013 ⁶’
825 1984 962 2053 ὅπερ
1010 1983 1159 2035 ἐστὶν
1208 1984 1436 2051 μισῆσαι
1470 1980 1569 2050 τὴν
1612 1977 1809 2032 ἑαυτοῦ

234 2061 441 2139 ψυχὴν,
476 2064 571 2125 καὶ
623 2062 1034 2143 ἀποκτήσασθαι
1081 2073 1260 2126 πάντα
1303 2072 1491 2125 ἕνεκεν
1518 2072 1617 2141 τῆς
1651 2071 1812 2141 δόξης

234 2159 338 2213 τοῦ
364 2160 696 2229 Εὑαγγελίου
727 2161 818 2214 τοῦ
843 2162 1003 2217 Θεοῦ.
1045 2162 1106 2216 '0
1135 2162 1245 2232 γάρ
1268 2161 1439 2231 αῐρων
1469 2160 1568 2231 τὴν
1598 2158 1811 2212 ἔννοιαν

236 2249 409 2306 αὐτοῦ
433 2252 540 2305 ἀπὸ
568 2251 747 2321 πάσης
773 2252 1110 2319 πλεονεξίας,
1137 2251 1360 2306 δύναται
1387 2252 1516 2305 ίδεῖν
1549 2251 1650 2314 τάς
1680 2250 1811 2319 μεθ-

238 2343 393 2407 οδίας
436 2343 530 2407 τοῦ
573 2330 845 2397 διαϐόλου.
884 2345 1055 2397 Ὀταν
1102 2342 1228 2415 ’γὰρ
1265 2342 1458 2414 ἐξέλθῃ
1480 2343 1521 2414 ζὸ
1550 2340 1675 2405 νοῦς
1703 2341 1813 2395 τῶν

243 2434 580 2504 σωματικῶν
630 2436 927 2506 φροντίδων
953 2475 967 2497 ,
1008 2435 1195 2512 βλέπει
1226 2435 1369 2490 κατά
1392 2432 1685 2502 ἀναλογίαν
1716 2433 1815 2495 ea;

241 2528 585 2600 πανουργίας
630 2529 738 2581 τῶν
770 2527 1001 2600 ἐχθρῶν.
1037 2530 1206 2599 Φησὶν
1237 2529 1293 2581 δὲ
1324 2529 1418 2582 καὶ
1446 2531 1473 2581 ό
1503 2529 1813 2596 Παροιμια-

243 2620 403 2687 στήςο
435 2639 454 2671 ι
494 2622 609 2674 Οὐκ
631 2620 1004 2690 ὠφελήσουσιν
1031 2620 1296 2691 θησαυροὶ
1323 2620 1551 2689 ἀνόμους
1572 2634 1585 2647 '
1610 2618 1820 2671 δικαιο-

1910 1890 2405 1958 circumspectione
2429 1889 2672 1943 vitemus
2692 1888 3025 1958 superﬂuam
3049 1887 3195 1942 hanc
3224 1902 3325 1941 nec
3352 1886 3478 1941 ullis

1913 1982 2115 2037 finibus
2140 1981 2615 2051 circumscriptam
2639 1980 2930 2035 avaritiam
2964 1996 2978 2033 :
3017 1998 3034 2030 ι
3076 1978 3209 2044 Quae
3239 1985 3325 2032 est
3362 1976 3481 2031 ido-

1911 2073 2091 2137 lorum
2154 2073 2357 2137 cultus,
2385 2088 2483 2142 per
2536 2087 2698 2142 quam
2760 2071 2915 2126 venit
2962 2072 3043 2126 ira
3098 2070 3197 2126 Dei
3237 2069 3293 2124 in
3340 2068 3480 2124 ﬁlios

1912 2164 2229 2221 diﬂidcntise
2261 2165 2326 2217 “.
2368 2182 2387 2215 ι
2428 2163 2573 2219 Sane
2612 2180 2777 2233 quam
2828 2162 3089 2217 decorum
3139 2162 3232 2226 sit,
3268 2170 3331 2216 ut
3380 2176 3480 2216 ex-

1913 2264 2114 2326 puncta
2144 2256 2329 2309 animo
2356 2256 2618 2325 jactan‘tia
2644 2256 2779 2310 citra
2818 2258 3085 2310 rationein
3114 2254 3280 2308 ullam
3312 2251 3481 2322 proﬁ-

1913 2344 2154 2398 cisceute
2174 2358 2239 2396 ex
2256 2342 2490 2406 divitiis,
2514 2342 2700 2419 oderis
2727 2343 2952 2413 insuper
2978 2342 3248 2397 incentiva
3278 2342 3484 2410 quaevis

1913 2433 2150 2505 propriae
2179 2433 2645 2502 concupiscentiae
2677 2452 2689 2487 :
2725 2434 2777 2487 id
2811 2434 2958 2503 quod
3003 2442 3108 2498 est,
3143 2433 3328 2487 odisse
3360 2432 3481 2486 ani-

1916 2540 2057 2581 mam
2080 2540 2257 2585 suam,
2288 2533 2345 2577 ct
2364 2540 2394 2578 ιι
2417 2540 2474 2579 se
2498 2525 2805 2580 excussisse
2828 2540 2992 2579 omne
3019 2541 3179 2578 suum
3208 2524 3483 2593 peculium

1916 2631 2017 2686 pro
2060 2615 2234 2685 gloria
2290 2613 2570 2682 Evangelii
2621 2612 2739 2666 Dei.
2778 2611 2991 2682 1046
3041 2611 3301 2679 Quisquis
3336 2611 3483 2664 enim

243 2709 384 2776 σύνη
432 2710 488 2763 δὲ
545 2711 610 2763 ὲκ
653 2710 884 2767 θανάτου
934 2709 1145 2781 ῥύεται.
1169 2729 1187 2761 ι
1222 2710 1350 2762 Καί·
1383 2726 1402 2758 ι
1440 2704 1816 2776 Αίρετώτερον

1917 2701 2312 2772 cogitationem
2340 2699 2589 2755 funditus
2624 2700 2887 2753 amolitur
2924 2707 2980 2753 et
3002 2709 3197 2753 avocat
3226 2699 3295 2753 ab
3337 2700 3486 2751 omni

242 2801 420 2873 ὄνομα
469 2801 651 2861 καλὸν.
688 2802 720 2871 ἦ
756 2801 986 2864 πλοῦτος
1028 2801 1196 2864 πολύς
1220 2817 1234 2831 ο
1268 2801 1408 2869 ὑπὲρ
1449 2799 1506 2853 δὲ
1552 2797 1816 2868 ἀργύριον

1919 2805 2328 2858 supervacanea
2381 2788 2705 2857 cupiditate,
2754 2789 2799 2842 is
2846 2803 2955 2840 non
3013 2803 3209 2857 magno
3268 2786 3489 2856 negotio

246 2894 349 2946 καὶ
405 2896 651 2963 χρυσίον,
673 2895 835 2965 χάρις
884 2893 1085 2964 ἀγαθή.
1130 2912 1148 2946 ι
1185 2922 1254 2933 -
1285 2911 1302 2943 ι
1345 2892 1407 2947 Ὀ
1467 2892 1523 2944 δὲ
1577 2874 1816 2959 συνέχων

1920 2881 2285 2951 deprehendit
2320 2881 2620 2935 insidiosas
2649 2880 2853 2935 diaboli
2880 2879 3124 2950 pedicas.
3163 2879 3313 2933 Mens
3341 2879 3489 2948 enim

249 2988 421 3045 σῖτον.
450 2985 800 3038 ἀπολείποιτο
848 2986 1009 3039 αὐτὸν
1067 2988 1180 3048 τοῖς
1223 2984 1451 3037 ἔθνεσιν.
1481 3001 1499 3034 ι
1534 2981 1663 3036 Καί’
1698 3001 1715 3033 ι
1761 2981 1816 3035 Ὁ

1922 2988 2251 3055 simulatque
2279 3003 2307 3041 a
2344 3001 2402 3041 se
2430 2986 2645 3055 depulit
2678 2985 2867 3039 anxias
2895 2983 3146 3053 corporis
3176 2998 3359 3047 curas,
3393 2998 3490 3036 ve-

246 3077 588 3147 τιμιουλκῶν
643 3078 808 3141 σῖτον,
842 3077 1291 3148 δημοκατάρατος
1316 3092 1329 3105 ’
1379 3074 1601 3143 εὐλογία
1637 3076 1695 3128 δὲ
1727 3075 1816 3128 ἐπὶ

1924 3078 2214 3135 teratorias
2262 3078 2385 3132 illas
2429 3093 2495 3131 ac
2539 3077 2764 3131 fallaces
2803 3076 3089 3130 machinas
3120 3075 3490 3142 inimicorum,

248 3168 353 3237 τὴν
387 3168 630 3246 κεφαλὴν
662 3167 755 3221 τοῦ
809 3168 1202 3239 μεταδιδόντος.
1243 3187 1260 3217 ι
1299 3168 1430 3226 Καὶ,
1465 3187 1483 3218 ι
1534 3167 1594 3218 ’0
1625 3183 1816 3221 πεποι-

1924 3187 2024 3241 pro
2063 3172 2273 3225 ratione
2301 3169 2500 3223 virium
2535 3184 2672 3238 quas
2702 3169 2895 3223 sortita
2936 3177 3042 3231 est,
3080 3167 3373 3238 perspicue
3404 3165 3492 3219 vi-

249 3257 363 3320 οὼς
386 3259 478 3339 imi.
504 3259 720 3328 πλούτῳ
745 3261 933 3321 αὐτοῦ,
965 3263 1208 3313 πεσεῖται
1230 3279 1241 3290 ·
1274 3263 1301 3312 ὁ
1326 3260 1384 3313 δὲ
1418 3258 1813 3328 ἀντιλαμϐανό-

1922 3262 2034 3316 det.
2071 3261 2159 3314 Ait
2220 3259 2449 3329 proinde
2500 3260 2922 3327 Partemiastcs:
2957 3278 2977 3311 ι
3009 3260 3130 3314 Νοιι
3183 3259 3495 3328 proderunt

238 3348 423 3423 -μενος
477 3349 720 3415 δικαίων,
774 3345 931 3415 οὗτος
987 3344 1269 3408 ἁνατὲλλει
1337 3370 1355 3401 ι
1397 3351 1456 3404 ’θ
1503 3350 1562 3403 δὲ
1617 3350 1816 3421 Κύριός

1927 3353 2172 3408 thesauri
2193 3352 2402 3422 iniquis
2426 3369 2441 3416 ;
2461 3352 2674 3421 iustitia
2698 3362 2883 3407 autem
2908 3368 2938 3407 a
2971 3359 3147 3407 morte
3166 3352 3369 3407 liberat
3389 3352 3488 3404 ⁸⁸.»
3560 3402 3567 3413 ,

252 3454 399 3509 φησι
447 3440 599 3519 περὶ
632 3440 725 3495 τοῦ
779 3441 1107 3511 βουλομένου
1156 3441 1254 3503 τὰς
1304 3437 1498 3493 ἑαυτοῦ
1541 3438 1816 3510 ἀποθήκας

1928 3445 2046 3500 Et:
2082 3462 2101 3495 ι
2144 3443 2339 3499 Melius
2394 3452 2480 3498 est
2532 3459 2735 3497 nomen
2796 3443 3003 3498 bonum
3061 3458 3225 3513 quam
3285 3442 3492 3496 divitiae

254 3527 530 3596 καθελεῖν,
554 3532 647 3585 καὶ
678 3532 931 3601 μείζονας
957 3521 1365 3607 οἰκοδομῆσαι
1384 3549 1402 3581 ι
1434 3531 1681 3600 Ἄφρων,
1704 3528 1816 3582 ταύ‹

1927 3535 2134 3594 multat.
2167 3548 2334 3602 super
2363 3541 2651 3603 argentum
2680 3541 2738 3588 et
2768 3550 2969 3589 aurum
2995 3533 3166 3604 gratia
3199 3534 3343 3588 bona
3375 3533 3443 3585 ".
3473 3552 3491 3582 ι

254 3637 326 3693 τῃ
378 3620 443 3693 τῇ
464 3624 657 3701 νυκτὶ,
677 3625 730 3676 οἱ
777 3624 997 3691 ἄγγελοι
1046 3622 1147 3693 τὴν
1196 3624 1374 3693 ψυχήν
1429 3639 1522 3674 σου
1563 3621 1816 3675 ἀπαιτοῦ-

1926 3625 2088 3682 Ειει
2128 3623 2433 3680 Continens
2522 3624 2859 3680 frumentum
2941 3625 3292 3695 derelinquet
3364 3624 3499 3693 ipsis

258 3728 350 3766 σιν
404 3712 512 3766 ἀπὸ
548 3714 642 3771 σοῦ
672 3730 684 3743 ·
717 3714 754 3768 ἃ
795 3715 853 3768 δὲ
892 3715 1228 3785 ἡτοίμασας,
1262 3714 1369 3766 τίνι
1419 3713 1613 3778 Eant;
1662 3732 1681 3764 ι
1714 3714 1816 3785 Kc}

1929 3715 2183 3793 gentibus
2210 3717 2275 3769 ⁸⁸.
2334 3734 2353 3768 ι
2415 3715 2523 3771 Et:
2560 3716 2720 3781 (Qui
2768 3716 3043 3786 appretiat
3124 3716 3496 3778 frumentum,

255 3804 480 3873 ἐπάγειο
518 3824 537 3858 ι
573 3805 761 3870 Οὕτως
808 3809 915 3870 πᾶς
958 3809 986 3861 ό
1025 3806 1371 3877 θησαυρίζων
1407 3807 1464 3859 ὲν
1492 3803 1698 3874 ἑαυτῷ,
1730 3805 1816 3858 xui

1934 3804 2268 3860 malcdictus
2293 3804 2347 3858 in
2379 3804 2627 3873 populis;
2674 3805 2994 3860 benedictio
3114 3814 3298 3861 autem
3335 3820 3502 3873 super

260 3895 344 3967 μὴ
373 3897 451 3957 εἰς
488 3896 622 3951 Θεὸν
652 3897 917 3952 πλουτῶν.
954 3897 1161 3967 ι-Αὐτῷ
1188 3899 1222 3967 ἡ
1249 3897 1376 3962 δόξα
1410 3897 1490 3962 είς
1538 3895 1664 3959 τοὺς
1693 3894 1816 3950 αἰῶ-

1932 3906 2097 3965 caput
2114 3893 2576 3965 dispertientis".
2602 3914 2619 3946 ι
2646 3895 2743 3949 Et:
2774 3913 2792 3947 ι
2820 3896 2926 3961 Qui
2950 3896 3178 3951 conlidit
3198 3896 3252 3950 in
3266 3894 3499 3959 divitiis,

255 4004 363 4050 νας
391 3987 500 4042 τῶν
529 3989 761 4043 αίώνων.
806 3989 1000 4059 Ἀμήν.

1932 3993 2177 4049 corruet.
2202 3987 2300 4055 qui
2330 3994 2518 4041 autem
2564 3985 2801 4056 benigne
2845 3985 3122 4041 succurrit
3161 3987 3347 4057 justis,
3375 4000 3504 4040 exo-

259 4077 441 4135 rietur
473 4080 539 4134 ".
584 4098 602 4132 ι
636 4080 1078 4143 Dominusitem,
1118 4078 1187 4133 de
1210 4094 1277 4132 co
1312 4078 1407 4147 qui
1431 4077 1575 4147 apud
1637 4093 1696 4132 se
1758 4079 2124 4134 constituerat
2170 4067 2296 4132 suas
2338 4076 2596 4131 demoliri
2656 4092 2723 4132 ac
2754 4076 2874 4132 solo
2920 4077 3213 4149 adaequare
3269 4078 3504 4149 apothe—

258 4183 381 4232 cas,
412 4168 559 4237 quod
584 4170 929 4239 angustiores
958 4170 1296 4227 viderentur.
1337 4167 1555 4236 illisque
1618 4168 1958 4226 exaedificare
2008 4168 2367 4239 capaciores:
2405 4187 2423 4218 ι
2460 4167 2637 4223 Stulte
2671 4208 2686 4233 ,
2755 4168 2872 4235 ait,
2944 4169 3047 4224 hac
3100 4177 3264 4224 nocte
3323 4168 3504 4239 angeli

257 4260 367 4316 .le
407 4269 458 4314 te
492 4269 746 4331 repetent
789 4261 1027 4318 animam
1058 4271 1246 4325 tuam;
1280 4275 1403 4337 quae
1458 4268 1650 4314 autem
1709 4265 2066 4332 praeparasti,
2097 4264 2255 4333 cujus
2319 4270 2481 4316 erunt
2507 4262 2600 4315 5°?
2637 4281 2654 4314 ι
2691 4262 2946 4317 lnducit:
2985 4282 3002 4312 ι
3045 4262 3137 4317 Sic
3185 4263 3366 4317 omnis
3407 4263 3503 4333 qui

264 4349 369 4408 tibi
403 4348 505 4422 ipsi
537 4349 889 4412 thesaurizat,
915 4365 1023 4404 non
1050 4351 1178 4403 item
1206 4347 1351 4418 apud
1377 4347 1549 4403 Deum
1580 4350 1829 4406 recondit
1866 4352 2088 4407 divitias
2120 4353 2187 4406 ⁷⁸.
2226 4371 2244 4402 ›
2278 4351 2382 4421 ipsi
2407 4351 2579 4422 gloria
2604 4351 2658 4405 in
2696 4351 2917 4405 secula.
2953 4351 3147 4406 Amen.

862 4463 1080 4515 ΛΟΓΟΣ
1113 4462 1204 4516 IA'.

726 4557 883 4645 Περὶ⁸
922 4581 1369 4659 περισπασμοῦ.

338 4687 474 4759 Περὶ
514 4686 609 4741 τοῦ
632 4689 1040 4759 περισπασμοῢ,
1079 4692 1382 4760 ἀναφανδὸν
1412 4695 1653 4749 διδάσκει
1681 4693 1831 4762 ἡμᾶς

263 4783 299 4835 ὁ
345 4780 781 4852 Ἐκκλησιαστὴς
835 4780 1051 4843 οὕτως’
1107 4801 1126 4833 ‹
1170 4786 1389 4839 Ἔδωκα
1449 4789 1547 4854 τὴν
1603 4785 1832 4856 καρδίαν

266 4887 377 4942 μου
421 4870 517 4924 τοῦ
568 4872 875 4943 ἐκζητῆσαι
927 4873 1018 4928 καὶ
1066 4873 1160 4928 τοῦ
1203 4877 1654 4946 κατασκέψασθαι
1683 4878 1740 4929 ὲν
1767 4878 1835 4946 τῇ

266 4963 438 5035 σοφίᾳ
497 4963 628 5034 περὶ
656 4965 873 5019 πάντων
904 4964 1013 5017 τῶν
1041 4966 1350 5036 γενομένων
1386 4969 1492 5022 ὑπὸ
1528 4970 1621 5022 τὸν
1664 4968 1836 5039 ἥλιον,

262 5052 356 5105 ὃτι
395 5052 779 5122 περισπασμδν
824 5054 1070 5123 ,πονηρὸν
1105 5055 1306 5109 ἔδωκεν
1342 5060 1370 5110 ό
1394 5060 1527 5122 θεὸς
1557 5060 1668 5122 τοῖς
1703 5059 1839 5122 υἱοῖς

260 5140 383 5197 πῶν
443 5141 772 5213 ἀνθρώπων,
805 5143 868 5196 τδ
901 5146 1276 5213 περισπᾶσθαι
1332 5151 1390 5201 ἐν
1446 5149 1621 5219 αὐτῷ.
1670 5173 1685 5198 ι
1723 5150 1837 5202 Καὶ

267 5233 396 5303 μετ’
431 5224 624 5302 ὀλίγα*
661 5252 680 5284 ι
722 5235 826 5289 Καὶ
860 5235 1133 5305 ὲπέὖλεψα
1160 5236 1358 5303 ὲγὼ,ἐν
1387 5241 1551 5292 πᾶσιν
1595 5240 1837 5310 ποιήμα-

262 5324 358 5378 σιν
389 5340 511 5394 μου,
540 5320 623 5388 οἷς
664 5326 931 5394 ἐποίησαν
959 5324 1015 5380 αἱ
1059 5328 1241 5396 χεῖρές
1275 5347 1398 5396 μου,
1426 5332 1519 5384 καὶ
1558 5334 1615 5384 ὲν
1652 5330 1838 5401 μόχθῳ

262 5406 315 5482 ᾧ
342 5414 629 5485 ἐμόχθησα
657 5412 751 5469 τοῦ
802 5420 996 5482 ποιεῖν,
1041 5416 1134 5469 καὶ
1171 5417 1280 5472 ἰδοὺ
1305 5419 1374 5472 τά
1404 5420 1583 5473 πάντα
1612 5422 1843 5488 ματαιό-

2486 4463 2774 4520 ΙΙΟΜΙΙᾸΑ
2813 4463 2955 4519 XIV.

2043 4579 2505 4645 De~distract€onc,
2531 4578 2688 4639 alius,
2712 4579 3015 4649 importuna
3040 4579 3397 4649 occupatione.

2007 4690 2078 4744 Et
2101 4691 2320 4760 quidem
2353 4691 2422 4744 de
2454 4690 2810 4745 distractione
2854 4689 3163 4743 luculenter
3206 4688 3503 4745 admodum

1937 4780 2099 4837 docet
2161 4796 2262 4836 nos
2316 4782 2680 4837 Ecclesiastes
2716 4820 2731 4842 ,
2784 4779 2935 4835 hisce
2988 4779 3175 4833 verbis
3225 4795 3240 4834 :
3309 4799 3328 4829 ι
3366 4780 3502 4835 Dedi

1941 4888 2038 4928 cor
2066 4887 2249 4927 meum
2289 4863 2715 4942 utexquirerem
2754 4881 2811 4927 et
2854 4871 3258 4928 considerarem
3290 4869 3512 4940 sapien-

1944 4972 2029 5018 ter
2079 4963 2149 5024 de
2193 4964 2454 5019 omnibus
2507 4981 2630 5035 qua:
2684 4965 2824 5021 fiunt
2878 4965 2982 5020 sub
3031 4965 3184 5027 sole,
3226 4962 3353 5033 quia
3410 4977 3509 5019 oc—

1941 5054 2291 5125 cupationem
2328 5056 2527 5110 malam
2577 5057 2729 5110 dedit
2787 5058 2931 5113 Deus
2982 5056 3107 5112 filiis
3138 5057 3420 5111 hominum
3448 5063 3509 5109 ut

1943 5154 2350 5216 occuparentur
2385 5147 2439 5200 in
2463 5162 2526 5201 ca
2553 5150 2658 5202 τ’.»
2693 5150 2821 5204 Post
2854 5164 3028 5220 pauca
3056 5167 3069 5203 :
3104 5169 3122 5201 ι
3154 5147 3220 5203 Ει
3263 5147 3375 5202 vidi
3405 5162 3508 5217 ego

1946 5240 2001 5294 in
2053 5239 2311 5293 omnibus
2359 5239 2624 5307 Operibus
2668 5242 2806 5295 meis
2859 5258 2980 5311 qua:
3027 5241 3278 5296 fecerunt
3320 5255 3514 5294 manus

1926 5344 2102 5391 mea»,
2128 5337 2184 5383 ct
2231 5330 2286 5382 in
2334 5329 2524 5383 labore
2561 5344 2671 5399 quo
2694 5330 2887 5384 sudavi
2920 5340 2981 5384 ut
3018 5330 3274 5391 facerem.
3308 5337 3513 5384 etecce

1949 5410 2205 5473 universa
2236 5418 2448 5473 Vanitas
2487 5419 2555 5471 ⁷⁸.
2590 5437 2606 5469 ι
2652 5417 2861 5472 liursus
2889 5436 2955 5470 :4
2996 5421 3135 5473 Ante
3182 5418 3374 5474 faciem
3416 5417 3513 5471 bo-

342 5570 387 5602 "
414 5566 576 5624 Prov.
619 5586 785 5632 xxv",
809 5569 893 5623 20.
978 5572 1022 5603 “
1044 5570 1155 5626 Jac.
1187 5589 1239 5635 v,
1295 5573 1339 5630 Ι.
1373 5573 1422 5627 9..
1505 5573 1543 5601 δ’
1569 5573 1709 5626 Psal.
1744 5589 1807 5625 .vx

1917 5590 1965 5634 ll,
1996 5573 2047 5626 7.
2125 5574 2167 5603 ⁶²
2192 5573 2209 5626 1
2239 5572 2373 5626 Tim.
2409 5588 2482 5633 Vl,
2509 5573 2563 5623 ιι.
2632 5571 2677 5601 ⁸³
2710 5571 2978 5638 Ephes.v,
3004 5570 3054 5623 6.
3129 5571 3173 5601 θ’
3208 5572 3511 5629 I‘rov.x.‘.‘.

266 5640 319 5672 ⁸⁵
342 5641 502 5694 Prov.
533 5651 664 5703 XXII,
697 5639 743 5693 i.
811 5641 855 5671 ⁸⁸³
880 5641 1124 5701 Ριωκχι.
1154 5643 1241 5697 26.

265 5709 321 5743 ⁷⁸
358 5709 473 5763 Ibid
538 5710 621 5764 ii.

1323 5644 1363 5671 ’³⁷
1390 5643 1528 5697 ibid.
1633 5646 1674 5673 6"
1710 5642 1845 5697 Ibid.

1882 5643 1970 5695 ‘28.
2086 5645 2128 5671 ⁵³³
2166 5643 2297 5696 Luc.
2330 5659 2424 5707 xu,
2452 5643 2541 5696 ‘20.
2619 5641 2662 5672 τ’
2689 5641 2828 5695 Ibid.
2860 5640 2949 5695 2-1.

3054 5641 3093 5671 ⁷³
3131 5640 3386 5706 Eccic.t,
3421 5638 3509 5693 i3.
