4054 6312
630 263 769 331 Ητδ
1898 269 2227 331 ANTIOCH

2331 267 2646 331 IONACHI
3040 270 3053 279 ’
3790 267 3932 332 1476

629 391 934 449 pauperum
998 377 1103 432 rite
1163 378 1462 448 disponere
1522 394 1588 434 ac
1649 378 1936 449 dispertiri
1979 380 2204 435 divitias

2325 379 2458 434 ἱστιν
2490 383 2523 452 ή
2555 380 2744 452 ἀγάπη
2792 378 2885 433 τοῦ
2928 380 3143 450 Πατρδς
3176 380 3235 432 ὲν
3265 378 3437 448 αὐτῷ,
3471 379 3559 432 ὅτι
3594 382 3719 431 πᾶν
3752 381 3823 431 τὸ
3869 386 3926 434 ὲδ

625 485 766 537 quas
817 468 1052 539 quisque
1087 483 1118 523 a
1163 470 1274 525 Deo
1303 470 1518 539 accepit
1549 470 1605 524 in
1638 470 1772 535 vita,
1799 481 1857 526 ct
1899 471 2206 527 liberaliter

2323 472 2390 543 τῷ
2419 472 2609 542 κόσμῳ
2638 473 2672 543 ἡ
2718 470 2983 541 ιπιθυμια
3010 470 3111 541 τῆς
3147 470 3371 543 σαρκὸς,
3409 471 3509 524 καὶ
3538 472 3576 540 ἡ
3633 470 3924 541 ἐπιθυμία

628 562 910 617 insumere
945 562 1003 616 in
1056 561 1295 632 indigos.
1326 562 1386 617 In
1434 562 1583 617 hunc
1617 563 1890 633 siquidem
1921 579 2081 618 usum
2111 579 2206 619 eas

2320 564 2423 617 τῶν
2468 563 2780 635 ὀφθαλμῶν,
2815 565 2913 617 καὶ
2963 566 2998 632 ὴ
3049 562 3340 626 ἀλαζονεία
3402 561 3500 616 τοῦ
3557 562 3717 631 βίου,
3751 564 3794 617 ἃ
3824 565 3921 618 οὐκ

629 653 792 707 nobis
852 652 1162 722 impertivit
1213 653 1506 710 clementia
1557 655 1800 721 Domini,
1835 664 1895 711 ut
1940 657 1997 711 in
2044 657 2208 713 obse-

2312 653 2460 708 εστιν
2513 655 2578 709 ἐκ
2612 654 2708 708 τοῦ
2748 653 2991 725 ,Πατρὸς,
3030 653 3145 709 ἀλλ’
3183 655 3247 706 ὲκ
3294 651 3390 705 τοῦ
3440 655 3663 723 κόσμου
3710 655 3860 707 ἐστὶ.
3894 674 3910 705 ι

628 741 822 810 quium
876 741 1228 796 iusumantur
1277 743 1534 812 pietatis,
1571 760 1635 800 ac
1666 745 1887 800 demum
1922 761 2026 816 pro
2055 749 2206 817 ejus-

2314 746 2451 799 Καί·
2491 763 2510 796 ‹
2569 745 2629 800 Ὀ
2656 746 2862 815 κόσμος
2895 746 3230 817 παράγεται,
3255 746 3351 798 καὶ
3371 746 3406 813 ἡ
3433 744 3732 815 ἐπιθυμία
3761 762 3779 775 ·
3810 748 3914 799 οδε

628 833 773 885 modi
791 833 844 886 in
861 846 1133 902 pauperes
1145 835 1499 900 liberalitate,
1517 837 1840 892 thesaurum
1857 847 2207 908 reportemus

2312 836 2482 889 ποιῶν
2527 837 2589 889 τὸ
2619 836 2831 908 θέλημα
2862 836 2957 889 τοῦ
2986 836 3146 901 Θεοῦ,
3179 836 3331 905 μένει
3373 837 3457 898 εἰς
3495 836 3598 889 τὸν
3632 837 3847 891 αἰῶνα.
3894 858 3911 889 ι

625 924 777 977 nullo
825 940 1065 993 unquam
1116 941 1234 980 aevo
1295 926 1788 996 intercipiendum.
1829 928 1975 982 Sane
2030 930 2206 984 multo

2315 928 2480 997 Ψησὶν
2525 926 2583 980 δὲ
2635 930 2731 982 καὶ
2779 930 2809 981 ὁ
2853 928 3134 992 Ἰἀκωϐοςο
3158 920 3188 978 ἰ
3235 930 3330 990 Ὃς
3364 925 3433 980 ἂν
3464 926 3723 998 βουληθῇ
3763 928 3916 997 φίλος

625 1014 940 1082 praestiterit
969 1016 1148 1079 nobis,
1177 1026 1238 1071 ut
1264 1018 1402 1072 tales
1421 1033 1741 1074 coemamus
1772 1035 1952 1089 agros,
1982 1022 2089 1076 tale
2111 1037 2207 1090 pe-

2314 1016 2454 1073 εἶναι
2514 1017 2609 1072 τοῦ
2658 1020 2889 1088 κόσμου,
2925 1018 3122 1088 ἐχθρὸς
3162 1018 3257 1073 τοῦ
3294 1019 3444 1073 ¹Θεοῦ
3502 1019 3910 1073 καθίσταται.ι

624 1106 831 1161 culium
854 1108 1001 1177 quod
1024 1117 1294 1163 aeternum
1316 1110 1500 1175 duret,
1520 1126 1733 1180 nosque
1755 1120 1902 1166 recta
1931 1112 2202 1181 provehat

2325 1110 2384 1162 Ὀ
2407 1108 2465 1162 δὲ
2498 1108 2731 1172 Παῦλος,
2761 1127 2780 1159 ι
2818 1108 3281 1177 Ἀπεκδυσάμενοι
3305 1109 3395 1163 τὸν
3418 1109 3659 1162 παλαιὸν
3691 1109 3917 1178 ἄνθρω-

623 1198 691 1251 ad
724 1198 870 1253 illam
899 1200 1063 1255 nobis
1092 1201 1420 1270 promissam
1447 1203 1729 1257 civitatem
1760 1218 1884 1273 qua:
1911 1213 1997 1258 est
2028 1212 2204 1259 mater

2314 1217 2414 1253 Ιτιμον
2447 1201 2544 1253 σὺν
2572 1202 2695 1263 ταῖς
2726 1200 2994 1269 πράξεσιν
3039 1197 3226 1265 αὐτοῦ,
3261 1203 3358 1253 καὶ
3398 1201 3779 1271 ἐνδυσάμενοι
3824 1203 3915 1256 τὸν

623 1300 836 1355 nostra,
873 1294 1097 1362 quando
1143 1294 1214 1348 ad
1265 1295 1413 1349 illam
1454 1296 1775 1365 quotidiana
1817 1296 2205 1354 eontenditnus

2311 1292 2797 1362 ἀνακαινούμενον.
2835 1312 2854 1345 ι
2890 1294 2997 1346 Καὶ
3027 1292 3302 1363 ἐπιφέρει·
3328 1313 3347 1345 ι
3366 1294 3535 1347 Οὐδὲν
3566 1296 3912 1364 εἰσηνέγκαο

622 1389 1089 1457 peregrinatione.
1166 1390 1246 1444 Ne
1314 1389 1480 1460 igitur
1518 1390 1910 1461 (dilectissimi)
1941 1406 2041 1446 ceu
2081 1391 2203 1445 dic-

2315 1400 2417 1453 μεν
2450 1384 2532 1447 εἰς
2575 1384 2667 1437 τὸν
2704 1384 2933 1454 κόσμον,
2981 1383 3225 1454 δηλονότι
3284 1384 3405 1438 οὐδὲ
3459 1384 3794 1454 ἐξενεγκεῖν
3858 1403 3911 1441 τι

627 1486 742 1532 tum
801 1488 908 1540 est.
942 1490 1054 1536 tam
1101 1483 1262 1537 anxie
1319 1482 1511 1536 mundi
1556 1483 1698 1537 bona
1746 1484 2074 1553 cogitemus,
2136 1491 2205 1538 ut

2309 1474 2608 1544 δυνάμεθα*
2639 1474 2853 1545 ἔχοντες
2910 1476 2965 1528 δὲ
3023 1476 3321 1546 διατροφὰς
3366 1476 3461 1530 καὶ
3501 1477 3910 1547 σκεπάσματα,

623 1570 709 1622 vel
742 1571 963 1626 tandem
996 1574 1218 1627 aeternis
1258 1573 1424 1628 detur
1470 1572 1705 1643 perfrui.
1743 1573 2006 1628 Mundum
2053 1574 2204 1629 hunc

2309 1565 2527 1629 τούτοις
2587 1565 3065 1636 ἀρκεσθησόμεθα.
3099 1585 3120 1618 ι
3160 1566 3346 1621 Ταῦτα
3399 1568 3496 1620 καὶ
3548 1570 3582 1621 ὁ
3641 1568 3909 1639 Σολομὼν

624 1662 775 1716 velut
806 1678 973 1718 cursu
1009 1664 1278 1734 praecipiti
1315 1664 1777 1730 transmittamus,
1804 1680 1914 1735 quo
1938 1664 2008 1720 ad
2041 1679 2203 1720 mun-

2311 1657 2475 1722 αἰτεῖ,
2507 1656 2710 1725 λέγων·
2753 1674 2774 1710 ι
2817 1657 3053 1712 Πλοῦτον
3109 1659 3206 1711 καὶ
3257 1659 3450 1712 πενίαν
3501 1660 3580 1729 μή
3622 1677 3719 1729 μοι
3750 1661 3861 1730 δῷς
3888 1677 3902 1691 ⁸

622 1751 678 1805 di
719 1752 974 1822 Opificem
1009 1755 1388 1826 pertingamus
1416 1754 1666 1811 beatifica
1692 1756 1994 1812 fruitione:
2030 1757 2203 1827 siqui-

2309 1746 2570 1813 σύνταξον
2604 1747 2664 1801 δέ
2690 1764 2781 1818 μοι
2810 1748 2880 1801 τὰ
2902 1748 3092 1802 δέοντα
3122 1749 3218 1803 καὶ
3244 1751 3520 1820 αὐτάρκη.
3548 1769 3571 1801 ι
3607 1751 3723 1805 Καὶ
3747 1747 3904 1814 αὖθις

623 1846 749 1899 dem
786 1846 976 1900 mundi
1020 1847 1183 1901 istius
1231 1848 1405 1917 figura
1457 1848 1524 1901 ad
1559 1846 1855 1916 imaginem
1882 1848 2082 1903 transit
2114 1849 2200 1902 in-

2305 1842 2332 1894 ό
2355 1838 2588 1905 Παῦλος,
2610 1836 2938 1911 βουλόμενος
2956 1841 3107 1911 ἡμᾶς
3130 1843 3594 1910 μετεωροπορεῐν,
3612 1844 3710 1895 καί⁵
3736 1844 3906 1913 οὐρα-

623 1936 843 1992 somnii.
917 1936 1161 1993 Tametsi
1219 1939 1340 2009 ipso
1409 1941 1622 1994 utimur
1702 1939 1934 2003 mundo,
1991 1954 2062 1994 ne
2120 1939 2203 1995 sic

2306 1930 2599 1993 νοπολίτας
2659 1931 3037 1999 καταστῆσαι,
3075 1932 3334 2000 παραινεῖ
3388 1930 3567 1999 λέγων
3594 1947 3612 1963 ο
3651 1952 3671 1984 ι
3708 1932 3779 1984 Ei
3807 1929 3902 1985 οὖν

623 2028 849 2098 quidem
882 2044 951 2083 eo
975 2030 1477 2102 abutamur,juxta
1519 2031 1666 2086 beati
1710 2030 1940 2086 Joannis
1982 2030 2208 2085 manda-

2307 2020 2694 2094 συνηγέρθητε
2719 2022 2798 2092 τῷ
2823 2022 3067 2094 Χριστῷ,
3099 2023 3168 2075 τὰ
3203 2022 3318 2075 ἄνω
3352 2022 3574 2091 ζητεῖτε
3606 2019 3670 2078 οὗ
3704 2026 3736 2078 6
3764 2026 3899 2094 Χρι-

626 2124 745 2168 tum
786 2133 800 2169 :
839 2135 860 2167 ι
894 2117 1074 2173 Nolite
1101 2118 1332 2189 diligere
1365 2120 1656 2182 mundum,
1686 2118 1867 2190 neque
1896 2135 1962 2175 ea
1995 2136 2117 2189 quae
2150 2119 2208 2177 in

2313 2116 2442 2179 στός
2485 2117 2636 2169 ἐστιν
2692 2117 2756 2173 ἐκ
2791 2114 2946 2186 δεξιᾷ
2972 2113 3068 2167 τοῦ
3120 2113 3255 2168 Θεοῦ
3300 2114 3652 2184 καθήμενος’
3686 2116 3765 2170 τὰ
3791 2119 3902 2171 ἂνω

627 2206 835 2260 mundo
857 2215 1024 2261 sunt:
1058 2208 1103 2263 si
1131 2209 1259 2279 quis
1288 2210 1471 2281 diligit
1499 2211 1789 2275 mundum,
1824 2227 1937 2266 non
1964 2220 2050 2267 est
2077 2211 2208 2267 cha-

2309 2208 2589 2277 φρονεῖτε,
2620 2206 2696 2276 μὴ
2725 2205 2795 2259 τὰ
2823 2205 2917 2259 επὶ
2946 2204 3192 2276 τῆςιγῆς.
3222 2204 3545 2261 ’Δπεθάνετε
3576 2206 3691 2278 γὰρ
3729 2209 3797 2261 ἑν
3823 2208 3902 2276 τῷ

628 2296 768 2351 ritas
806 2297 987 2352 Patris
1037 2298 1092 2351 in
1122 2314 1211 2364 eo,
1237 2302 1367 2369 quia
1397 2316 1562 2356 omne
1586 2301 1733 2371 quod
1775 2310 1860 2356 est
1887 2301 1945 2356 in
1976 2300 2205 2366 mundo,

2308 2297 2554 2369 Χριστῷ,
2589 2298 2682 2352 καὶ
2712 2299 2747 2367 ἠ
2780 2297 2899 2368 ζωὴ
2932 2297 3088 2368 ὑμῶν
3130 2298 3436 2368 κέκρυπται
3482 2301 3541 2352 ὲν
3568 2299 3651 2368 τῷ
3686 2299 3839 2369 Θεῷ.
3874 2321 3893 2351 ι

624 2388 1079 2457 concupiscentia
1106 2392 1289 2445 carnis
1312 2400 1422 2455 est,
1447 2400 1501 2447 et
1533 2392 1984 2461 concupiscentia
2019 2392 2213 2447 oculo-

2309 2390 2492 2443 Θέλων
2539 2390 2598 2443 δὲ
2630 2390 2779 2459 ἡμᾶς
2820 2391 2921 2460 τὴν
2956 2388 3128 2459 καλὴν
3166 2388 3453 2441 ἀλλοίωσιν
3497 2389 3898 2460 ἀλλοιωθῆναι,

625 2494 771 2541 rum,
809 2489 867 2532 et
910 2482 1170 2551 superbia
1218 2483 1366 2548 vitae,
1400 2499 1524 2553 quae
1570 2498 1680 2538 non
1738 2491 1868 2539 sunt
1926 2499 1995 2537 ex
2025 2478 2210 2548 Patre,

2311 2481 2532 2549 ἐπάγει·
2570 2500 2588 2532 ι
2624 2481 2716 2552 Μὴ
2752 2481 3155 2553 σχηματίζεσθε
3206 2480 3284 2551 τῷ
3329 2481 3488 2534 αἰῶνι
3530 2482 3740 2551 τούτῳ,
3763 2482 3899 2536 ἀλλὰ

629 2569 843 2641 1049
867 2572 962 2625 sed
987 2589 1053 2628 ex
1076 2574 1281 2629 mundo
1302 2584 1434 2630 sunt
1448 2576 1514 2631 “.
1539 2595 1560 2628 δ
1590 2575 1695 2631 Et:
1723 2593 1742 2626 ι
1775 2574 2012 2629 Mundus
2030 2583 2213 2630 trans-

2318 2572 2771 2647 μεταμορφοῦσθε
2823 2575 2892 2643 τῇ
2925 2571 3288 2626 ἀνακαινώσει
3319 2569 3415 2625 τοῦ
3458 2572 3580 2631 νοδς
3609 2571 3795 2643 ἡμῶν.
3840 2572 3899 2625 ὀ

631 2664 675 2715 it
708 2671 764 2715 et
814 2664 1269 2734 concupiscentia
1333 2667 1455 2734 ejus
1483 2685 1499 2732 ;
1532 2669 1627 2737 qui
1655 2675 1838 2721 autem
1868 2666 2212 2719 voluntatem

2311 2667 2367 2719 δὲ
2398 2667 2601 2734 ἀγαθὸς
2648 2666 2811 2737 ἡμῶν
2864 2666 3071 2737 Κύριος
3126 2664 3407 2737 ἑπικυρῶν
3449 2664 3544 2718 τὸν
3596 2664 3762 2731 λόγον
3790 2663 3898 2717 τῶν

626 2757 721 2810 Dei
757 2758 909 2821 facit,
935 2769 1121 2811 manet
1154 2759 1209 2811 in
1239 2756 2022 2813 arternum'“.tAitJacobus:
2055 2776 2072 2808 ι
2108 2755 2212 2822 Qui

2311 2755 2510 2807 ἑαυτοῦ
2547 2756 2832 2827 μαθητῶν,
2855 2756 2982 2829 εφη·
3016 2774 3036 2808 ι
3075 2756 3139 2808 Ἰἰ
3167 2758 3278 2826 γὰρ
3303 2755 3579 2826 ὠφελήσει
3605 2754 3894 2827 ἄνθρωπος

625 2848 867 2902 voluerit
908 2849 1121 2904 amicus
1155 2847 1344 2901 mundi
1394 2862 1541 2911 esse,
1569 2847 1834 2901 inimicus
1872 2848 1968 2902 Dei
2003 2848 2211 2902 consti-

2315 2848 2411 2900 ὲάν
2450 2848 2543 2902 τὸν
2593 2850 2798 2917 κόσμον
2851 2849 2973 2901 ὅλον
3021 2848 3291 2922 κερδήσῃ.
3326 2847 3425 2922 τὴν
3471 2850 3528 2903 δὲ
3570 2852 3759 2921 ψυχὴν
3803 2850 3898 2919 ξπ-

631 2941 810 2995 tuitur
843 2942 911 2995 ⁸⁵.
955 2961 972 2991 ι
1008 2941 1209 2994 Paulus
1263 2955 1523 3009 quoque:
1553 2958 1570 2989 ι
1615 2939 2001 3008 ExSpoliantes
2052 2949 2209 2994 vete-

2311 2938 2487 3010 μιωθῇ
2514 2955 2529 3005 ;
2569 2939 2602 3010 ἢ
2632 2939 2685 2993 τί
2715 2938 2879 2993 δώσει
2902 2939 3263 3012 ἀντάλλαγμα
3287 2940 3388 3010 τῆς
3405 2940 3588 3011 ψυχῆς
3612 2940 3787 2995 αὑτοῦ
3818 2958 3833 3005 ;
3871 2959 3890 2990 ο

630 3046 747 3085 rem
800 3032 1084 3086 hominem
1138 3046 1263 3085 cum
1316 3031 1555 3093 actibus,
1594 3030 1808 3085 induite
1859 3046 2064 3083 novum
2117 3031 2209 3100 qui

1973 3046 2064 3083 um
2117 3031 2209 3100 qui
2242 3028 2283 3085 C
2316 3031 2476 3101 Αὐτῷ
2527 3034 2560 3101 ἡ
2614 3031 2740 3095 δόξα
2784 3033 2866 3096 εἰς
2924 3032 3051 3096 τοὺς
3105 3031 3330 3096 αὶῶνας.
3372 3033 3567 3102 Ἀμήν.

629 3133 933 3179 renovatur
960 3124 1027 3177 ³⁸.
1070 3141 1087 3174 ι
1130 3123 1341 3176 Infert:
1385 3142 1402 3172 ι
1433 3122 1583 3176 Nihil
1629 3123 1778 3176 enim
1838 3122 2131 3176 intulimus
2190 3123 2246 3176 in
2289 3124 2579 3189 mundum,
2645 3123 2998 3179 manifestum
3061 3133 3148 3179 est
3194 3127 3323 3194 quia
3379 3140 3483 3179 nec
3525 3124 3728 3178 efferre
3769 3121 3898 3191 quid

626 3230 943 3282 possumus.
983 3216 1259 3270 Habentes
1327 3224 1512 3269 autem
1582 3216 1842 3270 alimenta
1884 3233 1949 3270 ac
1996 3212 2330 3287 tegumenta,
2400 3219 2487 3273 his
2542 3220 2789 3274 contenti
2842 3220 3052 3275 erimus
3079 3220 3144 3275 ³⁷.
3187 3240 3206 3273 ι
3237 3221 3305 3276 Ει
3350 3220 3474 3274 haec
3518 3219 3765 3289 postulat
3803 3216 3898 3271 Sa-

628 3306 814 3360 lomon
848 3323 881 3360 a
936 3307 1209 3361 Domino:
1254 3325 1271 3357 1
1316 3306 1547 3360 Divitias
1588 3315 1645 3361 et
1693 3312 2074 3377 paupertatem
2128 3325 2197 3363 ne
2236 3309 2461 3365 dederis
2491 3310 2649 3373 mibi,
2684 3309 2781 3366 sed
2813 3312 3080 3367 coordina
3112 3313 3247 3366 mihi
3280 3313 3594 3368 necessaria
3662 3320 3721 3365 et
3776 3326 3897 3380 qua

628 3396 905 3454 sufﬁciant
940 3399 1004 3451 ⁸⁸.
1051 3399 1337 3453 tRursum
1370 3398 1595 3462 Paulus,
1649 3399 1882 3468 cupiens
1945 3416 2278 3471 magnopere
2321 3413 2381 3458 ut
2430 3404 2695 3474 neglectis
2739 3404 3002 3469 terrenis,
3034 3405 3280 3460 coelestia
3328 3404 3786 3466 inambulemus,
3818 3404 3895 3458 si-

631 3492 858 3559 mulque
918 3492 1108 3547 volens
1175 3508 1276 3547 nos
1329 3494 1670 3546 constituere
1732 3492 1977 3546 cmlestis
2022 3493 2213 3562 patria
2284 3495 2633 3564 municipes,
2700 3493 2963 3549 admonet
3001 3494 3242 3550 dicens:
3288 3515 3305 3545 ι
3341 3492 3399 3547 Si
3443 3494 3616 3565 igitur
3659 3508 3895 3548 consur-

632 3586 859 3640 rexistis
918 3602 1044 3641 cum
1087 3587 1331 3648 Christo,
1369 3602 1490 3656 qua:
1541 3602 1759 3642 sursum
1840 3595 1968 3640 sunt
2034 3590 2287 3656 qumrite,
2329 3588 2422 3643 ubi
2475 3589 2731 3644 Christus
2770 3590 2823 3642 in
2876 3588 3099 3643 dextera
3134 3588 3220 3644 dei
3251 3588 3449 3643 sedens
3476 3605 3488 3641 :
3515 3603 3639 3658 qua
3671 3602 3893 3643 sursum

627 3687 761 3732 sunt
800 3678 994 3748 sapite,
1034 3696 1139 3733 non
1173 3695 1295 3748 qua!
1327 3694 1493 3748 super
1562 3690 1762 3732 terram
1795 3695 1808 3730 :
1844 3679 2047 3732 mortui
2091 3679 2239 3733 enim
2279 3680 2413 3735 estis
2469 3697 2594 3734 cum
2641 3677 2883 3743 Christo,
2950 3690 3006 3734 ct
3066 3679 3173 3734 vita
3222 3689 3408 3734 vestra
3451 3677 3778 3732 abscondita
3811 3690 3894 3732 est

630 3783 756 3822 eum
795 3767 1019 3822 Christo
1087 3770 1153 3822 ⁸⁸.
1186 3789 1203 3819 ι
1273 3768 1438 3839 Optat
1497 3783 1683 3823 autem
1751 3785 1852 3823 nos
1891 3770 2194 3839 permutari
2236 3772 2475 3842 eleganti
2525 3770 2823 3825 admodum
2877 3770 3357 3834 transmutatione,
3398 3783 3577 3838 eoque
3632 3769 3890 3823 inducit:

638 3881 658 3915 ι
703 3860 884 3916 Nolite
910 3860 1248 3915 conformari
1276 3862 1408 3915 huic
1475 3862 1701 3922 steculo,
1770 3859 1866 3913 sed
1909 3861 2283 3916 rcfonnamini
2321 3863 2376 3916 in
2433 3863 2676 3917 novitate
2746 3863 2950 3917 mentis
2997 3870 3194 3915 vestrae
3223 3862 3290 3913 ⁸⁸.
3333 3880 3353 3912 ι
3416 3859 3892 3914 Clementissimus

632 3954 902 4009 Dominus
924 3962 1116 4008 noster
1156 3953 1555 4022 discipulorum
1590 3968 1818 4007 suorum
1852 3968 2164 4008 sermonem
2196 3995 2211 4018 ,
2253 3969 2367 4010 suae
2396 3955 2640 4024 pondere
2700 3955 3003 4025 maiestatis
3026 3952 3276 4008 sanciens
3294 3960 3348 4002 et
3366 3952 3731 4007 corroborans
3768 3953 3842 4006 ait
3872 3968 3886 4003 :

636 4064 657 4098 ι
697 4046 836 4112 Quid
862 4044 1009 4098 enim
1037 4045 1285 4114 proderit
1336 4044 1547 4098 homini
1575 4044 1620 4098 si
1649 4044 1897 4099 lucretur
1963 4046 2285 4099 universum
2324 4046 2614 4109 mundum,
2651 4047 2848 4100 anima:
2881 4060 3012 4100 vero
3040 4060 3151 4100 sua:
3174 4044 3566 4099 detrimentum
3610 4041 3889 4114 patiatur?

632 4144 731 4188 aut
775 4150 936 4205 quam
966 4134 1120 4188 dabit
1154 4135 1321 4188 homo
1353 4133 1847 4188 commutationem
1895 4149 1995 4204 pro
2043 4135 2225 4190 anima
2264 4151 2362 4191 sua
2390 4135 2473 4188 "?
2515 4154 2533 4187 ι
2568 4134 2673 4204 Ipsi
2707 4135 2878 4205 g'loria
2909 4133 2961 4187 in
2986 4135 3202 4188 saecula.
3235 4135 3432 4203 Amen.

1185 4243 1470 4298 IIOMILIA
1518 4240 1657 4299 XVI.

2902 4246 3124 4298 Aoroz
3173 4245 3288 4314 ις’.

768 4362 845 4418 De
876 4361 1158 4417 immodica
1189 4369 1236 4413 et
1265 4357 1778 4427 audaciora-ﬁducia
1802 4358 2073 4430 loquendi.
2248 4415 2288 4467 Ι)

1758 4377 1778 4412 ι
1802 4358 2073 4430 loquendi.
2248 4415 2288 4467 Ι)
2831 4362 2966 4430 Περὶ
3000 4363 3359 4430 πσρῤησίας.

704 4473 1024 4529 Temeraria
1051 4472 1143 4526 illa
1168 4480 1225 4525 et
1247 4470 1544 4540 impudens
1568 4470 1834 4539 loquendi
1866 4471 2098 4525 libertas
2128 4471 2214 4524 vi-

2393 4474 2611 4526 Ἐοικεν
2639 4476 2671 4543 ἡ
2707 4475 2992 4545 παρρησία
3019 4475 3255 4530 καύσονιτ
3300 4479 3540 4551 μεγάλῳ·
3577 4472 3789 4547 οὗτινος
3813 4487 3879 4554 μὴ

612 4568 755 4641 deri
782 4567 960 4637 possit
1023 4564 1289 4619 assimilis
1340 4564 1520 4618 titioui
1563 4578 1763 4633 magno
1812 4580 1827 4629 ;
1864 4564 2004 4617 febri
2044 4563 2206 4618 nimi-

2318 4565 2578 4635 φέροντες
2629 4564 2722 4617 τὺν
2765 4565 3009 4634 φλογμὸν
3042 4566 3334 4635 φεύγουσιν
3383 4571 3432 4621 οἱ
3480 4570 3762 4640 ἄνθρωποι
3792 4575 3878 4626 ἀπ’

634 4676 755 4716 rum
774 4657 1123 4720 exatstuanti,
1144 4657 1304 4726 cujus
1332 4654 1652 4709 incendium
1677 4654 1863 4708 caeteri
1890 4656 2214 4723 neutiquam

2316 4655 2507 4717 αὑτοῦ,
2539 4656 2636 4708 καὶ
2663 4659 2728 4726 τῇ
2753 4657 2883 4726 σκιᾷ
2914 4659 3346 4729 προστρέχουσιν
3363 4661 3453 4713 διὰ
3482 4661 3549 4713 τὸ
3568 4663 3876 4734 ἀναψύχειν·

636 4754 881 4806 fercntes
930 4750 1088 4805 illinc
1135 4763 1193 4802 se
1230 4746 1569 4816 proripiunt,
1622 4759 1905 4813 cursuque
1938 4746 2213 4815 praecipiti

2320 4748 2443 4817 ἥτις
2475 4749 2625 4800 ἐστὶν
2663 4748 2726 4801 τὸ
2754 4736 3206 4821 ἀπαρρησίαστον
3251 4752 3346 4804 καὶ
3398 4753 3646 4817 εὐλαϐές.
3693 4758 3878 4811 ’Δπαυο

638 4845 697 4898 ἰιι
727 4844 910 4898 locum
957 4840 1273 4895 concedunt
1306 4838 1700 4899 umbratilem,
1738 4838 1937 4891 animae
1975 4838 2213 4908 refrige-

2318 4840 2641 4909 τομολοῦσιν
2671 4841 2763 4894 τοῦ
2791 4842 3012 4912 δριμέος
3056 4844 3266 4896 καπνοῦ
3288 4844 3387 4912 τῆς
3419 4848 3754 4917 ωρῤησίας,
3786 4851 3878 4901 Καὶ

639 4934 827 4989 randae
864 4934 1064 5003 gratia.
1094 4930 1303 4986 Umbra
1364 4930 1479 4983 haec
1518 4926 1902 4998 refrigeratrix
1955 4937 2214 4982 censetur

2320 4931 2715 5001 αὐτομολοῦσιν
2764 4934 2901 5003 πρὸς
2936 4934 3035 5000 τὴν
3066 4935 3266 5003 ἀτμίδα
3304 4934 3399 4988 τοῦ
3431 4937 3666 5001 εὐώδους
3692 4939 3877 5008 θιιελιιεὶ⁸

638 5028 689 5082 is
733 5026 828 5096 qui
876 5026 932 5079 in
965 5022 1246 5093 loquendo
1279 5022 1587 5076 modestior
1611 5032 1736 5083 est,
1761 5035 1940 5088 eoque
1967 5020 2210 5073 circum-

2321 5037 2512 5090 ματοςο
2544 5023 2666 5090 ἥτις
2731 5024 2879 5075 ἐστὶν
2940 5025 2972 5094 ἡ
3018 5025 3237 5094 ἡσυχία.
3285 5027 3580 5095 Φεύγουσιν
3629 5031 3729 5098 τὴν
3766 5031 3877 5083 δυσο

639 5119 902 5189 spectior.
944 5117 1077 5171 Nam
1101 5117 1170 5169 ab
1203 5116 1301 5169 illo
1340 5113 1569 5184 quidem
1611 5127 1717 5166 nec
1764 5113 2008 5166 salutato
2060 5111 2221 5164 defu-

2321 5114 2489 5166 ωδίαν
2512 5112 2613 5166 τοῦ
2642 5114 3073 5186 σκοροὼφάγου,
3111 5120 3204 5170 καὶ
3247 5120 3643 5188 πλησιάζουσιν
3672 5123 3748 5191 τῷ
3775 5141 3875 5193 μυ-

640 5214 819 5281 giuut,
853 5221 912 5265 ut
932 5210 1002 5264 ab
1036 5211 1151 5263 acri
1196 5218 1253 5263 et
1296 5222 1458 5261 nares
1491 5205 1792 5259 obturante
1832 5202 1987 5256 fumo
2017 5203 2216 5271 linguae

2324 5205 2545 5275 ροφορῳ
2600 5206 2696 5258 xa‘t
2730 5208 3120 5279 γλυκορήμονι,
3156 5211 3233 5281 τῷ
3285 5211 3701 5285 ἐξερευγομένῳ
3736 5217 3874 5282 λόγον

642 5306 894 5375 procacis
914 5344 928 5366 ,
961 5318 1085 5357 sese
1116 5299 1473 5354 commodum
1500 5297 1850 5365 recipientes
1880 5294 1949 5348 ad
1983 5304 2212 5363 raptan-

2323 5298 2553 5364 ἀγαοὸν,
2590 5300 2682 5351 καὶ
2729 5301 3035 5368 πηγάζοντι
3081 5303 3236 5372 λόγια
3281 5307 3487 5376 Κυρίου
3532 5309 3693 5374 ἁγνά.
3727 5310 3874 5362 Οὐδὲν

641 5398 767 5451 dam
792 5410 979 5450 auram
1008 5394 1282 5448 amwnius
1314 5391 1641 5460 spirantem,
1673 5388 1740 5442 ad
1766 5402 1932 5440 suave
1962 5385 2179 5456 fragran
2199 5415 2213 5426 -

2323 5390 2431 5458 γὰρ
2459 5391 2633 5454 οὕτως
2665 5392 3011 5460 ὲξαφανίζειν
3059 5397 3156 5466 τὴν
3203 5399 3407 5467 ἀρετὴν
3457 5401 3721 5467 πέφυκεν,
3753 5401 3870 5466 ὡςή

647 5487 717 5538 lis
746 5485 956 5539 incensi
990 5484 1427 5545 exhalationem,
1455 5494 1578 5550 qua:
1607 5477 1895 5532 silentium
1939 5486 2042 5530 est.
2080 5476 2215 5545 Ejus

2322 5481 2681 5551 εὐτραπελία,
2724 5484 2910 5537 καὶτὸ
2950 5486 3186 5552 παίζειν,
3220 5488 3314 5540 καὶ
3350 5490 3380 5559 ἡ
3426 5490 3738 5561 ἀργοὶογέα.
3782 5489 3870 5542 Καὶ

733 5614 775 5641 ⁸⁸
801 5613 828 5686 ri
856 5613 1007 5686 Jpau.
1039 5629 1100 5674 tl.
1145 5615 1230 5686 15,
1267 5613 1351 5667 16.
1415 5613 1510 5686 _‘5'_
1534 5614 1661 5667 ibid.
1691 5614 1777 5668 17.
1853 5615 1897 5647 ⁸⁵
1922 5614 2037 5668 Juv.
2070 5630 2145 5669 ιν.
2174 5618 2223 5668 ι.
2302 5613 2334 5648 ’ί

2302 5613 2346 5648 ιδ
2372 5615 2577 5669 (Σηιιιεςι.
2613 5632 2688 5685 ιιι,
2716 5616 2771 5672 9.
2848 5616 2934 5671 "l
2968 5618 3109 5674 Tim.
3145 5633 3211 5684 vr,
3261 5617 3312 5684 7,
3342 5617 3398 5674 8.
3477 5618 3527 5651 "
3562 5620 3722 5679 Prov.
3751 5637 3861 5686 ιιι,

656 5687 707 5737 ὅ.
791 5685 835 5711 ⁸³
866 5684 1072 5738 Culoss.
1106 5685 1237 5746 m.i
1274 5685 1335 5739 5.
1410 5684 1455 5713 ⁹⁰
1493 5684 1652 5740 itum.
1688 5701 1783 5753 tu,
1808 5686 1860 5741 2.
1938 5689 1980 5715 ’⁸
2011 5686 2199 5740 Matii.
2233 5703 2339 5751 xt't,
2381 5687 2471 5741 ‘26.
