4054 6312
278 287 419 353 1477

922 298 1250 359 IIOMILIA
1295 301 1449 360 XVI.
1485 327 1550 336 -
1590 301 1689 361 DE
1734 302 2107 361 IMMODICA
2152 302 2537 372 LOQUENDI
2581 302 2910 363 FIDUCIA.

3404 298 3541 364 ms
3615 254 3619 259 ’

275 399 467 460 πάλιν.
504 398 660 452 οὐδὲν
688 399 865 465 οὕτως
894 404 993 474 τήν
1022 386 1488 478 πεπαλαιωμένην
1531 406 1708 478 ψυχὴν
1739 410 1866 460 ἀνα-

1970 408 2147 461 vitant
2177 409 2611 478 graveolentiam
2640 451 2652 471 ,
2683 409 2776 477 qui
2819 406 2945 461 aliis
2972 406 3216 461 vescitur
3241 445 3255 469 ,
3287 415 3345 460 et
3383 408 3434 459 el
3479 422 3540 461 se

273 492 541 556 καινίζει,
577 490 654 555 ὡς
705 494 734 546 6
773 494 940 562 φόϐος
978 495 1071 548 τοῦ
1101 497 1258 559 Θεοῦ,
1311 499 1465 570 καὶὴ
1511 498 1648 570 καλὴ
1690 518 1860 568 προσ-

275 584 457 655 ευχὴ,
482 584 579 638 καὶ
627 584 691 639 τὸ
733 585 966 658 μελετᾷν
1011 587 1308 654 ἀπαύστως
1350 591 1419 642 τὰ
1448 590 1605 659 λόγια
1633 592 1860 661 Κυρίου,

275 676 376 727 καὶ
415 674 483 746 τῇ
518 680 800 747 προσευχῇ
846 678 932 731 ἀεὶ
977 676 1174 732 ἑαυτὸν
1213 680 1726 745 καθοπλίζειν,ίκαὶ
1764 683 1862 750 τῆς

276 766 596 838 ἀγρυπνίας
628 768 690 821 τὸ
725 768 915 839 κέρδος
947 771 1276 841 ίχνηλατεϊν.
1322 771 1385 825 Ἢ
1422 774 1529 842 γὰρ
1577 772 1862 845 παρρησία

278 863 549 934 βδελυκτή
595 863 767 928 ἐστιν,
817 863 1002 927 καθὼς
1048 866 1362 936 γέγραπται
1388 868 1469 920 ἐν
1507 866 1586 938 τῷ
1628 867 1862 938 Ἐκκληο

278 956 503 1025 σιαστῇ.
556 944 641 1008 ὅτι
679 953 967 1025 Βδέλυγμα
1013 957 1206 1027 Κυρίῳ
1254 957 1528 1029 στηρίζων
1560 957 1859 1028 ὀφθαλμόν·

276 1048 378 1102 καὶ
414 1049 466 1102 οἱ
505 1048 846 1115 ἀπαίδευτοι,
895 1051 1154 1121 ἀκρατεῖς
1188 1050 1460 1124 γλώσσης.
1504 1052 1632 1106 Ἐὰν
1665 1070 1863 1123 μαστι-

276 1140 472 1213 γώσῃς
501 1140 713 1211 ἄφρονα
755 1142 813 1194 ἐν
851 1140 1003 1213 μέσῳ
1035 1143 1312 1214 συνεδρίου
1341 1144 1647 1215 ἀτιμάζων,
1682 1145 1742 1197 οὐ
1785 1143 1862 1215 μὴ

278 1230 561 1301 περιελείς
586 1230 687 1302 τὴν
717 1231 1031 1302 ἀφροσύνην
1059 1232 1250 1286 αὐτοῦ.
1285 1235 1393 1287 Kal
1433 1233 1611 1297 αὖθιςο
1644 1252 1662 1284 t
1695 1234 1863 1302 Σοφία

277 1321 577 1395 ἀνθρώπου
607 1325 801 1391 φωτιετ
827 1325 1119 1395 πρόσωπον
1147 1323 1336 1378 αὐτοῦ·
1367 1324 1586 1394 ἀναιδὴς
1610 1325 1667 1378 δέ
1693 1341 1862 1394 προσ-

275 1413 421 1483 ὼπῳ
455 1411 643 1497 αὐτοῦ,
676 1412 1063 1484 μισῃθήσεται.
1094 1435 1113 1467 ι
1141 1415 1252 1497 καὶ
1281 1414 1341 1467 ἐν
1366 1416 1486 1478 ταῖς
1511 1415 1859 1486 Παροιμίαις·

282 1522 306 1556 ι
348 1492 587 1558 Σπάνιον
620 1503 810 1574 εῐσαγε
840 1505 930 1559 σὺν
961 1505 1099 1569 πόδα
1130 1492 1264 1578 πρὸς
1293 1505 1385 1560 σὺν
1418 1505 1594 1575 φίλον,
1630 1502 1717 1577 μὴ’
1732 1523 1862 1561 ποτε

276 1594 550 1664 πλησθεὶς
583 1596 858 1667 μισήσειε.
890 1614 909 1648 ι
940 1624 1009 1638 --
1035 1616 1054 1649 ι
1077 1590 1465 1668 Ἀπόστρεψον
1499 1595 1613 1651 ἀπὸ
1638 1596 1732 1649 σοῦ
1764 1597 1863 1651 ἐπ-

279 1686 618 1752 ονειδίστους
658 1687 871 1755 λόγους.
914 1706 944 1759 ι,
978 1687 1091 1742 Kal
1119 1688 1303 1744 πάλιν
1346 1709 1364 1741 ι
1411 1689 1508 1753 Ὃς
1559 1687 1625 1743 ἂν
1663 1689 1881 1759 εὐλογῗΓ

1969 498 2278 569 adjungunt
2302 500 2563 569 propius,
2603 499 2694 567 qui
2730 498 2993 568 quopiam
3011 494 3404 569 fragratnobili
3441 513 3542 550 un-

1968 599 2204 661 guento,
2239 590 2344 645 hoc
2370 599 2493 652 est,
2526 590 2885 659 suaviloquo,
2934 589 3029 660 qui
3059 589 3249 644 sedula
3283 588 3545 658 indagine

1968 690 2351 751 perscrutatur
2391 682 2627 736 verbum
2684 682 2932 747 bonum,
2990 690 3046 734 et
3100 681 3196 750 qui
3247 691 3397 736 casta
3444 679 3543 737 Dei

1967 772 2188 842 eloquia
2222 773 2443 827 abunde
2474 772 2735 828 effundit.
2762 772 2914 826 Nihil
2946 772 3096 826 enim
3135 773 3217 827 sie
3239 773 3544 828 obscurare

1968 862 2259 917 consuevit
2289 871 2346 918 et
2374 861 2599 917 abolere
2628 862 2977 932 splendorem
3015 861 3261 924 virtutis,
3290 870 3352 914 ut
3384 862 3544 916 blan-

1968 952 2192 1024 diloqua
2228 963 2394 1023 atque
2423 954 2690 1008 urbanior
2725 954 3035 1009 scurrilitas
3061 994 3075 1017 ,
3128 964 3190 1008 ut
3216 953 3432 1009 ludicra
3479 970 3546 1010 ac

1970 1048 2230 1115 petulans
2261 1048 2578 1117 nugacitas,
2632 1058 2693 1102 ut
2742 1048 2959 1102 otiosus
3008 1062 3189 1102 sermo
3234 1056 3294 1101 et
3346 1063 3546 1116 expers

1968 1137 2146 1206 frugis
2195 1136 2372 1190 bona.
2422 1136 2558 1191 Item
2608 1137 2747 1191 nihil
2795 1138 2875 1191 sie
2906 1146 3139 1191 renovat
3171 1146 3227 1192 et
3273 1137 3545 1206 quodam-

1970 1227 2136 1281 modo
2171 1227 2545 1303 repubescere
2576 1228 2707 1283 facit
2736 1230 2975 1284 animam
3009 1229 3219 1298 alioqui
3264 1231 3547 1284 invetera-

1970 1325 2103 1381 tam,
2138 1325 2199 1371 ut
2225 1317 2392 1372 timor
2414 1316 2512 1372 Dei
2540 1359 2555 1382 ,
2592 1327 2650 1372 ut
2681 1320 2862 1372 oratio
2901 1335 3034 1375 sane
3064 1336 3232 1389 quam
3261 1318 3545 1390 speciosa,

1970 1416 2033 1462 ut
2070 1424 2273 1478 perpes
2316 1418 2372 1465 et
2417 1411 2692 1466 indefessa
2722 1411 3009 1466 meditatio
3038 1413 3392 1481 eloquiorum
3438 1413 3546 1467 Do-

1969 1497 2107 1553 mini
2137 1542 2152 1565 ,
2183 1509 2243 1555 ut
2272 1499 2318 1556 si
2356 1502 2595 1571 teipsum
2625 1502 2885 1557 obarmes
2937 1512 2991 1557 et
3040 1504 3387 1559 communias
3427 1504 3545 1575 jugi

1970 1591 2292 1661 precatione
2319 1634 2341 1657 ,
2372 1593 2417 1648 si
2446 1594 2646 1648 sedulo
2692 1610 2757 1649 ac
2804 1594 2973 1663 veluti
3016 1610 3116 1664 per
3154 1595 3385 1667 vestigia
3432 1597 3546 1651 sci-

1973 1682 2178 1737 scitcre
2238 1692 2505 1754 quantum
2555 1700 2621 1739 ex
2682 1685 2890 1756 vigiliis
2936 1687 3150 1741 resiliat
3206 1667 3543 1758 compendii.

277 1776 443 1852 φίλον
470 1776 620 1849 πρωῒ
672 1777 885 1850 μεγάλῃ
928 1781 995 1850 τῇ
1036 1780 1210 1849 φωνῆ,
1267 1778 1665 1852 καταρωμένου
1712 1779 1866 1833 οὐδὲν

1976 1769 2189 1845 1050
2216 1772 2311 1826 Illa
2344 1786 2513 1842 porro
2544 1772 2810 1827 audacior
2840 1783 3006 1844 atque
3042 1774 3338 1845 imperiosa
3370 1776 3547 1830 liber-

277 1850 568 1940 διαφέρειν
605 1868 768 1933 δόξει.
808 1890 828 1923 ι
863 1871 973 1924 Kal
997 1870 1182 1925 πάλιν·
1212 1871 1345 1935 «Ὃς
1369 1850 1636 1941 φυλάσσει
1658 1871 1720 1923 τὸ
1755 1873 1869 1925 στό-

281 1975 368 2026 μα
400 1957 569 2031 αὐτοῦ
626 1959 721 2013 καὶ
754 1958 855 2029 τὴν
900 1959 1174 2028 γλῶσσαν,
1224 1960 1475 2032 διατηρεῖ
1525 1960 1591 2014 ἐκ
1633 1959 1868 2029 θλίψεως

275 2049 387 2117 τὴν
410 2048 593 2120 ψυχὴν
645 2049 834 2105 αὑτοῦ.
886 2069 906 2103 ι
958 2050 1382 2122 Ἀγωνισώμεθα
1418 2049 1532 2118 οὖν,
1562 2053 1863 2124 ἀγαπητοί,

287 2141 447 2213 πάσῃ
493 2142 725 2212 δυνάμει
761 2142 836 2215 μὴ
872 2142 1057 2197 δοῦναι
1098 2143 1285 2215 χώραν
1324 2142 1420 2197 τοῦ
1448 2138 1867 2215 κατακυρίεύειν

279 2231 446 2303 ἡμῶν
475 2232 536 2285 τὸ
556 2231 728 2295 πάθος
756 2233 858 2303 τῆς
889 2234 1071 2304 δεινῆς
1101 2235 1443 2307 παρρησίας.
1473 2236 1724 2299 Χαλεπὸν
1759 2241 1867 2310 γάρ

280 2326 439 2376 ἐστιν
476 2322 621 2388 λίαν,
656 2325 751 2378 καί
791 2325 1106 2396 γεννητικὸν
1138 2327 1356 2391 πάντων
1384 2327 1494 2381 τῶν
1528 2328 1743 2393 παθῶν,
1773 2331 1869 2384 καὶ

279 2414 602 2486 διαφθεῖρον
640 2416 798 2480 ὅλους
820 2417 950 2475 τοὺς
985 2404 1382 2489 καρποὺςξκαὶ
1408 2419 1509 2486 τὰς
1543 2422 1744 2494 ἀρετὰς
1772 2422 1867 2476 τοῦ

279 2500 598 2579 ἀνθρώπων
627 2509 1006 2579 μεμισημένον
1034 2509 1092 2563 δέ
1111 2511 1259 2564 ἐστιν
1286 2511 1383 2565 καὶ
1410 2494 1562 2584 παρᾶ
1587 2512 1682 2567 τοῦ
1706 2512 1864 2567 Θεοῦ.

283 2599 455 2654 Ὅθεν
487 2600 581 2654 καὶ
607 2600 701 2654 τὸν
750 2601 940 2665 Ὦζᾶν,
973 2603 1326 2674 τολμήσαντα
1349 2606 1590 2659 ἐκτεῖναι
1617 2605 1717 2669 τὴν
1751 2606 1868 2676 χεί-

278 2704 382 2765 ‘pa,
414 2692 511 2745 καῖ
540 2692 953 2764 περισώσασθαι
999 2693 1098 2765 τὴν
1147 2694 1382 2750 κιϐωτὸν
1416 2694 1512 2748 τοῦ
1564 2695 1739 2753 Θεοῦ..
1759 2713 1868 2750 πα-

282 2781 569 2854 ραχρῆμα,
595 2780 670 2844 ὡς
692 2782 862 2852 ἐναγῆ
888 2784 981 2836 καὶ
1008 2782 1223 2855 ἀνίερον
1246 2784 1706 2857 ὲθανάτωσενητδ
1728 2787 1869 2857 παρ-

284 2870 648 2946 ρησιὰζεσθαι
689 2868 803 2937 οὖν,
855 2874 950 2928 καὶ
1006 2875 1360 2949 ἐπαίρεσθαι,
1405 2875 1737 2949 δυσάρεστον
1789 2875 1869 2949 τῷ

279 2966 407 3037 Θεῷ
441 2967 536 3031 καὶ
572 2965 883 3037 ἀνθρώποις
925 2967 1098 3021 ἐστίν.
1158 2970 1270 3023 Kal
1321 2968 1479 3023 τοῦτο
1533 2969 1720 3038 σαφῶς
1769 2971 1871 3022 ἐπ-

288 3059 587 3128 ιστάμενος
624 3042 669 3114 ’ὁ
699 3058 882 3124 Δαυῒδ,
931 3058 1136 3127 ἔλεγεν·
1168 3079 1186 3111 ι
1222 3060 1453 3128 Ἀγαθόν
1502 3077 1593 3132 μοι
1639 3062 1721 3115 δτι
1748 3063 1895 3114 ἐτα-.

283 3151 567 3216 πείνωσᾶς
604 3170 694 3223 με,
733 3154 882 3221 ὅπως
917 3154 984 3206 ἂν
1017 3152 1174 3223 μάθω
1202 3153 1275 3206 τὰ
1312 3153 1662 3225 δικαιώματά
1691 3171 1804 3209 σου.
1840 3175 1861 3208 ι

284 3242 424 3308 Kal,
470 3262 489 3295 ε
544 3244 878 3317 Καθήλωσον
909 3245 974 3299 ἐκ
1010 3244 1105 3299 τοῦ
1153 3244 1321 3315 φόϐου
1372 3262 1466 3298 σου
1512 3245 1612 3310 τὰς
1663 3246 1875 3317 σάρκας

285 3352 417 3401 μου·
454 3336 560 3390 ἀπ’)
589 3338 698 3409 γὰρ
722 3337 831 3390 τῶν
859 3337 1148 3419 χριμάτων
1180 3353 1275 3391 σου
1308 3336 1610 3408 ἐφοϐήθην.
1652 3355 1670 3387 ι
1694 3334 1811 3393 Kal
1842 3339 1871 3390 ὁ

286 3426 504 3489 Παῦλός
531 3444 714 3496 φησιν·
755 3447 772 3481 ι
800 3428 999 3498 ’Ἐδόθη
1027 3447 1116 3498 μοι
1141 3428 1376 3498 σκώλωψ
1406 3431 1474 3497 τῇ
1507 3428 1672 3498 σαρκὶ
1700 3428 1868 3496 ἄγγε-

284 3516 382 3579 λος
411 3517 606 3581 Σατᾶν,
645 3520 732 3572 ἵνα
764 3537 831 3591 με
862 3522 1155 3592 κολαφίζῃ,
1193 3522 1279 3574 ἵνα
1310 3521 1383 3592 μὴ
1413 3522 1859 3590 ὑπεραίρωμαι.)

287 3607 402 3659 Καὶ
428 3606 604 3670 ἄλλος·
649 3628 667 3659 ι
714 3608 810 3672 Τίς
846 3613 1185 3682 καυχήσεται
1225 3610 1396 3682 ἁγνὴν
1429 3608 1574 3679 ἔχειν
1605 3607 1703 3679 τὴν
1732 3625 1869 3679 καρ-

281 3698 439 3763 δίαν;
474 3700 506 3770 ἢ
536 3700 619 3763 τίς
664 3686 1100 3773 παρρησιάσεται
1138 3699 1368 3754 ἐνώπιον
1396 3700 1602 3766 autat");
1643 3718 1663 3752 ι
1701 3698 1865 3751 Ὅθεν

284 3788 389 3844 καὶ
414 3790 442 3841 ὁ
469 3791 671 3860 Κύριος
699 3791 1210 3863 παῤῥησιασαμένῳ
1226 3789 1303 3862 τῷ
1331 3791 1544 3861 Πέτρῳ,
1566 3789 1661 3842 καὶ
1681 3788 1866 3842 είπόνο

280 3894 365 3933 ιιιο
405 3898 424 3932 ι
460 3880 649 3945 Ἵλεώς
687 3899 792 3947 σοι,
836 3883 1033 3953 Κύριε,
1068 3884 1130 3936 οὐ
1181 3883 1256 3951 μὴ
1298 3881 1451 3935 ἔσται
1488 3898 1578 3934 σοι
1616 3879 1796 3945 τοῦτο,
1840 3898 1859 3930 ι

285 3972 647 4044 ἐπετίμησεν,
671 3973 866 4029 εἰπών·
892 3995 914 4027 ι
945 3975 1167 4042 ’Ύπαγε
1192 3974 1370 4026 ὀπίσω
1408 3990 1536 4042 μου,
1573 3973 1805 4029 Σατανᾶ.
1839 3989 1858 4022 ι

300 4060 706 4133 Ἐπερωτηθεὶς
754 4063 811 4121 δὲ
849 4065 988 4134 μετὰ
1020 4064 1120 4134 τὴν
1163 4064 1459 4117 ἀνάστασιν
1490 4063 1597 4116 ὑπὸ
1623 4062 1717 4115 τοῦ
1752 4050 1864 4114 κυ-

288 4153 431 4226 ρίου·
468 4174 482 4206 ι
524 4157 720 4226 Πέτρε,
749 4157 1077 4229 φιλεῖςᾼμε;
1126 4176 1144 4209 ι
1179 4157 1277 4212 σὺν
1310 4156 1459 4227 πάσῃ
1494 4154 1749 4225 εὐλαϐείᾳ
1768 4155 1874 4206 ἀπ-

285 4243 510 4314 εκρίθη,
547 4264 565 4295 ι
596 4246 725 4311 Nal,
760 4245 955 4317 Κύριε,
982 4246 1047 4299 σὺ
1081 4240 1228 4308 οἶδας
1253 4246 1334 4298 ὅτι
1378 4243 1518 4314 φιλῶ
1545 4260 1625 4296 σε.
1659 4262 1678 4295 ι
1710 4241 1871 4313 Δίιτῴ

283 4337 322 4404 ἡ
356 4333 505 4403 δόξα,
545 4336 739 4405 Ἀμήν.
904 4318 913 4325 ’

1972 1871 2056 1917 tas
2101 1864 2370 1932 loquendi
2452 1864 2793 1920 abominatio
2833 1876 2960 1931 est,
3015 1877 3183 1935 utque
3256 1867 3548 1938 Scriptura

1968 1954 2221 2008 continet
2248 1954 2300 2007 in
2329 1955 2659 2009 Ecclesiaste
2691 1973 2703 2007 :
2743 1957 3073 2019 exsecratio,
3113 1957 3361 2026 inquam,
3395 1957 3544 2026 apud

1967 2028 2288 2106 Dominum,
2322 2043 2417 2112 qui
2469 2041 2650 2096 firmat
2678 2044 2932 2111 oculum;
2975 2044 3070 2099 sed
3099 2055 3156 2100 et
3202 2046 3433 2108 inducti,
3467 2046 3549 2100 in-

1967 2136 2335 2204 temperantis
2362 2136 2562 2206 lingua:
2592 2138 2808 2191 sunt”.
2836 2137 2893 2193 Si
2930 2139 3317 2195 verberaveris
3339 2139 3548 2208 impru-

1966 2224 2211 2289 dentem,
2260 2225 2315 2279 in
2368 2226 2553 2280 medio
2608 2227 2825 2281 consilii
2871 2228 2950 2282 illi
3001 2229 3550 2299 npprobrans,nun-

1967 2330 2132 2385 quam
2185 2316 2487 2372 abstuleris
2543 2319 2835 2373 stultitiam
2895 2319 3067 2374 illius.
3096 2320 3354 2375 Rursus:
3410 2319 3552 2375 «Sa-

1967 2409 2171 2479 pientia
2226 2410 2469 2465 hominis
2512 2411 2757 2467 illustrat
2801 2411 2997 2466 faciem
3048 2411 3203 2481 ejus;
3255 2409 3549 2481 impudens

1966 2511 2152 2554 autem
2214 2498 2354 2555 facie
2412 2500 2641 2555 odlbilis
2686 2501 2795 2556 erit
2824 2501 2890 2555 ".
2928 2520 2947 2551 ι
2982 2501 3050 2555 Ει
3085 2501 3139 2554 in
3177 2500 3500 2556 Proverbiis
3528 2518 3544 2551 :

1976 2594 2233 2648 t-llarius
2268 2593 2411 2648 infer
2443 2595 2637 2663 pedem
2674 2603 2828 2649 tuum
2865 2595 2921 2648 in
2964 2594 3190 2648 domum
3226 2592 3426 2655 amici,
3479 2607 3550 2646 ne

1966 2683 2112 2747 forte
2132 2686 2364 2739 satiatus
2387 2686 2571 2740 oderit
2597 2697 2650 2741 te
2677 2687 2880 2739 ἰδεμ-ι
2913 2686 3113 2741 Averle
3142 2684 3239 2740 abs
3259 2694 3312 2740 te
3338 2699 3551 2739 sermo-

1916 2784 1921 2791 ‘
1967 2792 2070 2831 nes
2100 2776 2383 2846 opprobrii
2414 2779 2482 2830 ".
2531 2797 2549 2828 ι
2611 2778 2814 2832 lterum
2846 2795 2858 2830 :
2898 2796 2922 2841 ε¹
2951 2775 3052 2842 Qui
3084 2774 3363 2829 benedicit
3390 2788 3551 2827 mane

1968 2867 2207 2922 amicum
2243 2880 2460 2923 exserta
2490 2884 2648 2934 voce,
2697 2868 2836 2924 nihil
2864 2868 3089 2923 difl'erre
3117 2866 3351 2921 videtur.
3374 2866 3442 2920 ab
3482 2880 3551 2921 eo

1969 2961 2066 3029 qui
2124 2961 2406 3015 maledicit
2428 2963 2493 3015 π.
2534 2981 2553 3013 ι
2604 2962 2844 3016 Rursum
2902 2978 2915 3012 :
2990 2977 3006 3009 ι
3045 2957 3148 3024 Qui
3189 2956 3436 3012 Custodit
3487 2973 3552 3015 os

1969 3067 2131 3107 suum
2154 3061 2211 3106 et
2234 3050 2500 3123 linguam,
2534 3059 2828 3107 conservat
2857 3067 2887 3105 a
2925 3050 3285 3105 tribulatione
3306 3049 3547 3103 animam

1968 3158 2124 3199 suam
2151 3144 2217 3196 ⁹⁷.
2253 3162 2270 3194 ι
2313 3143 2381 3198 Εῑ
2416 3159 2516 3198 nos
2562 3143 2733 3214 igitur
2764 3159 2869 3213 pro
2914 3143 3103 3207 virili,
3133 3141 3337 3196 fratres
3361 3182 3376 3206 ,
3433 3149 3551 3197 toto

1966 3238 2098 3295 nixu
2123 3220 2536 3307 provideamus,
2562 3252 2633 3291 ne
2656 3252 2823 3306 quem
2845 3237 3027 3291 locum
3049 3236 3100 3289 in
3125 3235 3288 3290 nobis
3315 3234 3553 3289 vitiosus

1967 3329 2058 3383 hic
2088 3329 2448 3384 nanciscatur
2464 3328 2919 3398 aflectuslingute
2949 3326 3221 3396 procacis.
3257 3324 3552 3394 nequando

1970 3419 2265 3475 adversum
2336 3433 2439 3472 nos
2503 3418 2805 3473 invalescat
2863 3416 3236 3487 imperiosius.
3273 3416 3553 3484 Perquam

1945 3507 2203 3571 .molesta
2228 3514 2314 3561 est
2355 3506 2473 3561 hinc
2506 3505 2703 3560 animae
2731 3505 3111 3575 intemperies,
3144 3518 3302 3573 equa
3323 3518 3421 3557 ceu
3454 3517 3552 3571 pa-

1974 3602 2129 3649 rente
2163 3602 2377 3648 caetera:
2434 3593 2860 3663 progerminant
2889 3599 2946 3646 et
2996 3599 3325 3662 emergunt:
3376 3603 3567 3657 eoque

1972 3670 2188 3743 fructus
2222 3685 2473 3741 exercitii
2523 3685 2689 3755 hujus
2724 3683 2901 3738 nostri
2959 3699 3161 3737 omnes
3217 3679 3554 3752 putrilagine

1974 3792 2039 3832 ac
2064 3792 2323 3831 marcore
2354 3776 2539 3846 perdit
2568 3816 2582 3839 ,
2619 3774 2856 3830 virtutes
2885 3773 3032 3844 ipsas
3072 3771 3317 3829 hominis
3372 3769 3555 3824 reddit

1974 3868 2170 3922 inanes
2217 3866 2413 3936 frugis.
2446 3865 2626 3920 bonae.
2675 3866 2733 3919 ln
2771 3880 2868 3919 eos
2898 3864 3048 3919 cadit
3071 3862 3309 3918 vitiosus
3343 3860 3435 3916 hic
3469 3858 3555 3913 af-

1973 3959 2176 4022 fectus,
2203 3974 2346 4028 quos
2367 3959 2485 4013 odit
2514 3957 2661 4011 Deus
2695 3953 3091 4011 infensissi’me.
3115 3955 3271 4010 Unde
3310 3963 3367 4008 et
3404 3951 3553 4007 Ozan

1970 4052 2065 4123 qui
2097 4068 2196 4122 per
2221 4051 2588 4108 temeritatem
2619 4047 2976 4119 eXporrigere
2999 4063 3221 4103 manum
3248 4061 3415 4100 ausus
3443 4052 3549 4106 est,

1971 4150 2032 4198 ut
2065 4159 2192 4198 arca
2220 4142 2317 4197 Dei
2350 4151 2670 4199 servaretur
2703 4140 3032 4206 incolumis;
3065 4147 3128 4194 ut
3155 4137 3551 4194 exsecrabilem

1970 4248 2036 4288 ac
2061 4234 2356 4303 profanum
2391 4233 2447 4287 in
2480 4232 2718 4302 vestigio
2740 4238 2919 4284 morte
2956 4228 3210 4283 multavit
3232 4228 3298 4282 ".
3316 4227 3551 4279 Temere

1967 4342 2103 4398 ergo
2139 4327 2290 4397 loqui
2324 4340 2389 4380 ac
2420 4340 2541 4380 sese
2579 4323 2778 4379 efferre
2826 4321 3188 4391 impotentius
3215 4359 3229 4381 ,
3252 4327 3553 4385 utrumque

283 4425 438 4495 apud
475 4427 643 4481 Deum
672 4440 728 4482 et
776 4428 1036 4484 homines
1065 4437 1218 4485 caret
1271 4427 1468 4499 gratia.
1527 4424 1684 4493 Quod
1737 4439 1862 4480 cum
1902 4421 2193 4492 perSpicue
2252 4426 2442 4474 nosset
2510 4415 2717 4481 David,
2763 4414 3033 4470 dicebat:
3099 4430 3121 4462 ‹
3151 4411 3363 4465 Bonum
3414 4406 3552 4463 mihi

282 4513 443 4584 quod
499 4516 805 4571 humiliasti
860 4532 949 4572 me
977 4557 991 4582 ,
1061 4524 1122 4572 ut
1178 4515 1401 4570 discam"
1437 4513 1864 4585 iustificationes
1905 4520 2027 4565 tuas
2050 4511 2120 4561 ”.
2152 4527 2170 4559 ι
2243 4507 2313 4563 Et
2347 4526 2361 4561 :
2425 4526 2443 4558 ι
2483 4505 2706 4576 Confige
2732 4504 2929 4560 timore
2957 4510 3053 4557 tuo
3073 4514 3272 4556 carnes
3293 4514 3486 4565 meas;
3520 4514 3552 4554 a

283 4602 518 4678 iudiciis
563 4607 709 4662 enim
739 4606 853 4663 tuis
890 4607 1050 4663 timui
1085 4607 1124 4660 ί.
1161 4626 1181 4657 ε
1215 4605 1322 4661 Sed
1353 4612 1410 4659 et
1471 4604 1711 4659 Paulus:
1750 4622 1768 4653 ς
1805 4603 1978 4657 Datus
2003 4607 2089 4654 est
2118 4598 2257 4654 mihi
2321 4597 2580 4653 stimulus
2627 4593 2815 4651 carnis
2861 4592 3089 4664 angelus
3145 4589 3359 4678 Satanae
3382 4629 3398 4654 ,
3458 4588 3551 4678 qui

286 4676 381 4753 ine
437 4696 784 4766 colaphizet.
820 4705 883 4751 ut
931 4712 1003 4751 ne
1062 4695 1296 4751 extollar
1339 4696 1380 4748 '.
1421 4714 1438 4746 ι
1495 4692 1654 4748 Alius
1695 4691 1872 4745 item:
1922 4707 1940 4740 ι
1980 4688 2116 4754 Quis
2135 4685 2467 4758 gloriabitur
2489 4684 2755 4739 mundum
2814 4697 2873 4737 se
2925 4677 3277 4735 haberecor?
3301 4676 3407 4731 Aut
3428 4677 3554 4747 quis

282 4789 469 4845 libere
518 4790 782 4860 loquetur
830 4804 1015 4844 coram
1084 4804 1151 4843 eo
1190 4788 1259 4840 ³⁸1
1285 4806 1303 4839 ι
1339 4786 1497 4843 Unde
1572 4793 1630 4840 et
1679 4782 1948 4839 Dominus
1985 4781 2150 4837 Petro
2207 4778 2473 4834 audacius
2526 4792 2690 4847 quam
2730 4772 3115 4861 .conveniebat
3148 4771 3376 4835 locuto;
3418 4785 3552 4861 cum

280 4883 439 4938 enim
467 4882 824 4938 is‘dixisset:
865 4902 882 4933 ι
916 4880 1199 4952 Propitius
1254 4892 1375 4936 esto
1421 4880 1554 4944 tibi,
1612 4878 1874 4939 Domine,
1915 4890 2026 4929 non
2056 4874 2166 4929 erit
2197 4873 2298 4928 tibi
2326 4872 2454 4936 hoc,
2488 4890 2507 4923 ›
2568 4860 2779 4926 acriter
2842 4882 2970 4923 eum
3032 4863 3325 4933 coarguit:
3365 4860 3555 4952 «Vade

284 4985 468 5039 retro,
500 4975 702 5031 Satana
728 4976 769 5031 ⁵.
809 4996 827 5027 ι
866 4951 1039 5045 Atqui
1064 4974 1208 5030 idem
1277 4989 1403 5028 mox
1440 4989 1468 5027 a
1511 4973 1917 5028 resurrectione
1955 4985 1985 5024 a
2005 4967 2244 5023 Domino
2274 4965 2685 5033 interrogatus:
2718 4980 2736 5010 ι
2768 4961 2952 5024 Petre,
2978 4956 3161 5027 diligis
3193 4970 3280 5010 me
3302 4954 3326 5008 ί
3350 4973 3369 5004 ι
3406 4951 3554 5006 omni

281 5085 416 5125 cum
451 5069 652 5123 timore
685 5083 749 5122 ac
785 5069 1095 5124 reverentia
1126 5066 1453 5136 respondit:
1499 5087 1516 5118 ι
1542 5065 1735 5129 Certe,
1768 5063 2030 5127 Domine,
2047 5071 2104 5118 tu
2134 5058 2265 5119 scis,
2298 5057 2426 5127 quia
2485 5070 2608 5110 amo
2665 5065 2719 5110 te
2744 5056 2787 5109 ⁸.
2809 5073 2828 5105 ι
2890 5053 2998 5123 ipsi
3050 5048 3220 5122 gloria
3249 5047 3304 5101 in
3331 5045 3551 5101 sarcula.

278 5162 485 5219 Amen.

351 5342 399 5375 "
416 5341 594 5396 Ece‘e.
632 5354 727 5398 ιιι,
762 5336 853 5391 2‘2.
931 5337 977 5369 ”
1004 5333 1188 5390 E'ccle.
1213 5353 1328 5400 vm,
1365 5337 1414 5389 l.
1492 5333 1535 5366 ”
1567 5334 1730 5387 rm.
1765 5348 1890 5393 xxv,
1931 5330 2018 5384 l7.
2095 5330 2143 5362 ”
2178 5327 2348 5400 Eccli:
2378 5342 2484 5389 xu,
2515 5325 2604 5381 98.
2627 5395 2655 5400 _
2683 5324 2728 5356 "
2752 5326 2918 5400 P_ro_v.
2966 5341 3130 5388 xxvn,
3160 5324 3256 5400 μί.
3310 5319 3554 5400 _”__Prpy.

284 5389 532 5469 1711.123.
603 5389 730 5462 "ivli
758 5389 889 5476 Reg.
913 5389 1075 5468 νιξϐ.
1152 5407 1200 5476 γ’
1233 5389 1373 5461 Psal.
1402 5419 1583 5467 t:.\\'|ll,
1614 5408 1701 5463 Π,
1785 5406 1797 5432 ⁸
1828 5389 1961 5456 ibid.
1999 5400 2115 5454 120.
2191 5401 2210 5430 ²
2242 5398 2284 5453 ll
2310 5396 2438 5453 Cor.
2473 5412 2563 5460 an,
2627 5395 2681 5450 7.
2793 5396 2813 5426 ³
2848 5396 3008 5448 Prov.
3045 5411 3132 5450 xx.
3154 5394 3208 5449 9.
3307 5392 3329 5424 ‘
3359 5389 3554 5447 Matth.

284 5499 400 5546 3m,
435 5481 524 5542 2:2,
560 5479 649 5533 Ξῦ.
729 5479 749 5509 ⁸
776 5475 934 5533 Joan.
970 5492 1079 5541 xxx,
1118 5475 1201 5540 l5,
1236 5477 1320 5533 l7.
