4054 6312
316 292 450 360 [481

736 300 1069 361 HOMILIA
1108 300 1376 360 XVII.“
1418 294 1516 358 DE
1552 293 1849 357 ABSTIN.
1887 293 1937 351 Α
1972 292 2402 366 COLLOQUIO
2439 294 2597 359 CUM
2636 294 3142 362 MULIERIBUS.

3436 289 3573 365 1182

313 416 460 472 Καί·
505 436 523 468 ι
560 418 795 484 γυναῖκα
845 416 920 487 μὴ
946 416 1321 487 ἐπιθυμήσῃς.
1362 435 1379 466 ι
1417 415 1525 467 Καὶ
1553 412 1716 466 πάλιν
1741 428 1753 439 ’
1793 428 1811 461 ι
1843 409 1890 461 οί

1994 415 2051 462 et
2087 408 2309 463 mulieri
2339 409 2495 464 malae
2524 409 2782 465 ﬁduciam
2814 410 3077 482 loquendi
3104 412 3397 468 adversum
3427 417 3577 472 te'a

190 515 259 541 κ
311 507 583 579 ὀφθαλμοί
627 524 721 560 σου
777 509 914 579 ὀρθά
964 508 1338 579 βλεπέτωσαν,
1383 508 1466 560 ὅτι
1514 503 1745 559 ἐνώπιόν
1784 503 1893 555 είσι

309 597 422 650 τῶν
468 595 563 649 τοῦ
620 595 757 649 Θεοῦ
803 596 1101 665 ὀφθαλμῶν
1132 597 1244 650 ὁδοὶ
1290 594 1504 665 ἀνδρός.
1552 593 1749 661 Ὀρθάς
1777 607 1896 664 τροι

310 691 440 759 χιὰς
463 688 691 758 ποίησον
713 690 827 751 σοῖς
851 687 999 741 ποσίο
1026 687 1103 758 μὴ
1127 685 1379 765 ἐκκλίνῃς
1408 689 1487 749 εἰς
1504 686 1574 738 τὰ
1593 684 1760 749 δεξιὰ,
1787 698 1892 751 μη·

308 780 368 833 δέ
407 781 488 844 είς
517 780 585 833 τά
622 781 911 851 ἀριστερά.
953 779 1323 853 Ἀπόστρεψον
1348 778 1439 831 τὸν
1468 778 1604 831 πόδα
1636 777 1744 830 ἀπὸ
1772 774 1890 828 ὁδοῦ

309 874 511 942 κακῆς.
551 893 571 926 ι
607 874 719 926 Καὶ
767 875 968 927 πάλιν·
1006 892 1024 923 ι
1057 873 1151 926 Υἱέ
1204 873 1278 943 μή
1326 889 1385 924 σε
1424 872 1622 940 νικήσῃ
1662 867 1893 929 κάλλους

307 965 600 1036 ἐπιθυμίασ
634 960 772 1037 μηδὲ
805 966 1087 1037 άγρευθῇς
1118 968 1230 1030 σοῖς
1255 964 1576 1034 ὀφθαλμοῖς,
1614 962 1746 1033 μτοδέ
1779 978 1892 1013 συν-

306 1060 569 1129 αρπατῇς
624 1060 741 1118 σοῖς
796 1058 1112 1128 βλεφάροις,
1134 1059 1216 1117 ὅτι
1254 1057 1414 1125 γυνὴ,
1446 1054 1655 1127 ἀνδρῶν
1693 1051 1894 1123 τιμίων

306 1147 486 1219 ψυχὰς
508 1150 769 1220 ἀγρεύει.
789 1150 976 1221 Πλανᾷ
1009 1150 1117 1220 γὰρ
1141 1150 1231 1204 τὶν
1257 1150 1550 1220 ἄνθρωπον
1572 1148 1743 1219 πολλὴ
1774 1150 1893 1217 ὁμι-

304 1240 423 1299 λία.
462 1241 679 1312 βρόχοις
715 1260 775 1295 τε
808 1246 926 1306 τοῖς
956 1244 1065 1297 ἀπὸ
1101 1244 1323 1314 χειλέων
1366 1242 1657 1309 ἐξώκειλεν
1704 1241 1887 1295 αύτόν.

320 1331 384 1386 '0
414 1333 472 1386 δὲ
516 1334 964 1405 ἐπηκολούθησεν
997 1337 1162 1406 αὐτῇ,
1197 1336 1509 1405 κεπφωθεὶς
1537 1330 1731 1406 ὥσπερ
1765 1334 1891 1406 βοῦς

304 1426 406 1480 ἐπὶ
444 1430 659 1495 σφαγὴν
702 1425 919 1493 ἄγεται,
965 1428 1059 1480 καὶ
1105 1426 1295 1497 ὥσπερ
1326 1424 1473 1479 κύων
1504 1426 1596 1479 ἐπὶ
1630 1425 1886 1495 δεσμοὺς,

302 1516 410 1569 ούκ
441 1514 599 1573 εἰδὼς
628 1517 709 1568 ὅτι
736 1518 867 1586 περ).
906 1515 1084 1585 ψυχῆς
1109 1516 1318 1587 τρέχει.
1350 1516 1441 1585 Μὴ
1471 1510 1565 1569 οὖν
1588 1514 1890 1569 ἐκκλινάτω

301 1606 390 1668 είς
419 1605 516 1667 τάς
544 1605 696 1668 ὁδοὺς
719 1606 891 1673 αὐτῆς
919 1605 952 1675 ἡ
982 1603 1183 1675 καρδία
1210 1592 1326 1657 σουέ
1364 1604 1590 1667 πολλοὺς
1617 1604 1726 1677 γάρ
1756 1601 1891 1675 τρώ-

305 1711 455 1749 σασα
482 1694 769 1772 κατέϐαλε.
813 1696 924 1748 Καὶ
968 1693 1339 1765 ἀναρίθμητοί
1379 1698 1540 1759 εἰσιν,
1572 1693 1666 1758 οὒς
1712 1696 1888 1764 πεφό-

303 1803 522 1841 νευκεν’
545 1786 653 1840 ὁδοὶ
684 1785 793 1855 γάρ
824 1785 950 1856 ᾅδου
986 1786 1014 1838 6
1043 1780 1191 1847 οἶκος
1218 1784 1412 1853 αὐτῆς,
1443 1785 1782 1854 κατάγουσαι
1811 1785 1890 1850 είς

298 1880 534 1948 ταμιεῖα
562 1876 819 1930 θανάτου.
864 1895 883 1929 ι
923 1875 1112 1930 Ταῦτα
1164 1876 1264 1946 μὲν
1303 1877 1332 1929 6
1361 1875 1631 1946 Σολομὼν.
1665 1877 1791 1941 Πῶς
1830 1878 1889 1931 δέ

301 1970 403 2023 καὶ
430 1970 466 2040 ἡ
490 1968 763 2037 Αἰγυπτία
792 1985 808 2034 ;
856 1967 893 2038 ἡ
933 1968 1033 2035 τὴν
1066 1968 1280 2039 μορφὴν
1324 1966 1418 2021 τοῦ
1459 1968 1658 2041 Ἰωσὴφ
1685 1969 1890 2022 ἐπεπό-

302 2061 443 2134 θησε
472 2061 676 2133 σαρκὸς
710 2059 885 2129 πόθῳ,
918 2059 1013 2112 τοῦ
1046 2058 1201 2123 ὄντος
1242 2059 1577 2130 σεμνοτάτου
1601 2079 1613 2092 ·
1646 2062 1738 2115 καὶ
1767 2059 1890 2115 τού-

299 2166 404 2205 του
437 2151 513 2222 μὴ
541 2150 953 2215 ἐπινεύσαντος,
1008 2149 1090 2213 είς
1134 2148 1344 2218 θλίψεις
1389 2152 1486 2204 καὶ
1528 2152 1890 2222 στενοχωρίας

300 2242 398 2297 διὰ
445 2244 545 2313 τῆς
580 2241 949 2313 ψευδηγορίας
1000 2240 1092 2294 τὸν
1138 2239 1343 2312 εὐσεϐῆ
1387 2242 1738 2316 περιέπειρεν
1783 2243 1889 2307 ἕως

303 2332 568 2388 θανάτου.
617 2333 802 2406 Ὁρᾷς,
842 2334 925 2387 ὅτι
954 2335 983 2387 6
1018 2333 1404 2404 ἐντελεχισμὺς
1438 2335 1639 2406 σαρκὸς
1668 2336 1765 2406 τῆς
1796 2337 1891 2390 Αί-

302 2427 548 2495 γυπτίας
582 2428 756 2496 πόσην
805 2426 1217 2498 κατειργάσατο
1264 2427 1359 2479 τοῦ
1413 2426 1623 2480 δικαίου
1677 2426 1886 2497 θλίψινς

301 2520 409 2574 Διὰ
456 2518 615 2572 τοῦτο
667 2515 764 2572 οὖν
820 2520 957 2572 πᾶσι
1010 2519 1236 2589 τρόποις
1264 2519 1541 2589 συμφέρον
1572 2520 1703 2590 ἡμῖν
1741 2519 1890 2575 ἐστιν

303 2610 617 2681 ἀπέχεσθαι
647 2610 743 2664 ἀπ’
769 2610 972 2665 αὐτῶν.
1000 2611 1074 2663 Οὐ
1114 2611 1224 2682 γὰρ
1255 2609 1436 2681 έχουσι
1469 2611 1806 2666 λυσιτέλειαν
1832 2613 1890 2668 al

302 2704 493 2759 αὐτῶν
526 2704 804 2774 συντυχίαι
830 2707 942 2765 τοῖς
975 2703 1223 2758 θέλουσιν
1256 2706 1314 2757 ἐν
1342 2702 1572 2774 ἀληθείᾳ⁸
1592 2703 1689 2774 τὴν
1717 2705 1889 2774 ὀσφὺν

302 2793 748 2866 περιζώσασθαι.
780 2796 895 2850 Ούκ
919 2795 1160 2866 ἡκούσας
1198 2795 1328 2866 περὶ
1368 2793 1458 2848 τοῦ
1492 2792 1734 2866 Σαμψὼν
1777 2796 1891 2849 Na-

1994 499 2064 555 Et
2096 518 2108 555 :
2146 519 2166 552 ‹
2196 501 2275 556 Ne
2322 501 2617 573 impegeris
2659 501 2714 557 in
2754 503 3231 573 pulchritudinem
3281 506 3566 572 mulieris,

1992 600 2049 647 et
2076 593 2361 648 mulierem
2396 609 2466 648 nc
2510 594 2872 664 concupiscas
2890 596 2933 650 ⁵.
2974 614 2993 646 ι
3049 595 3306 651 Rursus:
3359 616 3375 648 ι
3414 596 3571 652 Oculi

1997 687 2074 741 tui
2102 696 2251 740 recta
2284 686 2528 754 videant,
2561 689 2689 759 quia
2722 702 2909 742 coram
2942 687 3119 743 oculis
3148 688 3244 742 Dei
3268 689 3369 743 vim
3393 689 3570 744 ltmnié

1994 777 2081 832 nis
2112 786 2273 844 sunt;
2322 791 2501 834 rectas
2539 780 2751 835 orbitas
2791 778 2959 834 facito
2984 779 3221 850 pedibus
3268 780 3411 847 tuis;
3461 797 3569 837 non

1994 869 2304 924 declinabis
2356 869 2423 925 ad
2479 870 2785 935 dexteram,
2846 886 3030 940 neque
3109 871 3175 926 ad
3245 871 3569 927 sinistram:

1993 970 2181 1039 averte
2234 962 2432 1031 pedem
2481 969 2636 1015 tuum
2695 974 2727 1016 a
2782 961 2869 1016 via
2926 961 3135 1015 mala’.
3186 980 3204 1012 ι
3266 961 3505 1017 Rursum
3553 980 3569 1017 τ

1993 1052 2117 1116 Fili,
2173 1069 2241 1107 ne
2298 1061 2351 1108 te
2391 1062 2621 1124 superet
2663 1052 3021 1123 pulchritudo
3080 1053 3569 1122 concupiscentiae,-

1993 1158 2133 1198 neve
2182 1144 2422 1214 capiaris
2468 1144 2695 1223 pupillis
2752 1143 2900 1209 tuis,
2944 1144 3074 1214 quia
3115 1144 3322 1199 mulier
3359 1145 3572 1199 animas

1992 1241 2228 1287 venatur
2253 1235 2496 1287 virorum
2529 1234 2960 1290 ltonorabilium.
3000 1235 3268 1305 lmplauat
3292 1235 3571 1291 hominem

1992 1326 2164 1380 multa
2198 1328 2594 1381 ’collocutione
2622 1367 2635 1391 ,
2677 1337 2733 1382 et
2790 1328 3003 1398 laqueis
3054 1330 3330 1383 labiorum
3390 1330 3571 1383 ilicxit

1990 1431 2117 1472 eum
2176 1425 2232 1471 et
2293 1417 2552 1472 irrctivit.
2602 1417 2813 1495 1052
2869 1418 2965 1472 lile
3004 1426 3187 1473 autem
3221 1427 3445 1473 Suculus
3483 1416 3570 1473 est

1991 1523 2134 1574 eam,
2156 1507 2444 1577 deceptus,
2475 1508 2637 1577 quasi
2662 1508 2770 1562 'bos
2799 1508 2893 1577 qui
2925 1508 3146 1563 ducitur
3173 1508 3239 1563 ad
3264 1508 3564 1572 \ictitnam,

1990 1610 2046 1657 et
2069 1590 2226 1672 quasi
2256 1602 2411 1657 canis
2437 1601 2505 1656 ad
2531 1602 2778 1665 vincula,
2804 1602 3060 1657 nesciens
3088 1602 3219 1671 quia
3251 1617 3353 1671 pro
3386 1602 3570 1656 anima

1993 1692 2194 1748 currit.
2251 1693 2330 1748 Ne
2365 1692 2535 1763 igitur
2567 1692 2813 1748 declinet
2845 1691 2901 1747 in
2931 1692 3049 1747 vias
3074 1692 3225 1748 illius
3252 1708 3350 1748 cor
3389 1701 3567 1749 tuum.

1993 1782 2194 1838 Multos
2224 1783 2374 1838 enim
2425 1792 2717 1853 postquam
2754 1784 3091 1849 vulneravit,
3122 1785 3326 1856 dejecit
3353 1804 3368 1841 :
3400 1796 3457 1840 et
3484 1786 3572 1841 ina

1989 1876 2365 1931 numerabiles
2394 1885 2522 1931 sunt
2547 1868 2688 1945 quos
2718 1875 3016 1931 interfecit.
3067 1878 3176 1932 Viae
3202 1879 3349 1933 enim
3379 1879 3567 1944 inferi,

1989 1968 2188 2022 domus
2222 1968 2342 2039 ejus
2367 1968 2707 2023 deducentes
2732 1967 2788 2021 in
2813 1969 3194 2038 promptuaria
3215 1972 3411 2026 mortis
3435 1971 3498 2025 “.
3542 1984 3563 2023 ι

1988 2056 2058 2114 Ει
2083 2058 2201 2113 haec
2231 2058 2453 2128 quidem
2494 2056 2774 2113 Salomon.
2827 2058 2935 2113 Sed
2962 2060 3094 2130 quid
3116 2061 3141 2114 ?
3163 2061 3426 2131 Nunquid
3455 2066 3570 2117 non

1988 2147 2242 2220 Egyptia
2274 2140 2386 2209 illa.
2418 2147 2623 2217 Joseph
2665 2147 2985 2218 concupivit
3016 2148 3225 2218 perfrui
3253 2150 3568 2219 pulchritu-

1990 2240 2141 2305 dine,
2172 2240 2381 2295 carnali
2420 2238 2703 2295 desiderio
2733 2240 3147 2307 exardescens;
3175 2257 3302 2297 cum
3348 2243 3441 2298 ille
3473 2254 3570 2299 cas

1990 2332 2266 2388 stissimus
2310 2332 2498 2388 esset?
2541 2330 2678 2386 Cum
2732 2330 3022 2386 abnuisset
3051 2332 3322 2387 adultera:
3345 2332 3571 2403 explere‘

1991 2423 2519 2496 concupiscentiam,
2558 2423 2912 2479 tribulatione
2940 2438 3004 2478 ac
3034 2423 3324 2496 multijuga
3371 2438 3570 2481 nec-esi

1990 2516 2154 2571 sitate
2176 2530 2275 2585 per
2299 2514 2637 2570 delationem
2661 2514 2954 2570 mendacio
2978 2514 3385 2580 adumbratam,
3416 2516 3570 2588 pium‘

1991 2604 2146 2659 illum
2166 2619 2232 2659 ea
2255 2604 2528 2660 transﬁxit
2550 2614 2606 2660 et
2638 2606 2791 2660 velut
2822 2606 3184 2673 insubulavit,
3207 2608 3370 2679 plane
3394 2610 3573 2678 usqud

1990 2699 2060 2752 ad
2085 2705 2319 2751 mortem
2351 2738 2365 2752 .
2396 2696 2541 2752 Num
2570 2697 2763 2753 vides:
2790 2713 2923 2768 vaga
2954 2698 3043 2753 illa
3073 2714 3176 2754 nec
3214 2714 3401 2754 secum
3437 2713 3568 2754 con.

1991 2793 2196 2848 sistens
2236 2793 2413 2848 motio
2466 2794 2651 2848 carnis
2701 2791 2968 2865 Egyptim
3025 2803 3288 2865 quantam
3356 2792 3571 2865 peperit

304 2890 578 2964 ζωραίου,
608 2892 729 2962 μεθ’
762 2884 824 2948 οὗ
855 2891 915 2944 τὸ
950 2891 1174 2962 Πνεῦμα
1202 2890 1296 2946 τοῦ
1329 2891 1539 2963 Κυρίου
1564 2892 1885 2966 ἐπορεύετος

1990 2885 2137 2956 justo
2171 2884 2629 2941 tribulationem?
2656 2880 2752 2941 Vel
2782 2883 2853 2939 ob
2883 2884 2989 2941 hoc.
3019 2902 3150 2940 sane
3177 2886 3355 2940 modis
3388 2889 3569 2940 omni.

300 2984 407 3037 καὶ
442 2983 536 3036 τὸν
576 2982 820 3037 τοιοῦτον
871 2982 1026 3050 ἆγιον
1082 2983 1116 3052 ἡ
1163 2982 1300 3052 γυνὴ
1360 2982 1609 3036 ἀπώλεσε
1657 2983 1744 3039 διὰ
1788 2984 1889 3053 τῆς

308 3073 598 3145 μοχθηρᾶς
651 3071 892 3142 σαρκὸς.

303 3162 472 3216 ⁶τοῦτο
500 3161 608 3216 οὐδ’
639 3161 774 3225 ὅλως
807 3160 1238 3232 ἐπιτρεπόμεθα,
1272 3161 1412 3230 μετά
1467 3164 1723 3228 γυναικὸς
1756 3166 1888 3219 καθ-

313 3255 459 3320 ίσαι,
494 3255 528 3326 ἢ
571 3255 716 3325 ἔχειν
769 3254 1080 3325 συντυχίας,
1132 3254 1195 3307 τὸ
1230 3254 1470 3310 σύνολον.
1519 3254 1752 3325 Ὁμοίως
1794 3259 1889 3312 καὶ

304 3346 441 3416 περὶ
470 3345 566 3400 τοῦ
593 3344 756 3398 Δαυῒδ
786 3346 847 3398 ού
882 3344 1269 3408 πεπαίδευσαι,
1295 3344 1354 3399 ὃν
1380 3347 1474 3399 καὶ
1494 3328 1661 3417 εὗρεν
1684 3346 1713 3398 6
1756 3348 1888 3412 Θεὸς

304 3437 482 3509 ἄνδρα
513 3438 657 3491 κατά
683 3437 782 3506 τὴν
823 3435 1054 3505 καρδίαν
1081 3434 1248 3488 αὑτοῦ
1276 3451 1292 3501 ;
1330 3434 1454 3498 Πῶς
1485 3439 1666 3507 μορφῇ
1702 3453 1891 3506 γυναι-

306 3533 428 3597 κὸς,
462 3531 607 3600 λέγω
632 3530 689 3584 δέ
716 3529 813 3600 τῆς
846 3526 1143 3599 Βερσαϐεέ,
1179 3526 1549 3598 ἐπιθυμήσας,
1574 3527 1761 3591 πόσοις
1791 3546 1889 3582 κα-

305 3628 431 3689 κοῖς
484 3623 819 3693 περιέπεσε;
866 3622 1076 3691 ταύτην
1120 3618 1230 3690 γὰρ
1263 3618 1386 3673 ίδὼν
1422 3621 1451 3673 6
1477 3619 1629 3688 ἅγιος
1673 3620 1889 3691 ἀληθῶς

305 3715 611 3786 λουομένην
630 3752 648 3778 ,
686 3714 746 3766 ἐν
776 3710 1042 3781 ἐπιθυμίᾳ
1078 3709 1181 3779 τῆς
1219 3709 1433 3780 μορφῆς
1460 3709 1630 3779 αὐτῆς
1659 3711 1888 3780 γενόμε.

303 3824 426 3874 νος,
475 3807 650 3877 πόσην
701 3804 901 3858 κακίαν
928 3803 956 3855 6
987 3801 1374 3871 παμμέγιστος
1425 3801 1565 3872 ἀνὴρ
1598 3802 1888 3883 κατειργά-

307 3914 484 3963 cato;
543 3897 655 3951 Καὶ
702 3896 952 3966 ἥμαρτεν
1003 3894 1083 3956 είς
1116 3891 1249 3945 Θεὸν
1288 3892 1349 3946 οὐ
1387 3891 1549 3963 μόνον
1588 3893 1653 3963 τῇ
1701 3893 1890 3964 μοιχῐᾳ

307 3987 654 4060 περιπεσὼν,
686 3986 823 4041 ἀλλά
858 3986 951 4038 καὶ
990 3985 1083 4037 τὸν
1120 3982 1287 4054 ἄνδρα
1317 3982 1492 4052 αὐτῆς
1533 3984 1889 4054 ἀναιρεθῆναι

282 4079 595 4143 ⁸κελεύσας⁸
624 4080 757 4149 ὁρᾷς
792 4078 969 4147 πόσην
995 4074 1448 4147 δραματουργίαν
1485 4073 1684 4140 κακίας
1712 4075 1890 4129 ἐτελε-

309 4171 612 4242 σιούργησε
674 4170 764 4223 διά
817 4170 917 4239 τὴν
975 4165 1272 4235 ἐπιθυμίαν
1327 4169 1356 4219 6
1406 4167 1621 4236 χριστὸς
1684 4168 1889 4236 Κυρίου

306 4259 511 4326 Δαυῖδ;
545 4257 924 4327 παιδευθῶμεν
964 4254 1058 4308 τοῦ
1106 4254 1178 4324 μὴ
1220 4255 1530 4325 ἐπιθυμεῖν.
1565 4256 1628 4309 El
1663 4256 1770 4327 γὰρ
1794 4273 1891 4327 τη-

306 4350 550 4405 λικοῦτοι
575 4350 767 4420 ἄνδρες
796 4348 887 4401 διὰ
913 4346 1187 4415 γυναικῶν
1211 4346 1479 4411 ἑάλωσαν,
1515 4352 1631 4409 πῶς
1660 4350 1818 4417 ἡμεῖς
1840 4348 1890 4401 οί

1990 2976 2096 3033 bus
2124 2976 2398 3048 profuerit
2440 2964 2510 3032 ab
2550 2978 2827 3049 ejusmodi
2877 2987 2937 3032 ut
2970 2978 3367 3034 abstineamus.
3416 2979 3566 3034 Nih‘l

945 3072 1041 3124 καὶ
1092 3070 1355 3142 ἀθεμίτου
1413 3071 1730 3142 ἐπιθυμίας.
1789 3074 1886 3129 Διά

1991 3070 2140 3131 enim
2171 3069 2412 3125 aﬂ'crunt
2444 3068 2726 3124 commodi
2755 3068 2954 3123 harum
2996 3080 3204 3124 mutua:
3245 3069 3565 3125 confabula‘

1992 3163 2173 3219 tiones
2205 3163 2370 3218 nobis
2404 3160 2758 3232 cupientibus
2791 3163 3039 3217 lumbum
3064 3163 3419 3234 praecingere.
3456 3164 3572 3217 ‘And

1991 3271 2102 3310 non
2138 3255 2344 3311 audisti
2376 3255 2445 3311 de
2478 3254 2745 3312 Samsone
2772 3255 3030 3311 Nazarazo
3059 3294 3074 3321 ,
3112 3260 3351 3326 quocum
3387 3256 3570 3331 inanti

1991 3347 2219 3402 bulabat
2243 3347 2486 3417 Spiritus
2512 3344 2770 3402 Domini?
2796 3345 2866 3400 Et
2889 3362 3038 3401 nunc
3069 3347 3150 3402 sic
3166 3356 3416 3402 sanctum
3449 3360 3559 3401 nm-

1989 3441 2093 3495 lier
2124 3441 2192 3494 ad
2226 3447 2529 3495 extremam
2569 3438 2895 3509 usq'ue‘vitae
2945 3439 3154 3494 cladem
3189 3438 3444 3510 perduxit
3468 3440 3570 3510 ιιρὲ

1989 3528 2274 3586 molestam
2309 3530 2451 3585 hanc
2476 3545 2698 3585 carnem
2744 3545 2809 3584 ac
2860 3530 3119 3585 nefariam
3174 3531 3569 3601 concupiscen-

1989 3623 2144 3677 tiam.
2170 3620 2254 3677 Ob
2278 3622 2384 3676 hoc
2415 3621 2569 3676 nullo
2593 3618 2940 3691 pactonobis
2984 3622 3119 3691 ipsis
3158 3624 3565 3692 permittamus.-

1964 3722 2052 3789 rut
2085 3727 2211 3770 cum
2259 3713 2494 3768 muliere
2519 3712 2607 3767 vel
2653 3711 2865 3767 sedisse
2914 3714 3340 3783 comperiamur.
3375 3712 3465 3782 et,
3507 3723 3569 3772 ut

1990 3806 2320 3878 compendio
2376 3804 2688 3866 absolvam.
2736 3803 2944 3858 nullam
2986 3819 3111 3858 cum
3161 3805 3275 3860 illis
3321 3806 3571 3864 ineamus

1990 3895 2469 3952 consuetudinem.
2500 3893 2613 3949 Nec
2633 3907 2791 3947 secus
2816 3892 2883 3947 de
2909 3892 3135 3959 Davide,
3162 3908 3325 3964 quem
3359 3901 3415 3949 et
3436 3900 3569 3950 e‘ru-s

1990 3987 2129 4042 divit
2159 3995 2214 4042 et
2241 3986 2452 4041 invenit
2478 3984 2623 4040 Deus
2652 3983 2830 4038 virum
2878 3985 3182 4038 secundum
3226 3990 3325 4039 co‘r
3369 3999 3572 4053 suum,

1990 4080 2269 4152 quomodo
2296 4076 2642 4148 concupierit
2672 4075 2879 4146 perfrui
2912 4074 3165 4129 mulieris
3193 4062 3568 4141 illius,'Béth-

1990 4169 2169 4227 sabcte
2195 4168 2340 4235 dico,
2365 4167 2566 4221 decore
2607 4161 2937 4219 incredibili.
2974 4162 3074 4217 llic
3118 4161 3312 4218 beatus
3349 4163 3406 4218 in
3435 4170 3570 4234 quot

1992 4261 2211 4317 tandem
2261 4258 2555 4315 devolutus
2601 4264 2686 4312 est
2724 4255 2909 4309 mala?
2955 4253 3109 4309 Hane
3164 4254 3291 4309 cum
3336 4252 3571 4311 vidisset

1991 4359 2216 4408 sanctus
2270 4350 2475 4421 alioqui
2525 4365 2585 4404 se
2641 4349 2955 4411 lavantem,
3009 4354 3067 4401 et
3119 4347 3573 4417 concupiscenti:

306 4441 568 4511 ἀνεσχυες
594 4441 750 4510 ’μετά
787 4440 888 4510 τῆς
948 4439 1155 4493 ἑαυτῶν
1201 4438 1462 4503 πτώσεως
1500 4440 1887 4509 διαπορευόμε-

1992 4442 2175 4498 carnis
2204 4440 2356 4495 illius
2381 4439 2697 4502 exarsisset,
2719 4445 2983 4507 quantam
3006 4435 3337 4507 ﬂagitiorum
3359 4438 3570 4494 lernam

305 4546 417 4596 νοι,
444 4535 537 4584 καὶ
559 4534 616 4582 ἐν
643 4531 794 4600 μέσῳ
824 4530 1049 4597 παγίδος
1072 4529 1441 4591 διαϐαίνοντες
1460 4529 1890 4600 ἐκφευξώμεθας

321 4622 560 4690 Ὁμοίως
589 4622 686 4675 καὶ
729 4620 955 4692 Ἀμμὼν
1009 4622 1249 4679 καὶτδιά
1290 4622 1388 4691 τῆς
1436 4621 1670 4692 ἀδελφῆς
1723 4621 1886 4673 αὑτοῦ

307 4716 513 4786 Θάμαρ
564 4715 803 4787 ἀνῃρέθη
836 4714 1039 4777 καλῶς.
1087 4714 1364 4779 Ὡσαύτως
1421 4715 1513 4769 καὶ
1565 4717 1594 4768 6
1640 4714 1890 4785 Σολομὼν

308 4808 455 4879 ὗχων
486 4807 675 4878 σοφίαν
714 4810 805 4861 καὶ
840 4809 1127 4879 φρόνησιν,
1175 4808 1269 4861 καὶ
1317 4807 1466 4878 χύμα
1512 4806 1763 4878 καρδίας,
1798 4807 1891 4860 καὶ

311 4898 568 4962 πλοῦτον,
610 4900 703 4953 καὶ
735 4899 893 4965 δόξαν
937 4898 1136 4970 πολλὴν
1171 4900 1309 4970 ὺπέρ
1340 4900 1569 4964 πάντας,
1615 4900 1709 4952 καὶ
1733 4891 1891 4963 οὗτος

309 4989 401 5043 διὰ
445 4990 705 5056 γυναικὸς
754 4988 1023 5049 ἀπώλετο,
1070 4989 1166 5042 καὶ
1195 4989 1508 5057 ἀποστάτης
1538 4988 1758 5055 ἐγένετο
1802 4988 1891 5042 διὰ

310 5080 603 5148 γυναῖκας.
631 5078 739 5131 Καὶ
760 5078 812 5130 οί
839 5077 1201 5146 πρεσόύτεροι
1222 5060 1421 5132 οίκκατά
1435 5078 1737 5132 Σουσάνναν
1766 5094 1890 5147 κρι-

310 5171 411 5226 ταὶ
435 5170 524 5224 διά
552 5172 614 5223 τὸ
656 5169 1010 5240 ἐνδελεχίζειν
1061 5169 1158 5221 καὶ
1210 5168 1650 5239 καταμανθάνειν
1692 5162 1889 5232 κάλλος

312 5263 628 5333 ἀλλότριον,
673 5265 753 5326 είς
792 5263 853 5317 τὸ
883 5261 1115 5327 πέλαγος
1154 5262 1251 5331 τῆς
1289 5261 1586 5329 ἐπιθυμίας
1619 5262 1888 5331 ἐμπεσόν-

313 5373 428 5420 τες,
459 5357 837 5425 ἐπανέστησαν
865 5358 932 5426 τῇ
968 5353 1217 5427 μακαρία
1245 5355 1539 5428 Σουσάννῃ..
1577 5354 1760 5408 Ταῦτα
1792 5355 1890 5427 μὲν

314 5446 450 5517 περὶ
482 5448 586 5517 τῆς
635 5447 953 5518 ἐπιθυμίας·
990 5447 1318 5520 θριαμϐεύει
1359 5447 1416 5500 δὲ
1472 5450 1566 5502 καὶ
1624 5448 1828 5518 Ἰησοῦς
1865 5451 1893 5502 6

314 5540 415 5594 τοῦ
439 5540 641 5611 Σειράχ
658 5541 757 5610 τὴν
791 5541 1057 5610 πονηρίαν
1080 5540 1279 5593 αὐτῶν·
1309 5540 1524 5604 «Μικρὰ
1548 5541 1697 5593 πᾶσα
1730 5541 1896 5593 κακία

1994 4535 2087 4590 hic
2114 4542 2375 4605 Operatus
2412 4528 2518 4597 est,
2554 4530 2732 4586 modis
2763 4518 2905 4585 licet
2943 4529 3203 4584 omnibus
3256 4530 3574 4585 maximus?

1995 4626 2241 4698 peccavit
2274 4626 2327 4679 in
2360 4624 2554 4687 Deum,
2587 4630 2697 4678 non
2722 4638 2789 4677 eo
2814 4623 2992 4676 solum
3024 4621 3170 4691 quod
3200 4621 3256 4676 in
3280 4622 3571 4678 moechiam

1995 4718 2067 4771 sit
2092 4716 2400 4786 prolapsus,
2439 4715 2530 4787 sed
2562 4713 2708 4787 quod
2746 4714 2922 4766 virum
2954 4711 3103 4766 illius
3121 4712 3352 4781 jusserit
3392 4712 3572 4765 inter-

2000 4803 2107 4858 ﬁci.
2143 4796 2330 4866 Vides,
2363 4812 2625 4872 quantam
2656 4802 2747 4857 hic
2786 4812 2988 4856 unctus
3018 4800 3235 4856 Domini
3262 4802 3357 4855 rex
3400 4800 3571 4856 David

1998 4882 2303 4950 confecerit
2348 4890 2691 4964 tragoediam,
2745 4901 2807 4948 ut
2841 4894 2929 4948 vel
2959 4900 3279 4963 conceptam
3325 4894 3575 4963 expleret

1998 4985 2549 5057 concupiscentiam?
2600 4985 2906 5039 Doceamur
2952 4992 3008 5039 et
3052 4999 3153 5039 nos
3185 4983 3289 5039 hoc
3317 4984 3573 5054 exentplo

1996 5094 2110 5133 non
2173 5076 2589 5148 concupiscere.
2647 5077 2702 5130 Si
2748 5077 2895 5130 enim
2952 5076 3059 5130 viri
3121 5074 3199 5130 illi
3245 5077 3384 5131 tales
3443 5091 3570 5131 cum

1993 5179 2215 5234 essent,
2258 5168 2535 5224 illecebris
2564 5177 2747 5223 tamen
2774 5167 3139 5222 ctlenoeiniis
3159 5165 3454 5225 mulierum
3479 5166 3575 5224 de-

1996 5263 2188 5317 mulcti
2210 5262 2467 5333 captique
2490 5269 2639 5324 sunt,
2666 5266 2723 5314 et
2745 5274 2849 5314 nos
2870 5258 3015 5315 inter
3044 5260 3288 5329 pericula
3311 5260 3575 5315 inceden-

1998 5365 2100 5421 tes,
2132 5365 2188 5411 et
2220 5355 2277 5410 ln
2307 5354 2490 5411 medio
2509 5355 2832 5424 laqueorum
2857 5352 3022 5422 positi
3044 5350 3228 5408 adhuc
3249 5352 3583 5423 ell'ugiamus

1998 5462 2232 5518 expassa
2262 5446 2427 5502 retia.
2452 5446 2565 5501 Nec
2589 5445 2696 5500 alia
2721 5444 2934 5501 ratione
2954 5444 3188 5499 Ainmon
3216 5444 3429 5501 sororis
3461 5457 3575 5498 sua:

1952 5524 1962 5533 ’
1996 5538 2236 5594 Thamar
2271 5538 2551 5594 inescatus
2581 5537 2800 5608 specie,
2833 5536 2939 5590 vita
2976 5536 3176 5595 misere
3197 5534 3443 5608 privatus
3465 5540 3572 5589 est».

394 5698 418 5732 ⁷
448 5698 622 5758 Eccli.
653 5713 776 5758 sn,
799 5696 887 5750 54.
964 5698 985 5728 '
1010 5697 1144 5752 ibid.
1195 5698 1284 5751 28.
1364 5698 1383 5727 '
1436 5696 1597 5750 Prov.
1633 5711 1701 5760 Iv,
1734 5693 1928 5751 25-27.
2009 5697 2050 5729 “’
2087 5697 2250 5752 Prov.
2277 5712 2353 5762 vr,
2388 5696 2503 5762 εἴη
2537 5710 2631 5763 vn,
2655 5694 2853 5750 21—27.

573 5792 845 5853 Parum.
879 5796 974 5855 Gn
1036 5791 1359 5854 LXXXIX.

3184 5765 3258 5848 ιτ
