4054 6312
618 347 756 411 1483
1889 346 2255 423 ANTIOCHI
2295 349 2634 411 MONACIII
3753 348 3892 410 “Si

625 455 874 518 {Similem
894 453 950 510 in
977 451 1203 507 modum
1226 450 1508 513 Salomon,
1537 466 1661 505 cum
1690 449 1735 504 is
1756 451 1965 523 alioqui
1987 455 2200 525 sapien-

2306 458 2444 526 πρὸς
2496 459 2698 511 κακίαν
2742 456 3017 526 γυναικός.
3066 475 3083 508 t
3120 457 3227 511 Καὶ
3258 452 3414 520 αὖθις
3445 474 3460 488 ⁸
3500 477 3518 510 ι
3561 449 3897 526 Emerui-.31:

516 546 525 563 '
615 548 747 600 tiam
806 544 1058 608 haberet,
1105 542 1481 612 prudentiam,
1536 504 1978 611 profusissimam
2014 504 2199 601 cordis

2305 504 2478 603 λέιονῖιι
2510 548 2603 602 καὶ
2624 504 2901 619 δράκοντι,
2930 504 3412 622 ἄμεινονῑῐῆμετόἒ

562 692 567 697 ,
612 637 985 701 latitudinem,
1041 635 1262 691 divitias
1314 600 1554 704 insuper.
1580 640 1639 689 et
1699 633 1931 705 gloriam
1965 646 2193 701 tantam,

2305 639 2427 711 ρᾶς.
2468 656 2488 689 ι
2521 639 2630 692 Καὶ
2654 600 2683 690 3
2711 600 3123 709 “nam.
3145 600 3174 671 ε’
3203 600 3496 710 έίῐίᾷιᾲζρδὶᾴ
3521 600 3899 708 sugg...

611 739 873 801 quantam
903 743 1069 783 nemo
1092 727 1380 782 hominum
1406 690 1567 781 aIius.
1619 690 1810 783 Etvhie
1860 690 2196 800 ῑειιιιιιεῄριζιἰ

2303 690 2474 799 αὐτῆς
2503 728 2601 800 τὴν
2630 728 2771 782 ὀδόν.
2798 690 2903 799 λης
2926 690 3159 799 me};
3189 690 3759 801 autumas...
3799 690 3867 783 .5

2300 821 2425 893 τῆς,
2474 822 2563 875 ἵνα
2616 821 2691 893 μὴ
2745 821 3061 891 πλησθῶσιν
3098 820 3370 892 ἀλλότριοι
3406 825 3502 890 σῆς
3551 821 3767 891 ἰσχύος,
3806 826 3899 875 aut

2304 912 2693 985 μταμεληθῇς
2729 916 2817 967 ἐπ’
2839 915 3108 984 ἐσχάτων.
3145 932 3164 965 ι
3202 914 3387 968 Καλὸν
3429 909 3524 968 οὖν
3555 914 3796 967 ἕπεσθαι
3823 915 3896 979 τῷ

562 864 565 869 .
614 818 881 873 mulieres
913 816 1264 886 periclitatus
1295 825 1381 871 est
1407 856 1422 881 ,
1460 831 1669 886 perque
1697 829 1890 875 earum
1917 819 2194 875 malesua-

558 974 561 981 ι
613 911 746 964 dum
778 923 1025 963 amorem
1057 916 1308 978 apostata
1339 923 1370 962 a
1391 907 1630 963 Domino
1659 907 1839 964 factus
1864 918 1969 965 est.
1994 909 2195 966 Senio~

555 1070 561 1075 ἡ
610 1017 706 1058 res
745 1001 824 1055 illi
857 1000 954 1071 qui
980 999 1255 1071 judicium
1291 1008 1662 1057 exercuerunt
1691 1000 1963 1057 adversus
1981 1000 2193 1058 Susan-

2298 1003 2534 1074 λέγοντι,
2584 1005 2809 1074 φεύγειν
2866 1006 2960 1059 τὸν
3011 1007 3219 1076 κόσμον
3277 1009 3372 1060 καὶ
3423 1010 3524 1070 τὰς
3571 1006 3772 1076 όψειγ
3813 1009 3894 1060 ὅτι

612 1109 763 1158 nam,
805 1093 843 1148 ii
870 1091 1275 1172 perassiduam
1307 1091 1758 1162 congressionem
1803 1107 1930 1147 cum
1956 1094 2195 1149 alienam

2310 1115 2329 1148 ι
2368 1096 2485 1159 Πᾶς
2509 1098 2538 1148 ό
2560 1096 2773 1165 βλέπων
2795 1100 3031 1167 γυναῖκα
3056 1099 3196 1169 πρὸς
3229 1099 3290 1152 τὸ
3323 1096 3677 1168 ἐπιθυμῆσαι
3696 1097 3891 1166 αὐτὴν,

606 1166 1085 1256 pulchritudinem
1111 1191 1300 1237 essent
1337 1142 1543 1245 edocti,
1581 1196 1647 1237 ac
1682 1180 1904 1237 demum
1928 1183 2199 1240 abiissent

2303 1186 2405 1256 ήδη
2438 1142 2760 1258 ἐμοίχευσεν
2805 1142 2984 1259 αὐτὴν
3018 1190 3076 1241 ὲν
3103 1142 3192 1260 ιῖιτῇ,
3229 1189 3432 1261 καρδίᾳ
3462 1142 3652 1241 egebit.
3690 1206 3712 1237 ι
3736 1142 3893 1257 Δίιἑᾷ

610 1276 925 1346 praecipites
966 1275 1022 1329 in
1066 1273 1399 1328 immensum
1436 1272 1665 1343 pelagus
1699 1275 2188 1345 concupiscentiae,

2303 1243 2337 1349 fi
2522 1243 2602 1342 εῖέ
2631 1295 2757 1342 τους
2785 1243 3006 1343 αἰῶνᾶς.
3038 1243 3232 1351 “psam
3279 1243 3283 1244 ν
3309 1243 3321 1261 ’
3407 1243 3419 1259 ⁶
3790 1268 3795 1271 .

605 1370 1039 1423 insurrexerunt
1090 1366 1147 1420 in
1202 1365 1420 1420 beatam
1479 1365 1627 1419 illam
1682 1364 2015 1423 Susannam.
2068 1368 2198 1425 iia-e
2231 1369 2457 1440 quidem
2496 1370 2564 1425 de
2609 1372 3061 1442 concupiscentia
3123 1380 3210 1427 sat
3250 1372 3383 1428 sint.
3418 1369 3630 1440 1053
3678 1369 3791 1424 Sed
3835 1380 3890 1424 et

612 1464 831 1517 illarum
878 1460 1180 1531 nequitiam
1229 1459 1391 1515 Jesus
1446 1458 1639 1515 Siraeh
1713 1458 1860 1517 ﬁlius
1897 1460 2255 1533 conspicuam
2307 1463 2535 1528 reddit,
2599 1446 2667 1519 et.
2729 1464 2993 1519 omnibus
3056 1463 3568 1534 perspectissimam
3633 1462 3887 1517 dicens:

618 1575 635 1605 ι
673 1555 908 1609 Omnem
957 1553 1262 1624 nequitiam
1320 1562 1528 1608 etnon
1578 1553 1886 1622 nequitiam
1956 1555 2229 1612 mulieris.
2263 1556 2602 1612 Cohabitare
2652 1556 2798 1612 leoni
2845 1568 2903 1613 et
2951 1534 3180 1612 draconi
3239 1557 3442 1610 melius
3496 1571 3665 1624 quam
3728 1555 3886 1608 habi-

606 1659 730 1703 tare
769 1662 895 1701 cum
925 1645 1160 1700 muliere
1188 1657 1427 1713 nequam
1450 1645 1516 1699 υ.
1556 1663 1575 1697 ι
1610 1646 1824 1700 Rursus
1848 1663 1866 1699 :
1910 1664 1929 1697 ι
1963 1645 2137 1700 Parva
2157 1647 2340 1702 omnis
2367 1646 2578 1701 malitia
2606 1645 2676 1700 ad
2700 1647 2965 1701 malitiam
2998 1640 3341 1701 mulieris".
3386 1666 3405 1698 ι
3424 1646 3842 1703 Partemiastes
3865 1660 3883 1697 :

616 1761 636 1792 ι
675 1739 877 1795 Procul
899 1739 969 1793 ab
993 1755 1059 1794 ea
1103 1737 1272 1791 facito
1311 1737 1480 1791 viam.
1506 1734 1586 1792 Ne
1624 1737 1921 1807 appropies
1952 1736 2167 1793 foribus
2203 1736 2403 1792 domus
2429 1736 2573 1807 ejus,
2618 1752 2689 1791 ne
2721 1736 3058 1806 impleantur
3083 1737 3249 1791 alieni
3282 1736 3487 1792 robore
3520 1747 3639 1799 tuo,
3669 1746 3731 1791 et
3767 1750 3881 1806 pa:-

606 1832 787 1887 niteat
829 1840 882 1889 te
932 1831 987 1885 in
1026 1828 1348 1885 novissimis
1384 1826 1495 1883 tuis
1523 1827 1588 1881 ¹³.
1621 1847 1640 1880 ι
1676 1827 1863 1884 Satius
1882 1828 2053 1899 igitur
2075 1830 2197 1901 ejus
2219 1829 2375 1898 sequi
2407 1828 2703 1883 consilium
2732 1869 2747 1893 ,
2782 1828 2878 1897 qui
2905 1826 3039 1881 dicit
3083 1844 3097 1880 :
3152 1847 3170 1879 ι
3207 1827 3311 1893 Qui
3346 1829 3468 1883 sine
3531 1844 3710 1882 uxore
3778 1838 3879 1891 est,

611 1926 819 1996 cogitat
842 1939 965 1995 qua:
991 1923 1213 1978 Domini
1240 1928 1392 1986 sunt,
1421 1918 1702 1990 quomodo
1722 1919 1938 1989 placeat
1971 1918 2240 1986 Domino;
2270 1918 2367 1987 qui
2398 1932 2534 1973 vero
2562 1920 2791 1972 uxorem
2819 1916 3028 1996 habet,
3053 1920 3257 1986 cogitat
3302 1932 3425 1985 quae
3478 1925 3613 1971 sunt
3661 1916 3879 1977 mundi,

604 2017 893 2088 quomodo
924 2016 1139 2086 placeat
1202 2013 1402 2079 uxori,
1436 2021 1493 2068 et
1519 2009 1734 2067 divisus
1789 2020 1877 2068 est
1910 2012 1975 2066 “.
2018 2031 2038 2063 ι
2076 2009 2555 2067 Clementissimus
2593 2024 2816 2080 quoque
2847 1988 3133 2063 hominum
3172 2017 3387 2063 amator
3425 2009 3722 2072 Dominus,
3764 2023 3883 2063 cum

608 2117 661 2172 is
712 2114 1026 2171 clarissime
1078 2119 1303 2175 nosset,
1340 2117 1603 2179 quautam
1634 2108 1973 2180 perniciem,
2002 2122 2280 2179 quamque
2337 2105 2749 2161 ineluctabilem
2796 2103 3172 2173 corruptelam
3219 2103 3451 2158 vitiosus
3495 2102 3593 2157 hic
3652 2102 3884 2157 affectus

608 2202 1084 2275 concupiscentia:
1116 2200 1409 2256 inveheret
1435 2198 1732 2254 animabus
1767 2200 1994 2264 nostris,
2024 2200 2119 2254 tali
2149 2196 2578 2262 scivitdeereto,
2610 2196 2989 2267 adversusque
3010 2198 3162 2251 hunc
3188 2196 3615 2267 pronuntiavit:
3648 2215 3667 2245 ι
3697 2193 3882 2249 Omnis

610 2300 706 2370 qui
742 2296 949 2352 viderit
990 2294 1281 2350 mulierem
1307 2290 1374 2346 ad
1398 2290 1904 2362 concupiscendum
1941 2306 2092 2355 eam,
2128 2290 2241 2361 jam
2268 2286 2576 2342 mmcbatus
2611 2295 2696 2340 est
2721 2301 2843 2341 eam
2866 2287 2921 2341 in
2946 2285 3113 2341 corde
3138 2299 3243 2340 suo
3267 2284 3332 2337 η.
3359 2302 3377 2335 ι
3419 2283 3598 2337 Deum
3627 2292 3879 2336 nostrum

610 2394 845 2451 addecet
874 2390 1050 2463 gloria
1081 2389 1139 2443 in
1165 2386 1385 2443 saeula.
1412 2385 1612 2441 Amen.

1141 2499 1433 2557 HOMILIA
1469 2497 1659 2554 XVIII.

608 2620 760 2689 Quod
787 2620 1001 2673 minime
1028 2616 1304 2671 conveniat
1329 2616 1512 2669 crebro
1541 2610 1774 2668 assidere
1803 2605 2191 2664 cantatriculis.

680 2734 895 2790 Crebro
942 2730 1193 2786 assidere
1240 2725 1665 2783 cantillantibus
1713 2719 2064 2777 mulierculis
2103 2716 2196 2771 vix

604 2840 770 2898 reque
814 2822 975 2878 nobis
1018 2817 1434 2875 incommodum
1477 2815 1630 2870 aliud
1669 2813 1936 2869 occurrit.
1969 2810 2053 2866 0b
2089 2809 2196 2863 hoc

611 2923 812 2978 domus
852 2917 938 2972 hat
979 2914 1142 2971 dic-tte
1189 2910 1526 2967 monasteria
1567 2907 1793 2963 nomine
1839 2906 1961 2976 ipso
2004 2909 2197 2957 arcent

611 3030 717 3070 nos
749 3013 821 3068 ab
854 3025 1048 3067 earum
1082 3004 1401 3076 colloquiis,
1424 3004 1551 3075 jure
1580 2999 1827 3072 quidem.
1861 2996 1989 3052 Sola
2020 2994 2198 3065 siqui-

526 3164 533 3171 ί
612 3110 740 3164 dem
766 3101 1133 3178 apprehensio
1153 3099 1340 3157 vultus
1362 3095 1586 3151 feminei
1612 3090 1770 3147 initio
1792 3090 1983 3147 statim
2007 3088 2196 3143 nescio

530 3258 535 3263 ,
613 3216 781 3274 quam
813 3196 1018 3269 ingerit
1047 3192 1203 3249 cordi
1239 3189 1483 3246 hominis
1514 3187 1890 3242 turbulentam
1923 3183 2196 3251 intempe-

615 3295 777 3356 riem,
805 3308 836 3346 a
870 3286 1275 3359 tranquillitate
1308 3282 1365 3337 in
1398 3280 1680 3335 diversum
1706 3285 1902 3333 avocat
1930 3284 2193 3341 mentem,

611 3401 681 3441 ac
711 3383 971 3439 transfert
992 3379 1103 3433 alio
1130 3394 1143 3431 :
1170 3391 1294 3430 eum
1324 3374 1441 3445 ipsa
1473 3371 1617 3427 inter
1641 3368 1911 3426 orandum
1934 3366 2198 3435 deinceps

615 3476 804 3532 hiulca
846 3474 1005 3529 fauce
1051 3470 1456 3537 oblatret,nec
1496 3464 1747 3536 requiete
1792 3469 1952 3517 vacet
1992 3459 2199 3514 divinis

613 3564 910 3629 laudibus,
954 3559 1090 3631 quin
1140 3558 1326 3629 potius
1375 3555 1507 3610 huic
1555 3554 1653 3608 uni
1698 3550 1969 3607 incumbit
2012 3562 2194 3611 curas,

615 3672 816 3729 nempe
845 3654 914 3710 de
944 3653 1064 3709 istis
1092 3651 1360 3721 cogitans.
1387 3647 1491 3715 Qui
1525 3660 1718 3701 earum
1754 3641 2047 3712 colloquiis
2072 3655 2197 3695 ere-

615 3750 719 3806 ber
750 3746 1006 3803 incubuit
1039 3740 1345 3798 monachus
1383 3738 1663 3795 simillima
1696 3735 1753 3790 in
1788 3733 1957 3790 cordo
1998 3732 2199 3786 tacitus

2907 2490 3126 2544 ΛΟΓΟΣ
3158 2491 3262 2545 IH'.

2294 2601 2437 2671 Περὶ
2463 2601 2570 2656 τοῦ
2601 2602 2687 2670 μὴ
2717 2599 3119 2670 ἐνδελεχίζειν
3155 2604 3546 2671 qia/1.110150%“;
3578 2607 3877 2676 γυναιξίν.

2367 2715 2479 2769 Καὶ
2518 2714 2581 2767 τὸ
2611 2713 2971 2785 ἔνδελεχίζειν
3016 2713 3353 2783 ψαλλούσαις
3387 2716 3722 2789 ἀσύμφορον
3753 2723 3881 2791 ἡμῖν

2296 2807 2468 2873 ἔστιν,
2517 2805 2913 2877 βλαπτομένων
2957 2806 3115 2877 ἡμῶν
3164 2810 3286 2870 ταῖς
3334 2808 3517 2861 αὐτῶν
3569 2814 3881 2882 συντυχίαις

2294 2896 2405 2951 τῶν
2452 2896 2766 2967 λεγομένων
2825 2896 3188 2968 μοναστριῶν.
3241 2898 3314 2950 Τὸ
3342 2897 3453 2969 γὰρ
3499 2899 3737 2969 ῐνδαλμα
3785 2903 3879 2971 τῆς

2295 2989 2471 3060 ὅψεως
2498 2989 2608 3044 τῶν
2632 2989 2933 3058 γυναικῶν,
2967 2990 3198 3059 ἄρχεται
3224 2990 3494 3054 κλονίξειν
3521 2994 3627 3061 τὴν
3651 2993 3881 3063 καρδίαν

2295 3078 2390 3135 τοῦ
2416 3078 2732 3149 ἀνθρώπου,
2762 3079 2859 3131 καὶ
2889 3079 3146 3147 ἀποσπᾷν
3182 3077 3273 3130 τὸν
3315 3077 3443 3133 νοῦν
3470 3080 3585 3133 ἀπὸ
3618 3081 3724 3151 τῆς
3750 3086 3880 3152 ἡσυ-

2295 3172 2442 3242 χίας,
2478 3171 2575 3225 καὶ
2602 3171 2832 3224 κατόπιν
2860 3169 3022 3222 αὑτὸν
3063 3169 3286 3238 φέρειν’
3320 3172 3410 3223 καί
3444 3170 3662 3233 λοιπὸν,
3715 3175 3774 3225 ἑν
3815 3175 3880 3243 τῇ

2297 3265 2431 3334 εὐχῇ
2463 3265 2735 3333 κεχηνότα
2760 3262 2857 3315 καὶ
2900 3261 3318 3331 ἁπασχολοῦντα
3347 3261 3436 3314 τὸν
3481 3262 3613 3316 νοῦν
3643 3264 3756 3316 ἀπὸ
3788 3264 3882 3333 τῆς

2296 3355 2607 3424 δοξολογίας
2636 3354 2730 3408 τοῦ
2765 3353 2924 3418 Θεοῦ,
2957 3355 3052 3406 καὶ
3082 3354 3412 3424 σχολάζοντα
3442 3358 3509 3426 τῇ
3542 3358 3678 3427 περὶ
3704 3358 3881 3411 αὐτῶν

2300 3448 2563 3520 μερίμνῃ.
2619 3447 2694 3500 Τὸ
2748 3445 2856 3516 γὰρ
2914 3445 3111 3509 είωοὸς
3164 3446 3268 3516 τῆς
3319 3447 3503 3500 αὐτῶν
3560 3450 3879 3519 συντυχίας,

2297 3539 2476 3593 ἔοικεν
2512 3541 2569 3592 ὲν
2602 3541 2668 3610 τῇ
2723 3537 2921 3609 καρδίᾳ
2966 3536 3061 3589 τοῦ
3111 3538 3376 3608 μοναχοῦ,
3424 3538 3622 3610 ῶσπερ
3670 3542 3885 3607 σκώληξ

2297 3632 2355 3682 ἐν
2386 3629 2528 3699 ξύλῳ
2558 3630 2654 3683 καὶ
2687 3629 2786 3699 σὴς
2820 3632 2878 3681 ἐν
2908 3628 3114 3699 ίματίῳ
3139 3630 3407 3697 γίνεσθαι.
3445 3631 3577 3684 Ἐὰν
3605 3629 3700 3685 οὖν
3727 3632 3883 3702 θέλῃς

2301 3692 2621 3791 σωιρρονεῑν,
2654 3692 2824 3788 φεῦγε
2859 3692 2958 3789 τὴν
2991 3692 3173 3772 αὐτῶν
3204 3721 3513 3790 συντυχίαν,
3547 3723 3642 3775 καὶ
3666 3724 3746 3792 μὴ
3779 3692 3881 3792 ἐᾷς

614 3838 1078 3901 comminiscitur,
1103 3846 1163 3891 ut
1192 3834 1245 3889 in
1272 3833 1422 3905 ligno
1443 3828 1671 3894 vermis,
1693 3838 1754 3883 ut
1778 3828 1927 3882 tinea
1953 3825 2009 3879 in
2032 3823 2197 3879 vesti-

2298 3814 2491 3905 αὑταῖς
2546 3811 2863 3883 παρρησίαν
2921 3810 3223 3883 θαρρῆσαί
3260 3828 3366 3864 σοι.
3435 3813 3526 3865 Ἐν
3558 3814 3730 3884 ’ἀρχῇ
3778 3814 3881 3881 γὰρ

614 3943 826 3992 mento.
860 3932 1008 4002 Fuge
1045 3929 1213 4001 igitur
1237 3927 1457 3981 illarum
1498 3923 1799 3979 familiares
1826 3931 2195 3989 congressus,

614 4042 756 4083 neve
788 4025 923 4093 illas
960 4019 1281 4093 permiseris
1319 4017 1608 4073 audaciam
1649 4028 1870 4069 sumere
1905 4008 2197 4065 adversum

615 4129 693 4175 te.
724 4116 1007 4186 Principio
1053 4111 1302 4185 quidem,
1333 4106 1662 4164 reverentia:
1702 4098 1957 4158 nonnihil
1999 4096 2198 4169 praefe-

616 4218 768 4276 runt,
794 4219 962 4279 atque
993 4206 1069 4262 ita
1096 4219 1250 4260 suam
1280 4208 1470 4272 tegunt
1496 4196 1800 4267 nequitiam
1829 4191 1995 4263 pallio
2025 4189 2199 4260 hypo-

615 4301 858 4367 eriseos;
891 4297 1159 4366 deinceps
1193 4290 1445 4348 nonnihil
1481 4286 1690 4344 audent
1723 4282 2074 4356 impudenter
2099 4279 2200 4333 im-

615 4393 872 4465 periosae.
894 4390 955 4444 ln
980 4388 1103 4459 ipso
1128 4384 1276 4441 enim
1301 4383 1494 4439 auditu
1519 4381 1711 4452 prima:
1733 4373 2199 4432 contabulationis

616 4485 792 4541 multa
828 4497 954 4538 cum
988 4480 1217 4535 lenitate
1249 4478 1575 4547 loquuntur,
1608 4481 1665 4529 et
1696 4485 1870 4543 prono
1904 4468 1959 4522 in
1994 4475 2194 4521 terram

507 4643 517 4653 ,
614 4579 773 4634 vultu
801 4575 1152 4632 continenter
1181 4569 1600 4639 illaerymantur
1624 4581 1639 4618 :
1667 4568 1985 4618 reverenter
2011 4556 2200 4611 admo-

615 4671 751 4725 dum
806 4665 1059 4721 habitum
1111 4669 1434 4728 motumque
1488 4653 1744 4724 corporis
1793 4648 2196 4712 ementiuntur,

616 4759 859 4831 suspiria
888 4754 1150 4812 attollunt
1176 4747 1559 4806 amarulentiae
1591 4746 1773 4817 plena.
1803 4742 1871 4798 de
1905 4740 2199 4796 sanctimo-

616 4854 708 4910 nia
734 4859 832 4907 aut
853 4847 1107 4904 castitate
1133 4845 1433 4899 etiamnum
1464 4840 1824 4909 interrogant,
1851 4849 2045 4905 magna
2070 4848 2197 4887 cum

615 4945 904 5013 voluptate
955 4934 1270 4991 auscultant
1317 4931 1704 4986 disserentem.
1747 4926 1936 4983 Altero
1956 4920 1989 4981 a'
2020 4923 2199 4994 primo

522 5068 531 5075 -
615 5048 953 5108 congressu,
987 5027 1275 5099 superiora
1313 5026 1405 5079 illa
1439 5022 1641 5079 sensim
1678 5018 1897 5091 repellit
1928 5032 1993 5071 ac
2027 5030 2197 5086 repu-
2269 5069 2276 5077 ,

616 5107 754 5185 ιίίιιιί.
785 5120 1082 5185 ln-tertio,
1112 5116 1247 5189 quid
1286 5117 1361 5170 ita
1399 5112 1724 5169 ardentibus
1750 5107 1928 5166 oculis
1953 5121 2017 5162 ac
2044 5107 2196 5161 reni-

2297 3903 2588 3957 εὐλάϐειαν
2622 3902 2857 3973 ἔχουσιν,
2893 3902 2989 3955 καὶ⁸
3011 3901 3185 3965 οὕτως
3215 3903 3625 3973 ὑποκρίνονται,
3657 3905 3882 3975 ὕστερον

2296 3995 2353 4048 δὲ
2401 3994 2637 4058 ἀναιδῶς
2688 3994 2869 4048 πάντα
2913 3993 3220 4063 τολμῶσιν·
3283 3994 3390 4064 πρὸ
3438 3994 3543 4063 τῆς
3594 3997 3883 4065 συντυχίας

2297 4085 2552 4139 λαλοῦσιν
2575 4085 2818 4155 πραέως,
2848 4085 2942 4137 καὶ
2973 4084 3035 4137 τὸ
3066 4083 3286 4154 βλέμμα
3312 4084 3486 4148 κάτω,
3520 4087 3620 4139 καὶ
3644 4088 3879 4157 συνεχῶς

2295 4176 2655 4247 δακρύουσαι,
2694 4173 3126 4244 σχηματίζονται
3158 4175 3396 4245 σεμνῶς,
3430 4176 3523 4227 καὶ
3556 4180 3738 4247 πικρὰ
3770 4194 3881 4231 σεε-

2297 4268 2571 4332 νάζουσιν.
2642 4265 2955 4335 Ἐρωτῶσιν
3026 4265 3156 4336 περὶ
3214 4267 3488 4332 ἀγνείας,
3557 4269 3659 4320 καὶ
3715 4270 3877 4338 ἡδέως

2297 4362 2612 4415 ἀκούουσιν.
2647 4358 2889 4429 Δευτέρᾳ
2918 4355 3182 4427 συντυχίᾳ
3207 4357 3302 4410 καὶ
3349 4357 3547 4426 μικρὸν
3591 4359 3877 4410 ἁνὲνευσαν

2296 4455 2444 4509 ἄνωο
2497 4451 2694 4522 τρίτῃ,
2750 4451 2814 4503 σὺ
2869 4447 3231 4519 ἐμειδίασας,
3282 4448 3515 4518 κάκείνη
3568 4452 3877 4518 κεχυμένως

2298 4545 2580 4615 ἐγέλασεν.
2607 4541 2807 4597 Λοιπὸν
2834 4542 2932 4595 καὶ
2975 4541 3170 4609 λόγους
3199 4539 3453 4593 λαλοῦσιν
3507 4541 3876 4608 μαλάσσοντας

2298 4637 2360 4691 τὸ
2389 4635 2616 4706 αἰσχρὸν
2646 4633 2840 4696 πάθος.
2874 4632 3070 4686 Ταῦτα
3110 4631 3167 4684 δὲ
3195 4631 3442 4699 γίνο-.ταί
3479 4646 3566 4684 σοι
3616 4633 3875 4700 ἄγκιστρα

2296 4728 2623 4792 δελεάζοντα
2647 4728 2726 4789 είς
2766 4724 3017 4779 θάνατον.
3070 4725 3341 4793 Κρείττον
3386 4721 3481 4775 οὖν
3524 4725 3873 4793 προσεγγίσαι

2299 4824 2434 4894 πυρὶ
2476 4821 2773 4891 καιομένῳ,
2811 4820 2845 4891 ἢ
2878 4820 3102 4887 γυναικὶ
3130 4819 3248 4888 νέᾳ,
3299 4819 3420 4881 νέος
3450 4814 3527 4870 ῶν
3560 4818 3656 4870 καὶ
3704 4820 3870 4871 αὐτός.

2285 4915 2479 4986 ,Πυρδς
2508 4915 2611 4987 μὲν
2653 4914 2962 4983 ἁπτόμενος
2991 4911 3087 4966 καὶ
3125 4910 3429 4981 ὀδυνηθεὶς,
3472 4910 3763 4979 amnes;
3791 4925 3872 4960 1'1-

2298 5007 2439 5078 χέως
2470 5023 2485 5037 ·
2522 5007 2784 5076 γυναικὸς
2837 5005 2894 5058 δὲ
2948 5007 3160 5075 ῥήμασι
3209 5002 3551 5073 χαυνωθεὶς,
3606 5001 3867 5071 δυσχερεῖς

2300 5098 2700 5170 ἀναχωρήσεις,
2719 5097 2899 5151 Καλδν
2922 5092 3015 5149 οὖν
3040 5098 3187 5149 ἐστιν
3215 5096 3313 5148 καί
3333 5094 3633 5166 εὐάρεστον
3658 5095 3741 5162 τῷ
3768 5092 3866 5159 θεῷ

616 5220 783 5274 dente
810 5215 966 5271 vultu
993 5184 1262 5268 arrisisti?
1289 5206 1491 5262 Adhzec
1522 5188 1615 5259 illa
1644 5204 1701 5259 in
1735 5203 1907 5257 risum
1939 5199 2193 5257 solvitur.

2305 5192 2399 5243 καὶ
2449 5188 2760 5259 ἀνθρώποις
2802 5186 3224 5259 παραιτεῖσθαι,
3272 5186 3367 5239 καὶ
3405 5185 3482 5256 μὴ
3528 5184 3865 5253 ἐνδελεχξζειν

618 5311 760 5365 Tum
785 5307 1048 5375 deinceps
1070 5316 1353 5358 sermones
1379 5304 1593 5365 texunt,
1619 5313 1742 5368 quae
1767 5293 2032 5366 praimolli
2060 5308 2197 5363 quo-

582 5458 585 5461 _
618 5401 745 5454 dant
779 5394 1056 5453 lenocinio
1090 5391 1443 5446 demulceant
1477 5397 1641 5458 atque
1678 5386 1913 5441 invitent
1945 5382 2193 5439 aﬂ‘ectio-

618 5507 743 5545 nem
793 5483 1177 5557 turpitudinis.
1208 5483 1277 5539 Et
1322 5482 1438 5535 hzec
1481 5482 1644 5549 plane
1684 5477 1836 5533 aliud
1880 5476 2018 5531 nihil
2066 5483 2194 5531 sunt

618 5594 782 5651 quam
817 5574 1158 5631 irritamenta
1189 5587 1311 5644 qua:
1350 5580 1399 5625 te
1438 5569 1687 5624 inescent
1712 5582 1777 5622 ac
1808 5564 2100 5636 proliciant
2127 5562 2193 5616 ad

697 5790 737 5821 ¹¹
773 5783 945 5843 Eccli.
971 5798 1093 5847 xxv,
1137 5781 1221 5845 19,
1253 5779 1343 5834 2'5.
1426 5780 1466 5809 ¹¹
1499 5777 1633 5832 ibid.
1662 5776 1748 5832 ‘26.
1828 5774 1869 5806 ”
1897 5775 2060 5830 Prov.
2091 5790 2122 5827 ν
2145 5814 2159 5840 ,
2188 5771 2340 5829 8-10.

2302 5284 2517 5347 αὐταῖς,
2553 5282 2641 5335 ίνα
2678 5279 2752 5352 μὴ
2797 5281 3177 5350 ἐμπλακέντες
3219 5280 3301 5340 είς
3331 5276 3401 5329 τὰ
3449 5275 3635 5329 αὐτῶν
3669 5275 3862 5329 δίκτυα,

2303 5375 2742 5445 κινδυνεύσωμεν
2785 5373 3071 5445 ρυσθῆναι,
3107 5372 3183 5433 ὡς
3219 5372 3289 5423 τὰ
3328 5371 3646 5438 ἐμπεσόντα
3673 5365 3859 5430 ζωΰςιι

2301 5472 2358 5523 ἐν
2389 5469 2465 5540 τῷ
2513 5468 2646 5537 ἱστῷ
2690 5468 2793 5536 τῆς
2840 5468 3119 5536 ἀράχνης·
3179 5463 3416 5535 μάλιστα
3468 5463 3630 5531 ἡμεῖς
3680 5461 3727 5510 oi
3768 5453 3857 5507 τῶν

2300 5561 2518 5614 οἰκείων
2546 5559 2976 5629 ἁποταξάμενοι,
3022 5558 3113 5610 καὶ
3157 5554 3386 5617 ἑαυτοὺς
3421 5553 3500 5620 τῷ
3543 5549 3661 5620 Θεῷ
3689 5542 3856 5603 b.195-

2456 5769 2495 5801 “
2529 5770 2551 5826 Ι
2579 5768 2706 5826 Cor.
2737 5786 2829 5837 vn,
2863 5769 2954 5836 52,
2990 5768 3078 5825 33.
3178 5768 3219 5799 ”
3240 5765 3436 5821 Matth.
3460 5781 3514 5830 ν,
3540 5759 3630 5816 Ξ8.
