4054 6312
323 358 459 422 1435

946 360 1277 421 HUMILIA
1316 358 1621 420 XVIII.-
1652 353 2261 415 CAN'l‘ATlllCULIS
2300 350 2454 413 NON
2496 347 3013 409 ASSlDE-NDUM.

3452 342 3587 407 Ηΐῦ

317 489 496 548 μενοι,
547 471 609 525 οὐ
663 470 857 542 χρείαν
898 472 1103 544 ἔχομεν.
1152 472 1250 542 τῆς
1295 469 1537 540 ματαίας
1580 468 1759 523 αὐτῶν
1809 468 1905 520 και

2038 473 2243 519 mortem
2275 479 2292 517 :
2322 477 2492 533 quare
2523 459 2841 529 prtestiterit
2870 456 3088 512 ardenti
3124 456 3235 526 igni
3268 455 3497 526 propius
3531 476 3588 509 se.

312 561 695 636 ψυχοϐλαϐοὖς
721 563 1033 632 συντυχίας,
1066 563 1153 615 ἵνα
1184 563 1258 633 μὴ
1296 562 1522 631 γένηται
1552 558 1717 628 ἄλγος
1748 559 1807 611 ὲν
1835 560 1900 629 τῇ

316 658 466 728 ψυχῇ
495 654 673 725 ἡμῶν.
714 654 772 707 '0
800 655 909 725 γάρ
955 654 1298 724 φιλάμαρτος
1338 653 1553 721 δαίμων
1593 651 1767 705 πολλὰ
1800 666 1905 720 μη·-

320 749 553 821 χανάται
603 745 941 816 καθ’ὴμῶψ
985 744 1283 798 ὑποϐάλλει
1330 744 1525 806 αὐταῖς
1566 741 1908 814 παρακαλεῖν

327 840 468 912 μετά
501 837 840 907 ποτνιασμοῦ
867 826 961 890 καί
993 836 1269 908 δακρύων,
1308 835 1549 906 συνεχῶς
1580 835 1910 890 ἐπισκέπτε-

326 933 454 987 σθαι
478 933 674 994 αὐτάς,
700 932 795 984 καὶ
823 932 1074 1001 προνοεῖν
1101 929 1189 983 διὰ
1211 928 1302 982 τὸν
1330 928 1424 983 τοῦ
1455 928 1665 1000 Κυρίου
1694 926 1905 998 μισθόν.

328 1024 648 1092 Πειθόμενοι
680 1021 735 1074 δὲ
763 1022 977 1086 αὑταῖς,
1015 1021 1249 1092 αίρομεν
1283 1020 1653 1091 ἀντιμισθίαν,
1680 1019 1910 1073 δυσίατα

328 1116 465 1185 ἕλκη
505 1117 562 1167 ὲν
591 1116 657 1184 τῇ
692 1114 863 1183 ψυχῇ,
909 1114 1004 1166 καὶ
1056 1112 1355 1183 λογισμοὺς
1404 1112 1719 1181 αἰσχίστους
1745 1128 1759 1141 ⁸
1815 1112 1912 1164 καὶ

329 1206 543 1269 λοιπὸν,
571 1207 604 1276 ἡ
629 1206 828 1275 καρδία
856 1208 1240 1277 ταρασσομένη
1279 1205 1564 1277 κολάζεται
1597 1205 1672 1268 ώς
1701 1203 1912 1275 δημίων

331 1298 715 1352 ἐπιτεινόντων
760 1295 930 1367 αὐτὴν
972 1296 1100 1349 ἔνθα
1144 1298 1239 1349 καὶ
1283 1295 1444 1361 ἔνθα,
1488 1296 1582 1349 τοῦ
1642 1295 1761 1360 νοὸς
1819 1296 1915 1349 καὶ

329 1388 429 1444 τοῦ
482 1389 709 1452 πάθους.
771 1390 1123 1461 Ματαιοσύνη
1174 1390 1268 1443 οὖν
1318 1392 1449 1462 ἡμῖν
1505 1393 1674 1457 ἐστιν,
1729 1391 1915 1455 καθὼς

334 1483 684 1555 προείρηται,
716 1482 956 1550 ἀφέντας
996 1486 1196 1551 γονεῖς,
1232 1483 1328 1536 καὶ
1364 1483 1652 1547 ἀδελφοὺς.
1682 1483 1916 1537 κτᾶσθαι

336 1574 630 1642 συντυχίας
674 1572 754 1635 εἰς
790 1558 968 1642 ψυχῆς
1021 1571 1323 1627 ἀπώλειαν.
1358 1572 1535 1636 Ὀλως
1582 1572 1691 1641 γάρ
1746 1573 1917 1642 ἀναρε-

338 1665 710 1738 μόδιόνὲστιν
762 1664 1037 1735 ἀνθρώπῳ
1092 1664 1334 1735 ἀσκῆσαι
1388 1666 1720 1736 βουλομένῳ,
1779 1664 1919 1736 μετά

335 1755 599 1825 γυναικὸς
631 1753 834 1807 ἐσθίειν
883 1754 978 1807 καὶ
1012 1754 1264 1825 πίνειν,ἣ
1296 1754 1400 1807 ὑπὸ
1423 1754 1678 1822 γυναικὶης
1709 1755 1920 1825 ὑπηρε-

2007 555 2327 621 admovere,
2357 569 2520 624 quam
2553 549 2772 606 mulieri
2806 570 2818 604 :
2852 546 3156 619 pnesertim
3183 546 3410 616 juvenis
3439 558 3589 602 uter-

2008 663 2117 718 que
2147 647 2191 702 si
2215 654 2323 701 est.
2348 646 2565 701 Etenim
2593 657 2828 700 excusso
2858 642 3002 711 igne,
3030 638 3249 694 tametsi
3277 638 3588 694 vehementi

2010 739 2201 795 dolore
2233 738 2497 801 allectus,
2534 736 2691 790 ocius
2730 734 2783 788 in
2817 741 3021 788 terram
3052 730 3266 786 desilis.
3296 730 3366 785 At
3395 732 3592 786 mulie-

2011 834 2099 888 bri
2142 830 2614 901 blandiloquentia
2664 826 3060 898 prtemollitus,
3107 842 3217 880 non
3262 826 3374 896 jam
3420 842 3590 896 parvo

2014 924 2235 995 negotio
2275 932 2329 978 te
2369 923 2439 977 ab
2482 922 2576 976 illa
2619 930 2878 975 excutere
2918 918 3165 989 potueris
3200 934 3264 973 ac
3300 919 3590 981 secedere,

2020 1015 2235 1087 1055.
2264 1014 2471 1069 bonum
2504 1014 2693 1084 igitur,
2723 1011 2817 1066 sed
2854 1019 2909 1065 et
2937 1011 3048 1065 Deo
3082 1020 3247 1080 atque
3278 1009 3596 1065 hominibus

2017 1123 2144 1163 eum
2176 1108 2371 1178 primis
2399 1116 2709 1176 acceptum,
2737 1113 2795 1158 ιιι
2823 1119 2924 1157 nos
2949 1103 3020 1156 ab
3051 1102 3265 1156 illarum
3296 1115 3595 1158 consuetu-

2019 1200 2148 1255 dine
2194 1200 2530 1254 extricemus
2583 1196 2912 1259 vitabundi,
2956 1209 3061 1248 nec
3115 1194 3198 1248 eis
3250 1195 3600 1251 continent-ir

2020 1289 2397 1352 assideamus,
2444 1303 2515 1342 ne
2566 1286 2788 1357 quando
2836 1299 3029 1339 earum
3085 1283 3297 1338 retibus
3346 1285 3599 1355 impliciti

2021 1382 2422 1453 periclitemur,
2447 1380 2584 1451 quin
2620 1380 2931 1434 libertatem
2958 1392 3122 1446 quam
3152 1377 3411 1433 ocissime
3444 1379 3603 1432 nobis

2022 1474 2393 1537 vindicemus,
2422 1488 2524 1531 ceu
2555 1472 2801 1527 assolent
2832 1468 3164 1527 animalcula
3192 1469 3401 1538 qumvis
3434 1472 3602 1527 sentiet

2025 1567 2147 1622 tela:
2198 1564 2492 1621 aracbneae
2525 1559 2739 1634 illapsa.
2783 1563 2894 1617 Nos
2920 1560 3167 1615 omnium
3214 1562 3470 1627 maxime,
3511 1564 3604 1632 qui

2026 1658 2223 1714 relicto
2296 1654 2521 1728 peculio
2562 1664 2712 1711 totos
2770 1671 2872 1710 nos
2941 1657 3053 1711 Deo
3121 1657 3605 1719 consecravimus,

2026 1754 2166 1809 nihil
2211 1755 2267 1809 in
2310 1763 2593 1825 posterum
2636 1768 2865 1807 necesse
2910 1755 2981 1806 sit
3025 1768 3148 1807 cum
3197 1752 3305 1807 illis
3345 1757 3607 1825 congredi

336 1847 571 1911 τεῖσθαι,
611 1848 645 1919 ἦ
695 1848 945 1918 προνοεῖν
987 1846 1282 1917 γυναικῶν,
1332 1848 1366 1919 ἢ
1415 1847 1561 1910 ὅλως
1592 1849 1712 1917 μετ’
1742 1848 1922 1901 αὐτῶν

2038 1846 2381 1910 familiarius,
2407 1860 2647 1916 quarum
2678 1843 2903 1914 quidem
2935 1844 3334 1910 confabulatio,
3366 1856 3423 1901 et
3447 1848 3606 1915 plena

340 1940 487 2009 ἔχειν
508 1939 732 2008 γνῶσιν.
769 1937 1003 2009 Ὁμοίως
1030 1938 1086 1991 δὲ
1115 1939 1211 1991 καὶ
1235 1942 1551 2002 κανονικατς
1578 1939 1921 2010 ἀνάρμοστόν

339 2036 462 2087 ἐστι
498 2031 815 2096 συνδυάζειν
849 2032 986 2102 μετά
1012 2031 1243 2102 ἀνδρῶν,
1274 2032 1414 2103 πρὸς
1440 2033 1501 2085 τὸ
1519 2033 1723 2104 μηδένα
1755 2050 1923 2087 σκαν-

341 2124 659 2187 δαλίζεσθαι
708 2124 776 2178 δι’
808 2124 1001 2195 ἡμῶν,
1032 2123 1147 2177 ἀλλ’
1180 2124 1266 2177 ἵνα
1308 2119 1460 2195 ὦμεν
1511 2126 1676 2179 πᾶσιν
1715 2126 1926 2197 ἀπρόσ·-

344 2233 527 2272 κοποι.
565 2237 583 2270 ι
618 2217 832 2280 suam;
865 2218 994 2289 γάρ,
1044 2217 1231 2287 φησὶν,
1263 2217 1354 2269 τὸν
1388 2215 1553 2285 φόϐον
1581 2216 1669 2270 τοῦ
1696 2218 1924 2288 Κυρίου,

344 2309 672 2381 ἀνθρώπους
706 2308 989 2379 πείθομεν,
1022 2308 1143 2379 Θεῷ
1173 2309 1230 2362 δὲ
1261 2307 1668 2380 φανερούμεθα.
1705 2329 1722 2361 ι
1752 2308 1928 2381 Φοϐη-

346 2398 534 2470 θῶμεν
571 2400 778 2463 τοίνυν,
816 2399 892 2462 ὡς
926 2386 1171 2471 εἴρηται,
1212 2397 1308 2451 τοῦ
1358 2399 1712 2452 σκανδαλίσαι
1750 2399 1927 2466 τινάς,

348 2491 643 2556 ἀκούοντες
681 2491 778 2545 τοῦ
828 2491 1060 2562 Κυρίου,
1102 2489 1375 2559 λέγοντος,
1405 2492 1490 2545 ὅτι
1544 2492 1817 2563 συμφέρει
1843 2493 1931 2546 ἵνα

349 2582 501 2645 λίθος
537 2582 762 2652 μυλικὸς
789 2581 1082 2651 κρεμασθῇ
1128 2581 1260 2652 περὶ
1294 2579 1388 2633 τὸν
1415 2579 1699 2651 τράχηλον
1738 2581 1929 2645 αὑτοῦ,

350 2673 449 2727 καὶ
482 2673 648 2744 ῥιφθῇ
684 2673 766 2735 εἰς
802 2673 903 2741 τὴν
947 2671 1308 2743 θάλασσαν,ῆ
1346 2671 1433 2725 ἵνα
1480 2672 1812 2744 σκανδαλίσῃ
1837 2672 1935 2727 ἕνα

351 2764 462 2819 τῶν
508 2764 723 2835 μικρῶν
773 2763 1001 2818 τούτων.
1048 2763 1169 2835 Χρὴ
1210 2759 1305 2818 οὖν
1341 2764 1417 2827 ὡς
1482 2764 1590 2818 ἀπὸ
1642 2765 1934 2835 προσώπου

349 2857 530 2925 ὕφεως
580 2855 673 2907 καὶ
713 2854 991 2925 ἁμαρτίας
1046 2854 1296 2925 μεγάλης
1328 2854 1555 2923 φεύγειν
1601 2855 1699 2908 ἀπ’
1727 2855 1935 2919 αὐτῶν,

350 2947 444 3002 διὰ
474 2948 536 3001 τὸ
574 2947 958 3017 θανατηφόρον
997 2943 1282 3011 εἶναιτοῖς
1328 2946 1675 3018 βουλομένοις
1723 2949 1934 3014 ἀσκεῖν,

351 3041 420 3094 οὑ
454 3039 614 3111 μόνον
650 3038 752 3110 τὴν
781 3038 961 3092 αὐτῶν
1003 3036 1242 3106 ὁμιλίαν,
1275 3036 1412 3091 ἀλλά
1439 3039 1532 3092 καὶ
1567 3038 1667 3110 τὴν
1697 3038 1939 3110 ἐνθύμη-

356 3148 464 3184 σιν.
493 3129 743 3183 Διδάσκει
772 3128 828 3181 δὲ
854 3130 1004 3198 ἡμᾶς
1033 3126 1192 3180 τοῦτο
1226 3129 1255 3181 ὁ
1288 3120 1701 3200 Παροιμιαστῆς
1738 3129 1933 3199 λέγω-.-

361 3234 382 3274 ι
416 3221 509 3292 Μὴ
535 3220 642 3290 δῷς
674 3220 765 3273 σὸν
800 3218 1033 3272 πλοῦτον
1066 3218 1322 3286 γυναικίο
1364 3238 1384 3271 ι
1417 3220 1631 3273 καὶτὸν
1656 3220 1757 3275 σὺν
1791 3220 1937 3287 νοῦν,

358 3315 441 3377 είς
471 3314 596 3365 ὐστε
607 3311 913 3382 ροϐουλίαν.
932 3311 1043 3363 Kal
1068 3310 1227 3373 ἀλλος
1252 3326 1265 3339 ο
1296 3328 1314 3361 ι
1341 3310 1496 3363 Μετά
1521 3310 1831 3382 ψαλλούσης
1866 3313 1942 3383 μὴ

359 3403 683 3474 ὲνδελέχιζε,
722 3404 796 3475 μή
829 3419 961 3456 ποτε
985 3402 1128 3472 ἀλῷς
1160 3404 1216 3455 ἐν
1247 3404 1360 3465 τοῖς
1390 3403 1814 3473 ἐπιχειρήμασιν
1846 3404 1944 3456 αὑ-

358 3499 481 3566 τῆς.
510 3516 527 3547 ι
555 3491 724 3564 Οἶμαι
752 3494 808 3547 δὲ
842 3494 938 3547 καὶ
969 3494 1061 3546 τὸν
1096 3494 1343 3558 Ἡσαΐαν,
1376 3495 1507 3565 περὶ
1535 3494 1714 3548 αὐτῶν
1741 3495 1943 3563 λέγειν,

368 3604 389 3639 ι
428 3586 569 3640 ’Δνθ’
607 3579 682 3640 ὧν
713 3586 1008 3657 ὑψώθησαν
1047 3586 1105 3638 αἱ
1150 3574 1448 3658 θυγατέρες
1482 3585 1640 3651 Σιὼν,
1692 3588 1785 3641 καὶ
1819 3589 1948 3642 ἑπο-

366 3678 640 3752 ρεύθησαν
682 3678 872 3749 ὐῂλῷ
904 3678 1163 3750 τραχήλῳ
1209 3678 1307 3733 καὶ
1347 3683 1406 3733 ὲν
1442 3679 1711 3748 νεύμασιν
1750 3680 1950 3747 ὀφθαλ-

370 3771 509 3841 μῶν,
541 3791 559 3822 ι
599 3772 695 3824 καὶ
747 3770 817 3824 τά
864 3771 1013 3841 ἑξῆς.
1062 3773 1171 3825 Kal
1217 3771 1417 3840 ἐπάγει
1444 3788 1457 3801 ·
1494 3772 1644 3825 «Καὶ
1683 3775 1712 3826 ὁ
1744 3773 1950 3843 Κύριος

367 3862 711 3932 ἀποκαλύψει
744 3864 807 3916 τὸ
834 3864 1021 3934 σχῆμα
1054 3863 1233 3917 αὐτῶν
1265 3865 1323 3916 ἐν
1368 3866 1435 3935 τῇ
1468 3865 1652 3937 ἡμέρᾳ
1680 3866 1886 3938 ἐκείνῃ.
1923 3885 1943 3918 ι

368 3954 553 4025 Ὅπερ
614 3954 824 4024 ἀπέϐη,
861 3953 937 4017 ώς
1000 3955 1393 4025 ὑπολαμϐάνω,
1429 3957 1523 4010 ἐπὶ
1588 3957 1688 4026 τῆς
1744 3975 1951 4028 παρουο

366 4045 490 4109 σίας
517 4045 628 4098 τῶν
654 4040 962 4100 Χαλδαίων.
997 4045 1163 4114 Λέγει
1193 4049 1249 4100 δὲ
1274 4049 1368 4101 καὶ
1392 4047 1629 4119 ἀλλαχοῦ
1651 4066 1664 4079 ·
1691 4069 1709 4102 ι
1738 4048 1952 4119 Παρθέ-

366 4154 460 4191 νον
487 4138 563 4208 pi;
588 4137 1000 4207 καταμάνθανε,
1040 4140 1113 4210 μή
1158 4155 1288 4192 ποτε
1327 4141 1726 4214 σκανδαλισθῇς
1754 4145 1813 4197 ὲν
1838 4147 1951 4209 τοῖς

368 4225 878 4295 ὲπιτιμίοιςαὺτῆς.
906 4245 924 4277 ι
958 4227 1067 4279 Kal
1093 4223 1250 4291 αὖθις
1270 4244 1314 4279 οι
1342 4223 1521 4292 υἶνος,
1552 4230 1645 4283 καὶ
1667 4233 1946 4298 γυναῖκες,

366 4318 771 4388 ἀποστήσουσιν
799 4317 1029 4388 καρδίας
1059 4320 1318 4374 συνετῶν.
1367 4339 1386 4373 ι
1425 4321 1534 4375 Kal
1571 4302 1950 4393 ὀἘκκλησια-

368 4409 506 4479 στής
526 4424 539 4437 ·
571 4427 589 4459 ι
613 4408 948 4480 Πικρότερον
974 4408 1116 4481 ὑπὲρ
1142 4410 1373 4466 θάνατον
1406 4413 1659 4482 συζητεῖν
1690 4417 1948 4483 γυναῖκα,

2025 1945 2112 1990 est
2147 1936 2412 1991 vanitatis
2447 1943 2505 1990 et
2542 1933 2835 1989 animabus
2879 1932 3018 1987 mire
3055 1933 3474 1990 detrimentosa.
3510 1936 3614 1989 Far;

2028 2029 2195 2099 igitur
2229 2028 2595 2099 defugiamus,
2624 2042 2695 2081 ne
2726 2025 2918 2097 ﬂagitii
2954 2025 3236 2096 quidpiam
3269 2027 3611 2083 adhaeresea.

2027 2122 2320 2178 animabus
2342 2120 2552 2175 nostris
2581 2137 2595 2172 :
2630 2120 2747 2189 ipse
2773 2118 2924 2177 enim
2950 2118 3164 2172 daemon
3191 2120 3400 2189 peccati
3425 2136 3614 2175 aman-

2030 2214 2298 2279 tissimus,
2317 2220 2629 2271 commenta
2656 2210 2949 2265 adversum
2978 2226 3080 2264 nos
3111 2226 3222 2265 non
3251 2227 3424 2281 pauca
3451 2227 3613 2267 exco-

2029 2306 2165 2377 gitat
2185 2321 2251 2360 ac
2274 2305 2502 2362 molitur
2526 2303 2813 2358 insidiose.
2837 2303 2963 2358 Istis
2987 2303 3328 2358 mulierculis
3350 2306 3611 2374 suggerit,

2031 2406 2195 2453 orent
2238 2412 2339 2453 nos
2383 2412 2510 2450 cum
2560 2394 2819 2465 lacrymis
2867 2404 2923 2449 et
2968 2394 3370 2460 obtestatione,
3413 2412 3508 2451 eas
3556 2408 3616 2451 ut

2032 2490 2254 2545 assidue
2295 2490 2614 2553 visitemus,
2649 2488 2869 2543 illarum
2912 2487 3076 2543 saluti
3126 2495 3187 2541 ut
3228 2489 3613 2553 consulamus,

2033 2598 2129 2655 spe
2156 2583 2428 2638 mercedis
2457 2598 2487 2636 a
2512 2580 2746 2636 Domino
2771 2579 3108 2635 obtinendae.
3134 2578 3217 2635 Ab
3246 2581 3365 2636 istis
3395 2580 3617 2635 interim

2034 2672 2290 2745 persuasi
2321 2671 2626 2728 auferimus
2658 2669 3199 2734 remunerationem,
3231 2670 3419 2723 ulcera
3453 2671 3620 2724 nimi-

2038 2782 2160 2821 rum
2191 2766 2389 2819 anima'
2413 2764 2506 2818 vix
2531 2763 2661 2817 ullis
2689 2760 2934 2817 curanda
2964 2760 3250 2826 antidotis,
3278 2762 3488 2818 salaces
3518 2764 3622 2817 sci-

2038 2858 2170 2914 licet
2194 2866 2249 2911 et
2270 2855 2539 2910 obscenas
2563 2842 2948 2924 cogitationes.
2966 2850 3120 2907 Adeo
3142 2852 3405 2925 deinceps
3428 2869 3523 2909 cor
3548 2863 3627 2908 tut

2039 2946 2303 3018 agitatum
2328 2944 2674 3015 intemperiis
2702 2958 2897 3013 poenas
2924 2942 3033 2997 luit
3057 2943 3256 2997 merito
3282 2959 3384 3000 suo
3410 2944 3622 3015 dignas,

2041 3038 2172 3093 dum
2204 3052 2364 3092 mens
2392 3044 2557 3107 atque
2583 3034 2802 3091 affectio
2830 3036 3087 3103 concepti
3114 3032 3376 3090 facinoris
3402 3051 3499 3091 cor
3527 3038 3629 3089 mi-

2043 3145 2230 3186 serum
2269 3128 2614 3197 distrahunt,
2646 3128 2815 3198 inque
2860 3125 3183 3183 carniﬁcum
3227 3142 3437 3183 morem
3478 3145 3628 3183 nunc

2043 3224 2154 3279 huc
2172 3222 2291 3286 ille,
2317 3237 2469 3277 nunc
2488 3221 2620 3276 illuc
2649 3221 2790 3277 alter
2815 3220 3130 3292 plusquam
3163 3221 3371 3292 tragice
3402 3236 3629 3277 cancer.

2044 3322 2205 3386 punt.
2242 3314 2475 3370 Omnem
2518 3314 2686 3386 igitur
2727 3322 2955 3385 superat
2991 3314 3325 3380 vanitatem,
3361 3314 3465 3369 nos
3503 3331 3627 3369 eum

2045 3416 2303 3477 parentes
2344 3407 2739 3476 reliquerimus
2780 3414 2838 3462 et
2880 3406 3113 3472 fratres,
3150 3407 3450 3463 conciliare
3490 3409 3630 3462 velle

2044 3499 2318 3571 ejusmodi
2371 3500 2672 3555 mulierum
2726 3499 3229 3566 consuetudinem,
3273 3500 3331 3554 in
3383 3511 3629 3570 apertam

2047 3593 2416 3663 perditionem
2454 3592 2670 3646 animae.
2704 3591 2940 3648 Prorsus
2977 3594 3180 3648 rationi
3221 3593 3630 3649 dissentaneum

2047 3682 2288 3745 videtur,
2311 3690 2372 3736 ut
2395 3682 2561 3736 homo
2585 3682 2773 3752 cupiat
2795 3683 3246 3738 exercitationem
3274 3685 3631 3739 monasticam

2050 3771 2331 3844 profiteri,
2385 3780 2442 3827 et
2484 3771 2629 3826 idem
2669 3786 2793 3825 cum
2838 3772 3072 3826 muliere
3118 3772 3203 3826 vel
3251 3775 3507 3828 comedat
3548 3776 3630 3830 vel

2050 3865 2223 3929 bibat,
2259 3874 2355 3925 aut
2383 3871 2532 3918 certe
2570 3878 2601 3917 a
2637 3862 2872 3918 muliere
2909 3871 3132 3933 expetat
3162 3864 3268 3918 sibi
3305 3864 3631 3927 ministrari.

2050 3956 2165 4010 sive
2190 3955 2434 4025 ipsarum
2461 3968 2654 4025 gerere
2683 3968 2898 4018 curam,
2923 3962 3094 4023 utque
3121 3954 3403 4009 absolvam
3435 3968 3634 4012 cuncta

2050 4046 2410 4116 compendio,
2433 4045 2501 4100 ad
2527 4060 2718 4100 earum
2746 4045 3060 4116 pertingere
3085 4046 3481 4118 cognitionem.
3510 4048 3633 4104 Pari

2045 4136 2170 4206 jure
2199 4148 2501 4206 congruum
2533 4134 2634 4198 sit,
2663 4150 2758 4189 eas
2787 4150 2909 4204 qua:
2941 4149 2999 4192 se
3035 4135 3333 4191 canonicas
3365 4136 3634 4206 proﬁten-

2052 4235 2163 4291 tur,
2196 4240 2545 4281 communem
2594 4239 2721 4279 cum
2767 4225 2906 4281 viris
2946 4226 3186 4281 tolerare
3229 4228 3432 4294 vitam,
3466 4239 3524 4284 ιιι
3568 4247 3635 4282 ne

2051 4318 2186 4389 quid
2220 4317 2463 4375 scandali
2497 4317 2781 4373 exoriatur
2814 4317 2989 4373 nostri
3023 4333 3219 4384 causa;
3248 4319 3384 4389 quin
3415 4321 3635 4375 studen-

2052 4425 2177 4464 mns
2210 4409 2396 4480 potius
2428 4409 2696 4466 exhibere
2729 4424 2829 4464 nos
2862 4410 3079 4465 caeteris
3109 4410 3368 4469 omnibus
3399 4411 3638 4483 irrepa-

362 4501 490 4572 ἥτις
538 4502 685 4554 ἐστὶν
740 4500 1015 4572 θήρευμα,
1067 4503 1165 4556 καὶ
1221 4506 1437 4576 σαγήνη
1488 4506 1687 4578 καρδία
1742 4507 1934 4578 αὐτῆς

2054 4502 2375 4559 bensibiles.
2429 4519 2449 4553 ι
2515 4500 2803 4566 Seientes,
2851 4502 2931 4556 ait
2990 4501 3328 4572 Apostolus,
3378 4504 3632 4559 timorem

365 4590 568 4662 δεσμὸς
618 4593 700 4656 είς
732 4595 924 4663 χεῖρας
973 4595 1179 4665 αὐτῆςο
1235 4596 1442 4664 ἀγαθὸς
1495 4598 1604 4670 πρὸ
1655 4598 1952 4669 προσώπου

365 4681 467 4737 τοῦ
500 4682 637 4736 Θεοῦ
669 4684 1106 4755 ἀφαιρεθήσεται
1134 4686 1227 4740 ἀπ’
1258 4689 1450 4759 αὐτῆς,
1486 4690 1582 4743 καὶ
1622 4690 1953 4762 ἁμαρτάνων

369 4773 811 4846 συλληφθήσεται
843 4779 902 4831 ἐν
932 4779 1092 4851 αὐτῇ.
1127 4798 1146 4831 ι
1181 4780 1293 4834 Καὶ
1336 4782 1625 4852 ἐπιφέρει·
1660 4800 1679 4835 ι
1710 4783 1955 4855 Εὐφραί-

369 4881 486 4927 νου,
519 4868 797 4933 νεανίσκε,
819 4870 877 4940 ἐν
893 4869 1111 4938 νεότητί
1138 4887 1258 4939 σου,
1279 4873 1375 4926 καὶ
1406 4873 1702 4944 περιπάτει
1731 4875 1801 4927 ὲν
1817 4875 1955 4939 ὁδοῖς

369 4957 638 5029 ἀμώμως,
664 4960 761 5012 καὶ
793 4960 869 5031 μὴ
894 4965 949 5014 ὲν
974 4963 1166 5033 ὁράσει
1194 4964 1487 5035 ὀφθαλμῶν
1512 4980 1627 5030 σου,
1659 4966 1753 5020 καὶ
1782 4965 1953 5036 γνῶθι

371 5050 467 5101 ἐπὶ
499 5051 663 5104 πᾶσιν
693 5051 926 5120 τούτοις,
966 5054 1047 5107 ὅτι
1081 5053 1200 5120 ἄξει
1235 5073 1293 5109 σε
1325 5058 1355 5110 ὀ
1381 5056 1515 5121 Θεὸς
1568 5058 1650 5122 είς
1685 5037 1889 5130 κρίσιν.
1926 5078 1945 5111 ι

385 5140 662 5204 Ὡσαύτως
714 5143 808 5196 καὶ
850 5146 879 5197 ό
937 5145 1296 5211 ’Δπόστολοςσ
1352 5166 1372 5200 ι
1404 5149 1542 5212 Τοὺς
1590 5150 1697 5222 γὰρ
1744 5151 1953 5215 πάντας

368 5234 521 5303 ἡμᾶς
562 5236 942 5306 φανερωθῆναι
988 5237 1069 5291 δεῖ
1103 5238 1412 5312 ἔμπροσθεν
1456 5241 1551 5295 τοῦ
1585 5242 1828 5315 βήματος
1857 5244 1955 5298 τοῦ

371 5325 650 5397 Χριστοῦ·
692 5328 780 5380 ἵνα
822 5329 1120 5400 κομίσηται
1159 5330 1391 5396 ἕκαστος
1446 5333 1513 5385 τὰ
1560 5334 1654 5387 τοῦ
1702 5333 1954 5403 σώματος

371 5420 512 5492 πρὸς
556 5419 593 5475 ἀ
631 5421 888 5492 ἔπραξεν,
932 5425 1277 5503 εῖτεᾉάγαθά,
1327 5427 1439 5480 εἴτε
1486 5430 1653 5483 κακά.
1697 5447 1716 5481 ι
1759 5428 1952 5500 Ἡμεῖς

370 5510 469 5568 οὖν
498 5515 546 5566 οί
571 5513 858 5579 δοκοῦντες
883 5516 1083 5571 εἰδέναι
1114 5517 1208 5582 τὰς
1234 5518 1481 5589 Γραφὰς,
1515 5522 1611 5574 καὶ
1642 5520 1718 5592 μὴ
1749 5521 1952 5589 φυλάσα

374 5621 584 5670 σοντες,
615 5608 1021 5679 περισσοτέρως
1055 5608 1253 5681 ἔχομεν
1292 5610 1627 5682 ἐγκληθῆναι
1660 5613 1799 5686 ὑπὲρ
1827 5614 1955 5677 τοὺς

454 5783 567 5839 "ll
603 5782 728 5839 Cor.
773 5802 824 5854 ι’,
884 5785 964 5839 Η.
1060 5787 1100 5818 ¹⁷
1151 5784 1341 5843 Matth.
1375 5802 1529 5851 mu,
1570 5790 1623 5844 6.

2056 4592 2296 4658 Domini,
2325 4592 2625 4651 suademus
2660 4593 3003 4657 hominibus.
3035 4594 3147 4651 Deo
3181 4603 3367 4651 autem
3407 4596 3638 4652 manife-

2056 4686 2128 4743 sti
2155 4702 2349 4742 sumus
2374 4687 2437 4743 “.
2473 4705 2493 4739 ι
2527 4685 2881 4741 Metuendum
2917 4701 3049 4741 sane
3077 4686 3258 4751 nobis,
3293 4703 3392 4742 ceu
3428 4688 3635 4742 dictum

2055 4788 2161 4843 est,
2193 4795 2263 4837 ne
2300 4781 2394 4850 qui
2437 4795 2539 4851 per
2576 4795 2676 4835 nos
2714 4779 2771 4834 in
2810 4780 3131 4835 scandalum
3161 4780 3334 4859 ullum
3367 4778 3633 4839 incidam,

2056 4885 2185 4926 cum
2212 4869 2355 4926 dicat
2384 4869 2676 4937 Dominus,
2704 4870 2835 4940 quia
2870 4870 3071 4926 melius
3097 4877 3182 4926 est
3214 4877 3275 4924 ut
3301 4869 3442 4939 lapis
3471 4868 3638 4923 mola—

2057 4962 2136 5019 ris
2161 4961 2399 5033 pendeat
2427 4977 2459 5016 a
2490 4961 2656 5023 collo,
2680 4970 2738 5017 et
2763 4962 2810 5017 is
2838 4962 3162 5034 projiciatur
3191 4960 3246 5015 in
3278 4976 3448 5024 mare,
3473 4975 3639 5031 quam

2057 5064 2119 5111 ut
2150 5053 2486 5110 scandalizet
2517 5070 2688 5109 unum
2725 5070 2794 5110 ex
2827 5055 2917 5109 his
2952 5055 3169 5125 pusillis
3193 5053 3253 5109 ”.
3287 5054 3477 5125 itaque
3518 5063 3575 5109 ut
3609 5071 3639 5107 a

2058 5150 2200 5206 facie
2233 5149 2539 5219 serpentis.
2562 5158 2620 5209 et
2647 5165 2678 5203 a
2707 5150 2969 5220 perplexo
2999 5148 3257 5219 quapiam
3289 5157 3535 5219 peccato,
3567 5149 3638 5202 ita

2057 5254 2114 5299 et
2142 5243 2211 5297 ab
2244 5242 2366 5297 istis
2399 5257 2565 5312 porro
2599 5240 2995 5307 secedendum,
3020 5240 3169 5311 quod
3207 5249 3639 5312 praesentancam

2057 5337 2254 5391 afferat
2297 5344 2534 5389 mortem
2581 5334 2799 5389 illarum
2842 5334 3187 5389 eonsuemdo
3230 5336 3298 5390 iis
3335 5334 3429 5404 qui
3470 5333 3641 5389 vitam

2059 5436 2319 5484 exercent
2339 5426 2721 5482 monasticam.
2740 5427 2852 5482 Nec
2873 5426 3094 5481 illarum
3118 5426 3440 5483 declinanda
3463 5427 3643 5483 solum

2061 5520 2370 5592 colloquia,
2411 5520 2510 5577 sed
2558 5526 2615 5577 et
2659 5518 2729 5576 de
2775 5520 2856 5574 cis
2903 5522 3296 5591 cogitationem
3342 5520 3412 5576 ab
3461 5520 3644 5575 radice

2063 5612 2297 5667 convelli
2343 5623 2606 5684 oportere
2647 5612 2812 5670 docet
2853 5613 3244 5670 Parcemiastes
3291 5631 3303 5668 :
3360 5633 3377 5665 ι
3425 5615 3499 5672 Nc
3546 5613 3645 5673 des
