4054 6312
656 425 789 487 ita?

1887 421 2256 483 ANTIOCHI
2295 421 2643 483 MONACI—ll

3771 424 3877 484 li'.8

649 534 872 588 divitias
908 529 1124 587 mulieri
1149 532 1190 563 ¹⁸
1223 549 1242 582 ι
1282 547 1297 583 :
1328 536 1570 584 mentem
1604 536 1775 592 tuam,
1799 527 1968 583 vitam
1999 529 2233 599 denique

2346 529 2420 603 μὴ
2453 529 2684 592 εἰδότας,
2715 527 2976 581 κατὰπτὸν
3005 527 3162 595 λόγον
3187 525 3279 580 τοῦ
3311 527 3542 596 Κυρίου,
3573 527 3654 580 ὅτι
3683 549 3700 578 ι
3744 530 3878 583 Ἐκείο

651 636 708 680 et
732 624 1046 680 consilium.
1077 623 1233 678 Alius
1269 639 1284 675 :
1323 641 1344 673 ι
1377 619 1515 676 Cum
1549 619 1847 675 cantatrice
1879 620 2139 675 assiduus
2168 637 2236 677 ne

649 725 793 780 esto,
809 715 1102 786 nequando
1119 712 1360 783 capiaris
1379 713 1432 766 in
1451 712 1662 778 argutis
1677 709 1944 781 operibus
1961 711 2112 766 illius
2128 713 2190 766 ".
2211 731 2229 763 ι

649 807 793 875 Quin
829 814 885 862 et
925 805 1118 860 Isaiam
1157 803 1228 859 de
1268 803 1392 858 istis
1429 802 1667 856 arbitror
1705 801 1855 872 loqui
1898 819 1912 856 :
1963 821 1980 852 ι
2025 802 2134 856 Pro
2169 817 2238 856 eo

647 899 798 970 quod
826 899 1078 953 exaltatze
1105 905 1236 952 sunt
1261 896 1387 951 tiliae
1411 905 1537 961 tuae,
1560 894 1713 954 Sion,
1733 904 1790 949 et
1813 894 2238 949 ambulaverunt

646 999 876 1046 extenso
921 990 1092 1052 collo,
1131 997 1188 1044 et
1232 987 1476 1042 nictibus
1519 987 1808 1040 oculorum
1831 986 1898 1050 ὀ,
1940 1005 1959 1036 ι
2012 994 2069 1040 et
2115 1000 2236 1054 qua:

2341 639 2432 684 νος
2466 622 2495 674 ὁ
2516 619 2702 682 δοῦλος
2741 621 2768 672 ὁ
2794 621 2955 687 γνοὺς
2984 619 3044 672 τὸ
3079 619 3292 688 θέλημα
3327 618 3414 671 τοῦ
3475 622 3687 691 κυρίου,
3711 621 3794 672 καὶ
3822 622 3874 690 μὴ

2309 715 2574 782 οποιήσας
2605 712 2741 782 πρὸς
2777 713 2839 764 τὸ
2865 710 3079 780 θέλημα
3111 711 3300 774 αὑτοῦ,
3329 708 3628 782 δαρήσεται
3669 711 3870 766 mihi:

2339 805 2450 858 Καὶ
2479 804 2677 871 ἐπάγει
2706 816 2720 832 ·
2753 822 2771 854 ι
2810 803 2978 856 Παντὶ
3021 796 3067 870 ᾧ
3107 801 3260 872 ἐδόθη
3297 801 3486 864 πολλὰ,
3530 805 3874 874 περισσότερον

2339 898 2743 966 ἀπαντήσουσιν
2775 896 2961 950 αὐτόν.
3005 914 3024 947 ι
3056 894 3217 966 Αὐτῷ
3251 897 3283 964 ἡ
3309 894 3434 960 δόξα
3468 898 3552 958 εἰς
3576 897 3693 958 τοὺς
3714 898 3870 960 αἰῶνας

2339 987 2449 1039 τῶν
2485 987 2719 1039 αἰώνων.
2776 986 2970 1056 Ἀμήν.

646 1090 974 1155 sequuntur.
999 1083 1067 1138 Et
1091 1081 1305 1137 inducit
1329 1099 1343 1134 :
1384 1100 1402 1132 ι
1433 1081 1502 1136 Et
1524 1080 1790 1134 Dominus
1815 1077 2084 1133 revelabit
2109 1078 2362 1132 habitum
2388 1079 2442 1133 in
2472 1079 2562 1133 die
2594 1078 2686 1132 illa
2708 1079 2776 1134 ²¹.
2811 1097 2830 1131 ι
2861 1079 2918 1132 Id
2944 1079 3092 1147 quod
3120 1093 3270 1134 nunc
3330 1078 3598 1147 temporis
3623 1079 3867 1147 contigisse

645 1177 904 1240 arbitror,
937 1190 1034 1244 per
1069 1173 1366 1227 adventum
1398 1171 1806 1227 Chaldzeorum.
1838 1169 2050 1239 1055
2086 1170 2230 1224 Dicit
2267 1179 2451 1226 autem
2474 1171 2658 1228 etalio
2679 1171 2801 1224 loco
2844 1187 2858 1223 :
2901 1189 2921 1221 ι
2959 1170 3240 1239 Virginem
3280 1185 3350 1226 ne
3389 1171 3789 1240 comternpleris.
3814 1185 3863 1222 ne

646 1269 788 1324 forte
840 1265 1233 1323 scandalizeris
1283 1264 1339 1318 in
1387 1263 1862 1334 increpationibus
1913 1263 2060 1318 illius
2119 1265 2191 1317 ".
2231 1283 2250 1316 ι
2297 1264 2509 1318 Rursus
2553 1279 2569 1317 :
2623 1282 2643 1312 ι
2688 1264 2888 1318 Vinum
2931 1271 2988 1318 et
3027 1263 3292 1316 mulieres
3329 1272 3638 1332 apostatare
3701 1261 3862 1313 faciunt

647 1360 816 1415 corda
861 1357 1288 1428 intelligentium
1352 1355 1418 1409 ³³.
1465 1373 1484 1407 ι
1541 1355 1778 1409 Proinde
1831 1354 2193 1409 Ecclesiastes
2245 1372 2261 1409 :
2309 1374 2328 1406 ι
2358 1354 2615 1410 Amarius
2641 1365 2816 1409 morte
2841 1364 2948 1418 est,
3005 1354 3322 1408 conversari
3348 1369 3475 1408 cum
3504 1353 3740 1414 muliere;
3775 1352 3857 1420 ipsa

645 1453 795 1508 enirn
837 1453 1068 1523 laqueus
1107 1449 1386 1504 venatoris
1459 1455 1578 1512 est,
1647 1455 1704 1502 et
1741 1462 1943 1516 sagena
1986 1463 2083 1501 cor
2123 1447 2300 1511 illitis,
2342 1447 2625 1502 vinculum
2667 1447 2722 1501 in
2766 1463 2962 1501 manus
2997 1448 3137 1516 ejus.
3169 1446 3357 1501 Bonus
3397 1456 3527 1500 ante
3568 1447 3740 1499 [aciem
3769 1443 3855 1503 Dei,

647 1544 1068 1601 submovcbitur
1099 1544 1168 1598 ab
1201 1557 1302 1607 ea;
1337 1542 1432 1611 qui
1469 1550 1694 1610 peccat,
1725 1542 2231 1611 comprehendetur
2270 1543 2325 1596 in
2355 1557 2418 1597 ea
2441 1544 2508 1596 “.
2545 1561 2564 1593 ι
2601 1542 2772 1596 Infert
2811 1560 2824 1595 :
2863 1561 2881 1591 ι
2915 1541 3146 1603 ιωιιιιοε,
3175 1543 3418 1612 juvenis,
3453 1542 3510 1594 in
3549 1538 3853 1595 adolescentia

647 1643 761 1700 tua,
790 1642 847 1688 et
878 1633 1098 1688 ambula
1132 1633 1187 1686 in
1211 1631 1319 1685 viis
1351 1630 1622 1684 innocens
1679 1640 1737 1685 et
1767 1630 2175 1696 immaculatus,
2241 1641 2298 1686 et
2338 1632 2392 1686 in
2421 1632 2671 1686 contuitu
2700 1632 2988 1686 oculorum
3021 1639 3264 1696 tuorum,
3289 1640 3346 1685 et
3376 1634 3518 1686 scito
3543 1633 3663 1702 quia
3691 1647 3773 1699 pro
3794 1629 3856 1682 bis

645 1727 906 1782 omnibus
949 1725 1189 1782 adducet
1231 1731 1284 1779 te
1333 1725 1479 1780 Deus
1531 1725 1586 1780 in
1628 1725 1899 1796 judicium
1929 1726 1996 1779 ’⁸.
2047 1745 2067 1778 ι
2118 1726 2230 1780 Nec
2267 1726 2426 1780 aliter
2461 1725 2759 1796 Apostolus
2800 1745 2812 1778 :
2867 1747 2885 1777 ι
2934 1728 3134 1780 Omnes
3209 1729 3358 1781 enim
3431 1742 3536 1781 nos
3575 1723 3850 1780 manifestari

647 1827 866 1890 oportet
899 1826 1028 1872 ante
1063 1817 1302 1872 tribunal
1335 1817 1564 1884 Christi,
1632 1827 1692 1873 ut
1727 1819 1930 1874 referat
1977 1810 2379 1890 unusquisque
2414 1822 2635 1891 propria
2667 1821 2938 1891 corporis,
2967 1837 3089 1892 quae
3154 1822 3342 1892 gessit,
3375 1822 3494 1876 sive
3561 1821 3741 1876 bonum
3767 1821 3850 1874 sive

647 1911 852 1966 malum
875 1912 940 1964 '°.
980 1930 1000 1962 ι
1050 1911 1163 1967 Nos
1203 1912 1372 1983 igitur
1419 1912 1515 1982 qui
1555 1913 1770 1967 caeteris
1807 1913 2218 1984 Scripturarum
2257 1916 2633 1986 cognitionem
2700 1915 3174 1980 administramus,
3241 1931 3346 1970 nec
3383 1924 3567 1971 tamen
3598 1930 3682 1971 eas
3708 1913 3847 1983 exple-

649 2016 774 2058 mus
803 2017 992 2072 opere,
1023 2003 1198 2058 multo
1231 2019 1342 2073 prae
1376 2003 1584 2074 ignaris
1617 2003 1739 2058 istis
1803 2006 2048 2059 atrocius
2114 2013 2300 2060 manet
2332 2005 2638 2076 judicium,
2662 2006 2815 2075 juxta
2848 2006 3076 2061 verbum
3111 2005 3327 2059 Domini
3365 2005 3602 2061 dicentis
3640 2023 3654 2060 :
3698 2023 3714 2054 ι
3747 2003 3849 2069 Quia

649 2111 844 2152 servus
875 2096 970 2166 qui
1012 2095 1166 2150 novit
1198 2096 1538 2150 voluntatem
1575 2097 1784 2152 domini
1821 2097 1930 2160 sui,
1963 2113 2068 2153 nee
2097 2097 2229 2153 fecit
2266 2096 2576 2153 secundum
2628 2097 2810 2163 illam,
2846 2099 3130 2169 vapulabit
3210 2099 3403 2155 multis
3461 2101 3527 2153 ".
3568 2119 3588 2152 ι
3632 2098 3845 2154 Inducit;

655 2209 672 2240 ι
710 2187 794 2242 ΑΙ)
825 2187 975 2242 omni
1007 2187 1096 2242 cui
1128 2188 1361 2242 multum
1395 2187 1660 2243 donatum
1693 2197 1799 2253 est,
1827 2189 1952 2259 plus
1976 2196 2232 2259 repetent
2266 2187 2337 2244 ab
2363 2203 2434 2244 eo
2451 2189 2522 2244 ".
2553 2207 2572 2242 ι
2603 2188 2716 2260 Ipsi
2743 2189 2920 2260 gloria
2950 2189 3006 2243 in
3039 2187 3234 2244 saecula
3265 2189 3610 2244 saeculorum.
3638 2190 3795 2244 Amen.

1209 2300 1494 2356 IIOIIIILIA
1531 2301 1672 2356 XIX.

1199 2389 1277 2445 De
1310 2393 1681 2464 fornicatione.

721 2482 1130 2539 Fornicationis
1154 2482 1386 2538 aﬂcctus
1407 2485 1712 2540 multifidus
1735 2484 1958 2556 quidem
1985 2501 2052 2540 ex
2073 2485 2231 2540 fami-

651 2575 774 2630 liari
830 2574 1081 2629 cooritur
1129 2583 1187 2629 et
1237 2575 1413 2646 surgit
1464 2575 1758 2631 mulierum
1805 2578 2224 2633 consuetudine.

648 2666 811 2720 Nullo
836 2667 983 2720 enim
1010 2665 1232 2736 negotio
1259 2667 1592 2721 assentatrix
1620 2669 1710 2722 illa
1737 2679 1795 2722 et
1821 2669 1948 2723 illex
1973 2685 2231 2740 congres-

648 2761 732 2816 sio
774 2760 1092 2830 procaciutn
1127 2759 1442 2824 mulierum,
1473 2777 1532 2816 se
1572 2763 1814 2818 hominis
1849 2764 2044 2818 inserit
2075 2765 2228 2820 cordi

651 2853 940 2917 illecebra,
970 2853 1316 2908 veteratorire
1349 2854 1484 2908 artis
1521 2870 1784 2923 perquam
1827 2861 2008 2924 plena.
2039 2858 2228 2928 Neque

651 2945 706 3000 id
761 2944 993 3016 simplex
1044 2943 1280 3008 malum,
1324 2959 1448 2998 cum
1498 2943 1880 2999 fornicationis
1923 2945 2228 3002 daemonem

648 3037 924 3106 duplicem
957 3050 1078 3090 esse
1116 3043 1349 3090 constet.
1383 3036 1475 3090 Est
1505 3036 1651 3090 enim
1683 3037 1777 3106 qui
1807 3037 2074 3093 adversus
2103 3040 2228 3094 ani-

650 3144 817 3193 mam,
847 3135 930 3182 est
955 3137 1008 3182 et
1037 3127 1131 3197 qui
1167 3127 1458 3180 adversum
1495 3142 1700 3197 corpus
1732 3130 2033 3200 conspiret.
2065 3129 2229 3186 Istius

652 3220 730 3274 rei
768 3219 939 3289 gratia
973 3234 1112 3288 agon
1146 3219 1348 3288 duplex
1381 3219 1542 3274 nobis
1576 3221 1936 3292 excipiendus
1964 3223 2229 3280 adversus

652 3310 932 3380 impurum
961 3309 1128 3364 hunc.
1159 3310 1347 3381 Neque
1385 3311 1534 3366 enim
1577 3313 1900 3368 sustinendo
1935 3313 2064 3370 huic
2095 3331 2229 3369 con-

649 3401 823 3456 ﬂictui
878 3399 1011 3455 satis
1057 3401 1223 3456 fuerit
1269 3403 1556 3472 corporale
1606 3403 1910 3474 jejunium,
1955 3404 2134 3459 solbm
2184 3405 2229 3460 si

651 3493 828 3555 adsit,
873 3500 935 3546 ut
987 3492 1145 3548 hoste
1205 3492 1542 3563 triumphato
1597 3495 1924 3564 palmarium
1981 3493 2230 3566 reportes

653 3585 907 3656 perfecta:
935 3583 1250 3639 sobrietatis
1284 3593 1340 3639 et
1368 3585 1724 3642 castimoniae.
1755 3587 1974 3642 Etenim
2007 3603 2229 3642 necesse

653 3677 744 3741 sit,
773 3677 956 3732 adsint
986 3677 1069 3731 lue
1097 3676 1349 3741 comites,
1381 3677 1564 3732 cordis
1601 3679 1885 3744 contritio,
1910 3680 2228 3750 deprecatio

647 3756 894 3840 jugis'ad
923 3769 1116 3832 Deum,
1135 3769 1332 3822 'crebra
1360 3769 1648 3826 meditatio
1679 3769 2108 3840 Seripturarum.
2134 3773 2230 3826 llis

651 3860 824 3926 addc,
869 3859 1146 3924 laborem,
1191 3867 1254 3914 ct’
1296 3860 1637 3915 manuarium
1691 3857 2042 3916 industriam.
2086 3861 2228 3918 Sane

651 3962 884 4026 possunt
909 3951 1021 4006 haec
1053 3952 1448 4008 insolescentes
1473 3961 1637 4023 atque
1664 3953 2011 4023 importunus
2033 3955 2230 4008 anima:

654 4055 838 4100 motus
887 4045 1256 4114 supprimere.
1301 4044 1420 4099 Prae
1472 4044 1560 4099 his
1615 4043 1873 4100 omni-bus
1929 4045 2228 4115 plurimum

653 4136 817 4193 allert
843 4137 1202 4192 emolumenti
1235 4135 1431 4190 animae
1469 4151 1591 4190 sese
1629 4137 1942 4206 dejicientis
1969 4137 2229 4192 humilia-

655 4232 732 4286 tio
767 4248 781 4286 :
815 4247 922 4301 qua
957 4231 1096 4294 sine,
1128 4243 1240 4282 non
1275 4227 1717 4292 fornicationem,
1751 4244 1857 4282 non
1893 4229 2058 4282 ullam
2093 4229 2230 4283 alla-

657 4338 778 4376 rum
809 4321 1125 4391 passionum
1161 4320 1488 4390 pervincere
1524 4318 1648 4388 quis
1683 4319 1944 4387 potuerit.
1972 4319 2229 4391 Pervigili

657 4415 840 4484 itaque
884 4412 1135 4467 custodia
1177 4410 1570 4465 asservandum
1620 4425 1737 4474 cor,
1771 4427 1840 4464 ne
1882 4411 2013 4480 quid
2053 4411 2228 4466 insin-

655 4521 798 4560 cera:
855 4503 1206 4574 cogitationis
1271 4503 1481 4570 irrepat
1539 4502 1810 4556 alicunde.
1866 4501 2026 4558 Juxta
2083 4503 2230 4558 enim

655 4597 996 4655 Dominicam
1023 4611 1212 4650 vocem
1250 4611 1264 4647 :
1301 4613 1320 4644 ‹
1353 4594 1430 4647 Ex
1457 4594 1621 4648 corde
1646 4604 1849 4648 exeunt
1872 4595 2232 4664 cogitationes

656 4689 901 4744 make".
944 4706 963 4739 ι
1010 4686 1248 4742 Tametsi
1293 4685 1347 4738 in
1394 4695 1580 4739 nostra
1623 4687 1923 4754 repositum
1966 4696 2232 4756 potestate

654 4791 771 4848 est,
801 4781 961 4852 juxta
1001 4777 1251 4848 Apostoli
1299 4777 1662 4841 Sententiam,
1696 4785 1757 4831 ut
1805 4793 2034 4846 agonem
2086 4779 2234 4834 hunc

655 4875 1028 4931 sustineamus
1063 4871 1309 4942 legitime
1343 4878 1400 4924 et
1433 4883 1764 4924 coronemur
1787 4868 1830 4900 ³ο
1869 4886 1882 4923 :
1927 4871 1970 4924 si
2015 4873 2235 4940 quando

659 4979 841 5022 tamen
875 4963 1098 5020 dabitur
1129 4953 1395 5018 adversus
1425 4961 1575 5018 hunc
1611 4961 2028 5032 spurcissiinum
2061 4963 2234 5018 forni-
2266 4987 2316 5049 υ

656 5057 890 5114 eationis
923 5055 1200 5127 spiritum,
1225 5052 1511 5108 victricem
1541 5051 1778 5122 palmam
1809 5051 2086 5119 obtinere;
2121 5069 2232 5110 non

656 5166 725 5206 eo
771 5149 1085 5220 pertingere
1130 5162 1232 5201 nos
1273 5145 1516 5216 potuisse
1561 5145 1949 5200 confidendum
1996 5146 2234 5216 propriis

2940 2303 3160 2357 ΛΟΓΟΣ
3199 2299 3299 2357 ΙΘ’.

2879 2397 3021 2465 Περὶ
3047 2399 3349 2466 πορνείας.

2400 2486 2474 2542 Τὸ
2496 2487 2670 2552 πάθος
2692 2487 2794 2558 τῆς
2827 2491 3088 2559 πορνείας
3117 2491 3180 2542 τδ
3216 2490 3539 2559 πολυσχιδὲς
3568 2489 3626 2540 ἐκ
3650 2485 3731 2554 τῆς
3753 2499 3839 2536 συν-

2326 2582 2518 2656 τυχίας
2573 2579 2683 2634 τῶν
2720 2577 3024 2647 ’γυναικῶν
3087 2582 3470 2636 ἐπανίσταται.
3524 2579 3721 2650 Ῥᾳδίως
3760 2573 3836 2642 γὰρ

2329 2672 2708 2730 ἐναποτίθεται
2747 2674 2805 2725 ὲν
2835 2675 2900 2742 τῇ
2930 2673 3128 2743 καρδίᾳ
3169 2671 3262 2725 τοῦ
3307 2673 3590 2742 ἀνθρώπου
3617 2670 3701 2731 τὰς
3719 2667 3836 2720 κολι-

2332 2767 2590 2830 κιευτικὰς
2615 2765 2830 2836 ὁμιλίας
2859 2765 2968 2818 τῶν
3012 2765 3253 2818 σοόἁδων
3297 2765 3573 2834 γυναικῶν
3617 2763 3670 2815 τὸ
3709 2759 3834 2813 δεινὶν

2327 2860 2543 2932 δέλεαρ’
2575 2862 2636 2914 οὐ
2677 2861 2838 2930 μόνον
2871 2860 2926 2912 δὲ
2961 2858 3142 2925 τοῦτο,
3197 2859 3334 2912 ἀλλὰ
3387 2860 3480 2912 καὶ
3516 2854 3708 2917 διπλοῦς
3736 2850 3833 2904 καθ·

2330 2954 2562 3022 ἔστηκεν
2590 2955 2618 3006 ὁ
2650 2952 2752 3022 τῆς
2799 2953 3056 3017 πορνείας
3085 2950 3318 3022 δαίμων,
3353 2952 3414 3003 ἐν
3531 2951 3658 3019 ψυχῇ
3686 2947 3757 2999 καὶ
3777 2940 3830 3009 τῷ

2331 3041 2546 3113 σώματι
2598 3044 3010 3111 συνιστάμενος.
3065 3043 3176 3096 Καὶ
3232 3041 3433 3094 τούτου
3486 3045 3646 3112 χάριν,
3688 3035 3829 3100 διπλῆν

2330 3134 2453 3188 κατ’
2501 3132 2667 3188 αὑτοῦ
2717 3133 2824 3205 χρὴ
2871 3132 2972 3204 τὴν
3024 3132 3200 3202 πάλην
3249 3134 3621 3200 ἀναδέξασθαι.
3661 3129 3724 3182 Οὐ
3753 3125 3832 3192 γὸρ

2331 3223 2492 3295 ἱκανὴ
2543 3224 2778 3294 ὑπάρχει
2829 3225 2967 3295 μόνη
3025 3225 3119 3278 καὶ
3175 3227 3467 3294 σωματικὴ
3522 3221 3730 3293 νηστεία,
3769 3216 3831 3266 in

2331 3317 2601 3388 κτήσηται
2633 3335 2716 3381 τις
2763 3317 2978 3370 τελείαν
3026 3316 3410 3392 σωφροσύνην,
3451 3317 3539 3371 καὶ
3577 3313 3770 3382 ἁγνείαν,
3793 3309 3825 3360 εί

2334 3409 2410 3480 μὴ
2435 3408 2667 3480 καρδίας
2712 3409 2940 3478 γένηται
2981 3409 3344 3478 συντριμμδς,
3381 3409 3472 3462 καὶ
3507 3407 3625 3476 εὐχὴ
3661 3399 3826 3466 ἐκτενὴς

2332 3501 2466 3568 πρδς
2505 3499 2660 3562 Θεδν,
2705 3497 2800 3551 καὶ
2852 3497 2962 3550 τῶν
3018 3498 3252 3568 Γραφών
3306 3499 3489 3570 πυκνὴ
3539 3495 3721 3568 μελέτην
3758 3485 3824 3540 ἴδε

2333 3590 2577 3658 κάματος
2621 3587 2715 3641 καὶ
2763 3587 3103 3660 ὲργὸχειρον,
3157 3583 3302 3660 ἆπερ
3345 3591 3588 3644 δύνανται
3629 3585 3708 3646 τὰς
3732 3577 3824 3631 atd-

2337 3698 2496 3744 κτους
2553 3681 2651 3750 τῆς
2707 3677 2887 3750 ψυχῆς
2947 3681 3124 3751 ὁρμὰς
3177 3681 3502 3750 συστέλλειν.
3531 3677 3630 3748 Πρὸ
3658 3690 3704 3741 γε
3724 3669 3821 3720 πᾶν·

2335 3789 2441 3825 των
2516 3771 2886 3841 συμϐἁλλεται
2952 3772 3283 3834 ταπείνωσις
3353 3773 3565 3842 ψυχῆς,
3608 3763 3664 3837 ἧς
3702 3758 3822 3832 χωρῖἶ

2334 3863 2459 3918 οὔτε
2499 3863 2778 3934 πορνείας,
2822 3862 2943 3916 οὔτε
2979 3862 3088 3916 τῶν
3124 3863 3299 3916 ἄλλων
3339 3863 3526 3916 παθῶν
3563 3851 3821 3913 δῦνατιιὶτις

2335 3955 2745 4026 περιγενέσοαι.
2777 3957 2897 4025 Χρὴ
2935 3955 2992 4008 δὲ
3023 3955 3081 4006 τὸ
3113 3955 3212 4024 τὴν
3243 3956 3470 4026 καρδίαν
3497 3955 3628 4020 πάσῃ
3665 3938 3817 4014 quin:

2334 4053 2526 4121 τηρεῖν
2566 4049 2676 4102 ἀπὸ
2705 4041 2973 4118 ’ῥυπαρῶν
3023 4045 3318 4116 λογισμῶν.
3353 4065 3371 4097 ι
3415 4047 3503 4098 Ἐκ
3546 4047 3638 4110 γὰρ
3674 4033 3818 4096 ταύτης

2336 4141 2672 4211 ἐξέρχονται,
2707 4139 2846 4191 κατὰ
2870 4138 2966 4207 τὴν
2987 4136 3080 4190 τοῦ
3107 4137 3312 4206 Κυρίου
3340 4138 3536 4206 φωνὴν,
3560 4119 3817 4194 διαλογισμΟἱ

2338 4233 2584 4304 πονηροί.
2619 4251 2638 4284 ι
2673 4233 2735 4284 El
2764 4226 2857 4284 οὖν
2902 4231 3050 4283 ἐστιν
3100 4231 3231 4300 ἡμῖν
3275 4232 3416 4282 κατὰ
3459 4229 3540 4281 τὸν
3575 4213 3816 4304 ’Δπόπτοὶογ

2337 4324 2584 4392 νομίμως
2617 4319 2846 4390 ἀθλῆσαι
2891 4319 2987 4372 καὶ
3025 4318 3454 4388 στεφανωθῆναι,
3494 4316 3758 4382 νικήσαντας
3777 4299 3815 4348 τδ

2336 4414 2649 4482 ἀκάθαρτον
2693 4411 2910 4480 πνεῦμα
2958 4410 3057 4478 τῆς
3104 4409 3382 4478 πορνεία,,
3431 4409 3500 4478 μὴ
3543 4406 3596 4472 τῇ
3639 4395 3813 4468 ἡμετέέἓ

2336 4504 2612 4574 δυνάμειῆ
2643 4503 2873 4572 ἀσκήσει
2908 4502 3292 4573 θαρρήσωμεν,
3322 4501 3454 4554 ἀλλὰ
3492 4500 3551 4566 τῇ
3577 4489 3811 4574 10-353m-

2339 4611 2430 4648 του
2470 4592 2604 4645 θεοῦ
2637 4591 2880 4663 βοηθείᾳ.
2917 4593 2990 4644 Οὐ
3023 4592 3254 4645 παύεται
3288 4594 3398 4662 γὰρ
3423 4590 3671 4658 ἄνθρωπος

2343 4687 2610 4755 μούμενος
2669 4683 2809 4753 ὑπὲρ
2865 4681 2960 4735 τοῦ
3017 4683 3323 4753 πνεύματος
3360 4682 3555 4742 τούτου,
3592 4676 3676 4731 ἕως
3699 4658 3741 4719 οὗ
3774 4675 3810 4708 εν

2339 4775 2569 4845 ἀληθείᾳ
2592 4775 2883 4846 πιστεύσῃ,
2911 4774 2994 4826 ὅτι
3016 4774 3136 4843 οὐχὶ
3163 4775 3266 4844 ἰδίᾳ
3287 4773 3504 4840 σπουδῇ.
3527 4766 3606 4820 καὶ
3633 4757 3806 4826 καμάτῳ.

2341 4867 2476 4922 ἀλλὰ
2505 4871 2570 4937 τῇ
2602 4866 2696 4920 τοῦ
2741 4865 2878 4918 Θεοῦ
2922 4867 3097 4936 σκέπῃ
3133 4865 3228 4918 καὶ¹
3265 4863 3479 4934 βοηθείᾳ
3505 4851 3806 4944 ἀπαλλάττετξι

2342 4960 2440 5026 τῆς
2467 4959 2622 5012 νόσου
2657 4959 2879 5029 ταύτης.
2929 4957 3108 5012 Καλὸν
3157 4957 3252 5010 οὖν
3296 4961 3440 5010 ἐστιν
3477 4955 3549 5014 εἰς
3581 4945 3806 5032 dmi???

2339 5052 2436 5108 τοῦ
2469 5051 2738 5118 ἐναντίου,
2769 5053 2864 5106 καὶ
2906 5049 3130 5120 ἁγνείαν
3163 5048 3433 5119 σώματος,
3465 5043 3558 5115 πρὸ
3586 5038 3716 5090 ὕπνου
3746 5026 3806 5074 ἐπι

2341 5144 2528 5214 κοίτης
2555 5143 2635 5207 τὸ,

658 5211 871 5300 viribus
918 5211 1014 5298 aut
1059 5211 1360 5295 monastiea
1441 5237 1872 5302 exercitatione,
1916 5211 2011 5294 sed
2061 5211 2280 5294 Domini
2321 5211 2544 5294 auxilio.
2577 5233 2804 5304 .Neque
2849 5233 2997 5288 enim
3040 5231 3251 5287 homini
3300 5225 3549 5298 contingit
3583 5211 3799 5312 reql'lc'f’f

658 5355 782 5398 esse
811 5337 881 5394 ab
911 5334 1326 5407 impugnatione
1359 5331 1520 5387 istius
1550 5330 1754 5402 impuri
1788 5332 2038 5402 spiritus,
2067 5332 2244 5389 donec
2278 5331 2565 5389 verissime
2635 5327 2935 5383 crediderit
3003 5341 3062 5381 se
3091 5325 3246 5379 nullo
3276 5331 3450 5395 pacto,
3472 5325 3556 5370 aut
3582 5305 3719 5407 studio

659 5397 944 5489 laboribus
991 5397 1238 5500 propriis
1324 5424 1542 5496 1056
1630 5397 1972 5496 emancipari
2025 5397 2190 5496 posse
2246 5426 2316 5480 ab
2352 5422 2624 5497 ejusmodi
2675 5420 2908 5486 morbo,
2948 5420 3043 5476 sed
3097 5419 3191 5476 Dei
3244 5420 3414 5474 solum
3461 5397 3796 5500 protectura-fc

661 5524 941 5597 prmsidio.
972 5521 1093 5578 Non
1129 5520 1298 5592 igitur
1325 5519 1529 5574 malum
1560 5519 1728 5575 fuerit
1755 5519 1821 5574 ad
1856 5519 2236 5590 depulsionem
2273 5518 2594 5580 adversarii,
2623 5514 2982 5585 corpori-sque
3017 5512 3275 5567 tuendam
3343 5507 3630 5568 castitatem.

3675 5483 3793 5555 pritts-

659 5633 826 5690 quam
850 5631 947 5671 vos
975 5627 1140 5684 sopor
1165 5620 1400 5684 premat,
1429 5611 1572 5666 hanc
1599 5619 1659 5666 ut
1683 5611 1748 5666 ad
1781 5613 1952 5667 Deum
1983 5612 2284 5668 ell‘undatis
2313 5614 2367 5666 in
2400 5611 2569 5666 cubili
2602 5609 2910 5664 orationem
2941 5623 2954 5659 :

1288 5727 1331 5759 "
1354 5725 1526 5781 Eccli.
1551 5741 1625 5789 Ix,
1650 5727 1704 5781 4.
1779 5725 1826 5757 ὀ
1847 5725 1953 5780 Isa.
1979 5743 2060 5788 nt,
2089 5727 2172 5780 16.

1445 5795 1490 5828 ⁸⁸
1513 5795 1556 5850 ιι
1584 5795 1710 5850 Cor.
1729 5811 1780 5859 ν,
1807 5795 1890 5850 Ιθ.

734 5730 779 5760 ⁸⁸
799 5729 960 5784 Prov.
987 5743 1133 5788 xxxi,
1154 5727 1208 5780 3.

658 5816 735 5854 νιι
777 5797 867 5850 27.
943 5798 988 5828 "
1014 5796 1192 5849 Eccle.
1217 5812 1290 5860 ιι,
1313 5795 1364 5859 9,

661 5883 725 5936 It,
744 5866 798 5921 δ.

2249 5726 2292 5756 ²¹
2318 5724 2452 5780 ibid.
2473 5726 2556 5781 l8.

1970 5798 2012 5829 ”
2037 5796 2172 5851 an.
2197 5811 2292 5862 ιιι,
2318 5795 2406 5851 47.

2635 5723 2681 5754 ’³
2705 5721 2875 5777 Eccli.
2900 5735 2976 5779 ix,
3000 5718 3050 5772 5.
3126 5713 3356 5770 "Eecli.
3394 5713 3568 5779 xm}.-

2484 5769 2875 5848 ii'ibidfi's'"
2902 5769 3308 5844 ’ἀΐιιξιιιιιὶνζ
3351 5782 3431 5836 ts.
3499 5769 3573 5821 ³⁸1
