  <div class='ocr_page' id='page_1' title='image "/cluster/home/n/w/nwhite01/storage/ocr_20150623/89/pst.000005712953/752.png"; bbox 0 0 4054 6312; ppageno 0'>
   <div class='ocr_carea' id='block_1_1' title="bbox 315 281 454 344">
    <p class='ocr_par' dir='ltr' id='par_1_1' title="bbox 315 281 454 344">
     <span class='ocr_line' id='line_1_1' title="bbox 315 281 454 344; baseline 0 0"><span class='ocrx_word' id='word_1_1' title='bbox 315 281 454 344; x_wconf 65' lang='grc'><strong>1439</strong></span> 
     </span>
    </p>
   </div>
   <div class='ocr_carea' id='block_1_2' title="bbox 314 485 1890 558">
    <p class='ocr_par' dir='ltr' id='par_1_2' title="bbox 314 485 1890 558">
     <span class='ocr_line' id='line_1_2' title="bbox 314 485 1890 558; baseline -0.002 -18"><span class='ocrx_word' id='word_1_2' title='bbox 314 503 398 540; x_wconf 88' lang='grc' dir='ltr'><strong>σιν</strong></span> <span class='ocrx_word' id='word_1_3' title='bbox 428 485 702 556; x_wconf 75' lang='grc' dir='ltr'>σώματος,</span> <span class='ocrx_word' id='word_1_4' title='bbox 735 489 829 541; x_wconf 68' lang='grc' dir='ltr'><strong>καὶ</strong></span> <span class='ocrx_word' id='word_1_5' title='bbox 856 488 1181 557; x_wconf 78' lang='grc' dir='ltr'>διαφύλαξον</span> <span class='ocrx_word' id='word_1_6' title='bbox 1210 490 1361 558; x_wconf 77' lang='grc' dir='ltr'><strong>ἡμᾶς</strong></span> <span class='ocrx_word' id='word_1_7' title='bbox 1391 488 1501 540; x_wconf 66' lang='grc' dir='ltr'><strong>ἀπ’)</strong></span> <span class='ocrx_word' id='word_1_8' title='bbox 1530 487 1624 540; x_wconf 78' lang='grc' dir='ltr'>τοῦ</span> <span class='ocrx_word' id='word_1_9' title='bbox 1657 486 1890 557; x_wconf 69' lang='grc' dir='ltr'>ζοφεροῦ</span> 
     </span>
    </p>
   </div>
   <div class='ocr_carea' id='block_1_3' title="bbox 311 576 1893 649">
    <p class='ocr_par' dir='ltr' id='par_1_3' title="bbox 311 576 1893 649">
     <span class='ocr_line' id='line_1_3' title="bbox 311 576 1893 649; baseline 0 -18"><span class='ocrx_word' id='word_1_10' title='bbox 311 576 482 631; x_wconf 77' lang='grc' dir='ltr'>ὕπνου</span> <span class='ocrx_word' id='word_1_11' title='bbox 514 581 613 647; x_wconf 84' lang='grc' dir='ltr'><strong>τῆς</strong></span> <span class='ocrx_word' id='word_1_12' title='bbox 653 579 963 649; x_wconf 80' lang='grc' dir='ltr'>ἁμαρτίας·</span> <span class='ocrx_word' id='word_1_13' title='bbox 1014 580 1173 648; x_wconf 77' lang='grc' dir='ltr'>ρύσαι</span> <span class='ocrx_word' id='word_1_14' title='bbox 1209 582 1359 647; x_wconf 75' lang='grc' dir='ltr'>ἡμᾶς</span> <span class='ocrx_word' id='word_1_15' title='bbox 1407 579 1514 634; x_wconf 79' lang='grc' dir='ltr'><strong>ἀπὸ</strong></span> <span class='ocrx_word' id='word_1_16' title='bbox 1556 579 1759 642; x_wconf 76' lang='grc' dir='ltr'>παντὸς</span> <span class='ocrx_word' id='word_1_17' title='bbox 1795 596 1893 647; x_wconf 82' lang='grc' dir='ltr'><strong>μο-</strong></span> 
     </span>
    </p>
   </div>
   <div class='ocr_carea' id='block_1_4' title="bbox 312 669 1894 742">
    <p class='ocr_par' dir='ltr' id='par_1_4' title="bbox 312 669 1894 742">
     <span class='ocr_line' id='line_1_4' title="bbox 312 669 1894 742; baseline 0.003 -22"><span class='ocrx_word' id='word_1_18' title='bbox 312 669 521 741; x_wconf 85' lang='grc' dir='ltr'>λυσμοῦ</span> <span class='ocrx_word' id='word_1_19' title='bbox 554 671 755 735; x_wconf 79' lang='grc' dir='ltr'>σαρκὸς</span> <span class='ocrx_word' id='word_1_20' title='bbox 780 672 875 725; x_wconf 77' lang='grc' dir='ltr'><strong>καὶ</strong></span> <span class='ocrx_word' id='word_1_21' title='bbox 910 672 1243 741; x_wconf 82' lang='grc' dir='ltr'>πνεύματος.</span> <span class='ocrx_word' id='word_1_22' title='bbox 1273 673 1372 736; x_wconf 81' lang='grc' dir='ltr'>Δὸς</span> <span class='ocrx_word' id='word_1_23' title='bbox 1418 674 1549 742; x_wconf 70' lang='grc' dir='ltr'>ἡμῖν</span> <span class='ocrx_word' id='word_1_24' title='bbox 1581 672 1894 739; x_wconf 74' lang='grc' dir='ltr'><strong>ἁγιωσύνην</strong></span> 
     </span>
    </p>
   </div>
   <div class='ocr_carea' id='block_1_5' title="bbox 309 761 1893 833">
    <p class='ocr_par' dir='ltr' id='par_1_5' title="bbox 309 761 1893 833">
     <span class='ocr_line' id='line_1_5' title="bbox 309 761 1893 833; baseline 0 -20"><span class='ocrx_word' id='word_1_25' title='bbox 309 762 371 814; x_wconf 87' lang='grc' dir='ltr'><strong>ἐν</strong></span> <span class='ocrx_word' id='word_1_26' title='bbox 404 763 556 831; x_wconf 75' lang='grc' dir='ltr'>φόϐῳ</span> <span class='ocrx_word' id='word_1_27' title='bbox 586 779 675 815; x_wconf 84' lang='grc' dir='ltr'><strong>σου</strong></span> <span class='ocrx_word' id='word_1_28' title='bbox 700 778 713 791; x_wconf 88' lang='grc'><strong>·</strong></span> <span class='ocrx_word' id='word_1_29' title='bbox 749 764 844 815; x_wconf 64' lang='grc' dir='ltr'><strong>καλ⁸</strong></span> <span class='ocrx_word' id='word_1_30' title='bbox 874 763 1035 833; x_wconf 80' lang='grc' dir='ltr'>ρύσαι</span> <span class='ocrx_word' id='word_1_31' title='bbox 1074 764 1222 833; x_wconf 75' lang='grc' dir='ltr'>ἡμᾶς</span> <span class='ocrx_word' id='word_1_32' title='bbox 1251 764 1357 815; x_wconf 77' lang='grc' dir='ltr'>ἀπὸ</span> <span class='ocrx_word' id='word_1_33' title='bbox 1390 764 1571 833; x_wconf 80' lang='grc' dir='ltr'><strong>πάσης</strong></span> <span class='ocrx_word' id='word_1_34' title='bbox 1609 761 1893 830; x_wconf 75' lang='grc' dir='ltr'>σκοτεινῆς</span> 
     </span>
    </p>
   </div>
   <div class='ocr_carea' id='block_1_6' title="bbox 314 852 1894 924">
    <p class='ocr_par' dir='ltr' id='par_1_6' title="bbox 314 852 1894 924">
     <span class='ocr_line' id='line_1_6' title="bbox 314 852 1894 924; baseline -0.001 -19"><span class='ocrx_word' id='word_1_35' title='bbox 314 853 406 906; x_wconf 68' lang='grc' dir='ltr'><strong>καὶ</strong></span> <span class='ocrx_word' id='word_1_36' title='bbox 442 854 762 922; x_wconf 79' lang='grc' dir='ltr'><strong>νυκτερινῆς</strong></span> <span class='ocrx_word' id='word_1_37' title='bbox 791 854 1151 922; x_wconf 80' lang='grc' dir='ltr'>ἡδυπαθείας.</span> <span class='ocrx_word' id='word_1_38' title='bbox 1198 854 1415 907; x_wconf 81' lang='grc' dir='ltr'>Παῦσον</span> <span class='ocrx_word' id='word_1_39' title='bbox 1444 854 1542 916; x_wconf 75' lang='grc' dir='ltr'>τὰς</span> <span class='ocrx_word' id='word_1_40' title='bbox 1573 854 1748 924; x_wconf 73' lang='grc' dir='ltr'>ὁρμὰς</span> <span class='ocrx_word' id='word_1_41' title='bbox 1784 852 1894 904; x_wconf 83' lang='grc' dir='ltr'><strong>τῶν</strong></span> 
     </span>
    </p>
   </div>
   <div class='ocr_carea' id='block_1_7' title="bbox 312 944 1893 1016">
    <p class='ocr_par' dir='ltr' id='par_1_7' title="bbox 312 944 1893 1016">
     <span class='ocr_line' id='line_1_7' title="bbox 312 944 1893 1016; baseline -0.001 -19"><span class='ocrx_word' id='word_1_42' title='bbox 312 944 504 997; x_wconf 83' lang='grc' dir='ltr'>παθῶν</span> <span class='ocrx_word' id='word_1_43' title='bbox 530 960 542 975; x_wconf 87' lang='grc'><strong>·</strong></span> <span class='ocrx_word' id='word_1_44' title='bbox 576 945 767 996; x_wconf 75' lang='grc' dir='ltr'>σϐέσον</span> <span class='ocrx_word' id='word_1_45' title='bbox 794 944 893 1015; x_wconf 81' lang='grc' dir='ltr'>τὴν</span> <span class='ocrx_word' id='word_1_46' title='bbox 919 944 1011 998; x_wconf 81' lang='grc' dir='ltr'><strong>τού</strong></span> <span class='ocrx_word' id='word_1_47' title='bbox 1058 946 1309 1015; x_wconf 81' lang='grc' dir='ltr'>σώματος</span> <span class='ocrx_word' id='word_1_48' title='bbox 1353 944 1599 1016; x_wconf 84' lang='grc' dir='ltr'>πύρωσιν</span> <span class='ocrx_word' id='word_1_49' title='bbox 1617 961 1628 973; x_wconf 91' lang='grc'><strong>·</strong></span> <span class='ocrx_word' id='word_1_50' title='bbox 1663 947 1763 1007; x_wconf 74' lang='grc' dir='ltr'><strong>τὰς</strong></span> <span class='ocrx_word' id='word_1_51' title='bbox 1791 948 1893 1014; x_wconf 74' lang='grc' dir='ltr'><strong>τῆς</strong></span> 
     </span>
    </p>
   </div>
   <div class='ocr_carea' id='block_1_8' title="bbox 313 1036 1894 1105">
    <p class='ocr_par' dir='ltr' id='par_1_8' title="bbox 313 1036 1894 1105">
     <span class='ocr_line' id='line_1_8' title="bbox 313 1036 1894 1105; baseline -0.001 -14"><span class='ocrx_word' id='word_1_52' title='bbox 313 1037 516 1105; x_wconf 70' lang='grc' dir='ltr'>ςαρκδς</span> <span class='ocrx_word' id='word_1_53' title='bbox 571 1036 973 1100; x_wconf 80' lang='grc' dir='ltr'>ἐπαναστάσεις</span> <span class='ocrx_word' id='word_1_54' title='bbox 1038 1039 1416 1105; x_wconf 73' lang='grc' dir='ltr'>κατὰργησονο</span> <span class='ocrx_word' id='word_1_55' title='bbox 1476 1036 1545 1089; x_wconf 72' lang='grc' dir='ltr'><strong>τὰ</strong></span> <span class='ocrx_word' id='word_1_56' title='bbox 1602 1037 1894 1105; x_wconf 77' lang='grc' dir='ltr'>σωματικᾶ</span> 
     </span>
    </p>
   </div>
   <div class='ocr_carea' id='block_1_9' title="bbox 315 1125 1895 1199">
    <p class='ocr_par' dir='ltr' id='par_1_9' title="bbox 315 1125 1895 1199">
     <span class='ocr_line' id='line_1_9' title="bbox 315 1125 1895 1199; baseline 0 -18"><span class='ocrx_word' id='word_1_57' title='bbox 315 1126 486 1196; x_wconf 78' lang='grc' dir='ltr'>πάθη,</span> <span class='ocrx_word' id='word_1_58' title='bbox 536 1127 635 1197; x_wconf 83' lang='grc' dir='ltr'>τῆς</span> <span class='ocrx_word' id='word_1_59' title='bbox 664 1145 722 1180; x_wconf 88' lang='grc' dir='ltr'><strong>τε</strong></span> <span class='ocrx_word' id='word_1_60' title='bbox 755 1128 958 1195; x_wconf 70' lang='grc' dir='ltr'>σαρκὸς</span> <span class='ocrx_word' id='word_1_61' title='bbox 1003 1127 1072 1181; x_wconf 71' lang='grc' dir='ltr'>τὰ</span> <span class='ocrx_word' id='word_1_62' title='bbox 1103 1130 1427 1199; x_wconf 81' lang='grc' dir='ltr'>φρονήματα</span> <span class='ocrx_word' id='word_1_63' title='bbox 1476 1128 1728 1197; x_wconf 83' lang='grc' dir='ltr'>κοίμισον</span> <span class='ocrx_word' id='word_1_64' title='bbox 1751 1145 1763 1158; x_wconf 74' lang='grc' dir='ltr'><strong>ο</strong></span> <span class='ocrx_word' id='word_1_65' title='bbox 1794 1125 1895 1181; x_wconf 84' lang='grc' dir='ltr'><strong>δώ-</strong></span> 
     </span>
    </p>
   </div>
   <div class='ocr_carea' id='block_1_10' title="bbox 318 1218 1895 1290">
    <p class='ocr_par' dir='ltr' id='par_1_10' title="bbox 318 1218 1895 1290">
     <span class='ocr_line' id='line_1_10' title="bbox 318 1218 1895 1290; baseline 0.001 -20"><span class='ocrx_word' id='word_1_66' title='bbox 318 1236 483 1290; x_wconf 86' lang='grc' dir='ltr'>ρησαι</span> <span class='ocrx_word' id='word_1_67' title='bbox 532 1221 685 1290; x_wconf 79' lang='grc' dir='ltr'>ἡμῖν,</span> <span class='ocrx_word' id='word_1_68' title='bbox 713 1220 740 1272; x_wconf 80' lang='grc' dir='ltr'><strong>ό</strong></span> <span class='ocrx_word' id='word_1_69' title='bbox 784 1220 939 1283; x_wconf 76' lang='grc' dir='ltr'>Θεὸς,</span> <span class='ocrx_word' id='word_1_70' title='bbox 970 1220 1427 1290; x_wconf 43' lang='grc' dir='ltr'>γρήγορονςνοῦν,</span> <span class='ocrx_word' id='word_1_71' title='bbox 1464 1218 1716 1290; x_wconf 70' lang='grc' dir='ltr'>σώφρονα</span> <span class='ocrx_word' id='word_1_72' title='bbox 1749 1219 1895 1287; x_wconf 84' lang='grc' dir='ltr'>λογι-</span> 
     </span>
    </p>
   </div>
   <div class='ocr_carea' id='block_1_11' title="bbox 314 1307 1895 1378">
    <p class='ocr_par' dir='ltr' id='par_1_11' title="bbox 314 1307 1895 1378">
     <span class='ocr_line' id='line_1_11' title="bbox 314 1307 1895 1378; baseline 0.001 -19"><span class='ocrx_word' id='word_1_73' title='bbox 314 1308 477 1376; x_wconf 73' lang='grc' dir='ltr'>σμὸν,</span> <span class='ocrx_word' id='word_1_74' title='bbox 512 1307 739 1375; x_wconf 84' lang='grc' dir='ltr'>καρδίαν</span> <span class='ocrx_word' id='word_1_75' title='bbox 774 1310 1066 1378; x_wconf 78' lang='grc' dir='ltr'>νήφουσαν,</span> <span class='ocrx_word' id='word_1_76' title='bbox 1104 1307 1271 1361; x_wconf 79' lang='grc' dir='ltr'>ὕπνον</span> <span class='ocrx_word' id='word_1_77' title='bbox 1300 1309 1557 1378; x_wconf 63' lang='grc' dir='ltr'>ἐλαφρὸν,</span> <span class='ocrx_word' id='word_1_78' title='bbox 1593 1309 1686 1360; x_wconf 69' lang='grc' dir='ltr'><strong>καὶ</strong></span> <span class='ocrx_word' id='word_1_79' title='bbox 1714 1308 1895 1377; x_wconf 81' lang='grc' dir='ltr'><strong>πάσης</strong></span> 
     </span>
    </p>
   </div>
   <div class='ocr_carea' id='block_1_12' title="bbox 313 1396 1893 1470">
    <p class='ocr_par' dir='ltr' id='par_1_12' title="bbox 313 1396 1893 1470">
     <span class='ocr_line' id='line_1_12' title="bbox 313 1396 1893 1470; baseline 0.003 -23"><span class='ocrx_word' id='word_1_80' title='bbox 313 1396 618 1465; x_wconf 79' lang='grc' dir='ltr'>σατανικῆς</span> <span class='ocrx_word' id='word_1_81' title='bbox 645 1399 948 1465; x_wconf 76' lang='grc' dir='ltr'>φαντασίας</span> <span class='ocrx_word' id='word_1_82' title='bbox 990 1398 1445 1469; x_wconf 73' lang='grc' dir='ltr'>ἀπηλλαγμένον·</span> <span class='ocrx_word' id='word_1_83' title='bbox 1480 1400 1573 1452; x_wconf 73' lang='grc' dir='ltr'><strong>καὶ</strong></span> <span class='ocrx_word' id='word_1_84' title='bbox 1619 1400 1893 1470; x_wconf 77' lang='grc' dir='ltr'>ἐξέγειρον</span> 
     </span>
    </p>
   </div>
   <div class='ocr_carea' id='block_1_13' title="bbox 312 1489 1892 1561">
    <p class='ocr_par' dir='ltr' id='par_1_13' title="bbox 312 1489 1892 1561">
     <span class='ocr_line' id='line_1_13' title="bbox 312 1489 1892 1561; baseline 0.001 -19"><span class='ocrx_word' id='word_1_85' title='bbox 312 1491 461 1559; x_wconf 73' lang='grc' dir='ltr'>ἡμᾶς</span> <span class='ocrx_word' id='word_1_86' title='bbox 493 1490 629 1559; x_wconf 67' lang='grc' dir='ltr'>πρὸς</span> <span class='ocrx_word' id='word_1_87' title='bbox 653 1489 752 1553; x_wconf 79' lang='grc' dir='ltr'>τὰς</span> <span class='ocrx_word' id='word_1_88' title='bbox 781 1489 1102 1558; x_wconf 78' lang='grc' dir='ltr'>νυκτερινὰς</span> <span class='ocrx_word' id='word_1_89' title='bbox 1138 1492 1229 1543; x_wconf 76' lang='grc' dir='ltr'><strong>καὶ</strong></span> <span class='ocrx_word' id='word_1_90' title='bbox 1276 1489 1505 1553; x_wconf 77' lang='grc' dir='ltr'><strong>ἑωθινὰς</strong></span> <span class='ocrx_word' id='word_1_91' title='bbox 1530 1490 1892 1561; x_wconf 79' lang='grc' dir='ltr'><strong>λειτουργίας.</strong></span> 
     </span>
    </p>
   </div>
   <div class='ocr_carea' id='block_1_14' title="bbox 313 1579 1893 1651">
    <p class='ocr_par' dir='ltr' id='par_1_14' title="bbox 313 1579 1893 1651">
     <span class='ocr_line' id='line_1_14' title="bbox 313 1579 1893 1651; baseline 0.001 -18"><span class='ocrx_word' id='word_1_92' title='bbox 313 1579 615 1649; x_wconf 83' lang='grc' dir='ltr'>Παννύχιον</span> <span class='ocrx_word' id='word_1_93' title='bbox 663 1584 796 1649; x_wconf 77' lang='grc' dir='ltr'>ἡμῖν</span> <span class='ocrx_word' id='word_1_94' title='bbox 849 1582 947 1651; x_wconf 74' lang='grc' dir='ltr'><strong>τὴν</strong></span> <span class='ocrx_word' id='word_1_95' title='bbox 998 1582 1099 1650; x_wconf 76' lang='grc' dir='ltr'><strong>σὴν</strong></span> <span class='ocrx_word' id='word_1_96' title='bbox 1152 1581 1459 1649; x_wconf 83' lang='grc' dir='ltr'>δοξολογίαν</span> <span class='ocrx_word' id='word_1_97' title='bbox 1514 1583 1763 1651; x_wconf 86' lang='grc' dir='ltr'>χάρισαι,</span> <span class='ocrx_word' id='word_1_98' title='bbox 1799 1581 1893 1635; x_wconf 79' lang='grc' dir='ltr'><strong>τοῦ</strong></span> 
     </span>
    </p>
   </div>
   <div class='ocr_carea' id='block_1_15' title="bbox 314 1670 1891 1745">
    <p class='ocr_par' dir='ltr' id='par_1_15' title="bbox 314 1670 1891 1745">
     <span class='ocr_line' id='line_1_15' title="bbox 314 1670 1891 1745; baseline 0.004 -25"><span class='ocrx_word' id='word_1_99' title='bbox 314 1670 505 1739; x_wconf 78' lang='grc' dir='ltr'>ὑμνεῖν</span> <span class='ocrx_word' id='word_1_100' title='bbox 534 1670 595 1723; x_wconf 83' lang='grc' dir='ltr'><strong>τὸ</strong></span> <span class='ocrx_word' id='word_1_101' title='bbox 628 1672 1046 1742; x_wconf 83' lang='grc' dir='ltr'>μεγαλοπρεπὲς</span> <span class='ocrx_word' id='word_1_102' title='bbox 1076 1673 1247 1741; x_wconf 72' lang='grc' dir='ltr'>ὄνομα</span> <span class='ocrx_word' id='word_1_103' title='bbox 1275 1690 1392 1734; x_wconf 86' lang='grc' dir='ltr'>σου,</span> <span class='ocrx_word' id='word_1_104' title='bbox 1410 1672 1504 1726; x_wconf 80' lang='grc' dir='ltr'><strong>τοῦ</strong></span> <span class='ocrx_word' id='word_1_105' title='bbox 1533 1674 1768 1745; x_wconf 73' lang='grc' dir='ltr'>Πατρός,</span> <span class='ocrx_word' id='word_1_106' title='bbox 1798 1674 1891 1726; x_wconf 76' lang='grc' dir='ltr'>τοῦ</span> 
     </span>
    </p>
   </div>
   <div class='ocr_carea' id='block_1_16' title="bbox 1264 282 2643 346">
    <p class='ocr_par' dir='ltr' id='par_1_16' title="bbox 1264 282 2643 346">
     <span class='ocr_line' id='line_1_16' title="bbox 1264 282 2643 346; baseline -0.001 0"><span class='ocrx_word' id='word_1_107' title='bbox 1264 284 1592 346; x_wconf 81' lang='lat' dir='ltr'><strong>HOMILIA</strong></span> <span class='ocrx_word' id='word_1_108' title='bbox 1627 283 1790 344; x_wconf 80' lang='lat' dir='ltr'>XIX.</span> <span class='ocrx_word' id='word_1_109' title='bbox 1816 307 1887 317; x_wconf 90' lang='grc'><strong><em>-</em></strong></span> <span class='ocrx_word' id='word_1_110' title='bbox 1915 283 2012 342; x_wconf 83' lang='lat' dir='ltr'><strong>DE</strong></span> <span class='ocrx_word' id='word_1_111' title='bbox 2053 282 2643 345; x_wconf 76' lang='lat' dir='ltr'><strong>FORNICATIONE.</strong></span> 
     </span>
    </p>
   </div>
   <div class='ocr_carea' id='block_1_17' title="bbox 389 394 1967 465">
    <p class='ocr_par' dir='ltr' id='par_1_17' title="bbox 389 394 1967 465">
     <span class='ocr_line' id='line_1_17' title="bbox 389 394 1967 465; baseline 0 -19"><span class='ocrx_word' id='word_1_112' title='bbox 389 415 407 446; x_wconf 77' lang='grc' dir='ltr'><strong>ι</strong></span> <span class='ocrx_word' id='word_1_113' title='bbox 432 395 531 456; x_wconf 67' lang='grc' dir='ltr'><strong>Δὸς</strong></span> <span class='ocrx_word' id='word_1_114' title='bbox 564 396 694 465; x_wconf 43' lang='grc' dir='ltr'><strong>ἡμῖν</strong></span> <span class='ocrx_word' id='word_1_115' title='bbox 739 396 1007 459; x_wconf 79' lang='grc' dir='ltr'>Δέσποτα,</span> <span class='ocrx_word' id='word_1_116' title='bbox 1039 396 1116 459; x_wconf 80' lang='grc' dir='ltr'><strong>είς</strong></span> <span class='ocrx_word' id='word_1_117' title='bbox 1146 396 1312 448; x_wconf 74' lang='grc' dir='ltr'>ὕπνον</span> <span class='ocrx_word' id='word_1_118' title='bbox 1342 394 1619 459; x_wconf 81' lang='grc' dir='ltr'>ἀπιοῦσιν,</span> <span class='ocrx_word' id='word_1_119' title='bbox 1650 395 1896 449; x_wconf 79' lang='grc' dir='ltr'>ἀνάπαυ-</span> <span class='ocrx_word' id='word_1_120' title='bbox 1928 406 1967 459; x_wconf 74' lang='grc' dir='ltr'>Α</span> 
     </span>
    </p>
   </div>
   <div class='ocr_carea' id='block_1_18' title="bbox 3394 281 3569 346">
    <p class='ocr_par' dir='ltr' id='par_1_18' title="bbox 3394 281 3569 346">
     <span class='ocr_line' id='line_1_18' title="bbox 3394 281 3569 346; baseline 0 -1"><span class='ocrx_word' id='word_1_121' title='bbox 3394 296 3405 303; x_wconf 91' lang='grc'><em>’</em></span> <span class='ocrx_word' id='word_1_122' title='bbox 3437 281 3569 346; x_wconf 70' lang='grc'><strong>1498</strong></span> 
     </span>
    </p>
   </div>
   <div class='ocr_carea' id='block_1_19' title="bbox 2076 391 3573 465">
    <p class='ocr_par' dir='ltr' id='par_1_19' title="bbox 2076 391 3573 465">
     <span class='ocr_line' id='line_1_19' title="bbox 2076 391 3573 465; baseline 0 -18"><span class='ocrx_word' id='word_1_123' title='bbox 2076 413 2093 443; x_wconf 74' lang='grc' dir='ltr'><strong>ι</strong></span> <span class='ocrx_word' id='word_1_124' title='bbox 2139 394 2215 447; x_wconf 81' lang='lat' dir='ltr'><strong>Ad</strong></span> <span class='ocrx_word' id='word_1_125' title='bbox 2255 394 2498 463; x_wconf 91' lang='lat' dir='ltr'><strong>quietem</strong></span> <span class='ocrx_word' id='word_1_126' title='bbox 2541 395 2776 465; x_wconf 80' lang='lat' dir='ltr'><strong>saporis,</strong></span> <span class='ocrx_word' id='word_1_127' title='bbox 2806 392 2965 449; x_wconf 90' lang='lat' dir='ltr'><strong>nobis</strong></span> <span class='ocrx_word' id='word_1_128' title='bbox 3005 391 3458 455; x_wconf 82' lang='lat' dir='ltr'><strong>concedentibus,</strong></span> <span class='ocrx_word' id='word_1_129' title='bbox 3490 409 3573 447; x_wconf 80' lang='lat' dir='ltr'><strong>In-</strong></span> 
     </span>
    </p>
   </div>
   <div class='ocr_carea' id='block_1_20' title="bbox 1997 485 3574 557">
    <p class='ocr_par' dir='ltr' id='par_1_20' title="bbox 1997 485 3574 557">
     <span class='ocr_line' id='line_1_20' title="bbox 1997 485 3574 557; baseline -0.001 -17"><span class='ocrx_word' id='word_1_130' title='bbox 1997 485 2181 557; x_wconf 82' lang='lat' dir='ltr'><strong>dulge,</strong></span> <span class='ocrx_word' id='word_1_131' title='bbox 2220 487 2293 539; x_wconf 90' lang='lat' dir='ltr'><strong>mi</strong></span> <span class='ocrx_word' id='word_1_132' title='bbox 2339 486 2592 551; x_wconf 88' lang='lat' dir='ltr'><strong>Domine,</strong></span> <span class='ocrx_word' id='word_1_133' title='bbox 2633 486 2879 556; x_wconf 82' lang='lat' dir='ltr'><strong>requiem</strong></span> <span class='ocrx_word' id='word_1_134' title='bbox 2922 485 3205 554; x_wconf 89' lang='lat' dir='ltr'><strong>corporis;</strong></span> <span class='ocrx_word' id='word_1_135' title='bbox 3252 492 3406 538; x_wconf 88' lang='lat' dir='ltr'><strong>tuere</strong></span> <span class='ocrx_word' id='word_1_136' title='bbox 3450 499 3574 547; x_wconf 83' lang='lat' dir='ltr'><strong>nos,</strong></span> 
     </span>
    </p>
   </div>
   <div class='ocr_carea' id='block_1_21' title="bbox 1996 578 3575 654">
    <p class='ocr_par' dir='ltr' id='par_1_21' title="bbox 1996 578 3575 654">
     <span class='ocr_line' id='line_1_21' title="bbox 1996 578 3575 654; baseline -0.004 -16"><span class='ocrx_word' id='word_1_137' title='bbox 1996 599 2065 638; x_wconf 90' lang='lat' dir='ltr'><strong>ne</strong></span> <span class='ocrx_word' id='word_1_138' title='bbox 2102 584 2447 639; x_wconf 90' lang='lat' dir='ltr'><strong>tenebricosa</strong></span> <span class='ocrx_word' id='word_1_139' title='bbox 2483 584 2693 654; x_wconf 88' lang='lat' dir='ltr'><strong>peccati</strong></span> <span class='ocrx_word' id='word_1_140' title='bbox 2732 584 2891 639; x_wconf 78' lang='lat' dir='ltr'><strong>istius</strong></span> <span class='ocrx_word' id='word_1_141' title='bbox 2926 581 3274 635; x_wconf 80' lang='lat' dir='ltr'><strong>involvamur</strong></span> <span class='ocrx_word' id='word_1_142' title='bbox 3309 578 3575 649; x_wconf 79' lang='lat' dir='ltr'><strong>caligine;</strong></span> 
     </span>
    </p>
   </div>
   <div class='ocr_carea' id='block_1_22' title="bbox 1996 668 3575 744">
    <p class='ocr_par' dir='ltr' id='par_1_22' title="bbox 1996 668 3575 744">
     <span class='ocr_line' id='line_1_22' title="bbox 1996 668 3575 744; baseline -0.005 -16"><span class='ocrx_word' id='word_1_143' title='bbox 1996 674 2149 744; x_wconf 87' lang='lat' dir='ltr'><strong>eripe</strong></span> <span class='ocrx_word' id='word_1_144' title='bbox 2182 689 2281 727; x_wconf 91' lang='lat' dir='ltr'><strong>nos</strong></span> <span class='ocrx_word' id='word_1_145' title='bbox 2308 674 2379 728; x_wconf 90' lang='lat' dir='ltr'><strong>ob</strong></span> <span class='ocrx_word' id='word_1_146' title='bbox 2409 675 2558 728; x_wconf 87' lang='lat' dir='ltr'><strong>omni</strong></span> <span class='ocrx_word' id='word_1_147' title='bbox 2590 673 3006 743; x_wconf 88' lang='lat' dir='ltr'><strong>inquinamento</strong></span> <span class='ocrx_word' id='word_1_148' title='bbox 3030 670 3215 727; x_wconf 88' lang='lat' dir='ltr'><strong>carnis</strong></span> <span class='ocrx_word' id='word_1_149' title='bbox 3242 678 3300 724; x_wconf 91' lang='lat' dir='ltr'><strong>et</strong></span> <span class='ocrx_word' id='word_1_150' title='bbox 3324 668 3575 738; x_wconf 73' lang='lat' dir='ltr'><strong>spiritus,</strong></span> 
     </span>
    </p>
   </div>
   <div class='ocr_carea' id='block_1_23' title="bbox 1997 759 3579 831">
    <p class='ocr_par' dir='ltr' id='par_1_23' title="bbox 1997 759 3579 831">
     <span class='ocr_line' id='line_1_23' title="bbox 1997 759 3579 831; baseline -0.006 -11"><span class='ocrx_word' id='word_1_151' title='bbox 1997 766 2261 829; x_wconf 86' lang='lat' dir='ltr'><strong>concede,</strong></span> <span class='ocrx_word' id='word_1_152' title='bbox 2291 764 2346 817; x_wconf 89' lang='lat' dir='ltr'><strong>in</strong></span> <span class='ocrx_word' id='word_1_153' title='bbox 2378 766 2574 819; x_wconf 89' lang='lat' dir='ltr'><strong>timore</strong></span> <span class='ocrx_word' id='word_1_154' title='bbox 2606 773 2700 818; x_wconf 91' lang='lat' dir='ltr'><strong>tuo</strong></span> <span class='ocrx_word' id='word_1_155' title='bbox 2726 764 2832 817; x_wconf 90' lang='lat' dir='ltr'><strong>rite</strong></span> <span class='ocrx_word' id='word_1_156' title='bbox 2862 773 2921 817; x_wconf 91' lang='lat' dir='ltr'><strong>ut</strong></span> <span class='ocrx_word' id='word_1_157' title='bbox 2947 761 3198 831; x_wconf 91' lang='lat' dir='ltr'><strong>corporis</strong></span> <span class='ocrx_word' id='word_1_158' title='bbox 3225 759 3579 830; x_wconf 87' lang='lat' dir='ltr'><strong>perficiamus</strong></span> 
     </span>
    </p>
   </div>
   <div class='ocr_carea' id='block_1_24' title="bbox 1997 847 3577 910">
    <p class='ocr_par' dir='ltr' id='par_1_24' title="bbox 1997 847 3577 910">
     <span class='ocr_line' id='line_1_24' title="bbox 1997 847 3577 910; baseline -0.006 0"><span class='ocrx_word' id='word_1_159' title='bbox 1997 854 2508 910; x_wconf 83' lang='lat' dir='ltr'><strong>sanctificationem.</strong></span> <span class='ocrx_word' id='word_1_160' title='bbox 2552 853 2828 907; x_wconf 83' lang='lat' dir='ltr'><strong>Submove</strong></span> <span class='ocrx_word' id='word_1_161' title='bbox 2881 868 2981 907; x_wconf 91' lang='lat' dir='ltr'><strong>nos</strong></span> <span class='ocrx_word' id='word_1_162' title='bbox 3033 852 3101 906; x_wconf 89' lang='lat' dir='ltr'><strong>ab</strong></span> <span class='ocrx_word' id='word_1_163' title='bbox 3153 850 3304 904; x_wconf 91' lang='lat' dir='ltr'><strong>omni</strong></span> <span class='ocrx_word' id='word_1_164' title='bbox 3359 847 3577 903; x_wconf 86' lang='lat' dir='ltr'><strong>demul-</strong></span> 
     </span>
    </p>
   </div>
   <div class='ocr_carea' id='block_1_25' title="bbox 1997 939 3579 1014">
    <p class='ocr_par' dir='ltr' id='par_1_25' title="bbox 1997 939 3579 1014">
     <span class='ocr_line' id='line_1_25' title="bbox 1997 939 3579 1014; baseline -0.006 -13"><span class='ocrx_word' id='word_1_165' title='bbox 1997 956 2155 1001; x_wconf 92' lang='lat' dir='ltr'><strong>cente</strong></span> <span class='ocrx_word' id='word_1_166' title='bbox 2186 946 2462 1000; x_wconf 76' lang='lat' dir='ltr'><strong>lcnoCinio</strong></span> <span class='ocrx_word' id='word_1_167' title='bbox 2490 945 2827 1000; x_wconf 60' lang='lat' dir='ltr'><strong>illecebrosas</strong></span> <span class='ocrx_word' id='word_1_168' title='bbox 2849 942 3168 1014; x_wconf 86' lang='lat' dir='ltr'><strong>voluptatis,</strong></span> <span class='ocrx_word' id='word_1_169' title='bbox 3195 957 3293 1012; x_wconf 91' lang='lat' dir='ltr'><strong>per</strong></span> <span class='ocrx_word' id='word_1_170' title='bbox 3322 939 3579 994; x_wconf 84' lang='lat' dir='ltr'><strong>tenebras</strong></span> 
     </span>
    </p>
   </div>
   <div class='ocr_carea' id='block_1_26' title="bbox 1998 1030 3573 1105">
    <p class='ocr_par' dir='ltr' id='par_1_26' title="bbox 1998 1030 3573 1105">
     <span class='ocr_line' id='line_1_26' title="bbox 1998 1030 3573 1105; baseline -0.005 -15"><span class='ocrx_word' id='word_1_171' title='bbox 1998 1038 2177 1091; x_wconf 89' lang='lat' dir='ltr'><strong>noctis</strong></span> <span class='ocrx_word' id='word_1_172' title='bbox 2205 1036 2370 1102; x_wconf 82' lang='lat' dir='ltr'><strong>huius</strong></span> <span class='ocrx_word' id='word_1_173' title='bbox 2400 1038 2636 1105; x_wconf 84' lang='lat' dir='ltr'><strong>impetus</strong></span> <span class='ocrx_word' id='word_1_174' title='bbox 2662 1036 2978 1105; x_wconf 87' lang='lat' dir='ltr'><strong>passionum</strong></span> <span class='ocrx_word' id='word_1_175' title='bbox 3006 1033 3159 1098; x_wconf 88' lang='lat' dir='ltr'><strong>seda,</strong></span> <span class='ocrx_word' id='word_1_176' title='bbox 3188 1046 3252 1086; x_wconf 90' lang='lat' dir='ltr'><strong>ac</strong></span> <span class='ocrx_word' id='word_1_177' title='bbox 3277 1030 3410 1102; x_wconf 86' lang='lat' dir='ltr'><strong>jube</strong></span> <span class='ocrx_word' id='word_1_178' title='bbox 3440 1044 3573 1083; x_wconf 92' lang='lat' dir='ltr'><strong>con-</strong></span> 
     </span>
    </p>
   </div>
   <div class='ocr_carea' id='block_1_27' title="bbox 1997 1110 3580 1197">
    <p class='ocr_par' dir='ltr' id='par_1_27' title="bbox 1997 1110 3580 1197">
     <span class='ocr_line' id='line_1_27' title="bbox 1997 1110 3580 1197; baseline -0.006 -17"><span class='ocrx_word' id='word_1_179' title='bbox 1997 1127 2303 1197; x_wconf 84' lang='lat' dir='ltr'><strong>quiescere.</strong></span> <span class='ocrx_word' id='word_1_180' title='bbox 2338 1126 2568 1195; x_wconf 89' lang='lat' dir='ltr'><strong>lgnitam</strong></span> <span class='ocrx_word' id='word_1_181' title='bbox 2610 1125 2897 1193; x_wconf 79' lang='lat' dir='ltr'><strong>exstingue</strong></span> <span class='ocrx_word' id='word_1_182' title='bbox 2932 1110 3293 1177; x_wconf 63' lang='lat' dir='ltr'><strong>ten&#39;tationem</strong></span> <span class='ocrx_word' id='word_1_183' title='bbox 3328 1118 3580 1187; x_wconf 90' lang='lat' dir='ltr'><strong>corporis</strong></span> 
     </span>
    </p>
   </div>
   <div class='ocr_carea' id='block_1_28' title="bbox 1997 1212 3575 1273">
    <p class='ocr_par' dir='ltr' id='par_1_28' title="bbox 1997 1212 3575 1273">
     <span class='ocr_line' id='line_1_28' title="bbox 1997 1212 3575 1273; baseline -0.008 -1"><span class='ocrx_word' id='word_1_184' title='bbox 1997 1219 2181 1273; x_wconf 86' lang='lat' dir='ltr'><strong>istius.</strong></span> <span class='ocrx_word' id='word_1_185' title='bbox 2236 1218 2615 1271; x_wconf 85' lang='lat' dir='ltr'><strong>Rebellionem</strong></span> <span class='ocrx_word' id='word_1_186' title='bbox 2676 1217 2857 1270; x_wconf 86' lang='lat' dir='ltr'><strong>carnis</strong></span> <span class='ocrx_word' id='word_1_187' title='bbox 2911 1214 3098 1269; x_wconf 87' lang='lat' dir='ltr'><strong>acrius</strong></span> <span class='ocrx_word' id='word_1_188' title='bbox 3153 1212 3575 1267; x_wconf 87' lang='lat' dir='ltr'><strong>insolescentem</strong></span> 
     </span>
    </p>
   </div>
   <div class='ocr_carea' id='block_1_29' title="bbox 1996 1299 3580 1379">
    <p class='ocr_par' dir='ltr' id='par_1_29' title="bbox 1996 1299 3580 1379">
     <span class='ocr_line' id='line_1_29' title="bbox 1996 1299 3580 1379; baseline -0.007 -14"><span class='ocrx_word' id='word_1_189' title='bbox 1996 1308 2210 1379; x_wconf 88' lang='lat' dir='ltr'><strong>disjice.</strong></span> <span class='ocrx_word' id='word_1_190' title='bbox 2253 1308 2520 1363; x_wconf 77' lang='lat' dir='ltr'><strong>Vitiosam</strong></span> <span class='ocrx_word' id='word_1_191' title='bbox 2568 1306 2920 1361; x_wconf 82' lang='lat' dir='ltr'><strong>affectionem</strong></span> <span class='ocrx_word' id='word_1_192' title='bbox 2967 1304 3250 1374; x_wconf 90' lang='lat' dir='ltr'><strong>corporis,</strong></span> <span class='ocrx_word' id='word_1_193' title='bbox 3293 1310 3351 1357; x_wconf 87' lang='lat' dir='ltr'><strong>et</strong></span> <span class='ocrx_word' id='word_1_194' title='bbox 3396 1299 3580 1356; x_wconf 87' lang='lat' dir='ltr'><strong>carnis</strong></span> 
     </span>
    </p>
   </div>
   <div class='ocr_carea' id='block_1_30' title="bbox 1996 1394 3578 1471">
    <p class='ocr_par' dir='ltr' id='par_1_30' title="bbox 1996 1394 3578 1471">
     <span class='ocr_line' id='line_1_30' title="bbox 1996 1394 3578 1471; baseline -0.006 -18"><span class='ocrx_word' id='word_1_195' title='bbox 1996 1400 2349 1471; x_wconf 84' lang='lat' dir='ltr'><strong>prudentiam</strong></span> <span class='ocrx_word' id='word_1_196' title='bbox 2383 1399 2635 1468; x_wconf 88' lang='lat' dir='ltr'><strong>consopi,</strong></span> <span class='ocrx_word' id='word_1_197' title='bbox 2661 1406 2717 1452; x_wconf 86' lang='lat' dir='ltr'><strong>et</strong></span> <span class='ocrx_word' id='word_1_198' title='bbox 2747 1398 2831 1452; x_wconf 90' lang='lat' dir='ltr'><strong>fac</strong></span> <span class='ocrx_word' id='word_1_199' title='bbox 2860 1398 2915 1465; x_wconf 81' lang='lat' dir='ltr'><strong>in</strong></span> <span class='ocrx_word' id='word_1_200' title='bbox 2951 1396 3112 1450; x_wconf 86' lang='lat' dir='ltr'><strong>nobis</strong></span> <span class='ocrx_word' id='word_1_201' title='bbox 3142 1394 3578 1449; x_wconf 82' lang='lat' dir='ltr'><strong>obdormiscere.</strong></span> 
     </span>
    </p>
   </div>
   <div class='ocr_carea' id='block_1_31' title="bbox 1996 1485 3577 1560">
    <p class='ocr_par' dir='ltr' id='par_1_31' title="bbox 1996 1485 3577 1560">
     <span class='ocr_line' id='line_1_31' title="bbox 1996 1485 3577 1560; baseline -0.006 -13"><span class='ocrx_word' id='word_1_202' title='bbox 1996 1494 2075 1547; x_wconf 86' lang='lat' dir='ltr'><strong>Da</strong></span> <span class='ocrx_word' id='word_1_203' title='bbox 2115 1493 2276 1547; x_wconf 89' lang='lat' dir='ltr'><strong>nobis</strong></span> <span class='ocrx_word' id='word_1_204' title='bbox 2313 1491 2595 1560; x_wconf 85' lang='lat' dir='ltr'><strong>tranquilli</strong></span> <span class='ocrx_word' id='word_1_205' title='bbox 2638 1490 2854 1560; x_wconf 82' lang='lat' dir='ltr'><strong>soporis</strong></span> <span class='ocrx_word' id='word_1_206' title='bbox 2875 1488 3078 1543; x_wconf 89' lang='lat' dir='ltr'><strong>cubile.</strong></span> <span class='ocrx_word' id='word_1_207' title='bbox 3105 1485 3405 1556; x_wconf 80' lang='lat' dir='ltr'><strong>Pervigiles</strong></span> <span class='ocrx_word' id='word_1_208' title='bbox 3443 1497 3577 1538; x_wconf 61' lang='lat' dir='ltr'><strong>cono</strong></span> 
     </span>
    </p>
   </div>
   <div class='ocr_carea' id='block_1_32' title="bbox 1998 1574 3583 1654">
    <p class='ocr_par' dir='ltr' id='par_1_32' title="bbox 1998 1574 3583 1654">
     <span class='ocr_line' id='line_1_32' title="bbox 1998 1574 3583 1654; baseline -0.006 -15"><span class='ocrx_word' id='word_1_209' title='bbox 1998 1584 2132 1641; x_wconf 88' lang='lat' dir='ltr'><strong>cede</strong></span> <span class='ocrx_word' id='word_1_210' title='bbox 2157 1583 2523 1654; x_wconf 79' lang='lat' dir='ltr'><strong>cogitationes</strong></span> <span class='ocrx_word' id='word_1_211' title='bbox 2545 1597 2610 1637; x_wconf 90' lang='lat' dir='ltr'><strong>ac</strong></span> <span class='ocrx_word' id='word_1_212' title='bbox 2636 1589 2874 1636; x_wconf 90' lang='lat' dir='ltr'><strong>mentem</strong></span> <span class='ocrx_word' id='word_1_213' title='bbox 2900 1580 3162 1641; x_wconf 87' lang='lat' dir='ltr'><strong>sobriam,</strong></span> <span class='ocrx_word' id='word_1_214' title='bbox 3185 1593 3254 1632; x_wconf 91' lang='lat' dir='ltr'><strong>ne</strong></span> <span class='ocrx_word' id='word_1_215' title='bbox 3277 1591 3379 1631; x_wconf 88' lang='lat' dir='ltr'><strong>nos</strong></span> <span class='ocrx_word' id='word_1_216' title='bbox 3401 1574 3583 1647; x_wconf 88' lang='lat' dir='ltr'><strong>gravis</strong></span> 
     </span>
    </p>
   </div>
   <div class='ocr_carea' id='block_1_33' title="bbox 1998 1665 3582 1746">
    <p class='ocr_par' dir='ltr' id='par_1_33' title="bbox 1998 1665 3582 1746">
     <span class='ocr_line' id='line_1_33' title="bbox 1998 1665 3582 1746; baseline -0.008 -15"><span class='ocrx_word' id='word_1_217' title='bbox 1998 1677 2277 1746; x_wconf 82' lang='lat' dir='ltr'><strong>npprimat</strong></span> <span class='ocrx_word' id='word_1_218' title='bbox 2305 1691 2491 1745; x_wconf 88' lang='lat' dir='ltr'><strong>sopor,</strong></span> <span class='ocrx_word' id='word_1_219' title='bbox 2519 1675 2614 1730; x_wconf 89' lang='lat' dir='ltr'><strong>sed</strong></span> <span class='ocrx_word' id='word_1_220' title='bbox 2649 1674 2745 1743; x_wconf 87' lang='lat' dir='ltr'><strong>qui</strong></span> <span class='ocrx_word' id='word_1_221' title='bbox 2776 1688 2877 1727; x_wconf 92' lang='lat' dir='ltr'><strong>nos</strong></span> <span class='ocrx_word' id='word_1_222' title='bbox 2907 1671 3102 1726; x_wconf 87' lang='lat' dir='ltr'><strong>reddat</strong></span> <span class='ocrx_word' id='word_1_223' title='bbox 3130 1667 3483 1724; x_wconf 81' lang='lat' dir='ltr'><strong>exeitatiores</strong></span> <span class='ocrx_word' id='word_1_224' title='bbox 3513 1665 3582 1719; x_wconf 87' lang='lat' dir='ltr'><strong>ad</strong></span> 
     </span>
    </p>
   </div>
   <div class='ocr_carea' id='block_1_34' title="bbox 313 1738 1904 1834">
    <p class='ocr_par' dir='ltr' id='par_1_34' title="bbox 313 1738 1889 1834">
     <span class='ocr_line' id='line_1_34' title="bbox 313 1738 1889 1834; baseline 0.001 -19"><span class='ocrx_word' id='word_1_225' title='bbox 313 1738 585 1817; x_wconf 57' lang='lat' dir='ltr'><strong>)‘loﬁmal</strong></span> <span class='ocrx_word' id='word_1_226' title='bbox 630 1738 725 1816; x_wconf 78' lang='grc' dir='ltr'>τοῦ</span> <span class='ocrx_word' id='word_1_227' title='bbox 781 1738 936 1832; x_wconf 83' lang='grc' dir='ltr'>ἁγίου</span> <span class='ocrx_word' id='word_1_228' title='bbox 990 1738 1330 1834; x_wconf 63' lang='grc' dir='ltr'>Πνεύειατος,</span> <span class='ocrx_word' id='word_1_229' title='bbox 1364 1765 1443 1828; x_wconf 89' lang='grc' dir='ltr'>εἰς</span> <span class='ocrx_word' id='word_1_230' title='bbox 1489 1764 1616 1827; x_wconf 76' lang='grc' dir='ltr'>τοὺς</span> <span class='ocrx_word' id='word_1_231' title='bbox 1656 1738 1889 1826; x_wconf 69' lang='grc' dir='ltr'>αἰῶνας.</span> 
     </span>
    </p>
   </div>
   <div class='ocr_carea' id='block_1_35' title="bbox 2005 1738 3583 1834">
    <p class='ocr_par' dir='ltr' id='par_1_35' title="bbox 2005 1759 3583 1823">
     <span class='ocr_line' id='line_1_35' title="bbox 2005 1759 3583 1823; baseline -0.008 0"><span class='ocrx_word' id='word_1_232' title='bbox 2005 1768 2373 1823; x_wconf 74' lang='lat' dir='ltr'><strong>exhibendum</strong></span> <span class='ocrx_word' id='word_1_233' title='bbox 2430 1767 2532 1822; x_wconf 88' lang='lat' dir='ltr'><strong>tibi</strong></span> <span class='ocrx_word' id='word_1_234' title='bbox 2588 1782 2787 1821; x_wconf 89' lang='lat' dir='ltr'><strong>munus</strong></span> <span class='ocrx_word' id='word_1_235' title='bbox 2840 1774 3127 1819; x_wconf 63' lang='lat' dir='ltr'><strong>nocturna:</strong></span> <span class='ocrx_word' id='word_1_236' title='bbox 3181 1776 3246 1816; x_wconf 89' lang='lat' dir='ltr'><strong>ac</strong></span> <span class='ocrx_word' id='word_1_237' title='bbox 3299 1759 3583 1814; x_wconf 76' lang='lat' dir='ltr'><strong>matutina:</strong></span> 
     </span>
    </p>
   </div>
   <div class='ocr_carea' id='block_1_36' title="bbox 324 1855 576 1923">
    <p class='ocr_par' dir='ltr' id='par_1_36' title="bbox 324 1855 576 1923">
     <span class='ocr_line' id='line_1_36' title="bbox 324 1855 576 1923; baseline -0.004 -17"><span class='ocrx_word' id='word_1_238' title='bbox 324 1855 522 1923; x_wconf 76' lang='grc' dir='ltr'><strong>Ἀμήν.</strong></span> <span class='ocrx_word' id='word_1_239' title='bbox 558 1873 576 1905; x_wconf 71' lang='grc' dir='ltr'><strong>ι</strong></span> 
     </span>
    </p>
   </div>
   <div class='ocr_carea' id='block_1_37' title="bbox 1998 1847 3580 1928">
    <p class='ocr_par' dir='ltr' id='par_1_37' title="bbox 1998 1847 3580 1928">
     <span class='ocr_line' id='line_1_37' title="bbox 1998 1847 3580 1928; baseline -0.008 -17"><span class='ocrx_word' id='word_1_240' title='bbox 1998 1858 2257 1928; x_wconf 68' lang='lat' dir='ltr'><strong>liturgim.</strong></span> <span class='ocrx_word' id='word_1_241' title='bbox 2285 1854 2642 1927; x_wconf 84' lang='lat' dir='ltr'><strong>Pervigilium</strong></span> <span class='ocrx_word' id='word_1_242' title='bbox 2673 1853 2852 1908; x_wconf 90' lang='lat' dir='ltr'><strong>noctis</strong></span> <span class='ocrx_word' id='word_1_243' title='bbox 2886 1851 3048 1906; x_wconf 88' lang='lat' dir='ltr'><strong>nobis</strong></span> <span class='ocrx_word' id='word_1_244' title='bbox 3077 1847 3334 1904; x_wconf 89' lang='lat' dir='ltr'><strong>clementi</strong></span> <span class='ocrx_word' id='word_1_245' title='bbox 3372 1847 3580 1915; x_wconf 62' lang='lat' dir='ltr'><strong>impero</strong></span> 
     </span>
    </p>
   </div>
   <div class='ocr_carea' id='block_1_38' title="bbox 311 1938 3582 2020">
    <p class='ocr_par' dir='ltr' id='par_1_38' title="bbox 311 1938 3582 2020">
     <span class='ocr_line' id='line_1_38' title="bbox 311 1938 3582 2020; baseline -0.002 -21"><span class='ocrx_word' id='word_1_246' title='bbox 311 1945 417 2000; x_wconf 88' lang='lat' dir='ltr'><strong>tire</strong></span> <span class='ocrx_word' id='word_1_247' title='bbox 461 1946 637 2016; x_wconf 88' lang='lat' dir='ltr'><strong>gratia</strong></span> <span class='ocrx_word' id='word_1_248' title='bbox 686 1954 808 2011; x_wconf 92' lang='lat' dir='ltr'><strong>tua,</strong></span> <span class='ocrx_word' id='word_1_249' title='bbox 844 1945 913 2001; x_wconf 90' lang='lat' dir='ltr'><strong>ad</strong></span> <span class='ocrx_word' id='word_1_250' title='bbox 960 1946 1342 2002; x_wconf 90' lang='lat' dir='ltr'><strong>illustrandam</strong></span> <span class='ocrx_word' id='word_1_251' title='bbox 1390 1938 1609 2018; x_wconf 79' lang='lat' dir='ltr'><strong>hymnis</strong></span> <span class='ocrx_word' id='word_1_252' title='bbox 1656 1946 1887 2018; x_wconf 81' lang='lat' dir='ltr'><strong>gloriam</strong></span> <span class='ocrx_word' id='word_1_253' title='bbox 1924 1947 2453 2020; x_wconf 84' lang='lat' dir='ltr'><strong>magnificentissimi</strong></span> <span class='ocrx_word' id='word_1_254' title='bbox 2487 1946 2567 2001; x_wconf 91' lang='lat' dir='ltr'><strong>tui</strong></span> <span class='ocrx_word' id='word_1_255' title='bbox 2630 1945 2891 2010; x_wconf 88' lang='lat' dir='ltr'><strong>nominis,</strong></span> <span class='ocrx_word' id='word_1_256' title='bbox 2916 1943 3117 2009; x_wconf 87' lang='lat' dir='ltr'><strong>Patris,</strong></span> <span class='ocrx_word' id='word_1_257' title='bbox 3143 1940 3266 1996; x_wconf 89' lang='lat' dir='ltr'><strong>Filii</strong></span> <span class='ocrx_word' id='word_1_258' title='bbox 3293 1948 3350 1996; x_wconf 90' lang='lat' dir='ltr'><strong>et</strong></span> <span class='ocrx_word' id='word_1_259' title='bbox 3411 1939 3582 2009; x_wconf 89' lang='lat' dir='ltr'><strong>Spiri-</strong></span> 
     </span>
    </p>
   </div>
   <div class='ocr_carea' id='block_1_39' title="bbox 314 2036 1240 2100">
    <p class='ocr_par' dir='ltr' id='par_1_39' title="bbox 314 2036 1240 2100">
     <span class='ocr_line' id='line_1_39' title="bbox 314 2036 1240 2100; baseline 0 -11"><span class='ocrx_word' id='word_1_260' title='bbox 314 2045 406 2090; x_wconf 87' lang='lat' dir='ltr'><strong>tus</strong></span> <span class='ocrx_word' id='word_1_261' title='bbox 434 2037 629 2100; x_wconf 90' lang='lat' dir='ltr'><strong>sancti,</strong></span> <span class='ocrx_word' id='word_1_262' title='bbox 658 2036 713 2091; x_wconf 89' lang='lat' dir='ltr'><strong>in</strong></span> <span class='ocrx_word' id='word_1_263' title='bbox 740 2038 959 2093; x_wconf 75' lang='lat' dir='ltr'><strong>szecula.</strong></span> <span class='ocrx_word' id='word_1_264' title='bbox 989 2038 1185 2093; x_wconf 85' lang='lat' dir='ltr'><strong>Amen.</strong></span> <span class='ocrx_word' id='word_1_265' title='bbox 1220 2057 1240 2089; x_wconf 85' lang='grc'><strong>›</strong></span> 
     </span>
    </p>
   </div>
   <div class='ocr_carea' id='block_1_40' title="bbox 386 2124 1899 2201">
    <p class='ocr_par' dir='ltr' id='par_1_40' title="bbox 386 2124 1899 2201">
     <span class='ocr_line' id='line_1_40' title="bbox 386 2124 1899 2201; baseline 0.002 -21"><span class='ocrx_word' id='word_1_266' title='bbox 386 2127 567 2180; x_wconf 84' lang='grc' dir='ltr'>Καλὸν</span> <span class='ocrx_word' id='word_1_267' title='bbox 593 2124 686 2182; x_wconf 79' lang='grc' dir='ltr'>οὖν</span> <span class='ocrx_word' id='word_1_268' title='bbox 710 2129 879 2193; x_wconf 76' lang='grc' dir='ltr'>ἐστιν,</span> <span class='ocrx_word' id='word_1_269' title='bbox 920 2128 995 2191; x_wconf 80' lang='grc' dir='ltr'>ὡς</span> <span class='ocrx_word' id='word_1_270' title='bbox 1024 2128 1499 2200; x_wconf 80' lang='grc' dir='ltr'>προείρηται,-τὰς</span> <span class='ocrx_word' id='word_1_271' title='bbox 1530 2131 1773 2201; x_wconf 85' lang='grc' dir='ltr'>σαγήνας</span> <span class='ocrx_word' id='word_1_272' title='bbox 1805 2131 1899 2183; x_wconf 74' lang='grc' dir='ltr'><strong>καὶ</strong></span> 
     </span>
    </p>
   </div>
   <div class='ocr_carea' id='block_1_41' title="bbox 315 2218 1898 2292">
    <p class='ocr_par' dir='ltr' id='par_1_41' title="bbox 315 2218 1898 2292">
     <span class='ocr_line' id='line_1_41' title="bbox 315 2218 1898 2292; baseline 0.001 -21"><span class='ocrx_word' id='word_1_273' title='bbox 315 2218 386 2272; x_wconf 74' lang='grc' dir='ltr'><strong>τὰ</strong></span> <span class='ocrx_word' id='word_1_274' title='bbox 415 2219 690 2292; x_wconf 81' lang='grc' dir='ltr'>ἄγκιστρα</span> <span class='ocrx_word' id='word_1_275' title='bbox 736 2220 845 2273; x_wconf 82' lang='grc' dir='ltr'>τῶν</span> <span class='ocrx_word' id='word_1_276' title='bbox 891 2219 1169 2289; x_wconf 82' lang='grc' dir='ltr'>γυναικῶν</span> <span class='ocrx_word' id='word_1_277' title='bbox 1210 2219 1569 2289; x_wconf 70' lang='grc' dir='ltr'>ἀποφεύγειν,</span> <span class='ocrx_word' id='word_1_278' title='bbox 1615 2222 1709 2274; x_wconf 73' lang='grc' dir='ltr'><strong>καὶ</strong></span> <span class='ocrx_word' id='word_1_279' title='bbox 1745 2221 1898 2274; x_wconf 87' lang='grc' dir='ltr'>στέλ-</span> 
     </span>
    </p>
   </div>
   <div class='ocr_carea' id='block_1_42' title="bbox 316 2311 1901 2381">
    <p class='ocr_par' dir='ltr' id='par_1_42' title="bbox 316 2311 1901 2381">
     <span class='ocr_line' id='line_1_42' title="bbox 316 2311 1901 2381; baseline 0.001 -16"><span class='ocrx_word' id='word_1_280' title='bbox 316 2311 506 2366; x_wconf 82' lang='grc' dir='ltr'>λεσθαι</span> <span class='ocrx_word' id='word_1_281' title='bbox 532 2314 627 2368; x_wconf 81' lang='grc' dir='ltr'><strong>ἀπ’</strong></span> <span class='ocrx_word' id='word_1_282' title='bbox 654 2311 852 2366; x_wconf 83' lang='grc' dir='ltr'>αὐτῶν.</span> <span class='ocrx_word' id='word_1_283' title='bbox 889 2313 949 2365; x_wconf 88' lang='lat'><strong>&#39;0</strong></span> <span class='ocrx_word' id='word_1_284' title='bbox 974 2313 1085 2381; x_wconf 82' lang='grc' dir='ltr'><strong>γὰρ</strong></span> <span class='ocrx_word' id='word_1_285' title='bbox 1119 2311 1429 2379; x_wconf 73' lang='grc' dir='ltr'>σοφώτατος</span> <span class='ocrx_word' id='word_1_286' title='bbox 1463 2312 1714 2378; x_wconf 87' lang='grc' dir='ltr'>Σολομὼν</span> <span class='ocrx_word' id='word_1_287' title='bbox 1744 2312 1901 2366; x_wconf 77' lang='grc' dir='ltr'>τοῦτο</span> 
     </span>
    </p>
   </div>
   <div class='ocr_carea' id='block_1_43' title="bbox 320 2404 1901 2477">
    <p class='ocr_par' dir='ltr' id='par_1_43' title="bbox 320 2404 1901 2477">
     <span class='ocr_line' id='line_1_43' title="bbox 320 2404 1901 2477; baseline 0.001 -19"><span class='ocrx_word' id='word_1_288' title='bbox 320 2405 486 2476; x_wconf 78' lang='grc' dir='ltr'>πείρᾳ</span> <span class='ocrx_word' id='word_1_289' title='bbox 519 2404 875 2475; x_wconf 81' lang='grc' dir='ltr'>παρειληφὼς</span> <span class='ocrx_word' id='word_1_290' title='bbox 904 2406 1037 2459; x_wconf 77' lang='grc' dir='ltr'>πᾶσι</span> <span class='ocrx_word' id='word_1_291' title='bbox 1060 2408 1315 2476; x_wconf 83' lang='grc' dir='ltr'>παραινεῖ</span> <span class='ocrx_word' id='word_1_292' title='bbox 1341 2404 1541 2473; x_wconf 85' lang='grc' dir='ltr'>λέγων,</span> <span class='ocrx_word' id='word_1_293' title='bbox 1563 2425 1580 2458; x_wconf 76' lang='grc' dir='ltr'><strong>ι</strong></span> <span class='ocrx_word' id='word_1_294' title='bbox 1606 2406 1700 2477; x_wconf 82' lang='grc' dir='ltr'><strong>Μὴ</strong></span> <span class='ocrx_word' id='word_1_295' title='bbox 1728 2408 1901 2477; x_wconf 84' lang='grc' dir='ltr'>πρόσ-</span> 
     </span>
    </p>
   </div>
   <div class='ocr_carea' id='block_1_44' title="bbox 318 2492 1899 2567">
    <p class='ocr_par' dir='ltr' id='par_1_44' title="bbox 318 2492 1899 2567">
     <span class='ocr_line' id='line_1_44' title="bbox 318 2492 1899 2567; baseline 0.004 -24"><span class='ocrx_word' id='word_1_296' title='bbox 318 2509 409 2563; x_wconf 82' lang='grc' dir='ltr'><strong>εχε</strong></span> <span class='ocrx_word' id='word_1_297' title='bbox 463 2493 642 2565; x_wconf 89' lang='grc' dir='ltr'>φαύλῃ</span> <span class='ocrx_word' id='word_1_298' title='bbox 691 2492 937 2561; x_wconf 75' lang='grc' dir='ltr'>γυναικίο</span> <span class='ocrx_word' id='word_1_299' title='bbox 982 2493 1104 2563; x_wconf 83' lang='grc' dir='ltr'>μέλι</span> <span class='ocrx_word' id='word_1_300' title='bbox 1148 2494 1258 2565; x_wconf 77' lang='grc' dir='ltr'>γὰρ</span> <span class='ocrx_word' id='word_1_301' title='bbox 1293 2494 1600 2558; x_wconf 77' lang='grc' dir='ltr'>ἀποστάζει</span> <span class='ocrx_word' id='word_1_302' title='bbox 1648 2496 1755 2549; x_wconf 73' lang='grc' dir='ltr'><strong>ἀπὸ</strong></span> <span class='ocrx_word' id='word_1_303' title='bbox 1780 2514 1899 2567; x_wconf 81' lang='grc' dir='ltr'>χει-</span> 
     </span>
    </p>
   </div>
   <div class='ocr_carea' id='block_1_45' title="bbox 319 2570 1903 2659">
    <p class='ocr_par' dir='ltr' id='par_1_45' title="bbox 319 2570 1903 2659">
     <span class='ocr_line' id='line_1_45' title="bbox 319 2570 1903 2659; baseline 0.003 -21"><span class='ocrx_word' id='word_1_304' title='bbox 319 2585 458 2638; x_wconf 83' lang='grc' dir='ltr'><strong>λέων</strong></span> <span class='ocrx_word' id='word_1_305' title='bbox 491 2584 749 2652; x_wconf 80' lang='grc' dir='ltr'>γυναικὺς</span> <span class='ocrx_word' id='word_1_306' title='bbox 779 2585 1006 2657; x_wconf 85' lang='grc' dir='ltr'>πόρνης,</span> <span class='ocrx_word' id='word_1_307' title='bbox 1040 2584 1075 2656; x_wconf 77' lang='grc' dir='ltr'>ἦ</span> <span class='ocrx_word' id='word_1_308' title='bbox 1108 2586 1243 2657; x_wconf 71' lang='grc' dir='ltr'>πρὸς</span> <span class='ocrx_word' id='word_1_309' title='bbox 1292 2586 1485 2659; x_wconf 75' lang='grc' dir='ltr'>καιρὸν</span> <span class='ocrx_word' id='word_1_310' title='bbox 1527 2586 1769 2641; x_wconf 83' lang='grc' dir='ltr'>λιπαίνει</span> <span class='ocrx_word' id='word_1_311' title='bbox 1812 2570 1903 2643; x_wconf 80' lang='grc' dir='ltr'><strong>τὸν</strong></span> 
     </span>
    </p>
   </div>
   <div class='ocr_carea' id='block_1_46' title="bbox 322 2674 1902 2750">
    <p class='ocr_par' dir='ltr' id='par_1_46' title="bbox 322 2674 1902 2750">
     <span class='ocr_line' id='line_1_46' title="bbox 322 2674 1902 2750; baseline 0.001 -21"><span class='ocrx_word' id='word_1_312' title='bbox 322 2675 616 2743; x_wconf 76' lang='grc' dir='ltr'>φάρυγγαο</span> <span class='ocrx_word' id='word_1_313' title='bbox 651 2674 879 2744; x_wconf 78' lang='grc' dir='ltr'>ὓστερον</span> <span class='ocrx_word' id='word_1_314' title='bbox 922 2675 1106 2746; x_wconf 82' lang='grc' dir='ltr'>μέντοι</span> <span class='ocrx_word' id='word_1_315' title='bbox 1152 2676 1478 2747; x_wconf 77' lang='grc' dir='ltr'>πικρότερον</span> <span class='ocrx_word' id='word_1_316' title='bbox 1527 2676 1691 2747; x_wconf 80' lang='grc' dir='ltr'>χολῆς</span> <span class='ocrx_word' id='word_1_317' title='bbox 1736 2678 1902 2750; x_wconf 80' lang='grc' dir='ltr'>εὑρή-</span> 
     </span>
    </p>
   </div>
   <div class='ocr_carea' id='block_1_47' title="bbox 322 2766 1897 2843">
    <p class='ocr_par' dir='ltr' id='par_1_47' title="bbox 322 2766 1897 2839">
     <span class='ocr_line' id='line_1_47' title="bbox 322 2766 1897 2839; baseline 0.003 -21"><span class='ocrx_word' id='word_1_318' title='bbox 322 2781 472 2829; x_wconf 85' lang='grc' dir='ltr'>σεις·</span> <span class='ocrx_word' id='word_1_319' title='bbox 530 2766 608 2837; x_wconf 81' lang='grc' dir='ltr'><strong>μὴ</strong></span> <span class='ocrx_word' id='word_1_320' title='bbox 643 2766 948 2838; x_wconf 78' lang='grc' dir='ltr'>ἐπιστήσῃς</span> <span class='ocrx_word' id='word_1_321' title='bbox 1000 2766 1096 2819; x_wconf 75' lang='grc' dir='ltr'>οὖν</span> <span class='ocrx_word' id='word_1_322' title='bbox 1149 2767 1239 2819; x_wconf 73' lang='grc' dir='ltr'><strong>σὺν</strong></span> <span class='ocrx_word' id='word_1_323' title='bbox 1297 2766 1453 2836; x_wconf 70' lang='grc' dir='ltr'>ὄμμα</span> <span class='ocrx_word' id='word_1_324' title='bbox 1504 2768 1592 2818; x_wconf 79' lang='grc' dir='ltr'>ἐπ’</span> <span class='ocrx_word' id='word_1_325' title='bbox 1633 2769 1826 2839; x_wconf 72' lang='grc' dir='ltr'>αὐτὴν.</span> <span class='ocrx_word' id='word_1_326' title='bbox 1877 2788 1897 2821; x_wconf 73' lang='grc' dir='ltr'><strong>ι</strong></span> 
     </span>
    </p>
   </div>
   <div class='ocr_carea' id='block_1_48' title="bbox 320 2859 1899 2932">
    <p class='ocr_par' dir='ltr' id='par_1_48' title="bbox 320 2859 1899 2932">
     <span class='ocr_line' id='line_1_48' title="bbox 320 2859 1899 2932; baseline 0.001 -21"><span class='ocrx_word' id='word_1_327' title='bbox 320 2860 429 2911; x_wconf 67' lang='grc' dir='ltr'>Καὶ</span> <span class='ocrx_word' id='word_1_328' title='bbox 457 2860 618 2912; x_wconf 63' lang='grc' dir='ltr'>πᾶλιν</span> <span class='ocrx_word' id='word_1_329' title='bbox 651 2876 664 2889; x_wconf 82' lang='grc'><em>’</em></span> <span class='ocrx_word' id='word_1_330' title='bbox 700 2878 717 2911; x_wconf 81' lang='grc' dir='ltr'><strong>ι</strong></span> <span class='ocrx_word' id='word_1_331' title='bbox 746 2860 837 2928; x_wconf 83' lang='grc' dir='ltr'><strong>Μὴ</strong></span> <span class='ocrx_word' id='word_1_332' title='bbox 870 2860 1108 2928; x_wconf 79' lang='grc' dir='ltr'>πρόσεχε</span> <span class='ocrx_word' id='word_1_333' title='bbox 1159 2859 1340 2929; x_wconf 84' lang='grc' dir='ltr'>φαύλῃ</span> <span class='ocrx_word' id='word_1_334' title='bbox 1366 2864 1586 2927; x_wconf 61' lang='grc' dir='ltr'>γυναικί</span> <span class='ocrx_word' id='word_1_335' title='bbox 1608 2876 1621 2888; x_wconf 83' lang='lat'>&#39;</span> <span class='ocrx_word' id='word_1_336' title='bbox 1666 2862 1766 2932; x_wconf 76' lang='grc' dir='ltr'><strong>τῆς</strong></span> <span class='ocrx_word' id='word_1_337' title='bbox 1791 2861 1899 2931; x_wconf 72' lang='grc' dir='ltr'><strong>γὰρ</strong></span> 
     </span>
    </p>
   </div>
   <div class='ocr_carea' id='block_1_49' title="bbox 320 2934 1900 3023">
    <p class='ocr_par' dir='ltr' id='par_1_49' title="bbox 320 2934 1900 3023">
     <span class='ocr_line' id='line_1_49' title="bbox 320 2934 1900 3023; baseline -0.001 -17"><span class='ocrx_word' id='word_1_338' title='bbox 320 2952 636 3023; x_wconf 73' lang='grc' dir='ltr'>ἀφροσύνης</span> <span class='ocrx_word' id='word_1_339' title='bbox 701 2953 749 3005; x_wconf 89' lang='grc' dir='ltr'><strong>οί</strong></span> <span class='ocrx_word' id='word_1_340' title='bbox 818 2952 978 3014; x_wconf 87' lang='grc' dir='ltr'>πόδες</span> <span class='ocrx_word' id='word_1_341' title='bbox 1041 2952 1340 3017; x_wconf 73' lang='grc' dir='ltr'>κατάγουσι</span> <span class='ocrx_word' id='word_1_342' title='bbox 1400 2955 1528 3016; x_wconf 67' lang='grc' dir='ltr'>τους</span> <span class='ocrx_word' id='word_1_343' title='bbox 1581 2934 1900 3023; x_wconf 53' lang='grc' dir='ltr'>χρωμένους</span> 
     </span>
    </p>
   </div>
   <div class='ocr_carea' id='block_1_50' title="bbox 320 3044 1903 3117">
    <p class='ocr_par' dir='ltr' id='par_1_50' title="bbox 320 3044 1903 3117">
     <span class='ocr_line' id='line_1_50' title="bbox 320 3044 1903 3117; baseline -0.002 -19"><span class='ocrx_word' id='word_1_344' title='bbox 320 3048 462 3115; x_wconf 73' lang='grc' dir='ltr'>αὐτῇ</span> <span class='ocrx_word' id='word_1_345' title='bbox 509 3046 647 3114; x_wconf 77' lang='grc' dir='ltr'>μετὰ</span> <span class='ocrx_word' id='word_1_346' title='bbox 679 3045 910 3097; x_wconf 82' lang='grc' dir='ltr'>θάνατον</span> <span class='ocrx_word' id='word_1_347' title='bbox 950 3045 1031 3106; x_wconf 83' lang='grc' dir='ltr'><strong>είς</strong></span> <span class='ocrx_word' id='word_1_348' title='bbox 1075 3044 1165 3097; x_wconf 67' lang='grc' dir='ltr'>τὸν</span> <span class='ocrx_word' id='word_1_349' title='bbox 1198 3044 1350 3115; x_wconf 74' lang='grc' dir='ltr'>ᾅδην.</span> <span class='ocrx_word' id='word_1_350' title='bbox 1402 3045 1639 3117; x_wconf 74' lang='grc' dir='ltr'>Μακρὲιν</span> <span class='ocrx_word' id='word_1_351' title='bbox 1673 3044 1903 3115; x_wconf 86' lang='grc' dir='ltr'>ποίησον</span> 
     </span>
    </p>
   </div>
   <div class='ocr_carea' id='block_1_51' title="bbox 2069 2126 3586 2202">
    <p class='ocr_par' dir='ltr' id='par_1_51' title="bbox 2069 2126 3586 2202">
     <span class='ocr_line' id='line_1_51' title="bbox 2069 2126 3586 2202; baseline -0.005 -16"><span class='ocrx_word' id='word_1_352' title='bbox 2069 2132 2363 2202; x_wconf 81' lang='lat' dir='ltr'><strong>Egregium</strong></span> <span class='ocrx_word' id='word_1_353' title='bbox 2412 2130 2573 2200; x_wconf 88' lang='lat' dir='ltr'><strong>plane</strong></span> <span class='ocrx_word' id='word_1_354' title='bbox 2617 2128 2698 2184; x_wconf 90' lang='lat' dir='ltr'><strong>uti</strong></span> <span class='ocrx_word' id='word_1_355' title='bbox 2738 2128 2895 2199; x_wconf 91' lang='lat' dir='ltr'><strong>prius</strong></span> <span class='ocrx_word' id='word_1_356' title='bbox 2946 2126 3156 2182; x_wconf 90' lang='lat' dir='ltr'><strong>dictum</strong></span> <span class='ocrx_word' id='word_1_357' title='bbox 3204 2134 3317 2191; x_wconf 88' lang='lat' dir='ltr'><strong>est,</strong></span> <span class='ocrx_word' id='word_1_358' title='bbox 3356 2140 3586 2193; x_wconf 86' lang='lat' dir='ltr'><strong>sagenas</strong></span> 
     </span>
    </p>
   </div>
   <div class='ocr_carea' id='block_1_52' title="bbox 1999 2213 3587 2291">
    <p class='ocr_par' dir='ltr' id='par_1_52' title="bbox 1999 2213 3587 2291">
     <span class='ocr_line' id='line_1_52' title="bbox 1999 2213 3587 2291; baseline -0.004 -16"><span class='ocrx_word' id='word_1_359' title='bbox 1999 2220 2121 2276; x_wconf 88' lang='lat' dir='ltr'><strong>illas</strong></span> <span class='ocrx_word' id='word_1_360' title='bbox 2155 2228 2321 2291; x_wconf 89' lang='lat' dir='ltr'><strong>atque</strong></span> <span class='ocrx_word' id='word_1_361' title='bbox 2360 2220 2700 2273; x_wconf 88' lang='lat' dir='ltr'><strong>irritamenta</strong></span> <span class='ocrx_word' id='word_1_362' title='bbox 2736 2217 3036 2271; x_wconf 89' lang='lat' dir='ltr'><strong>mulierum</strong></span> <span class='ocrx_word' id='word_1_363' title='bbox 3072 2231 3176 2270; x_wconf 90' lang='lat' dir='ltr'><strong>nos</strong></span> <span class='ocrx_word' id='word_1_364' title='bbox 3210 2213 3279 2271; x_wconf 91' lang='lat' dir='ltr'><strong>ad</strong></span> <span class='ocrx_word' id='word_1_365' title='bbox 3316 2230 3374 2270; x_wconf 89' lang='lat' dir='ltr'><strong>se</strong></span> <span class='ocrx_word' id='word_1_366' title='bbox 3410 2214 3587 2285; x_wconf 89' lang='lat' dir='ltr'><strong>proli-</strong></span> 
     </span>
    </p>
   </div>
   <div class='ocr_carea' id='block_1_53' title="bbox 2000 2301 3589 2375">
    <p class='ocr_par' dir='ltr' id='par_1_53' title="bbox 2000 2301 3589 2375">
     <span class='ocr_line' id='line_1_53' title="bbox 2000 2301 3589 2375; baseline -0.004 -8"><span class='ocrx_word' id='word_1_367' title='bbox 2000 2301 2264 2367; x_wconf 84' lang='lat' dir='ltr'><strong>cientium</strong></span> <span class='ocrx_word' id='word_1_368' title='bbox 2295 2311 2558 2375; x_wconf 87' lang='lat' dir='ltr'><strong>aversari,</strong></span> <span class='ocrx_word' id='word_1_369' title='bbox 2583 2318 2641 2365; x_wconf 90' lang='lat' dir='ltr'><strong>et</strong></span> <span class='ocrx_word' id='word_1_370' title='bbox 2665 2311 2733 2365; x_wconf 89' lang='lat' dir='ltr'><strong>ab</strong></span> <span class='ocrx_word' id='word_1_371' title='bbox 2763 2324 2953 2363; x_wconf 89' lang='lat' dir='ltr'><strong>earum</strong></span> <span class='ocrx_word' id='word_1_372' title='bbox 2982 2320 3040 2363; x_wconf 89' lang='lat' dir='ltr'><strong>se</strong></span> <span class='ocrx_word' id='word_1_373' title='bbox 3068 2307 3394 2363; x_wconf 84' lang='lat' dir='ltr'><strong>submovere</strong></span> <span class='ocrx_word' id='word_1_374' title='bbox 3420 2307 3589 2362; x_wconf 62' lang='lat' dir='ltr'><strong>collo.</strong></span> 
     </span>
    </p>
   </div>
   <div class='ocr_carea' id='block_1_54' title="bbox 2000 2397 3588 2475">
    <p class='ocr_par' dir='ltr' id='par_1_54' title="bbox 2000 2397 3588 2475">
     <span class='ocr_line' id='line_1_54' title="bbox 2000 2397 3588 2475; baseline -0.004 -15"><span class='ocrx_word' id='word_1_375' title='bbox 2000 2405 2169 2475; x_wconf 89' lang='lat' dir='ltr'><strong>quiis.</strong></span> <span class='ocrx_word' id='word_1_376' title='bbox 2218 2403 2334 2460; x_wconf 83' lang='lat' dir='ltr'><strong>Hoc</strong></span> <span class='ocrx_word' id='word_1_377' title='bbox 2383 2405 2531 2459; x_wconf 91' lang='lat' dir='ltr'><strong>enim</strong></span> <span class='ocrx_word' id='word_1_378' title='bbox 2584 2402 3025 2474; x_wconf 86' lang='lat' dir='ltr'><strong>sapientissimus</strong></span> <span class='ocrx_word' id='word_1_379' title='bbox 3070 2399 3279 2471; x_wconf 88' lang='lat' dir='ltr'><strong>alioqui</strong></span> <span class='ocrx_word' id='word_1_380' title='bbox 3331 2397 3588 2454; x_wconf 90' lang='lat' dir='ltr'><strong>Salomon</strong></span> 
     </span>
    </p>
   </div>
   <div class='ocr_carea' id='block_1_55' title="bbox 2001 2492 3589 2566">
    <p class='ocr_par' dir='ltr' id='par_1_55' title="bbox 2001 2492 3589 2566">
     <span class='ocr_line' id='line_1_55' title="bbox 2001 2492 3589 2566; baseline -0.005 -12"><span class='ocrx_word' id='word_1_381' title='bbox 2001 2496 2269 2554; x_wconf 68' lang='lat' dir='ltr'><strong>doctrinae</strong></span> <span class='ocrx_word' id='word_1_382' title='bbox 2295 2497 2639 2566; x_wconf 85' lang='lat' dir='ltr'><strong>experientia</strong></span> <span class='ocrx_word' id='word_1_383' title='bbox 2673 2510 2799 2550; x_wconf 91' lang='lat' dir='ltr'><strong>cum</strong></span> <span class='ocrx_word' id='word_1_384' title='bbox 2830 2495 3141 2560; x_wconf 89' lang='lat' dir='ltr'><strong>didicisset,</strong></span> <span class='ocrx_word' id='word_1_385' title='bbox 3168 2508 3363 2548; x_wconf 90' lang='lat' dir='ltr'><strong>omnes</strong></span> <span class='ocrx_word' id='word_1_386' title='bbox 3396 2508 3498 2547; x_wconf 91' lang='lat' dir='ltr'><strong>nos</strong></span> <span class='ocrx_word' id='word_1_387' title='bbox 3532 2492 3589 2546; x_wconf 90' lang='lat' dir='ltr'><strong>in</strong></span> 
     </span>
    </p>
   </div>
   <div class='ocr_carea' id='block_1_56' title="bbox 2000 2583 3591 2653">
    <p class='ocr_par' dir='ltr' id='par_1_56' title="bbox 2000 2583 3591 2653">
     <span class='ocr_line' id='line_1_56' title="bbox 2000 2583 3591 2653; baseline -0.004 -8"><span class='ocrx_word' id='word_1_388' title='bbox 2000 2605 2293 2645; x_wconf 90' lang='lat' dir='ltr'><strong>commune</strong></span> <span class='ocrx_word' id='word_1_389' title='bbox 2322 2589 2604 2653; x_wconf 89' lang='lat' dir='ltr'><strong>admonet,</strong></span> <span class='ocrx_word' id='word_1_390' title='bbox 2626 2587 2819 2643; x_wconf 88' lang='lat' dir='ltr'><strong>dicens</strong></span> <span class='ocrx_word' id='word_1_391' title='bbox 2850 2605 2863 2640; x_wconf 87' lang='lat'><strong>:</strong></span> <span class='ocrx_word' id='word_1_392' title='bbox 2899 2604 2917 2637; x_wconf 76' lang='grc' dir='ltr'><strong>ι</strong></span> <span class='ocrx_word' id='word_1_393' title='bbox 2949 2587 3027 2641; x_wconf 79' lang='lat' dir='ltr'><strong>Ne</strong></span> <span class='ocrx_word' id='word_1_394' title='bbox 3051 2585 3275 2641; x_wconf 89' lang='lat' dir='ltr'><strong>attende</strong></span> <span class='ocrx_word' id='word_1_395' title='bbox 3302 2584 3369 2638; x_wconf 91' lang='lat' dir='ltr'><strong>ad</strong></span> <span class='ocrx_word' id='word_1_396' title='bbox 3395 2583 3591 2639; x_wconf 88' lang='lat' dir='ltr'><strong>mulie-</strong></span> 
     </span>
    </p>
   </div>
   <div class='ocr_carea' id='block_1_57' title="bbox 2000 2674 3591 2744">
    <p class='ocr_par' dir='ltr' id='par_1_57' title="bbox 2000 2674 3591 2744">
     <span class='ocr_line' id='line_1_57' title="bbox 2000 2674 3591 2744; baseline -0.004 -9"><span class='ocrx_word' id='word_1_397' title='bbox 2000 2692 2118 2735; x_wconf 88' lang='lat' dir='ltr'><strong>rem</strong></span> <span class='ocrx_word' id='word_1_398' title='bbox 2166 2680 2397 2744; x_wconf 85' lang='lat' dir='ltr'><strong>malam,</strong></span> <span class='ocrx_word' id='word_1_399' title='bbox 2437 2678 2543 2733; x_wconf 89' lang='lat' dir='ltr'><strong>mel</strong></span> <span class='ocrx_word' id='word_1_400' title='bbox 2591 2678 2740 2732; x_wconf 91' lang='lat' dir='ltr'><strong>enim</strong></span> <span class='ocrx_word' id='word_1_401' title='bbox 2785 2675 3015 2730; x_wconf 89' lang='lat' dir='ltr'><strong>distillat</strong></span> <span class='ocrx_word' id='word_1_402' title='bbox 3056 2691 3089 2731; x_wconf 90' lang='lat' dir='ltr'><strong>a</strong></span> <span class='ocrx_word' id='word_1_403' title='bbox 3132 2675 3297 2729; x_wconf 89' lang='lat' dir='ltr'><strong>labiis</strong></span> <span class='ocrx_word' id='word_1_404' title='bbox 3339 2674 3591 2729; x_wconf 87' lang='lat' dir='ltr'><strong>mulieris</strong></span> 
     </span>
    </p>
   </div>
   <div class='ocr_carea' id='block_1_58' title="bbox 1999 2756 3588 2841">
    <p class='ocr_par' dir='ltr' id='par_1_58' title="bbox 1999 2756 3588 2841">
     <span class='ocr_line' id='line_1_58' title="bbox 1999 2756 3588 2841; baseline -0.006 -12"><span class='ocrx_word' id='word_1_405' title='bbox 1999 2756 2342 2836; x_wconf 72' lang='lat' dir='ltr'><strong>fornicariae,</strong></span> <span class='ocrx_word' id='word_1_406' title='bbox 2374 2780 2428 2825; x_wconf 87' lang='lat' dir='ltr'><strong>et</strong></span> <span class='ocrx_word' id='word_1_407' title='bbox 2467 2771 2535 2826; x_wconf 91' lang='lat' dir='ltr'><strong>ad</strong></span> <span class='ocrx_word' id='word_1_408' title='bbox 2572 2780 2793 2841; x_wconf 89' lang='lat' dir='ltr'><strong>tempus</strong></span> <span class='ocrx_word' id='word_1_409' title='bbox 2826 2769 3134 2841; x_wconf 83' lang='lat' dir='ltr'><strong>impinguat</strong></span> <span class='ocrx_word' id='word_1_410' title='bbox 3166 2775 3357 2840; x_wconf 77' lang='lat' dir='ltr'><strong>guttur</strong></span> <span class='ocrx_word' id='word_1_411' title='bbox 3389 2782 3588 2831; x_wconf 87' lang='lat' dir='ltr'><strong>suum;</strong></span> 
     </span>
    </p>
   </div>
   <div class='ocr_carea' id='block_1_59' title="bbox 2003 2858 3588 2929">
    <p class='ocr_par' dir='ltr' id='par_1_59' title="bbox 2003 2858 3588 2929">
     <span class='ocr_line' id='line_1_59' title="bbox 2003 2858 3588 2929; baseline -0.006 -10"><span class='ocrx_word' id='word_1_412' title='bbox 2003 2863 2062 2919; x_wconf 89' lang='lat' dir='ltr'><strong>in</strong></span> <span class='ocrx_word' id='word_1_413' title='bbox 2100 2864 2405 2918; x_wconf 82' lang='lat' dir='ltr'><strong>novissimo</strong></span> <span class='ocrx_word' id='word_1_414' title='bbox 2445 2871 2630 2916; x_wconf 90' lang='lat' dir='ltr'><strong>autem</strong></span> <span class='ocrx_word' id='word_1_415' title='bbox 2665 2861 2792 2916; x_wconf 86' lang='lat' dir='ltr'><strong>felle</strong></span> <span class='ocrx_word' id='word_1_416' title='bbox 2833 2860 3075 2915; x_wconf 88' lang='lat' dir='ltr'><strong>amarius</strong></span> <span class='ocrx_word' id='word_1_417' title='bbox 3112 2858 3246 2929; x_wconf 90' lang='lat' dir='ltr'><strong>quid</strong></span> <span class='ocrx_word' id='word_1_418' title='bbox 3288 2858 3538 2912; x_wconf 85' lang='lat' dir='ltr'><strong>invenies</strong></span> <span class='ocrx_word' id='word_1_419' title='bbox 3575 2873 3588 2909; x_wconf 92' lang='lat'>:</span> 
     </span>
    </p>
   </div>
   <div class='ocr_carea' id='block_1_60' title="bbox 2007 2949 3592 3023">
    <p class='ocr_par' dir='ltr' id='par_1_60' title="bbox 2007 2949 3592 3023">
     <span class='ocr_line' id='line_1_60' title="bbox 2007 2949 3592 3023; baseline 0 -14"><span class='ocrx_word' id='word_1_420' title='bbox 2007 2970 2077 3010; x_wconf 91' lang='lat' dir='ltr'><strong>ne</strong></span> <span class='ocrx_word' id='word_1_421' title='bbox 2110 2955 2279 3023; x_wconf 84' lang='lat' dir='ltr'><strong>igitur</strong></span> <span class='ocrx_word' id='word_1_422' title='bbox 2306 2954 2528 3008; x_wconf 92' lang='lat' dir='ltr'><strong>oculum</strong></span> <span class='ocrx_word' id='word_1_423' title='bbox 2563 2960 2719 3008; x_wconf 91' lang='lat' dir='ltr'><strong>tuum</strong></span> <span class='ocrx_word' id='word_1_424' title='bbox 2756 2952 3010 3007; x_wconf 89' lang='lat' dir='ltr'><strong>intendas</strong></span> <span class='ocrx_word' id='word_1_425' title='bbox 3046 2951 3099 3005; x_wconf 89' lang='lat' dir='ltr'><strong>in</strong></span> <span class='ocrx_word' id='word_1_426' title='bbox 3134 2965 3255 3005; x_wconf 85' lang='lat' dir='ltr'><strong>eam</strong></span> <span class='ocrx_word' id='word_1_427' title='bbox 3278 2950 3344 3004; x_wconf 82' lang='grc'><strong>³¹.</strong></span> <span class='ocrx_word' id='word_1_428' title='bbox 3386 2969 3403 3000; x_wconf 76' lang='grc' dir='ltr'><strong>ι</strong></span> <span class='ocrx_word' id='word_1_429' title='bbox 3445 2949 3592 3009; x_wconf 70' lang='lat' dir='ltr'><strong>Ruf.-</strong></span> 
     </span>
    </p>
   </div>
   <div class='ocr_carea' id='block_1_61' title="bbox 2008 3041 3592 3115">
    <p class='ocr_par' dir='ltr' id='par_1_61' title="bbox 2008 3041 3592 3115">
     <span class='ocr_line' id='line_1_61' title="bbox 2008 3041 3592 3115; baseline -0.004 -13"><span class='ocrx_word' id='word_1_430' title='bbox 2008 3063 2103 3102; x_wconf 90' lang='lat' dir='ltr'><strong>sus</strong></span> <span class='ocrx_word' id='word_1_431' title='bbox 2141 3064 2154 3100; x_wconf 89' lang='lat'><strong>:</strong></span> <span class='ocrx_word' id='word_1_432' title='bbox 2199 3065 2217 3098; x_wconf 72' lang='lat' dir='ltr'><strong>c</strong></span> <span class='ocrx_word' id='word_1_433' title='bbox 2257 3047 2335 3101; x_wconf 91' lang='lat' dir='ltr'><strong>Ne</strong></span> <span class='ocrx_word' id='word_1_434' title='bbox 2371 3046 2590 3100; x_wconf 86' lang='lat' dir='ltr'><strong>obviam</strong></span> <span class='ocrx_word' id='word_1_435' title='bbox 2624 3044 2892 3115; x_wconf 86' lang='lat' dir='ltr'><strong>procedas</strong></span> <span class='ocrx_word' id='word_1_436' title='bbox 2925 3043 3143 3098; x_wconf 86' lang='lat' dir='ltr'><strong>mulieri</strong></span> <span class='ocrx_word' id='word_1_437' title='bbox 3179 3041 3489 3104; x_wconf 89' lang='lat' dir='ltr'><strong>meretrici,</strong></span> <span class='ocrx_word' id='word_1_438' title='bbox 3522 3056 3592 3096; x_wconf 84' lang='lat' dir='ltr'><strong>ne</strong></span> 
     </span>
    </p>
   </div>
   <div class='ocr_carea' id='block_1_62' title="bbox 320 3130 1904 3206">
    <p class='ocr_par' dir='ltr' id='par_1_62' title="bbox 320 3136 1903 3206">
     <span class='ocr_line' id='line_1_62' title="bbox 320 3136 1903 3206; baseline -0.001 -15"><span class='ocrx_word' id='word_1_439' title='bbox 320 3138 417 3192; x_wconf 78' lang='grc' dir='ltr'><strong>ἀπ’</strong></span> <span class='ocrx_word' id='word_1_440' title='bbox 448 3137 622 3205; x_wconf 63' lang='grc' dir='ltr'>αὐτῆς</span> <span class='ocrx_word' id='word_1_441' title='bbox 647 3136 744 3206; x_wconf 78' lang='grc' dir='ltr'><strong>σὴν</strong></span> <span class='ocrx_word' id='word_1_442' title='bbox 777 3136 912 3189; x_wconf 81' lang='grc' dir='ltr'>ὀδόν.</span> <span class='ocrx_word' id='word_1_443' title='bbox 952 3155 969 3187; x_wconf 75' lang='grc' dir='ltr'><strong>ι</strong></span> <span class='ocrx_word' id='word_1_444' title='bbox 1010 3136 1118 3188; x_wconf 84' lang='lat' dir='ltr'><strong>Kal</strong></span> <span class='ocrx_word' id='word_1_445' title='bbox 1148 3136 1308 3188; x_wconf 71' lang='grc' dir='ltr'>πάλιν</span> <span class='ocrx_word' id='word_1_446' title='bbox 1338 3153 1353 3169; x_wconf 78' lang='grc' dir='ltr'><strong><em>ο</em></strong></span> <span class='ocrx_word' id='word_1_447' title='bbox 1378 3153 1397 3185; x_wconf 75' lang='grc' dir='ltr'><strong>ι</strong></span> <span class='ocrx_word' id='word_1_448' title='bbox 1445 3137 1535 3205; x_wconf 83' lang='grc' dir='ltr'>Μη</span> <span class='ocrx_word' id='word_1_449' title='bbox 1569 3137 1781 3190; x_wconf 83' lang='grc' dir='ltr'>ὑπάντα</span> <span class='ocrx_word' id='word_1_450' title='bbox 1810 3152 1903 3203; x_wconf 83' lang='grc' dir='ltr'>γυ-</span> 
     </span>
    </p>
   </div>
   <div class='ocr_carea' id='block_1_63' title="bbox 2005 3130 3594 3206">
    <p class='ocr_par' dir='ltr' id='par_1_63' title="bbox 2007 3130 3594 3205">
     <span class='ocr_line' id='line_1_63' title="bbox 2007 3130 3594 3205; baseline -0.006 -11"><span class='ocrx_word' id='word_1_451' title='bbox 2007 3140 2148 3194; x_wconf 86' lang='lat' dir='ltr'><strong>forte</strong></span> <span class='ocrx_word' id='word_1_452' title='bbox 2184 3136 2396 3192; x_wconf 87' lang='lat' dir='ltr'><strong>incidas</strong></span> <span class='ocrx_word' id='word_1_453' title='bbox 2424 3137 2478 3191; x_wconf 91' lang='lat' dir='ltr'><strong>in</strong></span> <span class='ocrx_word' id='word_1_454' title='bbox 2512 3136 2740 3205; x_wconf 89' lang='lat' dir='ltr'><strong>laqueos</strong></span> <span class='ocrx_word' id='word_1_455' title='bbox 2769 3134 2918 3190; x_wconf 89' lang='lat' dir='ltr'><strong>illius</strong></span> <span class='ocrx_word' id='word_1_456' title='bbox 2937 3134 3003 3188; x_wconf 83' lang='grc'><strong>³³.</strong></span> <span class='ocrx_word' id='word_1_457' title='bbox 3039 3153 3057 3184; x_wconf 76' lang='grc' dir='ltr'><strong>ι</strong></span> <span class='ocrx_word' id='word_1_458' title='bbox 3096 3132 3359 3187; x_wconf 84' lang='lat' dir='ltr'><strong>lnducit:</strong></span> <span class='ocrx_word' id='word_1_459' title='bbox 3403 3151 3420 3182; x_wconf 77' lang='grc' dir='ltr'><strong>ι</strong></span> <span class='ocrx_word' id='word_1_460' title='bbox 3458 3130 3594 3197; x_wconf 87' lang='lat' dir='ltr'><strong>Quis</strong></span> 
     </span>
    </p>
   </div>
   <div class='ocr_carea' id='block_1_64' title="bbox 318 3224 1903 3298">
    <p class='ocr_par' dir='ltr' id='par_1_64' title="bbox 318 3224 1903 3298">
     <span class='ocr_line' id='line_1_64' title="bbox 318 3224 1903 3298; baseline -0.002 -18"><span class='ocrx_word' id='word_1_461' title='bbox 318 3226 471 3280; x_wconf 74' lang='grc' dir='ltr'>ναικὶ</span> <span class='ocrx_word' id='word_1_462' title='bbox 500 3224 906 3296; x_wconf 80' lang='grc' dir='ltr'>ἐταιριζομένῃ,</span> <span class='ocrx_word' id='word_1_463' title='bbox 941 3225 1014 3294; x_wconf 85' lang='grc' dir='ltr'><strong>μή</strong></span> <span class='ocrx_word' id='word_1_464' title='bbox 1048 3241 1179 3277; x_wconf 88' lang='grc' dir='ltr'>ποτε</span> <span class='ocrx_word' id='word_1_465' title='bbox 1205 3225 1453 3298; x_wconf 86' lang='grc' dir='ltr'>ἐμπέσῃς</span> <span class='ocrx_word' id='word_1_466' title='bbox 1482 3227 1563 3289; x_wconf 87' lang='grc' dir='ltr'>εἰς</span> <span class='ocrx_word' id='word_1_467' title='bbox 1605 3226 1703 3287; x_wconf 77' lang='grc' dir='ltr'>τὰς</span> <span class='ocrx_word' id='word_1_468' title='bbox 1735 3225 1903 3292; x_wconf 85' lang='grc' dir='ltr'>παγί-</span> 
     </span>
    </p>
   </div>
   <div class='ocr_carea' id='block_1_65' title="bbox 318 3312 1904 3386">
    <p class='ocr_par' dir='ltr' id='par_1_65' title="bbox 318 3312 1904 3386">
     <span class='ocr_line' id='line_1_65' title="bbox 318 3312 1904 3386; baseline -0.006 -16"><span class='ocrx_word' id='word_1_469' title='bbox 318 3319 418 3375; x_wconf 81' lang='grc' dir='ltr'>δας</span> <span class='ocrx_word' id='word_1_470' title='bbox 462 3316 657 3386; x_wconf 73' lang='grc' dir='ltr'>αὐτῆς.</span> <span class='ocrx_word' id='word_1_471' title='bbox 684 3334 703 3366; x_wconf 72' lang='grc' dir='ltr'><strong>ι</strong></span> <span class='ocrx_word' id='word_1_472' title='bbox 763 3315 871 3368; x_wconf 87' lang='lat' dir='ltr'><strong>Kal.</strong></span> <span class='ocrx_word' id='word_1_473' title='bbox 916 3313 1133 3381; x_wconf 69' lang='grc' dir='ltr'>ἐπάγει,</span> <span class='ocrx_word' id='word_1_474' title='bbox 1179 3329 1198 3363; x_wconf 76' lang='grc' dir='ltr'><strong>ι</strong></span> <span class='ocrx_word' id='word_1_475' title='bbox 1246 3313 1531 3383; x_wconf 76' lang='grc' dir='ltr'>’Δποδήσει</span> <span class='ocrx_word' id='word_1_476' title='bbox 1562 3330 1646 3375; x_wconf 85' lang='grc' dir='ltr'><strong>τις</strong></span> <span class='ocrx_word' id='word_1_477' title='bbox 1688 3312 1797 3382; x_wconf 73' lang='grc' dir='ltr'>πῦρ</span> <span class='ocrx_word' id='word_1_478' title='bbox 1845 3313 1904 3363; x_wconf 83' lang='grc' dir='ltr'><strong>ἐν</strong></span> 
     </span>
    </p>
   </div>
   <div class='ocr_carea' id='block_1_66' title="bbox 321 3404 1903 3477">
    <p class='ocr_par' dir='ltr' id='par_1_66' title="bbox 321 3404 1903 3477">
     <span class='ocr_line' id='line_1_66' title="bbox 321 3404 1903 3477; baseline -0.004 -18"><span class='ocrx_word' id='word_1_479' title='bbox 321 3406 532 3477; x_wconf 84' lang='grc' dir='ltr'>κόλπῳ,</span> <span class='ocrx_word' id='word_1_480' title='bbox 560 3407 628 3459; x_wconf 62' lang='grc' dir='ltr'>τι</span> <span class='ocrx_word' id='word_1_481' title='bbox 657 3406 713 3459; x_wconf 78' lang='grc' dir='ltr'><strong>δὲ</strong></span> <span class='ocrx_word' id='word_1_482' title='bbox 743 3405 935 3474; x_wconf 75' lang='grc' dir='ltr'>ἱμάτια</span> <span class='ocrx_word' id='word_1_483' title='bbox 961 3404 1023 3456; x_wconf 78' lang='grc' dir='ltr'><strong>ού</strong></span> <span class='ocrx_word' id='word_1_484' title='bbox 1062 3404 1405 3457; x_wconf 85' lang='grc' dir='ltr'>κατακαύσει</span> <span class='ocrx_word' id='word_1_485' title='bbox 1428 3421 1443 3471; x_wconf 89' lang='lat'><strong>;</strong></span> <span class='ocrx_word' id='word_1_486' title='bbox 1468 3404 1500 3474; x_wconf 81' lang='grc' dir='ltr'>ἦ</span> <span class='ocrx_word' id='word_1_487' title='bbox 1528 3404 1903 3475; x_wconf 77' lang='grc' dir='ltr'>περιπατήσει</span> 
     </span>
    </p>
   </div>
   <div class='ocr_carea' id='block_1_67' title="bbox 320 3495 1905 3568">
    <p class='ocr_par' dir='ltr' id='par_1_67' title="bbox 320 3495 1905 3568">
     <span class='ocr_line' id='line_1_67' title="bbox 320 3495 1905 3568; baseline -0.004 -12"><span class='ocrx_word' id='word_1_488' title='bbox 320 3518 407 3566; x_wconf 87' lang='grc' dir='ltr'><strong>τις</strong></span> <span class='ocrx_word' id='word_1_489' title='bbox 434 3502 518 3555; x_wconf 79' lang='grc' dir='ltr'>ἐπ’</span> <span class='ocrx_word' id='word_1_490' title='bbox 544 3500 832 3568; x_wconf 76' lang='grc' dir='ltr'>ἀνθράκων</span> <span class='ocrx_word' id='word_1_491' title='bbox 868 3499 1060 3567; x_wconf 63' lang='grc' dir='ltr'>πυρὸς,</span> <span class='ocrx_word' id='word_1_492' title='bbox 1094 3500 1219 3560; x_wconf 72' lang='grc' dir='ltr'>τοὺς</span> <span class='ocrx_word' id='word_1_493' title='bbox 1246 3497 1300 3551; x_wconf 79' lang='grc' dir='ltr'><strong>δὲ</strong></span> <span class='ocrx_word' id='word_1_494' title='bbox 1334 3498 1497 3560; x_wconf 82' lang='grc' dir='ltr'>πόδας</span> <span class='ocrx_word' id='word_1_495' title='bbox 1523 3498 1584 3551; x_wconf 86' lang='grc' dir='ltr'><strong>οὐ</strong></span> <span class='ocrx_word' id='word_1_496' title='bbox 1622 3495 1905 3550; x_wconf 85' lang='grc' dir='ltr'>κατακαύ-</span> 
     </span>
    </p>
   </div>
   <div class='ocr_carea' id='block_1_68' title="bbox 321 3588 1905 3660">
    <p class='ocr_par' dir='ltr' id='par_1_68' title="bbox 321 3588 1905 3660">
     <span class='ocr_line' id='line_1_68' title="bbox 321 3588 1905 3660; baseline -0.004 -14"><span class='ocrx_word' id='word_1_497' title='bbox 321 3611 409 3647; x_wconf 86' lang='grc' dir='ltr'><strong>σει</strong></span> <span class='ocrx_word' id='word_1_498' title='bbox 438 3610 454 3659; x_wconf 87' lang='grc'><strong>;</strong></span> <span class='ocrx_word' id='word_1_499' title='bbox 487 3592 746 3655; x_wconf 82' lang='grc' dir='ltr'>ὡσαύτως</span> <span class='ocrx_word' id='word_1_500' title='bbox 772 3592 876 3643; x_wconf 83' lang='grc' dir='ltr'><strong>οὐκ</strong></span> <span class='ocrx_word' id='word_1_501' title='bbox 907 3589 1298 3660; x_wconf 80' lang='grc' dir='ltr'>ἀθωωθήσεται</span> <span class='ocrx_word' id='word_1_502' title='bbox 1341 3591 1445 3652; x_wconf 81' lang='grc' dir='ltr'>πᾶς</span> <span class='ocrx_word' id='word_1_503' title='bbox 1470 3589 1775 3658; x_wconf 71' lang='grc' dir='ltr'>ἁπτόμενος</span> <span class='ocrx_word' id='word_1_504' title='bbox 1802 3588 1905 3641; x_wconf 86' lang='grc' dir='ltr'>αὑ-</span> 
     </span>
    </p>
   </div>
   <div class='ocr_carea' id='block_1_69' title="bbox 318 3677 1903 3754">
    <p class='ocr_par' dir='ltr' id='par_1_69' title="bbox 318 3677 1903 3754">
     <span class='ocr_line' id='line_1_69' title="bbox 318 3677 1903 3754; baseline -0.002 -21"><span class='ocrx_word' id='word_1_505' title='bbox 318 3683 442 3754; x_wconf 80' lang='grc' dir='ltr'>τῆς.</span> <span class='ocrx_word' id='word_1_506' title='bbox 479 3702 499 3735; x_wconf 73' lang='grc' dir='ltr'><strong>ι</strong></span> <span class='ocrx_word' id='word_1_507' title='bbox 546 3683 654 3737; x_wconf 76' lang='lat' dir='ltr'><strong>Kal</strong></span> <span class='ocrx_word' id='word_1_508' title='bbox 700 3683 728 3735; x_wconf 87' lang='grc' dir='ltr'>ὁ</span> <span class='ocrx_word' id='word_1_509' title='bbox 778 3680 941 3749; x_wconf 81' lang='grc' dir='ltr'>νόμος</span> <span class='ocrx_word' id='word_1_510' title='bbox 995 3679 1202 3749; x_wconf 80' lang='grc' dir='ltr'>φησίνο</span> <span class='ocrx_word' id='word_1_511' title='bbox 1256 3699 1274 3732; x_wconf 84' lang='grc'><strong><em>‹</em></strong></span> <span class='ocrx_word' id='word_1_512' title='bbox 1312 3680 1385 3733; x_wconf 87' lang='grc' dir='ltr'>Ού</span> <span class='ocrx_word' id='word_1_513' title='bbox 1434 3677 1793 3749; x_wconf 84' lang='grc' dir='ltr'>πορνεύσεις,</span> <span class='ocrx_word' id='word_1_514' title='bbox 1842 3678 1903 3731; x_wconf 83' lang='grc' dir='ltr'><strong>οὐ</strong></span> 
     </span>
    </p>
   </div>
   <div class='ocr_carea' id='block_1_70' title="bbox 326 3767 1904 3847">
    <p class='ocr_par' dir='ltr' id='par_1_70' title="bbox 326 3767 1904 3847">
     <span class='ocr_line' id='line_1_70' title="bbox 326 3767 1904 3847; baseline -0.005 -18"><span class='ocrx_word' id='word_1_515' title='bbox 326 3773 639 3847; x_wconf 80' lang='grc' dir='ltr'>μοιχεύσεις</span> <span class='ocrx_word' id='word_1_516' title='bbox 665 3788 679 3803; x_wconf 72' lang='grc' dir='ltr'><strong>ο</strong></span> <span class='ocrx_word' id='word_1_517' title='bbox 727 3772 784 3835; x_wconf 85' lang='grc' dir='ltr'>ὃς</span> <span class='ocrx_word' id='word_1_518' title='bbox 818 3772 884 3825; x_wconf 84' lang='grc' dir='ltr'><strong>ἂν</strong></span> <span class='ocrx_word' id='word_1_519' title='bbox 924 3769 1189 3841; x_wconf 84' lang='grc' dir='ltr'>μοιχεύσῃ</span> <span class='ocrx_word' id='word_1_520' title='bbox 1225 3771 1322 3839; x_wconf 78' lang='grc' dir='ltr'><strong>τὴν</strong></span> <span class='ocrx_word' id='word_1_521' title='bbox 1352 3771 1589 3839; x_wconf 85' lang='grc' dir='ltr'>γυναῖκα</span> <span class='ocrx_word' id='word_1_522' title='bbox 1633 3767 1728 3821; x_wconf 78' lang='grc' dir='ltr'>τοῦ</span> <span class='ocrx_word' id='word_1_523' title='bbox 1765 3768 1904 3838; x_wconf 82' lang='grc' dir='ltr'>πλη-</span> 
     </span>
    </p>
   </div>
   <div class='ocr_carea' id='block_1_71' title="bbox 324 3857 1906 3935">
    <p class='ocr_par' dir='ltr' id='par_1_71' title="bbox 324 3857 1906 3935">
     <span class='ocr_line' id='line_1_71' title="bbox 324 3857 1906 3935; baseline -0.006 -12"><span class='ocrx_word' id='word_1_524' title='bbox 324 3869 446 3923; x_wconf 88' lang='grc' dir='ltr'>σίου</span> <span class='ocrx_word' id='word_1_525' title='bbox 467 3864 653 3928; x_wconf 76' lang='grc' dir='ltr'>αὐτοῦ,</span> <span class='ocrx_word' id='word_1_526' title='bbox 690 3857 906 3935; x_wconf 78' lang='grc' dir='ltr'>θανάτῳ</span> <span class='ocrx_word' id='word_1_527' title='bbox 932 3863 1255 3918; x_wconf 82' lang='grc' dir='ltr'>τελευτάτω,</span> <span class='ocrx_word' id='word_1_528' title='bbox 1294 3881 1312 3913; x_wconf 76' lang='grc' dir='ltr'><strong>ι</strong></span> <span class='ocrx_word' id='word_1_529' title='bbox 1358 3862 1468 3916; x_wconf 91' lang='lat' dir='ltr'><strong>Kal</strong></span> <span class='ocrx_word' id='word_1_530' title='bbox 1495 3861 1731 3935; x_wconf 17' lang='lat' dir='ltr'><strong>6~Aau16°</strong></span> <span class='ocrx_word' id='word_1_531' title='bbox 1767 3880 1785 3912; x_wconf 77' lang='grc' dir='ltr'><strong>ι</strong></span> <span class='ocrx_word' id='word_1_532' title='bbox 1816 3860 1906 3931; x_wconf 81' lang='grc' dir='ltr'><strong>Μὴ</strong></span> 
     </span>
    </p>
   </div>
   <div class='ocr_carea' id='block_1_72' title="bbox 323 3948 1907 4029">
    <p class='ocr_par' dir='ltr' id='par_1_72' title="bbox 323 3948 1907 4029">
     <span class='ocr_line' id='line_1_72' title="bbox 323 3948 1907 4029; baseline -0.007 -15"><span class='ocrx_word' id='word_1_533' title='bbox 323 3958 542 4029; x_wconf 79' lang='grc' dir='ltr'>γίνεσθε</span> <span class='ocrx_word' id='word_1_534' title='bbox 569 3958 646 4020; x_wconf 82' lang='grc' dir='ltr'>ὠς</span> <span class='ocrx_word' id='word_1_535' title='bbox 674 3958 858 4018; x_wconf 81' lang='grc' dir='ltr'>ἵππος,</span> <span class='ocrx_word' id='word_1_536' title='bbox 910 3954 1007 4008; x_wconf 76' lang='grc' dir='ltr'><strong>καὶ</strong></span> <span class='ocrx_word' id='word_1_537' title='bbox 1046 3954 1286 4025; x_wconf 78' lang='grc' dir='ltr'>ἡμίονος,</span> <span class='ocrx_word' id='word_1_538' title='bbox 1325 3948 1404 4017; x_wconf 74' lang='grc' dir='ltr'>οἷς</span> <span class='ocrx_word' id='word_1_539' title='bbox 1448 3953 1550 4007; x_wconf 78' lang='grc' dir='ltr'><strong>οὐκ</strong></span> <span class='ocrx_word' id='word_1_540' title='bbox 1599 3952 1714 4005; x_wconf 73' lang='grc' dir='ltr'>ἐστι</span> <span class='ocrx_word' id='word_1_541' title='bbox 1780 3952 1907 4005; x_wconf 90' lang='grc' dir='ltr'>σύν-</span> 
     </span>
    </p>
   </div>
   <div class='ocr_carea' id='block_1_73' title="bbox 325 4043 1907 4116">
    <p class='ocr_par' dir='ltr' id='par_1_73' title="bbox 325 4043 1907 4116">
     <span class='ocr_line' id='line_1_73' title="bbox 325 4043 1907 4116; baseline -0.007 -10"><span class='ocrx_word' id='word_1_542' title='bbox 325 4068 465 4115; x_wconf 83' lang='grc' dir='ltr'>εσις.</span> <span class='ocrx_word' id='word_1_543' title='bbox 498 4070 518 4103; x_wconf 72' lang='grc' dir='ltr'><strong>ι</strong></span> <span class='ocrx_word' id='word_1_544' title='bbox 567 4050 694 4108; x_wconf 76' lang='grc' dir='ltr'>Καὶ,</span> <span class='ocrx_word' id='word_1_545' title='bbox 718 4049 747 4101; x_wconf 82' lang='grc' dir='ltr'><strong>ὁ</strong></span> <span class='ocrx_word' id='word_1_546' title='bbox 775 4047 1059 4116; x_wconf 83' lang='grc' dir='ltr'>προφήτης</span> <span class='ocrx_word' id='word_1_547' title='bbox 1102 4045 1279 4116; x_wconf 81' lang='grc' dir='ltr'>Ὠσηὲ,</span> <span class='ocrx_word' id='word_1_548' title='bbox 1320 4044 1620 4115; x_wconf 82' lang='grc' dir='ltr'>ἀχθόμενος</span> <span class='ocrx_word' id='word_1_549' title='bbox 1652 4044 1781 4114; x_wconf 69' lang='grc' dir='ltr'>περὶ</span> <span class='ocrx_word' id='word_1_550' title='bbox 1813 4043 1907 4097; x_wconf 80' lang='grc' dir='ltr'>τοῦ</span> 
     </span>
    </p>
   </div>
   <div class='ocr_carea' id='block_1_74' title="bbox 325 4135 1911 4210">
    <p class='ocr_par' dir='ltr' id='par_1_74' title="bbox 325 4135 1911 4210">
     <span class='ocr_line' id='line_1_74' title="bbox 325 4135 1911 4210; baseline -0.008 -11"><span class='ocrx_word' id='word_1_551' title='bbox 325 4143 457 4199; x_wconf 82' lang='grc' dir='ltr'><strong>λαοῦ</strong></span> <span class='ocrx_word' id='word_1_552' title='bbox 488 4141 640 4210; x_wconf 77' lang='grc' dir='ltr'>ἔλεγε</span> <span class='ocrx_word' id='word_1_553' title='bbox 665 4158 680 4173; x_wconf 74' lang='grc' dir='ltr'><strong>ο</strong></span> <span class='ocrx_word' id='word_1_554' title='bbox 713 4158 732 4192; x_wconf 79' lang='grc' dir='ltr'><strong>ι</strong></span> <span class='ocrx_word' id='word_1_555' title='bbox 761 4139 1037 4207; x_wconf 80' lang='grc' dir='ltr'>Πνεύματι</span> <span class='ocrx_word' id='word_1_556' title='bbox 1085 4137 1343 4207; x_wconf 82' lang='grc' dir='ltr'>πορνείας</span> <span class='ocrx_word' id='word_1_557' title='bbox 1375 4135 1782 4207; x_wconf 80' lang='grc' dir='ltr'>ἐπλανήθησαν,</span> <span class='ocrx_word' id='word_1_558' title='bbox 1813 4136 1911 4189; x_wconf 58' lang='grc' dir='ltr'><strong>καὶ⁴</strong></span> 
     </span>
    </p>
   </div>
   <div class='ocr_carea' id='block_1_75' title="bbox 325 4228 1910 4299">
    <p class='ocr_par' dir='ltr' id='par_1_75' title="bbox 325 4228 1910 4299">
     <span class='ocr_line' id='line_1_75' title="bbox 325 4228 1910 4299; baseline -0.006 -9"><span class='ocrx_word' id='word_1_559' title='bbox 325 4241 356 4291; x_wconf 78' lang='grc' dir='ltr'><strong>ό</strong></span> <span class='ocrx_word' id='word_1_560' title='bbox 384 4236 515 4299; x_wconf 69' lang='grc' dir='ltr'>λαὸς</span> <span class='ocrx_word' id='word_1_561' title='bbox 561 4235 589 4287; x_wconf 89' lang='grc' dir='ltr'>ὁ</span> <span class='ocrx_word' id='word_1_562' title='bbox 618 4231 812 4286; x_wconf 84' lang='grc' dir='ltr'>συνιὼν</span> <span class='ocrx_word' id='word_1_563' title='bbox 861 4229 1224 4284; x_wconf 82' lang='grc' dir='ltr'>συνεπλέκετο</span> <span class='ocrx_word' id='word_1_564' title='bbox 1288 4228 1425 4299; x_wconf 80' lang='grc' dir='ltr'>μετὰ</span> <span class='ocrx_word' id='word_1_565' title='bbox 1475 4228 1697 4297; x_wconf 84' lang='grc' dir='ltr'>πόρνης.</span> <span class='ocrx_word' id='word_1_566' title='bbox 1742 4247 1761 4279; x_wconf 76' lang='grc' dir='ltr'><strong>ι</strong></span> <span class='ocrx_word' id='word_1_567' title='bbox 1800 4230 1910 4281; x_wconf 88' lang='lat' dir='ltr'><strong>Kal</strong></span> 
     </span>
    </p>
   </div>
   <div class='ocr_carea' id='block_1_76' title="bbox 327 4318 1913 4394">
    <p class='ocr_par' dir='ltr' id='par_1_76' title="bbox 327 4318 1913 4394">
     <span class='ocr_line' id='line_1_76' title="bbox 327 4318 1913 4394; baseline -0.007 -13"><span class='ocrx_word' id='word_1_568' title='bbox 327 4325 506 4388; x_wconf 73' lang='grc' dir='ltr'>αὖθις,</span> <span class='ocrx_word' id='word_1_569' title='bbox 550 4342 568 4374; x_wconf 81' lang='grc' dir='ltr'><strong>ι</strong></span> <span class='ocrx_word' id='word_1_570' title='bbox 608 4321 969 4394; x_wconf 83' lang='grc' dir='ltr'>Πορνεύοντες</span> <span class='ocrx_word' id='word_1_571' title='bbox 1013 4319 1440 4391; x_wconf 81' lang='grc' dir='ltr'>ἐξεπόρνευσαν·</span> <span class='ocrx_word' id='word_1_572' title='bbox 1476 4318 1773 4388; x_wconf 75' lang='grc' dir='ltr'>ἠγάπησαν</span> <span class='ocrx_word' id='word_1_573' title='bbox 1802 4319 1913 4371; x_wconf 88' lang='grc' dir='ltr'>ἀτι-</span> 
     </span>
    </p>
   </div>
   <div class='ocr_carea' id='block_1_77' title="bbox 333 4409 1911 4488">
    <p class='ocr_par' dir='ltr' id='par_1_77' title="bbox 333 4409 1911 4488">
     <span class='ocr_line' id='line_1_77' title="bbox 333 4409 1911 4488; baseline -0.006 -19"><span class='ocrx_word' id='word_1_574' title='bbox 333 4416 488 4488; x_wconf 83' lang='grc' dir='ltr'>μίαν.</span> <span class='ocrx_word' id='word_1_575' title='bbox 521 4433 540 4467; x_wconf 71' lang='grc' dir='ltr'><strong>ι</strong></span> <span class='ocrx_word' id='word_1_576' title='bbox 591 4416 701 4468; x_wconf 83' lang='lat' dir='ltr'><strong>Kal</strong></span> <span class='ocrx_word' id='word_1_577' title='bbox 767 4414 983 4483; x_wconf 57' lang='grc' dir='ltr'><strong>πάλινΔ</strong></span> <span class='ocrx_word' id='word_1_578' title='bbox 1020 4431 1039 4464; x_wconf 71' lang='grc' dir='ltr'><strong>ι</strong></span> <span class='ocrx_word' id='word_1_579' title='bbox 1073 4410 1296 4481; x_wconf 72' lang='grc' dir='ltr'>Πνεῦμα</span> <span class='ocrx_word' id='word_1_580' title='bbox 1343 4409 1601 4483; x_wconf 78' lang='grc' dir='ltr'>πορνείας</span> <span class='ocrx_word' id='word_1_581' title='bbox 1645 4410 1795 4461; x_wconf 73' lang='grc' dir='ltr'>ἐστὶν</span> <span class='ocrx_word' id='word_1_582' title='bbox 1853 4409 1911 4461; x_wconf 84' lang='grc' dir='ltr'><strong>ἐν</strong></span> 
     </span>
    </p>
   </div>
   <div class='ocr_carea' id='block_1_78' title="bbox 327 4501 1912 4576">
    <p class='ocr_par' dir='ltr' id='par_1_78' title="bbox 327 4501 1912 4576">
     <span class='ocr_line' id='line_1_78' title="bbox 327 4501 1912 4576; baseline -0.006 -13"><span class='ocrx_word' id='word_1_583' title='bbox 327 4509 541 4571; x_wconf 68' lang='grc' dir='ltr'>αὑτοῖς.</span> <span class='ocrx_word' id='word_1_584' title='bbox 570 4506 660 4559; x_wconf 77' lang='grc' dir='ltr'><strong>τὸν</strong></span> <span class='ocrx_word' id='word_1_585' title='bbox 686 4506 742 4560; x_wconf 79' lang='grc' dir='ltr'><strong>δὲ</strong></span> <span class='ocrx_word' id='word_1_586' title='bbox 770 4505 973 4576; x_wconf 81' lang='grc' dir='ltr'>Κύριον</span> <span class='ocrx_word' id='word_1_587' title='bbox 1001 4506 1101 4558; x_wconf 76' lang='grc' dir='ltr'><strong>οὐκ</strong></span> <span class='ocrx_word' id='word_1_588' title='bbox 1126 4504 1390 4568; x_wconf 71' lang='grc' dir='ltr'>ἔγνωσαν.</span> <span class='ocrx_word' id='word_1_589' title='bbox 1421 4520 1438 4552; x_wconf 77' lang='grc' dir='ltr'><strong>ι</strong></span> <span class='ocrx_word' id='word_1_590' title='bbox 1477 4502 1535 4553; x_wconf 88' lang='grc' dir='ltr'><strong>Ὀ</strong></span> <span class='ocrx_word' id='word_1_591' title='bbox 1560 4501 1615 4553; x_wconf 75' lang='grc' dir='ltr'><strong>δὲ</strong></span> <span class='ocrx_word' id='word_1_592' title='bbox 1657 4501 1912 4554; x_wconf 82' lang='grc' dir='ltr'>Ἀπόστο-</span> 
     </span>
    </p>
   </div>
   <div class='ocr_carea' id='block_1_79' title="bbox 328 4594 1911 4668">
    <p class='ocr_par' dir='ltr' id='par_1_79' title="bbox 328 4594 1911 4668">
     <span class='ocr_line' id='line_1_79' title="bbox 328 4594 1911 4668; baseline -0.005 -13"><span class='ocrx_word' id='word_1_593' title='bbox 328 4603 424 4663; x_wconf 87' lang='grc' dir='ltr'><strong>λος</strong></span> <span class='ocrx_word' id='word_1_594' title='bbox 446 4599 751 4654; x_wconf 78' lang='grc' dir='ltr'>ἐπιστέλλει</span> <span class='ocrx_word' id='word_1_595' title='bbox 778 4599 952 4668; x_wconf 85' lang='grc' dir='ltr'>λέγων</span> <span class='ocrx_word' id='word_1_596' title='bbox 972 4614 987 4629; x_wconf 87' lang='grc'><strong>·</strong></span> <span class='ocrx_word' id='word_1_597' title='bbox 1018 4617 1036 4649; x_wconf 77' lang='grc' dir='ltr'><strong>ι</strong></span> <span class='ocrx_word' id='word_1_598' title='bbox 1068 4596 1304 4665; x_wconf 79' lang='grc' dir='ltr'>Φεύγετε</span> <span class='ocrx_word' id='word_1_599' title='bbox 1348 4594 1448 4665; x_wconf 82' lang='grc' dir='ltr'>τὴν</span> <span class='ocrx_word' id='word_1_600' title='bbox 1479 4594 1758 4664; x_wconf 84' lang='grc' dir='ltr'>πορνείαν,</span> <span class='ocrx_word' id='word_1_601' title='bbox 1800 4596 1911 4648; x_wconf 78' lang='grc' dir='ltr'>πᾶν</span> 
     </span>
    </p>
   </div>
   <div class='ocr_carea' id='block_1_80' title="bbox 331 4684 1911 4763">
    <p class='ocr_par' dir='ltr' id='par_1_80' title="bbox 331 4684 1911 4763">
     <span class='ocr_line' id='line_1_80' title="bbox 331 4684 1911 4763; baseline -0.004 -18"><span class='ocrx_word' id='word_1_602' title='bbox 331 4693 662 4763; x_wconf 78' lang='grc' dir='ltr'>ἁμάρτημα,</span> <span class='ocrx_word' id='word_1_603' title='bbox 701 4689 730 4743; x_wconf 80' lang='grc' dir='ltr'><strong>ὃ</strong></span> <span class='ocrx_word' id='word_1_604' title='bbox 768 4690 861 4742; x_wconf 84' lang='grc' dir='ltr'>ἐὰν</span> <span class='ocrx_word' id='word_1_605' title='bbox 897 4689 1098 4759; x_wconf 77' lang='grc' dir='ltr'>ποιήσῃ</span> <span class='ocrx_word' id='word_1_606' title='bbox 1142 4686 1447 4758; x_wconf 82' lang='grc' dir='ltr'>ἄνθρωπος,</span> <span class='ocrx_word' id='word_1_607' title='bbox 1480 4684 1639 4747; x_wconf 75' lang='grc' dir='ltr'>ἐκτὸς</span> <span class='ocrx_word' id='word_1_608' title='bbox 1670 4684 1764 4738; x_wconf 76' lang='grc' dir='ltr'>τοῦ</span> <span class='ocrx_word' id='word_1_609' title='bbox 1802 4687 1911 4738; x_wconf 84' lang='grc' dir='ltr'><strong>σώ-</strong></span> 
     </span>
    </p>
   </div>
   <div class='ocr_carea' id='block_1_81' title="bbox 333 4778 1915 4854">
    <p class='ocr_par' dir='ltr' id='par_1_81' title="bbox 333 4778 1915 4854">
     <span class='ocr_line' id='line_1_81' title="bbox 333 4778 1915 4854; baseline -0.004 -17"><span class='ocrx_word' id='word_1_610' title='bbox 333 4783 504 4854; x_wconf 79' lang='grc' dir='ltr'>ματός</span> <span class='ocrx_word' id='word_1_611' title='bbox 533 4785 700 4835; x_wconf 76' lang='grc' dir='ltr'>ἐστιν’</span> <span class='ocrx_word' id='word_1_612' title='bbox 728 4784 757 4835; x_wconf 82' lang='grc' dir='ltr'>ὁ</span> <span class='ocrx_word' id='word_1_613' title='bbox 782 4782 840 4834; x_wconf 80' lang='grc' dir='ltr'><strong>δὲ</strong></span> <span class='ocrx_word' id='word_1_614' title='bbox 868 4781 1170 4852; x_wconf 86' lang='grc' dir='ltr'>πορνεύων,</span> <span class='ocrx_word' id='word_1_615' title='bbox 1202 4781 1281 4843; x_wconf 87' lang='grc' dir='ltr'>εἰς</span> <span class='ocrx_word' id='word_1_616' title='bbox 1307 4778 1367 4831; x_wconf 81' lang='grc' dir='ltr'><strong>τὸ</strong></span> <span class='ocrx_word' id='word_1_617' title='bbox 1398 4780 1531 4833; x_wconf 81' lang='grc' dir='ltr'>ἴδιον</span> <span class='ocrx_word' id='word_1_618' title='bbox 1559 4779 1719 4847; x_wconf 82' lang='grc' dir='ltr'>σῶμα</span> <span class='ocrx_word' id='word_1_619' title='bbox 1744 4779 1915 4849; x_wconf 83' lang='grc' dir='ltr'>ἁμαρ-</span> 
     </span>
    </p>
   </div>
   <div class='ocr_carea' id='block_1_82' title="bbox 327 4868 1915 4944">
    <p class='ocr_par' dir='ltr' id='par_1_82' title="bbox 327 4868 1915 4944">
     <span class='ocr_line' id='line_1_82' title="bbox 327 4868 1915 4944; baseline -0.003 -14"><span class='ocrx_word' id='word_1_620' title='bbox 327 4876 505 4930; x_wconf 77' lang='grc' dir='ltr'>τάνει.</span> <span class='ocrx_word' id='word_1_621' title='bbox 540 4894 559 4927; x_wconf 72' lang='grc' dir='ltr'><strong>ι</strong></span> <span class='ocrx_word' id='word_1_622' title='bbox 599 4876 707 4929; x_wconf 83' lang='lat' dir='ltr'><strong>Kal</strong></span> <span class='ocrx_word' id='word_1_623' title='bbox 736 4873 987 4944; x_wconf 81' lang='grc' dir='ltr'>ἐπιφέρει</span> <span class='ocrx_word' id='word_1_624' title='bbox 1010 4888 1024 4902; x_wconf 73' lang='grc' dir='ltr'><strong>ο</strong></span> <span class='ocrx_word' id='word_1_625' title='bbox 1074 4891 1093 4923; x_wconf 80' lang='grc' dir='ltr'><strong>ι</strong></span> <span class='ocrx_word' id='word_1_626' title='bbox 1125 4872 1238 4924; x_wconf 80' lang='grc' dir='ltr'>Οὐκ</span> <span class='ocrx_word' id='word_1_627' title='bbox 1266 4871 1445 4924; x_wconf 81' lang='grc' dir='ltr'>οἴδατε</span> <span class='ocrx_word' id='word_1_628' title='bbox 1476 4873 1560 4925; x_wconf 84' lang='grc' dir='ltr'><strong>ὅτι</strong></span> <span class='ocrx_word' id='word_1_629' title='bbox 1591 4870 1660 4925; x_wconf 79' lang='grc' dir='ltr'>τὰ</span> <span class='ocrx_word' id='word_1_630' title='bbox 1685 4868 1915 4941; x_wconf 77' lang='grc' dir='ltr'>σώματα</span> 
     </span>
    </p>
   </div>
   <div class='ocr_carea' id='block_1_83' title="bbox 330 4961 1914 5040">
    <p class='ocr_par' dir='ltr' id='par_1_83' title="bbox 330 4961 1914 5040">
     <span class='ocr_line' id='line_1_83' title="bbox 330 4961 1914 5040; baseline -0.005 -17"><span class='ocrx_word' id='word_1_631' title='bbox 330 4968 488 5040; x_wconf 78' lang='grc' dir='ltr'>ὑμῶν</span> <span class='ocrx_word' id='word_1_632' title='bbox 516 4968 644 5030; x_wconf 72' lang='grc' dir='ltr'>ναὸς</span> <span class='ocrx_word' id='word_1_633' title='bbox 695 4964 789 5020; x_wconf 76' lang='grc' dir='ltr'>τοῦ</span> <span class='ocrx_word' id='word_1_634' title='bbox 833 4967 887 5018; x_wconf 84' lang='grc' dir='ltr'>ὲν</span> <span class='ocrx_word' id='word_1_635' title='bbox 922 4966 1052 5033; x_wconf 81' lang='grc' dir='ltr'>ὑμῖν</span> <span class='ocrx_word' id='word_1_636' title='bbox 1096 4964 1251 5031; x_wconf 82' lang='grc' dir='ltr'>ἁγίου</span> <span class='ocrx_word' id='word_1_637' title='bbox 1306 4962 1624 5032; x_wconf 81' lang='grc' dir='ltr'>Πνεύματός</span> <span class='ocrx_word' id='word_1_638' title='bbox 1672 4964 1843 5029; x_wconf 79' lang='grc' dir='ltr'>ἐστιν,</span> <span class='ocrx_word' id='word_1_639' title='bbox 1885 4961 1914 5015; x_wconf 78' lang='grc' dir='ltr'><strong>ὃ</strong></span> 
     </span>
    </p>
   </div>
   <div class='ocr_carea' id='block_1_84' title="bbox 331 5053 1912 5132">
    <p class='ocr_par' dir='ltr' id='par_1_84' title="bbox 331 5053 1912 5132">
     <span class='ocr_line' id='line_1_84' title="bbox 331 5053 1912 5132; baseline 0.003 -21"><span class='ocrx_word' id='word_1_640' title='bbox 331 5060 487 5132; x_wconf 75' lang='grc' dir='ltr'>ἔχετε</span> <span class='ocrx_word' id='word_1_641' title='bbox 524 5059 634 5113; x_wconf 76' lang='grc' dir='ltr'>ἀπὸ</span> <span class='ocrx_word' id='word_1_642' title='bbox 663 5057 757 5111; x_wconf 81' lang='grc' dir='ltr'>τοῦ</span> <span class='ocrx_word' id='word_1_643' title='bbox 793 5055 929 5110; x_wconf 77' lang='grc' dir='ltr'>Θεοῦ</span> <span class='ocrx_word' id='word_1_644' title='bbox 951 5096 966 5119; x_wconf 91' lang='grc'><strong>,</strong></span> <span class='ocrx_word' id='word_1_645' title='bbox 1000 5056 1093 5109; x_wconf 77' lang='grc' dir='ltr'><strong>καὶ</strong></span> <span class='ocrx_word' id='word_1_646' title='bbox 1129 5056 1229 5110; x_wconf 77' lang='grc' dir='ltr'><strong>οὐκ</strong></span> <span class='ocrx_word' id='word_1_647' title='bbox 1272 5055 1393 5108; x_wconf 81' lang='grc' dir='ltr'><strong>ἐστέ</strong></span> <span class='ocrx_word' id='word_1_648' title='bbox 1426 5053 1675 5119; x_wconf 86' lang='grc' dir='ltr'>ἐαυτῶν;</span> <span class='ocrx_word' id='word_1_649' title='bbox 1703 5054 1912 5126; x_wconf 78' lang='grc' dir='ltr'>ἡγορά-</span> 
     </span>
    </p>
   </div>
   <div class='ocr_carea' id='block_1_85' title="bbox 332 5147 1914 5223">
    <p class='ocr_par' dir='ltr' id='par_1_85' title="bbox 332 5147 1914 5223">
     <span class='ocr_line' id='line_1_85' title="bbox 332 5147 1914 5223; baseline -0.004 -16"><span class='ocrx_word' id='word_1_650' title='bbox 332 5154 500 5223; x_wconf 84' lang='grc' dir='ltr'>σθητε</span> <span class='ocrx_word' id='word_1_651' title='bbox 528 5153 634 5220; x_wconf 88' lang='grc' dir='ltr'>γὰρ</span> <span class='ocrx_word' id='word_1_652' title='bbox 665 5150 849 5219; x_wconf 75' lang='grc' dir='ltr'>τιμῆς.</span> <span class='ocrx_word' id='word_1_653' title='bbox 885 5168 903 5199; x_wconf 75' lang='grc' dir='ltr'><strong>ι</strong></span> <span class='ocrx_word' id='word_1_654' title='bbox 939 5149 1047 5202; x_wconf 90' lang='lat' dir='ltr'><strong>Kal</strong></span> <span class='ocrx_word' id='word_1_655' title='bbox 1084 5151 1139 5201; x_wconf 86' lang='grc' dir='ltr'><strong>ἐν</strong></span> <span class='ocrx_word' id='word_1_656' title='bbox 1182 5150 1296 5211; x_wconf 80' lang='grc' dir='ltr'>τοῖς</span> <span class='ocrx_word' id='word_1_657' title='bbox 1328 5147 1499 5209; x_wconf 79' lang='grc' dir='ltr'>ὅντως</span> <span class='ocrx_word' id='word_1_658' title='bbox 1533 5150 1766 5212; x_wconf 86' lang='grc' dir='ltr'>πιστοῖς,</span> <span class='ocrx_word' id='word_1_659' title='bbox 1799 5150 1914 5212; x_wconf 86' lang='grc' dir='ltr'>τοῖς</span> 
     </span>
    </p>
   </div>
   <div class='ocr_carea' id='block_1_86' title="bbox 336 5237 1914 5314">
    <p class='ocr_par' dir='ltr' id='par_1_86' title="bbox 336 5237 1914 5314">
     <span class='ocr_line' id='line_1_86' title="bbox 336 5237 1914 5314; baseline -0.003 -16"><span class='ocrx_word' id='word_1_660' title='bbox 336 5244 560 5314; x_wconf 78' lang='grc' dir='ltr'>Πνεῦμα</span> <span class='ocrx_word' id='word_1_661' title='bbox 588 5243 722 5296; x_wconf 64' lang='grc' dir='ltr'><strong>Θεοῦ</strong></span> <span class='ocrx_word' id='word_1_662' title='bbox 751 5241 988 5311; x_wconf 75' lang='grc' dir='ltr'>ἔχουσιν,</span> <span class='ocrx_word' id='word_1_663' title='bbox 1023 5240 1176 5293; x_wconf 75' lang='grc' dir='ltr'>οὐδὲν</span> <span class='ocrx_word' id='word_1_664' title='bbox 1201 5239 1459 5311; x_wconf 84' lang='grc' dir='ltr'>σαρκικδν</span> <span class='ocrx_word' id='word_1_665' title='bbox 1486 5241 1713 5296; x_wconf 86' lang='grc' dir='ltr'>δύναται</span> <span class='ocrx_word' id='word_1_666' title='bbox 1735 5237 1878 5295; x_wconf 74' lang='grc' dir='ltr'>εἶναι</span> <span class='ocrx_word' id='word_1_667' title='bbox 1901 5257 1914 5271; x_wconf 79' lang='grc'><strong><em>⁸</em></strong></span> 
     </span>
    </p>
   </div>
   <div class='ocr_carea' id='block_1_87' title="bbox 331 5332 1911 5403">
    <p class='ocr_par' dir='ltr' id='par_1_87' title="bbox 331 5332 1911 5403">
     <span class='ocr_line' id='line_1_87' title="bbox 331 5332 1911 5403; baseline -0.004 -10"><span class='ocrx_word' id='word_1_668' title='bbox 331 5336 492 5393; x_wconf 76' lang='grc' dir='ltr'>ἄτινά</span> <span class='ocrx_word' id='word_1_669' title='bbox 529 5338 664 5396; x_wconf 83' lang='grc' dir='ltr'>ἐστι,</span> <span class='ocrx_word' id='word_1_670' title='bbox 698 5334 941 5403; x_wconf 84' lang='grc' dir='ltr'>πορνεία,</span> <span class='ocrx_word' id='word_1_671' title='bbox 970 5332 1308 5401; x_wconf 78' lang='grc' dir='ltr'>ἀκαθαρσία,</span> <span class='ocrx_word' id='word_1_672' title='bbox 1352 5333 1610 5400; x_wconf 77' lang='grc' dir='ltr'>ἀσέλγεια</span> <span class='ocrx_word' id='word_1_673' title='bbox 1638 5374 1653 5397; x_wconf 92' lang='grc'><strong>,</strong></span> <span class='ocrx_word' id='word_1_674' title='bbox 1710 5334 1806 5386; x_wconf 77' lang='grc' dir='ltr'>καὶ</span> <span class='ocrx_word' id='word_1_675' title='bbox 1842 5333 1911 5387; x_wconf 78' lang='grc' dir='ltr'>τὰ</span> 
     </span>
    </p>
   </div>
   <div class='ocr_carea' id='block_1_88' title="bbox 332 5422 1910 5499">
    <p class='ocr_par' dir='ltr' id='par_1_88' title="bbox 332 5422 1910 5499">
     <span class='ocr_line' id='line_1_88' title="bbox 332 5422 1910 5499; baseline -0.005 -16"><span class='ocrx_word' id='word_1_676' title='bbox 332 5427 480 5499; x_wconf 69' lang='grc' dir='ltr'>ἑξῆς.</span> <span class='ocrx_word' id='word_1_677' title='bbox 533 5428 595 5482; x_wconf 81' lang='grc' dir='ltr'>Οί</span> <span class='ocrx_word' id='word_1_678' title='bbox 627 5427 735 5497; x_wconf 74' lang='grc' dir='ltr'><strong>γὰρ</strong></span> <span class='ocrx_word' id='word_1_679' title='bbox 784 5424 1137 5495; x_wconf 82' lang='grc' dir='ltr'>σαρκοφόροι,</span> <span class='ocrx_word' id='word_1_680' title='bbox 1179 5422 1458 5493; x_wconf 74' lang='grc' dir='ltr'>βασιλείαν</span> <span class='ocrx_word' id='word_1_681' title='bbox 1504 5425 1641 5480; x_wconf 76' lang='grc' dir='ltr'>Θεοῦ</span> <span class='ocrx_word' id='word_1_682' title='bbox 1675 5426 1734 5480; x_wconf 68' lang='grc' dir='ltr'><strong>οὐ</strong></span> <span class='ocrx_word' id='word_1_683' title='bbox 1779 5425 1910 5495; x_wconf 79' lang='grc' dir='ltr'>κλη-</span> 
     </span>
    </p>
   </div>
   <div class='ocr_carea' id='block_1_89' title="bbox 2004 3227 3591 3301">
    <p class='ocr_par' dir='ltr' id='par_1_89' title="bbox 2004 3227 3591 3301">
     <span class='ocr_line' id='line_1_89' title="bbox 2004 3227 3591 3301; baseline -0.007 -15"><span class='ocrx_word' id='word_1_684' title='bbox 2004 3230 2253 3301; x_wconf 87' lang='lat' dir='ltr'><strong>alligabit</strong></span> <span class='ocrx_word' id='word_1_685' title='bbox 2279 3230 2461 3300; x_wconf 84' lang='lat' dir='ltr'><strong>ignem</strong></span> <span class='ocrx_word' id='word_1_686' title='bbox 2498 3228 2551 3282; x_wconf 89' lang='lat' dir='ltr'><strong>in</strong></span> <span class='ocrx_word' id='word_1_687' title='bbox 2588 3228 2737 3291; x_wconf 91' lang='lat' dir='ltr'><strong>sinu,</strong></span> <span class='ocrx_word' id='word_1_688' title='bbox 2766 3227 3097 3282; x_wconf 83' lang='lat' dir='ltr'><strong>vestimenta</strong></span> <span class='ocrx_word' id='word_1_689' title='bbox 3124 3239 3256 3279; x_wconf 89' lang='lat' dir='ltr'><strong>vero</strong></span> <span class='ocrx_word' id='word_1_690' title='bbox 3291 3240 3401 3279; x_wconf 92' lang='lat' dir='ltr'><strong>non</strong></span> <span class='ocrx_word' id='word_1_691' title='bbox 3436 3238 3591 3278; x_wconf 89' lang='lat' dir='ltr'><strong>com-</strong></span> 
     </span>
    </p>
   </div>
   <div class='ocr_carea' id='block_1_90' title="bbox 2006 3313 3591 3389">
    <p class='ocr_par' dir='ltr' id='par_1_90' title="bbox 2006 3313 3591 3389">
     <span class='ocr_line' id='line_1_90' title="bbox 2006 3313 3591 3389; baseline -0.005 -14"><span class='ocrx_word' id='word_1_692' title='bbox 2006 3321 2203 3376; x_wconf 89' lang='lat' dir='ltr'><strong>buret?</strong></span> <span class='ocrx_word' id='word_1_693' title='bbox 2236 3318 2670 3389; x_wconf 84' lang='lat' dir='ltr'><strong>autambulabit</strong></span> <span class='ocrx_word' id='word_1_694' title='bbox 2699 3316 2901 3387; x_wconf 91' lang='lat' dir='ltr'><strong>aliquis</strong></span> <span class='ocrx_word' id='word_1_695' title='bbox 2932 3331 3098 3386; x_wconf 91' lang='lat' dir='ltr'><strong>super</strong></span> <span class='ocrx_word' id='word_1_696' title='bbox 3125 3314 3395 3370; x_wconf 89' lang='lat' dir='ltr'><strong>carbones</strong></span> <span class='ocrx_word' id='word_1_697' title='bbox 3429 3313 3591 3383; x_wconf 84' lang='lat' dir='ltr'><strong>ignis.</strong></span> 
     </span>
    </p>
   </div>
   <div class='ocr_carea' id='block_1_91' title="bbox 2004 3406 3594 3489">
    <p class='ocr_par' dir='ltr' id='par_1_91' title="bbox 2004 3406 3594 3489">
     <span class='ocr_line' id='line_1_91' title="bbox 2004 3406 3594 3489; baseline -0.006 -21"><span class='ocrx_word' id='word_1_698' title='bbox 2004 3422 2062 3468; x_wconf 89' lang='lat' dir='ltr'><strong>et</strong></span> <span class='ocrx_word' id='word_1_699' title='bbox 2102 3410 2390 3489; x_wconf 24' lang='lat' dir='ltr'><strong>pedes‘illi</strong></span> <span class='ocrx_word' id='word_1_700' title='bbox 2433 3426 2542 3464; x_wconf 92' lang='lat' dir='ltr'><strong>non</strong></span> <span class='ocrx_word' id='word_1_701' title='bbox 2582 3409 2894 3465; x_wconf 89' lang='lat' dir='ltr'><strong>ardebuut?</strong></span> <span class='ocrx_word' id='word_1_702' title='bbox 2926 3410 3009 3464; x_wconf 90' lang='lat' dir='ltr'><strong>sic</strong></span> <span class='ocrx_word' id='word_1_703' title='bbox 3041 3423 3152 3463; x_wconf 91' lang='lat' dir='ltr'><strong>non</strong></span> <span class='ocrx_word' id='word_1_704' title='bbox 3188 3406 3452 3461; x_wconf 89' lang='lat' dir='ltr'><strong>innocens</strong></span> <span class='ocrx_word' id='word_1_705' title='bbox 3484 3406 3594 3460; x_wconf 89' lang='lat' dir='ltr'><strong>erit</strong></span> 
     </span>
    </p>
   </div>
   <div class='ocr_carea' id='block_1_92' title="bbox 2005 3495 3593 3573">
    <p class='ocr_par' dir='ltr' id='par_1_92' title="bbox 2005 3495 3593 3573">
     <span class='ocr_line' id='line_1_92' title="bbox 2005 3495 3593 3573; baseline -0.004 -14"><span class='ocrx_word' id='word_1_706' title='bbox 2005 3504 2187 3559; x_wconf 89' lang='lat' dir='ltr'><strong>omnis</strong></span> <span class='ocrx_word' id='word_1_707' title='bbox 2217 3503 2310 3572; x_wconf 90' lang='lat' dir='ltr'><strong>qui</strong></span> <span class='ocrx_word' id='word_1_708' title='bbox 2348 3503 2520 3573; x_wconf 82' lang='lat' dir='ltr'><strong>tangit</strong></span> <span class='ocrx_word' id='word_1_709' title='bbox 2550 3519 2672 3558; x_wconf 90' lang='lat' dir='ltr'><strong>eam</strong></span> <span class='ocrx_word' id='word_1_710' title='bbox 2697 3502 2764 3556; x_wconf 85' lang='grc'><strong>³³.</strong></span> <span class='ocrx_word' id='word_1_711' title='bbox 2797 3522 2815 3552; x_wconf 74' lang='grc' dir='ltr'><strong>ι</strong></span> <span class='ocrx_word' id='word_1_712' title='bbox 2854 3501 2960 3557; x_wconf 86' lang='lat' dir='ltr'><strong>Sed</strong></span> <span class='ocrx_word' id='word_1_713' title='bbox 2991 3510 3047 3557; x_wconf 90' lang='lat' dir='ltr'><strong>ct</strong></span> <span class='ocrx_word' id='word_1_714' title='bbox 3078 3502 3165 3555; x_wconf 81' lang='lat' dir='ltr'><strong>lex</strong></span> <span class='ocrx_word' id='word_1_715' title='bbox 3196 3499 3335 3554; x_wconf 90' lang='lat' dir='ltr'><strong>dicit</strong></span> <span class='ocrx_word' id='word_1_716' title='bbox 3365 3518 3379 3553; x_wconf 89' lang='lat'><strong>:</strong></span> <span class='ocrx_word' id='word_1_717' title='bbox 3421 3518 3438 3549; x_wconf 80' lang='grc' dir='ltr'><strong>ι</strong></span> <span class='ocrx_word' id='word_1_718' title='bbox 3473 3495 3593 3553; x_wconf 82' lang='lat' dir='ltr'><strong>Non</strong></span> 
     </span>
    </p>
   </div>
   <div class='ocr_carea' id='block_1_93' title="bbox 2003 3595 3596 3666">
    <p class='ocr_par' dir='ltr' id='par_1_93' title="bbox 2003 3595 3596 3666">
     <span class='ocr_line' id='line_1_93' title="bbox 2003 3595 3596 3666; baseline -0.003 -12"><span class='ocrx_word' id='word_1_719' title='bbox 2003 3595 2439 3655; x_wconf 69' lang='lat' dir='ltr'><strong>fornicaberis“</strong></span> <span class='ocrx_word' id='word_1_720' title='bbox 2481 3613 2494 3649; x_wconf 92' lang='lat'>:</span> <span class='ocrx_word' id='word_1_721' title='bbox 2543 3595 2641 3666; x_wconf 89' lang='lat' dir='ltr'><strong>qui</strong></span> <span class='ocrx_word' id='word_1_722' title='bbox 2688 3596 2997 3651; x_wconf 81' lang='lat' dir='ltr'><strong>fornicatus</strong></span> <span class='ocrx_word' id='word_1_723' title='bbox 3040 3595 3210 3650; x_wconf 89' lang='lat' dir='ltr'><strong>fuerit</strong></span> <span class='ocrx_word' id='word_1_724' title='bbox 3250 3610 3375 3650; x_wconf 91' lang='lat' dir='ltr'><strong>cum</strong></span> <span class='ocrx_word' id='word_1_725' title='bbox 3424 3610 3596 3649; x_wconf 79' lang='lat' dir='ltr'><strong>uxore</strong></span> 
     </span>
    </p>
   </div>
   <div class='ocr_carea' id='block_1_94' title="bbox 2006 3687 3586 3761">
    <p class='ocr_par' dir='ltr' id='par_1_94' title="bbox 2006 3687 3586 3761">
     <span class='ocr_line' id='line_1_94' title="bbox 2006 3687 3586 3761; baseline -0.004 -16"><span class='ocrx_word' id='word_1_726' title='bbox 2006 3689 2240 3761; x_wconf 78' lang='lat' dir='ltr'><strong>proximi</strong></span> <span class='ocrx_word' id='word_1_727' title='bbox 2287 3688 2395 3753; x_wconf 90' lang='lat' dir='ltr'><strong>sui,</strong></span> <span class='ocrx_word' id='word_1_728' title='bbox 2426 3696 2602 3743; x_wconf 87' lang='lat' dir='ltr'><strong>morte</strong></span> <span class='ocrx_word' id='word_1_729' title='bbox 2649 3687 2919 3742; x_wconf 86' lang='lat' dir='ltr'><strong>moriatur</strong></span> <span class='ocrx_word' id='word_1_730' title='bbox 2944 3688 3010 3741; x_wconf 83' lang='grc'><strong>³⁸.</strong></span> <span class='ocrx_word' id='word_1_731' title='bbox 3052 3708 3069 3740; x_wconf 74' lang='grc' dir='ltr'><strong>ι</strong></span> <span class='ocrx_word' id='word_1_732' title='bbox 3120 3687 3291 3742; x_wconf 77' lang='lat' dir='ltr'><strong>David</strong></span> <span class='ocrx_word' id='word_1_733' title='bbox 3337 3695 3521 3741; x_wconf 90' lang='lat' dir='ltr'><strong>autem</strong></span> <span class='ocrx_word' id='word_1_734' title='bbox 3573 3704 3586 3738; x_wconf 88' lang='lat'><strong>:</strong></span> 
     </span>
    </p>
   </div>
   <div class='ocr_carea' id='block_1_95' title="bbox 2013 3780 3599 3851">
    <p class='ocr_par' dir='ltr' id='par_1_95' title="bbox 2013 3780 3599 3851">
     <span class='ocr_line' id='line_1_95' title="bbox 2013 3780 3599 3851; baseline -0.001 -16"><span class='ocrx_word' id='word_1_735' title='bbox 2013 3801 2032 3835; x_wconf 74' lang='grc' dir='ltr'><strong>ι</strong></span> <span class='ocrx_word' id='word_1_736' title='bbox 2068 3782 2247 3839; x_wconf 87' lang='lat' dir='ltr'><strong>Nolite</strong></span> <span class='ocrx_word' id='word_1_737' title='bbox 2278 3781 2401 3836; x_wconf 84' lang='lat' dir='ltr'><strong>fieri</strong></span> <span class='ocrx_word' id='word_1_738' title='bbox 2430 3782 2574 3836; x_wconf 90' lang='lat' dir='ltr'><strong>sicut</strong></span> <span class='ocrx_word' id='word_1_739' title='bbox 2603 3795 2783 3851; x_wconf 90' lang='lat' dir='ltr'><strong>equus</strong></span> <span class='ocrx_word' id='word_1_740' title='bbox 2816 3790 2872 3835; x_wconf 90' lang='lat' dir='ltr'><strong>et</strong></span> <span class='ocrx_word' id='word_1_741' title='bbox 2899 3781 3106 3845; x_wconf 90' lang='lat' dir='ltr'><strong>mulus,</strong></span> <span class='ocrx_word' id='word_1_742' title='bbox 3134 3780 3337 3849; x_wconf 89' lang='lat' dir='ltr'><strong>quibus</strong></span> <span class='ocrx_word' id='word_1_743' title='bbox 3365 3794 3478 3835; x_wconf 88' lang='lat' dir='ltr'><strong>non</strong></span> <span class='ocrx_word' id='word_1_744' title='bbox 3512 3790 3599 3834; x_wconf 87' lang='lat' dir='ltr'><strong>est</strong></span> 
     </span>
    </p>
   </div>
   <div class='ocr_carea' id='block_1_96' title="bbox 2010 3870 3600 3943">
    <p class='ocr_par' dir='ltr' id='par_1_96' title="bbox 2010 3870 3600 3943">
     <span class='ocr_line' id='line_1_96' title="bbox 2010 3870 3600 3943; baseline -0.002 -15"><span class='ocrx_word' id='word_1_745' title='bbox 2010 3874 2329 3929; x_wconf 90' lang='lat' dir='ltr'><strong>intellectus</strong></span> <span class='ocrx_word' id='word_1_746' title='bbox 2348 3873 2415 3928; x_wconf 79' lang='grc'><strong>³⁸.</strong></span> <span class='ocrx_word' id='word_1_747' title='bbox 2444 3891 2461 3924; x_wconf 75' lang='grc' dir='ltr'><strong>ι</strong></span> <span class='ocrx_word' id='word_1_748' title='bbox 2494 3872 2769 3943; x_wconf 78' lang='lat' dir='ltr'><strong>Propheta</strong></span> <span class='ocrx_word' id='word_1_749' title='bbox 2796 3870 2936 3926; x_wconf 86' lang='lat' dir='ltr'><strong>Osee</strong></span> <span class='ocrx_word' id='word_1_750' title='bbox 2965 3871 3233 3926; x_wconf 85' lang='lat' dir='ltr'><strong>adversus</strong></span> <span class='ocrx_word' id='word_1_751' title='bbox 3259 3870 3444 3940; x_wconf 92' lang='lat' dir='ltr'><strong>populi</strong></span> <span class='ocrx_word' id='word_1_752' title='bbox 3472 3885 3600 3940; x_wconf 87' lang='lat' dir='ltr'><strong>pec-</strong></span> 
     </span>
    </p>
   </div>
   <div class='ocr_carea' id='block_1_97' title="bbox 2008 3962 3597 4033">
    <p class='ocr_par' dir='ltr' id='par_1_97' title="bbox 2008 3962 3597 4033">
     <span class='ocr_line' id='line_1_97' title="bbox 2008 3962 3597 4033; baseline -0.003 -12"><span class='ocrx_word' id='word_1_753' title='bbox 2008 3974 2130 4021; x_wconf 87' lang='lat' dir='ltr'><strong>cata</strong></span> <span class='ocrx_word' id='word_1_754' title='bbox 2170 3980 2229 4020; x_wconf 89' lang='lat' dir='ltr'><strong>se</strong></span> <span class='ocrx_word' id='word_1_755' title='bbox 2264 3964 2629 4030; x_wconf 87' lang='lat' dir='ltr'><strong>discrucians,</strong></span> <span class='ocrx_word' id='word_1_756' title='bbox 2659 3964 2921 4019; x_wconf 88' lang='lat' dir='ltr'><strong>dicebat:</strong></span> <span class='ocrx_word' id='word_1_757' title='bbox 2962 3982 2980 4012; x_wconf 80' lang='grc' dir='ltr'><strong><em>σ</em></strong></span> <span class='ocrx_word' id='word_1_758' title='bbox 3020 3962 3236 4033; x_wconf 86' lang='lat' dir='ltr'><strong>Spiritu</strong></span> <span class='ocrx_word' id='word_1_759' title='bbox 3273 3962 3597 4017; x_wconf 88' lang='lat' dir='ltr'><strong>fornicatio-</strong></span> 
     </span>
    </p>
   </div>
   <div class='ocr_carea' id='block_1_98' title="bbox 2010 4053 3599 4126">
    <p class='ocr_par' dir='ltr' id='par_1_98' title="bbox 2010 4053 3599 4126">
     <span class='ocr_line' id='line_1_98' title="bbox 2010 4053 3599 4126; baseline -0.003 -14"><span class='ocrx_word' id='word_1_760' title='bbox 2010 4058 2100 4112; x_wconf 89' lang='lat' dir='ltr'><strong>nis</strong></span> <span class='ocrx_word' id='word_1_761' title='bbox 2145 4057 2361 4112; x_wconf 89' lang='lat' dir='ltr'><strong>seducti</strong></span> <span class='ocrx_word' id='word_1_762' title='bbox 2406 4067 2570 4118; x_wconf 88' lang='lat' dir='ltr'><strong>sunt,</strong></span> <span class='ocrx_word' id='word_1_763' title='bbox 2611 4064 2668 4111; x_wconf 88' lang='lat' dir='ltr'><strong>et</strong></span> <span class='ocrx_word' id='word_1_764' title='bbox 2713 4056 2950 4126; x_wconf 87' lang='lat' dir='ltr'><strong>populus</strong></span> <span class='ocrx_word' id='word_1_765' title='bbox 3004 4053 3319 4125; x_wconf 86' lang='lat' dir='ltr'><strong>intelligens</strong></span> <span class='ocrx_word' id='word_1_766' title='bbox 3366 4053 3599 4110; x_wconf 61' lang='lat' dir='ltr'><strong>adhaesit</strong></span> 
     </span>
    </p>
   </div>
   <div class='ocr_carea' id='block_1_99' title="bbox 2010 4147 3598 4205">
    <p class='ocr_par' dir='ltr' id='par_1_99' title="bbox 2010 4147 3598 4205">
     <span class='ocr_line' id='line_1_99' title="bbox 2010 4147 3598 4205; baseline -0.003 0"><span class='ocrx_word' id='word_1_767' title='bbox 2010 4148 2379 4205; x_wconf 76' lang='lat' dir='ltr'><strong>meretrici”.</strong></span> <span class='ocrx_word' id='word_1_768' title='bbox 2414 4168 2431 4198; x_wconf 72' lang='grc' dir='ltr'><strong>ι</strong></span> <span class='ocrx_word' id='word_1_769' title='bbox 2481 4148 2691 4203; x_wconf 79' lang='lat' dir='ltr'><strong>Rursus</strong></span> <span class='ocrx_word' id='word_1_770' title='bbox 2736 4166 2750 4203; x_wconf 89' lang='lat'><strong>:</strong></span> <span class='ocrx_word' id='word_1_771' title='bbox 2800 4167 2818 4199; x_wconf 81' lang='grc' dir='ltr'><strong>ι</strong></span> <span class='ocrx_word' id='word_1_772' title='bbox 2864 4148 3221 4203; x_wconf 87' lang='lat' dir='ltr'><strong>Fornicantes</strong></span> <span class='ocrx_word' id='word_1_773' title='bbox 3267 4147 3598 4202; x_wconf 79' lang='lat' dir='ltr'><strong>exfornicati</strong></span> 
     </span>
    </p>
   </div>
   <div class='ocr_carea' id='block_1_100' title="bbox 2011 4240 3599 4312">
    <p class='ocr_par' dir='ltr' id='par_1_100' title="bbox 2011 4240 3599 4312">
     <span class='ocr_line' id='line_1_100' title="bbox 2011 4240 3599 4312; baseline -0.002 -16"><span class='ocrx_word' id='word_1_774' title='bbox 2011 4251 2162 4307; x_wconf 91' lang='lat' dir='ltr'><strong>sunt,</strong></span> <span class='ocrx_word' id='word_1_775' title='bbox 2193 4242 2507 4296; x_wconf 78' lang='lat' dir='ltr'><strong>dilexerunt</strong></span> <span class='ocrx_word' id='word_1_776' title='bbox 2534 4240 2890 4312; x_wconf 89' lang='lat' dir='ltr'><strong>ignominiam</strong></span> <span class='ocrx_word' id='word_1_777' title='bbox 2915 4242 2980 4295; x_wconf 79' lang='grc'><strong>³³.</strong></span> <span class='ocrx_word' id='word_1_778' title='bbox 3017 4261 3034 4292; x_wconf 74' lang='grc' dir='ltr'><strong>ι</strong></span> <span class='ocrx_word' id='word_1_779' title='bbox 3069 4241 3277 4296; x_wconf 85' lang='lat' dir='ltr'><strong>lterum</strong></span> <span class='ocrx_word' id='word_1_780' title='bbox 3313 4258 3327 4295; x_wconf 89' lang='lat'><strong>:</strong></span> <span class='ocrx_word' id='word_1_781' title='bbox 3366 4260 3383 4292; x_wconf 86' lang='grc'><em>‹</em></span> <span class='ocrx_word' id='word_1_782' title='bbox 3424 4240 3599 4310; x_wconf 88' lang='lat' dir='ltr'><strong>Spiri-</strong></span> 
     </span>
    </p>
   </div>
   <div class='ocr_carea' id='block_1_101' title="bbox 2014 4332 3596 4398">
    <p class='ocr_par' dir='ltr' id='par_1_101' title="bbox 2014 4332 3596 4398">
     <span class='ocr_line' id='line_1_101' title="bbox 2014 4332 3596 4398; baseline -0.001 -12"><span class='ocrx_word' id='word_1_783' title='bbox 2014 4341 2104 4387; x_wconf 88' lang='lat' dir='ltr'><strong>tus</strong></span> <span class='ocrx_word' id='word_1_784' title='bbox 2145 4332 2531 4387; x_wconf 81' lang='lat' dir='ltr'><strong>fornicationis</strong></span> <span class='ocrx_word' id='word_1_785' title='bbox 2568 4340 2653 4386; x_wconf 90' lang='lat' dir='ltr'><strong>est</strong></span> <span class='ocrx_word' id='word_1_786' title='bbox 2690 4333 2746 4386; x_wconf 92' lang='lat' dir='ltr'><strong>in</strong></span> <span class='ocrx_word' id='word_1_787' title='bbox 2782 4332 2895 4398; x_wconf 83' lang='lat' dir='ltr'><strong>eis,</strong></span> <span class='ocrx_word' id='word_1_788' title='bbox 2931 4332 3221 4386; x_wconf 88' lang='lat' dir='ltr'><strong>Dominum</strong></span> <span class='ocrx_word' id='word_1_789' title='bbox 3261 4343 3444 4387; x_wconf 90' lang='lat' dir='ltr'><strong>autem</strong></span> <span class='ocrx_word' id='word_1_790' title='bbox 3487 4347 3596 4386; x_wconf 88' lang='lat' dir='ltr'><strong>non</strong></span> 
     </span>
    </p>
   </div>
   <div class='ocr_carea' id='block_1_102' title="bbox 2016 4421 3594 4493">
    <p class='ocr_par' dir='ltr' id='par_1_102' title="bbox 2016 4421 3594 4493">
     <span class='ocr_line' id='line_1_102' title="bbox 2016 4421 3594 4493; baseline -0.004 -14"><span class='ocrx_word' id='word_1_791' title='bbox 2016 4422 2483 4493; x_wconf 70' lang='lat' dir='ltr'><strong>cognoverunt”.</strong></span> <span class='ocrx_word' id='word_1_792' title='bbox 2518 4441 2537 4473; x_wconf 76' lang='grc' dir='ltr'><strong>ι</strong></span> <span class='ocrx_word' id='word_1_793' title='bbox 2585 4422 2883 4492; x_wconf 86' lang='lat' dir='ltr'><strong>Apostolus</strong></span> <span class='ocrx_word' id='word_1_794' title='bbox 2918 4438 3018 4493; x_wconf 91' lang='lat' dir='ltr'><strong>per</strong></span> <span class='ocrx_word' id='word_1_795' title='bbox 3062 4422 3359 4492; x_wconf 84' lang='lat' dir='ltr'><strong>Epistulam</strong></span> <span class='ocrx_word' id='word_1_796' title='bbox 3401 4421 3538 4477; x_wconf 79' lang='lat' dir='ltr'><strong>dicit</strong></span> <span class='ocrx_word' id='word_1_797' title='bbox 3582 4439 3594 4473; x_wconf 87' lang='lat'><strong>:</strong></span> 
     </span>
    </p>
   </div>
   <div class='ocr_carea' id='block_1_103' title="bbox 2019 4512 3600 4585">
    <p class='ocr_par' dir='ltr' id='par_1_103' title="bbox 2019 4512 3600 4585">
     <span class='ocr_line' id='line_1_103' title="bbox 2019 4512 3600 4585; baseline -0.001 -15"><span class='ocrx_word' id='word_1_798' title='bbox 2019 4516 2210 4585; x_wconf 86' lang='lat' dir='ltr'><strong>Fugite</strong></span> <span class='ocrx_word' id='word_1_799' title='bbox 2252 4513 2694 4569; x_wconf 83' lang='lat' dir='ltr'><strong>fornicationem.</strong></span> <span class='ocrx_word' id='word_1_800' title='bbox 2726 4512 2899 4569; x_wconf 88' lang='lat' dir='ltr'><strong>Omne</strong></span> <span class='ocrx_word' id='word_1_801' title='bbox 2944 4525 3230 4584; x_wconf 88' lang='lat' dir='ltr'><strong>peccatum</strong></span> <span class='ocrx_word' id='word_1_802' title='bbox 3277 4514 3423 4585; x_wconf 90' lang='lat' dir='ltr'><strong>quod</strong></span> <span class='ocrx_word' id='word_1_803' title='bbox 3469 4515 3600 4569; x_wconf 87' lang='lat' dir='ltr'><strong>facit</strong></span> 
     </span>
    </p>
   </div>
   <div class='ocr_carea' id='block_1_104' title="bbox 2016 4604 3598 4675">
    <p class='ocr_par' dir='ltr' id='par_1_104' title="bbox 2016 4604 3598 4675">
     <span class='ocr_line' id='line_1_104' title="bbox 2016 4604 3598 4675; baseline 0.001 -16"><span class='ocrx_word' id='word_1_804' title='bbox 2016 4605 2185 4659; x_wconf 87' lang='lat' dir='ltr'><strong>homo</strong></span> <span class='ocrx_word' id='word_1_805' title='bbox 2220 4614 2378 4659; x_wconf 79' lang='lat' dir='ltr'><strong>extra</strong></span> <span class='ocrx_word' id='word_1_806' title='bbox 2417 4620 2621 4675; x_wconf 91' lang='lat' dir='ltr'><strong>corpus</strong></span> <span class='ocrx_word' id='word_1_807' title='bbox 2657 4613 2769 4669; x_wconf 88' lang='lat' dir='ltr'><strong>est;</strong></span> <span class='ocrx_word' id='word_1_808' title='bbox 2809 4605 2905 4675; x_wconf 92' lang='lat' dir='ltr'><strong>qui</strong></span> <span class='ocrx_word' id='word_1_809' title='bbox 2946 4614 3128 4659; x_wconf 89' lang='lat' dir='ltr'><strong>autem</strong></span> <span class='ocrx_word' id='word_1_810' title='bbox 3172 4604 3505 4666; x_wconf 87' lang='lat' dir='ltr'><strong>fornicatur,</strong></span> <span class='ocrx_word' id='word_1_811' title='bbox 3542 4605 3598 4661; x_wconf 90' lang='lat' dir='ltr'><strong>in</strong></span> 
     </span>
    </p>
   </div>
   <div class='ocr_carea' id='block_1_105' title="bbox 2013 4697 3595 4768">
    <p class='ocr_par' dir='ltr' id='par_1_105' title="bbox 2013 4697 3595 4768">
     <span class='ocr_line' id='line_1_105' title="bbox 2013 4697 3595 4768; baseline -0.001 -16"><span class='ocrx_word' id='word_1_812' title='bbox 2013 4713 2215 4767; x_wconf 88' lang='lat' dir='ltr'><strong>corpus</strong></span> <span class='ocrx_word' id='word_1_813' title='bbox 2282 4698 2570 4767; x_wconf 90' lang='lat' dir='ltr'><strong>proprium</strong></span> <span class='ocrx_word' id='word_1_814' title='bbox 2638 4706 2832 4768; x_wconf 87' lang='lat' dir='ltr'><strong>peccat</strong></span> <span class='ocrx_word' id='word_1_815' title='bbox 2860 4697 2926 4751; x_wconf 71' lang='lat'><strong>‘°.</strong></span> <span class='ocrx_word' id='word_1_816' title='bbox 2990 4716 3009 4748; x_wconf 76' lang='grc' dir='ltr'><strong>ι</strong></span> <span class='ocrx_word' id='word_1_817' title='bbox 3078 4697 3289 4768; x_wconf 80' lang='lat'><strong>1057</strong></span> <span class='ocrx_word' id='word_1_818' title='bbox 3348 4698 3519 4753; x_wconf 77' lang='lat' dir='ltr'><strong>Infert</strong></span> <span class='ocrx_word' id='word_1_819' title='bbox 3582 4717 3595 4751; x_wconf 92' lang='lat'>:</span> 
     </span>
    </p>
   </div>
   <div class='ocr_carea' id='block_1_106' title="bbox 2023 4789 3599 4860">
    <p class='ocr_par' dir='ltr' id='par_1_106' title="bbox 2023 4789 3599 4860">
     <span class='ocr_line' id='line_1_106' title="bbox 2023 4789 3599 4860; baseline 0.001 -19"><span class='ocrx_word' id='word_1_820' title='bbox 2023 4809 2041 4841; x_wconf 72' lang='grc' dir='ltr'><em>α</em></span> <span class='ocrx_word' id='word_1_821' title='bbox 2075 4790 2310 4845; x_wconf 84' lang='lat' dir='ltr'><strong>Nescitis</strong></span> <span class='ocrx_word' id='word_1_822' title='bbox 2337 4791 2465 4860; x_wconf 88' lang='lat' dir='ltr'><strong>quia</strong></span> <span class='ocrx_word' id='word_1_823' title='bbox 2495 4805 2725 4860; x_wconf 88' lang='lat' dir='ltr'><strong>corpora</strong></span> <span class='ocrx_word' id='word_1_824' title='bbox 2754 4799 2937 4844; x_wconf 87' lang='lat' dir='ltr'><strong>vestra</strong></span> <span class='ocrx_word' id='word_1_825' title='bbox 2969 4789 3231 4860; x_wconf 90' lang='lat' dir='ltr'><strong>templum</strong></span> <span class='ocrx_word' id='word_1_826' title='bbox 3265 4798 3393 4844; x_wconf 91' lang='lat' dir='ltr'><strong>sunt</strong></span> <span class='ocrx_word' id='word_1_827' title='bbox 3419 4789 3599 4859; x_wconf 87' lang='lat' dir='ltr'><strong>Spiri-</strong></span> 
     </span>
    </p>
   </div>
   <div class='ocr_carea' id='block_1_107' title="bbox 2014 4880 3596 4950">
    <p class='ocr_par' dir='ltr' id='par_1_107' title="bbox 2014 4880 3596 4950">
     <span class='ocr_line' id='line_1_107' title="bbox 2014 4880 3596 4950; baseline -0.001 -15"><span class='ocrx_word' id='word_1_828' title='bbox 2014 4890 2105 4935; x_wconf 90' lang='lat' dir='ltr'><strong>tus</strong></span> <span class='ocrx_word' id='word_1_829' title='bbox 2135 4881 2307 4935; x_wconf 87' lang='lat' dir='ltr'><strong>sancti</strong></span> <span class='ocrx_word' id='word_1_830' title='bbox 2327 4880 2422 4950; x_wconf 91' lang='lat' dir='ltr'><strong>qui</strong></span> <span class='ocrx_word' id='word_1_831' title='bbox 2444 4880 2659 4935; x_wconf 86' lang='lat' dir='ltr'><strong>habitat</strong></span> <span class='ocrx_word' id='word_1_832' title='bbox 2688 4880 2741 4934; x_wconf 90' lang='lat' dir='ltr'><strong>in</strong></span> <span class='ocrx_word' id='word_1_833' title='bbox 2768 4880 2927 4936; x_wconf 80' lang='lat' dir='ltr'><strong>vobis</strong></span> <span class='ocrx_word' id='word_1_834' title='bbox 2954 4897 2967 4932; x_wconf 88' lang='lat'><strong>:</strong></span> <span class='ocrx_word' id='word_1_835' title='bbox 3004 4880 3151 4950; x_wconf 89' lang='lat' dir='ltr'><strong>quod</strong></span> <span class='ocrx_word' id='word_1_836' title='bbox 3172 4880 3389 4935; x_wconf 87' lang='lat' dir='ltr'><strong>habetis</strong></span> <span class='ocrx_word' id='word_1_837' title='bbox 3408 4897 3437 4935; x_wconf 90' lang='lat' dir='ltr'><strong>a</strong></span> <span class='ocrx_word' id='word_1_838' title='bbox 3460 4882 3596 4949; x_wconf 85' lang='lat' dir='ltr'><strong>Deo,</strong></span> 
     </span>
    </p>
   </div>
   <div class='ocr_carea' id='block_1_108' title="bbox 2013 4970 3597 5043">
    <p class='ocr_par' dir='ltr' id='par_1_108' title="bbox 2013 4970 3597 5043">
     <span class='ocr_line' id='line_1_108' title="bbox 2013 4970 3597 5043; baseline 0.001 -17"><span class='ocrx_word' id='word_1_839' title='bbox 2013 4988 2125 5026; x_wconf 90' lang='lat' dir='ltr'><strong>non</strong></span> <span class='ocrx_word' id='word_1_840' title='bbox 2155 4974 2290 5027; x_wconf 88' lang='lat' dir='ltr'><strong>estis</strong></span> <span class='ocrx_word' id='word_1_841' title='bbox 2321 4973 2525 5027; x_wconf 87' lang='lat' dir='ltr'><strong>vestri?</strong></span> <span class='ocrx_word' id='word_1_842' title='bbox 2555 4974 2736 5043; x_wconf 87' lang='lat' dir='ltr'><strong>Empti</strong></span> <span class='ocrx_word' id='word_1_843' title='bbox 2771 4973 2919 5028; x_wconf 89' lang='lat' dir='ltr'><strong>enim</strong></span> <span class='ocrx_word' id='word_1_844' title='bbox 2957 4973 3095 5028; x_wconf 84' lang='lat' dir='ltr'><strong>estis</strong></span> <span class='ocrx_word' id='word_1_845' title='bbox 3129 4974 3306 5042; x_wconf 88' lang='lat' dir='ltr'><strong>pretio</strong></span> <span class='ocrx_word' id='word_1_846' title='bbox 3329 4973 3394 5026; x_wconf 77' lang='lat'><strong>“.</strong></span> <span class='ocrx_word' id='word_1_847' title='bbox 3434 4995 3448 5025; x_wconf 75' lang='grc' dir='ltr'><strong>ι</strong></span> <span class='ocrx_word' id='word_1_848' title='bbox 3490 4970 3597 5039; x_wconf 85' lang='lat' dir='ltr'><strong>Qui</strong></span> 
     </span>
    </p>
   </div>
   <div class='ocr_carea' id='block_1_109' title="bbox 2013 5062 3593 5134">
    <p class='ocr_par' dir='ltr' id='par_1_109' title="bbox 2013 5062 3593 5134">
     <span class='ocr_line' id='line_1_109' title="bbox 2013 5062 3593 5134; baseline -0.003 -17"><span class='ocrx_word' id='word_1_849' title='bbox 2013 5062 2161 5117; x_wconf 87' lang='lat' dir='ltr'><strong>enim</strong></span> <span class='ocrx_word' id='word_1_850' title='bbox 2200 5062 2362 5117; x_wconf 86' lang='lat' dir='ltr'><strong>ﬁdem</strong></span> <span class='ocrx_word' id='word_1_851' title='bbox 2397 5062 2465 5118; x_wconf 91' lang='lat' dir='ltr'><strong>de</strong></span> <span class='ocrx_word' id='word_1_852' title='bbox 2500 5065 2613 5119; x_wconf 91' lang='lat' dir='ltr'><strong>Deo</strong></span> <span class='ocrx_word' id='word_1_853' title='bbox 2646 5065 2941 5134; x_wconf 89' lang='lat' dir='ltr'><strong>genuinam</strong></span> <span class='ocrx_word' id='word_1_854' title='bbox 2976 5064 3181 5120; x_wconf 87' lang='lat' dir='ltr'><strong>habent</strong></span> <span class='ocrx_word' id='word_1_855' title='bbox 3207 5079 3270 5118; x_wconf 92' lang='lat' dir='ltr'><strong>ac</strong></span> <span class='ocrx_word' id='word_1_856' title='bbox 3298 5064 3593 5125; x_wconf 71' lang='lat' dir='ltr'><strong>sinceram,</strong></span> 
     </span>
    </p>
   </div>
   <div class='ocr_carea' id='block_1_110' title="bbox 2015 5155 3599 5225">
    <p class='ocr_par' dir='ltr' id='par_1_110' title="bbox 2015 5155 3599 5225">
     <span class='ocr_line' id='line_1_110' title="bbox 2015 5155 3599 5225; baseline 0 -16"><span class='ocrx_word' id='word_1_857' title='bbox 2015 5155 2208 5224; x_wconf 90' lang='lat' dir='ltr'><strong>utique</strong></span> <span class='ocrx_word' id='word_1_858' title='bbox 2234 5164 2289 5209; x_wconf 92' lang='lat' dir='ltr'><strong>et</strong></span> <span class='ocrx_word' id='word_1_859' title='bbox 2315 5155 2583 5225; x_wconf 90' lang='lat' dir='ltr'><strong>Spiritum</strong></span> <span class='ocrx_word' id='word_1_860' title='bbox 2613 5157 2821 5212; x_wconf 89' lang='lat' dir='ltr'><strong>habent</strong></span> <span class='ocrx_word' id='word_1_861' title='bbox 2846 5158 2973 5225; x_wconf 88' lang='lat' dir='ltr'><strong>Dei;</strong></span> <span class='ocrx_word' id='word_1_862' title='bbox 3006 5166 3063 5213; x_wconf 91' lang='lat' dir='ltr'><strong>et</strong></span> <span class='ocrx_word' id='word_1_863' title='bbox 3091 5156 3227 5211; x_wconf 87' lang='lat' dir='ltr'><strong>nihil</strong></span> <span class='ocrx_word' id='word_1_864' title='bbox 3260 5169 3382 5212; x_wconf 86' lang='lat' dir='ltr'><strong>esse</strong></span> <span class='ocrx_word' id='word_1_865' title='bbox 3409 5159 3462 5209; x_wconf 89' lang='lat' dir='ltr'><strong>in</strong></span> <span class='ocrx_word' id='word_1_866' title='bbox 3491 5155 3599 5211; x_wconf 72' lang='lat' dir='ltr'><strong>illis</strong></span> 
     </span>
    </p>
   </div>
   <div class='ocr_carea' id='block_1_111' title="bbox 2020 5237 3602 5320">
    <p class='ocr_par' dir='ltr' id='par_1_111' title="bbox 2020 5237 3602 5320">
     <span class='ocr_line' id='line_1_111' title="bbox 2020 5237 3602 5320; baseline -0.001 -20"><span class='ocrx_word' id='word_1_867' title='bbox 2020 5255 2203 5315; x_wconf 89' lang='lat' dir='ltr'><strong>potest</strong></span> <span class='ocrx_word' id='word_1_868' title='bbox 2228 5248 2474 5314; x_wconf 86' lang='lat' dir='ltr'><strong>carnale;</strong></span> <span class='ocrx_word' id='word_1_869' title='bbox 2507 5237 2818 5320; x_wconf 79' lang='lat' dir='ltr'><strong>cujusniodi</strong></span> <span class='ocrx_word' id='word_1_870' title='bbox 2848 5259 2995 5313; x_wconf 88' lang='lat' dir='ltr'><strong>sunt,</strong></span> <span class='ocrx_word' id='word_1_871' title='bbox 3021 5248 3334 5313; x_wconf 82' lang='lat' dir='ltr'><strong>fornicatio,</strong></span> <span class='ocrx_word' id='word_1_872' title='bbox 3360 5248 3602 5302; x_wconf 81' lang='lat' dir='ltr'><strong>immun-</strong></span> 
     </span>
    </p>
   </div>
   <div class='ocr_carea' id='block_1_112' title="bbox 2017 5338 3597 5413">
    <p class='ocr_par' dir='ltr' id='par_1_112' title="bbox 2017 5338 3597 5413">
     <span class='ocr_line' id='line_1_112' title="bbox 2017 5338 3597 5413; baseline 0 -20"><span class='ocrx_word' id='word_1_873' title='bbox 2017 5338 2181 5400; x_wconf 86' lang='lat' dir='ltr'><strong>ditia,</strong></span> <span class='ocrx_word' id='word_1_874' title='bbox 2212 5339 2586 5409; x_wconf 90' lang='lat' dir='ltr'><strong>impudicitia,</strong></span> <span class='ocrx_word' id='word_1_875' title='bbox 2614 5351 2671 5395; x_wconf 87' lang='lat' dir='ltr'><strong>et</strong></span> <span class='ocrx_word' id='word_1_876' title='bbox 2697 5351 2914 5397; x_wconf 62' lang='lat' dir='ltr'><strong>caetera.</strong></span> <span class='ocrx_word' id='word_1_877' title='bbox 2945 5342 3133 5413; x_wconf 78' lang='lat' dir='ltr'><strong>Neque</strong></span> <span class='ocrx_word' id='word_1_878' title='bbox 3163 5341 3309 5395; x_wconf 89' lang='lat' dir='ltr'><strong>enim</strong></span> <span class='ocrx_word' id='word_1_879' title='bbox 3338 5339 3430 5410; x_wconf 92' lang='lat' dir='ltr'><strong>qui</strong></span> <span class='ocrx_word' id='word_1_880' title='bbox 3466 5354 3597 5410; x_wconf 87' lang='lat' dir='ltr'><strong>pro-</strong></span> 
     </span>
    </p>
   </div>
   <div class='ocr_carea' id='block_1_113' title="bbox 2016 5432 3597 5505">
    <p class='ocr_par' dir='ltr' id='par_1_113' title="bbox 2016 5432 3597 5505">
     <span class='ocr_line' id='line_1_113' title="bbox 2016 5432 3597 5505; baseline 0.001 -20"><span class='ocrx_word' id='word_1_881' title='bbox 2016 5432 2190 5501; x_wconf 87' lang='lat' dir='ltr'><strong>priam</strong></span> <span class='ocrx_word' id='word_1_882' title='bbox 2237 5432 2463 5487; x_wconf 88' lang='lat' dir='ltr'><strong>domum</strong></span> <span class='ocrx_word' id='word_1_883' title='bbox 2504 5445 2891 5504; x_wconf 86' lang='lat' dir='ltr'><strong>corrumpunt,</strong></span> <span class='ocrx_word' id='word_1_884' title='bbox 2923 5432 3330 5490; x_wconf 70' lang='lat' dir='ltr'><strong>hmrcditabunt</strong></span> <span class='ocrx_word' id='word_1_885' title='bbox 3368 5448 3597 5505; x_wconf 85' lang='lat' dir='ltr'><strong>regnum</strong></span> 
     </span>
    </p>
   </div>
   <div class='ocr_carea' id='block_1_114' title="bbox 408 5619 1904 5693">
    <p class='ocr_par' dir='ltr' id='par_1_114' title="bbox 408 5624 1904 5687">
     <span class='ocr_line' id='line_1_114' title="bbox 408 5624 1904 5687; baseline 0 -8"><span class='ocrx_word' id='word_1_886' title='bbox 408 5626 447 5657; x_wconf 79' lang='grc'><strong>³⁸</strong></span> <span class='ocrx_word' id='word_1_887' title='bbox 476 5625 634 5679; x_wconf 82' lang='lat' dir='ltr'><strong>Prov.</strong></span> <span class='ocrx_word' id='word_1_888' title='bbox 662 5641 713 5680; x_wconf 72' lang='grc' dir='ltr'>ν.</span> <span class='ocrx_word' id='word_1_889' title='bbox 739 5625 860 5680; x_wconf 58' lang='lat'><strong>‘24.</strong></span> <span class='ocrx_word' id='word_1_890' title='bbox 940 5624 982 5655; x_wconf 76' lang='grc'>³³</span> <span class='ocrx_word' id='word_1_891' title='bbox 1008 5624 1175 5679; x_wconf 80' lang='lat' dir='ltr'><strong>Eccli.</strong></span> <span class='ocrx_word' id='word_1_892' title='bbox 1236 5642 1310 5687; x_wconf 75' lang='lat' dir='ltr'><strong>ix,</strong></span> <span class='ocrx_word' id='word_1_893' title='bbox 1338 5626 1385 5677; x_wconf 76' lang='grc' dir='ltr'><strong>5Δ</strong></span> <span class='ocrx_word' id='word_1_894' title='bbox 1467 5625 1509 5654; x_wconf 83' lang='grc'><strong>³³</strong></span> <span class='ocrx_word' id='word_1_895' title='bbox 1535 5625 1691 5677; x_wconf 79' lang='lat' dir='ltr'><strong>Prov.</strong></span> <span class='ocrx_word' id='word_1_896' title='bbox 1723 5642 1793 5684; x_wconf 71' lang='grc' dir='ltr'>γι,</span> <span class='ocrx_word' id='word_1_897' title='bbox 1820 5626 1904 5679; x_wconf 76' lang='lat'><strong>‘27-</strong></span> 
     </span>
    </p>
   </div>
   <div class='ocr_carea' id='block_1_115' title="bbox 2005 5619 3592 5693">
    <p class='ocr_par' dir='ltr' id='par_1_115' title="bbox 2051 5619 3592 5693">
     <span class='ocr_line' id='line_1_115' title="bbox 2051 5619 3592 5693; baseline 0.007 -19"><span class='ocrx_word' id='word_1_898' title='bbox 2051 5620 2092 5650; x_wconf 70' lang='grc'>³⁸</span> <span class='ocrx_word' id='word_1_899' title='bbox 2118 5622 2289 5675; x_wconf 69' lang='lat' dir='ltr'><strong>Exod.</strong></span> <span class='ocrx_word' id='word_1_900' title='bbox 2317 5635 2404 5681; x_wconf 63' lang='lat' dir='ltr'><strong>x3.</strong></span> <span class='ocrx_word' id='word_1_901' title='bbox 2437 5619 2513 5671; x_wconf 75' lang='lat' dir='ltr'><strong>H-</strong></span> <span class='ocrx_word' id='word_1_902' title='bbox 2569 5628 2612 5656; x_wconf 75' lang='grc'>³⁸</span> <span class='ocrx_word' id='word_1_903' title='bbox 2642 5627 2815 5681; x_wconf 71' lang='lat' dir='ltr'><strong>Levii.</strong></span> <span class='ocrx_word' id='word_1_904' title='bbox 2848 5645 2933 5687; x_wconf 72' lang='lat' dir='ltr'><strong>xx,</strong></span> <span class='ocrx_word' id='word_1_905' title='bbox 2968 5630 3046 5683; x_wconf 88' lang='grc' dir='ltr'>ιο.</span> <span class='ocrx_word' id='word_1_906' title='bbox 3125 5630 3168 5661; x_wconf 80' lang='grc'><strong>³⁸</strong></span> <span class='ocrx_word' id='word_1_907' title='bbox 3195 5632 3339 5687; x_wconf 82' lang='lat' dir='ltr'><strong>Psal.</strong></span> <span class='ocrx_word' id='word_1_908' title='bbox 3369 5631 3592 5693; x_wconf 59' lang='lat'><strong>“11,9.</strong></span> 
     </span>
    </p>
   </div>
   <div class='ocr_carea' id='block_1_116' title="bbox 336 5695 1596 5758">
    <p class='ocr_par' dir='ltr' id='par_1_116' title="bbox 336 5695 1596 5758">
     <span class='ocr_line' id='line_1_116' title="bbox 336 5695 1596 5758; baseline -0.003 -8"><span class='ocrx_word' id='word_1_909' title='bbox 336 5696 373 5727; x_wconf 85' lang='grc'><strong>⁸’</strong></span> <span class='ocrx_word' id='word_1_910' title='bbox 406 5696 545 5750; x_wconf 73' lang='lat' dir='ltr'><strong>Osee</strong></span> <span class='ocrx_word' id='word_1_911' title='bbox 577 5713 648 5756; x_wconf 81' lang='grc' dir='ltr'><strong>ιν,</strong></span> <span class='ocrx_word' id='word_1_912' title='bbox 681 5696 759 5750; x_wconf 73' lang='grc' dir='ltr'><strong>ιι.</strong></span> <span class='ocrx_word' id='word_1_913' title='bbox 838 5696 880 5725; x_wconf 82' lang='grc'><strong>²⁸</strong></span> <span class='ocrx_word' id='word_1_914' title='bbox 907 5695 1040 5751; x_wconf 86' lang='lat' dir='ltr'><strong>ibid.</strong></span> <span class='ocrx_word' id='word_1_915' title='bbox 1077 5697 1156 5749; x_wconf 81' lang='lat' dir='ltr'><strong>l8.</strong></span> <span class='ocrx_word' id='word_1_916' title='bbox 1234 5695 1276 5727; x_wconf 77' lang='lat'>”</span> <span class='ocrx_word' id='word_1_917' title='bbox 1300 5700 1436 5751; x_wconf 79' lang='lat' dir='ltr'><strong>Usec</strong></span> <span class='ocrx_word' id='word_1_918' title='bbox 1467 5711 1518 5758; x_wconf 85' lang='lat' dir='ltr'><strong>v,</strong></span> <span class='ocrx_word' id='word_1_919' title='bbox 1556 5695 1596 5749; x_wconf 67' lang='grc' dir='ltr'>ί.</span> 
     </span>
    </p>
   </div>
   <div class='ocr_carea' id='block_1_117' title="bbox 1678 5694 2134 5758">
    <p class='ocr_par' dir='ltr' id='par_1_117' title="bbox 1678 5694 2134 5758">
     <span class='ocr_line' id='line_1_117' title="bbox 1678 5694 2134 5758; baseline 0.002 -10"><span class='ocrx_word' id='word_1_920' title='bbox 1678 5697 1719 5726; x_wconf 72' lang='grc' dir='ltr'><strong>⁵ο</strong></span> <span class='ocrx_word' id='word_1_921' title='bbox 1748 5695 1764 5748; x_wconf 88' lang='lat' dir='ltr'><strong>l</strong></span> <span class='ocrx_word' id='word_1_922' title='bbox 1797 5694 1924 5749; x_wconf 84' lang='lat' dir='ltr'><strong>Cor.</strong></span> <span class='ocrx_word' id='word_1_923' title='bbox 1950 5713 2022 5758; x_wconf 72' lang='lat' dir='ltr'><strong>vr,</strong></span> <span class='ocrx_word' id='word_1_924' title='bbox 2056 5697 2134 5749; x_wconf 79' lang='lat' dir='ltr'><strong>l8.</strong></span> 
     </span>
    </p>
   </div>
   <div class='ocr_carea' id='block_1_118' title="bbox 2217 5697 2649 5755">
    <p class='ocr_par' dir='ltr' id='par_1_118' title="bbox 2217 5697 2649 5755">
     <span class='ocr_line' id='line_1_118' title="bbox 2217 5697 2649 5755; baseline 0 -5"><span class='ocrx_word' id='word_1_925' title='bbox 2217 5700 2251 5725; x_wconf 76' lang='lat'>“</span> <span class='ocrx_word' id='word_1_926' title='bbox 2281 5697 2417 5750; x_wconf 67' lang='lat' dir='ltr'><strong>ibid.</strong></span> <span class='ocrx_word' id='word_1_927' title='bbox 2457 5699 2535 5755; x_wconf 76' lang='lat' dir='ltr'><strong>l9.</strong></span> <span class='ocrx_word' id='word_1_928' title='bbox 2561 5697 2649 5750; x_wconf 68' lang='lat'><strong>‘20.</strong></span> 
     </span>
    </p>
   </div>
  </div>
