4054 6312
256 279 391 341 1493

1281 268 1608 333 ΗΟΜΙΙᾸΑ
1652 267 1779 326 XX.
1805 289 1874 298 -
1912 264 2009 323 DE
2050 264 2482 329 CASTITATE.

3379 258 3520 324 ΗΜ

254 388 447 458 μαθεῖν
474 386 535 440 τδ
559 388 658 459 τῆς
686 385 923 447 πίστεως
950 381 1272 453 μυστήριον,
1301 377 1397 432 καὶ
1417 370 1832 446 θαυματουργδς

1959 386 2194 442 nagnum
2230 372 2385 428 illum
2429 372 2606 427 Eliam
2656 370 2871 442 1058
2910 367 3216 441 promeruit
3260 366 3521 435 excipere

256 481 433 551 μέγας
472 476 879 549 ἀναδειχθῆναι.
923 476 987 529 Ol
1031 473 1141 545 γάρ
1180 473 1281 543 τῆς
1318 466 1674 539 σωφροσύνης
1708 467 1833 534 ἐρα⁴

255 572 405 638 σταῖ,
441 571 502 625 ού
542 572 705 640 μόνον
732 569 824 621 τὸν
856 568 1077 622 ἔπαινον
1104 567 1163 618 ἐν
1187 563 1323 634 τῷδε
1350 562 1428 631 τῷ
1459 560 1557 632 βίῳ
1595 558 1832 628 ἔχουσιν,

254 664 393 718 ἀλλὰ
425 662 638 717 καὶτὸν
668 661 933 731 στέφανον
964 658 1058 712 τοῦ
1088 656 1342 720 κάλλους,
1376 653 1470 706 καὶ
1506 651 1596 705 τὸν
1633 648 1841 719 χιτῶνα

253 759 357 825 τῆς
388 752 743 825 σωφροσύνης
770 755 833 804 ἐκ
874 750 1055 820 χειρὸς
1100 733 1677 816 Κυρίουκομίσονται
1697 755 1710 770 ⁸
1744 738 1839 791 καὶ

255 842 479 915 ἐροῦσιν
501 857 530 881 ο-
552 861 570 894 ι
598 839 976 909 Ἀγαλλιάσθω
1012 840 1046 909 ἡ
1083 836 1229 907 ψυχὴ
1260 834 1439 905 ἡμῶν,
1481 834 1574 885 ἐπὶ
1618 828 1837 899 τῷνΚυ-

263 937 403 1005 ρ³ῳ’
438 935 689 988 ἐνέδυσεν
720 932 831 1002 γάρ
879 948 946 1002 με
994 930 1210 1001 ἱμάτιον
1264 926 1560 996 σωτηρίου,
1606 922 1702 977 καὶ
1752 938 1839 992 χι-

260 1027 405 1081 τῶνα
431 1024 772 1096 εὐφροσύνης
806 1024 880 1086 ὡς
904 1022 1122 1093 νυμφίῳ
1150 1018 1479 1092 περιέθηκέν
1506 1035 1595 1087 μοι
1620 1016 1838 1086 μίτραν,

261 1121 357 1173 καὶ
377 1119 453 1181 ὡς
476 1117 696 1188 νύμφην
715 1117 1129 1184 κατεκόσμησεν
1151 1114 1359 1182 κόσμῳ.
1388 1129 1407 1161 ›
1440 1103 1600 1164 Οῦτοι
1632 1107 1839 1178 ἐκλάμ-

260 1213 460 1282 ψουσιν
492 1212 550 1262 ἐν
598 1211 663 1280 τῇ
697 1207 947 1279 βασιλείᾳ
984 1207 1077 1261 τοῦ
1116 1206 1352 1275 Πατρδς,
1393 1206 1441 1257 εἰ
1489 1200 1704 1271 ἀληθῶς
1747 1200 1841 1253 καὶ

261 1308 362 1369 τὰς
394 1305 587 1367 λοιπὰς
627 1303 827 1374 ἀρετὰς
868 1303 1198 1371 κέκτηνται.
1245 1298 1343 1361 τὰς
1384 1295 1731 1367 ἁρμοζούσας
1775 1294 1841 1363 τῇ

263 1398 616 1470 σωφροσύνῃ.
650 1398 802 1449 Ἐκεῖ
839 1396 1024 1457 αὐτοῖς
1070 1393 1372 1462 ὀφθήσεται
1422 1391 1453 1459 ἡ
1500 1387 1636 1457 ζωὴ.
1678 1387 1770 1440 καὶ
1810 1387 1844 1455 ἡ

269 1490 555 1560 μακρότης
581 1487 691 1540 τῶν
735 1486 979 1557 ἡμερῶν,
1012 1486 1045 1555 ἡ
1079 1481 1396 1553 γαληνιῶσα
1427 1480 1521 1533 καὶ
1547 1479 1844 1548 ἁτάραχος,

264 1582 323 1634 ἐν
345 1575 612 1654 ἀπέδρα
642 1577 826 1648 ὀδύνη,
857 1576 1027 1646 λύπη,
1064 1575 1159 1629 καὶ
1199 1572 1525 1643 στεναγμός.
1563 1570 1621 1623 ὐ
1643 1570 1847 1633 τέλειος

267 1672 502 1742 σώφρων
534 1669 869 1739 πανταχόθεν
903 1667 1096 1721 ἐαυτὸν
1139 1665 1417 1734 φυλάττει.
1459 1663 1707 1715 Ἤκουσα
1737 1661 1845 1731 γὰρ

268 1766 399 1837 περί
429 1781 571 1826 τινος
610 1763 874 1834 βασιλέως
916 1762 1025 1813 τῶν
1071 1758 1195 1826 ἔξω,
1228 1760 1309 1812 ὅτι
1348 1755 1603 1825 Ἐφεσίαν
1644 1755 1847 1824 ἱέρειαν

273 1857 399 1911 ίδὼν
426 1855 697 1927 ὑπερϐολῇ
732 1854 904 1924 καλὴν
944 1855 1226 1922 φανεῖσαν,
1269 1848 1555 1914 ἀνέζευξεν
1592 1846 1753 1910 εὐθὺς
1788 1844 1849 1910 ἐξ

269 1948 526 2017 Ἐφέσου,
553 1946 885 2017 φοϐούμενος
906 1947 979 2014 μὴ
1018 1944 1169 2014 παρὰ
1196 1941 1421 2011 γνώμην
1445 1938 1730 2009 ἐκϐιασθῇ,
1755 1938 1850 1991 καὶ

274 2037 461 2109 πράξῃ
488 2051 540 2088 τι
574 2035 683 2089 τῶν
709 2036 945 2088 ἀτόπων.
971 2033 1081 2086 Καὶ
1107 2031 1292 2099 Κῦρος
1326 2030 1381 2082 δὲ
1407 2030 1434 2081 ό
1461 2028 1702 2099 Πέρσης,
1729 2026 1851 2079 οὐδὲ

278 2133 409 2185 ἰδεῖν
463 2131 562 2199 τὴν
601 2129 839 2184 Σπανξαν
890 2124 1237 2189 κατεδέξατο,
1288 2122 1605 2193 θαυμαστόν
1657 2139 1711 2173 τι
1757 2120 1854 2173 καὶ

273 2223 558 2291 ἀμήχανον
604 2219 798 2281 κάλλος
852 2216 995 2287 ἔχειν
1042 2208 1535 2286 μαρτυρουμένην..
1566 2212 1630 2264 Εἰ
1672 2211 1854 2264 τοίνυν

277 2313 372 2364 καὶ
393 2312 460 2364 τὰ
488 2309 884 2381 προστάγματα
906 2308 1124 2373 ἔξωθεν,
1148 2309 1240 2360 καὶ
1265 2293 1432 2377 χωρὶς
1461 2302 1555 2358 τοῦ
1584 2302 1855 2373 σωτηρίου

278 2401 531 2472 χρησμοῦ
568 2399 936 2471 μαρτυροῦσιν
969 2396 1165 2461 ταῦτα,
1197 2397 1361 2449 πόσον
1397 2394 1594 2464 μᾶλλον
1621 2395 1781 2465 ἡμεῖς
1806 2394 1855 2446 οἰ

173 2536 189 2547 .
276 2494 373 2548 τοῦ
408 2492 649 2565 Χριστοῦ
683 2490 933 2561 φοιτηταί
955 2491 971 2545 ι
994 2490 1318 2558 Ἀναγκαῖον
1350 2487 1443 2545 οῦν
1472 2487 1621 2540 ἐστιν
1651 2489 1856 2555 ἐγκρα-

279 2584 561 2650 τεύεσθαι,
594 2583 690 2637 καὶ
736 2584 992 2654 κρατεῖν,
1027 2580 1087 2634 ού
1139 2579 1302 2651 μόνον
1336 2578 1554 2645 λαλιᾶς,
1585 2575 1721 2630 ἀλλὰ
1763 2578 1859 2630 καὶ

1881 1730 1919 1783 Β

1937 463 2203 536 hospitio,
2254 473 2426 536 utque
2474 464 2619 521 ﬁlius
2667 480 2803 521 suus
2847 462 2916 518 ad
2970 462 3140 517 vitam
3179 458 3524 530 postliminio

1936 566 2295 613 revocaretur
2325 556 2587 627 precibus
2614 555 2897 627 prophetae
2925 552 2994 607 “.
3027 550 3276 607 Similem
3308 549 3362 602 in
3402 562 3526 602 mo-

1937 652 2069 707 dum
2099 666 2329 728 magnus
2349 648 2650 721 Gregorius
2669 648 3039 703 Neouesareae
3060 643 3358 714 episcopus
3386 648 3524 709 gen-

1936 745 2064 800 tiles
2094 743 2302 813 alioqui
2330 749 2590 812 parentes
2609 754 2737 795 cum
2768 738 3019 801 haberet,
3053 736 3169 806 ipse
3190 734 3357 789 etiam
3387 731 3520 786 dum

1936 834 2178 906 gentilis,
2211 834 2282 888 ab
2321 832 2444 903 ipso
2466 832 2643 887 aetatis
2687 828 2841 891 ﬂore,
2873 827 3224 882 intemeratae
3252 818 3524 876 castitatis

1939 926 2209 998 pudorem
2257 923 2557 981 custodivit
2586 940 2600 976 :
2634 923 2793 992 cujus
2840 919 3017 991 gratia
3065 916 3266 987 dignus
3296 911 3524 967 habitus

1939 1027 2026 1074 est
2052 1018 2169 1090 ‘qui
2213 1017 2458 1073 doctriee
2502 1016 2676 1070 Matre
2722 998 3153 1079 Dbminiatque
3184 1004 3525 1075 evangelista

1940 1113 2151 1169 Joanne
2202 1100 2526 1183 mysterium
2575 1105 2926 1163 condisceret
2961 1101 3108 1161 ﬁdei,
3143 1098 3386 1167 denique
3431 1084 3541 1148 ltie'

1902 1236 1905 1239 -
1943 1204 2064 1268 orbi
2103 1202 2363 1259 inclaruit
2382 1200 2719 1255 mirabilium
2748 1195 2933 1266 opifex
2958 1207 3211 1263 operum.
3236 1190 3527 1243 Amatores

1942 1295 2222 1366 siquidem
2297 1290 2583 1363 pudicitia:
2616 1298 2682 1343 et
2726 1283 3099 1357 integritatis,
3146 1296 3257 1335 non
3312 1278 3368 1332 in
3421 1276 3529 1330 hac

1945 1388 2110 1445 modo
2137 1387 2250 1442 vita
2293 1384 2511 1439 laudem
2545 1381 2817 1442 referunt,
2843 1377 2938 1432 sed
2973 1384 3029 1431 et
3059 1386 3321 1429 coronam
3357 1368 3528 1424 deeoo

1947 1480 2023 1535 ris
2042 1487 2109 1539 ,et
2139 1476 2366 1548 pallium
2394 1472 2667 1530 castitatis
2696 1468 3061 1540 reportabant
3102 1465 3171 1519 de
3207 1477 3371 1518 manu
3415 1460 3526 1513 Do-

1948 1568 2117 1634 mini;
2164 1579 2464 1634 secumque
2509 1563 2698 1618 dicent
2742 1578 2755 1614 :
2813 1578 2832 1611 ι
2884 1557 3107 1614 Exsulta
3144 1570 3312 1617 nune,
3344 1551 3527 1607 anima

1952 1676 2094 1725 mea,
2130 1661 2187 1714 in
2217 1658 2452 1712 Domino
2481 1653 2702 1715 Linduit
2725 1652 2874 1707 enim
2900 1665 2986 1705 me
3012 1648 3178 1719 pallio
3205 1643 3451 1708 salutari,
3473 1653 3531 1698 et

1950 1751 2273 1807 indumento
2292 1748 2516 1813 laetitiae,
2546 1745 2703 1815 quasi
2729 1759 2932 1815 sponso
2962 1738 3365 1809 circumposuit
3392 1734 3531 1790 mihi

1950 1844 2194 1905 mitram,
2218 1850 2275 1897 et
2293 1840 2451 1911 quasi
2473 1853 2729 1910 sponsam
2751 1834 3045 1891 adornavit
3068 1849 3152 1887 me
3177 1822 3386 1886 mundo
3407 1828 3473 1881 ⁵⁷.
3505 1845 3525 1877 ι

1951 1936 2018 1991 Hi
2064 1934 2353 2005 fulgebunt
2397 1931 2454 1986 in
2486 1946 2655 2001 regno
2688 1929 2889 1994 Patris,
2936 1927 2982 1983 si
3017 1924 3181 1980 modo
3216 1922 3354 1977 nihil
3409 1920 3534 1974 (lete

1954 2029 2196 2098 reliquas
2229 2025 2334 2081 sibi
2368 2023 2721 2080 conciliarint
2755 2021 3017 2081 virtutes,
3068 2016 3274 2086 quibus
3307 2012 3534 2084 pulchre

1911 2158 1917 2163 ι
1954 2119 2249 2176 conveniat
2283 2132 2408 2172 cum
2442 2131 2552 2171 una
2602 2114 2705 2169 hac
2732 2111 3009 2168 castitate.
3057 2109 3177 2163 lllie
3212 2106 3333 2161 istis
3375 2103 3534 2158 vide-

1955 2212 2108 2266 bitur
2142 2212 2253 2265 vita
2282 2218 2338 2265 et
2362 2207 2753 2280 longiturnitas
2793 2204 3008 2259 dierum
3058 2199 3352 2270 tranquilla
3380 2212 3539 2266 pror-

1957 2320 2052 2359 sus
2076 2311 2133 2358 et
2159 2302 2228 2357 ab
2264 2303 2416 2357 omni
2442 2300 2698 2356 submota
2730 2296 2997 2367 temperie
3030 2312 3044 2347 :
3077 2292 3146 2347 ab
3177 2281 3243 2346 eo
3273 2283 3421 2346 enim
3451 2302 3541 2342 re-

1956 2411 2065 2467 gno
2090 2395 2282 2466 procul
2316 2394 2455 2464 fugit
2490 2391 2681 2457 dolor;
2715 2404 2919 2446 mceror
2949 2390 3015 2444 ac’
3068 2386 3306 2459 gemitus
3333 2381 3541 2451 longis-

1958 2489 2096 2546 sime
2141 2489 2392 2560 sejuneta
2424 2494 2573 2541 sunt.
2607 2481 2856 2539 Perfecte
2882 2490 3069 2537 castus
3098 2477 3248 2535 omni
3276 2492 3344 2534 ex
3385 2480 3542 2546 parte

1960 2579 2267 2638 communit
2284 2576 2620 2633 ac‘custodit
2641 2591 2720 2630 se.
2745 2560 2942 2629 Audivi
2973 2572 3120 2627 enim
3149 2570 3216 2625 de
3244 2582 3372 2639 rege
3403 2580 3545 2636 quo-

161 2706 168 2711 -
280 2679 549 2749 ὁράσεως.
597 2676 660 2729 Ἥ
704 2676 813 2747 γὰρ
842 2674 1074 2744 συνεχής
1115 2690 1175 2726 τε
1207 2671 1328 2736 θέα,
1356 2671 1474 2735 ὁδός
1514 2672 1660 2724 ἐστιν
1692 2672 1726 2740 ἡ
1766 2671 1860 2723 ἐπὶ

1961 2675 2108 2745 piam
2145 2688 2175 2726 a
2210 2670 2316 2725 fide
2347 2669 2573 2724 alieno:
2610 2665 2661 2722 Is
2703 2663 2909 2735 Ephesi
2943 2676 3070 2749 cum
3106 2659 3340 2715 vidisset
3371 2654 3544 2711 sacri-

281 2748 380 2838 τῆν
422 2769 621 2839 πρᾶξιν
667 2768 898 2836 ἄγουσα.
936 2766 1084 2850 [εἰ-δέ
1134 2765 1228 2819 καὶ
1269 2765 1348 2827 εἰς
1394 2762 1554 2836 ἔργον
1606 2761 1679 2833 μὴ
1729 2778 1860 2835 προ-

1965 2759 2183 2813 ticulam
2213 2755 2507 2826 quamdam
2536 2753 2737 2808 decore
2766 2748 3079 2806 admirabili
3113 2748 3543 2819 praecellentem,

283 2835 487 2925 ϐαίνει,
509 2860 648 2923 τέως
678 2835 773 2912 τδν
796 2838 1059 2928 λογισμόν
1100 2855 1342 2928 μολύνει,
1384 2855 1478 2909 καὶ
1517 2853 1705 2924 μοιχὸν
1727 2854 1860 2906 ἁπο-

1964 2866 2032 2906 ex
2059 2848 2278 2919 Epheso
2322 2862 2442 2902 eam
2489 2844 2782 2901 confestim
2816 2842 3024 2905 emisit,
3059 2841 3273 2895 veritus
3321 2852 3388 2892 ne
3422 2835 3548 2907 quis

282 2952 433 3007 τελεῖ
462 2953 553 3006 τδν
581 2953 795 3006 ἁλόντα.
835 2951 931 3013 Τίς
963 2927 1240 3003 τοσοῦτόν
1283 2949 1430 3002 ἐστιν
1476 2944 1766 3017 τολμηρὸς,
1804 2942 1860 3007 ὃς

1965 2943 2116 2998 illam
2163 2940 2408 2996 violenta
2461 2937 2824 3008 impressione
2864 2936 3166 3005 subigeret,
3202 2940 3260 2986 et
3296 2927 3547 2985 indecori

282 3048 398 3109 τοῖς
420 3042 717 3113 ἀλλοτρίοις
741 3041 979 3111 συνεχῶς
1003 3038 1359 3093 κατοπτεύων
1383 3035 1662 3100 κάλλεσιν,
1689 3034 1860 3103 λέγει,

1969 3033 2026 3088 in
2079 3032 2227 3088 illam
2283 3030 2568 3102 quidpiam
2625 3029 3035 3084 admitteretur.
3092 3024 3267 3096 Cyrus
3315 3019 3549 3091 proinde

289 3131 428 3206 μηδέ
485 3132 546 3185 τὸ
587 3112 867 3202 παράπαν
918 3125 1440 3200 παραϐλάπτεσθαις
1491 3125 1554 3178 Εἰ
1601 3124 1659 3178 δέ
1705 3123 1860 3177 τοῦτο

1968 3125 2266 3182 Persarum
2314 3137 2409 3178 rex
2452 3120 2896 3193 tympanistriam
2929 3117 3063 3189 (cui,
3108 3115 3353 3172 omnium
3389 3112 3550 3168 testi-

285 3224 569 3289 δύσκολον,
612 3221 719 3294 χρὴ
766 3221 1005 3291 μάλιστα
1060 3218 1286 3289 φεύγειν
1334 3216 1434 3280 τὰς
1486 3216 1727 3287 συνεχεῖς
1758 3213 1860 3268 τῶν

1968 3218 2180 3283 monio,
2228 3213 2575 3272 admirabilis
2618 3220 2675 3267 et
2722 3227 2889 3282 supra
2935 3224 3100 3280 quam
3145 3207 3294 3263 credi
3337 3212 3550 3277 posset,

286 3315 569 3387 γυναικῶν
622 3313 912 3378 ἐντεύξεις.
961 3313 1024 3365 Εἰ
1070 3310 1126 3363 δὲ
1170 3308 1384 3380 ἀνάγκη
1445 3305 1700 3379 χαλινοῦν
1740 3305 1860 3369 τοὺς

1971 3298 2324 3366 tribuebatur
2361 3306 2636 3380 elegantia
2682 3305 2953 3376 corporis)
2989 3319 3059 3358 ne
3100 3301 3290 3356 videre
3326 3298 3551 3369 quidem

286 3404 624 3476 ὀφθαλμοὺς.
652 3405 682 3458 ό
706 3404 995 3474 ἄμεμπτος
1014 3401 1109 3454 καὶ
1140 3399 1370 3470 σώφρων
1396 3397 1518 3451 Ἰὼϐ
1542 3399 1653 3461 τοῖς
1676 3394 1860 3449 ἑαυτοῦ

1972 3402 2259 3458 sustinuit.
2291 3399 2450 3468 Quod
2486 3400 2537 3453 si
2580 3398 2709 3453 talia
2743 3412 2845 3453 suo
2880 3398 3197 3452 asseverant
3232 3388 3553 3447 testimonio

289 3496 467 3564 φίλοις
497 3492 896 3569 διαλεγόμενος,
928 3490 1092 3562 φησίν
1120 3507 1134 3522 °
1181 3508 1198 3541 ι
1238 3490 1300 3543 Εἰ
1341 3488 1419 3541 δὲ-
1442 3488 1535 3541 καὶ
1574 3484 1874 3557 ἐπηκολού-

290 3587 459 3656 θησεν
488 3587 522 3657 ἡ
552 3584 749 3657 καρδία
801 3602 905 3654 μου
952 3583 1172 3652 γυναικὶ
1217 3581 1409 3651 ἀνδρὸς
1449 3578 1661 3648 ἐτέρου,
1700 3578 1748 3630 εἱ
1779 3577 1873 3629 καὶ

291 3677 592 3746 ἐγκάθετος
629 3676 898 3747 ἐγενόμην
931 3675 1024 3729 ἐπὶ
1071 3673 1261 3744 θύραις
1293 3672 1487 3740 αὐτῆς,
1534 3669 1728 3741 ἀρέσαι
1766 3667 1875 3738 ἄρα

292 3772 389 3824 καὶ
419 3772 453 3842 ἡ
476 3770 613 3840 γυνή
646 3786 748 3839 μου
764 3769 849 3821 ἑτέ
859 3785 956 3839 ρῳ.
984 3766 1165 3836 Θυμδς
1184 3765 1293 3836 γὰρ
1313 3763 1484 3835 ὀργῆς
1507 3760 1877 3830 ἀκατάσχετος

292 3861 389 3915 τοῦ
424 3863 611 3931 μιᾶναι
643 3862 875 3929 γυναῖκα
906 3858 1096 3930 ἀνδρός
1122 3875 1138 3889 ο
1166 3856 1276 3927 πῦρ
1305 3857 1412 3925 γάρ
1444 3854 1561 3907 ἐστι
1588 3853 1877 3921 καιόμενον

295 3954 393 4006 ἐπὶ
426 3953 648 4005 πάντων
674 3951 782 4005 τῶν
831 3950 1011 4021 μερῶν
1041 3968 1054 3981 ·
1089 3942 1134 4017 ᾧ
1175 3948 1219 4001 δ’
1251 3948 1317 4001 ἂν
1363 3945 1585 4019 ἐπέλθῃ,
1616 3946 1681 3998 ἐκ
1715 3943 1878 4015 ῥιζῶν

297 4042 605 4097 ἀπώλεσεν.
638 4042 750 4097 Καὶ
780 4044 807 4095 ό
840 4043 1112 4113 μακάριος
1156 4040 1369 4102 Παῦλος
1401 4039 1733 4093 ἐπιστέλλων
1758 4036 1899 4091 νου)

1975 3512 2005 3550 a
2037 3494 2144 3549 title
2172 3491 2396 3556 exotici,
2440 3498 2496 3544 et
2541 3506 2571 3544 a
2607 3489 2837 3544 salutari
2886 3487 3147 3542 unctione
3199 3482 3384 3544 alieni,
3420 3479 3555 3550 quid

1975 3602 2078 3641 nos
2105 3600 2216 3640 non
2248 3581 2542 3638 conveniat
2562 3596 2677 3651 prae
2702 3580 2813 3634 illis
2834 3588 2987 3633 tanto
3006 3577 3245 3641 ellicere,
3272 3575 3365 3645 qui
3391 3571 3558 3628 Chri-

1977 3677 2046 3734 sti
2082 3691 2150 3731 ex
2185 3673 2432 3745 professo
2512 3656 2769 3740 discipuli
2828 3669 3056 3724 sumus?
3101 3668 3338 3722 Necesse
3390 3662 3559 3733 igitur

1978 3770 2070 3832 sit,
2100 3777 2474 3837 temperemus
2509 3762 2671 3817 nobis
2712 3777 2823 3815 non
2870 3776 2901 3815 a
2952 3758 3322 3815 collocutione
3369 3754 3557 3812 modo,

1980 3860 2075 3918 sed
2112 3870 2167 3916 ct
2200 3860 2269 3914 ab
2299 3864 2550 3927 aspectu,
2589 3854 2681 3924 qui
2715 3851 2939 3922 quidem
2974 3850 3061 3903 via
3095 3857 3180 3902 est
3200 3856 3353 3901 recta
3386 3844 3559 3898 dedu-

1982 3962 2115 4006 cens
2145 3949 2212 4003 ad
2243 3945 2622 4017 operationem
2654 3941 2864 4013 ﬂagitii.
2900 3940 3053 4003 Esto,
3097 3937 3166 3992 ad
3211 3951 3353 4005 opus
3384 3948 3560 4002 usque

1982 4053 2093 4093 non
2126 4034 2528 4107 progrediatur,
2561 4032 2931 4101 aliquousque
2980 4035 3161 4081 tamen
3192 4022 3433 4079 defmdat
3463 4037 3560 4075 eo-

298 4136 489 4188 θετεῖσ
522 4153 541 4185 ι
574 4132 885 4204 Παρακαλῶ
940 4132 1034 4186 οῦν
1091 4133 1257 4201 ὑμᾶς,
1317 4130 1570 4199 ἀδελφοὶ,
1626 4128 1717 4183 διὰ
1775 4128 1860 4182 τῶ·

1985 4130 2305 4203 gitationem
2328 4143 2391 4183 ac
2415 4126 2691 4182 moechum
2713 4120 2879 4178 eilicit
2900 4121 3064 4176 talem
3086 4117 3388 4188 captivum.
3405 4114 3561 4180 Quis,

299 4226 602 4307 οἰκτιρμῶν
633 4225 730 4279 τοῦ
761 4224 921 4293 θεοῦ,
964 4224 1320 4295 παραστῆσαι
1356 4224 1422 4277 τὰ
1466 4222 1696 4293 σώματα
1727 4222 1860 4291 ύμῶ·

1990 4234 2197 4289 quaeso,
2240 4231 2485 4286 eousque
2514 4211 2840 4270 temeritatis
2863 4217 3159 4282 provectus
3184 4215 3288 4267 est,
3315 4205 3408 4275 qui
3436 4218 3562 4257 eum

301 4292 500 4373 θυσίαν
520 4316 723 4384 ζῶσαν,
759 4292 940 4386 άγίαν,
975 4292 1271 4385 εὐάρεστον
1300 4315 1378 4385 τῷ
1404 4292 1559 4386 Θεῷ,
1579 4332 1596 4365 ι
1631 4313 1802 4383 Φησὶν
1828 4313 1860 4366 δξ

1989 4313 2045 4366 in
2079 4310 2317 4373 alienam
2352 4303 2822 4378 pulchritudinem
2857 4300 3210 4356 continenter
3236 4292 3568 4364 et‘pressius

301 4408 471 4478 Τίτῳο
502 4427 520 4460 ι
542 4408 956 4479 Πρεσϐυτέρους
979 4406 1283 4479 νηφαλέους
1313 4403 1471 4466 εἶναι,
1498 4407 1750 4476 σεμνοὺς,
1776 4405 1860 4458 σῶα

1959 4419 1960 4430 π
1992 4401 2191 4473 deligat
2215 4401 2426 4464 oculos,
2464 4399 2651 4453 dicere
2695 4390 2841 4463 ausit
2873 4392 3022 4447 nulla
3056 4391 3186 4444 hinc
3222 4404 3279 4443 se
3310 4404 3377 4442 ex
3413 4393 3568 4455 parte

305 4517 545 4573 φρονας’
583 4500 946 4572 πρεσϐύτιδας
996 4500 1278 4565 ὡσαύτως,
1325 4500 1692 4573 ἱεροπρεπεῖς,
1725 4498 1858 4551 καλο

1991 4494 2155 4552 laedi?
2196 4492 2313 4548 Hoc
2363 4504 2627 4560 perquam
2672 4485 2895 4541 diiﬁcile
2945 4483 3036 4539 sit.
3082 4481 3312 4535 Maxime
3343 4478 3567 4549 quidem

304 4568 683 4659 διδασκάλους,
715 4595 803 4647 ἵνα
833 4592 1242 4664 σωφρονίζωσιν
1284 4568 1388 4656 τὰς*
1409 4568 1537 4655 νέας
1571 4590 1860 4662 φιλάνδρου

1994 4587 2264 4651 omnium,
2286 4582 2498 4639 vitandi
2520 4586 2650 4636 sunt
2670 4577 2967 4632 mulierum
2990 4586 3317 4645 congressus
3338 4568 3570 4625 assidui.

306 4682 468 4749 εἶναι,
500 4684 868 4755 φιλοτέκνους,
925 4661 1232 4754 σώφρονας,
1281 4683 1472 4752 ἁγνάς.
1515 4702 1532 4733 ι
1565 4661 1677 4737 Καὶ
1714 4661 1860 4745 αῦθις

1995 4676 2151 4748 Quod
2183 4677 2229 4732 si
2261 4690 2488 4731 necesse
2510 4673 2700 4739 fuerit,
2728 4670 2877 4727 oculi
2904 4681 3124 4738 quoque
3147 4661 3488 4733 dispalantes
3511 4674 3574 4713 ac

314 4797 333 4827 ι
368 4778 488 4830 Ἵνα
514 4751 890 4847 αρνησάμενοι
920 4751 1028 4846 τὴν
1049 4751 1337 4836 άσέϐειαν,
1359 4776 1455 4829 καὶ
1486 4774 1583 4838 τὰς
1616 4774 1860 4844 κοσμικὰ

1997 4770 2141 4841 vagi,
2185 4764 2343 4822 velut
2388 4766 2590 4836 injecto
2636 4762 2792 4817 freno
2835 4756 3129 4815 coercendi
3168 4761 3318 4809 sunt.
3351 4751 3464 4807 Hoc
3515 4764 3575 4805 se

307 4869 633 4940 ἐπιθυμίας,
681 4870 998 4941 σωφρόνως,
1046 4870 1142 4923 καί
1188 4868 1448 4933 δικαίως,
1503 4869 1597 4922 καὶ
1650 4868 1860 4922 εύσεὸὦ

1994 4861 2192 4926 fecisse
2220 4857 2325 4913 Job
2357 4851 2862 4926 irreprehensibilis
2892 4859 2949 4905 et
2976 4847 3232 4920 pudicus,
3268 4859 3395 4900 cum
3436 4842 3578 4896 amio

311 4965 568 5034 ζήσωμεν
597 4963 654 5015 ἐν
683 4960 759 5033 τῷ
799 4961 893 5015 νῦν
924 4960 1100 5014 αἰῶνι.
1140 4980 1158 5014 ι
1210 4962 1321 5015 Καὶ
1351 4960 1601 5032 Τιμοθέῳ
1625 4977 1638 4989 ’
1669 4980 1685 5011 ι
1705 4960 1860 5032 Χήρα

1998 4953 2078 5007 eis
2102 4950 2218 5007 suis
2249 4949 2532 5003 disserens
2563 4945 2641 4999 ait
2670 4962 2684 4998 :
2722 4963 2740 4997 ι
2772 4942 2829 4999 Si
2854 4950 3105 4997 secutum
3140 4944 3225 4994 est
3255 4950 3354 4992 eor
3387 4946 3576 4988 meum

311 5058 468 5125 τίμα,
499 5055 598 5118 τὰς
627 5055 796 5118 ὅντως
826 5056 1025 5125 χήρας.
1056 5074 1074 5106 ι
1106 5054 1217 5108 Kal.
1242 5053 1461 5120 ἐπάγεν
1493 5071 1518 5105 ι
1559 5052 1623 5105 Ἠ
1646 5051 1702 5104 δέ
1729 5051 1897 5116 ὅντως

313 5150 482 5220 χήρα,
519 5148 613 5202 καὶ
657 5148 1043 5219 μεμονωμένη,
1081 5146 1311 5219 ἤλπισεν
1345 5145 1439 5199 ἐπὶ
1480 5144 1576 5198 τὸν
1615 5144 1771 5212 Θεὸν,
1804 5144 1900 5197 καὶ

315 5240 758 5311 προσμένειταῖς
784 5238 1003 5309 δεήσεσι
1028 5242 1123 5292 καὶ
1168 5240 1290 5301 ταῖς
1334 5238 1666 5307 προσευχαῖς
1705 5234 1898 5299 νυκτὸς

316 5329 413 5383 καὶ
442 5328 655 5398 ἡμέρας
678 5343 693 5359 ·
738 5347 756 5378 ι
793 5326 976 5391 καθὼς
1008 5327 1104 5381 καὶ
1137 5328 1168 5397 ἡ
1199 5325 1318 5393 όσία
1356 5325 1547 5390 Ἅννα,
1588 5327 1622 5396 η
1650 5323 1899 5396 θυγάτηρ

314 5421 583 5491 σιδανουὴλ,
614 5419 826 5493 ζήσασα
872 5421 1009 5492 μετὰ
1042 5418 1138 5474 τοῦ
1178 5417 1369 5490 ἀνδρὸς
1400 5417 1573 5488 αὐτῆς
1608 5415 1900 5486 σωφρόνως

319 5514 416 5583 ἐτη
489 5512 629 5566 ἑπτά
686 5512 793 5566 ἀπὸ
871 5513 971 5583 τῆς
1044 5511 1344 5583 παρθενίας
1401 5510 1604 5579 αὐτῆς,
1656 5508 1797 5562 κατὰ
1839 5508 1900 5561 τὸ

396 5697 444 5732 ⁸⁸
475 5698 540 5752 Ill
574 5699 707 5768 Reg.
741 5696 991 5762 ινιιμὶιὸ.

2002 5040 2289 5095 mulierem
2313 5037 2417 5092 viri
2443 5036 2695 5103 alterius,
2719 5041 2776 5088 et
2796 5033 2840 5088 si
2870 5031 3160 5087 insidiator
3183 5028 3258 5083 fui
3285 5026 3350 5081 ad
3375 5025 3581 5098 ianuas

1997 5134 2139 5204 eius,
2171 5132 2387 5201 placeat
2430 5129 2624 5198 utique
2666 5141 2806 5182 uxor
2849 5139 2971 5179 mea
3004 5121 3196 5187 alteri;
3242 5117 3398 5174 furor
3424 5116 3577 5172 enim

2003 5228 2099 5281 ira:
2146 5221 2535 5280 irretentibilis
2584 5228 2669 5276 est
2724 5215 3102 5277 contaminare
3146 5226 3374 5267 uxorem
3432 5206 3579 5274 viri;

2006 5318 2146 5387 ignis
2179 5317 2328 5372 enim
2374 5323 2461 5371 est
2492 5328 2686 5371 omnes
2724 5323 3056 5366 consumens
3103 5312 3289 5376 partes
3331 5320 3345 5356 :
3387 5315 3581 5370 quem-

2007 5426 2225 5481 cunque
2254 5407 2555 5474 adorietur,
2587 5405 2656 5461 ab
2690 5401 2880 5459 radice
2909 5399 3028 5470 ipsa
3063 5398 3213 5451 hunc
3238 5390 3435 5464 perdet
3456 5389 3524 5443 “.
3555 5407 3574 5440 ι

2010 5480 2210 5560 Beatus
2244 5505 2471 5573 insuper
2502 5499 2705 5557 Paulus
2739 5511 2840 5568 per
2869 5490 3169 5564 Epistulam
3207 5486 3468 5543 admonet
3501 5480 3586 5537 di-

1066 5694 1109 5726 "
1148 5693 1250 5749 lsa.
1284 5707 1390 5756 LXI,
1422 5691 1506 5746 10.
1583 5692 1628 5723 ⁸⁸
1665 5691 1767 5749 Job
1799 5707 1941 5757 xui,
1974 5689 2129 5745 94:2.
