4054 6312
261 317 392 384 1497

1216 327 1549 390 HOMILIA
1584 329 1746 390 XXI.
1780 354 1850 364 —
1883 327 1982 390 DE
2019 323 2549 388 VIRGINITATE.

3387 320 3524 385 1498

251 427 541 492 ἐξανύεται
573 428 736 484 παντὶ
779 429 857 501 τῷ
891 430 1236 508 βουλομένῳ⁸
1287 439 1510 510 τοιαύτη
1545 439 1644 508 τῆς
1690 455 1834 508 παρ-

1949 435 2178 507 spiciam
2211 445 2325 490 toto
2361 443 2638 490 terrarum
2678 431 2815 488 orbe
2856 441 2978 488 eam
3021 440 3190 488 suave
3222 433 3532 502 fragrantes

253 519 436 582 θενίας
469 521 501 590 ἡ
530 521 721 592 ἀρετή.
767 523 906 577 Ἀλλ’
931 525 1010 578 ὃτι
1051 527 1152 594 μὲν
1183 527 1330 598 μέγα
1373 529 1434 582 τὸ
1479 529 1834 600 κατόρθωμα,

253 612 351 664 καὶ
386 611 606 680 μείζονα
637 613 704 666 τὰ
736 615 794 667 ἐν
843 615 1199 684 ἐπαγγελίαις
1244 620 1586 690 ἀποκείμενα
1633 621 1836 690 ἀγαθά,

248 706 370 768 τοῖς
400 704 661 772 ἀγαπῶσι
707 705 799 758 τὸν
831 705 964 760 Θεὸν
1003 709 1172 762 πᾶσιν
1204 711 1492 780 πρόδηλον.
1527 714 1839 784 Ἀμήχανον

251 796 312 850 δὲ
338 793 510 868 popl.)
535 799 760 870 ἀγάπης
797 800 931 854 Θεοῦ
957 803 1050 856 καὶ
1075 806 1608 875 ταπεινοφροσύνης,
1638 806 1839 874 φθάσαι

251 887 380 940 τινὰ
413 889 494 950 είς
521 888 582 941 τὸ
609 887 744 958 ῦψος
776 891 876 960 τῆς
905 892 1164 965 τοιαύτης
1203 895 1424 964 ἀρετῆς,
1461 895 1536 958 ὼς
1573 899 1843 967 μαρτυρεῖ

253 978 396 1048 αὐτὴ
420 981 452 1050 ἡ
475 981 840 1052 πανάμωμος,
873 983 970 1036 καὶ
999 985 1370 1054 πανύμνητος,
1403 987 1498 1040 καὶ
1524 987 1842 1054 παι-δέειδοξος

253 1066 520 1131 Θεοτόκος
549 1069 753 1142 ᾅδουσα
780 1089 792 1103 ·
824 1091 843 1124 ι
879 1074 1190 1142 Μεγαλύνει
1217 1077 1250 1146 ή
1291 1075 1433 1148 ψυχή
1467 1097 1567 1147 μου
1595 1079 1684 1132 τὸν
1727 1081 1843 1133 Κύ-

260 1175 400 1229 ριον,
440 1160 538 1212 καὶ
567 1159 865 1228 ὴγαλλίασε
894 1162 956 1216 τὸ
986 1163 1206 1234 πνεῦμά
1239 1183 1342 1234 μου
1385 1167 1478 1220 ἐπὶ
1519 1167 1596 1238 τῷ
1621 1155 1740 1240 Θεῷ
1768 1169 1844 1238 τῷ

257 1249 477 1322 Σωτῆρι
525 1267 665 1322 μουο
705 1271 726 1306 ο
761 1253 858 1324 τὴν
887 1254 1036 1308 θείαν
1077 1257 1302 1326 ἀγάπην
1349 1259 1710 1328 ἐμφαίνουσα.
1737 1263 1846 1314 Καὶ

255 1340 463 1406 εύθέως
491 1357 505 1372 ⁸
549 1344 712 1397 «Ὅτι
765 1345 1066 1416 ἐπέϐλεψεν
1105 1349 1199 1402 ἐπὶ
1229 1349 1328 1418 τὴν
1380 1350 1712 1404 ταπείνωσιν
1749 1355 1847 1421 τῆς

254 1433 452 1505 δούλης
483 1431 673 1491 αὐτοῦ.
708 1457 724 1488 ι
754 1439 865 1492 Καὶ
895 1438 1052 1504 αὖθις
1073 1459 1087 1472 ·
1113 1462 1130 1494 ι
1157 1441 1424 1496 Καθεϊλεν
1445 1443 1714 1506 δυνάστας
1741 1445 1848 1498 άπδ

256 1523 490 1596 θρόνων,
524 1528 618 1580 καὶ
661 1527 878 1597 ὕψωσεν
903 1531 1216 1596 ταπεινοὺς,
1253 1549 1272 1582 ι
1321 1531 1416 1584 καὶ
1448 1533 1517 1585 τὰ
1556 1533 1702 1600 ἑξῆς.
1738 1533 1848 1586 Καὶ

255 1617 400 1690 πρὸς
427 1617 519 1672 τδν
543 1619 785 1691 Γαϐριὴλ
817 1621 1083 1692 πρότερον
1103 1637 1118 1654 ο
1149 1640 1167 1673 ι
1191 1621 1322 1676 Ἰδοὺ
1357 1625 1390 1695 ἡ
1421 1623 1584 1694 δούλη
1618 1625 1847 1694 Κυρίου,

257 1709 478 1776 γένοιτό
511 1727 602 1776 μοι
635 1711 777 1765 κατὰ
805 1712 868 1765 τὸ
899 1712 1052 1782 ῥῆμά
1083 1731 1200 1767 σου.
1233 1732 1252 1764 ι

1938 539 1996 583 et
2026 542 2374 598 pet-amoenos
2421 525 2586 580 ﬂores
2614 532 2863 592 exerere,
2910 540 2976 580 ac
3008 540 3108 595 per
3137 539 3360 579 omnem
3395 533 3530 578 aeta-

1941 630 2052 675 tem
2087 619 2318 689 pulchre
2349 618 2464 688 regi
2495 626 2550 672 et
2581 615 2764 672 cilicio
2791 615 2968 686 fungi,
3004 615 3093 670 isti
3137 631 3235 686 per
3267 614 3533 670 invidiam

1941 712 2260 782 eliqttantur
2294 711 2497 764 misere
2538 719 2594 764 et
2623 710 3046 771 con'tabescunt,
3065 711 3218 778 juxta
3245 707 3533 776 Propheta:

1941 803 2320 858 sententiam:
2359 822 2378 854 ι
2418 803 2684 857 Peccator
2715 802 2928 856 videbit
2966 810 3023 854 et
3067 801 3359 861 irascetur,
3391 799 3533 854 den-

1942 895 2092 950 tibus
2125 897 2240 950 suis
2280 894 2480 949 fremet
2512 903 2568 949 et
2603 895 2850 948 tabescet
2879 896 2944 948 “.
2981 913 2999 944 ι
3029 893 3107 946 Ex
3137 907 3250 961 quo
3285 901 3532 960 tempore

1945 986 2213 1042 Dominus
2245 997 2439 1042 noster
2462 985 2625 1040 Jesus
2664 985 2920 1040 Christus
2954 983 3050 1038 Dei
3088 977 3260 1038 Filius
3295 997 3392 1036 sua
3438 995 3532 1035 so-

1944 1077 2052 1132 lius
2087 1090 2210 1146 erga
2244 1093 2346 1132 nos
2373 1076 2712 1147 benignitate
2743 1090 2812 1130 ex
2850 1085 3010 1128 utero
3041 1073 3219 1128 voluit
3246 1080 3452 1126 sanctae
3477 1077 3535 1126 et

1944 1171 2287 1226 intemeratae
2315 1163 2565 1238 Deipara:
2591 1183 2812 1238 semper
2841 1166 3074 1237 virginis
3105 1165 3308 1228 Marize,
3334 1179 3436 1218 suo
3463 1163 3533 1218 ad

1945 1278 2049 1318 nos
2094 1261 2336 1316 adventu
2374 1261 2742 1314 inclarescere
2793 1260 3024 1322 mundo,
3071 1258 3346 1327 simulque
3387 1256 3536 1312 vires

1948 1354 2220 1424 suggessit
2250 1353 2454 1422 quibus
2499 1351 2852 1406 obluctemur
2889 1351 3110 1404 diabolo
3138 1369 3152 1402 :
3181 1349 3340 1403 facile
3373 1349 3533 1402 dein-

1948 1461 2080 1514 ceps
2109 1445 2182 1500 sit
2211 1446 2472 1500 virtutem
2507 1443 2777 1514 perlicere
2804 1443 3156 1514 virginitatis,
3195 1441 3362 1496 modo
3391 1441 3437 1495 is
3467 1455 3534 1494 ex

1949 1537 2134 1590 animo
2181 1536 2335 1597 velit,
2385 1544 2445 1590 ut
2487 1536 2664 1590 ardua
2713 1535 2784 1590 sit
2833 1535 3044 1590 functio
3078 1534 3304 1588 virtutis
3337 1533 3500 1587 istius.

1951 1627 2044 1682 scd
2090 1638 2294 1698 etquae
2339 1629 2504 1683 bouis
2553 1637 2666 1682 toto
2710 1637 2940 1698 pectore
2969 1628 3140 1681 Deum
3177 1625 3535 1694 diligentibus

1953 1735 2050 1789 per
2085 1720 2578 1799 repromissionem
2613 1720 2853 1790 reposita
2877 1729 3030 1785 sunt,
3063 1717 3199 1772 nulli
3231 1717 3530 1771 obscurum

255 1801 422 1874 longe
457 1818 578 1858 esse
627 1807 1033 1874 priestantiora.
1081 1806 1231 1860 Nulli
1267 1817 1446 1862 tamen
1476 1807 1742 1878 possibile
1812 1811 1880 1866 ad
1922 1821 2086 1868 tantae
2129 1814 2353 1869 virtutis
2423 1815 2736 1884 pertingere
2787 1813 3087 1883 fastigium,
3131 1813 3236 1866 nisi
3279 1811 3534 1880 pra-sidio

249 1897 484 1980 juvetur
525 1907 581 1953 et
615 1914 742 1969 erga
815 1900 990 1954 Deum
1037 1899 1358 1964 cbaritatis,
1428 1912 1485 1956 et
1533 1902 1702 1958 animi
1741 1904 1810 1958 de
1855 1919 1913 1960 se
1953 1921 2116 1975 quam
2165 1907 2570 1961 modestissime
2621 1904 2946 1965 sentientis,
2984 1901 3138 1969 juxta
3163 1903 3531 1958 testimonium

252 1987 510 2057 Deipara:
555 1991 705 2072 omni
741 1989 966 2043 laudum
1013 2006 1219 2061 genere
1263 1991 1662 2058 celeberrimae,
1707 1995 1845 2048 nulli
1888 1995 2141 2052 obnoxia:
2169 1998 2326 2062 vitio,
2386 1998 2483 2052 sed
2548 1998 2722 2069 gloria
2747 1997 3272 2068 omnidignissimee,
3303 1994 3356 2049 in
3385 1995 3534 2049 hunc

253 2080 483 2136 modum
515 2082 884 2162 emodulantis
917 2102 930 2138 :
969 2103 990 2136 ι
1027 2085 1337 2156 Magniﬁcat
1394 2087 1575 2144 anima
1617 2103 1738 2143 mea
1799 2089 2114 2155 Dominum,
2142 2101 2198 2146 et
2231 2092 2530 2147 exsultavit
2595 2092 2827 2162 spiritus
2862 2107 3019 2146 meus
3048 2091 3105 2145 in
3161 2091 3274 2145 Deo
3305 2089 3530 2144 salutari

254 2186 384 2226 meo
417 2171 499 2238 ⁶⁷;
537 2193 557 2226 ι
591 2190 718 2229 cum
771 2177 918 2231 enim
970 2191 1070 2247 per
1117 2177 1261 2232 hanc
1313 2175 1630 2236 subindicet
1680 2194 1834 2234 suam
1875 2195 2004 2251 erga
2063 2181 2235 2236 Deum
2301 2182 2652 2245 ebaritatem,
2681 2198 2808 2237 mox
2837 2181 3034 2237 addit:
3069 2201 3086 2232 ι
3119 2181 3258 2248 Quia
3287 2181 3534 2251 respexit

253 2268 630 2326 humilitatem
673 2273 888 2328 ancilla:
928 2275 1041 2332 suae
1075 2271 1143 2329 ⁸⁸.
1178 2291 1196 2324 ι
1263 2274 1520 2338 Rursus:
1590 2294 1608 2326 ι
1641 2275 1906 2344 Deposuit
1943 2285 2200 2346 potentes
2233 2277 2302 2332 de
2327 2277 2482 2339 sede,
2513 2286 2570 2334 et
2607 2278 2872 2334 exaltavit
2902 2277 3144 2332 humiles
3173 2255 3241 2343 ⁸⁸,
3277 2297 3295 2328 ι
3325 2287 3381 2332 et
3409 2293 3533 2346 quae

253 2361 454 2418 ordine
483 2373 814 2434 sequuntur.
850 2363 958 2419 Sed
991 2373 1046 2420 et
1091 2365 1370 2436 aliquanto
1398 2367 1555 2437 prius
1583 2365 1824 2422 Gabrieli
1864 2369 2230 2438 responderat
2262 2388 2276 2424 :
2310 2389 2328 2422 ι
2373 2370 2515 2425 Ecce
2554 2369 2755 2424 ancilla
2807 2369 3056 2432 ‘Domini,
3117 2369 3212 2424 ﬁat
3257 2371 3394 2424 mihi
3439 2385 3531 2424 se-

257 2457 510 2513 cnndum
542 2457 773 2512 verbum
807 2467 964 2514 tuum
995 2458 1065 2513 ".
1103 2477 1122 2510 ι

331 2551 528 2618 Σαςῶς
555 2545 648 2604 οὖν
678 2549 769 2604 διὰ
799 2550 1006 2604 τούτων
1033 2547 1434 2612 ἀποδέδεικται,
1465 2550 1546 2602 ὅτι
1575 2549 1636 2612 ἐξ
1663 2548 1840 2620 ἄκρας

2019 2551 2117 2606 llis
2162 2550 2330 2621 igitur
2363 2551 2667 2606 clarissime
2713 2551 3043 2620 explicatum
3082 2568 3227 2613 reor.
3259 2554 3387 2624 quia
3421 2571 3520 2624 per

259 2642 655 2706 ταπεινώσεως
683 2644 908 2712 καὶτῆς
950 2643 1090 2714 πρὸς
1140 2641 1276 2694 Θεὸν
1327 2641 1570 2709 ἀγάπης,
1614 2640 1708 2693 τὸν
1755 2641 1850 2710 τῆς

259 2735 570 2805 παρθενίας
603 2733 838 2802 ἄμωμον
886 2732 1092 2808 χιτῶνα
1137 2733 1308 2803 ἑαυτῇ
1353 2734 1386 2802 ἡ
1437 2732 1849 2802 κεχαριτωμένη

260 2825 548 2894 ἑξύφανεν.
579 2823 722 2878 Ἀλλ’
757 2824 838 2876 ὅτι
879 2824 978 2892 μὲν
1028 2822 1238 2894 μεγάλη
1270 2825 1304 2892 ἠ
1357 2822 1525 2892 ἀρετὴ
1571 2824 1668 2892 τῆς
1707 2838 1850 2891 παρ-

261 2915 466 2978 θενίας,
509 2915 914 2968 ἀποδέδεικται.
946 2913 1069 2985 Χρὴ
1110 2913 1166 2966 δὲ
1207 2913 1298 2966 τὸν
1335 2913 1410 2976 εἰς
1439 2911 1596 2964 τοῦτο
1625 2911 1686 2964 τὸ
1721 2912 1849 2964 στά-

260 3005 377 3059 διον
411 3004 778 3074 ἀποδυόμενον
821 3003 1070 3074 νομίμως
1103 3003 1356 3072 ἀθλῆσαι,
1395 3001 1536 3055 κατὰ
1567 3001 1656 3054 τὸν
1688 3001 1851 3054 ’Λπό-

263 3097 478 3152 στολον.
534 3097 611 3150 Οὐ
649 3097 760 3166 γάρ
793 3099 942 3150 ἐστιν
975 3096 1157 3150 αὐτῶν
1191 3097 1225 3166 ἡ
1261 3095 1406 3166 πάλη
1437 3113 1456 3146 ι
1491 3095 1629 3166 πρὸς
1656 3090 1794 3164 αἷμα
1825 3113 1844 3146 ι

263 3191 366 3246 καὶ
389 3209 416 3242 ‹
447 3191 624 3260 σάρκα
658 3188 838 3258 μόνον,
875 3206 894 3240 ι
926 3187 1063 3242 ἀλλὰ
1099 3208 1118 3239 ‹
1149 3187 1288 3259 πρὸς
1335 3188 1434 3251 τὰς
1473 3187 1737 3258 ἀοράτους
1761 3188 1850 3240 δυ-

263 3279 482 3349 νάμεις.
521 3297 541 3330 ι
582 3278 643 3330 '0
683 3277 968 3342 νεανίσκος
1017 3278 1227 3343 τοίνυν,
1277 3279 1558 3334 τουτέστιν
1595 3279 1623 3330 ὁ
1659 3279 1850 3332 ἑαυτὸν

264 3369 590 3440 εὐνουχίσας
620 3369 707 3422 διὰ
733 3369 836 3440 τὴν
867 3369 1173 3440 βασιλείαν,
1217 3369 1313 3423 καὶ
1349 3370 1384 3436 ἡ
1436 3368 1724 3439 παρθένος,
1755 3367 1850 3422 ἐὰν

269 3460 351 3534 μὴ
377 3465 521 3516 κατᾶ
566 3461 746 3516 πάντα
776 3463 1008 3516 τοιοῦτοι
1057 3455 1214 3522 ὦσιν,
1271 3460 1458 3530 ὥσπερ
1505 3461 1555 3512 οἱ
1605 3459 1852 3527 ἀληθινοὶ

269 3555 511 3626 μιμηταὶ
542 3553 636 3608 τοῦ
662 3553 924 3623 Χριστοῦ,
957 3554 1020 3607 οὐ
1063 3552 1319 3607 δύνανται
1357 3552 1616 3621 σωθῆναι.
1647 3552 1720 3604 Τὸ
1743 3552 1852 3622 γὰρ

266 3644 527 3712 λέγεσθαι
557 3645 846 3716 παρθένον,
872 3647 970 3699 καὶ
991 3645 1090 3708 τὰς
1117 3645 1322 3714 ἀρετὰς
1357 3644 1432 3715 μὴ
1473 3643 1616 3718 ἔχειν
1655 3643 1849 3696 ἀναλόο

267 3751 422 3803 γους,
454 3737 548 3788 καὶ
576 3735 808 3798 οἰκείους
835 3737 930 3788 καὶ
957 3733 1304 3806 ἁρμοζούσας
1333 3738 1398 3806 τῇ
1437 3735 1708 3808 παρθένῳ,
1739 3751 1851 3803 μω-

270 3825 376 3897 ρὰν
394 3826 494 3896 τὴν
515 3825 770 3895 τοιαύτην
792 3825 1062 3897 παρθένον
1087 3844 1158 3894 φη
1169 3827 1253 3879 σιν
1277 3828 1305 3880 ὁ
1329 3825 1552 3897 Κύριος.
1577 3823 1851 3894 Ἀφεγγὴς

265 3896 382 3987 γάρ
407 3911 541 3970 οὖσα
568 3917 666 3970 και
689 3896 959 3979 άνέλαιος,
990 3915 1096 3982 ἔξω
1116 3915 1213 3984 τῆς
1245 3913 1523 3985 βασιλείας
1542 3912 1654 3966 τῶν
1682 3913 1846 3982 οὐρα-
1872 3896 1915 3954 C

169 4041 192 4051 -
265 4005 381 4060 νῶν
431 4006 760 4084 ἐγκλείεται,
813 4005 1048 4076 νυμφίου
1099 4007 1273 4078 χαρᾶς
1329 4005 1691 4076 στερηθεῖσα,
1754 4005 1849 4058 καὶ

272 4095 416 4170 μετὰ
470 4097 581 4149 τῶν
639 4096 943 4166 μισούντων
996 4096 1088 4149 τὸν
1146 4095 1380 4167 νυμφίον
1439 4096 1844 4167 λογισθήσεται.

269 4189 434 4242 Δοκεῖ
455 4186 561 4258 γάρ
589 4183 726 4240 εἷναί
746 4206 797 4242 τι
815 4190 848 4258 ῄ
867 4188 1154 4258 ἄπρακτος
1189 4187 1355 4258 μηδὲν
1381 4187 1535 4252 οῦσα,
1564 4189 1658 4242 καὶ
1683 4203 1848 4258 φρεν-

269 4278 464 4346 απατᾷ
535 4277 753 4348 ἑαυτήν.
807 4276 1162 4346 Δοκιμαζὲτω
1195 4277 1252 4330 δὲ
1299 4277 1534 4339 ἕκαστος
1583 4275 1643 4329 τὸ
1689 4275 1848 4346 ἔργον

269 4366 466 4432 αὐτοῦ,
499 4367 590 4420 καὶ
614 4367 806 4420 ἑαυτὸν
839 4368 1270 4434 ἐπιγινωσκέτω,
1296 4367 1379 4420 ὅτι
1409 4366 1676 4437 θρησκεία
1703 4367 1851 4420 ἐστὶν

275 4457 530 4530 μάταιος,
586 4458 882 4529 παρθενίαν
925 4458 1020 4511 καὶ
1069 4459 1400 4529 ἐγκράτειαν
1457 4457 1853 4529 ὁμολογοῦντες

272 4549 443 4619 ἔχειν,
474 4549 574 4620 τὴν
603 4549 660 4602 δὲ
697 4548 928 4619 δύναμιν
973 4549 1144 4620 αὐτῆς
1177 4550 1496 4620 ἠρνημένοι.
1537 4549 1602 4602 Ἦ
1633 4551 1740 4621 γὰρ
1769 4550 1854 4603 ὅν-

271 4657 387 4704 τως
416 4641 690 4714 εύνουχία,
720 4641 814 4696 καὶ
847 4644 880 4713 ὴ
909 4641 1078 4707 ὅντως
1102 4642 1369 4713 παρθενία
1392 4644 1452 4694 ὲν
1482 4642 1692 4714 Κυρίῳ,
1720 4643 1854 4712 ἁγία

269 4733 426 4788 ἐστὶν
451 4733 529 4804 τῷ
567 4730 778 4804 σώματι
821 4737 918 4788 καὶ
957 4733 1036 4804 τῷ
1084 4735 1383 4804 πνεύματι,
1425 4735 1853 4806 ἀπερισπάστως

267 4826 373 4881 καὶ
411 4827 763 4898 εὐπαρέδρως
789 4827 868 4899 τῷ
889 4827 1092 4898 Κυρίῳ
1120 4827 1459 4900 λατρεύουσα
1490 4829 1548 4882 ἐν
1579 4828 1854 4898 Πνεύματι

1951 2658 2220 2698 summam
2263 2643 2631 2696 humilitatem
2676 2651 2732 2696 et
2781 2657 2910 2712 erga
2957 2642 3127 2696 Deum
3176 2643 3523 2705 charitatem.

1952 2734 2112 2804 plena
2139 2751 2265 2789 cum
2293 2741 2440 2788 esset
2463 2735 2672 2800 gratiae,
2697 2734 3007 2802 promeruit
3031 2733 3137 2788 sibi
3171 2743 3376 2788 vestem
3407 2753 3534 2805 per-

1957 2834 2140 2878 texere
2194 2823 2554 2893 virginitatis,
2610 2823 2759 2876 nulla
2811 2839 2944 2892 ruga
2995 2823 3343 2888 decolorem,
3395 2829 3534 2881 nulli

1951 2914 2246 2968 obnoxiam
2280 2914 2476 2969 reatui.
2504 2913 2611 2980 Qui
2645 2922 2829 2967 autem
2873 2914 2940 2968 ad
2971 2916 3381 2971 exeurreudum
3424 2926 3538 2972 sta-

1951 3005 2102 3060 dium
2131 3006 2424 3076 ejusmodi,
2461 3006 2721 3060 omnibus
2752 3021 2813 3061 se
2847 3007 3140 3060 extricavit
3167 3010 3420 3071 remoris,
3451 3026 3538 3064 se-

1951 3098 2194 3152 cundum
2227 3097 2586 3168 apostolicam
2627 3097 2982 3162 sententiam,
3019 3111 3248 3152 necesse
3279 3108 3364 3154 est
3395 3100 3536 3170 legi-

1952 3190 2084 3244 time
2115 3197 2176 3243 ut
2215 3198 2392 3245 certet
2437 3201 2494 3245 et
2525 3189 2593 3243 ad
2622 3189 2860 3260 palmam
2895 3204 3070 3258 usque
3099 3205 3262 3244 suum
3312 3207 3537 3260 promo-

1950 3289 2074 3334 veat
2109 3295 2362 3350 agonem.
2391 3280 2581 3350 Neque
2614 3279 2762 3334 enim
2801 3279 2890 3333 isti
2941 3296 2960 3330 ι
3015 3279 3282 3334 adversus
3311 3281 3538 3351 sangui-

1950 3385 2074 3424 nem
2108 3390 2125 3421 ι
2160 3369 2324 3424 modo
2355 3387 2373 3418 ι
2410 3378 2466 3423 et
2496 3385 2720 3424 carnem
2759 3389 2777 3420 ι
2809 3369 3112 3425 adornatur
3142 3389 3160 3422 ι
3193 3372 3535 3437 colluctatio,

1950 3459 2046 3514 sed
2087 3479 2106 3508 ι
2144 3467 2202 3514 et
2235 3479 2254 3510 ι
2295 3459 2562 3513 adversus
2604 3480 2622 3512 ι
2657 3460 2972 3516 invisibiles
3018 3480 3036 3512 ι
3079 3470 3384 3531 potestates
3407 3462 3474 3516 ".
3513 3481 3534 3514 ι

1950 3551 2172 3621 Itaque,
2223 3550 2673 3606 adolescentulus
2729 3553 2824 3621 qui
2883 3568 2942 3608 se
2993 3563 3222 3624 propter
3269 3555 3540 3610 caelorum

1951 3657 2180 3712 regnum
2219 3641 2501 3704 castravit,
2531 3641 2790 3694 similiter
2811 3650 2868 3695 et
2897 3643 3054 3712 virgo
3082 3645 3354 3716 quaepiam
3391 3662 3403 3698 :
3432 3645 3540 3700 nisi

1951 3747 2050 3804 per
2077 3732 2261 3788 omnia
2291 3748 2412 3787 sese
2444 3732 2806 3802 praestiterint
2831 3748 2932 3787 ceu
2965 3733 3202 3788 addecet
3227 3751 3390 3790 veros
3417 3735 3542 3790 imi-

1953 3833 2162 3879 tatores
2188 3823 2419 3888 Christi,
2453 3822 2782 3893 neutiquam
2813 3825 2881 3878 ad
2914 3833 3134 3893 portum
3162 3827 3542 3893 provehentur

1949 3918 2164 3974 salutis.
2198 3917 2269 3974 Ut
2299 3916 2447 3971 enim
2477 3915 2636 3986 virgo
2669 3932 2776 3970 una
2810 3917 2996 3986 aliqua
3045 3916 3281 3980 dicatur,
3325 3934 3429 3973 nec
3458 3919 3542 3972 in-

1949 4009 2110 4063 terim
2165 4017 2393 4063 caeteras
2454 4015 2612 4062 curet
2654 4006 2912 4076 indipisci
2961 4006 3194 4060 virtutes
3260 4022 3383 4075 quae
3425 4008 3540 4060 vir-

1948 4097 2167 4167 ginitati
2199 4097 2447 4166 proxime
2481 4095 2874 4164 respondeant,
2909 4111 3032 4164 qua:
3067 4093 3283 4148 tuendze
3307 4092 3542 4163 virgini-

1949 4177 2066 4243 tati.
2093 4189 2294 4244 faciant
2325 4188 2626 4258 plurimum
2672 4197 2730 4242 et
2769 4185 3050 4256 quadrent
3083 4185 3392 4254 :ejusmodi
3427 4185 3540 4238 vir-

1949 4279 2129 4348 ginem
2163 4278 2385 4332 stultam
2422 4276 2564 4330 dixit
2593 4274 2884 4338 Dominus,
2923 4275 3128 4344 quippe
3173 4289 3294 4343 qua:
3324 4274 3537 4328 nullum

1949 4383 2064 4439 prae
2110 4382 2169 4422 se
2217 4365 2367 4422 ferat
2406 4366 2622 4420 illustre
2668 4364 2880 4425 lumen,
2933 4363 3073 4417 nihil
3125 4377 3312 4416 secum
3363 4370 3541 4432 gestet

1951 4460 2058 4515 olei
2089 4461 2158 4514 ".
2186 4457 2336 4513 Talis
2360 4473 2482 4528 qua:
2510 4466 2614 4520 est,
2653 4457 2807 4510 aditu
2843 4455 3161 4510 excluditur
3191 4455 3340 4525 regni
3367 4455 3539 4510 ecclo-

1953 4567 2112 4616 rum,
2161 4550 2483 4618 neutiquam
2532 4547 2809 4612 admissa,
2861 4545 3064 4615 gaudio
3117 4554 3177 4599 ut
3223 4545 3541 4614 perfruatur

1953 4643 2163 4715 Sponsi,
2198 4641 2296 4698 sed
2341 4642 2398 4696 in
2433 4655 2625 4694 earum
2672 4639 3034 4710 deputabitur
3081 4637 3374 4706 collegium
3418 4650 3541 4706 quae

1954 4751 2217 4806 sponsum
2247 4733 2492 4788 oderint.
2528 4731 2662 4798 Quae
2701 4731 2853 4786 enim
2884 4739 2971 4784 est
3015 4727 3158 4790 talis,
3195 4742 3448 4796 peraeque
3481 4742 3540 4782 se

1955 4829 2125 4884 habet
2165 4843 2232 4882 ac
2273 4827 2319 4882 si
2351 4825 2492 4880 nihil
2542 4824 2673 4879 boni
2724 4821 3028 4878 confecerit
3061 4819 3264 4888 operis,
3307 4817 3405 4873 sed
3440 4817 3539 4872 im-

267 4916 434 4982 Θεοῦ,
470 4917 727 4990 καθαρῶς
750 4919 1165 4992 καὶςάμιάντως
1207 4919 1520 4992 άρέσκουσα
1544 4920 1620 4988 τῷ
1643 4919 1849 4988 Κυρίῳ,

1955 4920 2262 4990 prudenter
2286 4919 2522 4987 seipsam
2551 4916 2793 4971 seduxit.
2827 4913 2981 4985 Opus
3009 4913 3196 4984 itaque
3226 4927 3386 4966 suum
3416 4925 3542 4980 pro-

270 5011 376 5068 καὶ
404 5010 489 5064 ἀεὶ
521 5011 842 5080 μεριμνῶσα
869 5011 985 5073 πῶς
1006 5011 1192 5080 άρὲσει
1223 5011 1394 5080 αὐτῷ,
1422 5011 1517 5064 καὶ
1543 5011 1602 5064 ἓν
1634 5011 1849 5082 Πνεῦμά

1958 5011 2052 5065 bet
2079 5009 2455 5078 unusquisque
2481 5016 2538 5062 et
2559 5008 2835 5076 exploret,
2867 5021 3036 5076 seque
3065 5013 3360 5076 agnoscat;
3400 5001 3542 5055 alio-

270 5107 427 5159 ἐστιν
451 5105 588 5175 πρὶς
609 5103 833 5173 Κύριον,
848 5103 1030 5166 καθὼς
1049 5104 1380 5174 γέγραπται·
1405 5124 1422 5156 ι
1445 5104 1623 5170 Ἀγιοι
1647 5103 1849 5170 ἔσεσθε,

1958 5103 2051 5173 qui
2083 5101 2396 5157 observatio
2435 5100 2616 5154 omnis
2644 5101 2772 5154 vitae
2804 5098 3114 5168 quamlibet
3144 5095 3432 5164 religiosae,
3459 5093 3546 5148 in-

270 5197 360 5252 ὅτι
384 5193 494 5264 ἐγὼ
521 5194 843 5264 ἅγιός-μείμι,
885 5213 903 5245 ι
939 5195 1088 5262 λέγει
1119 5193 1345 5264 Κύριος.
1372 5193 1449 5250 ϋύ
1485 5195 1593 5266 γάρ
1632 5194 1849 5264 ὀνόματι

1961 5195 2102 5267 frugi
2135 5195 2320 5250 futura
2347 5203 2432 5248 est
2453 5201 2510 5248 et
2546 5193 2730 5247 inanis
2759 5209 2772 5246 :
2803 5206 2996 5248 eorum
3021 5205 3220 5258 nempe
3246 5187 3338 5256 qui
3375 5200 3545 5256 penes

275 5285 442 5360 μόνον
468 5287 610 5358 ψιλῷ
660 5289 687 5340 ὁ
721 5286 899 5355 ἅγιος,
944 5287 1098 5362 and;
1149 5288 1318 5349 ἐστιν,
1367 5287 1483 5340 ἀλλ’
1517 5290 1576 5340 ὲν
1631 5289 1855 5342 παντὶό

273 5379 454 5444 ἅγιος,
485 5377 567 5448 τῷ
615 5377 826 5445 σώματι
879 5379 974 5433 καὶ
1015 5377 1093 5446 τῷ
1141 5377 1432 5448 πνεύματι.
1491 5379 1554 5432 Et
1599 5377 1854 5446 άπετάξω

269 5463 372 5522 οὖν
420 5471 534 5533 τοῖς
577 5468 678 5539 τῆς
713 5469 918 5540 σαρκὸς
964 5468 1217 5531 πάθεσιν,
1259 5468 1494 5541 πρόσεχε
1538 5469 1631 5523 τὸν
1663 5469 1854 5538 ἀγῶνα

276 5733 404 5787 xxv,
440 5716 494 5772 5.

1959 5303 2018 5342 se
2047 5301 2167 5341 esse
2199 5284 2526 5355 proﬁtentur
2563 5283 2962 5354 virginitatem,
2993 5298 3058 5337 ac
3094 5288 3404 5350 temperare
3435 5276 3547 5355 sibi

1959 5395 1991 5434 a
2023 5379 2207 5434 carnis
2237 5377 2538 5442 illecebris,
2573 5392 2698 5432 cum
2731 5391 2790 5431 re
2832 5375 2950 5444 ipsa
2985 5375 3250 5429 virtutem
3294 5372 3414 5442 ejus
3447 5385 3542 5434 ne:

1958 5479 2109 5542 gent.
2137 5469 2273 5526 Nam
2301 5485 2424 5540 quae
2453 5477 2741 5538 tantopere
2774 5465 3193 5523 commendatur
3221 5463 3481 5526 castratio
3508 5478 3546 5538 a

385 5645 841 5717 “,Psal.cxr,10.
920 5649 962 5680 ιτ
987 5647 1122 5704 Luc.
1151 5663 1188 5713 ι,
1220 5647 1307 5714 te,
1337 5648 1427 5706 ιι.
1502 5647 1546 5680 σε
1571 5647 1704 5702 ibid.
1739 5647 1826 5703 ts.

1973 5648 2108 5704 ibid.
2145 5647 2232 5702 52.
2309 5650 2354 5682 το
2387 5647 2521 5703 ibid.
2547 5645 2636 5702 σε.
2713 5645 3084 5717 "Eprium,
3121 5643 3205 5698 ιε.
3276 5640 3548 5713 "litanti,
