4054 6312
579 255 716 319 “'9
1841 286 2204 349 ANTIOCHI
2245 289 2588 353 MONACHI
3717 279 3860 343 lico

573 366 864 429 l'nociniis
893 379 1097 444 carnis,
1127 396 1192 438 ac
1236 398 1365 439 vera
1416 386 1578 456 plane
1620 388 1676 443 in
1705 389 1942 448 Domino
1989 394 2147 466 virgi-

2254 400 2353 470 τῆς
2382 399 2621 470 ἀληθοῦς
2655 400 2970 471 παρθενίας,
3005 401 3068 454 El
3118 397 3431 472 εὐνουχίσαι
3475 393 3681 448 ἑαυτὸν
3718 391 3854 458 ἠθε-

573 461 739 524 nitas.
775 475 962 522 saneta
1007 479 1093 526 est
1134 480 1192 528 et
1233 490 1466 546 corpore
1510 487 1568 534 et
1613 481 1836 551 spiritu,
1882 461 2147 543 indivulse

2254 461 2426 563 λτξσας
2453 461 2543 546 έιά
2567 461 2666 564 τὴν
2696 461 2913 548 αίώνιον
2931 461 3218 562 ’βασιλείαν
3246 461 3617 557 ’,νὲπιμελῶς
3641 484 3852 551 κάτειε

815 569 871 614 et
898 565 1112 632 perpeti
1147 571 1339 623 tenore
1367 569 1605 628 Domino
1648 576 1898 632 serviens
1933 577 1988 632 in
2029 578 2147 649 Spi-

2252 555 2342 636 τὸν
2372 584 2469 656 τῆς
2511 555 2805 654 ἀσκῆσεως
2849 555 3059 654 ἀγωνα,
3090 583 3184 636 καὶ
3240 555 3480 652 πρόσεχε
3516 579 3619 639 τὰς
3670 590 3850 646 προσ-

575 647 686 703 ritu
741 651 858 712 Dei.
905 655 1204 715 sinceriter
1251 675 1317 716 ac
1351 664 1544 732 procul
1597 667 1750 721 omni
1798 647 2155 738 spurcitia'se

574 741 816 808 probans
845 745 1096 812 Domino,
1141 765 1330 807 secum
1375 769 1679 813 conserens
1705 759 1912 829 jugiter
1950 761 2158 831 quibus

571 834 769 890 studiis
818 838 990 905 possit
1025 840 1075 894 ei
1105 845 1344 912 gratiosa
1389 862 1511 903 esse
1553 858 1610 904 et
1654 852 1947 907 amabilis:
1974 868 2154 925 eoque

569 943 712 980 unus
737 944 861 983 cum
889 932 1120 990 Domino
1150 937 1386 993 edicitur
1420 941 1673 1010 spiritus,
1706 944 1850 1000 sicut
1883 947 2151 1016 scriptum

565 1027 651 1072 est
676 1035 690 1071 :
731 1039 750 1070 ι
778 1019 960 1078 Sancti
993 1026 1148 1081 eritis
1170 1029 1299 1098 quia
1323 1046 1426 1100 ego
1456 1043 1680 1089 sanctus
1711 1052 1854 1100 sum,
1885 1038 2021 1094 dicit
2047 1041 2154 1095 Do-

564 1109 768 1168 minus.
803 1133 822 1165 ι
855 1116 1045 1186 Neque
1091 1121 1240 1176 enim
1292 1123 1338 1178 is
1381 1125 1606 1181 nomine
1657 1139 1840 1192 tenus,
1891 1139 2150 1202 tanquam

562 1207 922 1274 prazrogativa
959 1210 1292 1282 insigniatur
1323 1217 1670 1276 sublimioris
1693 1224 2148 1290 nomenclaturaa.

560 1305 786 1352 sanctus
816 1299 1050 1368 dicitur;
1077 1305 1172 1358 sed
1212 1321 1309 1375 per
1336 1309 1521 1364 omnia
1552 1322 1780 1368 sanctus
1801 1323 1909 1378 est,
1944 1327 2000 1370 et
2025 1333 2152 1371 cor-

557 1401 692 1454 pore
723 1397 780 1444 et
812 1391 1034 1460 spiritu.
1083 1394 1139 1449 Si
1187 1395 1358 1467 igitur
1389 1400 1782 1457 aﬂ’ectionibns
1817 1406 2147 1462 renuntiasti

557 1483 763 1544 carnis,
803 1486 998 1541 sedulo
1039 1497 1218 1544 tecum
1259 1503 1476 1562 reputa.
1507 1512 1675 1565 quem
1723 1499 1962 1554 subieris
2005 1517 2150 1557 vera:

555 1574 895 1642 virginitatis
937 1595 1192 1644 agonem.
1225 1585 1363 1639 Cum
1413 1599 1467 1641 te
1507 1588 1577 1643 ab
1623 1589 1746 1644 istis
1797 1592 1989 1645 mundi
2034 1593 2151 1648 ille-

555 1663 739 1719 cebris
784 1669 1058 1732 castrasti,
1096 1671 1142 1724 si
1185 1672 1410 1741 quidem
1447 1674 1501 1728 id
1555 1674 1752 1731 feceris
1787 1685 2015 1747 propter
2057 1694 2144 1732 re-

554 1770 720 1824 gnum
755 1757 1045 1823 caslorum,
1078 1776 1272 1832 magna
1304 1779 1428 1818 cum
1468 1767 1724 1822 cautione
1772 1768 1858 1824 fac
1902 1771 2143 1826 retineas

555 1860 620 1898 ac
647 1847 852 1902 tuearis
885 1862 1208 1921 susceptum
1237 1857 1407 1911 semel
1434 1873 1665 1929 agonem
1693 1859 1843 1915 hunc
1872 1863 2142 1930 propositi

556 1937 868 1992 monastici.
915 1939 1114 1997 Animo
1158 1946 1414 2012 prmsenti
1461 1956 1517 2002 et
1564 1958 1783 2004 arrecto
1817 1949 1906 2005 fac
1951 1951 2144 2021 vigiles

555 2026 822 2082 adversus
843 2044 1038 2086 omnes
1073 2035 1454 2092 colluctatoris
1481 2039 1558 2092 tui
1580 2039 1854 2096 violentos
1877 2042 2140 2107 assultus,

555 2115 804 2174 imitatus
837 2122 1130 2190 prudentis
1174 2128 1424 2182 naucleri
1469 2130 1774 2196 solertiam,
1823 2133 1918 2202 qui
1950 2143 2144 2190 contra

555 2211 910 2270 ﬂuctivomos
936 2218 1208 2274 undarum
1243 2223 1483 2278 vortices
1508 2226 1738 2294 perdius
1776 2235 1884 2282 stat
1927 2237 1983 2282 et
2021 2245 2144 2299 per-

557 2321 685 2360 nox.
724 2307 986 2364 Praeduce
1015 2311 1110 2366 Dei
1140 2315 1335 2384 gratia,
1363 2316 1531 2372 animi
1565 2317 1644 2371 tui
1678 2317 1916 2387 impetus
1940 2321 2146 2390 auriga:

557 2396 614 2450 in
663 2414 871 2454 morem
909 2401 1062 2458 frena
1099 2421 1163 2460 ac
1213 2407 1522 2473 moderare,
1560 2424 1629 2464 ne
1647 2410 1871 2480 quando
1915 2427 1946 2465 a
1993 2421 2145 2466 recto

557 2493 695 2548 calle
735 2510 959 2552 eserres
998 2497 1216 2555 devius.
1255 2500 1592 2558 lndivulsam
1640 2502 1708 2558 da
1742 2519 1990 2574 Operam,
2033 2507 2147 2560 Deo

558 2596 620 2640 nt
649 2587 858 2642 servias
887 2598 944 2643 et
980 2591 1212 2659 proinde
1241 2595 1516 2662 gratiosus
1546 2595 1626 2648 illi
1661 2596 1984 2660 inveniaris,
2013 2596 2146 2652 dum

561 2687 612 2731 te
646 2679 719 2732 illi
748 2685 950 2749 probas
972 2683 1027 2736 in
1055 2685 1425 2739 sanctimonia
1455 2689 1706 2756 corporis
1729 2696 1784 2740 et
1811 2688 2058 2757 spiritus.
2087 2700 2148 2745 ut

559 2779 798 2824 strenua:
845 2774 1289 2828 conversationis
1334 2793 1398 2830 ac
1441 2777 1568 2831 vita
1606 2779 1944 2832 ornamentis
1975 2781 2152 2833 virtu-

561 2869 677 2914 tum
713 2863 998 2932 perpolitze
1032 2867 1346 2934 assequaris
1370 2867 1625 2937 gloriam.
1659 2869 1915 2925 Eluctare
1942 2887 2042 2940 pro
2069 2873 2147 2926 vi-

561 2954 652 3009 rili
696 2956 970 3012 adversus
1022 2959 1237 3014 hostem
1289 2975 1462 3030 agone
1514 2960 1793 3031 legitimo,
1845 2971 1907 3015 ut
1946 2980 2148 3020 corona

2254 673 2414 737 ϐολὰς
2456 673 2552 727 τοῦ
2619 673 2938 736 ἀντιπάλου,
2987 675 3176 744 ὥσπερ
3237 671 3586 741 κυϐερνήτης
3624 667 3702 720 τὰ
3743 662 3848 718 κύ-

2254 783 2402 835 ματα
2436 765 2761 820 διαϐαίνων·
2806 765 2968 834 γενοῦ
3015 765 3402 835 ὴνιοχούμενος
3438 759 3549 813 ὑπὸ
3591 759 3701 824 τῆς
3741 757 3847 828 χά-

2255 873 2422 926 ριτος,
2453 858 2527 928 μὴ
2562 857 2944 928 παρατραπεὶς
2982 855 3080 926 τῆς
3123 853 3333 916 εὐθείας
3363 850 3520 904 ὁδοῦ·
3565 849 3847 918 ἀγώνισαι

2251 951 2704 1020 ἀπερισπάστως,
2751 949 2846 1003 καὶ
2882 949 2980 1020 ὅλῃ
3019 946 3220 1018 καρδία
3254 942 3530 998 δουλεύειν
3559 939 3710 1009 Θεῷ,
3747 939 3844 993 καὶ

2251 1041 2400 1110 αὐτῷ
2444 1040 2704 1111 ἀρέσκειν
2757 1042 2816 1094 ἑν
2853 1039 2996 1110 ἁγίῳ
3029 1037 3240 1107 σώματι
3281 1035 3378 1088 καὶ
3415 1031 3724 1102 πνεύματι,
3752 1033 3846 1084 ἵνα

2251 1131 2565 1201 καταλάϐῃς
2587 1130 2690 1199 τῆς
2717 1129 2972 1201 ἐναρέτου
3012 1125 3286 1188 πολιτείας
3315 1124 3414 1193 τὴν
3443 1122 3627 1187 δόξαν.
3663 1119 3844 1186 ’Δγὼ-

2249 1241 2393 1277 νισαι
2423 1223 2672 1292 νομίμως
2709 1209 2965 1291 ἅθλῆσαι,
3013 1220 3100 1272 ἵνα
3143 1219 3236 1270 τὸν
3283 1217 3570 1282 στέφανον,
3601 1213 3668 1266 ὃν
3708 1214 3843 1283 g9:-

2247 1314 2404 1374 τίσω,
2439 1313 2736 1383 ἀπολαύῃς,
2765 1313 2859 1364 καὶ
2894 1307 3306 1380 στεφανηφόρος
3347 1306 3596 1376 ἀπέλθῃς
3623 1317 3653 1346 ι
3701 1305 3842 1374 πρὸς

2248 1405 2346 1476 τὴν
2372 1406 2485 1460 ἄνω
2531 1404 2915 1474 Ἰερουσαλήμ.
2963 1404 3044 1455 Δι’
3093 1402 3163 1472 ἣν
3193 1403 3286 1454 καὶ
3315 1397 3579 1463 ἅπετὰξω
3615 1397 3700 1464 τῷ
3737 1397 3840 1461 τῆς

2250 1496 2455 1568 σαρκὸς
2499 1495 2851 1564 φρονήματι,
2879 1493 3078 1557 ἀνάθες
3107 1493 3208 1564 τὴν
3252 1491 3413 1564 χάριν
3459 1491 3565 1558 τῆς
3607 1487 3842 1555 ἁγνείας

2251 1601 2346 1637 σου
2374 1582 2451 1652 τῷ
2485 1581 2624 1652 Θεῷ,
2653 1584 2734 1636 ὅτι
2777 1583 2840 1636 ού
2881 1581 3226 1636 συνέκλεισεν
3273 1597 3332 1633 σε
3372 1582 3451 1642 εἰς
3485 1581 3588 1642 τὰς
3641 1580 3840 1646 χεῖρας

2249 1675 2356 1729 τῶν
2384 1675 2705 1746 θελημάτων
2758 1674 2856 1742 τῆς
2905 1675 3108 1743 σαρκὸς
3143 1673 3241 1726 καὶ
3287 1669 3380 1724 τοῦ
3425 1671 3690 1740 αἵματος,
3743 1670 3840 1722 καὶ

2244 1767 2353 1820 τῶν
2427 1765 2989 1836 προσασχολουμένων
3042 1763 3254 1827 τούτοις
3315 1762 3667 1834 φθοροποιῶν
3741 1763 3838 1816 καὶ

2245 1860 2576 1930 ἀκαθάρτων
2647 1859 2993 1930 ἀνθρώπων
3057 1858 3197 1912 ἀλλὰ
3253 1855 3710 1924 κατησφαλίσατο
3765 1857 3834 1927 τῇ

2245 1951 2441 2008 ἑαυτοῦ
2469 1951 2637 2020 δεξιᾷ.
2676 1952 2836 2019 Μέγα
2865 1947 2962 2003 οὖν
2999 1950 3146 2002 ἑστιν
3189 1951 3248 2002 ἑν
3289 1947 3486 2018 ἁγνείᾳ
3524 1947 3719 2016 μένειν
3755 1949 3836 2010 είς

2243 2044 2342 2114 τὴν
2382 2043 2549 2114 τιμὴν
2598 2043 2699 2112 τῆς
2755 2041 2962 2112 σαρκὸς
3004 2039 3098 2092 τοῦ
3141 2039 3347 2110 Κυρίου
3387 2040 3445 2090 ἑν
3485 2036 3831 2106 ἁκαυχησίᾳ.

2258 2134 2386 2188 Ἐὰν
2428 2135 2536 2204 γὰρ
2595 2134 2960 2203 καυχήσηται,
3011 2130 3280 2184 ἀπώλετο.
3335 2129 3456 2200 Χρὴ
3493 2128 3553 2182 δὲ
3598 2131 3699 2182 xa‘t
3734 2129 3834 2192 τὰς

2244 2225 2436 2288 λοιπὰς
2478 2223 2703 2294 ἀρετὰς,
2746 2221 2928 2284 καθὼς
2975 2223 3212 2290 εἴρηται,
3255 2220 3538 2288 ἀναλόγως
3579 2220 3734 2290 ἔχειν
3767 2223 3830 2291 τῇ

2247 2317 2534 2390 παρθενίᾳ.
2567 2317 2690 2369 Ὅτι
2735 2317 2770 2385 ἡ
2810 2314 3081 2386 παρθενία
3117 2313 3368 2382 ἀνωτέρα
3399 2315 3622 2367 πάντων
3657 2312 3832 2366 ἐστίν.

2247 2411 2522 2481 Παρθένος
2564 2409 2673 2481 γὰρ
2729 2409 2911 2480 μήτρα
2954 2407 3155 2476 ἑκύησε
3189 2407 3284 2460 τὸν
3327 2405 3460 2460 Θεὸν
3493 2407 3692 2473 Λόγον.
3737 2405 3833 2458 ἐκ

2247 2501 2435 2554 τούτου
2465 2501 2632 2567 γνῶθι
2667 2499 2764 2570 τὴν
2816 2499 2972 2564 δόξαν
3002 2499 3178 2566 ιντῆς
3223 2496 3549 2567 παρθενίας.
3599 2495 3668 2551 Οἱ
3724 2496 3832 2567 γὰρ

2247 2590 2637 2662 ἀφιερούμενοι
2667 2590 2744 2658 τῷ
2763 2589 2899 2659 Θεῷ,
2923 2590 3160 2660 μιμηταὶ
3181 2588 3275 2641 τοῦ
3294 2587 3535 2659 Χριστοῦ
3559 2587 3826 2655 γίνονταιο

2249 2683 2416 2752 φησὶν
2466 2683 2610 2753 γάρ’
2648 2686 2677 2733 t‘
2705 2683 2960 2750 Μιμηταί
3010 2698 3110 2749 μου
3148 2680 3397 2748 γίνεσθε,
3440 2678 3626 2742 καθὼς
3677 2677 3830 2746 κάγὼ

2248 2773 2509 2839 Χριστοῦ.
2533 2793 2552 2824 ι
2582 2774 2674 2826 Ἐν
2706 2773 2816 2842 γὰρ
2841 2775 2956 2835 τοῖς
2995 2771 3256 2836 τοιούτοις
3295 2771 3667 2840 φρονήμασιν,
3703 2769 3832 2839 996-

2249 2885 2399 2938 νημα
2431 2869 2632 2936 σαρκὸς
2677 2867 2775 2936 οὐχ
2825 2865 3082 2934 ὑπάρχει.
3121 2864 3243 2934 Χρὴ
3286 2862 3380 2916 οὖν
3413 2865 3566 2934 πάσῃ
3609 2862 3830 2933 φυλακῇ

2249 2961 2439 3029 τηρεῖν
2467 2958 2564 3026 τὴν
2583 2957 2777 3010 ἑαυτοῦ
2796 2955 3044 3026 καρδίαν,
3068 2955 3166 3008 καὶ
3189 2954 3314 3025 μήδ’
3335 2955 3475 3018 ὅλως
3504 2953 3834 3017 συνδυάζειν

561 3059 726 3114 quam
767 3046 1096 3103 ardentibus
1139 3049 1282 3104 votis
1323 3049 1580 3118 cxpetisti
1629 3060 1686 3105 et
1727 3051 2018 3116 adamasti,
2045 3053 2147 3107 ali-

2253 3051 2521 3120 παρθένον
2564 3051 2702 3120 μετὰ
2751 3050 3036 3102 νεανίσκου
3090 3047 3152 3102 τδ
3202 3047 3466 3116 παράπαν
3494 3064 3509 3077 ·
3551 3049 3601 3100 εί
3643 3047 3706 3100 δὲ
3743 3047 3834 3100 καὶ

561 3136 784 3204 quando
818 3138 1070 3206 potiaris,
1103 3154 1168 3194 ac
1212 3140 1442 3208 palmari
1477 3140 1770 3196 redimitus
1814 3157 2044 3208 corona,
2087 3143 2142 3198 in

563 3227 712 3281 illam
745 3230 1022 3286 caelestem
1049 3230 1352 3286 Jerusalem
1405 3231 1611 3286 celebri
1633 3247 1758 3287 cum
1785 3248 1983 3304 pompa
2015 3235 2147 3290 sub-

561 3319 785 3376 vcharis
835 3321 1029 3384 victor.
1049 3323 1208 3393 cujus
1242 3323 1559 3378 obtinenda:
1576 3325 1772 3394 gratia,
1792 3325 2144 3395 prudentiam

562 3410 706 3467 hanc
747 3413 933 3468 carnis
981 3431 1011 3470 a
1061 3425 1112 3470 te
1159 3415 1477 3472 exenssisti.
1511 3416 1676 3487 Atqui
1720 3419 1868 3482 vide,
1910 3423 2145 3488 gratiam

563 3510 672 3557 tua:
708 3504 871 3558 istius
899 3507 1275 3562 sanctimoniae
1315 3517 1376 3562 ut
1418 3507 1485 3562 ad
1518 3509 1612 3564 Dei
1648 3510 1879 3579 gloriam
1921 3511 2146 3576 referas,

560 3594 654 3663 qui
687 3593 913 3650 minime
954 3597 1082 3652 sivit
1122 3609 1178 3653 te
1221 3598 1276 3652 in
1311 3613 1504 3653 eorum
1552 3599 1771 3654 devolvi
1806 3610 1863 3655 et
1894 3601 2148 3656 concludi

561 3702 781 3751 manus,
806 3689 901 3758 qui
931 3689 1274 3745 voluntatem
1302 3692 1530 3760 explent
1558 3691 1742 3746 carnis
1765 3702 1822 3747 et
1844 3694 2146 3764 sanguinis,

559 3791 616 3835 et
661 3781 728 3836 ad
776 3781 892 3836 haec
931 3784 1262 3851 corruptelae
1293 3791 1460 3852 atque
1501 3783 1756 3838 obscena:
1789 3784 2150 3854 turpitudinis

559 3889 729 3942 Opera
757 3876 853 3928 toti
890 3876 1267 3945 propendent;
1301 3877 1396 3931 sed
1441 3885 1493 3931 te
1529 3891 1628 3930 sua
1658 3876 1881 3930 dextera
1901 3893 2150 3947 .prreznu-

559 3961 717 4013 nivit.
753 3961 1005 4032 Magnum
1039 3964 1200 4032 plane
1231 3964 1418 4029 fuerit,
1451 3966 1497 4019 si
1527 3965 1664 4021 citra
1703 3965 2048 4036 jactantiam,
2077 3968 2144 4022 ad

2253 3143 2550 3213 εὑρεθῶσιν
2588 3141 2942 3212 πρεσϐύτιδες
2981 3141 3348 3210 ίεροπρεπεῖς,
3397 3139 3492 3193 καὶ
3527 3138 3694 3209 χρεία
3730 3153 3835 3192 πα-

2254 3235 2550 3308 ραθέσεως,
2604 3234 2818 3302 εἱλῆσαι
2865 3233 2965 3296 τὰς
3014 3234 3223 3286 ἑαυτῶν
3265 3236 3455 3302 χεῖρας
3492 3231 3574 3300 τῷ
3623 3230 3835 3284 ἑαυτῶν

2257 3329 2476 3399 ίματίῳ.
2507 3327 2740 3397 Ὁμοίως
2766 3326 2823 3379 δὲ
2857 3327 2952 3378 καὶ
2974 3327 3023 3378 οἱ
3051 3325 3264 3394 ἄνδρες,
3285 3325 3421 3394 μετὰ
3448 3321 3633 3384 αἰδοῦς
3660 3321 3836 3392 ὀρθῶς

2257 3417 2545 3488 βλέποντες
2575 3417 2870 3486 σωφρόνως
2899 3433 2956 3468 τε
2999 3417 3095 3468 καὶ
3140 3415 3352 3485 σεμνῶς
3391 3415 3452 3465 ἑν
3486 3413 3702 3482 Κυρίῳ.
3739 3411 3835 3480 τὰς

2249 3511 2456 3563 ἑαυτῶν
2477 3508 2658 3572 δεξιὰς
2689 3507 3248 3578 περικεκαλυμμένας
3275 3506 3488 3575 ἔχοντες
3513 3504 3594 3574 τῷ
3623 3503 3832 3556 ἑαυτῶν

2250 3601 2470 3672 ίματίῳ,
2518 3600 2994 3670 ἁποχωρισθῶσιν.
3049 3599 3162 3669 [Iph
3207 3599 3264 3651 δὲ
3321 3598 3544 3652 πάντων
3588 3596 3698 3665 χρὴ
3738 3595 3831 3666 τὴν

2249 3693 2520 3763 παρθένον
2553 3691 2630 3761 τῷ
2660 3690 2825 3762 ἐλαίῳ
2859 3691 2954 3760 τῆς
2987 3689 3234 3752 εὐποιίας
3279 3689 3703 3756 κατακοσμῆσαι
3735 3685 3830 3753 τὴν

2248 3784 2449 3852 ἑαυτῆς
2479 3781 2759 3850 λαμπάδα,
2817 3781 2903 3834 ἵνα
2960 3781 3032 3850 μὴ
3075 3779 3310 3850 στερηθῇ
3365 3779 3542 3848 χαρᾶς
3576 3776 3827 3845 νυμφίου,

2246 3876 2340 3928 καὶ
2381 3874 2744 3944 εὐφροσύνης.
2789 3873 2934 3926 κατὰ
2971 3871 3070 3944 τὴν
3113 3871 3432 3942 παραϐολὴν
3467 3871 3565 3924 τοῦ
3605 3869 3824 3940 Κυρίου,

2251 3987 2270 4020 ι
2309 3967 2520 4020 Ὀτιαὶ
2565 3965 2820 4036 φρόνιμοι
2867 3964 3059 4018 ἔλαϐον
3099 3963 3276 4016 ἔλαιον
3323 3965 3378 4014 ἐν
3425 3965 3540 4026 τοῖς
3589 3960 3827 4030 ἀγγείοις

559 4050 827 4106 honorem
859 4049 1035 4108 solum
1069 4055 1370 4111 Dominicae
1400 4059 1604 4124 carnis,
1629 4068 1898 4129 perpetuo
1931 4067 1982 4113 te
2013 4074 2147 4113 con-

2249 4057 2448 4120 αύτῶν,
2479 4076 2498 4108 ι
2539 4057 2635 4109 καὶ
2669 4055 3021 4126 συνεισῆλθον
3055 4056 3130 4126 τῷ
3171 4053 3540 4122 πολυποθήτῳ
3573 4054 3822 4124 νυμφίῳ·

560 4145 792 4200 tinueris
822 4145 876 4200 in
922 4148 1288 4202 sanctimonia
1320 4164 1383 4203 ac
1413 4149 1674 4218 puritate.
1705 4149 1968 4220 Quisquis
2004 4151 2147 4205 inte-

2251 4169 2270 4202 ι
2308 4151 2416 4203 Καὶ
2445 4149 2812 4220 ἐκλείσθησαν
2843 4150 2900 4203 αἱ
2953 4149 3137 4220 θύραι.
3168 4167 3188 4200 ι
3231 4149 3342 4202 Καὶ
3371 4149 3707 4219 ἀπήλαυσαν
3732 4146 3829 4220 τῆς

559 4235 664 4289 rim
711 4237 784 4291 ob
827 4253 946 4292 eam
988 4238 1253 4309 gloriatus
1281 4241 1372 4297 hic
1405 4241 1594 4306 fuerit,
1632 4243 1721 4298 isti
1759 4243 2147 4313 intercipictur

2249 4244 2418 4313 χαρᾶς
2451 4242 2616 4297 αὐτοῦ
2647 4243 2908 4307 αἰωνίως.
2957 4241 3112 4313 Αὐτῷ
3134 4243 3168 4314 ἡ
3189 4242 3317 4308 δόξα
3339 4242 3420 4316 είς
3447 4243 3576 4306 τοὺς
3606 4242 3824 4304 αξῶνας,

559 4327 775 4384 fructus
804 4331 984 4385 omnis
1017 4348 1081 4386 ac
1110 4331 1376 4402 deperiet.
1408 4335 1664 4394 Proinde.
1701 4344 1762 4390 ut
1781 4335 1892 4404 jam
1940 4331 2147 4389 dictum
2181 4317 2228 4374 Ῑ)
2267 4333 2467 4402 Ἀμήν.

561 4431 667 4486 est,
714 4439 940 4479 necesse
967 4427 1057 4490 sit,
1091 4427 1191 4482 tibi
1237 4435 1298 4481 ut
1327 4430 1588 4484 concilies
1622 4431 1859 4484 virtutes
1897 4429 2140 4499 reliquas
2177 4445 2300 4499 qua:
2364 4444 2462 4483 sua
2528 4429 2886 4498 proportione
2923 4429 3157 4502 comites
3195 4427 3441 4483 assident
3482 4423 3582 4482 uni
3608 4427 3830 4500 virgini-

561 4517 691 4582 tati;
725 4517 840 4586 ipsa
870 4521 1017 4573 enim
1059 4522 1384 4578 sublimiore
1449 4525 1622 4595 gradu
1687 4533 1915 4580 caeteras
1957 4525 2360 4596 antegreditur.
2395 4524 2454 4578 In
2507 4531 2670 4579 utero
2711 4525 2986 4596 siquidem
3029 4525 3272 4596 Virgiis
3317 4524 3413 4579 Dei
3440 4524 3686 4580 Verbum
3730 4525 3826 4580 sibi

561 4611 900 4666 domicilium
926 4613 1148 4685 delegit,
1181 4631 1246 4672 ac
1286 4618 1602 4673 mansitavit
1630 4636 1642 4671 :
1676 4634 1783 4688 qua
1823 4635 1928 4673 una
1957 4634 2056 4674 ex.
2087 4635 2146 4674 re
2207 4633 2443 4689 agnosce
2512 4627 2717 4689 quanta
2765 4619 3087 4689 praepolleat
3113 4619 3287 4691 gloria
3326 4621 3637 4691 virginitas.
3667 4620 3830 4688 Quot-

561 4718 699 4776 quot
738 4717 920 4762 autem
964 4725 1024 4765 se
1057 4726 1384 4767 consecrant
1453 4714 1585 4778 Deo,
1630 4713 1915 4768 Christum
1979 4729 2208 4770 necesse
2244 4721 2331 4770 est
2375 4712 2685 4768 imitentur.
2710 4713 2800 4768 Ait
2838 4714 2985 4768 enim
3029 4715 3274 4770 Paulus:
3309 4733 3330 4766 ι
3370 4715 3688 4771 lmitatores
3729 4715 3828 4769 mei

559 4809 759 4866 estote,
790 4800 934 4856 sicut
960 4812 1016 4857 et
1044 4819 1148 4874 ego
1173 4803 1380 4859 Christi
1407 4806 1473 4860 ⁷³.
1518 4825 1536 4857 ι
1559 4806 1617 4861 1η
1651 4807 1852 4862 talibus
1881 4806 2134 4877 proinde,
2178 4821 2246 4862 ne
2269 4805 2560 4876 vestigium
2585 4805 2810 4874 quidem
2841 4805 3092 4862 invenire
3133 4808 3211 4862 sit
3274 4807 3593 4878 prudentize
3629 4809 3854 4862 carnis.

563 4894 707 4951 Sane
737 4896 885 4950 omni
915 4897 1414 4968 circumspectione
1451 4901 1858 4972 providendum
1887 4911 1973 4958 est
1995 4901 2204 4972 proprii
2257 4900 2444 4972 cordis
2491 4901 2775 4966 custodiae,
2837 4917 2941 4958 nec
3009 4903 3116 4957 sibi
3161 4903 3274 4958 ulla
3330 4918 3562 4972 prorsus
3624 4905 3827 4959 ratione

561 4989 846 5058 permittat
881 4989 1054 5061 virgo.
1086 5005 1211 5045 cum
1241 4991 1652 5049 adolescentulo
1715 4997 1934 5067 quovis,
2006 5004 2068 5050 ut
2105 4993 2314 5065 aliquid
2341 4994 2714 5051 communicet
2740 5002 2796 5050 et
2820 4996 3103 5066 conspiret
3159 4996 3370 5051 arcani.
3393 4995 3648 5066 Virgines
3705 5011 3827 5050 vero

562 5090 980 5146 consecratione
1009 5091 1104 5147 Dei
1135 5093 1500 5158 venerabiles,
1561 5093 1654 5149 sed
1688 5100 1744 5147 et
1805 5101 1966 5149 tetate
2011 5090 2408 5161 provectiores,
2489 5089 2543 5144 in
2588 5105 2758 5144 unum
2800 5091 2846 5144 si
2908 5090 3322 5160 comperientur
3356 5091 3708 5150 convenisse.
3741 5106 3826 5144 ne-

564 5183 1044 5256 cessitasinsupcr
1067 5197 1288 5257 appetat
1327 5188 1750 5244 administrandi
1819 5187 2044 5253 ferculi;
2113 5201 2213 5240 vos
2245 5185 2603 5256 virgunculae.
2653 5201 2848 5240 manus
2891 5192 3100 5240 vestras
3144 5200 3248 5240 suo
3278 5201 3513 5256 quaeque
3560 5186 3824 5242 obvolvite

566 5276 807 5342 palliolo.
841 5278 995 5332 [laud
1042 5295 1202 5336 secus
1247 5281 1382 5336 viris
1424 5281 1666 5337 arbitror
1713 5281 2044 5344 faciendum,
2085 5289 2145 5334 ut
2181 5294 2307 5335 cum
2366 5278 2577 5349 pudore
2644 5289 2791 5334 recta
2829 5287 3176 5344 contuentes,
3209 5291 3362 5334 caste
3406 5287 3466 5334 et
3505 5280 3748 5336 modeste
3774 5277 3819 5332 in

567 5367 800 5424 Domino
819 5385 947 5425 suas
971 5371 1216 5441 ipsorum
1242 5391 1436 5429 manus
1456 5376 1842 5431 circumtectas
1900 5381 2023 5444 toga
2065 5387 2190 5428 cum
2229 5371 2552 5436 habuerint,
2580 5371 2694 5427 illic
2717 5371 3001 5427 secedant.
3035 5371 3247 5443 1062
3272 5371 3384 5426 Sed
3412 5382 3471 5428 ct
3497 5381 3623 5427 ante
3651 5369 3814 5427 omnia

641 5522 686 5553 7³

716 5523 734 5577 1
770 5523 896 5578 Cor.
931 5541 1005 5592 xl,
1044 5527 1096 5580 l.

1859 5618 2092 5674 VARUE
2135 5617 2542 5674 LECTIONES.

648 5716 670 5744 ι
703 5705 918 5760 ιλπίδα.
997 5720 1020 5746 ι
1055 5707 1395 5781 mum-5:33;.
1465 5710 1494 5750 δ
1516 5712 1759 5780 ἁγνεέαν.
