4054 6312
217 354 344 421 1501

930 366 1255 447 nonum
1295 364 1488 429 XXII.
1525 396 1593 403 —
1642 368 1739 428 DE
1782 368 1816 425 1;

1916 365 2401 456 enim:me
2424 366 2761 429 unum.

3326 365 3461 430 15.02

213 473 484 540 virginem
517 471 769 538 addecet,
801 490 870 533 ne
903 479 1150 547 privetur
1188 482 1377 551 sponsi
1414 482 1616 553 gaudio
1665 496 1730 535 ac
1781 479 1991 544 laetitia,
2024 495 2181 533 suam
2226 489 2289 533 ut
2346 479 2643 535 concinnet
2700 481 3029 552 lampadem,
3064 496 3127 536 ac
3167 481 3347 535 oleum
3381 482 3463 533 in-

213 563 430 629 fundat,
460 565 641 620 oleum
688 567 847 637 plane
894 572 1178 643 morigerae
1219 575 1589 631 obedientiaa:
1623 574 1786 644 idque
1818 575 1973 645 juxta
2038 574 2377 628 Dominicam
2446 576 2760 644 parabolam
2793 592 2901 644 qua
2942 574 3149 649 dicitur

3190 593 3202 628 :
3257 591 3275 625 ι
3328 575 3467 629 Pru-

215 660 413 717 dentes
436 676 767 734 acceperunt
799 668 981 723 oleum
1011 670 1068 725 in
1092 674 1238 726 vasis
1275 673 1393 727 suis
1425 672 1491 735 ⁷⁸,
1524 691 1542 723 ι
1590 672 1865 740 simulque
1902 684 2287 727 convenerunt
2311 688 2437 726 cum
2484 687 2708 742 sponso,
2748 687 3013 741 saneque,
3055 667 3406 726 desiderabili
3444 683 3463 723 :

223 770 240 800 ι
273 750 341 805 Et
367 753 553 811 clausa
577 763 663 813 est
684 758 871 829 janua.
908 780 926 812 ι
961 762 1031 816 At
1091 763 1176 819 hae
1236 764 1459 820 interim
1493 765 1705 835 perpeti
1774 765 1974 834 gaudio
2002 765 2372 835 perfruuntur
2414 766 2499 821 sui
2547 767 2756 836 sponsi.
2807 766 2912 836 Ipsi
2944 766 3114 837 gloria
3155 766 3210 820 in
3242 764 3463 821 saecula.

215 842 413 897 Amen.

818 991 1036 1044 ΛΟΓΟΣ
1070 990 1197 1045 KB'.

737 1106 876 1174 Περὶ
903 1111 1281 1177 προπετείας.

294 1218 461 1289 Φησὶν
506 1221 535 1273 ὁ
586 1220 787 1291 νόμος·
823 1242 842 1275 ι
884 1223 1011 1279 Ἐὰν
1058 1219 1193 1280 ὦσιν
1220 1227 1798 1300 διαμεμαρτυρημένα

221 1309 395 1381 αὐτῷ,
437 1311 635 1383 καὶμὴ
680 1314 922 1388 ἀφανίσῃ
974 1317 1160 1381 αὑτὸν,
1218 1319 1490 1373 ἀποτίσει.
1531 1339 1549 1370 ι
1610 1320 1799 1373 Ἔστιν

227 1402 323 1454 ὅτε
363 1406 422 1455 ἐν
466 1405 758 1477 συμποσίῳ
810 1409 1102 1480 προσπηδᾷ
1136 1412 1165 1463 ὁ
1218 1411 1498 1476 κενόδοξος
1539 1411 1801 1482 λογισμὸς

224 1494 459 1567 λαλῆσαι
491 1497 819 1569 βουλόμενος
849 1502 1000 1573 παρὰ
1029 1502 1120 1557 τὸν
1152 1503 1364 1574 καιρόν.
1391 1504 1800 1576 Διαμαρτύρον-

221 1586 317 1640 ταί
341 1605 401 1641 σε
430 1590 482 1642 οί
514 1590 707 1658 ἀγαθοὶ
739 1592 1015 1661 λογισμοὶ,
1042 1595 1306 1665 ἀφανίσαι
1328 1594 1420 1649 τὸν
1440 1595 1803 1665 φιλοφλύαρον

222 1678 510 1750 λογισμόν.
549 1683 676 1736 Ἐὰν
697 1684 879 1738 τοίνυν
909 1686 985 1755 μὴ
1010 1686 1295 1754 ἀφανίσεις
1320 1687 1484 1740 αὐτὸν
1505 1690 1570 1756 τῇ
1599 1689 1799 1758 σιωπῇ,

222 1769 366 1822 ἀλλὰ
396 1776 750 1842 παραχωρεῖς
775 1774 939 1826 αὑτὸν
968 1775 1273 1844 προελθεῖν,
1310 1777 1429 1830 τότε
1451 1776 1634 1829 λοιπὸν
1666 1779 1803 1829 ἀπο-

221 1862 403 1925 τίσεις
424 1863 486 1915 τδ
519 1862 763 1933 δφλημα,
800 1864 833 1935 ἦ
860 1867 1107 1938 ἁμαρτίᾳ
1139 1868 1351 1939 μεγάλῃ
1389 1869 1491 1921 ὑπὸ
1515 1869 1618 1935 τῆς
1650 1868 1802 1938 δίκης

219 1954 574 2025 πλραδοθείς.
591 1956 773 2026 Ὀγάρ
790 1959 1067 2029 προπετὴς
1084 1960 1143 2012 ἐν
1158 1960 1302 2029 λόγῳ
1322 1961 1355 2030 ἢ
1375 1962 1433 2012 ἐν
1460 1960 1801 2030 πράγμασιν,

218 2049 340 2118 ἔχει
372 2047 465 2100 καὶ
493 2049 552 2101 τὸ
568 2047 809 2118 θολερὸν,
840 2049 1034 2119 ἥδιστα
1053 2050 1109 2103 δὲ
1138 2052 1232 2104 καὶ⁴
1256 2050 1604 2118 θεσμοθετεῖν
1637 2049 1799 2103 θέλει·

218 2139 384 2205 ζητεῖ
436 2137 545 2208 γὰρ
603 2139 692 2192 ἀεὶ
739 2139 1235 2208 καταγωνίξεσθαι,
1276 2142 1372 2194 καὶ
1399 2143 1488 2195 τὸν
1515 2142 1672 2208 λόγον
1707 2145 1806 2195 αὑ-

219 2230 324 2284 τοῦ
357 2230 629 2300 κυρῶσαι.
673 2230 731 2283 '0
766 2231 824 2283 δὲ
852 2232 1092 2294 τοιοῦτος
1122 2233 1341 2302 ἰσχυρὸς
1367 2233 1578 2303 ἄφρων,
1616 2235 1803 2286 ἀκούει

221 2322 340 2392 γὰρ
396 2324 549 2390 παρᾶ
575 2321 670 2375 τοῦ
707 2323 1141 2396 Παροιμιαστοῦ,
1182 2344 1200 2376 ι
1244 2327 1342 2389 "0;
1391 2326 1652 2379 πέποιθεν
1711 2327 1804 2379 ἐπὶ

225 2416 426 2485 ϐράττει
484 2416 732 2485 καρδίας,
769 2417 1003 2487 ἄφρωνο
1042 2417 1198 2486 σοφοὶ
1253 2418 1310 2471 δὲ
1364 2419 1664 2489 κρύψουσιν
1719 2418 1807 2472 αἴο-

227 2508 450 2574 σθησιν.
507 2526 526 2560 ι
569 2508 714 2560 Καί·
775 2508 1005 2579 «Στόμα
1059 2509 1367 2579 προπετοῦς
1417 2511 1626 2578 ἐγγίζει
1678 2528 1805 2563 συν-

224 2598 396 2667 τριὸᾔ
419 2614 433 2627 ο
458 2599 774 2667 φειδόμενος
814 2599 870 2652 δὲ
897 2599 1145 2666 χειλέων,
1177 2602 1397 2671 νοήμων
1440 2600 1608 2655 ἔσται.
1648 2622 1666 2653 ι
1703 2603 1810 2656 Kal.

232 2688 402 2742 πάλιν
430 2705 445 2719 ·
488 2707 504 2740 ι
540 2690 637 2753 Ὃς
689 2689 957 2759 φυλάσσει
987 2691 1048 2743 τὸ
1089 2692 1263 2758 στόμα
1296 2691 1484 2756 αὐτοῦ,
1520 2695 1678 2764 τηρεῖ
1713 2693 1810 2763 τὴν

232 2779 435 2836 ἑαυτοῦ
460 2781 655 2853 ψυχήν·
690 2783 718 2834 ό
741 2781 799 2834 δὲ
827 2781 1107 2853 προπετὴς
1134 2781 1389 2852 χείλεσιν,
1428 2784 1655 2851 πτοήσει
1684 2784 1812 2836 ἑαυ-

233 2873 352 2926 τόν.
391 2890 411 2924 ›
451 2873 565 2925 Kal
594 2872 756 2927 πάλιν
791 2890 806 2905 ο
860 2892 880 2925 ι
928 2873 1025 2936 Ὃς
1062 2873 1420 2945 ἀποκρίνεται
1476 2872 1636 2942 λόγον
1685 2875 1814 2945 πρὶν

233 2963 493 3030 ἀκοῦσαι,
533 2964 817 3036 ἀφροσύνη
861 2963 1012 3035 αὐτῷ
1048 2966 1199 3017 ἐστιν
1236 2965 1330 3018 καὶ
1385 2964 1607 3028 ὄνειδος.
1648 2984 1667 3017 ι
1704 2965 1815 3018 Kal

235 3051 400 3118 αὖθις
428 3071 443 3084 ·
481 3072 501 3106 ι
551 3054 679 3108 Ἐὰν
716 3056 835 3126 ἴδῃς
862 3055 1029 3124 ἄνδρα
1058 3054 1226 3124 ταχὺν
1255 3056 1315 3107 ὲν
1341 3054 1543 3122 λόγοις,
1579 3056 1817 3121 γίνωσκε

234 3147 325 3199 ὅτι
350 3145 544 3200 ἐλπίδα
568 3146 683 3217 ἔχει
701 3145 902 3217 μᾶλλον
926 3149 954 3198 ὁ
980 3145 1191 3216 ἄφρων,
1222 3143 1413 3200 αὐτοῦ.
1450 3164 1468 3196 ι
1498 3146 1607 3199 Καί
1635 3163 1649 3177 ο
1687 3165 1705 3198 ι
1759 3146 1818 3199 '0

238 3238 527 3311 προπετὴς
556 3240 614 3292 ὲν
650 3238 814 3309 λόγῳ,
859 3237 1243 3308 μισηθήσεται.
1284 3255 1305 3289 ι
1354 3236 1413 3289 Ὅ
1442 3235 1501 3289 δὲ
1543 3234 1817 3299 Ἰἀκωῦοςο

245 3352 265 3383 ι
302 3332 371 3385 El'
396 3348 480 3395 τις
530 3332 588 3383 ἐν
637 3330 782 3402 λόγῳ
830 3331 890 3383 οὐ
946 3329 1153 3393 πταίει,
1212 3322 1370 3392 οὗτος
1428 3327 1634 3390 τέλειος
1684 3327 1821 3397 ἀνὴρ

237 3422 470 3487 δυνατὸς
515 3421 963 3491 χαλιναγωγῆσαι
997 3420 1094 3473 καὶ
1143 3420 1264 3472 ὅλον
1314 3419 1376 3472 τὸ
1424 3418 1605 3489 σῶμα.
1639 3437 1658 3471 ι
1714 3420 1824 3471 Kal.

243 3516 414 3567 πάλιν
438 3530 452 3543 ο
501 3533 519 3566 ι
561 3515 743 3566 Ἔστω
768 3515 875 3577 πᾶς
915 3512 1225 3578 ἄνθρωποις
1257 3512 1427 3581 ταχὺς
1466 3510 1632 3575 είςλτδ
1660 3510 1822 3564 ἀκοῦ-

1823 950 1870 1004 Α

2436 993 2718 1047 ῙῐοῗιῖιῐᾸᾹ
2770 991 2936 1047 XX".

2212 1105 2290 1159 De
2320 1106 2497 1176 etfrem'
2537 1106 2912 1159 incontinentia
2942 1103 3149 1175 lingula.

1974 1220 2086 1274 Lex
2107 1219 2281 1274 dicit:
2319 1238 2338 1270 ι
2374 1220 2432 1274 Si
2492 1219 2864 1283 testimonium
2924 1214 3154 1283 tulerint
3201 1214 3472 1270 adversus

1901 1309 2080 1374 illum,
2117 1316 2176 1362 et
2213 1309 2330 1377 ipse
2363 1324 2471 1365 non
2496 1307 2764 1362 occiderit
2790 1321 2936 1368 eum,
2974 1317 3191 1374 pmnam
3226 1302 3341 1356 luet
3366 1301 3466 1355 ⁷⁸.»

1900 1402 2183 1472 Contingit
2226 1416 2619 1469 nonnunquam
2677 1407 2739 1453 ut
2778 1399 2922 1452 inter
2966 1395 3297 1466 epulandum
3330 1393 3473 1447 hila-

1901 1495 2058 1557 riter,
2112 1494 2372 1564 cogitatio
2425 1492 2674 1561 quaedam
2734 1491 3017 1544 exoriatur
3080 1502 3145 1541 ae
3203 1486 3475 1541 subsultet

1902 1586 2088 1657 gloriae
2133 1585 2332 1647 inanis,
2367 1585 2557 1638 volens
2583 1580 3041 1651 intempestiviter
3071 1579 3124 1633 in
3162 1589 3474 1632 sermonem

1903 1694 2212 1747 erumpere.
2242 1677 2523 1731 Adversus
2561 1676 2703 1729 hanc
2750 1675 2908 1728 bonae
2963 1672 3083 1726 aliae
3132 1686 3233 1725 suo
3290 1684 3347 1723 se
3376 1666 3478 1723 ob—

1899 1770 2102 1840 jiciunt
2136 1769 2449 1824 testimonio
2500 1767 2879 1841 cegitationes,
2912 1778 3034 1833 quae
3068 1762 3367 1817 reclamant
3413 1773 3476 1814 ac

1903 1871 2281 1932 protestantur
2317 1878 2428 1917 non
2457 1861 2661 1915 debere
2698 1868 2748 1913 te
2771 1857 3156 1927 Cogitationem
3199 1854 3345 1907 illam
3389 1850 3475 1905 ni-

1905 1953 2009 2007 mis
2040 1968 2205 2021 quam
2237 1966 2502 2021 nugacem
2545 1951 2599 2004 in
2628 1948 2906 2018 publicum
2950 1946 3293 2014 depromere.
3327 1943 3479 1997 Hanc

1907 2044 2074 2113 igitur
2116 2042 2219 2097 nisi
2244 2043 2400 2097 freno
2428 2041 2630 2097 silentii
2661 2041 2719 2093 in
2751 2055 2813 2093 os
2839 2040 3041 2107 injecto
3079 2033 3475 2105 suppresseris,

1906 2138 2001 2192 sed
2031 2137 2316 2191 etfreniter
2347 2144 2401 2189 et
2435 2133 2822 2203 intempestive
2856 2130 3054 2185 siveris
3082 2129 3228 2182 illam
3254 2125 3478 2196 prodire

1909 2230 1964 2283 in
1992 2227 2239 2298 apricum
2261 2245 2274 2280 :
2299 2227 2561 2294 deinceps
2577 2225 2873 2292 lucsquam
2895 2219 3222 2290 promereris
3241 2231 3478 2287 pmnam,

1907 2330 2001 2377 aut
2033 2330 2181 2388 certe
2218 2320 2469 2387 exigente
2490 2315 2704 2387 justitia
2727 2316 2782 2368 in
2806 2323 2963 2367 atrox
2992 2310 3212 2380 aliquod
3238 2318 3294 2363 et
3317 2322 3483 2379 grave

1905 2423 2190 2486 peccatum
2216 2410 2526 2481 prolabere.
2557 2407 2823 2461 Sermone
2854 2404 3000 2459 enim
3033 2412 3129 2457 aut
3152 2402 3317 2455 rebus
3350 2398 3484 2468 ipsis

1910 2508 2233 2565 temerarius
2272 2505 2367 2569 qui
2419 2511 2540 2565 est,
2580 2501 2718 2554 mire
2769 2499 2817 2553 is
2864 2504 2950 2551 est
2997 2494 3368 2555 turbulentus,
3428 2498 3486 2545 et

1910 2598 2154 2670 agitatur.
2186 2592 2549 2663 intemperiis.
2596 2589 2762 2659 Atqui
2797 2588 2941 2643 idem
2965 2600 3160 2656 magna
3180 2598 3305 2638 cum
3330 2583 3489 2636 volu-

1911 2700 2060 2762 ptate
2099 2688 2287 2744 studet
2315 2685 2529 2741 caeteris
2566 2683 2783 2762 sancire
2807 2680 2979 2750 leges,
3023 2692 3087 2731 ac
3129 2677 3252 2747 jura
3286 2672 3488 2742 cuique

1911 2751 2319 2853 praescribere;
2373 2775 2498 2831 aliis
2542 2751 2946 2829 contentiosius
2979 2768 3250 2823 adnititur
3284 2763 3492 2834 palma-

1913 2874 2057 2929 rium
2099 2869 2398 2942 praeripere
2438 2875 2498 2921 et
2528 2865 2828 2920 evincere:
2864 2873 3143 2930 quemque
3181 2870 3491 2912 sermonem

1917 2963 2086 3019 semel
2120 2976 2216 3015 ore
2238 2956 2550 3029 protulerit,
2586 2963 2766 3009 ratum
2797 2942 2929 3007 facit
2952 2951 3109 3020 priva
3141 2945 3490 3010 auctoritate,

1918 3056 2099 3110 ﬁrmat
2129 3061 2185 3107 et
2216 3050 2413 3107 sancit.
2444 3048 2551 3116 Qui
2576 3045 2850 3120 ejusmodi
2895 3051 2997 3108 est,
3041 3041 3400 3095 vehementer
3433 3051 3494 3092 se

1919 3145 2240 3218 comprobat
2272 3141 2699 3212 imprudentem.
2733 3136 2875 3191 Audi
2911 3133 3058 3189 enim
3099 3140 3179 3196 tu,
3212 3128 3365 3185 sed'a
3395 3128 3498 3183 Pa-

1920 3240 2199 3296 rmmiaste
2227 3254 2242 3291 :
2274 3256 2293 3287 ι
2319 3234 2423 3302 Qui
2446 3231 2674 3290 confidit
2714 3230 2768 3284 in
2793 3226 3021 3284 audacia
3047 3223 3253 3289 cordis,
3283 3222 3496 3292 impru-

1922 3332 2059 3386 dens
2089 3339 2173 3384 est
2201 3348 2215 3395 ;
2255 3328 2532 3398 sapientes
2554 3334 2736 3380 autem
2767 3319 3108 3378 abscondent
3134 3330 3354 3372 sensum
3392 3314 3490 3367 ⁷⁸.»

1924 3424 2024 3477 Ει;
2063 3442 2079 3473 ι
2117 3423 2191 3477 Os
2224 3420 2478 3490 procacis
2498 3419 2831 3488 propinquat
2860 3410 3176 3470 contritioni
3208 3409 3343 3479 ;qui
3367 3420 3500 3461 vero

1926 3512 2101 3584 parcit
2124 3512 2306 3575 labiis,
2339 3510 2651 3579 intelligens
2697 3508 2808 3563 erit
2838 3507 2907 3559 ⁷⁷.
2954 3524 2971 3554 ι
3035 3504 3292 3558 Rursus:
3350 3516 3368 3549 ι
3393 3495 3499 3563 Qui

244 3624 362 3670 σαι,
390 3607 483 3660 καὶ
514 3605 714 3676 βραδὺς
743 3608 821 3668 εἰς
858 3605 920 3658 τὸ
947 3604 1198 3676 λαλῆσαι.
1235 3625 1255 3656 ι
1288 3604 1400 3658 Kal
1429 3603 1671 3671 ἐπάγει-ο
1704 3622 1724 3655 ι
1760 3604 1816 3656 El

1925 3603 2167 3660 custodit
2199 3617 2261 3656 os
2290 3616 2473 3663 suum,
2503 3608 2686 3653 servat
2708 3597 2946 3651 animam
2978 3610 3131 3648 suam
3157 3595 3203 3625 ⁷⁸
3234 3609 3249 3656 ;
3282 3590 3377 3660 qui
3407 3603 3502 3642 au~

241 3701 301 3754 δέ
325 3716 411 3762 τις
433 3700 581 3752 δοκεῖ
604 3698 843 3768 θρῆσκος
893 3694 1056 3762 εἶναι,
1096 3697 1171 3769 μὴ
1201 3697 1593 3767 χαλιναγωγῶν
1642 3695 1823 3764 γλῶσ-

247 3810 353 3845 σαν
397 3792 590 3855 αὑτοῦ,
644 3791 781 3844 ἀλλὰ
834 3790 1060 3844 ἀπατῶν
1110 3789 1339 3861 καρδίαν
1385 3786 1573 3854 αὑτοῦ,
1633 3789 1824 3841 τούτου

253 3885 488 3953 μάταιος
515 3885 548 3954 ἡ
578 3882 865 3952 θρησκεία.
900 3900 919 3932 ι
951 3882 1059 3935 Kal
1089 3881 1253 3935 πάλιν
1281 3897 1294 3910 '
1330 3898 1349 3931 ι
1379 3880 1476 3951 ,Μὴ
1504 3880 1693 3933 πολλοὶ
1749 3880 1828 3931 δι-

245 3977 508 4031 δάσκαλοι
538 3975 771 4043 γίνεσθε,
796 3973 1017 4041 ἀδελφοί
1052 3990 1175 4042 μου,
1215 3972 1417 4036 εἰδότες
1436 3973 1523 4025 ὅτι
1550 3971 1610 4024 τὸ
1643 3971 1828 4042 μεῖζον

1927 3704 2037 3751 tem
2064 3692 2394 3749 temerarius
2427 3699 2514 3745 est
2565 3688 2748 3753 labiis,
2808 3686 3005 3756 perdet
3065 3684 3308 3752 seipsum
3361 3682 3429 3733 ⁷³.
3477 3698 3494 3730 ι

1926 3789 2171 3857 Itemque
2202 3802 2215 3838 :
2275 3804 2291 3834 ι
2319 3782 2423 3849 Qui
2472 3779 2769 3850 respondet
2813 3790 3147 3837 sermonem,
3181 3773 3501 3841 priusquam

1927 3880 2131 3949 audiat,
2175 3876 2544 3959 imprudentia
2574 3873 2677 3929 erit
2726 3871 2806 3924 illi
2858 3877 2914 3924 et
2966 3865 3323 3937 opprobrium
3369 3862 3435 3915 ".
3477 3880 3496 3911 ι

2160 3953 2189 4022 ι’
2208 3962 2311 4021 ι’ὃί
2345 3964 2549 4020 videris
2576 3962 2759 4016 virum
2788 3959 3031 4013 velocem
3059 3954 3124 4008 ad
3144 3950 3499 4021 loquendum,

247 4069 428 4137 κρῖμα
472 4065 773 4136 ληψόμεθα.
829 4063 1004 4117 Πολλὰ
1053 4062 1161 4133 γὰρ
1206 4062 1472 4132 πταίομεν
1505 4062 1765 4125 ἅπαντες.
1804 4079 1822 4112 ι
1898 4064 2003 4119 ιεαί

250 4160 366 4214 Kal
387 4161 416 4212 ὁ
438 4158 643 4221 Παῦλος
679 4174 692 4186 ·
734 4177 751 4209 ι
782 4158 902 4209 Ἵνα
926 4159 982 4208 ὲν
1010 4159 1139 4227 ἡμῖν
1169 4155 1376 4228 μάθητε
1405 4155 1490 4217 τὸ,
1527 4155 1600 4224 μὴ
1633 4153 1773 4224 ὑπὲρ
1801 4151 1830 4206 ὃ

251 4260 588 4321 γέγραπται.
648 4253 884 4320 φρονεῖν,
936 4250 1022 4301 ἴνα
1076 4249 1148 4320 μὴ
1188 4243 1267 4310 εἷς
1296 4248 1434 4318 ὑπὲρ
1458 4246 1551 4300 τοῦ
1579 4248 1697 4310 ἑνὸς
1731 4264 1831 4317 φυ-

252 4343 477 4398 σιοῦσθε
522 4344 663 4396 κατὰ
703 4336 797 4395 τοῦ
841 4342 1052 4413 ἑτέρου.
1091 4359 1108 4391 ι
1152 4341 1264 4394 Kal
1296 4339 1359 4393 τό
1385 4357 1397 4369 ·
1457 4358 1475 4391 ι
1517 4340 1583 4392 Ἦ
1640 4339 1830 4415 ἀγάπη

248 4439 317 4492 οὐ
350 4436 771 4508 περπερεύεται,
814 4435 874 4487 οὺ
927 4432 1237 4502 φυσιοῦται,
1298 4432 1399 4484 οὐκ
1450 4432 1772 4500 ἀσχημονεῖ.
1809 4450 1827 4482 ι

251 4532 370 4584 Καὶ
404 4529 695 4597 ἐπιφέρει·
738 4545 756 4577 ι
792 4525 944 4580 Δοκῶ
972 4527 1081 4596 γὰρ
1113 4525 1195 4578 ὅτι
1252 4525 1281 4578 ὁ
1325 4523 1458 4586 Θεὸς
1515 4524 1663 4593 ἡμᾶς
1707 4522 1833 4586 τοὺς

250 4621 594 4681 ἀποστόλους
624 4623 885 4689 ἐσχάτους
916 4618 1198 4684 ἀπέδειξεν
1236 4617 1313 4680 ὡς
1363 4615 1767 4670 ἐπιθανατίους.
1810 4633 1828 4666 ι

251 4716 373 4770 Καὶ
401 4713 491 4767 τόο
529 4731 549 4765 ι
588 4713 778 4782 Ἡμεῖς
804 4711 980 4781 μωροὶ
1010 4710 1098 4764 διὰ
1127 4709 1381 4780 Χριστόν.
1412 4727 1430 4759 ι
1454 4709 1711 4775 ’Ἄμεινον
1743 4701 1835 4759 οὖν

254 4809 412 4859 ἔστιν
446 4805 677 4874 σιωπᾷν,
720 4801 817 4855 καὶ
846 4796 1008 4865 εἶναι,
1034 4802 1068 4873 ἦ
1099 4798 1398 4861 λαλοῦντας
1430 4797 1504 4868 μὴ
1525 4792 1685 4850 εἶναι.
1716 4796 1835 4848 Κα-

1936 4154 1955 4206 'c
1983 4154 2247 4209 Sermone
2276 4165 2478 4221 procax
2505 4156 2562 4203 ct
2596 4143 2946 4206 temerarius,
2982 4137 3205 4193 odibilis
3228 4135 3349 4221 erit
3372 4135 3440 4184 ".

1930 4245 2165 4301 Jacobus
2197 4260 2211 4297 :
2249 4216 2357 4297 (-Si
2392 4240 2517 4309 quis
2555 4237 2725 4292 verbo
2757 4250 2870 4289 non
2905 4229 3155 4291 offendit,
3188 4216 3282 4282 hic
3328 4226 3509 4296 perfe-

1933 4349 2055 4393 ctus
2081 4344 2166 4392 est
2193 4335 2297 4401 vir,
2326 4342 2521 4403 potens
2544 4329 2761 4383 frenare
2784 4327 2948 4380 etiam
2984 4332 3155 4378 totum
3175 4332 3375 4387 corpus
3399 4316 3465 4368 ⁸³.
3483 4335 3501 4365 ι

1934 4431 2188 4485 Rursus:
2232 4444 2249 4476 ι
2288 4424 2373 4479 Sit
2418 4421 2601 4476 omnis
2635 4421 2806 4473 homo
2847 4416 3002 4470 velox
3041 4413 3106 4467 ad
3145 4409 3505 4470 audiendum,

1934 4520 2125 4575 tardus
2159 4518 2227 4572 ad
2268 4514 2606 4584 loquendum
2645 4512 2712 4564 ⁸³.
2750 4530 2767 4562 ι
2808 4507 3027 4563 lnducit
3061 4523 3073 4558 :
3124 4522 3141 4553 ‹
3176 4502 3230 4557 Si
3262 4500 3385 4570 quis
3415 4516 3514 4553 au-

1935 4622 2045 4668 tem
2091 4609 2310 4664 videtur
2336 4606 2625 4676 religiosus
2653 4616 2794 4667 esse,
2819 4616 2929 4653 non
2960 4597 3244 4651 refrenans
3269 4594 3510 4662 linguam

1936 4701 2300 4771 suam,bujus
2328 4714 2464 4753 vana
2489 4704 2575 4750 est
2598 4694 2794 4764 religio
2823 4692 2895 4746 ⁸⁸.
2936 4711 2955 4743 ι
2992 4689 3195 4744 lterum
3230 4704 3245 4739 :
3280 4704 3297 4736 ι
3332 4683 3512 4738 Nolite

1937 4795 2094 4851 multi
2131 4796 2252 4849 esse
2283 4788 2548 4861 magistri,
2574 4786 2770 4840 fratres
2792 4782 2918 4846 mei,
2934 4782 3170 4838 scientes
3190 4778 3317 4861 quia
3338 4775 3515 4844 majus

255 4899 355 4951 λὸν
391 4896 454 4948 τὸ
474 4860 768 4955 διδάσκειν,
796 4893 899 4947 ἐὰν
930 4895 958 4948 ὁ
981 4860 1157 4961 λέγων
1189 4893 1339 4963 ποιῇ.
1482 4860 1572 4944 οὖν
1612 4893 1640 4944 ὁ
1694 4889 1816 4943 διδάι

1934 4887 2203 4959 judicium
2224 4896 2525 4938 sumemus.
2548 4879 2609 4934 ιη
2638 4879 2825 4933 multis
2854 4876 3001 4930 enim
3037 4860 3371 4928 offendimus
3398 4884 3513 4922 om—

2061 4980 2106 4989 ,ρ
2214 4978 2253 4989 τι
2330 4977 2343 4989 ι
2449 4975 2484 4989 ι-
2564 4988 2567 4989 ,
2719 4971 2785 4989 ΙΥι
2839 4969 2888 4989 SA
2935 4966 3093 4989 ..-ιε-
3136 4963 3355 4989 ,Ιξηι-ηιιτη
3406 4975 3513 4989 nna-

259 4988 463 5050 σκαλος
491 5004 505 5018 ο
557 4987 633 5051 ὡς
686 4982 859 5051 εἶπεν,
919 4986 1014 5039 καὶ
1075 4985 1313 5054 ἐγένετο.
1367 4981 1539 5036 Καὶᾶ
1578 4981 1743 5050 σιγῶν
1779 4981 1836 5034 δὲ

1943 4954 2130 5036 nes".
2160 4997 2179 5030 ι
2214 4977 2416 5031 Paulus
2449 4975 2579 5028 item
2613 4989 2627 5025 :
2671 4991 2690 5022 ι
2719 4971 2789 5027 Ut
2839 4969 2893 5023 in
2935 4966 3096 5021 nobis
3133 4954 3357 5019 discatis
3406 4975 3515 5013 non

259 5083 589 5149 πεποίηκεν,
627 5082 754 5147 ἄξια
797 5080 892 5134 τοῦ
922 5081 1131 5150 Πατρός
1166 5082 1330 5132 ἐστιν.
1378 5078 1436 5132 '0
1466 5078 1622 5145 λόγον
1664 5076 1816 5146 ’1ησοὶ

1939 5089 2106 5144 supra
2133 5086 2196 5124 ea
2225 5083 2347 5137 qum
2372 5064 2579 5132 scripta
2611 5070 2975 5130 suntsapere,
3009 5065 3068 5111 ut
3118 5071 3185 5110 ne
3225 5067 3369 5108 unus
3415 5065 3518 5120 pro

258 5173 502 5244 Χριστοῦ
546 5173 904 5243 κεκτημένος,
954 5172 1174 5242 ἀληθῶς
1198 5171 1421 5225 δύναται
1450 5171 1546 5223 καὶ
1580 5171 1676 5239 τῆς
1707 5171 1810 5237 ήσυ

1939 5143 2051 5224 uno
2082 5162 2305 5220 inﬂetur
2329 5158 2594 5212 adversus
2627 5155 2860 5209 alterum
2886 5152 2952 5204 ⁸⁷.
2988 5171 3005 5203 ι
3035 5151 3099 5204 Et
3122 5147 3253 5202 illud
3282 5163 3294 5198 :
3328 5164 3346 5195 ι
3372 5143 3518 5199 Cha-

259 5270 392 5341 χίας
424 5265 591 5320 αὐτοῦ
617 5264 859 5326 ἀκούειν,
894 5261 1035 5336 ῖναῇ
1065 5265 1270 5327 τέλειος
1307 5279 1319 5293 ο
1352 5263 1438 5315 ἴνα
1463 5261 1530 5314 δι’
1565 5253 1641 5314 ὧν
1670 5260 1816 5313 λαλεί

1941 5261 2078 5315 ritas
2119 5270 2233 5310 non
2269 5252 2380 5322 agit
2408 5262 2719 5320 perperam,
2747 5261 2858 5299 non
2886 5243 3125 5307 inﬂatur,
3150 5257 3260 5294 non
3291 5246 3376 5293 est
3399 5252 3520 5290 am-

263 5359 514 5429 πράσσῃ,
545 5358 638 5410 καὶ
671 5357 739 5410 δι’
784 5349 858 5410 ὧν
910 5359 1055 5427 σιγᾷ.
1101 5355 1458 5426 γινώσκηται.
1513 5353 1678 5407 Οὐδὲν
1736 5352 1816 5420 vi;

1938 5345 2238 5406 bitiosa".
2279 5364 2296 5397 ι
2333 5345 2404 5399 Ει
2454 5341 2659 5396 infert:
2721 5356 2738 5389 ι
2777 5338 2916 5391 Puto
2972 5335 3120 5389 enim
3176 5330 3322 5401 quod
3371 5328 3521 5383 Deus

261 5450 520 5503 λανθάνει
545 5447 635 5501 τὸν
674 5447 898 5516 Κύριον,
960 5447 1094 5501 ἀλλά
1156 5447 1250 5499 καὶ
1293 5448 1362 5499 τὰ
1416 5444 1634 5517 κρυπτὰ
1664 5443 1816 5515 ἡμῶν

1942 5459 2043 5499 nos
2084 5438 2362 5510 apostolos
2398 5433 2725 5490 novissimos
2759 5428 3039 5493 ostendit,»
3064 5435 3320 5494 tanquam
3350 5421 3514 5475 morti

345 5631 390 5661 ⁷⁵
424 5629 614 5683 Matth.
652 5644 773 5688 xxv.
801 5628 853 5681 ι.
930 5629 974 5659 ⁷⁸
1005 5628 1159 5679 Deut.
1196 5642 1304 5686 xix,
1340 5626 1429 5680 16.
1453 5622 1816 5696 εείιπέῐττδξ

1916 5638 1944 5696 ι,
1974 5621 2063 5676 26.
2218 5619 2378 5696 Prov:
2400 5632 2529 5673 xm.
2560 5614 2651 5696 28‘.
2726 5612 2778 5696 τί
2799 5611 2954 5696 ηι-ον.
2979 5623 3102 5696 xxi;
3118 5604 3333 5696 2'52":

271 5720 348 5762 ut.
375 5701 465 5754 25.
534 5699 580 5731 ⁸⁸
602 5672 937 5757 Ρτονδειγιει,
976 5698 1053 5750 15.
1129 5696 1170 5725 ³¹
1208 5672 1660 5757 ῐίῖ‹ἰι’.’ένῖιῖξ’2οῖ
1688 5672 2067 5753 ’⁷ηῖὲὸξίιίἇὲ,
2108 5689 2198 5741 9.5.
2222 5672 2233 5673 ί
2265 5689 2309 5719 ⁸³
2347 5687 2459 5741 Jac.
2498 5701 2572 5749 Ill,
2605 5684 2659 5736 9..
2737 5681 2780 5714 ⁸⁷⁸
2812 5679 2925 5735 Jac.
2963 5695 3002 5746 ι,
3045 5677 3123 5733 l9.
3201 5674 3396 5729 lu'lbid.
3429 5672 3518 5725 26.

278 5775 323 5806 ἐν
363 5772 475 5828 Jac.
514 5785 591 5831 ιιι,
636 5770 682 5831 1,
714 5769 766 5822 9..
841 5770 879 5798 “‘
918 5768 1090 5820 lCor.
1132 5782 1202 5828 tv,
1235 5768 1287 5820 6.
1357 5766 1401 5797 ⁸⁸
1439 5765 1608 5820 lCor.
1642 5779 1755 5825 xm,
1806 5764 1856 5815 ι.
