3914 6304
533 265 550 327 l
565 265 668 326 503
1799 259 2079 320 ANTIOC‘

2288 260 2548 322 )NACI-II
3681 257 3713 322 1
3725 261 3834 324 504

529 376 832 430 destinatos
864 375 910 407 ⁸³
941 413 956 426 .
994 391 1012 425 ι
1079 373 1148 430 Et
1200 371 1378 427 illud:
1431 389 1450 422 ι
1486 371 1599 425 Nos
1657 369 1810 426 stulti
1875 379 2068 440 propte

2285 371 2368 437 rb;
2393 371 2558 423 αὑτοῦ
2590 373 2752 426 εἰσιν.
2802 367 3136 440 Φοὸηθῶμεν
3187 363 3281 422 οὖν
3340 368 3406 422 τὸ
3459 370 3657 438 κρῖμα
3719 373 3831 422 τΓν

527 464 806 520 Christum
837 463 906 514 ⁸ο.
952 482 970 514 ι
1010 459 1419 528 Satius'igitur,
1440 467 1500 510 ut
1521 457 1684 511 sileas
1715 466 1772 510 et
1798 455 1912 519 sis;
1939 469 2073 523 quam

2277 462 2559 517 ῖασκάλων.
2584 460 2979 533 Περισσὸτερον
3008 461 3119 528 γάρ
3160 461 3280 513 ἔστι
3337 460 3454 512 τῶν
3511 459 3823 526 λεγόντων,

531 563 591 608 ut
617 553 881 622 loquaris.
905 567 1009 606 nec
1043 551 1263 605 interim
1293 549 1390 602 sis.
1427 547 1746 618 Egregium,
1787 546 1980 609 fateor,
2021 561 2077 601 cs

2278 552 2300 604 ὶ
2356 551 2431 622 μὴ
2486 552 2806 613 ποιούντων,
2840 551 2900 604 τδ
2935 553 3113 622 κρῖμα
3144 567 3159 582 ·
3197 550 3574 620 ψευδώνυμον
3610 551 3824 618 γνῶσιν

529 645 748 706 docere,
783 643 944 698 modo
971 657 1094 710 quae.
1116 641 1242 710 quis
1275 641 1432 704 dicit,
1465 639 1644 692 faciat.
1699 637 1912 707 1063
1963 635 2075 690 Sani

2271 644 2584 705 Βασκὸντων,
2619 645 2714 696 καὶ
2750 643 3167 712 ὲμϐατευόντων
3188 644 3336 711 εἰκῆ,
3365 643 3466 695 καὶ
3499 645 3817 710 φυσιούμε-

533 751 675 792 unus
707 735 810 788 fuit
853 735 1130 803 magister,
1169 731 1287 802 qui,
1313 747 1436 802 qua:
1469 731 1628 791 dixit,
1663 729 1792 784 fecit
1823 747 1836 783 :
1871 745 1993 782 nam
2018 746 2079 784 ve

2273 751 2315 784 ιν
2342 733 2450 786 ἀπὸ
2485 734 2582 787 τοῦ
2623 735 2742 796 νοὸς
2768 735 2869 802 τῆς
2913 734 3152 804 σαρκὸς,
3197 734 3421 800 τυφλῶν
3447 734 3705 801 τυφλοὺς
3739 735 3819 788 ὀξ-

533 837 736 882 lacens.
770 825 929 896 digna
952 825 1122 895 gessit
1153 825 1312 878 Patre
1362 838 1483 878 suo.
1537 821 1642 888 Qui
1697 821 1931 875 verbum
1975 821 2079 876 Jes1

2268 823 2507 888 ὀύντων,
2543 827 2638 879 καὶ
2691 826 3020 896 ἀμφοτέρων
3077 828 3157 887 εἰς
3205 826 3436 894 βόθυνον
3470 829 3814 880 πιπτόντων.

531 917 732 972 Christi
771 933 938 986 penes
965 932 1023 970 se
1057 925 1210 971 tenet
1233 931 1297 970 ac
1319 913 1572 970 recondit
1599 913 1891 982 (siquidem
1923 911 2076 987 perfe

2269 918 2315 968 Ξκ
2345 917 2454 987 γὰρ
2482 918 2666 981 ἐξόδου
2685 919 2846 986 λόγου
2877 918 3027 988 αὐτῷ
3056 919 3441 988 γνωσθήσεται
3474 922 3586 990 ἀνή
3595 939 3649 990 ρ.
3681 922 3815 992 Περὶ

532 1017 656 1062 ctus
679 1008 791 1075 jam
820 1007 950 1075 est),
971 1021 1100 1059 vere
1131 1006 1177 1059 is
1211 1012 1393 1076 potest
1441 1003 1525 1057 vel
1580 1003 1862 1058 silentium
1900 1001 2078 1056 Christ

2265 1025 2285 1058 ν
2316 1007 2411 1060 καὶ
2433 1010 2460 1060 ὁ
2495 1007 2814 1070 Ἀπόστολος
2845 1025 3010 1078 φησιν
3038 1025 3051 1038 ο
3095 1028 3114 1058 ι
3148 1004 3307 1062 Οὗτοί
3351 1011 3497 1061 εἰσιν
3522 1013 3811 1078 ἀκρατεῖς,

533 1098 860 1164 intelligere,
893 1113 1065 1167 usque
1093 1098 1230 1152 adeo
1261 1105 1322 1150 ut
1359 1113 1456 1166 per
1485 1111 1550 1150 ea
1580 1111 1700 1165 qua:
1729 1095 1951 1150 silentio
1979 1109 2074 1162 pre

2263 1099 2500 1170 μήμεροι,
2537 1097 2889 1167 ἀφιλάγαθοι,
2941 1099 3219 1170 προδόται,
3275 1104 3610 1168 προπετεῖς,
3659 1119 3809 1154 τεττιο

536 1189 632 1244 mit
667 1189 943 1251 Christus,
975 1205 1034 1243 se
1069 1197 1250 1243 tamen
1283 1187 1478 1258 prodat
1500 1195 1556 1241 et
1582 1195 1930 1255 agnoscatur.
1957 1185 2082 1240 Nihi

2267 1191 2472 1258 ομένοι,
2501 1190 2775 1260 φιλήδονοι
2811 1191 3013 1260 μᾶλλον
3061 1191 3092 1260 ἦ
3135 1191 3398 1258 φιλόθεοι.
3440 1210 3461 1244 ι
3495 1193 3666 1246 Καὶὸ
3689 1212 3813 1261 τρο-

535 1281 746 1349 uspiam
771 1281 1024 1349 estquod
1065 1279 1277 1334 Domini
1321 1280 1494 1349 fugiat
1530 1279 1924 1348 cognitionem,
1974 1276 2081 1346 qui:

2265 1281 2380 1350 ετὴς
2421 1283 2619 1346 Ἰούδας
2658 1286 2686 1336 ὁ
2725 1283 3084 1352 Ἰσκαριώτης
3123 1283 3310 1352 ἔλεγεν
3337 1302 3352 1316 ·
3387 1305 3410 1336 ‹
3436 1286 3542 1339 Διὰ
3573 1287 3629 1338 τί
3661 1286 3811 1340 τοῦτο

535 1385 736 1426 arcana
793 1374 1035 1441 pectoris
1077 1373 1244 1427 vestri
1292 1373 1348 1426 in
1377 1372 1679 1440 conspicuo
1713 1371 1792 1425 illi
1823 1379 1950 1424 sunt
1984 1386 2081 1440 pro

2263 1393 2271 1423 ι
2325 1373 2495 1443 μύρον
2541 1375 2641 1426 οὐκ
2699 1375 2914 1444 ἐπράθη
2973 1369 3304 1444 τριακοσίων
3355 1379 3669 1447 δηναρίων,
3722 1379 3809 1430 καὶ

537 1461 700 1516 xime.
767 1463 1042 1518 Judicium
1083 1465 1268 1532 itaque
1292 1463 1440 1534 quod
1468 1471 1652 1518 manet
1675 1463 1931 1538 doctores
1961 1463 2082 1532 ejus

2263 1461 2369 1531 ἰάθη
2401 1465 2682 1531 πτιιιχοῖςς
2722 1459 2860 1535 Eius
2919 1463 2976 1514 δὲ
3020 1465 3180 1515 τοῦτο
3231 1465 3333 1534 οὐχ
3388 1466 3478 1518 ὅτι
3525 1467 3666 1532 περὶ
3707 1468 3809 1517 τῶν

537 1552 708 1618 modi,
737 1562 1005 1608 terrorem
1027 1555 1186 1608 nobis
1213 1555 1464 1610 incutiat.
1491 1553 1877 1608 Abundantius
1905 1554 2083 1607 etenin

2265 1553 2443 1621 εωχῶν
2477 1553 2679 1622 ἣμελεν
2714 1552 2883 1622 αὐτῷ,
2910 1553 3022 1604 ἀλλ’
3059 1554 3144 1606 ὅτι
3175 1555 3418 1624 κλέπτης
3452 1551 3525 1625 ἦν
3552 1575 3571 1588 ·
3607 1554 3730 1626 [καὶ
3754 1557 3811 1607 τὸ

531 1640 800 1710 judicium
849 1643 919 1696 iis
944 1644 1310 1714 imminetqui
1347 1659 1468 1713 quae
1487 1643 1702 1705 dicunt,
1737 1659 1845 1696 non
1879 1643 2077 1697 faciunl

2257 1645 2598 1714 λωσσόκομον
2614 1641 2776 1715 εἶχεν,
2793 1649 2888 1698 καὶ
2904 1647 2970 1700 τὰ
2991 1647 3378 1716 ἑμΰαλλάμενα
3396 1647 3761 1720 ἐϐάσταζεν]
3788 1669 3803 1698 ι

536 1730 800 1787 docentes
824 1735 944 1788 falsi
980 1737 1220 1790 nominis
1243 1737 1550 1801 scientiam,
1580 1737 1732 1790 nullo
1761 1735 1939 1790 fructu
1960 1751 2082 1790 suat:

2259 1737 2430 1790 [ἄλλον
2455 1737 2510 1789 δὲ
2539 1737 2804 1802 ἄσπονδος
2829 1739 2926 1803 ὢν,
2950 1739 3185 1807 ἀθέμιτα
3213 1739 3396 1792 ἐλάλει
3430 1741 3724 1808 πρέποντα
3750 1744 3805 1808 τῇ

537 1823 843 1881 doctrinam
865 1827 1123 1892 ferentes,
1147 1837 1204 1884 at
1238 1831 1459 1884 interim
1486 1845 1648 1884 sensu
1677 1827 1859 1882 carnis
1906 1827 2083 1882 exube

2261 1825 2378 1879 ύτοῦ
2427 1826 2642 1898 γνώμῃ.
2707 1827 2766 1880 Ὀ
2829 1829 2886 1880 δὲ
2934 1829 3287 1898 μακρόθυμος
3323 1829 3538 1896 Κύριος
3576 1831 3609 1882 ὁ
3643 1832 3807 1883 stiva

539 1927 723 1972 rantes
753 1934 817 1973 ac
839 1919 1177 1990 praeturgidi.
1234 1920 1374 1975 Caeci
1433 1936 1559 1974 cum
1608 1919 1738 1984 sint,
1791 1919 1934 1972 viam
1979 1933 2085 1987 prie

2261 1915 2420 1984 ἐρων,
2452 1915 2667 1982 ἔλεγεν·
2699 1933 2720 1967 ι
2760 1916 2961 1982 ’Δφετε
2993 1917 3184 1988 αὐτὴν,
3221 1918 3302 1980 εἰς
3331 1917 3432 1986 τὴν
3466 1918 3696 1988 ἡμέραν
3723 1919 3807 1971 τις]

538 2015 761 2062 struunt
784 2009 964 2073 (secis,
1001 2021 1060 2064 ut
1087 2011 1306 2080 utrique
1352 2009 1408 2065 in
1457 2009 1670 2064 foveam
1731 2009 1928 2064 abeant
1979 2023 2084 2076 pra:

2261 2005 2589 2076 θταφιασμοῦ
2625 2023 2726 2078 μου
2771 2007 3074 2077 τετήρηκεν
3117 2008 3271 2062 αὑτό.
3316 2025 3336 2058 ι
3378 2009 3551 2078 Λύτῴ
3606 2011 3642 2080 ἡ
3691 2009 3807 2075 δόξα

537 2100 734 2169 cipites
760 2102 806 2135 “
832 2119 850 2168 ;
875 2101 946 2156 ab
975 2102 1127 2157 exitu
1155 2102 1303 2155 enim
1331 2103 1605 2156 sermonis
1628 2100 1712 2154 sui
1751 2107 2082 2168 cognoscctu

1771 2107 2115 2168 :ognoscctur
2215 2100 2296 2160 εἰς
2323 2100 2450 2160 τοὺς
2480 2096 2705 2159 αἰῶνας.
2751 2097 2944 2167 Ἀμήν.
3313 2142 3317 2146 .

538 2191 646 2246 vir.
705 2195 814 2250 Eos
867 2196 963 2266 qui
1015 2197 1150 2250 tales
1198 2201 1348 2256 sunt.
1403 2194 1720 2264 perstringit
1769 2192 2104 2261 Apostolus:
2152 2208 2171 2242 ι
2205 2191 2270 2245 Hi
2301 2199 2433 2246 sunt
2497 2189 2924 2252 incontinentes,
2986 2188 3247 2254 immites,
3279 2188 3403 2243 sine
3441 2188 3802 2259 benignitate.

539 2282 867 2352 proditores,
925 2285 1192 2354 protervi,
1253 2283 1451 2348 inflati,
1504 2285 1850 2351 voluptatum
1904 2291 2176 2336 amatores
2214 2281 2388 2350 magis
2415 2296 2579 2350 quam
2604 2280 2699 2333 Dei
2724 2281 2790 2331 9‘.
2829 2297 2848 2329 ι
2881 2279 2986 2334 Sed
3017 2289 3076 2334 et
3104 2279 3332 2334 effrenis
3367 2280 3462 2334 ille
3509 2281 3708 2350 lingua
3750 2294 3806 2334 ac

538 2385 922 2441 praeproperus
937 2373 1126 2430 Judas.
1147 2383 1517 2442 cognomento
1561 2372 1871 2432 Iscariotes.
1895 2370 2116 2424 dicebat
2156 2387 2168 2422 :
2215 2387 2234 2420 ι
2271 2369 2477 2438 thuid
2537 2379 2877 2439 unguentum
2907 2370 3014 2425 hoc
3045 2385 3157 2426 non
3183 2370 3362 2424 veniit
3409 2371 3686 2424 trecentis
3727 2369 3806 2424 de-

540 2461 731 2526 nariis,
783 2469 840 2518 et
885 2462 1072 2520 datum
1096 2473 1180 2520 est
1214 2463 1592 2534 pauperibus}
1621 2463 1758 2518 dixit
1822 2473 2005 2516 autem
2073 2460 2180 2514 hoc
2216 2475 2327 2513 non
2361 2461 2506 2528 quod
2558 2475 2830 2529 pauperes
2879 2461 3114 2516 haberet
3159 2477 3328 2526 curae,
3385 2463 3486 2516 sed
3538 2462 3675 2530 quia
3728 2460 3804 2514 fur

537 2561 659 2609 erat
686 2555 771 2608 ⁹³ι
811 2573 829 2606 ι
872 2556 1056 2624 potius
1107 2571 1264 2622 vero,
1299 2557 1666 2627 implacabilis
1701 2571 1826 2610 cum
1878 2561 2044 2619 esset,
2086 2568 2200 2607 sure
2239 2553 2486 2624 tegendae
2549 2553 2842 2614 voluntati.
2883 2554 3133 2624 quaedam
3195 2555 3252 2609 in
3307 2555 3563 2624 speciem
3617 2555 3802 2608 decen-

544 2649 616 2702 tia
663 2650 996 2717 praztexebat
1042 2651 1208 2706 homo
1253 2651 1616 2706 nefarius.At
1679 2651 1944 2705 Dominus
2007 2647 2398 2718 longanimiter
2459 2647 2655 2700 cuncta
2708 2647 2826 2702 haec
2890 2647 3196 2717 perferens,
3241 2649 3544 2718 respondit
3590 2645 3802 2702 mitissi-

537 2755 664 2797 mus
691 2758 704 2795 :
735 2759 754 2792 ι
791 2741 968 2797 Sinite
996 2759 1138 2809 eam,
1164 2731 1380 2798 indicia
1401 2746 1698 2812 sepulturae
1717 2759 1850 2798 mea:
1869 2742 2110 2797 servavit
2147 2741 2254 2796 sibi
2283 2741 2352 2795 “.
2389 2759 2408 2792 ι
2447 2739 2556 2810 Ipsi
2589 2741 2766 2812 gloria
2787 2740 2843 2794 in
2865 2741 3084 2797 s'ecula.
3113 2741 3309 2807 Amen.

1068 2853 1352 2908 HOMILIA
1393 2855 1590 2908 XXIII.
1987 2893 1992 2898 -

1987 2893 1992 2898 .
2818 2856 3037 2908 ΛΟΓΟΣ
3071 2857 3197 2910 Kl".

1208 2964 1287 3018 De
1341 2968 1446 3020 ira.
2145 2949 2220 3052 η’
2482 2970 2492 2980 ’

2145 2988 2191 3052 c
2205 2949 2220 2962 ’
2482 2970 2492 2980 ’
2815 2963 2955 3032 Περὶ
3004 2964 3210 3034 ὀργῆς.

609 3077 846 3134 Necesse
896 3079 967 3134 sit
1035 3094 1144 3134 non
1197 3079 1532 3134 mediocrem
1591 3079 1698 3132 vim
1751 3078 1856 3133 sibi
1921 3079 2122 3134 inferat

2289 3076 2564 3144 Μεγάλως
2595 3076 2737 3130 θέλει
2770 3075 3060 3146 βιάσασθαι
3088 3077 3380 3146 ἅνθρωπος
3409 3077 3511 3134 τοῦ
3539 3084 3802 3153 κρατῆται

542 3169 709 3229 homo
763 3171 1168 3236 et’eluctetur,
1223 3169 1597 3225 turbulentam
1655 3171 1798 3225 hanc
1837 3179 1897 3225 ut
1943 3171 2088 3248 frena

2257 3167 2314 3219 οὗ
2352 3168 2562 3229 πάθους
2590 3168 2690 3236 τῆς
2719 3167 2912 3236 ὀργῆς,
2949 3169 3042 3220 καὶ
3091 3168 3454 3222 καταστεῖλαι
3494 3170 3596 3222 τὸν
3649 3171 3803 3238 θυμὸν

541 3263 887 3322 ειίΐθοιῑοηοῐη
941 3265 1056 3329 irzr,
1109 3264 1330 3334 vimque
1381 3263 1576 3319 animus
1613 3264 1680 3318 ad
1709 3265 1843 3318 iram
1880 3280 2087 3334 propcn

2254 3255 2321 3324 ἧς
2349 3255 2525 3326 ψυχῆς
2547 3257 2640 3310 διὰ
2667 3257 3068 3326 μακροθυμίας.
3089 3255 3154 3308 δι’
3175 3257 3510 3322 ἐπιεικείας,
3529 3258 3623 3310 διὰ
3645 3273 3800 3326 προσ·

539 3353 766 3410 .dentem
821 3363 881 3409 ut
928 3355 1212 3410 contineat
1260 3355 1318 3408 in
1363 3353 1543 3410 oﬂicio
1613 3371 1711 3424 per
1751 3355 2085 3425 longanimer

2251 3347 2386 3416 υχῆς
2431 3349 2524 3400 καὶ
2574 3345 2999 3409 ταπεινώσεως·
3053 3348 3147 3398 καὶ
3179 3349 3237 3400 ὲν
3292 3350 3462 3400 παντὶ
3494 3348 3647 3418 ἔχειν
3677 3350 3797 3400 ἑαυ-

545 3447 910 3511 tolerantiam,
927 3462 1027 3516 per
1045 3447 1372 3511 orationem,
1391 3463 1454 3502 ac
1472 3448 1555 3502 sui
1570 3461 1732 3516 quam
1757 3447 2091 3501 humillimam

2253 3437 2310 3488 ὸν
2344 3436 2670 3506 ἀσζιήφιστον.
2705 3437 2848 3490 Πολὺ
2882 3438 2990 3508 γὰρ
3047 3437 3276 3506 πολεμεί
3323 3441 3352 3491 ὁ
3395 3438 3615 3506 δαίμων
3660 3433 3798 3502 οὗτος

543 3537 932 3608 dejectionem,
985 3538 1122 3593 adeo
1173 3547 1234 3593 ut
1262 3555 1320 3594 se
1357 3554 1460 3593 nec
1483 3538 1916 3607 fucalejudicet,
1941 3537 2033 3608 qui
2065 3539 2089 3592 il

2248 3531 2317 3600 ἧς
2342 3529 2512 3600 ὀργῆς
2533 3531 2626 3583 τὸν
2651 3530 2957 3600 ἄνθρωπον,
2984 3530 3126 3584 κατὰ
3146 3529 3377 3592 πολλοὺς
3397 3531 3530 3593 τοὺς
3551 3531 3794 3598 τρόπους,

543 3629 777 3689 aliorum
809 3645 976 3691 censu
1026 3639 1373 3694 numeretur,
1429 3645 1550 3684 esse
1599 3629 1903 3700 indignum.
1957 3629 2089 3684 Innu

2251 3621 2460 3673 ιάλιστα
2514 3621 2639 3682 τοὺς
2683 3619 3044 3690 βουλομένους
3099 3621 3489 3687 ἀγωνίζεσθαι.
3554 3623 3672 3674 Ἵνα
3716 3617 3797 3674 οὖν

546 3719 711 3774 meris
741 3720 1012 3789 siquidem
1044 3721 1225 3776 modis
1259 3723 1353 3776 irae
1393 3721 1646 3776 incentor
1673 3720 1764 3774 hic
1792 3720 2024 3784 dannon,
2058 3735 2092 3780 a

2251 3712 2428 3783 ὐνάγῃ
2459 3711 2706 3783 καρποὺς
2733 3712 2870 3779 μετὰ
2901 3709 3095 3763 πολλοῦ
3132 3711 3406 3779 καμάτου,
3434 3710 3551 3764 εἴτε
3590 3711 3680 3764 διὰ
3723 3728 3797 3780 νη-

543 3807 871 3864 muitiformi
897 3808 1153 3864 conﬂictu
1184 3809 1462 3862 hominem
1487 3805 1738 3861 adoritur
1753 3811 2089 3874 etoppugnat

2249 3802 2414 3856 :tsu'bv
2447 3803 2538 3854 καὶ
2586 3802 2922 3870 ἀγρυπνιῶν,
2954 3801 2987 3870 ἢ
3018 3800 3106 3853 διὰ
3135 3799 3460 3870 προσευχῶν
3500 3802 3602 3852 καὶ
3630 3799 3795 3869 ψαλμ-

544 3915 642 3957 eos
682 3901 1024 3970 potissimum
1063 3903 1156 3972 qui
1199 3901 1267 3956 ad
1299 3900 1680 3958 sustinendum
1717 3913 1946 3969 agonem
1977 3896 2086 3950 hun

2246 3891 2413 3958 ρδιῶν,
2465 3890 2612 3960 ῆδιᾶι
2653 3889 2963 3952 διακονιῶν,
3002 3890 3090 3956 ὑφ’
3139 3887 3198 3941 ἓν
3249 3889 3543 3960 σκορπέσει
3595 3890 3792 3950 αὐτοὺς.

546 3991 604 4046 in
642 3992 927 4061 procinctu
955 3993 1065 4061 jam
1090 4000 1218 4046 sunt
1250 4009 1264 4045 :
1298 3999 1360 4045 ut
1412 4007 1552 4060 quos
1607 3989 1815 4059 ingenti
1870 4001 1992 4042 cum
2046 3987 2092 4040 la

2246 3981 2462 4035 ιάλιστα
2517 3982 2610 4035 ἐὰν
2639 3981 2724 4052 ἴδῃ
2759 3981 2880 4034 τινὰ
2919 3979 3114 4050 μικρὸν
3141 3980 3580 4048 παρατραπέντα
3600 3981 3697 4048 τῆς
3717 3981 3792 4032 εὖ·

541 4082 678 4140 bore
712 4085 965 4153 congeris
995 4083 1226 4149 fructus,
1265 4084 1382 4137 sive
1409 4082 1640 4152 jciunio,
1672 4081 1786 4135 sive
1833 4078 2082 4149 pervigili

2249 4072 2343 4142 ίῆς.
2410 4071 2761 4144 Ἐπειρρίπτει
2815 4071 2922 4142 γὰρ
2971 4073 2999 4122 ὁ
3033 4071 3395 4139 παμπόνηρος
3423 4070 3638 4136 δαίμων
3660 4064 3795 4128 οὗτος

545 4177 747 4238 noctis,
777 4177 1023 4231 oratione
1067 4186 1123 4230 et
1173 4175 1555 4230 dccantatione
1611 4173 1965 4243 psalmorum,
2028 4186 2091 4223 au

2246 4162 2296 4232 ’ᾧ
2325 4161 2616 4232 ἀνθρώπῳ,
2659 4162 2753 4214 καὶ
2787 4159 2882 4222 οὓς
2918 4162 3225 4228 συνήγαγεν
3264 4161 3322 4210 ἐν
3388 4161 3581 4229 πολλῷ
3639 4163 3792 4229 γρᾶνῳ

545 4275 696 4324 certe
757 4267 1175 4322 administrandi
1226 4266 1446 4332 cilicio,
1500 4265 1568 4320 ad
1621 4279 1791 4318 unum
1843 4262 2091 4330 disperga

2247 4253 2486 4320 εαρποὺς,
2518 4252 2576 4304 ὲν
2610 4252 2707 4320 μιᾷ
2737 4253 2877 4320 ῥοπῇ
2910 4249 3058 4320 ὧρας
3093 4249 3396 4318 σκορπίζει.
3456 4250 3572 4302 Καὶ
3629 4250 3793 4302 λοιπὲν

545 4375 738 4418 omnes
763 4340 828 4414 ac
851 4359 1098 4428 dissipet,
1122 4357 1366 4412 omnium
1393 4339 1648 4420 maxime,
1673 4355 1718 4409 si
1741 4369 1902 4424 quem
1919 4351 2090 4404 videri

2252 4342 2538 4412 ύρίσκεται
2566 4344 2594 4395 ὀ
2624 4341 2912 4412 ἄνθρωπος
2943 4340 3158 4410 μεθύων
3186 4341 3356 4410 χωρὶς
3385 4335 3558 4400 οἴνου.
3589 4340 3685 4403 οὓς
3713 4341 3792 4393 καὶ

545 4465 737 4520 parum
795 4448 1030 4504 orationi
1084 4457 1352 4503 attentum
1386 4455 1550 4516 atque
1580 4451 1948 4500 everrantem.
1976 4441 2086 4510 Sug

2245 4433 2496 4496 ἀλανίζει
2523 4435 2550 4486 ὁ
2582 4437 2888 4506 προφήτης,
2921 4432 3101 4500 λέγων
3130 4449 3144 4464 ·
3181 4450 3200 4482 ι
3235 4432 3372 4484 Οὐαὶ
3402 4431 3455 4484 οἱ
3519 4433 3791 4500 μεθύοντες

545 4519 688 4612 gerit
709 4541 856 4596 enim
877 4540 1118 4595 hominis
1143 4541 1314 4594 menti
1343 4540 1556 4594 daemon
1587 4537 1678 4591 hic
1731 4535 1900 4590 totius
1959 4532 2086 4586 mali

2242 4525 2350 4576 ἱνευ
2375 4523 2544 4578 οἴνου.
2576 4540 2595 4574 ι
2625 4522 2826 4574 Πολλοῦ
2861 4519 2953 4576 οὖν
2977 4521 3194 4590 ἀγῶνος
3230 4521 3401 4574 δεῖται
3445 4522 3477 4574 ὀ
3523 4522 3788 4592 ἅνθρωπος

547 4632 770 4702 gnitatis
821 4629 1040 4689 artifex.
1101 4636 1238 4698 quot
1281 4628 1491 4682 fructus
1553 4633 1782 4679 eatenus
1839 4622 2080 4690 coegerit

2243 4619 2314 4672 τοῦ
2338 4619 2581 4690 ἐξορίσαι
2603 4618 2665 4670 τὸ
2695 4617 2867 4680 πάθος
2893 4619 2994 4686 τῆς
3023 4617 3195 4688 ὀργῆς
3231 4617 3289 4668 ὲν
3337 4617 3600 4687 ἐκτενείᾳ
3645 4634 3789 4686 προσ-

549 4730 699 4777 tanto
736 4719 1002 4776 nimirum
1031 4729 1296 4790 tempore.
1321 4734 1418 4773 eos
1457 4726 1517 4771 ut
1540 4715 1622 4770 vel
1648 4721 1927 4768 momento
1950 4713 2094 4766 inter

2237 4715 2410 4782 ευχῆς.
2455 4711 2514 4763 '0
2543 4711 2722 4764 τοίνυν
2744 4709 3068 4779 βουλόμενος
3100 4709 3234 4781 πρὸς
3277 4709 3560 4762 τελείωσιν
3616 4711 3783 4770 ἐλθεῖν,

547 4813 713 4884 cipiat
755 4822 813 4868 et
846 4811 1148 4880 disperdat.
1182 4811 1345 4878 Atqui
1379 4809 1544 4863 homo
1579 4807 1702 4861 talis
1733 4804 1998 4873 deinceps
2037 4803 2092 4856 in

2237 4802 2320 4853 ut
2364 4798 2646 4869 ἐπιθυμῶν
2674 4799 2765 4851 τὸν
2799 4799 3171 4868 πνευματικὸν
3197 4799 3383 4866 ἀγῶνα
3406 4798 3783 4864 ἀγωνίσαςθαι,

551 4904 770 4959 venitur
803 4903 1014 4968 ebrius,
1041 4918 1151 4956 non
1187 4903 1316 4956 item
1371 4917 1402 4956 a
1458 4900 1606 4953 vino.
1655 4897 1795 4950 Huic
1855 4893 2093 4950 assimile

2236 4893 2330 4946 ἀπὸ
2381 4891 2586 4955 παντὸς
2635 4891 3026 4960 ἐλαττώματος
3080 4891 3249 4961 ὀργῆς
3305 4890 3590 4961 ἀλλότριος
3645 4893 3782 4944 ἔστω.

548 4993 798 5063 deplorat
827 4993 1030 5046 misere
1059 4991 1326 5061 propheta
1354 5007 1367 5043 :
1405 5008 1423 5040 ι
1461 4990 1554 5046 Vae
1575 4987 1668 5058 qui
1694 4986 1834 5041 ebrii
1855 4985 1988 5040 estis
2009 4984 2091 5038 sin

2236 4982 2298 5034 Γὸ
2324 4981 2431 5050 γὰρ
2463 4980 2683 5050 πνεῦμα
2703 4983 2803 5063 τῆς
2849 4981 3038 5050 ὀργῆς,
3094 4982 3262 5051 ἐνιτῇ
3314 4982 3562 5052 ἡμετέρα
3612 4981 3782 5050 καρδίᾳ

549 5085 680 5152 vino
719 5085 785 5139 ”.
831 5103 850 5136 ι
886 5081 1101 5138 Homini
1129 5083 1294 5154 igitur
1320 5081 1488 5137 semel
1517 5081 1726 5135 insesso
1747 5077 2000 5148 passione
2025 5077 2092 5128 ha

2235 5071 2556 5143 καθήμενον,
2609 5073 2704 5124 τὸν
2726 5059 2848 5142 ’μὲν
2902 5072 3179 5142 ὀφθαλμὸν
3207 5074 3306 5141 τῆς
3329 5071 3572 5132 διανοίας
3603 5085 3781 5124 nats:-

554 5176 668 5240 irae,
718 5191 858 5244 opus
895 5174 1190 5228 admodum
1226 5171 1306 5236 ﬁt,
1341 5173 1573 5227 multum
1623 5171 1899 5224 cluetetur
1937 5161 2100 5236 praesit

2234 5166 2344 5228 ναῖς
2403 5167 2673 5234 ταραχαῖς
2739 5163 3040 5233 ὲκτυφλοῖ·
3095 5163 3300 5224 λοιπὸν,
3355 5161 3482 5216 οὔτε
3532 5163 3780 5231 διάκρισιν

553 5267 646 5322 dio
665 5276 902 5322 extensae
931 5267 1217 5328 orationis,
1243 5281 1363 5319 eam
1390 5280 1420 5318 a
1453 5280 1510 5317 se
1545 5273 1607 5317 ut
1638 5260 1848 5329 ablegct
1895 5267 1952 5313 et
2000 5274 2096 5329 aga

2234 5256 2748 5326 τῶνσυμφερόυτων
2773 5255 3048 5325 δυνάμεθα
3093 5254 3420 5325 κτήσασθαι,
3473 5251 3600 5306 οὔτε
3641 5267 3780 5304 msu-

555 5373 608 5412 ιη
641 5357 915 5412 exsilium.
941 5357 1085 5412 Sane
1108 5357 1197 5412 cui
1224 5365 1308 5411 est
1337 5356 1489 5411 cordi
1519 5351 1870 5424 perfectionis
1903 5365 2101 5420 scopus

2235 5347 2470 5416 ματικῆς
2489 5346 2746 5416 γνώσεως
2775 5348 2958 5416 εὑρεῖν
2990 5345 3314 5414 κατάληψιν,
3353 5343 3479 5397 οὔτε
3508 5344 3781 5415 βουλεύμα-

559 5446 642 5500 cui
677 5463 1007 5518 magnOpere
1035 5448 1213 5518 placet
1254 5463 1394 5518 agon
1443 5443 1788 5516 spiritualis;
1846 5441 1916 5496 ab
1969 5455 2097 5494 omn

2231 5456 2318 5503 τος
2360 5440 2567 5508 ἀγαθοῦ
2619 5439 2880 5510 κατέχειν
2937 5438 3271 5507 τελειότητα,
3317 5435 3440 5488 οὔτε
3500 5435 3596 5503 τῆς
3637 5433 3777 5488 ὅντως

637 5577 732 5650 "il
763 5578 888 5650 Cor.
929 5596 1001 5650 iv,
1036 5580 1086 5634 9.
1169 5579 1214 5612 ’°
1249 5583 1378 5634 ihi-l.
1409 5583 1492 5636 10.
1573 5583 1616 5613 ⁹¹
1652 5583 1841 5637 .‘llnh.
1878 5599 1964 5648 ιν,
1997 5582 2084 5634 H.
2160 5583 2179 5614 ’

2240 5581 2282 5634 ll
2313 5547 2552 5634 Tiiiioth.
2581 5577 2721 5650 "1,2
2757 5578 2805 5630 ι.
2881 5577 2928 5610 ⁸³
2957 5575 3131 5630 Marc.
3166 5591 3278 5640 xw,
3313 5573 3346 5628 5
3377 5588 3394 5640 ;
3426 5570 3581 5627 Joan.
3615 5566 3764 5634 xn,5,

561 5651 616 5718 β.
690 5649 737 5681 ⁸⁸
763 5647 893 5702 ibid.
927 5649 978 5704 7.
1053 5651 1098 5682 ”
1123 5653 1222 5706 lsa.
1261 5667 1408 5719 nix,
1442 5657 1492 5706 il.
