4054 6312
310 283 448 350 1505

1303 289 1635 350 HOMILIA
1673 291 1884 353 XXIV.
1919 316 1988 329 ·-
2018 293 2116 352 DE
2158 293 2609 357 lRACUNDIA.
3249 341 3293 383 ι

3428 297 3566 365 ιιοδ

307 399 453 468 ζωῆς
474 397 730 465 γενέσθαι
760 399 996 472 μέτοχοι.
1025 399 1160 454 Οὔτε
1196 401 1292 471 τῆς
1324 401 1557 469 θεωρίας
1591 402 1685 456 τοῦ
1735 402 1880 456 θείου

1990 404 2308 460 turbulento
2343 405 2560 460 defectu
2592 405 2688 461 ira).
2713 421 2771 460 se
2813 393 3010 462 reddat
3039 382 3564 479 ιοϐᾰεῇττεηι.

305 493 484 558 φωτὸς
535 490 782 554 δεκτικὸς
842 493 870 544 ὁ
925 493 1198 562 ἡμέτερος
1247 491 1370 556 νοῦς
1399 493 1688 562 γενήσεται
1721 491 1888 546 ὀὔτε

307 582 498 646 σοφίας
525 584 762 652 μέτοχοι,
794 584 910 638 ἀλλ’
933 586 1053 637 οὐδὲ
1091 585 1189 647 τὰς
1221 585 1588 655 σωτηριὼδεις
1635 587 1736 654 τῆς
1777 585 1890 638 δια·

307 677 541 744 κρίσεως
575 676 772 744 βουλὰς
799 677 1103 746 κτήσασθαι
1158 677 1455 748 δυνάμεθα,
1495 676 1619 730 οὔτε
1659 679 1758 741 τὰς
1791 682 1890 750 τῆς

305 764 655 835 δικαιοσύνης
702 767 1062 838 κυϐερνήσεις
1115 770 1360 840 νηφαλέᾳ
1419 769 1614 842 καρδίᾳ
1671 769 1889 840 ἐπέχειν

309 858 622 927 ίσχύσομεν.
666 860 740 911 Ού
769 861 872 930 χρὴ
914 857 1006 914 οὖν
1061 861 1120 924 ἐξ
1165 863 1486 932 οἱασδήποτε
1535 862 1714 924 αἰτίας
1770 861 1886 930 μετ’

306 948 478 1020 ὀργῆς
503 951 770 1004 κινεῖσθαι
803 952 944 1005 κατὰ
977 953 1069 1004 τοῦ
1095 955 1414 1022 ὁμοπίστου,
1473 953 1589 1006 ἀλλ’
1645 953 1677 1022 ἢ
1728 953 1887 1022 μόνον

306 1042 450 1093 κατὰ
469 1041 575 1094 τῶν
605 1042 750 1094 ἰδίων
773 1043 978 1110 παθῶν,
1008 1045 1099 1096 καὶ
1133 1045 1244 1096 τῶν
1293 1045 1548 1114 πονηρῶν
1585 1042 1883 1113 λογισμῶν,

304 1135 500 1195 οἵτινες
573 1134 894 1193 σπεύδουσιν
945 1136 1226 1202 ἀπατῖλσαι
1282 1137 1427 1204 ἡμᾶς
1469 1135 1568 1204 τῆς
1629 1133 1886 1204 ἀληθινῆς

305 1226 450 1278 ὀδοῦ.
475 1226 575 1278 Διὰ
599 1225 758 1277 τοῦτο
789 1225 898 1297 γὰρ
931 1229 1024 1278 καὶ
1051 1229 1081 1278 ὁ
1127 1227 1540 1296 Παροιμιαστὴς
1582 1225 1886 1278 ἐντέλλεται

305 1317 482 1386 λέγων
508 1334 522 1348 -
557 1335 575 1366 ι
630 1317 964 1383 Ἀπόστησον
991 1319 1368 1387 παροργισμὸν
1394 1317 1502 1370 ἀπὸ
1557 1316 1671 1376 σοῦ,
1725 1317 1804 1368 ὅτι
1851 1317 1884 1386 ἡ

305 1409 493 1478 νεότης
522 1411 666 1478 καὶή
694 1410 848 1462 ἄνοια
883 1409 1238 1479 ματαιότης.ι
1279 1410 1405 1462 Καί·
1437 1427 1454 1460 ε
1485 1409 1767 1480 Μνήσθητι
1792 1408 1884 1461 τοῦ

305 1499 596 1560 κτίσαντὸς
630 1516 711 1559 σε,
743 1504 798 1550 ἐν
827 1501 1016 1570 ἡμέρᾳ
1049 1500 1300 1568 νεότητός
1325 1517 1440 1552 σου.
1477 1517 1494 1550 ι
1533 1500 1644 1550 Καὶ
1670 1499 1831 1552 πάλιν
1867 1515 1880 1529 ⁸

311 1609 330 1643 ι
378 1592 545 1662 Ὀργὴ
583 1593 876 1645 ἀπόλλυσιν
915 1592 1009 1645 καὶ
1035 1592 1355 1660 φρονίμους,
1383 1592 1540 1658 λόγος
1571 1592 1625 1643 δὲ
1652 1591 1884 1661 σκληρὸς

303 1684 507 1754 ἐγείρει
546 1685 733 1754 ὀργάς.
776 1703 794 1735 ι
835 1685 981 1736 Καί·
1029 1703 1047 1734 ‹
1089 1684 1258 1754 Ὀργὴ
1283 1683 1642 1750 πατρὸς,υίὸς
1671 1685 1880 1751 ἄφρωνο

1989 494 2280 550 Interdum.
2305 497 2454 550 enim
2479 497 2708 564 spiritus
2735 497 2826 552 hic
2863 499 2958 554 ira:
2988 500 3138 554 cordi
3183 501 3451 578 assidens,
3489 513 3570 558 te-

1988 587 2298 642 nebricosis
2335 588 2451 642 suis
2479 589 2824 658 intemperiis
2845 591 3066 644 oculum
3101 593 3302 646 mentis
3331 603 3567 648 exerceat

1989 677 2148 746 adeo,
2177 689 2235 732 ut
2254 679 2308 732 in
2335 681 2608 750 reliquum
2631 696 2752 750 quae
2769 682 2928 734 saluti
2947 683 3202 752 paranda:
3218 684 3567 740 eonimodent

1989 779 2045 825 et
2082 772 2390 836 conferant,
2441 790 2783 842 nequeamus
2835 775 3151 830 discernere
3183 794 3197 830 :
3229 793 3338 830 non
3401 778 3566 834 ullam

1989 863 2408 933 deprehendere
2455 867 2874 937 intelligentiam
2925 869 3170 922 scientia:
3217 869 3563 938 spiritualis:

1988 971 2100 1010 non
2137 958 2306 1015 ullius
2336 959 2589 1013 obtinere
2625 961 2882 1014 salutaris
2905 961 3120 1014 consilii
3149 962 3563 1030 perfectionem:

1988 1057 2238 1102 extorres
2267 1065 2494 1118 prorsus
2521 1050 2788 1105 elﬁcimur
2821 1053 2943 1108 vitae
2966 1052 3226 1106 felicioris
3261 1069 3276 1117 ;
3307 1069 3416 1106 non
3453 1055 3565 1124 jam

1988 1154 2157 1206 capax
2196 1150 2290 1193 aut
2326 1140 2519 1194 idonea
2551 1141 2719 1194 fuerit
2743 1142 3119 1198 incnsdiviua:
3143 1143 3282 1197 lueis
3317 1153 3566 1198 contem-

1988 1227 2271 1296 plationis,
2310 1243 2420 1282 non
2459 1230 2696 1298 denique
2722 1231 3003 1298 sapientia:
3033 1231 3316 1284 reddimur
3346 1232 3568 1300 partici-

1987 1331 2104 1385 pes,
2135 1318 2229 1372 sed
2264 1334 2364 1372 nec
2399 1335 2566 1372 unum
2604 1319 2956 1375 admittimus
3001 1321 3238 1375 salutare
3274 1323 3563 1377 consilium

1987 1407 2254 1460 adversus
2283 1409 2599 1478 perplexam
2645 1408 2814 1462 animi
2864 1410 3286 1476 lizrsitationcm,
3325 1427 3433 1465 non
3471 1413 3564 1482 ju-

1987 1498 2134 1553 stitia
2171 1501 2539 1556 moderatrice
2565 1501 2673 1571 jam
2705 1503 2982 1570 possimus
3007 1503 3062 1556 in
3102 1503 3402 1557 sobrietate
3436 1518 3562 1573 pre-

1986 1607 2137 1646 mere
2174 1593 2360 1648 cordis
2401 1595 2804 1663 intemperiem.
2859 1595 3018 1648 Nulla
3073 1594 3241 1664 igitur
3285 1611 3350 1648 ex
3399 1610 3564 1650 causa

1984 1699 2082 1752 par
2112 1693 2196 1736 est
2223 1685 2428 1738 conciri
2461 1701 2563 1739 nos
2589 1701 2686 1754 per
2713 1686 2846 1740 iram
2883 1686 3151 1740 adversus
3183 1686 3306 1740 ﬁdei
3340 1701 3564 1756 compa-

302 1774 476 1845 θυμὸν
507 1773 564 1828 δὲ
597 1776 788 1844 ἀνδρὸς
830 1773 1064 1846 πραΰνει
1099 1774 1353 1845 θεράπων
1393 1779 1674 1844 φρόνιμος.
1715 1793 1733 1826 ι
1774 1773 1880 1828 Καὶ

1986 1775 2060 1828 ris
2080 1774 2279 1839 virum,
2309 1787 2673 1845 praeterquam
2705 1777 2970 1832 adversus
3001 1777 3254 1846 proprias
3314 1778 3562 1832 achctio-

301 1867 464 1920 πάλιν
495 1883 510 1898 ο
557 1885 576 1917 ε
613 1868 794 1937 Βαρὺς
832 1867 1000 1930 λίθος,
1045 1867 1140 1918 καὶ
1194 1867 1604 1929 δυσδάστακτος
1648 1865 1830 1935 ἄμμος
1863 1880 1878 1895 ο

299 1959 441 2030 ὀργὴ
477 1957 534 2011 δὲ
565 1958 799 2028 ἄφρονος
849 1958 1122 2028 βαρυτέρα
1153 1959 1502 2028 ἀμφοτέρων.
1534 1977 1554 2010 ι
1611 1957 1722 2012 Καὶ
1776 1957 1881 2010 πά-

299 2049 386 2102 λιν
416 2067 430 2081 ·
467 2069 486 2101 ‹
529 2049 620 2120 Μὴ
650 2052 950 2120 ἀποκρίνου
979 2051 1176 2120 ἄφρονι
1225 2051 1365 2102 κατὰ
1412 2050 1510 2116 τὴν
1569 2047 1881 2120 ἀφροσύνην

297 2138 492 2204 αὑτοῦ,
526 2141 614 2192 ἵνα
649 2139 724 2209 μὴ
769 2139 954 2208 ὅμοιος
987 2142 1121 2212 γένῃ
1152 2141 1316 2192 αὐτοῦ
1353 2155 1367 2169 ο
1412 2159 1431 2192 ›
1466 2139 1622 2204 ἀλλὰ,
1664 2159 1683 2189 ι
1722 2141 1883 2192 Ἀπο-

299 2235 490 2304 κρίνου
537 2232 734 2304 ἄφρονι
787 2233 930 2286 κατὰ
981 2233 1082 2303 τὴν
1127 2233 1442 2302 ἀφροσύνην
1473 2235 1656 2298 αὐτοῦ,
1684 2233 1768 2285 ἵνα
1803 2234 1878 2305 μὴ

297 2323 429 2394 δόξῃ
453 2325 581 2394 παρ’
613 2321 791 2391 ἐαυτῷ
818 2322 1082 2391 φρόνιμος
1110 2318 1268 2374 εἶναι.
1298 2340 1316 2373 ι
1357 2323 1462 2374 Καὶ
1488 2321 1653 2374 πάλιν
1684 2339 1698 2352 ο
1731 2342 1750 2373 ‹
1779 2323 1879 2374 Ἀ-

300 2431 454 2485 φρων
484 2415 794 2484 αὐθημερον
822 2413 1138 2482 ἐξαγγέλλει
1160 2413 1330 2483 ὀργήν
1355 2429 1369 2444 ·
1405 2415 1432 2465 ὁ
1460 2413 1516 2466 δὲ
1553 2413 1877 2484 πανοῦργος,

299 2505 643 2574 ταμιεύεται.
685 2524 702 2556 ι
746 2505 855 2558 Καί
888 2519 902 2532 '
938 2523 956 2555 ε
995 2503 1229 2572 Φοὸερὸς
1272 2504 1430 2568 λόγος
1451 2505 1717 2569 ταράσσει
1741 2521 1878 2576 καρ-

299 2592 420 2646 δίαν
457 2595 667 2662 ἁνδρός.
699 2613 718 2644 ι
751 2593 860 2646 Καί
886 2609 903 2624 ⁶
949 2611 966 2644 ι
1010 2593 1222 2664 Ὥσπερ
1251 2594 1312 2644 τὸ
1339 2592 1480 2663 ὕδωρ
1513 2595 1745 2646 κινεῖται
1777 2595 1880 2647 ὑπὸ

303 2685 423 2756 βίας
454 2686 690 2754 ἀνέμων,
723 2684 896 2747 οὕτως
920 2683 1174 2754 θυμώδης
1207 2688 1539 2754 ταράσσεται
1569 2685 1675 2738 ὑπὸ
1731 2685 1879 2755 λογι⁹

301 2776 455 2844 σμῶν
481 2776 767 2844 ὀργίλων.»
796 2777 1046 2846 Μοναχὸς
1073 2776 1311 2845 ὀργίλος,
1344 2776 1574 2847 σύαγρος
1593 2778 1876 2848 ἑρημικὸς.

303 2869 442 2922 Ἴδεν
465 2871 637 2932 τινας,
664 2869 760 2922 καὶ
791 2869 918 2931 τοὺς
945 2868 1165 2930 ὀδόντας
1203 2869 1554 2937 παρέτρισεν»
1597 2869 1655 2923 Ὀ
1683 2870 1738 2922 δὲ
1779 2872 1881 2924 Ἰά-

299 2959 479 3021 κωϐος
506 2960 745 3012 διδάσκει
769 2962 935 3030 ἡμᾶς,
975 2959 1148 3027 λέγων
1175 2976 1188 2990 ·
1214 2979 1230 3009 ι
1247 2961 1426 3012 Ἔστω
1451 2962 1555 3022 πᾶς
1591 2961 1686 3014 ἄνο
1698 2978 1880 3032 ρωπος

298 3049 472 3122 ταχὺς
497 3053 576 3114 είς
597 3053 656 3104 τὸ
679 3051 932 3116 ἀκοῦσαι,
981 3042 1078 3104 καὶ
1109 3051 1308 3121 βραδὺς
1355 3055 1435 3114 εἰς
1486 3052 1547 3104 τὸ
1597 3053 1829 3121 λαλῆσαι
1859 3071 1873 3084 ·

300 3115 503 3212 βρᾶδοξ
547 3139 602 3192 δὲ
627 3142 704 3202 εἰς
729 3140 918 3211 ὀργήν.
964 3115 1262 3210 ὐργη-γὰρ
1293 3139 1502 3210 ἀνδρὸς,
1533 3115 1880 3212 δικαιοσύνην
1907 3115 1950 3174 C

299 3233 435 3286 Θεοῦ
458 3235 517 3284 οὐ
541 3231 968 3300 κατεργάζεται.
1005 3251 1020 3280 ι
1042 3231 1152 3283 Καὶ
1181 3227 1336 3292 αὖθις
1357 3247 1370 3260 ·
1396 3249 1414 3281 α
1439 3232 1612 3284 Πόθεν
1629 3233 1875 3300 πόλεμοι,

298 3325 396 3377 καὶ
416 3325 581 3376 πόθεν
611 3323 780 3394 μάχαι
807 3325 866 3374 ἐν
896 3323 1024 3392 ὑμῖν
1049 3339 1064 3388 ;
1095 3323 1196 3376 οὐκ
1227 3323 1497 3385 ἐντεῦθεν,
1529 3326 1593 3376 ἐκ
1622 3323 1729 3376 τῶν
1760 3324 1878 3394 ἡδο·

299 3419 410 3470 νῶν
435 3407 657 3488 Ἕμῶν;
696 3438 716 3470 ›
760 3419 869 3470 Καὶ
935 3419 962 3470 ὁ
1024 3417 1239 3478 Παῦλος
1271 3432 1284 3446 ⁶
1331 3435 1349 3468 ε
1387 3416 1480 3487 Μὴ
1516 3417 1740 3478 ἑαυτοὺς
1787 3419 1879 3470 ὲκ-

296 3509 598 3575 δικοῦντες,
636 3511 931 3580 ἀγαπητοὶ,
983 3509 1120 3562 ἀλλὰ
1177 3508 1296 3561 δότε
1339 3509 1506 3560 τόπον
1544 3511 1609 3578 τῇ
1661 3507 1818 3578 ὀργῇ.
1849 3527 1868 3559 ι

299 3601 413 3654 Καὶ
435 3601 595 3654 πάλιν
619 3617 634 3632 ο
667 3619 686 3651 ι
726 3602 784 3654 '0
823 3601 976 3669 ἥλιος
1007 3601 1080 3670 μὴ
1113 3600 1378 3652 ἐπιδυέτω
1411 3600 1504 3650 ἐπὶ
1560 3598 1636 3668 τῷ
1666 3615 1876 3670 παρορ-

297 3692 482 3762 γισμῷ
509 3693 662 3762 ὑμῶν
691 3707 704 3720 '
737 3693 887 3762 Μηδὲ
915 3691 1086 3744 δίδοτε
1110 3692 1273 3744 τόπον
1303 3691 1380 3760 τῷ
1409 3690 1658 3759 διαϐόλῳ.
1704 3711 1722 3743 ι
1767 3691 1876 3744 Καὶ

299 3784 464 3837 πάλιν
495 3800 509 3815 ⁶
545 3801 565 3834 ς
603 3785 762 3837 Πᾶσα
790 3785 1005 3854 πικρία,
1037 3784 1208 3854 θυμὸς
1229 3785 1323 3836 καὶ
1347 3785 1560 3854 κραυγὴ
1592 3784 1682 3836 καὶ
1713 3781 1876 3854 βλασ-

298 3875 500 3944 φημία,
519 3875 740 3946 ἀρθήτω
768 3876 860 3942 ἀφ’
885 3877 1038 3944 ὑμῶν
1068 3878 1163 3928 σὺν
1192 3877 1334 3946 πάσῃ
1364 3875 1548 3945 κακίᾳ.
1586 3893 1606 3925 ›
1643 3872 1874 3944 Ὁμοίως

296 3973 394 4024 καὶ
420 3975 446 4024 ὁ
479 3969 645 4024 Δαϐίδ
675 3987 687 4000 ·
729 3989 748 4021 ι
782 3971 997 4024 Παῦσαι
1035 3971 1142 4024 ἀπὸ
1179 3971 1369 4042 ὀργῆς.
1417 3971 1508 4022 καὶ
1541 3969 1873 4036 ἐγκατάλιπε

297 4064 492 4131 θυμόν.
534 4084 552 4116 ι
593 4047 732 4140 Κῐαίο
771 4084 790 4116 ‹
833 4065 1168 4138 Ὀργίζεσοε,
1205 4065 1301 4116 καὶ
1337 4065 1410 4133 μὴ
1441 4064 1805 4134 ἁμαρτάνετε.
1848 4083 1868 4116 ι

311 4153 369 4208 Ὀ
397 4154 453 4206 δὲ
483 4155 870 4224 κηδεμὼν,τῶν
901 4156 1086 4226 ψυχῶν
1108 4155 1264 4226 ἡμῶν
1301 4157 1502 4226 Κύριος
1533 4156 1871 4224 ἀπεφήνατο,

294 4247 508 4314 λέγων·
545 4265 564 4296 ι
615 4249 674 4300 ’0
717 4247 1070 4318 ὀργιζόμενος
1121 4247 1198 4309 τῷ
1249 4248 1460 4319 ἁδελᾳῷ
1514 4247 1678 4299 αὑτοῦ
1729 4248 1870 4318 είκῆ,

295 4337 478 4406 ἔνοχος
507 4337 657 4390 ἔσται
695 4342 760 4408 τῇ
797 4339 976 4409 κρίσει
1009 4355 1023 4370 °
1062 4339 1119 4402 ὃς
1141 4339 1186 4392 δ’
1223 4340 1290 4392 ἂν
1327 4339 1479 4410 εἴπῃ,
1535 4337 1715 4407 Μωρὲ,
1761 4336 1876 4388 ἑνο-

1982 1882 2102 1931 nes,
2128 1875 2322 1922 contra
2359 1868 2722 1938 cogitationes
2762 1868 3062 1938 improbas,
3109 1883 3231 1937 quae
3258 1883 3326 1924 eo
3369 1869 3564 1923 dever-

1983 1966 2116 2027 gunt
2143 1971 2320 2032 prono
2351 1973 2540 2012 cursu.
2573 1965 2634 2012 ut
2690 1973 2792 2012 nos
2841 1973 2872 2012 a
2931 1957 3265 2012 rectitudine
3329 1964 3563 2012 avocent

1982 2066 2127 2106 verae
2157 2049 2278 2106 viae.
2301 2049 2383 2104 0b
2413 2051 2520 2106 hoc
2544 2049 2704 2120 jubet
2733 2047 3126 2104 Ecclesiastes:
3179 2067 3197 2098 ‹
3229 2051 3428 2104 Averte
3477 2050 3564 2104 in-

1981 2142 2353 2212 dignationem
2399 2158 2429 2195 a
2485 2151 2560 2204 te,
2618 2139 2750 2211 quia
2803 2141 3066 2210 juventus
3119 2147 3176 2192 et
3229 2138 3557 2209 ignorantia,

1985 2233 2192 2288 vanitas
2219 2234 2286 2286 ".
2328 2251 2347 2284 ›
2384 2233 2451 2287 Ει
2479 2249 2493 2285 :
2536 2251 2554 2284 ι
2585 2232 2792 2286 Memor
2817 2241 2938 2286 esto
2963 2229 3242 2286 Creatoris
3265 2230 3364 2294 tui,
3392 2230 3560 2286 indie

1973 2324 2283 2394 juventutis
2310 2332 2417 2378 tua:
2447 2323 2590 2376 υσεδ.
2631 2342 2650 2374 ›
2680 2323 2892 2376 Rursus
2923 2339 2938 2374 :
3001 2341 3018 2371 ι
3047 2321 3130 2375 Ira
3171 2320 3352 2390 perdit
3392 2325 3558 2376 etiam

1979 2414 2300 2483 prudentes,
2327 2427 2512 2468 sermo
2535 2412 2709 2467 durus
2735 2411 2966 2467 suscitat
2991 2411 3102 2466 iras
3124 2413 3190 2464 ”.
3230 2429 3248 2460 ι
3283 2411 3351 2466 Ει
3377 2429 3390 2464 :
3433 2430 3450 2460 ‹
3475 2411 3560 2465 Ira

1979 2506 2153 2575 patris
2216 2505 2362 2560 [ilius
2418 2506 2774 2576 imprudens,
2827 2505 3168 2558 iracundiam
3217 2513 3401 2558 autem
3453 2504 3558 2558 viri

1979 2597 2454 2668 mitigatfamulus
2513 2597 2732 2666 sapiens
2772 2599 2812 2649 ¹.
2848 2617 2866 2647 ι
2932 2597 3214 2650 Rursum:
3283 2613 3302 2646 ε
3365 2593 3559 2650 Gravis

1977 2687 2199 2757 quidem
2228 2688 2386 2756 lapis,
2414 2685 2596 2757 gravis
2653 2687 2782 2740 item
2828 2693 3046 2755 portatu
3097 2701 3284 2750 arena,
3337 2685 3431 2740 sed
3477 2685 3560 2738 ira

1979 2777 2135 2832 stulti
2171 2788 2406 2849 utroque
2438 2778 2659 2848 gravior
2689 2780 2730 2832 ².
2771 2796 2790 2827 ›
2825 2777 2960 2830 Item
2997 2795 3010 2830 :
3047 2797 3064 2827 ι
3111 2776 3190 2831 Ne
3223 2777 3560 2845 respondeas

1979 2871 2325 2939 Stultojuxta
2362 2869 2655 2923 stultitiam
2695 2869 2838 2938 ejus,
2866 2883 2935 2921 ne
2979 2867 3082 2920 sibi
3139 2866 3394 2921 videatur
3436 2880 3558 2922 esse

1979 2963 2221 3032 prudens
2254 2966 2325 3016 ³.»
2376 2962 2578 3014 lterum
2611 2978 2624 3014 :
2666 2979 2684 3010 ι
2721 2960 2935 3014 Stultus
2964 2961 3147 3012 statim
3183 2959 3368 3028 prodit
3395 2959 3556 3020 iram,

1981 3054 2074 3123 qui
2103 3062 2286 3108 autem
2339 3063 2554 3108 astutus
2613 3060 2718 3116 est,
2774 3061 3068 3105 conservat
3126 3066 3247 3106 eam
3303 3051 3341 3103 δ.
3377 3069 3396 3100 ›
3447 3051 3554 3106 Et:

1987 3163 2006 3196 (
2037 3145 2308 3199 Terribile
2353 3145 2582 3198 verbum
2618 3145 2914 3198 conturbat
2965 3158 3062 3198 cor
3119 3142 3228 3196 viri
3283 3142 3326 3194 ⁸.
3365 3162 3383 3194 ι
3437 3143 3553 3197 Et:

1985 3234 2194 3290 (Sicut
2225 3251 2364 3305 aqua
2388 3245 2640 3290 movetur
2663 3235 2718 3289 vi
2743 3243 3056 3300 ventorum,
3087 3233 3160 3288 ita
3209 3233 3296 3288 vir
3337 3233 3556 3288 iracun-

1979 3326 2084 3380 dus
2113 3327 2366 3380 turbatur
2398 3326 2826 3396 cogitationibus
2875 3326 2970 3380 iraa
3002 3322 3202 3394 plenis
3227 3323 3267 3377 °.
3307 3342 3326 3376 ι
3373 3324 3559 3380 Mona-

1979 3417 2118 3470 chus
2171 3416 2470 3470 iracundus
2523 3433 2656 3486 aper
2715 3427 2801 3472 est
2846 3417 3215 3472 eremiticus:
3266 3416 3559 3485 quosdam,

1978 3524 2104 3563 mox
2143 3520 2204 3564 ut
2234 3509 2456 3574 viderit,
2487 3508 2829 3573 infrendens,
2853 3509 3113 3564 dentibus
3157 3511 3392 3564 exsertis
3433 3511 3558 3566 vui.

1978 3615 2086 3653 nus
2113 3600 2302 3670 adigit.
2328 3599 2569 3654 Jacobus
2594 3601 2726 3653 item
2752 3601 2984 3668 pulchre
3015 3617 3116 3656 nos
3168 3603 3330 3657 docet
3357 3621 3370 3656 :
3425 3621 3442 3653 ι
3475 3602 3560 3658 Sit

1977 3690 2160 3745 omnis
2183 3691 2346 3744 homo
2372 3691 2532 3745 velox
2553 3690 2618 3744 ad
2647 3691 3006 3756 audiendum,
3038 3692 3230 3747 tardus
3243 3695 3308 3747 ad
3329 3695 3558 3764 loquen-

1977 3781 2144 3845 dum,
2177 3791 2233 3836 ct
2269 3782 2456 3836 tardus
2482 3781 2549 3835 ad
2587 3781 2720 3834 iram
2750 3798 2765 3847 ;
2811 3781 2894 3834 ira
2937 3784 3084 3837 enim
3131 3783 3236 3836 viri
3285 3787 3560 3854 justitiam

1976 3874 2071 3928 Dei
2118 3889 2229 3928 non
2259 3883 2522 3944 Operatur
2567 3875 2610 3927 ⁷.
2645 3894 2664 3926 ›
2709 3875 2844 3928 Item
2880 3893 2892 3928 :
2939 3893 2957 3925 ι
2997 3875 3152 3930 Unde
3197 3875 3360 3935 bella.
3411 3878 3570 3934 unde'

1977 3978 2173 4033 pugnas
2203 3963 2347 4017 inter
2374 3963 2510 4017 vos?
2539 3979 2723 4018 nonne
2766 3964 2914 4029 hinc,
2950 3979 3018 4017 ex
3052 3964 3426 4034 voluptatibus
3458 3982 3570 4022 ve-

1977 4054 2108 4108 stris
2129 4054 2191 4106 3?
2225 4074 2244 4106 ι
2277 4054 2478 4107 Paulus
2509 4055 2638 4108 item
2665 4072 2708 4108 ;‹
2741 4053 2858 4108 Non
2888 4071 2986 4108 vos
3009 4055 3157 4124 ipsos
3181 4057 3568 4124 vindicantes,

1976 4145 2307 4205 charissimi,
2357 4145 2454 4198 sed
2507 4145 2633 4199 date
2667 4147 2848 4200 locum
2901 4145 2996 4200 ira:
3022 4149 3062 4198 '.
3096 4167 3114 4198 ι
3183 4148 3253 4201 Ει
3315 4165 3508 4204 rursus
3538 4165 3569 4201 ε.

1981 4256 2000 4288 ι
2032 4239 2124 4293 Sol
2157 4254 2265 4292 non
2290 4238 2506 4292 occidat
2531 4253 2699 4307 super
2733 4232 3074 4293 iracundiam
3119 4249 3355 4296 vestram
3385 4257 3400 4306 ;
3447 4257 3552 4296 no-

1973 4331 2070 4385 lite
2101 4329 2231 4384 dare
2289 4329 2469 4402 locum
2523 4329 2744 4383 diabolo
2793 4331 2861 4383 ⁹⁶..
2895 4350 2914 4382 ι
2977 4331 3253 4385 ltursum:
3305 4351 3324 4383 ‹
3363 4331 3571 4388 Omnis.

295 4449 391 4499 χος
417 4431 567 4484 ἔσται
592 4434 666 4494 είς
691 4422 788 4500 τὴν
811 4433 1036 4499 γέενναν
1069 4431 1164 4485 τοῦ
1199 4431 1388 4502 πυρός.
1425 4449 1444 4482 ι
1491 4429 1651 4501 Αὐτῷ
1679 4432 1711 4502 ὴ
1748 4428 1874 4494 δόξαι

1981 4421 2311 4488 amaritudo,
2355 4430 2411 4476 et
2454 4421 2759 4480 iracundia.
2785 4431 2842 4477 et
2871 4424 3098 4489 clamor,
3125 4433 3182 4478 et
3215 4424 3559 4495 blasphemia

294 4519 376 4578 εἰς
399 4517 524 4590 τούς
553 4519 774 4582 αἰῶνας.
815 4519 1004 4589 Ἀμήν.

1982 4515 2206 4570 tollatur
2237 4529 2266 4568 a
2293 4513 2448 4568 volsis
2495 4530 2621 4569 cum
2671 4517 2818 4570 omni
2867 4515 3074 4570 malitia
3119 4518 3184 4574 ἰν.
3223 4536 3241 4568 ι
3299 4515 3556 4573 Concinit

295 4605 468 4659 David
497 4625 509 4660 :
541 4627 558 4656 ι
587 4608 782 4662 Desine
808 4609 877 4662 ab
897 4607 1016 4673 'ira,
1045 4616 1102 4663 et
1128 4607 1450 4678 derelinque
1513 4606 1757 4662 furorem
1819 4607 1882 4661 ιι.
1917 4627 1937 4660 ι
1979 4606 2047 4662 Et
2083 4622 2096 4660 :
2138 4623 2156 4656 ι
2193 4605 2500 4660 lrascimini
2526 4615 2582 4660 et
2609 4607 2778 4662 nolite
2803 4622 3030 4677 peccare
3054 4609 3113 4659 ’⁸.
3147 4629 3165 4660 ι
3213 4607 3318 4664 Sed
3355 4617 3412 4664 et
3442 4609 3560 4663 Do-

294 4699 500 4764 minus,
568 4711 880 4756 nostrarum
946 4701 1210 4772 providus
1271 4711 1496 4756 curator
1541 4701 1870 4766 animarum,
1910 4697 2238 4753 sontentiam
2306 4697 2450 4752 hanc
2517 4699 2682 4754 tulit:
2723 4719 2739 4750 ο
2767 4699 2958 4754 Omnis
2985 4699 3080 4769 qui
3110 4701 3364 4755 irascitur
3393 4699 3561 4754 fratri

293 4805 397 4844 suo
423 4789 542 4844 sine
568 4805 752 4859 causa,
781 4807 906 4847 reus
929 4793 1037 4846 erit
1075 4790 1290 4863 judicio
1319 4808 1336 4859 ;
1369 4792 1466 4862 qui
1497 4801 1683 4847 autem
1737 4790 1962 4858 dixerit,
2000 4789 2172 4856 fatue,
2215 4804 2345 4844 reus
2371 4791 2478 4844 erit
2513 4791 2780 4862 gehennae
2820 4791 2963 4862 ignis
2991 4791 3054 4847 ¹³.
3090 4810 3108 4844 ι
3132 4791 3240 4863 Ipsi
3295 4791 3466 4863 gloria
3491 4791 3566 4848 in

292 4881 516 4938 saecula.
547 4881 743 4938 Amen.

885 4997 1106 5051 ΔΟΓΟΣ
1153 4997 1285 5053 ΚΔυ.

2388 4993 2598 5065 1065
2633 4993 2918 5051 HOMILIA
2952 4995 3142 5052 XXIV.

854 5106 998 5175 Περι
1051 5107 1269 5176 θυμοῦ.

365 5218 477 5272 Καὶ
499 5217 626 5291 περὶ
647 5217 944 5289 τοῦ-θυμοῦ
977 5219 1140 5288 ἡνίκα
1171 5219 1390 5292 εἰσέλθῃ
1429 5237 1510 5273 σοι
1545 5220 1872 5290 πειρασμὸς,

292 5307 330 5382 ἢ
363 5309 663 5378 ἀντιλογία,
699 5309 732 5380 ἢ
766 5310 1061 5380 ὲρεθισμὸς
1090 5311 1228 5380 πρός
1268 5327 1392 5364 τινα
1431 5309 1652 5380 κινῆσαι
1681 5311 1872 5380 θυμὸν,

298 5399 568 5473 μνήσθητι
605 5400 706 5470 τῆς
737 5399 1068 5492 προσευχῆς,
1107 5399 1318 5454 καὶτοῦ
1350 5400 1556 5472 ταύτης
1584 5402 1872 5473 κρίματος,

363 5563 413 5594 u
434 5559 600 5614 Ριιον,
623 5557 798 5624 ".27.
913 5554 1032 5589 ’⁷ου
1059 5546 1418 5612 Εοίςιο.κιι.”1.

295 5629 319 5661 ⁸
353 5629 511 5684 Prov.
547 5643 669 5688 xm,
723 5627 808 5681 16.
883 5626 906 5658 ⁸
940 5625 1100 5680 Prov.
1145 5639 1242 5680 xu.
1277 5625 1370 5682 23.

295 5699 335 5732 θ’
359 5698 562 5770 Ephes.
593 5695 769 5764 iv,26,
798 5695 889 5750 27.
955 5695 998 5726 ¹⁰
1028 5693 1168 5749 lbid.
1197 5694 1288 5750 5|.
1366 5696 1408 5730 ³¹
1438 5696 1582 5751 Psal.
1607 5711 1790 5764 xxxvi,
1827 5697 1881 5752 8.

1525 5556 1570 5588 "
1595 5557 1758 5611 Prov.
1789 5573 1880 5620 xv,
1917 5558 1968 5612 Ι.

1442 5625 1464 5660 ⁸
1492 5625 1659 5680 Eccli.
1685 5642 1817 5691 χχιι,
1844 5627 1934 5684 25.
2007 5627 2030 5658 ⁷
2056 5627 2172 5682 Jac.
2204 5643 2242 5690 ι,
2272 5626 2346 5681 19

1442 5696 1582 5751 Psal.
1607 5711 1790 5763 xxxvi,
1827 5697 1881 5752 8.
1958 5697 2002 5728 "
2022 5697 2164 5755 Psal.
2189 5713 2256 5763 tv,
2293 5697 2346 5750 5.

2043 5104 2119 5160 De
2151 5107 2458 5170 iracundia,
2495 5108 2602 5162 sive
2636 5106 3000 5179 indignatione
3031 5118 3080 5163 et
3127 5109 3504 5163 animositate.-

2039 5219 2158 5274 Jam
2189 5219 2258 5275 de
2290 5219 2505 5275 acriore
2527 5221 2620 5274 illo
2651 5221 2856 5290 impetu
2885 5221 3051 5276 animi
3081 5221 3556 5290 incandescentis,

1971 5310 2018 5366 si
2061 5311 2286 5382 quando
2335 5321 2388 5366 te
2444 5311 2731 5366 adorietur
2781 5313 3012 5368 tentatio
3061 5313 3362 5383 quaepiam,
3419 5322 3559 5384 puta

1971 5401 2341 5458 contradictio
2366 5411 2463 5458 aut
2504 5402 2762 5468 irritatio,
2801 5419 2923 5473 qua:
2953 5404 3050 5460 tibi
3087 5403 3350 5460 adversus
3381 5419 3566 5458 unum:

2082 5559 2098 5589 ¹
2125 5558 2284 5612 Prov.
2330 5573 2496 5621 xxv",
2537 5555 2590 5617 ι,
2625 5555 2678 5610 5.
2721 5559 2741 5588 ’
2765 5555 2905 5611 Ibid.
2936 5557 2991 5613 5.

2007 5627 2030 5658 ⁷
2056 5627 2172 5682 Jac.
2204 5643 2242 5690 ι,
2272 5626 2357 5693 19,
2387 5627 2478 5682 9.0.
2589 5627 2610 5657 "
2639 5627 2753 5682 Jac.
2782 5643 2856 5692 iv,
2893 5628 2939 5681 I.

2022 5697 2164 5755 Psal.
2189 5713 2256 5763 iv,
2293 5697 2346 5750 5.
2426 5697 2468 5730 "
2484 5697 2677 5752 Matth.
2710 5714 2762 5764 γ,
2794 5696 2884 5752 2‘2.

3095 5559 3117 5590 ³
3131 5558 3294 5614 Prov.
3327 5576 3354 5614 ι
3369 5573 3475 5618 xvi.
3490 5557 3540 5610 4.

3037 5629 3243 5685 'R-::m.
3301 5645 3396 5696 xu,
3456 5629 3549 5684 ω.
