4030 6296
586 263 611 328 1
625 266 724 328 507

1851 255 2221 318 ANTIOCHI
2260 253 2610 317 MONACHI

3757 255 3894 320 1508

582 383 842 471 alit]th
872 376 1058 433 concit
1091 377 1307 430 animos
1350 393 1363 429 :
1404 374 1489 428 fac
1537 372 1860 429 memineris
1905 371 2174 428 orationis

2280 372 2373 426 καὶ
2405 371 2608 435 εὐθέως
2651 371 2685 442 ὴ
2738 371 2974 433 ἄτακτος
3007 372 3064 423 ἐν
3104 369 3186 424 σοὶ
3211 369 3438 442 κίνησις
3473 363 3790 444 ἡρεμῆσει.
3833 373 3887 424 Ὃ

584 464 888 530 ῡοηιιὶιιέςιε
919 479 1087 540 atque
1115 469 1290 538 ipsius
1311 467 1533 538 judicii,
1561 475 1617 522 et
1641 464 1935 520 confestim
1965 464 2175 520 inordi-

585 569 751 620 natus
779 561 1198 618 eﬂ‘ervescentis
1227 559 1399 613 animi
1445 567 1629 612 motus
1663 557 1931 612 residebit
1953 565 2010 612 et
2038 571 2175 612 con-

585 654 854 726 quiescet.
894 653 1086 708 lsthmc
1123 651 1272 705 enim
1310 649 1633 721 przefervida
1663 649 2024 719 intemperies
2053 647 2176 703 ani-

587 744 686 895 οἴ,
713 757 911 820 ρτωιει·
944 755 1176 800 caeteras
1211 745 1438 799 vitiosas
1467 743 1808 809 affectiones,
1844 744 1968 814 plus
1993 741 2179 797 concit

588 847 610 890 t
657 836 900 889 rbarum.
958 833 1071 887 Nec
1133 832 1238 888 hoc
1285 832 1486 895 solum,
1538 833 1634 888 sed
1687 833 1931 886 animam
1978 831 2179 895 premit

588 831 900 895 tdrbarum.
958 833 1071 887 Nec
1133 832 1238 888 hoc
1285 832 1486 896 solum,
1538 833 1634 888 sed
1687 833 1931 886 animam
1977 831 2180 903 premit

588 929 791 984 misere
837 933 894 980 et
926 926 1152 980 alllictat
1197 925 1570 980 continenter.
1623 925 1744 979 Duo
1774 924 1867 980 isti
1919 923 2175 986 allectus,

587 1033 788 1089 nempe
820 1018 902 1071 ira
925 1025 981 1071 et
1006 1016 1340 1086 indignatio,
1366 1027 1597 1086 nepotes
1619 1017 1812 1087 utique
1834 1024 1964 1072 sunt
1984 1015 2182 1072 matris

591 1112 776 1174 unius,
805 1112 926 1181 ejus
951 1126 1071 1180 qme
1099 1109 1338 1164 stultitia
1370 1117 1604 1163 vocatur
1633 1109 1751 1164 sive
1782 1109 2178 1179 imprudentia.

589 1204 682 1260 Ait
715 1205 862 1259 enim
905 1221 916 1256 :
958 1222 976 1253 ι
1017 1202 1219 1256 Totum
1261 1200 1510 1254 animum
1565 1215 1727 1255 suum
1773 1201 1985 1270 profert
2039 1199 2181 1254 stul-

593 1305 684 1351 tus
714 1297 778 1350 “.
817 1315 836 1347 ι
883 1295 951 1350 Ει
986 1313 998 1349 :
1035 1314 1053 1347 ι
1106 1294 1320 1348 Stultus
1351 1293 1472 1363 ipso
1517 1293 1607 1348 die
1643 1293 1830 1364 prodit
1875 1295 2012 1349 iram
2050 1293 2115 1356 ’,'.
2157 1312 2176 1347 ι

590 1377 696 1456 Qui
741 1389 912 1458 igitur
955 1388 1024 1441 ab
1068 1387 1172 1440 hac
1216 1385 1394 1440 invisa
1438 1394 1495 1439 et
1541 1385 1729 1440 hostili
1770 1394 2019 1456 parente,
2059 1401 2184 1454 qua:

593 1483 732 1536 istos
784 1479 1084 1550 progenuit
1141 1477 1312 1542 fetus,
1344 1477 1619 1548 disparari
1669 1478 1790 1532 vult
1831 1493 1896 1532 ac
1941 1478 2178 1550 sejungi,

589 1572 836 1640 seipsum
887 1579 946 1624 ut
976 1571 1161 1622 vincat
1208 1582 1438 1623 necesse
1471 1577 1578 1632 est,
1617 1566 1673 1620 in
1705 1567 1876 1622 multa
1919 1567 2182 1638 patientia

590 1673 648 1718 et
677 1661 864 1716 cordis
895 1660 1148 1723 lenitate,
1179 1659 1416 1730 supplici
1451 1673 1616 1730 prece
1651 1657 1721 1712 ad
1746 1659 1942 1724 Deum,
1983 1659 2182 1729 suique

2279 462 2390 533 γὰρ
2413 461 2585 532 θυμὸς
2613 459 2800 514 πλεῖον
2821 459 2928 514 τῶν
2946 459 3123 514 ἄλλων
3147 459 3339 514 παθῶν
3359 463 3678 532 ταράττειν
3731 465 3882 519 8M:

2279 554 2376 609 καὶ
2402 556 2628 624 συγχεῖν
2659 552 2759 624 τὴν
2787 552 2989 624 ψυχήν.
3027 553 3086 607 '0
3118 552 3288 624 θυμὸς
3321 561 3423 608 καὶ
3447 559 3482 626 η
3511 556 3686 627 ὀργὴ,
3726 559 3778 610 οξ
3798 557 3884 612 δύο

2276 638 2425 700 οὗτοι
2450 647 2580 717 μιᾶς
2606 644 2813 716 μητρὸς
2830 644 3034 716 ἥττονα
3055 647 3384 716 τυγχάνουσι
3406 648 3511 715 τῆς
3535 649 3881 720 καλουμένης

2278 739 2620 810 ἀφροσύνης.
2683 739 2824 810 Φησὶ
2884 739 3028 810 γάρ·
3065 759 3084 791 ι
3135 738 3300 793 Ὄλον
3358 739 3454 794 τὸν
3494 741 3684 812 θυμὸν
3723 743 3880 796 αὑτοῦ

2279 832 2508 904 ἐκφέρει
2553 830 2768 900 ἄφρων.
2800 849 2819 881 ι
2855 830 2963 884 Καί
2990 846 3004 860 ·
3036 849 3058 882 ‹
3096 832 3322 903 Ἀφρων
3360 833 3696 904 αὐθήμερον
3729 835 3880 903 ἐξατ-

2278 919 2467 989 γέλλει
2503 920 2700 992 ὀργήν.
2739 937 2760 970 ι
2810 919 2868 974 Ὁ
2908 917 3002 974 οὖν
3031 919 3201 976 θέλων
3245 922 3600 994 χωρισθῆναι
3643 925 3766 980 ἀπὸ
3788 929 3880 996 τῆς

2279 1013 2583 1084 δυσμενοῦς
2609 1015 2882 1083 τεκούσης
2937 1014 3166 1078 αὐτοὺς,
3208 1017 3550 1086 κρατησάτω
3589 1018 3794 1072 ἑαυτὸν
3825 1021 3880 1071 ἐν

2283 1107 2536 1177 ὑπομονῇ
2588 1106 2784 1177 πολλῇ,
2837 1107 2934 1160 καὶ
2984 1107 3187 1178 πραείᾳ
3247 1108 3446 1180 καρδία
3487 1111 3589 1162 καὶ
3638 1113 3712 1182 τῇ
3749 1113 3881 1182 πῴς

2281 1203 2416 1257 Θεὸν
2470 1203 2672 1272 ἱκεσίᾳ,
2712 1203 2806 1256 καὶ
2851 1201 2940 1254 διὰ
2977 1201 3072 1255 τοῦ
3106 1196 3465 1274 ’ἀρνήσασθαι
3518 1204 3758 1258 ἑαυτόν·
3788 1209 3878 1259 καὶ

2282 1295 2496 1366 ταχέως
2549 1293 2930 1364 ἐλευθεροῦται
2968 1295 3027 1363 ἐξ
3071 1295 3264 1365 αὐτῆς.
3301 1297 3417 1350 Καὶ
3449 1297 3674 1366 γίνεται
3711 1301 3741 1352 ὁ
3770 1300 3877 1361 υίὸς

2281 1386 2383 1456 τῆς
2415 1384 2610 1454 σοφίας
2633 1384 2897 1454 θεόφοϐος
2921 1388 3018 1440 καὶ
3048 1386 3314 1456 θεόφιλος.
3354 1407 3372 1440 ι
3427 1389 3606 1460 Ἀρχὴ
3653 1391 3766 1464 γὰρ
3792 1409 3879 1445 σου

2285 1478 2438 1548 φίας,
2477 1477 2640 1548 φόϐος
2665 1479 2896 1548 Κυρίου.
2926 1497 2946 1530 ι
2981 1481 3089 1533 Καί
3110 1497 3124 1512 ο
3157 1497 3176 1530 ι
3211 1481 3272 1533 Οί
3298 1482 3632 1548 ἀγαπῶντες
3653 1487 3750 1536 τὸν
3775 1485 3882 1536 Κεῖ-

2289 1585 2425 1638 ριον,
2472 1570 2684 1638 μισεῖτε
2717 1570 2951 1640 πονηρά.
2983 1587 3002 1620 ι
3049 1570 3142 1623 Ἐκ
3172 1571 3265 1624 τοῦ
3303 1573 3412 1643 γὰρ
3445 1573 3621 1642 φόϐου
3671 1577 3760 1638 εἰς
3782 1579 3877 1644 τὴν

2285 1659 2507 1731 ἀγάπην
2545 1659 2834 1729 προϐαίνει
2866 1659 2962 1714 τοῦ
3003 1660 3162 1716 Θεοῦ.
3193 1664 3307 1716 Καὶ¹
3352 1665 3380 1716 ὁ
3431 1665 3879 1735 Ἐκκλησιαστής

593 1755 770 1824 ipsius
801 1751 1202 1820 abnegatione;
1237 1761 1294 1806 et
1340 1750 1386 1805 is
1424 1751 1558 1822 jugo
1583 1751 1676 1806 illo
1715 1766 1843 1806 mox
1869 1751 2184 1820 emancipa-

2289 1768 2456 1821 φησιν
2485 1767 2496 1780 °
2540 1772 2559 1804 ι
2603 1753 2942 1826 Ἀπόστησον
2977 1753 3151 1824 θυμόν
3193 1772 3288 1809 σου
3322 1757 3432 1810 ἀπὸ
3479 1759 3718 1831 καρδίας
3763 1778 3874 1814 σευ·

594 1855 707 1910 tur,
746 1845 916 1914 [itque
942 1843 1090 1896 titius
1115 1841 1422 1912 sapientiae.
1457 1841 1602 1910 Quid
1627 1842 1816 1898 enim?
1847 1842 1946 1898 Dei
1969 1841 2183 1898 consti-

595 1938 772 1994 tuitur
828 1937 1081 1999 amicus,
1145 1935 1319 1989 Deum
1380 1936 1641 1991 observat
1691 1935 1998 1992 venerabili
2053 1951 2180 1991 cum

595 2033 792 2082 timore
828 2045 842 2081 :
879 2047 897 2078 ι
945 2027 1170 2082 initium
1214 2025 1490 2096 siquidem
1525 2027 1830 2096 sapientiae,
1870 2027 2034 2081 timor
2073 2027 2182 2081 Do-

593 2121 729 2176 mini
757 2122 818 2174 ³⁸.
877 2111 1015 2174 ιἘι.
1063 2137 1077 2172 :
1131 2138 1149 2170 ι
1201 2119 1306 2186 Qui
1353 2119 1584 2188 diligitis
1634 2119 1969 2184 Dominum,
2032 2119 2191 2174 odite

595 2212 740 2265 mala
774 2209 836 2263 ιτ.
874 2228 893 2260 ›
929 2211 975 2264 Α
1007 2209 1206 2263 timore
1233 2209 1380 2262 enim
1423 2209 1519 2263 Dei
1555 2207 1622 2262 ad
1653 2209 1775 2279 ejus
1803 2207 2181 2271 dilectionem,

594 2305 732 2362 ordo
768 2314 853 2360 est
895 2319 1244 2375 progressus.
1283 2301 1393 2358 Sed
1431 2310 1486 2356 et
1515 2301 1920 2357 Ecclesiastes:
1955 2319 1975 2352 ι
2012 2299 2186 2356 Aufer

596 2397 937 2454 iracundiam
959 2412 987 2450 a
1011 2395 1178 2450 corde
1202 2406 1316 2459 tuo,
1342 2401 1398 2449 et
1423 2409 1646 2450 remove
1673 2393 1943 2448 malitiam
1967 2407 1998 2447 a
2020 2407 2187 2447 carne

596 2498 690 2544 tua
723 2489 788 2542 ".
829 2507 849 2540 ›
887 2487 948 2542 In
976 2486 1262 2542 Parabolis
1307 2501 1530 2556 quoque
1561 2503 1574 2538 :
1605 2484 1877 2540 Mansueti
1925 2484 2097 2540 animi
2130 2495 2188 2540 et

595 2579 887 2652 placabilis
919 2579 1008 2634 vir
1041 2577 1228 2634 cordis
1266 2586 1353 2632 est
1382 2576 1654 2639 medicus,
1694 2575 1844 2643 tinea
1871 2587 2056 2632 autem
2094 2591 2186 2633 os-

595 2674 766 2737 sium,
789 2687 888 2726 cor
918 2671 1271 2726 sensitivum.
1293 2669 1535 2724 Rursum
1567 2686 1582 2723 :
1615 2687 1634 2720 ι
1667 2668 1976 2738 Responsio
2007 2667 2189 2722 mollis

595 2761 796 2816 avertit
824 2761 959 2813 iram
987 2759 1064 2825 ‘9;
1094 2759 1191 2828 qui
1225 2773 1474 2832 praeceps
1511 2766 1597 2813 est
1626 2757 1694 2811 ad
1727 2757 1889 2823 iram,
1927 2765 2190 2828 operatur

599 2853 720 2909 sine
751 2849 986 2906 consilio
1016 2851 1083 2904 ¹⁰.
1133 2867 1151 2901 ›
1199 2850 1444 2905 Rursum
1481 2865 1495 2902 :
1539 2867 1558 2900 ι
1605 2847 1699 2902 Vir
1725 2849 1972 2920 prudens
2012 2849 2189 2920 multa

599 2945 796 3004 suﬂ‘ert
823 2947 890 2999 ἰ.
927 2963 946 2996 ι
979 2944 1048 2998 Ει
1079 2960 1093 2997 :
1135 2963 1152 2995 ι
1193 2939 1552 3012 Longanimis
1595 2941 1682 2995 vir
1711 2941 1897 2996 multae
1934 2950 2019 2998 est
2048 2957 2186 3012 pru-

603 3037 828 3102 dentiae,
851 3035 1226 3108 pusillanimis
1249 3044 1454 3098 autem,
1489 3033 1651 3088 fortis
1678 3041 1764 3087 est
1793 3032 2030 3087 stultitia
2054 3033 2122 3088 ".
2157 3051 2176 3085 ι

598 3129 707 3188 Et:
750 3148 768 3179 ι
807 3123 902 3182 Vir
945 3126 1248 3182 iracundus
1280 3125 1606 3194 neutiquam
1637 3124 1870 3194 pulcher
1903 3123 1969 3180 ⁸³.
2015 3143 2034 3176 ι
2066 3123 2136 3179 Ει
2168 3141 2183 3179 :

602 3221 802 3274 Totum
847 3219 1290 3296 animumsuum
1323 3214 1539 3286 profert
1576 3214 1804 3280 stultus,
1837 3214 2060 3284 sapiens
2083 3229 2187 3269 au-

603 3322 713 3365 tem
770 3320 1016 3365 reservat
1066 3325 1164 3380 per
1217 3317 1434 3378 partem
1474 3307 1542 3360 ".
1589 3325 1606 3356 ι
1643 3306 1850 3362 lterum
1885 3322 1901 3360 :
1931 3326 1948 3360 ι
1987 3306 2064 3361 Ne
2112 3307 2190 3362 sis

603 3403 762 3458 velox
796 3400 992 3471 spiritu
1025 3399 1091 3454 ad
1121 3397 1498 3462 irascendum,
1529 3397 1658 3466 quia
1693 3397 1771 3451 ira
1799 3399 1855 3452 in
1891 3398 2016 3454 sinu
2047 3398 2189 3452 stul-

604 3503 785 3548 torum
826 3489 1127 3559 requicscit
1150 3490 1215 3541 ²⁸.
1250 3508 1268 3540 ι
1293 3519 1360 3526 -
1383 3507 1400 3538 ι
1435 3489 1610 3543 Homo
1648 3487 1954 3542 iracundus
1995 3487 2188 3542 incen-

605 3586 685 3640 dit
725 3597 987 3654 pugnam,
1025 3597 1138 3636 non
1186 3582 1336 3636 enim
1387 3581 1596 3652 poterit
1638 3580 1940 3636 iracundus
1982 3580 2187 3651 justiti-

604 3676 742 3730 cari.
773 3673 870 3728 Vir
897 3683 1155 3742 peccator
1189 3671 1438 3728 turbabit
1472 3671 1702 3740 amicos,
1735 3680 1792 3726 et
1838 3671 1895 3726 in
1941 3671 2187 3726 medium

605 3781 797 3836 pacem
845 3764 1170 3819 habentium
1213 3763 1474 3818 immittet
1509 3762 1842 3818 calumniam
1865 3762 1931 3816 ".
1969 3781 1988 3814 ι
2019 3761 2188 3816 ludu-

605 3860 682 3913 cit
715 3877 728 3912 :
768 3878 787 3910 ‹
814 3858 892 3914 Ne
919 3857 1089 3912 fueris
1109 3857 1297 3912 socius
1313 3857 1434 3910 viro
1455 3855 1741 3920 iracundo,
1765 3853 1942 3908 amico
1965 3869 2188 3924 quoque

604 3952 817 4008 furioso
843 3967 912 4008 ne
933 3949 1240 4014 cohabites,
1267 3964 1337 4004 ne
1371 3948 1520 4003 forte
1544 3947 1726 4004 discas
1753 3948 1899 4002 viam
1927 3948 2050 4018 ejus
2073 3947 2138 4000 ⁸⁷.
2163 3966 2182 3998 ι

606 4047 682 4100 lle
716 4043 990 4111 ejusmodi
1028 4043 1194 4098 etiam
1228 4041 1398 4096 David
1429 4059 1443 4096 :
1474 4059 1494 4092 ι
1525 4041 1704 4094 Furor
1745 4039 1855 4094 illis
1883 4037 2188 4094 secundum

603 4134 1030 4190 similitudinem
1079 4131 1394 4203 serpentis,
1453 4130 1599 4186 sicut
1647 4129 1856 4199 aspidis
1903 4129 2085 4184 surda:
2133 4139 2192 4184 et

604 4213 922 4280 obturantis
961 4238 1128 4279 aures
1175 4237 1306 4278 suas
1336 4223 1404 4277 “.
1449 4241 1468 4274 ι
1512 4221 1988 4288 Quemadmodum
2038 4221 2187 4274 enim

610 4321 810 4390 viperae
841 4318 991 4373 fetus
1020 4325 1250 4371 matrem
1283 4314 1555 4370 arrodunt
1594 4330 1774 4377 suam.
1806 4314 1889 4370 sic
1932 4313 2189 4369 iracundi

2287 1842 2382 1895 καὶ
2415 1843 2710 1913 παράγαγε
2760 1845 3028 1915 πονηρίαν
3056 1848 3166 1901 ἀπὸ
3207 1850 3410 1920 σαρκός
3447 1868 3569 1906 σου.
3613 1873 3634 1906 υ
3683 1855 3794 1909 Καὶ
3823 1860 3877 1907 ἐν

2285 1937 2404 1999 ταῖς
2437 1935 2790 2006 Παροιμίαις,
2847 1938 3172 2008 πραΰθυμος
3206 1941 3346 2012 ἀνὴρ
3377 1944 3616 2014 καρδίας
3659 1947 3875 2020 ἰατρός·

2287 2025 2386 2097 σὴς
2414 2025 2472 2079 δὲ
2501 2025 2704 2080 ὀστέων
2729 2027 2928 2098 καρδία
2956 2029 3274 2101 αίσθητική.
3302 2033 3412 2085 Καὶ
3440 2034 3626 2089 πάλιν·
3661 2056 3686 2089 σ
3725 2040 3879 2092 Ἄπο-

2286 2135 2469 2188 κρισις
2492 2118 2886 2173 ὒποπίπτουσα
2926 2121 3264 2194 ἀποστρέφει
3299 2123 3491 2192 θυμόν·
3530 2128 3561 2180 6
3593 2127 3655 2181 δέ
3687 2129 3882 2194 ὀξύθυ-

2289 2228 2390 2280 μος
2434 2212 2674 2282 πράσσει
2711 2211 2852 2282 μετά
2886 2211 3198 2276 ἀϐουλίας.»
3237 2215 3347 2268 Καὶ
3377 2216 3545 2270 πάλιν
3583 2236 3602 2250 ·
3642 2239 3664 2272 ι
3720 2220 3880 2292 ’Δνῇρ

2288 2301 2558 2372 φρόνιμος
2585 2301 2759 2355 πολλὰ
2789 2303 3074 2374 ὑποφέρει.
3118 2323 3138 2356 ι
3195 2305 3330 2370 Kal,
3363 2325 3384 2359 r
3425 2308 3484 2360 ’0
3523 2312 3880 2382 μακρόθυμος

2285 2392 2426 2463 ἀνὴρ
2456 2391 2624 2456 πολὺς
2655 2394 2716 2446 ἐν
2762 2394 3044 2464 φρονήσει.
3084 2394 3142 2448 Ὁ
3171 2394 3228 2448 δὲ
3270 2394 3608 2468 ὁλιγόψυχος
3655 2401 3879 2472 inept;

2287 2483 2498 2555 ἄφρων.
2539 2502 2560 2536 ι
2598 2483 2744 2537 Καί·
2777 2503 2796 2535 ι
2837 2485 3002 2556 Ἀνὴρ
3049 2484 3305 2558 θυμώδης
3350 2489 3450 2542 οὐκ
3494 2491 3820 2562 εὐσχήμων.
3857 2515 3874 2544 ι

2287 2575 2400 2629 Καὶ
2415 2571 2570 2639 αὖθις
2598 2592 2612 2606 ·
2642 2593 2663 2628 ι
2690 2575 2976 2631 Ὅλοντδν
3010 2577 3178 2648 θυμὸν
3215 2579 3380 2634 αὑτοῦ
3405 2581 3636 2652 ἐκφέρει
3670 2583 3876 2653 ἄφρων,

2289 2666 2452 2736 σοφὸς
2477 2666 2532 2720 δὲ
2563 2668 2891 2738 ταμιεύεται
2923 2669 3066 2724 κατὰ
3095 2671 3284 2743 μέρος.
3317 2690 3336 2723 ι
3369 2673 3483 2726 Καὶ
3515 2674 3706 2741 πάλιν,
3750 2696 3768 2725 σ
3791 2677 3877 2746 Μὴ

2289 2758 2536 2830 σπεύσῃς
2591 2761 2650 2814 ἐν
2704 2760 2978 2833 πνεύματί
3045 2779 3144 2816 σου
3199 2763 3538 2836 θυμοῦσθαι,
3595 2769 3683 2821 ὅτι.
3715 2769 3879 2840 θυμὲς

2290 2853 2348 2906 ἐν
2377 2851 2565 2924 κόλπῳ
2618 2853 2872 2924 ἀφρόνων
2893 2854 3286 2910 ἀναπαύεται.)
3326 2857 3435 2912 Καὶ
3469 2859 3661 2925 πάλιν,
3697 2879 3723 2914 ‹
3762 2863 3884 2916 Ἀν-

2290 2944 2510 3017 θρωπος
2567 2944 2823 3018 θυμώδης
2881 2948 3098 3002 ἐκκαίει
3155 2950 3358 3021 μάχην.
3417 2951 3492 3006 Οὐ
3545 2951 3662 3022 γὰρ
3720 2953 3879 3024 Gavi;-

2275 3055 2450 3108 ,σεται
2488 3037 2775 3110 ἄνθρωπος
2806 3039 3064 3111 θυμώδης
3087 3041 3469 3113 δικαιωθῆναι.
3502 3063 3522 3096 ι
3552 3045 3669 3098 Kal
3701 3042 3879 3110 αὖθις,

2297 3147 2316 3180 ι
2367 3131 2532 3201 Ἀνὴρ
2565 3131 2891 3201 ἁμαρτωλὸς
2935 3135 3166 3204 ταράξει
3206 3135 3414 3203 φίλους.
3445 3136 3542 3190 καὶ
3571 3137 3685 3190 ἀνὰ
3721 3138 3880 3206 μέσον

2268 3221 2680 3290 ἐἰρηνευόντων
2717 3222 2946 3293 ἐμϐαλεῖ
2972 3224 3280 3296 διαϐολήν.»
3317 3229 3428 3281 Καὶ
3458 3229 3666 3298 ἐπάγει
3702 3246 3718 3259 ·
3748 3249 3768 3281 ι
3791 3231 3878 3298 Mi;

2293 3305 2400 3363 ῖσθι
2433 3313 2647 3382 ἑταῖρος
2697 3321 2721 3350 ο
2765 3313 2919 3385 ἀνδρὶ
2953 3312 3214 3384 θυμώδει.
3261 3317 3403 3386 Φίλῳ
3450 3317 3508 3370 δὲ
3552 3318 3768 3390 ὀργίλῳ
3807 3321 3876 3389 μὴ

2293 3402 2635 3468 συναυλίζου,
2673 3404 2746 3474 μή
2787 3420 2922 3457 ποτε
2957 3404 3138 3476 μάθῃς
3169 3406 3267 3476 τὴν
3296 3407 3420 3460 ὁδὸν
3466 3407 3662 3471 αὐτοῦ.
3708 3429 3730 3462 ι
3775 3410 3880 3462 Καὶ

2291 3497 2319 3548 ὁ
2344 3495 2510 3548 Δασὶδ
2539 3495 2900 3567 περὶτούτων
2927 3497 3084 3568 φησὶ,
3126 3518 3146 3551 ι
3169 3501 3353 3570 Θυμδς
3391 3502 3579 3566 αὑτοῖς
3609 3504 3756 3558 κατά
3783 3505 3878 3573 τὴν

2288 3585 2552 3654 ὁμοίωσιν
2575 3587 2670 3640 τοῦ
2706 3586 2903 3655 ὄφεως,
2936 3589 3072 3643 ώσεὶ
3099 3591 3327 3656 ἀσπίδος
3366 3593 3565 3662 κωφῆς
3593 3597 3691 3648 καὶ
3724 3595 3877 3665 pos-J-

2293 3693 2392 3748 σης
2425 3677 2494 3731 τὰ
2539 3671 2656 3734 ὦτα
2699 3681 2890 3751 αὐτῆς.
2931 3700 2951 3733 ο
2987 3681 3198 3752 Ὥσπερ
3241 3685 3352 3755 γὰρ
3409 3685 3477 3738 τὰ
3523 3685 3626 3756 τῆς
3663 3688 3877 3759 ἐχίδνης

2289 3770 2610 3840 γεννήματα
2656 3771 3005 3826 κατεσθίουσι
3041 3774 3312 3828 τεκοῦσαν
3346 3777 3581 3849 μητέρα,
3611 3779 3763 3832 οὕτω
3792 3781 3875 3833 λο-

2291 3863 2488 3932 γισμὸς
2531 3862 2806 3934 θυμώδης.
2851 3865 2914 3918 Ἦ
2962 3867 3246 3938 προσευχὴ
3301 3868 3396 3922 τοῦ
3447 3870 3758 3940 θυμώδους,
3807 3873 3878 3934 (Et;

2291 3954 2547 4026 θυμίαμα
2599 3957 3018 4027 ἐϐδελυγμένον,
3055 3959 3148 4012 καὶ
3199 3961 3232 4028 η
3282 3959 3584 4032 ψαλμῳδία
3614 3963 3877 4024 αὑτοῦώς

2291 4042 2426 4119 ἦχος
2456 4047 2647 4119 ἀηδής.
2681 4049 2792 4102 Καὶ
2823 4047 3015 4120 ὥσπερ
3049 4049 3185 4103 λέων
3213 4053 3272 4103 ὲν
3308 4050 3509 4124 ζώγρῳ
3561 4057 3711 4108 κινεῖ
3753 4057 3874 4116 τοὺς

2295 4141 2632 4210 στρόφιγγας
2663 4141 2926 4212 συνεχῶς,
2951 4141 3096 4195 οὕτω
3125 4143 3218 4196 καὶ
3251 4141 3510 4214 θυμώδης
3535 4147 3759 4200 ἐκκαίει
3789 4151 3874 4200 λοι

2292 4233 2526 4302 γισμοὺς
2555 4233 2747 4302 ὀργῆς.
2776 4235 2885 4286 Καὶ
2919 4232 3108 4305 ὥσπερ
3149 4235 3351 4304 ἄνεμός
3385 4236 3619 4308 σφοδρὸς
3639 4239 3708 4291 οὗ
3746 4242 3879 4293 κινεῖ

2293 4325 2508 4397 πῦργον
2539 4325 2735 4397 ὀχυρὸν
2757 4365 2772 4390 ,
2803 4325 2948 4380 οὕτω
2973 4325 3154 4398 ψυχὴν
3192 4328 3466 4399 ἀόργητον
3496 4332 3561 4384 οὐ
3601 4332 3875 4403 συναρπά⁹

606 4411 850 4466 hominis
897 4408 1264 4478 cogitationes
1309 4422 1410 4463 cor
1451 4406 1717 4471 exedunt.
1767 4406 1841 4464 Ut
1891 4406 2185 4478 thymiama

2295 4416 2381 4482 ζει
2409 4417 2600 4488 θυμός.
2630 4416 2690 4470 Ὀ
2715 4417 2770 4470 δὲ
2817 4417 3136 4484 Ἀπόστολος
3157 4419 3430 4474 νουθετῶν
3456 4439 3626 4492 φησιν
3655 4441 3702 4474 οι
3725 4425 3874 4477 Ἀπό-

609 4503 946 4557 inammnum
967 4509 1022 4555 et
1042 4498 1408 4563 exsecrabile,
1432 4498 1507 4554 ita
1532 4498 1696 4553 istius
1721 4507 2024 4554 concentus
2042 4501 2192 4569 psal-

606 4632 856 4682 morum,
911 4629 1084 4671 sonus
1135 4611 1404 4669 insuavis.
1455 4609 1934 4678 Quemadmodum
1987 4610 2076 4665 leo
2131 4608 2190 4665 in

606 4711 822 4768 vivario
873 4708 1136 4763 continue
1192 4713 1450 4760 movetur
1484 4702 1725 4772 obliquis
1783 4701 2054 4768 ﬂexibus,
2109 4703 2190 4759 ita

605 4805 911 4863 iracundus
959 4819 1149 4859 secum
1204 4808 1395 4856 versat
1445 4783 1812 4870 cogitationes
1864 4798 1981 4855 irze.
2033 4797 2192 4854 Sicut

490 4885 514 4900 ’
603 4913 806 4955 currus
864 4896 1065 4951 turrim
1109 4893 1380 4950 munitam
1415 4907 1528 4946 non
1562 4900 1749 4947 movet
1785 4889 1930 4953 loco,
1962 4891 2043 4945 sic
2073 4889 2198 4945 ani-

605 5008 758 5050 mum
793 4989 1190 5046 inirascibilem
1233 5002 1344 5042 non
1375 4984 1581 5056 abripit
1625 4983 1935 5038 iracundia.
1966 4981 2204 5052 Aposto-

605 5088 696 5143 lus
725 5085 1032 5141 admonens
1061 5083 1142 5138 ait
1172 5099 1186 5136 :
1219 5101 1238 5134 ι
1272 5080 1540 5152 Deponite
1569 5086 1626 5134 et
1654 5092 1754 5132 vos
1781 5076 1992 5140 omnia,
2034 5076 2197 5140 iram,

613 5177 829 5250 1066
875 5175 1348 5247 indignationem,
1411 5171 1708 5234 malitiam,
1759 5165 2198 5248 blasphemiam,

609 5280 827 5343 tuz'pcm
844 5285 1156 5325 sermonem
1173 5268 1240 5324 de
1256 5281 1353 5322 ore
1373 5263 1640 5321 vestro".
1665 5281 1684 5314 υ
1703 5259 1935 5316 infertzt
1957 5251 2017 5314 in
2037 5272 2199 5328 prece

682 5410 729 5442 “
767 5411 932 5466 Prov.
962 5421 1108 5472 xxix,
1143 5407 1231 5463 Η.
1307 5407 1350 5438 ³⁵
1379 5405 1545 5461 Prov.
1577 5417 1672 5466 xu,
1715 5399 1798 5455 10.
1879 5399 1923 5432 ⁸⁸
1960 5397 2212 5461 Psal.cx,
2239 5395 2328 5452 lO.
2445 5395 2488 5426 "
2529 5395 2559 5448 Γ

740 5483 759 5522 4
862 5484 906 5512 πυ
951 5481 1107 5522 Ρινιν.
1143 5495 1243 5522 uv,
1285 5477 1369 5522 47-
1449 5477 1491 5507 ﬂ
1522 5473 1684 5522 Prov.
1718 5486 1788 5522 λι.
1824 5469 1909 5522 12.
2025 5471 2071 5499 ’²
2111 5469 2272 5522 Prcv.
2326 5482 2442 5522 λιιι.
2493 5463 2559 5518 16

1895 5543 1937 5573 ³⁷
1970 5539 2140 5594 Eccl-i.
2173 5553 2281 5601 xu,
2317 5537 2408 5590 2.5.
2485 5536 2530 5568 ³⁸
2556 5533 2701 5588 Psal.
2727 5549 2849 5599 tvu,
2883 5533 2966 5587 5.‘
3013 5534 3058 5564 "
3089 5532 3300 5590 Coloss.
3342 5550 3422 5599 ιιι,
3455 5534 3507 5589 8.

610 5495 698 5536 :v.
740 5483 790 5534 l.
862 5484 906 5512 ²⁰
949 5469 1110 5534 Prov.
1143 5495 1248 5538 xw.
1285 5477 1369 5530 Π.
1449 5477 1491 5507 ²¹
1522 5473 1684 5528 Prov.
1717 5486 1788 5531 λι,
1824 5469 1909 5524 l2.

610 5551 654 5580 ⁸³
690 5551 872 5604 Ecele.
907 5565 976 5602 vn
1004 5590 1018 5613 ,
1063 5550 1143 5605 lt'.
1221 5549 1264 5580 ²⁶
1301 5546 1470 5601 Eccli.
1510 5559 1692 5608 xxviii,
1732 5544 1816 5596 ll.

2297 4507 2458 4563 θεσθε
2511 4510 2607 4562 καὶ
2645 4509 2806 4580 ὑμεῖς
2840 4508 2912 4562 τὰ
2941 4510 3140 4575 πάντα,
3186 4511 3381 4582 ὀργὴν,
3421 4512 3616 4582 θυμὸν,
3655 4515 3867 4576 κακίαν,

2298 4601 2675 4672 βλασφημίαν,
2705 4601 3112 4674 αἰσχρολογίαν,
3135 4605 3206 4658 ἐκ
3227 4602 3324 4669 τομῦ
3361 4606 3636 4675 στόματος
3670 4607 3866 4676 ὑμῶν.»

2296 4695 2408 4750 Kal
2447 4696 2700 4765 ἐπιφέρει
2734 4711 2748 4726 ·
2786 4713 2805 4746 ι
2859 4695 2948 4748 Ἑν
2983 4697 3094 4768 γὰρ
3128 4697 3322 4769 εἰρήνῃ
3349 4695 3622 4767 κέκληκεν
3669 4700 3814 4769 ἡμεῖς
3846 4700 3870 4748 ὁ

2295 4786 2450 4850 Θεός.
2489 4804 2509 4838 ι
2543 4788 2609 4842 Οἱ
2638 4787 2748 4856 γὰρ
2778 4783 3045 4856 θυμώδεις
3077 4789 3158 4852 είς
3197 4788 3327 4850 τοὺς
3361 4789 3598 4860 ἐχθροὺς
3621 4789 3719 4843 τοῦ
3750 4792 3870 4860 Χρι-

2298 4876 2426 4932 στοῦ
2453 4878 2778 4946 λογίζονταιο
2821 4878 2895 4940 ώς
2922 4880 3017 4930 καὶ
3041 4879 3185 4950 ἄλλῳ
3208 4880 3446 4950 εἴρηται,
3478 4898 3499 4932 ι
3530 4876 3750 4952 Ἧρξαν
3786 4881 3871 4934 θυι

2301 4968 2535 5042 μοῦσθαι
2595 4971 2877 5041 ἄρχοντες.
2915 4988 2934 5022 δ
2973 4971 3086 5024 Kal
3116 4971 3145 5024 ὁ
3191 4971 3440 5043 Ἡρώδης
3478 4971 3626 5029 ἰδὼν.
3665 4975 3750 5026 61::
3794 4975 3871 5026 ἐν·

2297 5061 2538 5134 επαίχθη
2569 5063 2674 5116 ὑπὸ
2701 5062 2812 5116 τῶν
2837 5063 3049 5133 μάγων,
3071 5063 3328 5134 ἐθυμώθη
3360 5063 3631 5120 λίαν.Καὶ
3660 5063 3871 5136 πέμψας

2299 5157 2510 5211 ἀνεῖλεν
2539 5157 2748 5219 πάντας
2776 5158 2904 5220 τοὺς
2937 5157 3136 5220 παῖδας
3156 5156 3282 5220 τοὺς
3307 5159 3368 5210 ἐν
3397 5157 3677 5229 Βηθλεέμ,
3709 5161 3800 5214 καὶ
3821 5161 3869 5210 ἐν

2301 5252 2436 5304 πᾶσι
2487 5251 2601 5307 τοῖς
2645 5249 2814 5320 ἐρίοις
2853 5247 3048 5317 αὐτῆς,
3087 5248 3178 5301 διὰ
3226 5249 3320 5302 τὸν
3376 5249 3749 5322 φθονούμενον
3788 5248 3870 5300 καὶ

2445 5393 2488 5426 "
2529 5391 2672 5448 Psal.
2701 5407 2844 5454 xcw,
2875 5389 2961 5446 10.
3074 5391 3117 5423 ¹⁸
3147 5392 3334 5456 Eccle,
3362 5409 3438 5455 xi.
3465 5391 3555 5447 10.
3633 5393 3678 5424 υ
3717 5390 3862 5446 Prov.

2680 5463 2726 5494 ⁸³
2759 5461 2916 5516 Prov.
2969 5479 3058 5527 xv,
3110 5462 3196 5518 l8.
3294 5464 3340 5494 "
3367 5463 3537 5520 Prov.
3597 5480 3742 5527 nix,
3791 5460 3861 5514 ll.

1948 5633 2183 5690 Vitlile
2219 5629 2626 5689 LiiCTlONES.

683 5727 705 5752 τ
743 5712 915 5776 φίλος.
