4030 6296
286 327 421 388 1509
1317 323 1647 384 HOMILIA
1687 324 1863 383 XXV.
1894 346 1960 355 -
1985 321 2083 380 DE
2125 321 2541 382 TRISTITIA.
3402 319 3539 383 1510

281 438 581 509 πολύτιμον
635 437 980 511 μαργαρίτην
1029 435 1123 488 τὸν
1195 436 1399 505 Κύριον
1441 435 1598 506 ἡμῶν
1652 426 1859 504 Ἰησοῦν

1962 433 2111 486 enim
2157 433 2375 489 vocavit
2429 449 2532 489 nos
2584 433 2732 489 Deus
2761 434 2826 487 “.
2867 454 2884 485 ι
2923 434 3176 490 iracundi
3217 433 3399 498 enim,
3444 450 3546 502 pro

284 527 518 596 Χριστὸν
553 526 646 580 τὸν
678 526 811 579 Θεὸν
840 523 1018 596 ἡμῶν.
1052 520 1212 591 Αὐτῷ
1236 523 1270 592 ἡ
1303 520 1431 586 δόξα
1461 525 1539 584 είς
1564 523 1694 586 τοὺς
1729 521 1859 575 αἰῶ-

1967 523 2175 579 Christi
2200 524 2444 580 inimicis
2467 526 2763 591 habentur,
2794 541 2894 581 ceu
2929 526 2985 581 in
3019 528 3129 581 alio
3158 527 3364 581 dictum
3387 526 3544 582 loco:

278 638 399 683 νας.
452 619 645 690 Ἀμήν.

1976 635 1994 666 ι
2033 615 2338 686 Cceperunt
2376 614 2563 672 animo
2597 620 2808 673 moveri
2846 618 3126 689 principes
3157 619 3223 672 ³¹.
3282 639 3299 669 ι
3347 617 3549 673 Sedet

283 712 764 776 Herodes,videns
805 709 955 782 quod
1001 708 1199 765 illusus
1246 716 1395 764 esset
1459 723 1491 762 a
1525 705 1727 777 Magis,
1778 706 1954 762 iratus
1991 720 2078 764 est
2118 710 2300 774 valde,
2342 720 2398 764 et
2438 710 2622 765 missis
2694 712 3025 767 satellitibus
3090 711 3292 766 occidit
3355 725 3549 766 omnes

277 821 487 876 pueros
543 805 639 874 qui
697 812 860 858 erant
913 804 971 858 in
1034 803 1315 858 Bethleem
1372 809 1430 855 et
1489 799 1547 854 in
1604 798 1865 854 omnibus
1902 800 2106 856 ﬁnibus
2184 803 2334 872 ejus,
2378 810 2606 872 propter
2683 803 2845 874 longe
2887 804 3348 874 pretiosissimum
3398 816 3548 855 mar-

276 903 515 972 garitum
551 899 643 954 cui
676 898 843 953 vitam
888 897 1173 952 invidebat
1214 912 1228 949 :
1286 909 1487 965 nempe
1529 894 1825 949 Dominum
1868 908 1931 949 ac
1969 894 2141 949 Deum
2181 903 2432 950 nostrum
2466 895 2654 951 Jesum
2691 894 3114 961 Christum,cui
3149 896 3324 965 gloria
3354 896 3410 949 in
3444 910 3547 949 sae-

277 995 425 1049 cula.
454 993 655 1049 Amen.

865 1124 1111 1199 noro}:
1141 1123 1269 1176 κεν.

876 1236 1017 1303 Περὶ
1045 1237 1268 1303 λύπης.

353 1349 427 1403 Τὸ
464 1347 713 1417 ἀκαίρως
750 1345 1063 1407 λυπεῖσθαι,
1096 1346 1159 1398 ἐκ
1185 1342 1279 1397 τοῦ
1312 1343 1577 1415 φθονεροῦ
1605 1341 1860 1411 δαίμονός

276 1445 453 1497 ἐστιν.
490 1441 607 1492 Ἵνα
652 1443 760 1509 γάρ
795 1454 911 1500 πως
955 1436 1252 1507 ἀποσπάσῃ
1305 1438 1369 1489 ἐκ
1399 1436 1497 1505 τῆς
1549 1433 1860 1505 προθέσεως

275 1536 378 1604 τῆς
408 1534 576 1602 εὐχῆς
599 1531 689 1583 τὸν
718 1529 863 1599 νοῦν,
892 1529 986 1582 καὶ
1008 1530 1276 1605 ἀκαρπον
1302 1530 1506 1600 ποιήσῃ
1527 1527 1617 1580 τὸν
1646 1525 1857 1597 ἄνθρω-

273 1645 399 1689 πον,
431 1626 520 1677 διὰ
553 1623 712 1679 τοῦτο
744 1621 1051 1690 ἐπιπέμπει
1084 1620 1235 1689 αὐτῷ
1264 1620 1363 1690 τὴν
1392 1619 1623 1690 ἄκαιρον
1655 1618 1855 1686 λύπην.

275 1718 353 1771 Οὐ
387 1716 495 1788 χρὴ
524 1715 701 1768 τοίνυν
758 1713 1164 1785 παραδέχεσθαι
1210 1712 1402 1783 αὐτὴν,
1458 1714 1553 1765 καὶ
1585 1711 1861 1782 ’ἄχθεσθαι

272 1809 545 1878 ἀκαίρως,
576 1807 670 1860 καὶ
709 1804 953 1876 πληροῦν
985 1805 1082 1875 τὴν
1113 1805 1289 1874 χαράν
1317 1804 1411 1857 τοῦ
1438 1802 1688 1873 Ἐχθροῦ,
1719 1802 1859 1855 ἀλλά

276 1896 480 1968 μᾶλλον
509 1895 818 1965 ἀνασφῆλαι
855 1897 921 1947 ἐκ
961 1897 1060 1964 τῆς
1104 1893 1395 1963 ἐπιϐουλῆς
1434 1892 1527 1947 τοῦ
1560 1893 1860 1962 ἀλάστορος

272 1986 369 2041 τοῦ
392 1989 490 2054 τῆς
512 1986 691 2056 λύπης
719 1986 995 2056 δαίμονος.
1020 1985 1191 2037 Ὅταν
1221 1984 1331 2055 γὰρ
1351 1986 1412 2039 τὸ
1442 1984 1678 2055 πονηρὸν
1701 1984 1861 2037 τοῦτο

275 2080 501 2150 πνεῦμα
532 2080 930 2150 περιδράξηται
960 2078 1061 2147 τῆς
1108 2077 1309 2148 ψυχῆς,
1359 2078 1451 2130 καὶ
1515 2079 1645 2153 ὃλην
1691 2077 1859 2149 αὐτὴν

276 2173 530 2245 σκοτίσῃ,
568 2173 669 2225 οὐκ
714 2171 880 2240 εὐχάς
938 2169 1180 2222 ἐκτελεῖν
1228 2168 1370 2238 μετὰ
1423 2168 1731 2240 προθυμίας
1761 2186 1855 2220 συ-

272 2270 503 2337 γχωρεῖ,
523 2264 646 2317 οὐτε
682 2264 843 2335 ἱερῶν
862 2264 1306 2333 ἀναγνωσμάτων
1323 2266 1388 2334 τῇ
1410 2263 1646 2334 ὠφελείᾳ
1663 2265 1861 2334 ἐγκαρ-

273 2360 477 2427 τερεῖν.
530 2355 675 2427 Uine
727 2357 903 2426 πρᾶον
963 2354 1055 2407 καὶ
1100 2354 1509 2424 εὐκατάμικτον
1554 2355 1689 2423 πρὸς
1733 2356 1860 2417 τοὺς

275 2449 543 2515 ἀδελφοὺς
575 2448 822 2517 ἀφίησιν
848 2447 943 2499 καὶ
967 2446 1107 2517 πρὸς
1122 2446 1291 2517 αὐτὴν
1309 2446 1404 2500 τοῦ
1428 2446 1543 2517 βίου
1564 2447 1664 2518 τὴν
1688 2447 1862 2515 ἐπαγ-

276 2540 468 2609 γελίαν
508 2541 664 2609 μῖσος
699 2540 940 2607 ἐμποιεῖ,
973 2538 1067 2591 καὶ
1114 2539 1293 2591 πάντα
1343 2537 1530 2600 ἁπλῶς
1564 2537 1633 2590 τά
1684 2553 1861 2606 σωτη-

277 2629 449 2703 ριὼδη
479 2629 824 2700 βουλεύματα
862 2628 964 2697 τῆς
994 2628 1176 2700 ψυχῆς
1215 2632 1248 2700 η
1273 2628 1421 2698 λύπη
1452 2627 1755 2696 συγχέασα,
1786 2626 1861 2690 ὡς

276 2722 490 2792 ἄφρονα
534 2721 742 2793 ταύτην
798 2725 893 2776 καὶ
933 2724 1274 2794 παραπλῆγά
1321 2719 1718 2790 ἀπεργάζεται,
1748 2735 1860 2771 κω-

274 2814 480 2870 λύουσα
530 2814 714 2867 πᾶσαν
765 2815 978 2886 ἀγαθὴν
1030 2814 1341 2883 συντυχίαν.
1386 2810 1496 2864 Καὶ
1542 2810 1663 2863 οὐδὲ
1709 2809 1862 2879 παρὰ

275 2905 389 2960 τῶν
418 2904 660 2975 γνησίων
678 2906 850 2974 φίλων
874 2906 1236 2977 συγχωροῦσα
1256 2902 1509 2974 δέχεσθαι
1532 2902 1691 2969 λόγον
1721 2918 1863 2970 συμ-

280 2998 525 3061 ϐουλίας.
556 2997 678 3050 οὐδὲ
722 2999 1008 3068 εἰρηνικὴν
1056 2998 1350 3067 ἀπόκρισιν
1392 2997 1617 3064 ἀφιεῖσα
1651 2992 1861 3055 τούτοις

2516 1122 2802 1178 HOMlLlA
2838 1122 3003 1177 XXV.

2580 1236 2660 1290 De
2695 1238 2937 1290 tristitia.

2038 1348 2197 1415 Quod
2244 1350 2371 1420 quis
2420 1350 2809 1421 intempestivo
2846 1350 3141 1407 conficitur
3181 1367 3443 1416 maerore,
3479 1353 3548 1407 ah

1966 1441 2085 1510 ipso
2118 1451 2322 1497 nostrae
2368 1442 2565 1497 salutis
2596 1444 2795 1497 :emulo
2847 1442 3097 1498 daemone
3147 1444 3543 1512 proﬁciscitur.

1964 1530 2025 1585 ln
2059 1531 2165 1586 hoc
2194 1533 2342 1586 enim
2390 1533 2625 1586 instillat
2660 1533 2815 1589 cordi
2840 1535 3208 1603 importunam
3238 1535 3544 1596 tristitiam,

1966 1632 2026 1677 ut
2055 1633 2294 1678 mentem
2318 1640 2345 1677 a
2372 1625 2658 1694 proposito
2685 1634 2881 1680 avocet
2906 1626 3290 1692 etamoliatur,
3316 1626 3544 1691 orandi;

1902 1724 1931 1775 ξι
1965 1729 2029 1769 ac
2064 1715 2299 1784 proinde
2335 1717 2615 1771 hominem
2666 1719 2848 1787 ipsum
2894 1718 3097 1788 infrugi
3148 1717 3342 1772 reddat
3380 1731 3545 1787 atque

1960 1808 2232 1862 inutilem.
2266 1809 2596 1879 Neutiquam
2621 1811 2789 1880 igitur
2819 1810 3163 1865 admittenda
3186 1820 3271 1865 est
3296 1811 3543 1874 tristitia,

1961 1915 2063 1953 nec
2084 1900 2355 1969 ejusmodi
2381 1901 2733 1971 suscipienda
2776 1903 3092 1973 importuna
3122 1903 3389 1972 aegritudo
3425 1906 3546 1958 ani-

1959 1990 2068 2054 mi,
2099 2000 2161 2045 ut
2193 2008 2260 2046 ne
2293 1994 2579 2047 inimicum
2631 1994 2863 2062 impleas
2907 1994 3109 2063 gaudio
3139 2011 3150 2049 :
3183 1993 3315 2063 quin
3364 1994 3549 2064 potius

1960 2083 2140 2138 calces
2162 2085 2487 2153 objiciendi,
2510 2095 2565 2140 et
2602 2086 2986 2140 reluctandum
3014 2085 3284 2140 adversus
3314 2086 3545 2141 insidias

1960 2173 2117 2229 furiae
2145 2175 2308 2230 istius
2333 2176 2637 2231 inecntoris
2661 2176 2904 2232 tristitia:
2933 2177 3217 2232 dtcmonis.
3242 2176 3299 2231 Si
3323 2178 3547 2246 quando

1960 2269 2109 2322 enim
2158 2269 2432 2339 malignus
2484 2269 2577 2323 hic
2636 2269 2868 2339 spiritus
2917 2270 3258 2325 clanculario
3305 2270 3545 2339 quodam

1961 2360 2172 2414 ambitu
2200 2362 2373 2415 menti
2404 2373 2512 2415 tuae
2533 2377 2591 2416 se
2622 2362 3010 2425 insinuaverit,
3045 2370 3215 2416 totam
3251 2378 3373 2417 eam
3403 2365 3545 2416 tetra

1961 2452 2198 2522 caligine
2226 2452 2569 2515 obscurabit.
2595 2468 2699 2508 nec
2720 2453 2832 2523 jam
2859 2452 3003 2507 sinet
3030 2469 3223 2523 preces
3255 2454 3544 2509 absolvere

1965 2552 2018 2598 te
2049 2557 2174 2599 cum
2199 2545 2484 2599 alacritate
2523 2545 2788 2614 spiritus:
2816 2562 2927 2600 non
2955 2561 3125 2601 sacrm
3155 2545 3382 2600 lectioni
3413 2560 3545 2615 per-

1961 2634 2148 2689 mittet
2179 2635 2339 2689 nxius
2372 2643 2435 2688 ut
2468 2637 2733 2701 assidcas,
2762 2637 2930 2706 idque
2970 2651 3167 2707 magno
3206 2644 3300 2692 tuo
3330 2637 3547 2690 incom-

1961 2726 2148 2779 modo.
2184 2725 2276 2780 Sic
2307 2741 2724 2797 :egrescentem,
2761 2743 2872 2781 non
2903 2728 3035 2782 sinit
3070 2743 3194 2781 cum
3229 2738 3549 2781 mansuetu-

1963 2818 2093 2874 dine
2139 2818 2386 2873 inserere
2440 2834 2499 2874 se
2544 2819 2780 2874 fratrum
2826 2819 3121 2884 sodalitio;
3175 2820 3310 2888 quin
3357 2819 3548 2874 odium

1962 2912 2151 2966 verius
2173 2913 2346 2965 menti
2379 2912 2460 2966 sic
2483 2912 2693 2966 vitiata:
2725 2912 2982 2975 instillat,
3008 2920 3064 2967 et
3094 2912 3331 2982 ingignit
3351 2912 3550 2967 adver-

1963 3018 2058 3059 sus
2099 3004 2367 3074 propositi
2412 3004 2580 3059 semel
2627 3004 2831 3073 arrepti
2882 3004 3305 3076 professionem.
3350 3002 3547 3059 Omnia

282 3087 650 3161 μεταδιδόναι’
675 3089 810 3141 ἀλλά
831 3087 1200 3160 περιλαϐοῦσα
1223 3090 1402 3140 πᾶσαν
1423 3088 1524 3157 τὴν
1546 3085 1746 3155 ψυχὴν,
1775 3100 1860 3135 πι-

1967 3095 2209 3164 denique
2255 3095 2509 3158 consilia,
2547 3094 2854 3163 quamlibet
2903 3109 2967 3148 ea
3019 3093 3131 3148 sint
3178 3103 3548 3149 consentanea

279 3181 446 3250 κρτας
487 3180 582 3234 καὶ
613 3179 805 3250 ἀηδίας
845 3182 1018 3251 αὐτὴν
1062 3182 1279 3249 πληροῖ,
1336 3180 1428 3233 καὶ
1472 3179 1654 3231 πείθει
1691 3173 1861 3243 αὐτὴν

279 3271 503 3340 φεύγειν
533 3272 662 3334 τοὺς
691 3270 1033 3342 ἀνθρώπους,
1063 3271 1138 3334 ὡς
1171 3271 1379 3332 αἰτίους
1402 3271 1538 3340 αὐτῇ
1563 3269 1663 3336 τῆς
1691 3282 1863 3339 ταρα-

277 3363 387 3435 χῆς
419 3364 770 3432 γενομένους.
801 3364 874 3416 Οὐ
907 3364 1016 3433 γάρ
1051 3365 1330 3432 συγχωρεῖ
1368 3363 1506 3433 αὐτὴ
1538 3360 1859 3429 ἐπιγνῶναι,

277 3455 363 3507 ὅτι
394 3456 494 3508 οὐκ
523 3455 745 3519 ἔξωθεν,
773 3456 892 3508 ἀλλ’
919 3454 1133 3508 ἔνδοθεν
1165 3454 1279 3523 ἔχει
1323 3453 1421 3523 τὴν
1455 3453 1608 3505 νόσον
1635 3452 1862 3505 ἀποκει-

282 3546 475 3618 μένην.
509 3548 643 3600 Τότε
665 3548 721 3601 δὲ
753 3546 1105 3618 φανεροῦται,
1135 3547 1262 3599 ὅταν
1293 3546 1343 3598 ot
1371 3545 1673 3614 πειρασμοὶ
1704 3544 1864 3597 ἐπελ-

277 3637 488 3702 θόντες,
534 3639 625 3691 διὰ
678 3638 781 3708 τῆς
822 3620 1130 3709 γυμνασίας
1162 3638 1242 3700 είς
1283 3636 1346 3689 τὸ
1391 3637 1630 3705 ἐμφανὲς
1659 3634 1862 3705 ταύτην

277 3731 729 3799 προσαγάγωσιν.
751 3731 912 3798 Λύπη
948 3726 1040 3783 οὖν
1065 3731 1213 3783 ἐστιν
1238 3731 1512 3799 κατήφεια
1538 3728 1637 3798 μὲν
1659 3728 1859 3799 ψυχῆς,

276 3820 459 3888 στόμα
493 3819 550 3872 δὲ
586 3820 799 3883 λέοντος
848 3820 1148 3874 καταπίνον
1186 3820 1429 3890 εὐχερῶς
1461 3821 1553 3873 τὸν
1588 3819 1862 3889 λυπούμε-

273 3925 390 3964 νον.
444 3911 607 3982 Δύπη
665 3913 818 3966 ἐστὶν
867 3912 1085 3984 σκώληξ
1135 3913 1733 3984 καρδίας,“κατεσθίων
1761 3913 1861 3982 τὴν

270 4006 550 4062 τεκοῦσαν
603 4004 837 4075 μητέρα.
879 4005 993 4057 Οὐκ
1024 4000 1165 4057 οἶδεν
1213 3996 1426 4075 μέλιτος
1465 4004 1653 4070 γεῦσιν
1697 4004 1727 4056 ὁ
1771 4002 1863 4055 λυ-

274 4098 553 4169 πούμενος
581 4096 832 4168 μοναχὸς,
864 4094 941 4165 ὡς
970 4097 998 4148 ό
1036 4095 1326 4162 πυρέσσων
1355 4095 1618 4163 σφοδρῶς.
1643 4092 1860 4147 Λυπού-

275 4208 442 4263 μενος
485 4189 741 4261 μοναχδς,
795 4188 856 4240 οὐ
912 4190 1054 4240 κινεῖ
1102 4187 1194 4240 τὸν
1243 4187 1367 4238 νοῦν
1413 4186 1549 4256 πρὸς
1600 4185 1859 4255 θεωρίαν,

267 4283 400 4337 οὐδὲ
435 4281 751 4355 προσευχὴν
789 4276 1040 4352 καθαρὰν
1090 4280 1408 4349 ἀναπέμπει
1444 4277 1574 4331 ποτὲ
1606 4278 1682 4348 τῷ
1719 4276 1859 4346 Θεῷ.

284 4378 351 4431 '0
371 4377 649 4446 κρατήσας
672 4373 882 4435 παθῶν,
918 4372 1234 4440 ἐκράτησεν
1251 4371 1350 4440 τῆς
1382 4370 1579 4440 λύπηςο
1615 4369 1858 4441 ἡττημέ-

266 4483 367 4530 νος
402 4467 458 4519 δὲ
485 4463 700 4534 ἡδονῆς,
732 4465 832 4517 οὐκ
873 4461 1195 4532 ἐκφεύξεται
1227 4462 1354 4543 τοὺς
1399 4461 1631 4531 δεσμοὺς
1662 4461 1854 4531 αὐτῆς.
1885 4510 1889 4515 .

285 4558 353 4612 ’0
390 4556 730 4625 λυπούμενος
777 4555 1039 4623 συνεχῶς,
1077 4554 1175 4607 καὶ
1206 4551 1673 4624 προσποιούμενος
1715 4550 1858 4603 ἀπά-

266 4651 453 4710 θειαν,
484 4648 671 4718 ὅμοιός
716 4649 866 4701 ἐστιν
905 4646 1171 4709 νοσοῦντι,
1207 4646 1300 4698 καὶ
1343 4643 1534 4712 ὑγείαν
1565 4644 1857 4712 ὑποκρινο-

271 4744 449 4818 μένῳ.
480 4746 693 4814 Ὢσπερ
723 4743 833 4814 γάρ
862 4743 891 4795 ὁ
915 4741 1087 4795 νοσῶν
1118 4738 1374 4807 δηλοῦται
1406 4737 1510 4790 ὑπὸ
1543 4735 1641 4805 τῆς
1666 4734 1855 4806 χρόας,

232 4878 237 4881 .
266 4831 453 4896 οὕτως
487 4832 740 4902 ἐμπαθὴς
771 4832 1052 4901 ἐλέγχεται
1092 4830 1199 4882 ὑπὸ
1245 4829 1343 4898 τῆς
1385 4827 1588 4896 λύπης.
1632 4827 1688 4878 ὐ
1720 4826 1857 4892 ἀγα-

267 4924 398 4979 πῶν
430 4922 521 4978 τὸν
548 4924 777 4994 κόσμον,
807 4921 1187 4991 λυπηθήσεται
1216 4918 1407 4972 πολλά·
1434 4919 1461 4969 ὁ
1494 4914 1857 4984 καταφρονῶν

265 5015 386 5070 τῶν
415 5018 473 5069 ὲν
508 5015 678 5086 αὐτῷ,
703 5015 1137 5087 εὐφρανθήσεται
1165 5012 1251 5065 διὰ
1283 5010 1502 5072 παντός.
1532 5010 1640 5063 Καὶ
1669 5007 1859 5078 ὥσπερ

268 5110 645 5180 χωνευτήριον
684 5107 940 5177 καθαίρει
989 5104 1251 5173 ἀδόκιμον
1305 5100 1590 5171 ἀργύριον,
1618 5097 1793 5159 οὕτως
1821 5099 1855 5168 ἡ

267 5202 418 5255 κατὰ
439 5199 576 5251 Θεὸν
607 5197 752 5270 λύπη
781 5192 1007 5269 καρδίαν
1034 5196 1343 5273 ἐνάμαρτον
1374 5192 1652 5262 καθαίρει.
1682 5192 1863 5245 Καλὸν

265 5290 366 5349 οὖν
403 5292 544 5361 ἄγαν
576 5292 674 5347 καὶ
705 5292 983 5362 συμφέρον
1029 5294 1096 5361 τῇ
1137 5290 1307 5359 ψυχῇ,
1339 5287 1399 5340 τὸ
1447 5285 1721 5357 στιϐαρῶς
1768 5284 1864 5355 βα·

270 5381 494 5446 στάζειν
534 5383 719 5435 πᾶσαν
762 5380 964 5449 θλίψιν,
994 5381 1129 5434 ἐἴτε
1187 5379 1338 5449 παρά
1377 5376 1705 5447 ἀνθρώπων,
1748 5378 1860 5431 εἴτε

270 5474 430 5542 παρὰ
460 5473 734 5545 δαιμόνων
767 5474 1120 5543 ἐπαγομένην
1144 5513 1159 5537 ,
1214 5472 1311 5524 καὶ
1358 5469 1556 5522 εἰδέναι
1592 5469 1856 5540 ἀκριϐῶς,

269 5566 767 5636 ὅτιπερδζρεῶςται
794 5566 1115 5636 ὐπάρχομεν
1140 5565 1239 5633 τῆς
1264 5565 1708 5632 καταπονήτεως.
1737 5563 1857 5634 Χρὴ

351 5720 395 5752 ³ο
427 5718 445 5773 1
479 5718 625 5773 Pctr.
659 5732 712 5779 ν,
754 5716 838 5771 l0.

923 5717 960 5746 δ’
992 5715 1177 5769 Matth.
1210 5731 1266 5777 lt,
1294 5724 1350 5776 5.

1965 3185 2226 3254 paranda
2260 3176 2423 3241 saluti
2450 3195 2508 3240 et
2542 3184 2975 3246 accommodata,
3006 3184 3177 3242 semel
3214 3184 3309 3238 ubi
3343 3184 3547 3250 permi-

1965 3278 2176 3331 scueril
2205 3293 2263 3331 se
2293 3278 2602 3333 mceror-hic
2627 3277 2866 3333 animam
2884 3273 3549 3337 circumfundensmomi‘

1967 3385 2095 3424 nem
2134 3370 2321 3424 reddit
2352 3369 2581 3438 perinde
2615 3384 2679 3423 ac
2711 3369 3112 3430 vesanientem,
3147 3377 3444 3436 menteque
3483 3382 3548 3422 ac

1965 3469 2190 3529 stupore
2218 3470 2463 3529 captum,
2491 3459 2571 3513 illi
2605 3460 2946 3515 interdicens
2971 3456 3113 3513 bona
3144 3457 3294 3511 omni
3322 3472 3550 3511 consuc-

1966 3552 2157 3606 tudine
2194 3568 2259 3607 ac
2291 3553 2522 3606 fratrum
2554 3566 2893 3621 congressu;
2937 3550 3077 3604 adeo
3109 3557 3169 3603 ut
3202 3564 3306 3603 nec
3347 3564 3377 3603 a
3419 3563 3547 3619 ger-

1963 3656 2123 3695 mane
2162 3641 2355 3696 amicis
2384 3641 2615 3695 exhibiti
2651 3641 2870 3696 consilii
2916 3641 3175 3694 salutaris
3214 3641 3358 3694 sinat
3394 3641 3544 3694 exci-

1962 3749 2095 3803 pere
2120 3748 2405 3788 sermones
2432 3733 2577 3798 illos,
2601 3733 2694 3788 sed
2720 3749 2787 3788 ne
2818 3732 2985 3787 etiam
3026 3747 3292 3800 responso
3318 3732 3546 3801 paciﬁca

1963 3841 2027 3880 ac
2057 3816 2308 3879 modesto
2345 3824 2632 3895 dignatur;
2675 3824 2809 3893 quin
2836 3823 2917 3877 sic
2948 3836 3141 3877 omnes
3179 3823 3374 3876 anima:
3399 3824 3547 3878 vires

1963 3916 2334 3985 circumplexa
2396 3914 2567 3970 semel
2629 3914 2891 3978 tristitia,
2950 3910 3545 3966 totam’amarulentia

1962 4009 2202 4077 complet
2217 4017 2382 4076 atque
2400 4007 2610 4060 insuavi
2631 4005 2981 4075 intemperie.
2997 4002 3298 4059 Persuadet
3316 4002 3546 4072 proinde

1961 4100 2217 4154 homines
2250 4099 2668 4153 utvitabundus
2694 4097 2941 4167 defugiat
2969 4096 3124 4167 quasi
3155 4103 3411 4149 auctores
3433 4110 3547 4148 suae

1962 4193 2124 4248 istius
2150 4192 2523 4247 turbulentize.
2566 4190 2756 4260 Neque
2784 4191 2931 4245 enim
2959 4187 3231 4259 permittit
3274 4196 3334 4241 ut
3371 4203 3545 4257 agno-

1965 4295 2084 4339 scat
2104 4284 2489 4354 aegritudinem
2518 4299 2641 4353 quae
2665 4298 2722 4337 se
2752 4262 2931 4351 urget.
2966 4280 3036 4335 ab
3063 4280 3260 4333 intimo
3287 4278 3542 4349 prosilire

1964 4376 2131 4429 animi
2162 4390 2405 4439 recessu,
2428 4374 2523 4429 sed
2550 4381 2800 4428 externe.
2833 4372 2988 4425 Tunc
3015 4370 3280 4425 elucescit
3301 4369 3541 4439 primum

1963 4467 2187 4532 veritas,
2218 4483 2343 4521 cum
2390 4466 2725 4521 tentatioues
2755 4480 2878 4534 quae
2910 4463 3172 4518 miserum
3206 4463 3542 4524 invaserant,

1965 4559 2020 4613 in
2044 4567 2288 4629 apertam
2318 4576 2377 4614 se
2408 4559 2698 4629 proferunt
2722 4558 2902 4612 lucem
2927 4574 2941 4610 :
2966 4556 3114 4627 quod
3143 4556 3257 4611 sola
3277 4556 3545 4626 contingit

1964 4651 2385 4706 exercitatione.
2423 4651 2674 4706 Tristitia
2718 4651 2887 4721 igitur
2921 4649 3119 4703 animae
3145 4660 3228 4704 est
3259 4648 3547 4704 maerentis

1965 4744 2236 4812 dejectio;
2293 4759 2356 4799 os
2410 4754 2597 4799 autem
2664 4744 2873 4807 leonis,
2922 4741 3202 4795 helluonis
3256 4739 3389 4803 ritu,
3433 4755 3543 4794 non

1962 4848 2164 4902 magno
2211 4833 2436 4902 negotio
2483 4832 2745 4886 absorbet
2790 4844 3028 4886 mcerore
3069 4828 3160 4883 tali
3209 4826 3538 4883 confectum.

1967 4922 2217 4979 Tristitia
2276 4925 2493 4979 vermis‘
2544 4932 2631 4998 est
2687 4923 2909 4988 cordis,
2981 4930 3255 4977 suammet
3306 4920 3548 4975 exedens

1966 5027 2220 5072 matrem.
2257 5018 2590 5086 Neutiquam
2621 5017 2737 5071 haec
2767 5015 3149 5083 experimento
3175 5012 3388 5077 didicit,
3413 5028 3543 5067 sua-

1966 5108 2052 5161 vis
2071 5125 2234 5177 quam
2270 5109 2342 5161 sit
2367 5117 2562 5177 gustus
2588 5108 2789 5161 mellis.
2814 5106 3110 5161 Monachus
3137 5118 3371 5159 mmrorc
3407 5102 3547 5156 inta-

1961 5198 2215 5260 bescens,
2240 5198 2502 5252 assimilis
2537 5208 2621 5253 est
2648 5202 2700 5256 ei
2735 5199 2828 5268 qui
2860 5197 3184 5252 cxmstuanti
3218 5196 3370 5250 febre
3396 5194 3549 5247 labo—

1962 5295 2066 5340 rat.
2097 5285 2198 5351 Qui
2220 5285 2528 5339 continenti
2556 5287 2779 5341 tristitia
2803 5284 3020 5339 lahorat
3051 5283 3374 5344 monachus,
3394 5281 3549 5337 nullo

1961 5379 2052 5433 hic
2109 5387 2269 5448 pacto
2324 5388 2568 5433 mentem
2627 5378 2694 5433 ad
2751 5377 3244 5447 contemplationis
3297 5373 3548 5447 subrigct

1958 5470 2235 5531 studium.
2293 5470 2504 5541 1067
2552 5485 2733 5541 neque
2786 5469 2854 5524 ad
2915 5470 3221 5533 orationem
3274 5468 3547 5524 sinceram

1958 5577 2078 5630 qua:
2110 5558 2176 5614 ad
2210 5559 2376 5614 Deum
2403 5560 2735 5627 destinetur,
2767 5568 3008 5615 mentem
3058 5558 3327 5615 reliectct.
3360 5556 3551 5612 Victor
