4030 6296
604 295 741 364 1511

1870 286 2236 348 ANTIOCHI
2279 284 2624 346 MONACHI

3777 281 3918 348 1.312

599 404 923 477 passionum
958 401 1150 471 utique
1195 400 1375 454 vietor
1423 396 1663 454 tristitia:
1700 403 1806 451 est.
1856 393 2030 460 Quem
2061 392 2194 450 vicit

2317 393 2390 448 ὧν
2436 395 2492 450 ὲν
2524 396 2796 464 προσευχῇ
2835 394 2928 446 καὶ
2971 390 3218 464 ὑπομονῇ
3275 391 3621 462 ἀντιστῆναι
3678 391 3764 462 τῷ
3797 393 3914 446 δαί-

603 497 882 566 voluptas,
933 494 981 547 is
1029 507 1139 547 non
1187 490 1348 544 facile
1389 488 1647 560 eﬂ‘ugcrit
1681 485 1918 541 tristitia:
1947 484 2188 538 vincula.

604 586 710 654 Qui
767 582 1078 640 continenti
1147 580 1374 634 tristitia
1425 577 1742 644 coniicitur,
1796 591 2036 644 cumque
2089 574 2192 628 hac

606 677 853 748 perlecta
888 675 1085 729 animae
1119 670 1579 740 tranquillitatem
1619 669 1726 724 sibi
1777 678 1839 722 ut
1885 675 2190 736 comparet,

2297 503 2418 557 μονι
2449 485 2642 556 τούτῳ.
2683 483 2742 539 ’0
2769 485 2880 556 γὰρ
2908 483 3061 546 ὲκτδς
3108 485 3428 556 προσευχῆς
3473 484 3580 536 καὶ
3623 485 3914 553 ὑπομονῆς

2293 578 2639 648 πειρασμοὺς
2693 579 2914 646 νικῆσαι
2970 576 3163 639 θέλων,
3193 577 3296 629 οὐκ
3341 576 3653 628 ἀπώσεται
3687 577 3910 640 αύτοπ,

2289 669 2429 724 ἀλλά
2470 671 2633 724 πλέον
2664 671 3076 742 ὲμπλακήσεται
3102 670 3307 732 αὐτοῖς.
3347 669 3578 722 Οὐκοῦν
3613 669 3716 721 καὶ
3751 671 3909 738 ἡμεῖς

607 768 904 829 adnititur,
943 763 1206 819 assimilis
1258 773 1344 817 est
1398 761 1450 816 ei
1505 762 1601 832 qui
1644 759 1896 831 aegrescit
1944 757 2190 828 quidem,

2317 759 2361 812 it'
2402 761 2683 832 ὑπομονῆς
2706 761 2802 813 σὺν
2832 761 2909 830 τῷ
2936 759 3098 814 Δαυῒδ
3132 759 3434 830 ψάλλομενο
3467 778 3487 810 ι
3510 757 3641 812 Ἵνα
3663 760 3723 811 τί
3754 759 3907 829 περί-

608 857 709 913 sed
761 855 1118 911 simulatione
1171 852 1478 908 ementitur
1525 851 1733 906 habere
1781 865 1840 904 se
1874 849 2190 904 sanitatem.

2292 849 2463 914 λυπος
2510 847 2581 916 εἴ,
2610 853 2644 922 ἡ
2676 850 2823 920 ψυχή
2864 868 2989 918 μου,
3021 848 3113 902 καὶ
3143 849 3230 902 ἴνα
3254 850 3308 902 τί
3337 852 3766 920 συνταράσσεις
3804 866 3904 916 μες

607 944 1085 1014 Quemadmodum
1133 946 1219 998 vel
1256 943 1444 997 colore
1489 942 1615 1012 quis
1659 957 1718 996 se
1763 940 1970 1011 prodit,
1998 939 2195 992 morbo

2317 939 2518 991 ἑλπισον
2551 939 2646 991 ἐπὶ
2699 938 2792 991 τὸν
2836 937 2989 1001 Θεὸν,
3045 937 3128 990 ὅτι
3181 936 3682 1008 ἐξομολογησομαι
3733 937 3903 1006 αύτῷ,

607 1039 652 1092 si
687 1037 983 1107 premitur,
1028 1037 1104 1090 ita
1137 1035 1233 1104 qui
1271 1025 1693 1104 perturbatione
1725 1033 1894 1086 animi
1933 1031 2194 1100 quapiam

608 1125 885 1194 agitatur,
949 1124 1190 1178 tristitia:
1249 1121 1603 1177 convincitur
1670 1128 2016 1188 argumento.
2090 1118 2196 1185 Qui

612 1216 884 1271 mundum
927 1216 1132 1286 diligit,
1174 1216 1222 1270 is
1249 1230 1479 1270 necesse
1514 1214 1588 1268 sit
1621 1223 1682 1268 ut
1721 1213 1958 1268 subinde
1991 1213 2200 1267 contri-

612 1314 794 1362 stetur
819 1315 877 1360 et
902 1313 1172 1368 maereat;
1205 1304 1300 1374 qui
1341 1311 1525 1356 autem
1558 1317 1681 1371 qua:
1712 1300 1769 1354 in
1811 1299 2018 1354 mundo
2067 1306 2200 1353 sunt

612 1399 790 1462 bona,
835 1412 904 1452 ne
954 1396 1153 1451 tantilli
1203 1395 1432 1465 quidem
1467 1393 1642 1458 ducit,
1688 1393 1804 1464 jugi
1855 1391 2042 1446 laetitia
2075 1406 2201 1460 per-

611 1489 852 1544 l'ructur.
889 1487 1376 1553 Quemadmodum
1406 1483 1725 1540 conﬂatoria
1763 1498 1851 1538 ars
1887 1499 1956 1536 ex
1991 1481 2202 1552 plumbi

613 1580 850 1633 materia
899 1577 1280 1647 detrahitjugi
1320 1576 1651 1631 conliatione
1696 1584 1754 1629 et
1798 1573 2098 1637 imminuit,
2127 1573 2203 1626 ita

613 1680 670 1726 et
700 1670 928 1724 tristitia
956 1669 1151 1722 mundi
1181 1669 1342 1722 istius
1378 1676 1619 1722 mentem
1656 1667 1864 1720 atterit.
1892 1667 1962 1721 Ut
2003 1680 2202 1736 argen-

615 1775 734 1820 tum
775 1761 984 1830 alioqui
1036 1762 1339 1830 reprobum
1389 1761 1677 1816 collustrat
1720 1756 2103 1813 conﬂatorium
2143 1764 2203 1830 et
2235 1751 2274 1804 Β

613 1854 812 1925 purius
836 1829 1042 1917 reddit,
1063 1829 1145 1907 sic
1165 1853 1390 1907 tristitia
1410 1867 1532 1921 qua:
1557 1849 1863 1906 secundum
1895 1848 2066 1902 Deum
2093 1829 2200 1910 est,

614 1959 713 2001 cor
749 1945 958 2014 expiat,
996 1945 1128 2000 licet
1176 1945 1500 2000 occalluerit
1546 1943 1758 2014 peccati
1806 1941 2008 1998 scoria.
2060 1938 2204 1994 Sane

615 2039 902 2110 egregium
931 2045 1020 2092 est
1051 2046 1109 2092 et
1151 2037 1352 2091 animae
1389 2035 1652 2090 conducit
1684 2049 1794 2088 non
1821 2029 2203 2096 mediocriter,

619 2143 844 2184 omnem
876 2128 1154 2183 invectam
1177 2126 1530 2180 amictionem
1565 2124 1692 2179 forti
1715 2123 1964 2195 perferre
1999 2121 2204 2186 animo,

621 2218 739 2274 sive
775 2217 1132 2287 improbitate
1170 2216 1456 2271 hominum
1486 2231 1550 2270 ea
1576 2214 1858 2284 inﬂigatur
1890 2213 2206 2284 impressio,

623 2308 740 2363 sive
794 2308 1038 2362 assultus
1098 2307 1191 2361 hic
1253 2307 1542 2361 incentore
1604 2305 1851 2361 dannone
1909 2303 2204 2374 irrogetur,

624 2398 723 2456 sed
760 2407 818 2454 et
869 2413 1034 2455 nosse
1069 2407 1122 2453 te
1151 2399 1404 2454 exactius
1431 2398 1692 2452 convenit
1722 2411 1826 2452 nos
1863 2397 2022 2472 istius
2050 2394 2209 2449 debi-

624 2499 778 2546 tores
804 2505 928 2545 esse
965 2504 1228 2544 aarumnae
1255 2499 1313 2544 et
1340 2489 1672 2549 aillictionis.
1701 2488 1853 2560 Opus
1883 2487 2048 2558 igitur
2077 2487 2210 2540 buic

627 2595 691 2642 ut
726 2587 1078 2641 obluctemur
1113 2602 1259 2640 saevo
1288 2585 1560 2656 damoni,
1599 2581 1856 2654 praesidio
1902 2580 2124 2636 subnixi
2156 2588 2212 2634 et

626 2677 898 2732 orationis
921 2685 978 2730 et
1006 2676 1286 2745 patientiae
1311 2693 1326 2730 :
1359 2692 1486 2730 nam
1516 2676 1612 2745 qui
1643 2675 2008 2729 tentationum
2027 2671 2212 2743 jacula

628 2783 662 2822 a
709 2783 769 2823 se
823 2767 1108 2837 depellere
1139 2767 1368 2838 quidem
1401 2769 1548 2831 vult,
1582 2784 1685 2822 nec
1735 2767 1889 2821 fulcit
1939 2781 2000 2821 se
2041 2764 2213 2822 armis

631 2857 903 2914 orationis
927 2866 983 2912 et
1023 2859 1325 2928 patientiae,
1367 2859 1508 2912 adeo
1534 2874 1562 2913 a
1592 2873 1654 2912 se
1680 2873 1789 2911 non
1817 2855 2069 2927 proﬂigat
2096 2870 2212 2926 eas,

631 2952 884 3006 utetiam
918 2949 1028 3004 illis
1055 2950 1372 3022 perplexius
1403 2950 1730 3003 involvatur.
1763 2949 1872 3004 Nos
1897 2948 2064 3018 igitur
2088 2962 2214 3000 cum

611 3044 796 3104 .beato
848 3041 1023 3097 David
1085 3043 1386 3099 tolerantes
1439 3041 1814 3104 amictionem,
1849 3041 2152 3110 psallamus
2197 3054 2210 3088 :

641 3150 660 3185 ι
697 3131 900 3201 thnid
929 3131 1101 3186 tristis
1151 3147 1234 3195 es,
1265 3131 1446 3184 anima
1473 3145 1613 3194 mea,
1639 3139 1697 3184 et
1718 3144 1890 3199 quare
1915 3127 2214 3182 conturbas

633 3225 762 3277 me?
786 3223 958 3292 Spera
985 3222 1039 3274 in
1074 3222 1207 3284 Deo,
1239 3221 1500 3290 quoniam
1529 3220 1836 3275 conﬁtebor
1860 3219 1946 3298 ei;
1973 3219 2213 3273 salutare

631 3313 824 3367 vultus
855 3312 962 3366 mei
995 3323 1051 3367 et
1079 3313 1226 3366 Deus
1251 3327 1408 3366 meus
1430 3313 1493 3364 ³².
1531 3332 1548 3363 ι
1577 3313 1766 3381 Neque
1791 3312 1939 3366 enim
1969 3311 2064 3381 qui
2091 3322 2216 3364 ten-

638 3404 911 3458 tationum
950 3400 1314 3460 vibramentis
1344 3404 1619 3467 eruditur,
1667 3403 1931 3474 possibile
1979 3403 2051 3457 sit
2079 3401 2215 3471 quin

639 3501 874 3548 mmreat
902 3507 968 3547 ac
1001 3494 1272 3548 tristetur.
1305 3494 1483 3562 Atque
1527 3493 1800 3564 patienter
1823 3494 2054 3547 tolerato
2085 3507 2217 3562 ago-

637 3599 746 3649 ne,
802 3583 948 3664 tales
1003 3599 1115 3638 non
1171 3585 1436 3639 mediocri
1496 3586 1906 3655 pertunduntur
1976 3584 2214 3656 gaudio;

638 3674 874 3730 maxime
909 3675 953 3728 si
1005 3675 1216 3744 seipsos
1247 3676 1416 3731 armis
1459 3675 1888 3731 communierint
1926 3675 2215 3738 orationis,

641 3763 942 3834 patientiae,
978 3775 1034 3819 et
1063 3765 1311 3821 dulcium
1349 3767 1738 3838 lacrymarum,
1764 3781 1982 3820 necnon
2012 3757 2218 3818 intelli-

639 3855 826 3926 gentia
856 3856 1057 3913 divinae
1094 3857 1415 3927 Scriptura).
1451 3859 1878 3930 Quanticunque
1905 3858 2054 3913 enim
2090 3865 2221 3913 sunt

640 3961 784 4017 quos
815 3947 970 4002 labor
1001 3957 1058 4002 et
1096 3944 1319 4003 alllietio
1349 3965 1651 4004 exercuere
1681 3951 1737 4004 in
1778 3951 2040 4004 cordibus
2069 3951 2221 4005 suis?

639 4035 774 4092 Jure
799 4037 1058 4106 quidem!
1091 4037 1323 4093 Coronae
1355 4038 1504 4093 enim
1529 4054 1760 4109 agonem
1802 4039 2022 4094 fortiter
2055 4040 2222 4096 susti-

644 4129 908 4184 nentibus
936 4130 1361 4184 concinnantur.
1383 4131 1542 4197 Quod
1572 4132 1618 4186 si
1645 4147 1801 4187 mens
1831 4133 2029 4188 inertia
2052 4135 2222 4190 animi

644 4230 962 4286 enervetur,
1011 4237 1136 4274 mox
1175 4221 1400 4277 tristitia
1453 4223 1716 4278 arrodere
1761 4225 1956 4294 incipit
1984 4225 2225 4280 hominis

646 4325 765 4372 cor,
818 4311 976 4380 juxta
1035 4313 1364 4366 sententiam
1434 4315 1807 4384 superiorem,
1859 4332 1960 4371 ceu
2021 4318 2227 4372 assolet

647 4395 876 4470 pallium
932 4401 1167 4456 exedere
1228 4402 1403 4466 tinea,
1462 4402 1670 4456 vermis
1715 4403 1924 4474 lignum
1983 4404 2038 4458 in
2092 4403 2226 4475 ligni

649 4492 870 4546 ossibus
917 4503 1236 4563 prognatus.
1296 4494 1737 4563 Deprehenditur
1783 4498 1946 4551 homo
1986 4485 2138 4552 tunc-
2174 4497 2232 4552 in

649 4583 976 4638 densissima
1024 4586 1235 4639 versari
1283 4587 1514 4655 caligine
1558 4589 1974 4658 cogitationum.
2019 4591 2098 4644 0b
2127 4591 2235 4646 hoc

651 4690 824 4732 unum
879 4675 1142 4730 admonet
1188 4676 1505 4746 Scriptura,
1555 4677 1746 4732 dicens
1791 4695 1805 4732 :
1862 4699 1879 4728 ι
1928 4678 2231 4734 Tristitiam

653 4766 815 4838 longe
851 4777 1038 4821 averte
1068 4783 1098 4820 a
1134 4775 1222 4832 te;
1259 4767 1464 4821 mullos
1483 4768 1630 4821 cnim
1665 4769 1868 4824 occidit
1899 4771 2142 4836 tristitia,
2177 4779 2236 4827 et

653 4876 762 4914 non
795 4869 880 4913 est
907 4859 1118 4914 utilitas
1156 4860 1209 4913 in
1241 4875 1304 4913 ea
1329 4860 1394 4913 ³³.
1431 4879 1448 4910 ι
1480 4861 1548 4915 Et
1575 4879 1588 4915 :
1623 4881 1640 4912 ι
1671 4861 1750 4915 Ex
1781 4863 2002 4918 tristitia
2037 4880 2235 4934 prove-

655 4953 740 5005 nit
783 4967 938 5005 mors
973 4950 1038 5004 “.
1073 4971 1092 5000 ι
1126 4951 1192 5005 Et
1228 4969 1240 5005 :
1281 4969 1298 5001 ‹
1345 4951 1591 5008 Tristitia
1635 4955 1818 5008 cordis
1859 4954 2148 5009 inclinabit
2179 4961 2238 5010 et

654 5043 900 5101 emolliet
934 5043 1190 5100 robur”.
1227 5063 1246 5098 ι
1278 5045 1495 5100 lnducit
1525 5064 1537 5099 :
1573 5065 1592 5100 ί
1631 5047 1708 5102 Ne
1734 5047 1833 5102 des
1863 5047 1918 5101 in
1955 5047 2236 5102 tristitiam

655 5153 754 5192 cor
788 5145 965 5205 tuum,
1002 5137 1099 5194 sed
1126 5138 1284 5194 aufer
1315 5156 1435 5194 eam
1469 5139 1568 5195 abs
1596 5150 1669 5205 te,
1699 5149 1978 5195 memento
2007 5140 2242 5194 novissi-

659 5243 875 5284 morum
921 5230 1046 5300 ejus
1072 5231 1136 5283 ".
1186 5249 1205 5283 ι
1241 5231 1446 5286 Averte
1497 5232 1663 5305 igitur
1713 5233 1811 5288 abs
1855 5242 1906 5289 te
1947 5232 2230 5288 tristitiam

659 5315 830 5385 bane,
859 5329 915 5375 et
939 5337 1008 5376 ne
1039 5323 1333 5378 contristes
1373 5322 1637 5394 Spiritum
1672 5337 1924 5380 sanetum
1954 5324 2049 5394 qui
2084 5324 2140 5380 in
2180 5332 2232 5380 te

659 5411 896 5475 habitat,
936 5429 1004 5467 ne
1028 5413 1172 5470 forte
1213 5415 1522 5486 interpellet
1550 5417 1720 5472 Deum
1750 5425 1806 5471 et
1844 5418 2068 5472 recedat
2095 5434 2126 5488 a
2160 5426 2235 5473 te.

661 5502 902 5574 Spiritus
943 5506 1092 5560 enim
1143 5508 1239 5562 Dei
1280 5508 1374 5578 qui
1417 5509 1472 5562 in
1508 5508 1652 5563 hanc
1691 5509 1857 5564 etiam
1904 5523 2130 5566 carnem
2177 5526 2238 5566 se

733 5686 780 5720 ⁸³
811 5687 1064 5742 Psal.xu
1093 5730 1106 5754 ,
1151 5691 1204 5757 6,
1251 5692 1303 5744 7.
1407 5692 1450 5724 ³³
1494 5691 1662 5747 Eccli.
1711 5710 1832 5760 xxx,
1881 5694 1970 5758 '2‘,
2001 5694 2094 5749 2‘5.

2297 1031 2568 1100 σωτήριον
2622 1029 2716 1082 τοῦ
2781 1029 3074 1098 προσώπου
3135 1045 3274 1099 μου,
3323 1029 3418 1081 καὶ
3449 1032 3480 1082 6
3521 1030 3666 1091 Θεὸς
3717 1047 3850 1099 μου.
3883 1049 3900 1078 ι

2309 1121 2618 1191 ’Δμήχανον
2649 1121 2758 1191 γάρ
2809 1123 2958 1174 ἐστιν
3011 1121 3181 1190 χωρὶς
3232 1118 3413 1190 λύπης
3468 1121 3790 1192 παρελθεῖν
3820 1123 3906 1172 τὸν

2299 1211 2770 1281 ὲμπαιδευόμενον
2794 1214 2908 1274 τοῖς
2935 1212 3284 1281 πειρασμοῖς.
3317 1211 3487 1264 Ἀ).λά
3522 1215 3672 1282 μετά
3705 1212 3900 1275 ταῦτα,

2301 1305 2507 1371 πολλῆς
2553 1305 2730 1376 χαρᾶς
2783 1303 3118 1375 πληροῦνται
3151 1305 3200 1357 οἱ
3231 1303 3466 1356 τοιοῦτοι
3503 1304 3786 1373 (μάλιστα
3813 1306 3903 1357 ἐὰν

2300 1396 2367 1450 δι’
2400 1397 2565 1467 εὐχῆς
2605 1399 2700 1450 καὶ
2744 1395 3026 1466 ὑπομονῆς
3058 1394 3286 1458 ἑαυτοὺς
3325 1393 3781 1467 καθοπλίσωσεν)
3814 1397 3904 1448 καὶ

2302 1486 2557 1557 δακρύων
2582 1485 2852 1554 γλυκέων,
2876 1487 2972 1539 καλ⁵
2993 1484 3286 1553 νοημάτων
3317 1484 3508 1547 θείων,
3540 1485 3668 1540 ὅσοι
3701 1487 3904 1556 ἐγεώρ-

2303 1593 2481 1645 γησαν
2519 1576 2610 1628 τὸν
2655 1577 2817 1629 πόνον
2867 1577 2964 1628 καὶ
3010 1575 3109 1646 τὴν
3149 1574 3328 1644 θλίψιν
3365 1577 3424 1627 ὲν
3477 1577 3609 1638 ταῖς
3649 1579 3905 1646 καρδίαις

2305 1668 2510 1723 αὐτῶν.
2543 1668 2631 1721 Ἐν
2659 1669 2767 1738 γὰρ
2807 1671 2926 1732 ταῖς
2953 1666 3227 1736 θλίψεσιν,
3259 1670 3376 1730 τοῖς
3418 1665 3689 1720 ἀῦλοῦσιν
3708 1669 3766 1722 οἱ
3791 1671 3905 1722 στέ-

2305 1777 2482 1830 φανοι.
2525 1759 2680 1812 Ἐπεὶ
2709 1761 2804 1814 ὲάν
2839 1759 3093 1829 χαυνωειῇ
3121 1761 3148 1810 6
3177 1759 3438 1830 λογισμὸς
3471 1761 3540 1812 ὲκ
3571 1759 3683 1823 τῆς
3711 1763 3902 1830 εύχῆς,

2303 1851 2533 1923 ἄρχεται
2567 1851 2602 1921 ἡ
2641 1849 2790 1920 λύπη
2826 1848 3137 1903 κατεσθίειν
3165 1849 3266 1921 τὴν
3300 1849 3537 1920 καρδίαν
3560 1849 3665 1903 τοῦ
3689 1850 3904 1921 direpti;-

2306 1960 2433 2007 που,
2477 1941 2552 2007 ὡς
2597 1943 2838 2012 εἴρηται,
2881 1939 3072 2010 ὥσπερ
3119 1939 3218 2010 σὴς
3270 1940 3511 2010 ἱμάτιον,
3545 1942 3658 1994 καὶ
3687 1939 3902 2009 σκώληξ

2306 2032 2486 2100 ξύλον,
2517 2034 2574 2086 ὲν
2603 2035 2717 2096 τοῖς
2740 2030 2950 2092 ὀστέοις
2980 2028 3142 2083 αὐτοῦ
3173 2030 3460 2100 γινομένη.
3493 2031 3613 2084 Καὶ
3645 2032 3901 2101 εὑρίσκε-

2305 2143 2397 2180 ται
2437 2127 2466 2180 6
2501 2124 2790 2196 ἄνθρωπος
2829 2122 3153 2194 σκυθρωπὸς
3195 2123 3254 2177 ὲν
3288 2123 3556 2176 σκοτώσει
3594 2124 3898 2194 λογισμῶν,

2306 2218 2406 2274 Διά
2435 2216 2596 2270 τοῦτο
2641 2217 2738 2269 καί
2763 2216 2798 2286 ἠ
2835 2214 3030 2285 Γραφὴ
3064 2217 3323 2286 παραινεῖ
3349 2214 3618 2283 λέγουσα,
3655 2234 3678 2266 ι
3711 2215 3902 2286 Δύπην

2311 2309 2528 2382 μακρὰν
2555 2307 2866 2378 ἀπόστησον
2900 2307 3008 2361 ἀπὸ
3037 2305 3152 2360 σοῦ·
3187 2306 3418 2370 πολλοὺς
3437 2311 3552 2378 γὰρ
3567 2307 3900 2360 ἀπέκτεινεν

2309 2401 2538 2473 ήλύπη,
2603 2399 2698 2452 καὶ
2752 2399 2854 2452 οὐκ
2903 2398 3051 2450 ἔστιν
3103 2398 3344 2467 ὠφέλεια
3401 2401 3459 2452 ὲν
3495 2401 3668 2469 αὐτῇ.
3713 2417 3734 2450 ι
3765 2398 3898 2452 Καί·

2315 2511 2335 2545 ι
2385 2492 2518 2544 Ἀπὸ
2557 2491 2735 2560 λύπης
2769 2489 3016 2542 ἐκϐαίνει
3044 2488 3328 2554 θάνατος.)
3353 2490 3462 2544 Καί
3489 2507 3504 2521 ·
3536 2509 3558 2542 ι
3577 2489 3753 2558 Δύπη
3771 2505 3900 2560 καρ-

2309 2583 2446 2649 δίας,
2474 2582 2682 2653 κάμψει
2717 2582 2891 2652 ἰσχύν.
2929 2599 2948 2632 ι
2981 2581 3089 2634 Καὶ
3118 2582 3314 2650 ἐπάγει
3337 2597 3350 2609 ·
3401 2600 3420 2633 ι
3447 2582 3548 2651 Μὴ
3579 2580 3786 2645 δώσεις
3815 2579 3900 2634 15.

2314 2694 2422 2746 πην
2470 2677 2535 2746 τῇ
2573 2674 2776 2752 καρδίᾳ
2814 2691 2934 2737 σου,
2983 2672 3122 2736 ἀλλά
3166 2673 3479 2742 ἁπόστησον
3525 2673 3729 2744 αὐτὴν,
3779 2675 3902 2743 μνη-

2314 2767 2470 2836 σθητι
2501 2767 2568 2821 τά
2613 2766 2820 2836 ἔσχατα
2852 2765 3042 2834 αὐτῆς.
3087 2783 3106 2816 t
3145 2759 3320 2835 τΑρον
3357 2763 3451 2817 οῦν
3489 2763 3601 2817 ἀπδ
3631 2764 3729 2817 σοῦ
3771 2761 3901 2817 ταύ-

2311 2877 2413 2930 την
2444 2861 2542 2921 τὴν
2584 2856 2784 2926 λύπην,
2815 2856 2911 2910 καὶ
2959 2855 3034 2926 μὴ
3078 2854 3238 2908 λύπει
3267 2857 3330 2908 τὸ
3367 2856 3599 2927 Πνεῦμα
3629 2857 3694 2909 τὸ
3723 2857 3899 2923 ἅγιον,

2313 2929 2373 3002 τὸ
2399 2945 2688 3002 κατοικοῦν
2719 2947 2777 2998 ἐν
2806 2947 2909 2999 σοίο
2940 2949 3148 3016 μήποτε
3172 2943 3494 3016 ἐντεύξηται
3527 2947 3610 3016 τῷ
3637 2947 3786 3017 Θεῷ,
3817 2949 3902 3001 καὶ

2316 3043 2526 3111 ἀποστῇ
2557 3038 2665 3092 ἀπὸ
2695 3038 2808 3092 σοῦ.
2847 3038 2922 3091 Τδ
2957 3041 3064 3111 γὰρ
3092 3037 3317 3109 Πνεῦμα
3344 3037 3436 3092 τοῦ
3467 3038 3634 3100 Θεοῦ,
3669 3041 3732 3094 τὸ
3759 3040 3904 3093 δοθὲν

2321 3133 2400 3194 εἰς
2428 3130 2525 3200 τὴν
2572 3129 2753 3200 σάρκα
2806 3127 3030 3199 ταύτην,
3065 3127 3244 3199 λύπην
3291 3128 3393 3182 οὐκ
3445 3130 3745 3200 ὑποφέρει,
3793 3130 3904 3184 οὐδὲ

2324 3220 2702 3290 στενοχωρίαν.
2734 3220 2990 3274 Ἔ-ιδυσαι
3023 3214 3117 3272 οῦν
3147 3218 3246 3290 τὴν
3279 3219 3609 3291 ἱλαρότητα,
3635 3222 3738 3291 τὴν
3783 3222 3904 3275 πά.-

2320 3331 2444 3368 τοτε
2482 3315 2718 3384 ἔχουσαν
2750 3313 2911 3384 χάριν
2947 3311 3108 3382 ’παρὰ
3147 3312 3225 3383 τῷ
3253 3312 3394 3382 Θεῷ,
3437 3313 3536 3366 καὶ
3564 3316 3822 3384 ὲντρύφα
3851 3317 3902 3366 ἐν

2324 3407 2484 3476 αὐτῇ.
2536 3405 2596 3457 ὐ
2644 3403 2754 3475 γὰρ
2791 3401 2976 3472 ἱλαρὸς
3012 3402 3154 3471 ἀνὴρ
3199 3402 3383 3470 ἀγαθά
3434 3403 3764 3474 δργάξεται,
3819 3408 3903 3459 καὶ

2324 3498 2658 3568 καταφρονεῖ
2681 3496 2782 3564 τῆς
2805 3493 3004 3564 λύπης.
3038 3493 3096 3548 '0
3125 3493 3184 3547 δὲ
3209 3493 3450 3565 λυπηρὸς
3476 3497 3578 3564 civi;
3587 3513 3645 3566 ρ,
3677 3498 3901 3550 πάντοτε

2325 3589 2711 3661 πονηρεὺεται.
2745 3589 2970 3660 Πρῶτον
3003 3587 3103 3658 μὲν
3129 3588 3518 3660 πονηρεύεται,
3551 3590 3640 3643 ὅτι
3659 3591 3826 3644 λυπεῖ
3849 3591 3903 3644 τὸ

2326 3682 2554 3752 Πνεῦμα
2581 3682 2643 3736 τὸ
2671 3681 2851 3750 ἅγιον,
2875 3681 2937 3735 τὺ
2962 3680 3114 3734 δοθὲν
3138 3681 3215 3750 τῷ
3238 3681 3516 3753 ἀνθρώπῳ
3544 3682 3756 3754 ἱλαρόν.
3781 3682 3908 3736 Δεύ-

2321 3791 2484 3845 τερον
2516 3774 2574 3826 δὲ
2607 3773 2794 3828 λοιπὸν
2833 3772 3064 3842 ἀνομίαν
3089 3771 3402 3841 ἐργάζεται,
3438 3773 3516 3844 μὴ
3549 3773 3902 3842 ἐξομολοτοά.

2330 3881 2492 3936 μενον
2517 3863 2594 3934 τῷ
2632 3864 2845 3934 Κυρίῳ.
2881 3861 2992 3916 Τοῦ
3021 3863 3130 3934 γὰρ
3157 3862 3404 3932 λυπηροῦ
3433 3864 3628 3934 ἀνδρὸς
3659 3867 3694 3934 ἡ
3729 3867 3898 3918 ἔντευ-

2329 3955 2412 4021 ξις
2445 3955 2546 4008 οὐκ
2595 3953 2709 4025 ἔχει
2735 3953 2968 4022 δύναμιν
3000 3949 3260 4023 ἀναϐῆναι
3294 3955 3390 4005 ἐπὶ
3429 3952 3490 4007 τὺ
3520 3955 3900 4028 Θυσιαστηριον

2327 4046 2424 4100 τοῦ
2461 4044 2618 4100 Θεοῦ.
2663 4045 2994 4115 Ἐγκάοηται
3042 4043 3152 4114 γὰρ
3181 4046 3215 4114 ἡ
3243 4043 3390 4114 λύπη
3422 4047 3502 4108 είς
3543 4045 3644 4116 τὴν
3687 4047 3897 4118 καρδίαν

2329 4136 2518 4190 αὑτοῦ.
2573 4137 2906 4206 Μεμιγμένη
2954 4131 3048 4188 οὖν
3085 4135 3231 4205 λύπη
3273 4136 3412 4204 με·τά
3463 4137 3566 4204 τῆς
3617 4139 3897 4205 ἐντεύξεως

2331 4226 2433 4278 οὐκ
2461 4224 2690 4295 ἀφίησιν
2722 4225 2820 4297 τὴν
2855 4225 3092 4291 ἔντευξιν
3120 4225 3386 4293 ἀναϐῆναι
3417 4225 3672 4300 καθαρὰν
3694 4230 3828 4296 πρὸς
3849 4228 3898 4278 τὸ

2333 4317 2746 4388 θυσιαστήριον.
2779 4317 2992 4388 Ὠσπερ
3015 4317 3124 4385 γὰρ
3171 4314 3291 4380 ὄξος
3331 4316 3424 4369 καὶ
3455 4313 3600 4380 οἶνος
3637 4319 3898 4388 μεμιγμέ-

2263 4442 2308 4498 D
2334 4430 2423 4476 νος
2457 4413 2549 4466 ἐπὶ
2577 4411 2636 4464 τὺ
2669 4411 2801 4464 αὐτὸ
2835 4412 2934 4481 τὴν
2977 4409 3146 4480 αὐτὴν
3185 4409 3378 4480 ἡδονὴν
3407 4412 3510 4463 οὐκ
3558 4409 3800 4479 ἔχουσιν,
3823 4409 3898 4463 οῦ-

2332 4521 2440 4568 τως
2468 4505 2564 4558 καὶ
2595 4505 2628 4574 ἡ
2664 4503 2808 4573 λύπη
2843 4504 3157 4574 μεμιγμένη
3192 4505 3330 4574 μετά
3356 4501 3450 4556 τοῦ
3474 4502 3798 4578 Πνεύματος
3819 4501 3897 4555 τοῦ

2334 4598 2516 4666 ἁγίου,
2539 4597 2641 4665 τὴν
2665 4595 2834 4666 αὐτὴν
2863 4594 3103 4660 ἔντευξιν
3132 4595 3231 4648 οὐκ
3263 4595 3399 4666 ἔχει.
3433 4594 3620 4648 Καλὸν
3651 4591 3744 4648 οὖν
3770 4600 3898 4649 ἐστιν

2335 4687 2634 4743 ἀποϐαλεῖν
2676 4689 2770 4757 ἀφ’
2805 4686 3014 4740 ἑαυτῶν
3045 4685 3145 4758 τὴν
3195 4687 3408 4756 λύπην,
3457 4688 3555 4740 καὶ
3589 4687 3897 4742 ἐνδύσασθαι

2339 4783 2522 4836 πᾶσαν
2549 4779 2864 4852 ἱλαρότητα.
2887 4777 3105 4848 Ταύτης
3128 4773 3224 4832 οῦν
3252 4779 3350 4848 τῆς
3373 4777 3554 4848 λύπης
3583 4780 3735 4853 πάσῃ
3763 4795 3899 4832 σπου-

2337 4872 2400 4943 δῇ
2445 4871 2602 4934 exet,-
2643 4867 2952 4938 γενώμεθα,
2985 4868 3066 4922 ὅτι
3098 4864 3239 4921 κάτά
3267 4869 3476 4936 κόσμον
3501 4869 3672 4922 ἐστίν·
3705 4889 3724 4920 ι
3773 4867 3896 4922 Ἡδὲ

2339 4965 2483 5018 κατὰ
2515 4962 2648 5016 Θεὸν
2689 4961 2860 5032 λύπη,
2899 4980 2916 5012 ι
2959 4961 3034 5024 ὡς
3079 4956 3234 5014 εἶπεν
3277 4963 3306 5013 6
3337 4961 3644 5026 ἀπόστολος
3677 4961 3891 5023 Παῦλος.

2346 5073 2365 5108 ι
2401 5056 2691 5126 μετάνοιαν
2721 5054 2801 5116 εἰς
2829 5053 3106 5126 σωτηρίαν
3133 5052 3553 5125 ἀμεταμέλητον
3586 5054 3894 5125 κατεργάζε-

2341 5161 2448 5198 ται·
2480 5164 2498 5194 ι
2537 5146 2571 5215 ή
2600 5145 2657 5198 δὲ
2685 5143 2779 5197 τοῦ
2811 5143 3020 5214 κόσμου
3058 5144 3205 5214 λύπη
3237 5143 3469 5198 θάνατον
3495 5144 3891 5216 κατεργάζεται.

2344 5239 2455 5292 Καὶ
2487 5239 2516 5290 6
2551 5237 2993 5309 Παροιμιαστήςο
3038 5256 3054 5286 ι
3093 5235 3332 5303 Εὐλογία
3368 5236 3581 5306 Κυρίου
3623 5237 3716 5289 ἐπὶ
3748 5251 3891 5302 κεῖτο

2346 5327 2442 5400 λην
2471 5327 2703 5389 δικαίου.
2743 5325 2907 5399 [αὕτη
2954 5323 3276 5400 πλουτίζει,]
3317 5327 3413 5378 καὶ
3445 5326 3511 5380 οὗ
3548 5327 3624 5398 μὴ
3655 5323 3888 5398 προστεθῇ

2343 5421 2483 5491 αὐτῇ
2508 5419 2654 5490 λύπη
2686 5421 2744 5471 ὲν
2787 5419 3007 5490 καρδίᾳ.
3045 5437 3063 5472 ι
3105 5417 3214 5472 Καὶ
3257 5415 3460 5472 πάλίν·
3500 5437 3520 5470 ι
3561 5419 3795 5488 Καρδίαν
3817 5413 3892 5467 εύ-

2345 5511 2716 5583 φραινομένην
2748 5511 2978 5584 εύεκτὴν
3012 5513 3187 5564 ποιεῖ’
3215 5508 3408 5578 ἀνδρὸς
3451 5510 3512 5562 δὲ
3550 5509 3782 5581 λυπηροῦ
3811 5505 3886 5575 ξηο

2199 5696 2243 5729 ³³
2266 5694 2435 5752 Eccli.
2483 5699 2684 5750 nxvm
2737 5693 2827 5751 I9.
2897 5693 2940 5726 ³³
2990 5690 3126 5749 ibid.
3201 5689 3244 5722 ⁸⁸
3271 5687 3414 5745 ibid.
3462 5690 3560 5745 21.
