4030 6296
177 284 297 352 1513

1220 293 1550 354 HOMILIA
1592 278 1804 356 XXVI.
1836 321 1905 331 —
1942 294 2037 354 DE
2079 294 2375 355 ACEDIA.

3290 276 3425 355 uti
3474 376 3492 385 _

173 394 493 469 ραίνεταιτὰ
520 397 671 467 ὀστᾷ.
712 414 730 448 ι
766 397 878 450 Καὶ
907 398 935 450 6
960 397 1195 462 Παύλοςσ
1230 419 1249 450 ι
1284 402 1357 453 Οὐ
1389 402 1497 473 γὰρ
1520 402 1747 473 θέλομεν

1852 403 2084 467 effudit,
2138 403 2417 458 tristitiam
2467 420 2575 457 non
2636 403 2760 466 fert,
2799 413 2977 474 neque
3030 402 3198 459 animi
3249 420 3424 475 διημαρ-

173 488 306 556 ὺμᾶς
342 489 582 554 ἀγνοεῖν,
614 487 858 558 ἀδελφοὶ,
899 490 1030 561 περὶ
1061 490 1161 560 τῆς
1193 491 1425 562 θλίψεως
1456 495 1614 565 ἡμῶν
1644 495 1744 565 τῆς

172 578 461 648 γενομένης
519 581 652 650 ἡμῖν
705 582 765 633 ὲν
810 584 877 652 τῇ
944 581 1127 655 Ἀσίᾳθο
1162 584 1243 638 ὄτι
1275 584 1397 639 κατ’
1434 586 1741 657 ὑπερϐολὴν

173 669 547 743 ἑδαρύνθημεν
606 673 1076 745 ὑπὲρ,δύναμιν,
1137 675 1281 729 ὥστε
1336 676 1745 749 ἐξαπορηθῆναι

173 762 310 831 ἡμᾶς
341 764 436 815 καὶ
489 764 583 816 τοῦ
614 762 738 835 ζῇν.
789 764 935 819 Ἀλλ’
964 769 994 820 6
1042 766 1378 834 παρακαλῶν
1405 769 1531 831 τοὺς
1558 786 1748 823 ταπει-

170 856 289 916 νοὺς
336 856 717 925 παρεκάλεσεν
777 857 924 928 ἡμᾶς
965 860 994 912 6
1035 860 1189 924 Θεὸς.
1230 880 1250 914 ι
1298 863 1409 916 Καὶ
1445 864 1609 932 ήμεὲς
1653 860 1746 917 οὖν

170 949 261 1001 σὺν
304 947 384 1017 τῷ
429 945 592 1003 Δαυῒδ
639 950 883 1020 εἴπωμεν
913 965 928 981 ⁸
983 971 1002 1003 ι
1047 952 1303 1021 Ἐλέησόν
1364 970 1470 1024 με,
1530 954 1702 1024 Κύριε
1729 996 1744 1018 ,

168 1038 245 1092 ὅτι
304 1036 605 1110 θλίϐομαιο
656 1041 936 1113 ἐταράχθη
992 1044 1099 1097 ἀπὸ
1164 1045 1337 1116 θυμοῦ
1383 1046 1412 1098 6
1470 1045 1748 1116 ὀφθαλμός

169 1146 291 1199 μου,
342 1129 425 1181 ὃτι
487 1129 815 1200 ἐκακώθην,
869 1134 965 1186 καὶ
1011 1134 1387 1205 ὲταπεινὼθην
1453 1136 1560 1200 ἓως
1617 1138 1749 1207 σφό-

166 1222 299 1292 δρα·
327 1222 590 1293 ὠρυόμην
641 1225 750 1277 ἀπὸ
784 1226 1089 1296 στεναγμοῦ
1136 1230 1235 1298 τῆς
1289 1230 1518 1301 καρδίας
1555 1249 1676 1303 μου.
1725 1253 1743 1285 ι

166 1313 274 1368 Καί
323 1332 336 1346 ·
381 1332 401 1365 ‹
473 1315 784 1387 Ἐλυπήθην
845 1320 903 1372 ἐν
957 1322 1024 1391 τῇ
1092 1314 1405 1393 ἀδολεσχῖᾳ⁹
1449 1340 1592 1393 μου,
1657 1328 1750 1379 καὶ

166 1407 476 1477 ἐταράχθην
539 1408 650 1461 ἀπὸ
711 1409 896 1481 φωνῆς
956 1410 1172 1482 ἐχθροῦ,
1217 1414 1309 1466 καὶ
1356 1414 1465 1467 ἀπὸ
1519 1414 1751 1485 θλίψεως

166 1498 515 1568 ἁμαρτωλοῦ.
548 1518 566 1551 ι
613 1502 790 1566 Ἀλλὰ,
838 1522 857 1555 ι
892 1503 1076 1557 Σῶσὸν
1109 1521 1199 1576 με.
1231 1508 1258 1558 6
1288 1507 1440 1573 Θεὸς,
1471 1509 1553 1562 ὅτι
1580 1509 1750 1561 εἰσέλ-

164 1590 330 1644 θοσαν
362 1589 532 1644 ὕδατα
561 1592 665 1657 ἓως
690 1592 870 1664 ψυχῆς
911 1613 1033 1666 μου·
1070 1599 1350 1667 ὲνεπάγην
1384 1601 1461 1660 εἰς
1492 1598 1625 1669 ὓλην
1651 1599 1750 1669 βυ-

166 1682 282 1745 θοῦ,
317 1684 412 1736 καὶ
438 1684 537 1738 οὐκ
564 1684 710 1740 ἔστιν
736 1689 1055 1754 ὑπόστασις.
1087 1709 1106 1742 ι
1140 1693 1249 1745 Καί
1272 1708 1286 1722 ³
1319 1712 1337 1745 ι
1370 1690 1461 1763 Μὴ
1485 1693 1755 1763 ἀποστρέ-

161 1774 272 1849 ψῃς
315 1776 378 1830 τὸ
411 1779 708 1849 πρόσωπόν
740 1797 834 1834 σου
877 1781 986 1834 ἀπὸ
1015 1782 1109 1836 τοῦ
1144 1783 1335 1847 παιδός
1375 1801 1493 1837 σουο
1526 1784 1608 1838 ὅτι
1636 1784 1750 1837 θλίο

160 1869 357 1941 σομαι,
386 1873 526 1941 ταχὺ
575 1874 882 1930 ἐπάκουσὸν
937 1894 1060 1949 μου.
1100 1878 1172 1932 Σὺ
1212 1876 1324 1949 γάρ
1360 1893 1460 1947 μου
1500 1873 1551 1930 εἷ
1586 1892 1755 1930 κατα-

161 1964 314 2031 φυγὴ
348 1964 459 2016 ἀπὸ
489 1961 721 2034 θλίψεως
765 1965 867 2035 τῆς
918 1946 1303 2037 ’τιέριεχούσής⁷
1453 1965 1756 2019 Εἰσελθέτω

159 2053 401 2107 ἐνώπιόν
445 2071 540 2108 σου
575 2057 609 2126 ἡ
655 2059 933 2129 προσευχὴ
965 2075 1089 2127 μου’
1119 2058 1302 2111 κλίνον
1328 2057 1388 2110 τὸ
1417 2052 1510 2121 οὖς
1549 2074 1641 2110 σου
1675 2058 1753 2120 είς

156 2146 265 2217 τὴν
291 2145 484 2216 δέησίν
517 2165 642 2218 μου.
680 2170 699 2202 ι
732 2150 845 2203 Καὶ
892 2151 980 2204 ὅτε
1024 2149 1253 2220 ἀνέλθῃς
1282 2148 1391 2202 ἀπὸ
1424 2149 1523 2219 τῆς
1551 2148 1752 2219 λύπης.

158 2240 512 2311 εὐχαριστῶν
533 2239 681 2310 λέγε*
716 2260 733 2292 ι
760 2241 969 2312 Κύριος
995 2242 1054 2309 ἐξ
1081 2241 1311 2313 οὐρανοῦ
1330 2240 1631 2310 ὲπέὸλεψεν
1660 2239 1754 2293 τοῦ

154 2328 406 2383 ἀκοῦσαι
435 2328 528 2383 τοῦ
571 2331 878 2401 στεναγμοῦ
908 2330 1014 2384 τῶν
1039 2330 1451 2402 πεπεδημένων,
1475 2328 1569 2383 τοῦ
1584 2328 1756 2384 λύσαι

153 2425 285 2485 τοὺς
323 2423 478 2485 υἱοὺς
505 2422 613 2476 τῶν
650 2424 1138 2493 τεθανατωμὲνων.
1180 2444 1198 2477 ι
1247 2423 1358 2477 Καί
1383 2440 1397 2455 ·
1434 2440 1453 2474 ι
1493 2423 1559 2476 Τί
1589 2424 1755 2476 ἀντα-

151 2514 402 2568 ποδώσω
440 2516 518 2585 τῷ
567 2515 762 2586 Κυρίῳ
805 2516 934 2580 περὶ
981 2517 1200 2571 πάντων
1244 2509 1321 2569 ὧν
1373 2514 1756 2570 ἀνταπέδωκεν

153 2623 284 2677 μοις
324 2626 344 2658 ι
396 2607 543 2669 Ὅτι,
575 2624 594 2658 ι
638 2607 734 2660 Ἐκ
792 2605 1029 2676 θλίψεως
1086 2606 1513 2679 ὲπεκαλεσάμην
1573 2605 1755 2672 αὐτὸν,

146 2705 249 2757 καὶ
285 2703 608 2772 ἐπήκουσεν
644 2720 749 2772 μου
796 2705 876 2766 εἰς
919 2703 1258 2773 πλατυσμόν.
1298 2722 1316 2755 ι
1351 2704 1462 2757 Καὶ
1495 2704 1524 2756 6
1554 2702 1760 2774 Κύριος

142 2798 268 2859 τοῖς
302 2794 592 2867 μαθηταῖς
618 2796 785 2850 αὐτοῦ
808 2797 997 2866 ἔλεγεν
1020 2816 1033 2828 ·
1072 2816 1091 2849 ι
1128 2796 1301 2870 Ἀμὴν
1328 2799 1475 2868 λέγω
1502 2799 1654 2870 ὑμῖν,
1676 2798 1760 2852 ὃτι

142 2886 440 2940 κλαύσετε
473 2889 567 2940 καὶ
599 2887 902 2958 θρηνήσετε
946 2890 1127 2960 ὑμεῖς,
1162 2891 1190 2944 6
1235 2890 1291 2943 δὲ
1347 2889 1551 2960 κόσμος
1588 2888 1760 2961 χαρή-

1847 494 2031 547 stiam.
2091 493 2309 565 1068
2354 492 2650 548 Circumila
2704 493 2874 564 igitur
2922 494 3019 547 tibi
3068 492 3425 564 hilaritatem,

1845 602 1969 655 qua:
2001 587 2150 641 omni
2186 596 2433 656 tempore
2479 595 2831 657 promeretur
2869 586 3097 655 gratiam
3138 587 3282 657 apud
3318 587 3428 641 Do-

1849 680 2083 745 minum,
2112 688 2169 733 et
2202 679 2478 734 delectare
2513 678 2566 733 in
2601 694 2687 733 ea.
2734 678 2935 733 Hilaris
2974 678 3122 734 enim
3156 680 3240 735 vir
3284 679 3429 735 bona

1847 772 2073 843 quidem
2106 780 2392 841 operatur,
2421 780 2477 826 et
2506 770 2663 825 nihili
2691 771 2842 825 ducit
2876 771 3155 828 tristitiam
3179 790 3192 837 ;
3224 773 3306 827 vir
3335 790 3433 827 au-

1849 872 1961 917 tem
2010 861 2367 917 turbulentus
2415 877 2479 917 ac
2510 862 2723 926 'tristis,
2755 863 2990 933 maligne
3034 863 3146 934 agit
3190 879 3429 933 semper.

1849 954 2159 1025 Et‘quidem
2182 955 2443 1025 primum,
2462 955 2700 1026 maligne
2723 955 2855 1026 agit,
2885 955 3153 1025 Spiritum
3179 968 3431 1011 sanctum
3505 940 3520 973 ’⁴

1851 1045 2187 1111 ωωειὶῧεοι,
2212 1048 2305 1116 qui
2342 1046 2550 1101 homini
2586 1046 2748 1101 datus
2776 1056 2863 1103 est
2890 1047 3099 1102 hilaris.
3132 1048 3251 1105 Huc
3274 1064 3434 1103 accc-

1851 1139 1955 1205 dit,
1986 1140 2117 1208 quia
2164 1147 2366 1210 praeter
2409 1140 2515 1195 hoc
2546 1139 2895 1211 iniquitatem
2930 1140 2977 1195 is
3006 1149 3271 1210 operatur
3298 1140 3431 1196 dum

1851 1232 2084 1288 Domino
2117 1232 2440 1297 conﬁtetur;
2475 1248 2656 1303 neque
2687 1231 2831 1286 enim
2867 1231 2969 1287 viri
3016 1233 3176 1287 istius
3206 1232 3285 1288 sic
3313 1244 3433 1287 tur—

1851 1322 2067 1377 bulenti
2100 1323 2477 1393 interpellatio
2503 1323 2613 1376 vim
2645 1321 2812 1377 ullam
2840 1323 3054 1377 obtinet
3079 1322 3290 1378 diutius
3311 1340 3435 1395 per-

1852 1415 2086 1470 sistendi
2129 1424 2256 1469 ante
2308 1415 2479 1470 altare
2528 1415 2645 1469 Dei;
2678 1410 2897 1470 Assidet
2932 1417 3079 1470 enim
3114 1416 3432 1486 interpella-

1855 1506 1992 1562 tioni
2022 1508 2143 1578 ejus
2169 1507 2399 1576 spiritus
2433 1506 2692 1570 tristitiae,
2729 1523 2841 1562 non
2868 1507 3054 1563 sincns
3094 1524 3286 1577 puram
3311 1524 3433 1564 CSSt:

1854 1599 2065 1654 diutius
2113 1600 2235 1669 ejus
2285 1600 2785 1669 iuterpellatirmem
2823 1609 2950 1654 ante
2991 1600 3163 1655 altare
3204 1601 3322 1655 Dei.
3364 1591 3434 1656 υἱ

1854 1691 2005 1746 enim
2033 1699 2246 1746 acetum
2288 1692 2417 1746 vino
2460 1709 2567 1746 una
2597 1693 2644 1746 si
2670 1693 3067 1758 immisceatur,
3108 1693 3246 1747 nihil
3276 1684 3439 1748 ali‘crt

1850 1781 2080 1854 jucundi
2162 1791 2376 1852 gustus,
2425 1783 2492 1837 ad
2562 1782 2827 1839 eumdem
2893 1785 3147 1848 modum,
3213 1785 3435 1839 tristitia

1856 1874 2062 1929 mistim
2111 1874 2317 1929 inserta
2358 1874 2601 1945 Spiritus
2632 1876 2810 1929 sancti
2855 1874 3160 1943 domicilio,
3190 1877 3434 1932 collocu-

1855 1968 2062 2024 tionem
2083 1967 2265 2022 reddit
2285 1966 2641 2022 inamaanam.
2665 1965 2942 2023 i’rofuerit
2965 1967 3134 2038 igitur
3155 1968 3435 2023 tristitiam

1854 2054 2128 2127 ejusmodi
2158 2069 2188 2107 a
2222 2068 2280 2108 se
2312 2062 2785 2133 excutere,scquc
2813 2054 3043 2111 amicire
3076 2058 3244 2113 totius
3275 2059 3437 2113 indu-

1856 2155 2047 2203 mento
2072 2146 2389 2203 hilaritatis.
2413 2146 2604 2216 itaque
2629 2147 2697 2201 ab
2726 2147 2827 2202 hac
2854 2149 3098 2214 tristitia,
3130 2166 3230 2205 nos
3256 2150 3441 2205 studio

1856 2241 2005 2297 omni
2067 2240 2502 2304 constituamus,
2550 2256 2674 2310 qua:
2741 2239 2968 2295 tristitia
3004 2292 3007 2296 ,
3039 2251 3126 2296 cst
3198 2243 3436 2297 mundi:

1820 2342 1823 2345 ‘
1864 2352 1881 2385 ι
1919 2331 2052 2400 Quae
2098 2339 2282 2387 autem
2324 2331 2629 2387 secundum
2668 2332 2841 2387 Deum
2872 2342 2954 2388 est
2994 2333 3239 2399 tristitia,
3285 2336 3441 2405 juxta

1857 2426 2093 2499 apostoli
2140 2424 2296 2481 Pauli
2348 2427 2706 2492 sententiam,
2750 2426 3133 2496 pcenitentiam
3179 2435 3442 2497 Operatur

1857 2520 1926 2575 ad
1946 2520 2190 2589 salutem
2224 2518 2291 2583 ³⁷,
2339 2537 2357 2570 ι
2392 2533 2495 2574 nec
2524 2534 2657 2573 sane
2699 2519 3076 2588 pcenitcndam
3112 2528 3210 2574 aut
3248 2530 3440 2590 διειδεῖ-ς

1858 2610 2103 2666 nabilem
2128 2651 2142 2675 ,
2180 2610 2408 2665 tristitia
2455 2610 2650 2664 mundi
2682 2626 2712 2665 e
2751 2610 2971 2666 diverso
2999 2596 3264 2679 operatur
3289 2624 3440 2667 mor:

1860 2711 1994 2757 tem.
2048 2700 2435 2756 Parcnmiastcs
2483 2719 2495 2753 :
2549 2719 2568 2751 ‹
2622 2701 2945 2756 Benedictio
2997 2700 3216 2755 Domini
3273 2717 3443 2771 super

1861 2800 2025 2863 caput
2045 2791 2202 2862 justi,
2237 2806 2341 2846 nec
2369 2802 2681 2861 apponetur
2707 2792 2760 2846 ei
2794 2791 3018 2846 tristitia
3052 2794 3105 2846 in
3134 2793 3302 2848 corde
3322 2793 3384 2846 ³⁸.
3415 2798 3437 2845 ς

1862 2885 2123 2940 Rursus:
2180 2902 2198 2934 ‹
2243 2881 2353 2938 Cor
2405 2882 2651 2953 gaudens
2699 2891 2756 2936 et
2812 2882 2991 2937 hilare
3038 2883 3240 2938 bonam
3296 2878 3443 2955 parit

139 2995 335 3033 σεται.
387 2997 411 3030 ι
449 2980 561 3032 Καὶ
588 2977 980 3051 παραϐολικῶς
1017 2984 1148 3053 περὶ
1191 2983 1292 3052 τῆς
1330 2980 1646 3050 τικτούσης,
1679 2982 1751 3035 ὅτι

1862 2976 2259 3041 valetudinem,
2279 2974 2453 3030 tristis
2472 2985 2656 3029 autem
2683 2973 2789 3029 viri
2813 2976 3163 3031 exsiccantur
3185 2992 3310 3032 ossa
3325 2978 3389 3031 ³ο.
3421 2997 3437 3028 ι

134 3068 331 3143 λύπην
368 3071 517 3141 ἔχει.
558 3074 666 3127 Καὶ
699 3075 938 3137 ὲπάγειι·
972 3094 989 3127 ι
1030 3074 1219 3139 Οὕτως
1246 3076 1336 3129 καὶ
1355 3075 1511 3145 ὑμεῖς
1543 3075 1641 3144 μὲν
1666 3072 1751 3127 λύ-

1865 3068 2069 3123 Paulus
2110 3066 2243 3121 item
2274 3083 2287 3119 :
2320 3083 2337 3116 ι
2369 3065 2490 3120 Non
2521 3066 2670 3122 enim
2713 3081 2811 3121 vos
2858 3066 3114 3122 volumus
3162 3066 3441 3137 ignorare,-

134 3181 259 3232 πην
304 3164 499 3231 ἕξετε,
544 3166 708 3220 πάλιν
757 3166 816 3220 δὲ
855 3166 1060 3239 ὄψομαι
1103 3167 1271 3239 ὑμᾶς,
1318 3168 1411 3222 καὶ
1458 3167 1751 3238 χαρήσεται

1866 3162 2083 3228 fratres,
2112 3161 2181 3217 de
2214 3161 2572 3216 tribulatione
2614 3172 2802 3218 nostra
2831 3178 2953 3232 qua:
2982 3162 3122 3217 facta
3153 3172 3240 3218 est
3283 3163 3445 3220 nobis

128 3255 310 3326 ὑμῶν
349 3257 386 3327 ἡ
428 3257 647 3324 καρδία,
683 3258 778 3335 καὶ
820 3258 919 3328 τὴν
968 3259 1146 3330 χαρὰν
1182 3258 1347 3329 ’ὑμῶν
1384 3257 1560 3320 οὐδεὶς
1613 3257 1751 3328 αίρει

1867 3251 1923 3305 in
1957 3251 2118 3315 Asia,
2159 3251 2289 3320 quia
2325 3266 2493 3321 supra
2532 3252 2755 3307 modum
2794 3253 3003 3324 gravati
3037 3269 3229 3309 sumus
3278 3270 3444 3325 supra

130 3348 236 3416 ἀφ’
270 3348 468 3418 ὑμῶν.
505 3369 523 3400 ι
550 3350 711 3415 Αὑτῷ
741 3353 775 3423 ἡ
823 3350 951 3415 δόξα
1002 3351 1081 3422 τῷ
1125 3353 1253 3414 τοὺς
1286 3352 1343 3405 ὲν
1383 3349 1560 3419 θλίψει
1597 3365 1751 3420 χαρο-

1871 3344 2160 3409 virtutem,
2197 3342 2274 3396 ita
2298 3351 2358 3397 ut
2383 3343 2609 3398 taederet
2630 3360 2732 3400 nos
2765 3346 2935 3400 etiam
2953 3346 3220 3412 vivere”,
3240 3347 3333 3402 sed
3350 3346 3443 3416 qui

129 3441 411 3494 ποιοῦντι
450 3443 533 3505 εἰς
564 3442 692 3505 τοὺς
717 3442 946 3506 αιῶνας.
982 3444 1180 3514 ’Λμήν.

1869 3438 2194 3492 consolatur
2234 3435 2493 3502 humiles,
2544 3439 2863 3493 consolatus
2890 3449 2978 3494 est
3020 3455 3125 3495 nos
3155 3440 3302 3494 Deus
3327 3439 3396 3494 “.
3422 3459 3439 3490 ι

123 3534 282 3591 Cum
343 3536 523 3592 beato
554 3536 725 3606 igitur
754 3538 925 3594 David
998 3539 1295 3596 dicendum
1343 3540 1542 3595 nobis:
1618 3558 1636 3589 ι
1672 3538 1934 3609 Miserere
1967 3534 2098 3598 mei,
2140 3533 2394 3600 Domine,
2438 3534 2698 3604 quoniam
2765 3536 3023 3609 tribulor,
3086 3537 3452 3593 conturbatus

121 3641 221 3687 est
258 3633 323 3687 in
354 3633 447 3687 ira
485 3633 681 3688 oculus
721 3649 880 3689 meus
903 3635 971 3701 δ’,
1003 3635 1267 3705 quoniam
1299 3634 1534 3689 amictus
1565 3648 1687 3687 sum
1747 3641 1803 3686 et
1838 3630 2163 3685 humiliatus
2199 3643 2322 3684 sum
2391 3629 2576 3696 nimis,
2618 3629 2902 3700 rugieham
2949 3648 2979 3686 a
3022 3632 3230 3701 gemitu
3267 3632 3454 3689 cordis

118 3729 247 3784 mei
288 3729 369 3782 ⁸³.
426 3746 449 3780 ι
499 3728 568 3783 Ει
606 3746 637 3787 .:,
676 3747 695 3780 ι
756 3728 1137 3786 Contristatus
1196 3745 1318 3784 sum
1373 3729 1432 3783 in
1487 3726 1885 3795 exercitatione
1928 3712 2083 3790 mea,
2132 3732 2189 3779 et
2223 3724 2588 3781 conturbatus
2655 3740 2778 3780 sum
2846 3742 2877 3780 a
2920 3742 3056 3783 voce
3124 3728 3335 3783 inimici
3394 3739 3451 3783 et

115 3844 153 3883 a
200 3826 609 3881 tribulatione
652 3827 965 3896 peccatoris
1047 3827 1112 3880 ιδ.
1152 3846 1170 3879 ι
1238 3827 1345 3882 Sed
1387 3842 1404 3881 :
1442 3845 1460 3879 ‹
1497 3826 1720 3881 Salvum
1754 3840 1842 3880 me
1878 3823 1995 3889 fac,
2046 3822 2228 3888 Deus,
2268 3821 2529 3893 quoniam
2578 3822 2929 3877 intraverunt
2972 3839 3130 3894 aqua:
3168 3838 3340 3893 usque
3379 3825 3449 3879 ad

108 3924 400 3994 animam
446 3937 660 3978 meam.
704 3922 912 3978 lnﬁxus
959 3939 1082 3979 sum
1135 3923 1193 3977 in
1232 3923 1366 3977 limo
1395 3921 1682 3993 profundi,
1718 3931 1775 3977 et
1812 3936 1923 3976 non
1977 3928 2063 3974 est
2100 3917 2410 3973 substantia
2434 3918 2499 3972 ".
2539 3937 2557 3969 ι
2623 3918 2692 3973 Ει
2730 3936 2742 3971 :
2778 3937 2796 3969 ι
2842 3916 2921 3973 Ne
2991 3929 3208 3973 avertas
3253 3916 3449 3971 faciem

108 4023 290 4071 tuam
359 4031 399 4070 a
466 4029 646 4085 puero
694 4024 811 4081 tuo,
870 4016 1134 4085 quoniam
1192 4015 1451 4090 tribulor,
1502 4015 1770 4070 velociter
1804 4011 2004 4069 exaudi
2036 4026 2124 4066 me
2185 4011 2252 4065 “.
2292 4011 2374 4066 Tu
2401 4011 2548 4067 enim
2609 4011 2880 4082 refugium
2915 4027 3177 4066 meamea
3218 4026 3247 4065 a
3276 4012 3451 4065 tribu-

101 4115 360 4169 latione
398 4126 540 4181 quae
581 4110 952 4167 circumdedit
976 4127 1064 4167 me
1101 4113 1169 4166 ⁵⁷.
1195 4111 1443 4167 introeat
1482 4111 1538 4164 in
1607 4117 1907 4180 conspectu
1949 4117 2046 4162 tuo
2076 4107 2257 4162 oratio
2294 4122 2446 4173 mea,
2499 4107 2702 4162 inclina
2772 4123 2959 4163 aurem
3021 4116 3168 4162 tuam
3216 4107 3281 4164 ad
3324 4126 3449 4180 pre-

99 4225 245 4265 cem
286 4221 523 4263 -mcam
588 4204 652 4260 “.
717 4226 736 4259 ι
785 4206 837 4262 is
906 4206 1147 4261 tristitia:
1192 4207 1326 4276 jugo
1371 4211 1663 4275 exemptus
1715 4217 1841 4257 cum
1876 4210 2052 4266 esset,
2096 4200 2270 4255 multa
2316 4216 2441 4255 cum
2487 4199 2773 4255 alacritate
2817 4200 3033 4257 dicebat
3078 4219 3090 4254 :
3133 4222 3152 4253 ι
3186 4203 3451 4260 Dominus

94 4302 179 4357 de
246 4297 427 4353 casio
494 4293 556 4349 in
604 4301 811 4349 terram
856 4295 1093 4365 aspexit,
1143 4303 1206 4349 ut
1257 4293 1478 4348 audiret
1531 4293 1771 4365 gemitus
1805 4290 2267 4361 compeditorum,
2300 4300 2362 4345 ut
2416 4290 2654 4345 solveret
2720 4290 2861 4347 ﬁlios
2882 4292 3170 4348 hominum
3194 4296 3259 4351 ⁸³.
3292 4315 3308 4347 ι
3338 4297 3445 4352 Ει;

100 4415 123 4449 ς
162 4390 345 4461 Quid
407 4385 733 4441 retribuam
803 4386 1039 4440 Domino
1103 4400 1205 4455 pro
1248 4383 1509 4439 omnibus
1573 4392 1695 4453 quae
1740 4381 2001 4437 retribuit
2050 4380 2189 4434 mihi
2238 4382 2319 4434 "‘2
2362 4400 2380 4432 ι
2421 4382 2552 4450 quia
2604 4403 2622 4433 ι
2668 4382 2737 4438 de
2790 4383 3148 4442 tribulatiOne
3199 4387 3449 4444 invocavi

82 4501 273 4549 eum,
312 4493 386 4537 et
417 4476 725 4543 exaudivit
752 4491 840 4531 me
874 4476 930 4529 in
964 4474 1259 4529 latitudine
1281 4477 1350 4528 ".
1383 4493 1402 4525 ι
1432 4472 1541 4528 Sed
1567 4481 1624 4529 et
1651 4472 1919 4527 Dominus
1977 4472 2265 4543 discipulis
2293 4472 2410 4528 suis
2453 4473 2672 4529 dicebat
2704 4493 2718 4528 :
2788 4497 2806 4527 ι
2844 4478 3031 4535 Αιιιρη
3080 4476 3209 4533 dico
3268 4470 3446 4545 vobis,

83 4581 240 4652 quia
309 4570 649 4647 plorabitis
705 4578 763 4625 et
814 4569 1078 4655 lugebitis
1110 4584 1244 4632 vos,
1296 4567 1540 4623 mundus
1621 4576 1807 4622 autem
1873 4567 2136 4638 gaudebit
2184 4567 2250 4621 ".
2308 4587 2327 4619 ι
2380 4567 2523 4635 Quin
2578 4577 2635 4622 et
2683 4567 2996 4637 parabolice
3053 4568 3122 4625 de
3177 4586 3447 4642 puerpera

76 4670 265 4746 quod
332 4663 661 4722 tristitiam
710 4662 934 4727 habeat,
969 4661 1185 4733 1069
1215 4660 1470 4717 inducit:
1509 4679 1537 4732 ,ι
1585 4658 1677 4714 Sic
1709 4670 1767 4715 et
1804 4675 1905 4717 vos
1934 4676 2083 4716 nunc
2114 4661 2338 4731 quidem
2414 4659 2693 4717 tristitiam
2734 4661 3039 4728 habebitis;
3082 4662 3284 4717 iterum
3347 4680 3448 4717 au—

79 4779 215 4826 tem
259 4761 531 4822 videbo
568 4773 688 4826 vos,
730 4767 784 4813 et
822 4758 1087 4830 gaudebit
1115 4772 1213 4813 cor
1242 4767 1511 4821 vestrum,
1549 4763 1606 4810 et
1635 4755 1895 4826 gaudium
1929 4767 2176 4812 vestrum
2242 4772 2406 4811 nemo
2471 4757 2625 4812 tollet
2694 4772 2724 4810 a
2785 4756 2943 4811 vobis
2970 4757 3033 4810 ⁸³.
3080 4776 3098 4808 ι
3130 4756 3233 4827 ipsi
3273 4756 3449 4829 gloria

70 4869 141 4926 in
177 4861 469 4924 saecula.
490 4856 706 4919 ‘Amen.

756 4994 977 5047 Auro:
1028 4986 1172 5060 κατι.
1660 5004 1673 5015 κ

2400 4976 2685 5044 itonttu
2720 4990 2907 5046 xxvi.

738 5106 879 5173 Περὶ
914 5105 1189 5173 ἁκηδίας.

2491 5098 2565 5151 De
2590 5099 2806 5155 Acedia.

143 5226 387 5289 Δεινὸς
420 5217 550 5274 καὶ
581 5208 737 5278 οὗτος
759 5215 788 5266 ὁ
821 5215 922 5284 ’τῆς
955 5215 1188 5286 ἀκηδὶας
1216 5214 1449 5287 δαίμων,
1481 5213 1575 5267 καὶ
1605 5193 1751 5278 οὗτος

1852 5257 1857 5269 ,
1941 5209 2043 5264 ilic
2073 5207 2378 5263 etiamnum
2404 5206 2619 5261 daemon
2647 5209 2836 5264 accdia
2861 5209 3023 5280 plane
3041 5211 3442 5281 intolerandus,

55 5319 395 5396 σδνεργδς
451 5308 577 5366 καὶ
618 5307 850 5377 σύζυγος
890 5306 1126 5378 ὑπάρχει
1170 5308 1266 5360 τοῦ
1307 5306 1618 5376 πνεύματος
1660 5305 1751 5375 τῆς

1874 5302 2237 5374 cooperarius
2268 5312 2394 5357 cuin
2420 5301 2494 5356 sit
2531 5312 2589 5356 et
2615 5301 2796 5356 nihilo
2842 5303 3033 5373 dispar
3071 5305 3296 5376 spiritui
3347 5308 3447 5362 tri-

3226 5459 3272 5494 “
3302 5463 3449 5520 i’sal;

2970 5531 3012 5562 ’δ’
3040 5533 3179 5587 Psal.
3213 5549 3359 5596 xxxi,
3397 5538 3449 5591 7.

2946 5603 2992 5639 δι’
3021 5602 3179 5671 Joan,
3214 5621 3324 5671 xvi,
3359 5604 3455 5661 20;

887 5461 934 5494 ³⁸
960 5464 1122 5518 Prov.
1166 5479 1220 5525 ι,
1255 5462 1307 5517 6.
1420 5463 1464 5494 ³⁹
1496 5461 1658 5515 Prov.
1696 5476 1751 5515 xv

1863 5460 1953 5513 2‘2.
2066 5458 2111 5489 δθ
2142 5458 2183 5512 il
2219 5456 2346 5513 Cor.
2381 5476 2421 5522 ι,
2462 5459 2516 5513 8.
2627 5459 2668 5490 ⁴¹
2706 5459 2751 5514 il
2777 5459 2905 5516 Cor.
2946 5477 3037 5523 vn,
3071 5461 3122 5516 6.

1159 5532 1202 5563 ιδ
1234 5532 1375 5586 I‘sal.
1409 5548 1515 5586 LIV.
1548 5531 1601 5586 5.
1634 5533 1687 5585 4.
1803 5530 1847 5562 ’⁵⁵
1881 5529 2022 5583 i’sal.
2059 5544 2239 5586 vant.
2273 5530 2327 5583 2.
2359 5530 2410 5583 5.
2525 5529 2571 5561 ⁸⁸
2599 5530 2733 5585 ibid.
2772 5531 2855 5585 l8.

1500 5573 1539 5655 ί,
1588 5573 1601 5597 ’
1654 5603 1699 5633 σο
1730 5599 1873 5682 p331.
1933 5616 2054 5667 ειν,
2102 5570 2239 5653 is.’
2305 5600 2521 5669 “Psal,
2586 5615 2746 5670 cxvu,
2788 5603 2840 5657 5.

139 5486 194 5517 π
230 5480 288 5536 ιι
334 5475 507 5531 Cor.
546 5479 651 5536 vti,
686 5462 771 5536 i0.

48 5572 207 5616 xxx‘
231 5533 359 5604 ⁷η),
467 5538 529 5570 ⁸³
586 5533 967 5616 Psalexxvu,

46 5602 322 5683 ῖεῗὶιὲεὶιζ
403 5619 688 5669 Lxxxvn,
721 5605 774 5658 5.
924 5602 1134 5657 lapsa].
1189 5618 1259 5667 Cl,
1312 5603 1402 5669 .205
1452 5602 1539 5656 2L

43 5705 98 5737 ⁸-³
136 5694 307 5754 ibid.
365 5685 487 5742 22o
1022 5754 1025 5757 λ

457 5775 774 5838 Pyram..-
808 5765 926 5828 Gn.
959 5764 1292 5830 LXXXlX.
3039 5768 3112 5830 48
3187 5831 3208 5847 κ
