4030 6296
598 229 731 294 Ῑῖσὶὓ

1744 255 1759 267 δ
1861 237 2223 300 ANTIOCHI
2263 242 2603 305 MONACHI

3710 248 3841 311 1516

590 347 752 400 stitia?
785 362 797 399 :
832 355 915 399 est
942 344 1145 414 alioqui
1183 360 1245 397 ea
1272 358 1367 395 sua
1401 344 1668 411 gravitate
1716 348 2003 403 molestior
2029 390 2044 416 ,
2093 356 2155 406 ut

2260 352 2458 424 λύπης,
2494 355 2589 408 καὶ
2619 357 2821 426 σφόδρα
2855 357 3152 427 βαρύτατος
3179 358 3327 422 ὅστις
3350 359 3479 429 περὶ
3494 358 3650 430 ὥραν
3678 359 3842 429 ἕκτην

591 454 714 491 cum
741 438 888 493 circa
920 438 1111 491 horam
1160 443 1390 497 sextam,
1441 435 1589 488 velut
1619 451 1684 491 ex
1719 437 1941 495 insidiis
1981 442 2157 497 assilit

592 531 883 594 monacho,
918 529 1194 584 trcdiosam
1230 543 1292 581 ac
1332 528 1740 583 formidabilem
1792 533 2041 601 agoniam
2075 534 2156 588 illi

592 620 890 684 incutiens,
926 635 1102 689 usque
1129 619 1266 674 adeo
1309 627 1367 672 ut
1396 621 1481 674 vel
1515 618 1697 675 locum
1733 622 1936 689 oderit,
1968 626 2157 680 verius

590 720 774 764 autem
828 710 1033 766 fratres
1073 709 1281 765 invisos
1355 711 1556 767 habeat
1632 714 1963 781 quibuscum
2018 717 2157 771 vivit

591 802 986 858 communiter.
1021 800 1212 868 Quid?
1239 802 1306 857 ad
1337 818 1476 874 Opus
1503 804 1809 873 quodlibet,
1852 806 1920 861 ad
1955 806 2157 863 divinae

594 894 898 962 Scriptum
929 893 1226 949 lectionem
1257 936 1270 957 ,
1312 896 1502 949 nescio
1524 911 1688 965 quam
1728 896 1806 949 illi
1837 898 2038 967 ingerit
2069 898 2156 952 in-

588 1002 811 1040 suavem
841 985 1149 1040 ethiulcam
1171 985 1580 1041 oscitationem.
1616 986 1712 1041 llis
1735 988 2153 1053 adde,esuricm

586 1079 853 1150 suggerit,
884 1086 1131 1147 tempore
1154 1078 1456 1147 prolixiore
1478 1077 1886 1133 sustinendam.
1920 1079 2000 1148 Ad
2027 1096 2153 1134 eum

587 1169 813 1224 modum
844 1169 1080 1238 supinus
1116 1168 1209 1223 ille
1241 1185 1305 1223 ac
1332 1184 1584 1233 securus,
1624 1170 1754 1224 boni
1809 1171 1997 1239 operis
2035 1186 2157 1224 sco-

588 1277 715 1331 pum
752 1261 978 1316 unicum
1010 1268 1244 1329 spectat,
1294 1275 1492 1330 nempe
1521 1260 1712 1315 horam
1744 1261 2025 1316 sumendae
2056 1261 2158 1315 ali-

587 1352 1043 1408 moniamlnterim
1080 1360 1261 1406 tamen
1295 1360 1514 1422 sumpto
1554 1353 1609 1406 in
1629 1368 1823 1427 manus
1852 1352 1998 1407 libro
2024 1352 2157 1422 legit

587 1444 867 1507 nonnihil,
895 1459 1061 1513 quem
1088 1451 1143 1497 et
1169 1443 1367 1497 ordine
1394 1459 1495 1498 suo
1520 1444 1665 1497 locat
1690 1461 1702 1495 :
1727 1459 1853 1497 mox
1868 1444 2153 1498 oculorum

584 1536 760 1590 aciem
796 1534 1087 1588 intendere
1134 1534 1331 1603 incipit
1361 1575 1374 1597 ,
1427 1535 1593 1603 inque
1635 1535 1902 1589 fenestras
1932 1535 2156 1603 propius

583 1628 792 1698 deﬁgit.
812 1626 1082 1693 Quiddam
1108 1642 1302 1681 rursus
1318 1627 1450 1697 legit
1468 1644 1481 1691 ;
1502 1627 1700 1681 deinde
1718 1643 1846 1680 suos
1859 1627 2156 1681 admetitnr

2257 444 2527 513 ἐμπίπτει
2560 447 2638 516 τῷ
2674 448 2913 518 μοναχῷ,
2934 448 3205 520 ,ἀγωνίαν
3232 449 3387 519 αὐτῷ
3437 451 3690 520 ἐμποιῶν
3709 492 3725 512 ,
3751 455 3843 506 καὶ

2258 534 2510 603 ἀπεχθῶς
2551 536 2694 606 ἕλξιν
2734 540 2871 608 πρὸς
2900 539 2993 593 τὸν
3020 541 3206 602 τόπον,
3251 541 3455 610 μᾶλλον
3485 541 3544 593 δὲ
3591 543 3845 611 καὶπρὸς

2259 624 2384 686 τοὺς
2415 626 2894 696 συνδιατρίϐοντας
2921 629 3205 696 ἀδελφοὺς,
3232 631 3327 683 καὶ
3357 630 3497 700 πρὸς
3528 633 3640 683 πᾶν
3666 630 3839 700 ἔργον.

2260 718 2354 768 καὶ
2378 718 2510 788 πρὸς
2538 721 2637 789 τὴν
2672 721 2821 772 Θείαν
2851 722 3097 793 Γραφὴν,
3132 723 3328 793 ἀηδίαν
3356 725 3453 776 καὶ
3490 724 3718 792 χάσμην
3741 738 3840 774 που

2265 807 2537 875 κιέοτάτην
2567 811 2801 878 ἐμποιεῖ.
2836 812 2979 880 Πρὸς
3022 812 3252 876 τούτοις,
3285 814 3378 864 xal
3421 815 3615 866 πεῖναν
3644 813 3841 881 πολλὴν

2264 899 2521 968 παρεῖχεν
2556 901 2652 952 καὶ
2685 896 2786 954 ὦδε
2819 904 3041 956 κάκεῖσε
3081 904 3449 974 στρεφόμενον
3477 903 3843 973 καραδοκοῦν-

2258 1004 2325 1039 τα
2354 988 2450 1057 τὴν
2474 988 2626 1057 ὥραν
2654 990 2752 1060 τῆς
2787 992 3104 1056 ἑστιάσεως.
3139 995 3246 1046 Kal
3268 993 3449 1046 λαϐὼν
3481 994 3693 1063 βιϐλίον
3715 997 3840 1049 ἀνα-

2257 1078 2516 1145 γινώσκει
2551 1082 2747 1152 μικρόν
2773 1099 2790 1113 ·
2826 1084 2925 1136 καὶ
2971 1083 3134 1138 πάλιν
3179 1085 3393 1155 τίθησιν
3425 1085 3584 1147 αὐτὸ,
3615 1086 3715 1140 καὶ
3743 1086 3839 1154 ἀρ-

2258 1187 2413 1239 χεται
2442 1155 2654 1239 τρίϐεὗι
2695 1173 2795 1241 τὴν
2827 1173 2973 1244 ὄψιν,
3015 1176 3111 1228 καὶ
3155 1178 3276 1237 ταῖς
3306 1175 3520 1243 θυρίσιν
3550 1177 3838 1239 ἀτενίζεινο

2259 1263 2353 1313 καὶ
2380 1257 2538 1325 αὖθις
2563 1263 2743 1331 ὀλίγον
2764 1266 3179 1335 ἀναγινώσκειν,
3210 1261 3325 1319 εἶτα
3362 1270 3590 1337 μετρεῖν
3622 1269 3723 1330 τὰς
3754 1286 3840 1321 τε-

2257 1348 2481 1417 τράδας,
2512 1353 2607 1402 καὶ
2631 1352 2733 1415 τὰς
2762 1354 2936 1422 ἀρχὰς
2962 1355 3242 1424 ἐπιζητεῖν
3268 1355 3377 1407 τῶν
3404 1356 3722 1421 κεφαλαίων
3746 1358 3839 1424 τῆς

2261 1438 2467 1508 βίϐλου.
2495 1443 2658 1506 Τέλος
2682 1444 2888 1509 πτύξας
2919 1445 2981 1498 τὸ
3004 1445 3215 1516 βιϐλίον
3241 1449 3528 1516 κοιμᾶταιο
3562 1449 3761 1518 μικροῦ
3784 1448 3839 1501 δὲ

2262 1531 2431 1586 ὕπνου
2455 1533 2823 1599 διαλαϐόντος,
2861 1538 3025 1591 πάλιν
3049 1539 3351 1592 ἀνίσταταν
3382 1538 3564 1591 ταῦτα
3596 1539 3653 1591 δὲ
3684 1543 3838 1603 ποιεῖ,

2267 1624 2588 1694 βουλόμενος
2637 1626 2950 1681 ἀναλίσκειν
2992 1628 3092 1689 τὰς
3128 1627 3313 1697 ὥρας’
3359 1629 3495 1682 πότε
3540 1630 3598 1682 δὲ
3638 1631 3839 1701 ἀκούσῃ

582 1728 641 1772 et
674 1692 965 1772 enumerat
992 1692 1421 1784 quaterniones;
1458 1716 1663 1785 plicato
1712 1731 1839 1769 mox
1873 1714 2019 1769 libro
2054 1715 2156 1769 ob-

2260 1715 2353 1768 τοῦ
2387 1718 2737 1786 σημαντῆρος
2777 1718 2870 1771 τοῦ
2923 1719 3170 1789 ἀρίστου,
3216 1720 3460 1784 ἀκούσας
3488 1721 3549 1774 δὲ
3580 1722 3838 1790 εύπρὸθυο

584 1805 905 1870 dormiscit;
928 1804 1105 1858 somni
1139 1804 1485 1874 aliquantum
1516 1807 1607 1860 ubi
1633 1806 1933 1876 decerpsit,
1966 1823 2158 1862 rursus

583 1897 824 1967 assurgit
852 1903 1242 1965 experrectus.
1270 1895 1396 1950 Haec
1426 1912 1494 1950 eo
1524 1896 1657 1951 facit
1676 1898 1918 1952 uthoras
1946 1899 2161 1954 deterat

583 2006 645 2043 ac
689 1989 955 2058 temporis
1000 1988 1156 2044 fallat
1209 1988 1687 2058 prolixitudincm.
1742 1989 1909 2059 Atqui
1970 1990 2160 2044 audito

586 2082 823 2149 primum
859 2079 1129 2149 signifero
1161 2087 1217 2135 et
1243 2079 1425 2133 indice
1462 2079 1703 2148 prandii,
1748 2097 1911 2150 quam
1954 2082 2158 2147 alacer,

562 2189 747 2242 .quam
774 2181 1140 2241 expromptus
1173 2186 1241 2226 eo
1276 2171 1527 2241 provolat
1559 2173 1571 2225 ί
1612 2172 1899 2226 Invenitur
1927 2173 2161 2242 proinde

583 2278 637 2320 et
671 2269 718 2319 is
749 2265 816 2320 ad
845 2264 1273 2319 ministrandum
1302 2264 1447 2317 haud
1470 2256 1685 2334 Segnis,
1716 2273 1872 2319 certo
1902 2265 2004 2319 sibi
2034 2281 2161 2334 pro-

584 2359 826 2414 mittens.
841 2354 1108 2426 ejusmodi
1126 2354 1455 2409 munusloco
1474 2354 1712 2408 mandati
1731 2354 2056 2424 imputatum
2072 2355 2161 2411 iri.

585 2448 830 2503 Subinde
850 2446 938 2500 tali
959 2445 1202 2517 suggerit
1217 2444 1428 2498 daemon
1455 2446 1540 2499 hic
1555 2445 1757 2501 acedia:
1769 2446 2160 2517 cogitationum

585 2537 996 2607 intemperiem:
1017 2527 1215 2605 nempe
1238 2536 1426 2591 aliout
1448 2538 1702 2607 emigret,
1727 2539 2163 2608 etquiatempus

585 2643 749 2681 omne
780 2636 837 2681 et
876 2627 1035 2679 labor
1070 2626 1252 2679 omnis
1282 2641 1455 2679 vacua
1483 2628 1590 2680 sibi
1614 2636 1781 2681 erunt
1804 2627 1977 2697 frugis
2003 2627 2163 2682 bonae

584 2726 641 2771 et
676 2716 883 2778 inania,
912 2715 967 2767 ni
1002 2713 1155 2768 sead
1193 2714 1302 2767 alia
1364 2714 1620 2770 conferat
1671 2716 1811 2770 loca.
1856 2717 2161 2783 Consilium

470 2816 487 2823 ‘
580 2814 959 2863 rursusnovat
976 2805 1180 2859 misero
1205 2806 1324 2869 isti,
1349 2807 1478 2876 quia
1505 2806 1613 2860 alio
1629 2807 1780 2862 nullo
1794 2818 1955 2877 pacto
1980 2819 2164 2879 potest

587 2899 764 2954 morbi
803 2899 884 2953 sic
915 2896 1215 2967 perniciosi
1245 2897 1471 2968 defungi
1505 2897 1853 2968 intemperie,
1889 2900 1997 2955 nisi
2024 2916 2161 2955 con-

574 2994 836 3047 tinenter
858 2998 1126 3060 evagetur
1160 2995 1216 3044 et
1252 2997 1547 3054 commeet,
1610 3004 1780 3074 seque
1813 2991 2042 3060 recipiat
2090 2992 2159 3047 ad

590 3083 1003 3152 fratres,-quasi
1046 3078 1308 3134 veroﬁat
1334 3080 1386 3134 id
1427 3080 1500 3135 ob
1551 3081 1824 3150 publicam
1864 3082 2158 3137 utilitatem

588 3175 1013 3242 procurandum,
1049 3180 1144 3225 aut
1172 3181 1324 3226 certe
1357 3170 1611 3226 infirmos
1654 3179 1714 3225 ut
1750 3173 2062 3227 intervisat.
2113 3174 2164 3228 Is

589 3266 806 3320 tandem
833 3264 970 3317 nihil
992 3262 1280 3317 dissimilis
1303 3264 1647 3333 comperitur
1672 3262 1916 3333 virgulto
1931 3264 2159 3332 deserti,

588 3357 734 3425 quod
766 3356 857 3410 ubi
887 3355 1231 3423 aliquantum
1258 3352 1641 3423 interquicvit,
1664 3336 1870 3411 rursus
1894 3356 2006 3411 huc
2032 3356 2163 3412 illuc

586 3447 924 3516 aspiratione
944 3453 1233 3499 ventorum
1260 3446 1603 3514 perpellitur.
1623 3446 1732 3500 Aut
1762 3456 1936 3511 certe,
1965 3463 2162 3517 quem-

564 3537 881 3591 .admodum
933 3538 1116 3606 planta
1135 3536 1405 3606 quzepiam
1430 3536 1716 3605 procerior
1764 3547 1821 3592 et
1842 3539 2163 3593 exolescens

580 3628 812 3695 genitali
845 3628 967 3682 loco
1006 3636 1212 3692 emota,
1252 3636 1310 3682 et
1356 3628 1683 3682 monachus.
1714 3643 2039 3699 gyrovagus,
2090 3645 2161 3685 ne

588 3721 754 3775 unius
781 3719 1003 3790 quidem
1029 3720 1254 3774 virtutis
1284 3718 1498 3787 frugem
1528 3719 1755 3773 referet.
1796 3717 2164 3785 Quemadmo-

587 3814 717 3866 dum
747 3812 878 3866 item
908 3810 1091 3866 nubes
1150 3811 1309 3865 nullo
1358 3825 1516 3879 aquae
1565 3810 1799 3865 humore
1849 3818 2109 3865 concreta
2142 3850 2159 3876 ,

588 3904 738 3959 venti
779 3902 1084 3973 agitatione
1112 3902 1460 3973 percellitur,
1504 3901 1578 3955 ita
1627 3903 1935 3957 monachus
1963 3902 2159 3972 spiritu

584 3995 827 4064 agitatus
867 3992 1074 4051 acedize
1099 4032 1114 4055 ,
1161 3992 1374 4045 nullam
1421 3991 1589 4045 habet
1610 3990 1847 4045 solidam
1886 3993 2158 4060 requiem.

588 4083 643 4138 Si
672 4082 895 4153 quando
925 4083 1141 4137 daemon
1204 4082 1297 4135 hic
1348 4097 1415 4136 ex
1444 4082 1594 4135 adito
1628 4080 1779 4135 cella:
1834 4081 1988 4135 illum
2049 4095 2161 4137 non

586 4176 835 4247 quiverit
870 4174 1195 4239 extrudere,
1225 4182 1358 4228 tunc
1387 4173 1521 4228 hora
1551 4172 1788 4227 maxime
1819 4173 2163 4227 communio-

588 4269 675 4322 nis
712 4267 887 4337 ipsum
919 4265 1195 4330 adoritur,
1236 4275 1297 4318 ut
1321 4265 1444 4335 ejus
1476 4270 1717 4318 mentem
1750 4262 1982 4332 dissipet
2012 4270 2068 4317 et
2095 4262 2159 4316 in

2263 1821 2363 1874 μσς
2396 1804 2627 1872 γίνεται,
2655 1807 2971 1877 εὑρίσκεται
3017 1808 3074 1860 δὲ
3120 1810 3213 1862 καὶ
3253 1811 3336 1872 εἰς
3377 1810 3666 1864 διακονίαν
3698 1811 3839 1875 ὀξὺς.

2259 1896 2354 1948 καὶ
2381 1896 2602 1965 ἐντολὴν
2632 1899 2901 1966 λογίζεται
2927 1898 3026 1968 τὴν
3057 1900 3252 1954 ἑαυτοῦ
3287 1901 3691 1973 πληροφορίαν.
3721 1906 3841 1957 Aet-

2261 1987 2361 2039 πον
2399 1982 2637 2067 δέ-οὗτος
2668 1991 2698 2042 ὁ
2722 1990 2817 2060 τῆς
2853 1990 3084 2060 ἀκηδίας
3125 1993 3335 2063 δαίμων
3365 1995 3667 2048 ὑποϐάλλει
3696 1996 3841 2065 αύτῷ

2261 2079 2355 2130 καὶ
2380 2077 2680 2149 λογισμοὺς
2712 2081 2854 2148 μετά
2883 2081 3224 2146 ὑποϐάσεως,
3250 2086 3356 2137 -καὶ
3382 2086 3460 2145 ὼς
3488 2088 3539 2138 εί
3569 2086 3648 2157 μὴ
3678 2104 3842 2156 μετα-

2262 2171 2437 2240 στήσῃ
2485 2170 2681 2223 ἐαυτδν
2717 2173 2853 2242 πρὸς
2886 2172 3091 2236 τόπους
3124 2175 3379 2244 ἐτέρους,
3415 2178 3529 2241 πᾶς
3572 2178 3603 2229 ὁ
3652 2178 3842 2248 χρόνος

2262 2259 2357 2312 καὶ
2383 2261 2412 2312 ὁ
2450 2260 2611 2326 πόνος
2663 2261 2890 2332 μάταιος
2931 2263 3079 2333 αὐτῷ
3119 2267 3428 2336 γενήσεται.
3471 2263 3611 2321 Εἶτα
3653 2269 3844 2321 ὐποτίσ

2244 2358 2414 2403 πθεται
2457 2351 2629 2423 αὐτῷ,
2668 2352 2745 2416 ὡς
2774 2355 2951 2407 οὐδενὶ
2997 2355 3144 2426 ἄλλῳ
3190 2357 3378 2426 τρόπῳ
3422 2356 3714 2428 δυνήσεται
3742 2359 3840 2427 τῆς

2264 2442 2425 2495 νόσου
2457 2447 2664 2513 ταύτης
2702 2445 3168 2516 ἀπαλλάττεσθαι,
3200 2450 3247 2500 εξ
3283 2447 3358 2517 μὴ
3385 2447 3477 2500 διά
3501 2448 3566 2500 τὸ
3602 2451 3841 2519 συνεχῶς

2264 2528 2614 2603 ἐξέρχεσθαι,
2659 2537 2754 2587 καὶ
2804 2535 3174 2606 παραϐάλλειν
3215 2536 3466 2607 ἀδελφοῖς
3501 2537 3671 2606 δῆθεν
3690 2518 3843 2607 lii-ge-

2262 2622 2434 2688 λείας,
2470 2623 2502 2693 ἢ
2544 2624 2887 2695 ἐπισκέψεως
2926 2627 3295 2681 ἀσθενούντων
3326 2628 3510 2698 χάριν,
3554 2631 3652 2681 καὶ
3695 2630 3842 2700 εὑρί-

2265 2728 2455 2765 σκεται
2503 2712 2697 2785 ὥσπε-ρ
2752 2716 3027 2786 φρύγανον
3059 2718 3313 2789 ἐρημίας·
3358 2720 3541 2787 ὀλίγον
3571 2720 3838 2789 ἡσύχασε,

2264 2801 2358 2854 καὶ
2387 2802 2549 2856 πάλιν
2596 2803 2705 2857 ὑπὸ
2732 2806 2938 2876 ἀνέμου
2967 2809 3270 2862 ἐλαύνεται.
3307 2810 3416 2865 Kal
3446 2810 3639 2882 ὥσπερ
3677 2815 3843 2881 (petis

2265 2891 2411 2960 μέγα
2448 2895 2872 2965 ἀφαιρούμενον,
2903 2897 3045 2951 οὕτω
3071 2900 3165 2953 καὶ
3188 2901 3419 2971 μοναχὺς
3447 2905 3727 2973 τορευτὴς
3745 2905 3845 2957 οὺς.

2260 2982 2401 3038 οῐσει
2456 2983 2670 3050 καρπὸν
2718 2974 2942 3056 ἀρετῆς·
2980 2991 3075 3043 καὶ
3106 2989 3311 3063 ὥσπερ
3356 2993 3556 3064 νεφέλη
3612 2994 3844 3063 ἄνυδρος

2265 3072 2373 3124 ὑπὸ
2413 3074 2614 3144 ἀνέμου
2644 3075 2918 3142 διώκεται,
2950 3079 3092 3133 οὕτω
3141 3082 3374 3151 μοναχὸς
3413 3083 3489 3153 μὴ
3530 3083 3675 3153 ἕγων
3709 3086 3842 3137 ὑπο-

2267 3161 2437 3234 μονὴν
2473 3164 2580 3218 ὑπὸ
2608 3168 2917 3236 πνεύματος
2947 3170 3196 3240 ἀκηδίας.
3229 3172 3340 3224 Kal
3365 3174 3495 3226 ὅταν
3536 3174 3598 3227 δὲ
3635 3177 3738 3228 καὶ
3769 3177 3845 3245 μὴ

2261 3254 2461 3325 δυνηθῇ
2493 3255 2724 3311 ἐκϐάλαι
2749 3258 2911 3319 αὐτὸν
2934 3260 2999 3312 ὲκ
3030 3261 3129 3331 τῆς
3163 3262 3381 3331 κέλλης.
3411 3263 3645 3333 ἄρχεται
3676 3266 3845 3318 αὑτὸν

2262 3347 2320 3399 ἐν
2336 3346 2474 3418 αὐτῇ
2501 3350 2778 3421 περισπᾷν
2798 3351 2855 3403 ἐν
2868 3353 2934 3422 τῇ
2951 3351 3070 3423 ὥρᾳ
3094 3356 3196 3423 τῆς
3218 3356 3511 3420 συνάξεως·
3525 3356 3727 3420 Τοῦτο,
3744 3375 3845 3427 φη-

2262 3436 2368 3500 σὶν,
2399 3437 2789 3507 ἀνεπιτηδείως
2808 3444 2985 3496 κεῖται
3001 3443 3078 3512 τῷ
3095 3443 3240 3516 ἄλλῳ
3256 3464 3267 3474 -
3293 3446 3354 3498 ού
3375 3446 3531 3516 χρεία
3552 3441 3654 3513 ᾧδε
3676 3444 3844 3511 εἶναι.

2259 3526 2408 3589 ὅπως
2437 3528 2530 3581 τὸν
2560 3530 2685 3583 νοῦν
2712 3531 2880 3585 αὑτοῦ
2908 3533 3077 3602 ἀργὸν
3107 3536 3202 3588 καὶ
3230 3536 3484 3607 ἄκαρπον
3517 3544 3848 3613 καταστήσῃ

2260 3622 2325 3674 ἐκ
2349 3623 2448 3692 τῆς
2482 3622 2792 3690 δοξολογίας
2833 3623 2929 3677 τοῦ
2959 3625 3116 3679 Θεοῦ.
3157 3626 3341 3680 Ταῦτα
3372 3628 3430 3681 δὲ
3463 3631 3641 3683 πάντα
3671 3633 3707 3700 ἠ
3743 3633 3846 3702 ἀρα

2260 3711 2356 3779 γία
2377 3711 2473 3764 καὶ
2503 3714 2536 3783 ὴ
2564 3713 2806 3784 ῥᾳθυμία
2833 3714 3253 3785 κατεργάζεται.
3271 3716 3406 3770 Οὐδὲ
3433 3716 3542 3788 γὰρ
3564 3720 3847 3789 στοιχήςει

2259 3801 2595 3873 ἀκηδιαστὴς
2645 3804 2881 3874 μοναχδς
2925 3805 3072 3874 ἔργῳ
3114 3807 3194 3858 ἐνί
3238 3822 3394 3859 ποτε.
3432 3806 3596 3860 Ἀλλά
3627 3809 3728 3861 καὶ
3768 3810 3849 3870 είς

2260 3894 2569 3963 προσευχὴν
2609 3894 2861 3966 ὀκνηρὸς,
2891 3898 2972 3961 είς
3010 3895 3067 3949 δὲ
3108 3896 3436 3966 ἀργολογίαν
3464 3897 3843 3969 εύπρόθυμος.

2274 3985 2331 4038 Ὁ
2380 3984 2550 4039 Θέλων
2595 3982 2689 4040 οὖν
2733 3988 3114 4058 περιγενέσθαι
3163 3988 3258 4042 τοῦ
3318 3990 3574 4059 δαίμονος
3623 3991 3841 4050 τούτου.

2257 4074 2408 4139 τάξει
2441 4075 2620 4146 ἐαυτῷ
2664 4077 2864 4148 μέτρον
2919 4080 2978 4131 ἐν
3012 4079 3175 4132 παντὶ
3213 4078 3382 4149 ἔργῳ.
3425 4082 3537 4134 Καὶ
3574 4080 3652 4151 μὴ
3703 4083 3845 4151 πρό-

2258 4184 2417 4237 τερον
2455 4169 2666 4240 ἀποστῇ
2698 4170 2830 4240 πρὶν
2852 4170 3070 4225 τελέσαι
3095 4170 3277 4225 τοῦτο.
3306 4172 3413 4225 Καὶ
3440 4175 3843 4243 προσευχέσθω

2259 4260 2500 4330 συνεχῶς
2532 4262 2629 4314 καὶ
2661 4261 2963 4333 συντόμως,
3002 4265 3098 4318 καὶ
3125 4264 3186 4316 τὸ
3216 4263 3435 4335 πνεῦμα
3472 4265 3574 4333 τῆς
3604 4267 3841 4336 ἁκηδίας

587 4359 804 4413 diversa
836 4357 1096 4427 abripiat.
1162 4355 1376 4425 1070
1423 4354 1621 4409 Secum
1662 4354 1885 4408 interim
1925 4353 2156 4411 admur-

2263 4351 2520 4421 φεύξεται
2549 4352 2645 4405 ἀπ’
2679 4353 2867 4408 αὐτοῦ.
2900 4354 2974 4406 Τὸ
3010 4355 3120 4426 γὰρ
3162 4355 3332 4418 πάθος
3364 4355 3522 4409 τοῦτο
3549 4355 3639 4409 διὰ
3671 4373 3844 4428 προσ-

586 4458 789 4514 murat,
824 4449 928 4504 hoc
951 4447 1298 4504 incommode
1331 4460 1434 4500 nec
1462 4434 1565 4500 suo
1591 4446 1713 4500 loco
1744 4445 1987 4515 positum
2024 4454 2108 4501 est
2136 4464 2151 4513 ;

2262 4445 2426 4514 ευχῆς
2453 4443 2844 4514 ἀνατρέπεται,
2875 4446 2971 4498 καὶ
3001 4430 3215 4516 ἀπόχῆς
3244 4446 3592 4517 ἀργολογίας,
3616 4448 3712 4500 καὶ
3746 4448 3840 4499 τοῦ

587 4542 721 4615 illud
750 4543 879 4596 item
908 4550 1074 4610 atque
1100 4538 1276 4602 aliud,
1303 4536 1441 4591 nihil
1464 4544 1549 4591 est
1578 4551 1805 4592 necesse
1830 4547 1889 4592 ut
1914 4538 2007 4593 hic
2037 4537 2105 4593 sit
2133 4555 2146 4591 :

2260 4534 2406 4589 κατά
2454 4534 2684 4605 δύναμιν
2731 4536 3072 4607 ὲργοχείρου,
3105 4538 3199 4592 καὶ
3232 4537 3461 4608 μελέτης
3510 4538 3626 4592 τῶν
3676 4538 3840 4590 θείων

586 4635 826 4703 dumque
862 4633 1125 4687 miserum
1166 4638 1415 4685 avocata
1452 4627 1715 4683 laudibus
1762 4627 2003 4694 divinis,
2045 4643 2158 4698 quo

2262 4627 2457 4697 λογίων
2490 4626 2583 4682 καὶ
2611 4628 2712 4698 τῆς
2740 4629 2800 4680 ἐν
2825 4630 2937 4693 τοῖς
2965 4631 3292 4700 πειρασμοῖς
3319 4629 3622 4701 ὑπομονῆς.

585 4728 888 4797 pactoejus
907 4735 1145 4779 mentem
1168 4722 1592 4778 redditvacuam
1616 4721 1775 4776 bona:
1831 4721 2196 4790 operationis,
2237 4728 2294 4776 et
2314 4721 2385 4775 ab
2419 4721 2572 4776 omni
2607 4721 2764 4792 fruge
2792 4722 3077 4777 alienam?
3119 4722 3333 4779 Cuncta
3354 4723 3476 4781 haec
3503 4725 3641 4795 quid
3681 4725 3837 4781 aliud

586 4827 872 4889 operatur,
917 4831 1082 4887 quam
1132 4815 1286 4869 iners
1340 4813 1515 4866 otium
1567 4826 1630 4866 ac
1683 4810 1936 4865 socordia
1987 4810 2156 4864 animi
2196 4809 2598 4865 lentescentis?
2651 4810 2953 4865 Monachus
2979 4813 3130 4865 enim
3178 4812 3387 4869 .acedize
3413 4812 3613 4883 spiritu
3660 4817 3839 4887 agit»

588 4926 677 4967 tus
713 4908 906 4965 ordine
967 4906 1241 4961 concinne
1274 4904 1486 4959 nullum
1524 4917 1767 4973 unquam
1809 4916 1951 4972 opus
2009 4901 2290 4956 clauserit.
2318 4900 2398 4955 Ad
2434 4903 2740 4957 orationem
2786 4910 2932 4957 totus
3002 4917 3127 4957 cum
3179 4902 3451 4969 desideat,
3501 4920 3666 4973 quam
3704 4922 3832 4976 pro-

586 5004 790 5074 pendet
825 5002 892 5057 ad
919 5001 1137 5056 otium!
1194 4998 1336 5067 sane
1375 4998 1680 5053 dmmonem
1733 4997 1883 5051 hunc
1929 4996 2180 5066 quisquis
2225 4995 2425 5066 insigni
2461 4996 2741 5067 triumpho
2792 5013 2824 5052 a
2868 5012 2927 5051 se
2961 4996 3217 5067 ablegare
3249 4999 3389 5063 vult,
3433 5000 3491 5054 in
3541 5000 3692 5055 omni
3730 5016 3834 5056 suo

586 5111 753 5166 opere
785 5094 1005 5149 modum
1032 5092 1138 5146 sibi
1180 5093 1497 5162 praescribat
1522 5090 1717 5146 ordine
1753 5100 1927 5154 certo,
1959 5104 2060 5143 nec
2088 5091 2243 5159 prius
2265 5089 2536 5144 desciscat
2566 5106 2596 5144 a
2617 5100 2800 5160 empto
2847 5105 3016 5159 opere
3066 5107 3231 5161 quam
3260 5092 3424 5148 tinem
3470 5094 3829 5164 imposuerit;

586 5190 943 5246 continenter
988 5186 1223 5258 proinde
1256 5196 1424 5250 oret,
1484 5200 1549 5240 ac
1573 5201 1765 5256 magna
1806 5185 1974 5238 animi
2003 5183 2383 5249 contentione,
2410 5194 2578 5254 atque
2616 5185 2690 5239 ita
2723 5185 2944 5241 demum
2971 5186 3040 5241 ab
3078 5201 3146 5240 eo
3171 5200 3232 5240 se
3279 5200 3446 5255 quam
3513 5184 3830 5255 longissime

586 5281 939 5337 submovehit
975 5279 1204 5349 spiritus
1247 5277 1338 5332 hic
1379 5277 1601 5332 accdim.
1633 5277 1826 5332 lstbtec
1855 5276 2004 5330 enim
2032 5275 2351 5330 turbulenta
2382 5276 2605 5331 allectio
2629 5276 3191 5333 subvertiturattente
3208 5276 3255 5331 si
3286 5291 3432 5339 ores,
3473 5278 3520 5332 si
3554 5286 3608 5332 te
3637 5290 3829 5331 avoces

586 5371 656 5425 ab
684 5372 860 5425 otioso
911 5385 1185 5432 sermone,
1220 5368 1264 5422 si
1297 5377 1566 5437 quantum
1601 5370 1789 5423 sinunt
1850 5368 2020 5434 vires,
2071 5367 2166 5422 uni
2217 5367 2458 5437 cuipiam
2517 5368 2674 5438 operi
2713 5367 3039 5423 admoliaris
3091 5384 3337 5433 manum,
3386 5382 3432 5423 sn
3469 5368 3673 5423 divinis
3708 5369 3825 5422 elo-

585 5465 730 5532 quiis
763 5463 1147 5517 accommodes
1203 5472 1440 5517 mentem
1467 5503 1480 5528 ,
1523 5463 1570 5517 si
1614 5463 1855 5533 denique
1892 5461 2029 5517 nihil
2058 5476 2201 5533 aegre
2225 5461 2373 5516 feras
2409 5462 2775 5517 tentationum
2803 5463 3063 5517 assultus.

648 5554 757 5607 Nos
795 5555 941 5607 enim
972 5555 1026 5608 ni
1069 5552 1404 5622 compererit
1440 5554 1812 5609 communitas
1838 5553 2151 5609 istiusmodi

2342 5552 2471 5608 Ἐἀν
2498 5552 2611 5633 γὰρ⁵
2638 5553 2712 5623 μὴ
2739 5555 2860 5617 τοῖς
2883 5552 3067 5617 ὅπλοις
3105 5552 3318 5615 τούτοις
3356 5549 3824 5619 κατασφαλιζομέ-

589 5641 778 5708 armis,
819 5642 933 5698 suis
977 5642 1178 5716 iaculis
1221 5640 1441 5697 saucios
1499 5645 1826 5700 vacillantes
1875 5644 2066 5701 reddet
2106 5653 2159 5700 et

2269 5661 2392 5710 νους
2440 5636 2587 5717 ἡμᾶς
2609 5644 2774 5719 εὕρῃ,
2810 5643 3211 5711 κατατοξεύσας
3239 5646 3352 5708 τοῖς
3390 5641 3581 5697 ἑαυτοῦ
3616 5647 3818 5715 βέλεσι,
