  <div class='ocr_page' id='page_1' title='image "/cluster/home/n/w/nwhite01/storage/ocr_20150623/89/pst.000005712953/766.png"; bbox 0 0 4030 6296; ppageno 0'>
   <div class='ocr_carea' id='block_1_1' title="bbox 288 266 424 333">
    <p class='ocr_par' dir='ltr' id='par_1_1' title="bbox 288 266 424 333">
     <span class='ocr_line' id='line_1_1' title="bbox 288 266 424 333; baseline -0.007 -1"><span class='ocrx_word' id='word_1_1' title='bbox 288 266 424 333; x_wconf 76' lang='grc'>1517</span> 
     </span>
    </p>
   </div>
   <div class='ocr_carea' id='block_1_2' title="bbox 1342 250 2475 319">
    <p class='ocr_par' dir='ltr' id='par_1_2' title="bbox 1342 250 2475 319">
     <span class='ocr_line' id='line_1_2' title="bbox 1342 250 2475 319; baseline -0.009 0"><span class='ocrx_word' id='word_1_2' title='bbox 1342 256 1674 319; x_wconf 81' lang='lat' dir='ltr'><strong>HOMILIA</strong></span> <span class='ocrx_word' id='word_1_3' title='bbox 1713 252 1921 316; x_wconf 69' lang='lat' dir='ltr'><strong>XXVI.</strong></span> <span class='ocrx_word' id='word_1_4' title='bbox 1949 279 2020 290; x_wconf 86' lang='lat'><em>-</em></span> <span class='ocrx_word' id='word_1_5' title='bbox 2045 251 2142 313; x_wconf 88' lang='lat' dir='ltr'><strong>DE</strong></span> <span class='ocrx_word' id='word_1_6' title='bbox 2182 250 2475 312; x_wconf 67' lang='lat' dir='ltr'><strong>ACEDIA.</strong></span> 
     </span>
    </p>
   </div>
   <div class='ocr_carea' id='block_1_3' title="bbox 3407 241 3600 307">
    <p class='ocr_par' dir='ltr' id='par_1_3' title="bbox 3407 241 3600 307">
     <span class='ocr_line' id='line_1_3' title="bbox 3407 241 3600 307; baseline -0.005 -4"><span class='ocrx_word' id='word_1_7' title='bbox 3407 241 3542 307; x_wconf 71' lang='lat'><strong>1518</strong></span> <span class='ocrx_word' id='word_1_8' title='bbox 3598 260 3600 262; x_wconf 74' lang='lat'><strong>&#39;</strong></span> 
     </span>
    </p>
   </div>
   <div class='ocr_carea' id='block_1_4' title="bbox 291 353 1891 448">
    <p class='ocr_par' dir='ltr' id='par_1_4' title="bbox 291 365 1865 448">
     <span class='ocr_line' id='line_1_4' title="bbox 291 365 1865 448; baseline -0.013 -21"><span class='ocrx_word' id='word_1_9' title='bbox 291 373 537 448; x_wconf 72' lang='grc' dir='ltr'>ῥεμῦοῦς</span> <span class='ocrx_word' id='word_1_10' title='bbox 559 385 564 390; x_wconf 89' lang='grc'><strong>·</strong></span> <span class='ocrx_word' id='word_1_11' title='bbox 589 371 686 424; x_wconf 68' lang='grc' dir='ltr'><strong>καὶ</strong></span> <span class='ocrx_word' id='word_1_12' title='bbox 735 366 1066 431; x_wconf 82' lang='grc' dir='ltr'>ἁκαθίστους</span> <span class='ocrx_word' id='word_1_13' title='bbox 1097 369 1244 439; x_wconf 73' lang='grc' dir='ltr'>ἡμᾶς</span> <span class='ocrx_word' id='word_1_14' title='bbox 1275 368 1550 432; x_wconf 83' lang='grc' dir='ltr'><strong>ἀποτελεῖ,</strong></span> <span class='ocrx_word' id='word_1_15' title='bbox 1582 366 1676 420; x_wconf 71' lang='grc' dir='ltr'><strong>καὶ</strong></span> <span class='ocrx_word' id='word_1_16' title='bbox 1709 365 1865 435; x_wconf 78' lang='grc' dir='ltr'>ἀμεί.</span> 
     </span>
    </p>
   </div>
   <div class='ocr_carea' id='block_1_5' title="bbox 1993 353 3543 448">
    <p class='ocr_par' dir='ltr' id='par_1_5' title="bbox 1993 353 3543 425">
     <span class='ocr_line' id='line_1_5' title="bbox 1993 353 3543 425; baseline -0.005 -10"><span class='ocrx_word' id='word_1_17' title='bbox 1993 361 2277 416; x_wconf 90' lang='lat' dir='ltr'><strong>nstabiles.</strong></span> <span class='ocrx_word' id='word_1_18' title='bbox 2315 360 2567 425; x_wconf 91' lang='lat' dir='ltr'><strong>Dumque</strong></span> <span class='ocrx_word' id='word_1_19' title='bbox 2589 370 2618 408; x_wconf 89' lang='lat' dir='ltr'><strong>e</strong></span> <span class='ocrx_word' id='word_1_20' title='bbox 2646 354 2782 408; x_wconf 87' lang='lat' dir='ltr'><strong>locis</strong></span> <span class='ocrx_word' id='word_1_21' title='bbox 2817 353 2934 407; x_wconf 88' lang='lat' dir='ltr'><strong>loca</strong></span> <span class='ocrx_word' id='word_1_22' title='bbox 2959 363 3359 421; x_wconf 84' lang='lat' dir='ltr'><strong>permutamus,</strong></span> <span class='ocrx_word' id='word_1_23' title='bbox 3393 355 3543 408; x_wconf 67' lang='lat' dir='ltr'><strong>aliud</strong></span> 
     </span>
    </p>
   </div>
   <div class='ocr_carea' id='block_1_6' title="bbox 288 459 1867 530">
    <p class='ocr_par' dir='ltr' id='par_1_6' title="bbox 288 459 1867 530">
     <span class='ocr_line' id='line_1_6' title="bbox 288 459 1867 530; baseline -0.008 -10"><span class='ocrx_word' id='word_1_24' title='bbox 288 467 488 526; x_wconf 75' lang='grc' dir='ltr'>σοντας</span> <span class='ocrx_word' id='word_1_25' title='bbox 527 463 731 525; x_wconf 84' lang='grc' dir='ltr'>τόπους</span> <span class='ocrx_word' id='word_1_26' title='bbox 765 463 828 515; x_wconf 79' lang='grc' dir='ltr'><strong>ἐκ</strong></span> <span class='ocrx_word' id='word_1_27' title='bbox 861 463 1066 514; x_wconf 61' lang='grc' dir='ltr'>τόπων</span> <span class='ocrx_word' id='word_1_28' title='bbox 1104 461 1201 514; x_wconf 73' lang='grc' dir='ltr'><strong>καὶ</strong></span> <span class='ocrx_word' id='word_1_29' title='bbox 1235 459 1386 514; x_wconf 74' lang='grc' dir='ltr'>οὐδὲν</span> <span class='ocrx_word' id='word_1_30' title='bbox 1415 459 1575 530; x_wconf 72' lang='grc' dir='ltr'>ἄλλῳ.</span> <span class='ocrx_word' id='word_1_31' title='bbox 1595 459 1867 529; x_wconf 78' lang='grc' dir='ltr'>μεριμνᾷν</span> 
     </span>
    </p>
   </div>
   <div class='ocr_carea' id='block_1_7' title="bbox 290 544 1869 626">
    <p class='ocr_par' dir='ltr' id='par_1_7' title="bbox 290 544 1869 626">
     <span class='ocr_line' id='line_1_7' title="bbox 290 544 1869 626; baseline -0.008 -13"><span class='ocrx_word' id='word_1_32' title='bbox 290 559 385 613; x_wconf 78' lang='grc' dir='ltr'><strong>καὶ</strong></span> <span class='ocrx_word' id='word_1_33' title='bbox 410 557 792 626; x_wconf 74' lang='grc' dir='ltr'><strong>περισκοπεῖν,</strong></span> <span class='ocrx_word' id='word_1_34' title='bbox 817 554 848 624; x_wconf 80' lang='grc' dir='ltr'>ἦ</span> <span class='ocrx_word' id='word_1_35' title='bbox 875 554 1032 607; x_wconf 81' lang='grc' dir='ltr'>τοῦτο</span> <span class='ocrx_word' id='word_1_36' title='bbox 1055 544 1239 624; x_wconf 69' lang='grc' dir='ltr'>μόνον,</span> <span class='ocrx_word' id='word_1_37' title='bbox 1270 553 1372 606; x_wconf 86' lang='grc' dir='ltr'><strong>ποῦ</strong></span> <span class='ocrx_word' id='word_1_38' title='bbox 1394 553 1549 604; x_wconf 87' lang='grc' dir='ltr'>πότοι</span> <span class='ocrx_word' id='word_1_39' title='bbox 1575 550 1669 604; x_wconf 72' lang='grc' dir='ltr'>καὶ</span> <span class='ocrx_word' id='word_1_40' title='bbox 1697 550 1869 618; x_wconf 85' lang='grc' dir='ltr'><strong>ἁγίων</strong></span> 
     </span>
    </p>
   </div>
   <div class='ocr_carea' id='block_1_8' title="bbox 1971 444 3542 514">
    <p class='ocr_par' dir='ltr' id='par_1_8' title="bbox 1971 444 3542 514">
     <span class='ocr_line' id='line_1_8' title="bbox 1971 444 3542 514; baseline -0.004 -8"><span class='ocrx_word' id='word_1_41' title='bbox 1971 452 2110 506; x_wconf 88' lang='lat' dir='ltr'><strong>nihil</strong></span> <span class='ocrx_word' id='word_1_42' title='bbox 2144 451 2306 504; x_wconf 75' lang='lat' dir='ltr'><strong>anxie</strong></span> <span class='ocrx_word' id='word_1_43' title='bbox 2337 449 2422 502; x_wconf 85' lang='lat' dir='ltr'><strong>vel</strong></span> <span class='ocrx_word' id='word_1_44' title='bbox 2463 447 2704 514; x_wconf 75' lang='lat' dir='ltr'><strong>cogitare</strong></span> <span class='ocrx_word' id='word_1_45' title='bbox 2748 445 2914 499; x_wconf 86' lang='lat' dir='ltr'><strong>faciet</strong></span> <span class='ocrx_word' id='word_1_46' title='bbox 2967 447 3052 498; x_wconf 85' lang='lat' dir='ltr'><strong>vel</strong></span> <span class='ocrx_word' id='word_1_47' title='bbox 3092 444 3542 514; x_wconf 80' lang='lat' dir='ltr'><strong>circumspicere,</strong></span> 
     </span>
    </p>
   </div>
   <div class='ocr_carea' id='block_1_9' title="bbox 1971 535 3552 612">
    <p class='ocr_par' dir='ltr' id='par_1_9' title="bbox 1971 535 3552 612">
     <span class='ocr_line' id='line_1_9' title="bbox 1971 535 3552 612; baseline -0.005 -14"><span class='ocrx_word' id='word_1_48' title='bbox 1971 557 2134 612; x_wconf 90' lang='lat' dir='ltr'><strong>quam</strong></span> <span class='ocrx_word' id='word_1_49' title='bbox 2169 541 2264 596; x_wconf 91' lang='lat' dir='ltr'><strong>ubi</strong></span> <span class='ocrx_word' id='word_1_50' title='bbox 2292 541 2541 594; x_wconf 90' lang='lat' dir='ltr'><strong>locorum</strong></span> <span class='ocrx_word' id='word_1_51' title='bbox 2577 536 2853 608; x_wconf 78' lang='lat' dir='ltr'><strong>symposia</strong></span> <span class='ocrx_word' id='word_1_52' title='bbox 2884 535 3258 600; x_wconf 78' lang='lat' dir='ltr'><strong>celebrantur,</strong></span> <span class='ocrx_word' id='word_1_53' title='bbox 3298 546 3394 589; x_wconf 91' lang='lat' dir='ltr'><strong>aut</strong></span> <span class='ocrx_word' id='word_1_54' title='bbox 3425 551 3552 590; x_wconf 73' lang='lat' dir='ltr'><strong>san~</strong></span> 
     </span>
    </p>
   </div>
   <div class='ocr_carea' id='block_1_10' title="bbox 291 626 1891 720">
    <p class='ocr_par' dir='ltr' id='par_1_10' title="bbox 291 640 1870 720">
     <span class='ocr_line' id='line_1_10' title="bbox 291 640 1870 720; baseline -0.005 -19"><span class='ocrx_word' id='word_1_55' title='bbox 291 651 506 720; x_wconf 80' lang='grc' dir='ltr'>μνῆμαι</span> <span class='ocrx_word' id='word_1_56' title='bbox 561 647 828 715; x_wconf 88' lang='grc' dir='ltr'>γίνονται.</span> <span class='ocrx_word' id='word_1_57' title='bbox 887 646 994 698; x_wconf 87' lang='grc' dir='ltr'><strong>Τοῦ</strong></span> <span class='ocrx_word' id='word_1_58' title='bbox 1038 647 1148 716; x_wconf 65' lang='grc' dir='ltr'>γὰρ</span> <span class='ocrx_word' id='word_1_59' title='bbox 1199 640 1535 715; x_wconf 80' lang='grc' dir='ltr'>ἁκηδιαστοῦ</span> <span class='ocrx_word' id='word_1_60' title='bbox 1584 645 1618 713; x_wconf 81' lang='grc' dir='ltr'><strong>ἡ</strong></span> <span class='ocrx_word' id='word_1_61' title='bbox 1659 641 1870 696; x_wconf 82' lang='grc' dir='ltr'>διάνοια</span> 
     </span>
    </p>
   </div>
   <div class='ocr_carea' id='block_1_11' title="bbox 1993 626 3554 720">
    <p class='ocr_par' dir='ltr' id='par_1_11' title="bbox 1993 626 3554 697">
     <span class='ocr_line' id='line_1_11' title="bbox 1993 626 3554 697; baseline -0.004 -8"><span class='ocrx_word' id='word_1_62' title='bbox 1993 645 2187 689; x_wconf 79' lang='lat' dir='ltr'><strong>:torum</strong></span> <span class='ocrx_word' id='word_1_63' title='bbox 2213 633 2516 688; x_wconf 73' lang='lat' dir='ltr'><strong>memoriae.</strong></span> <span class='ocrx_word' id='word_1_64' title='bbox 2550 631 2704 684; x_wconf 82' lang='lat' dir='ltr'><strong>Mens</strong></span> <span class='ocrx_word' id='word_1_65' title='bbox 2729 629 2974 691; x_wconf 78' lang='lat' dir='ltr'><strong>interim,</strong></span> <span class='ocrx_word' id='word_1_66' title='bbox 3001 628 3080 682; x_wconf 92' lang='lat' dir='ltr'><strong>sic</strong></span> <span class='ocrx_word' id='word_1_67' title='bbox 3109 627 3297 682; x_wconf 87' lang='lat' dir='ltr'><strong>acedia</strong></span> <span class='ocrx_word' id='word_1_68' title='bbox 3323 626 3554 697; x_wconf 78' lang='lat' dir='ltr'><strong>dejec&#39;is</strong></span> 
     </span>
    </p>
   </div>
   <div class='ocr_carea' id='block_1_12' title="bbox 289 732 1873 808">
    <p class='ocr_par' dir='ltr' id='par_1_12' title="bbox 289 732 1873 808">
     <span class='ocr_line' id='line_1_12' title="bbox 289 732 1873 808; baseline -0.006 -12"><span class='ocrx_word' id='word_1_69' title='bbox 289 743 444 796; x_wconf 78' lang='grc' dir='ltr'>οὐδὲν</span> <span class='ocrx_word' id='word_1_70' title='bbox 476 739 604 794; x_wconf 83' lang='grc' dir='ltr'>ἄλλο</span> <span class='ocrx_word' id='word_1_71' title='bbox 645 737 998 808; x_wconf 75' lang='grc' dir='ltr'>φαντάζεται,</span> <span class='ocrx_word' id='word_1_72' title='bbox 1030 738 1123 790; x_wconf 72' lang='grc' dir='ltr'><strong>καὶ</strong></span> <span class='ocrx_word' id='word_1_73' title='bbox 1153 735 1401 806; x_wconf 72' lang='grc' dir='ltr'>ψηφίζει,</span> <span class='ocrx_word' id='word_1_74' title='bbox 1430 735 1462 805; x_wconf 78' lang='grc' dir='ltr'><strong>ἢ</strong></span> <span class='ocrx_word' id='word_1_75' title='bbox 1493 735 1622 795; x_wconf 73' lang='grc' dir='ltr'>τοὺς</span> <span class='ocrx_word' id='word_1_76' title='bbox 1658 735 1722 786; x_wconf 85' lang='grc' dir='ltr'><strong>ἐκ</strong></span> <span class='ocrx_word' id='word_1_77' title='bbox 1749 732 1873 786; x_wconf 81' lang='grc' dir='ltr'>τού-</span> 
     </span>
    </p>
   </div>
   <div class='ocr_carea' id='block_1_13' title="bbox 288 829 1874 906">
    <p class='ocr_par' dir='ltr' id='par_1_13' title="bbox 288 829 1874 906">
     <span class='ocr_line' id='line_1_13' title="bbox 288 829 1874 906; baseline -0.007 -16"><span class='ocrx_word' id='word_1_78' title='bbox 288 855 402 890; x_wconf 85' lang='grc' dir='ltr'><strong>των</strong></span> <span class='ocrx_word' id='word_1_79' title='bbox 443 832 879 906; x_wconf 84' lang='grc' dir='ltr'>μετεωρισμούς.</span> <span class='ocrx_word' id='word_1_80' title='bbox 924 829 1125 884; x_wconf 82' lang='grc' dir='ltr'><strong>Λοιπὸν</strong></span> <span class='ocrx_word' id='word_1_81' title='bbox 1151 831 1208 883; x_wconf 82' lang='grc' dir='ltr'><strong>δέ</strong></span> <span class='ocrx_word' id='word_1_82' title='bbox 1239 832 1304 882; x_wconf 86' lang='grc' dir='ltr'><strong>ἐκ</strong></span> <span class='ocrx_word' id='word_1_83' title='bbox 1338 829 1529 882; x_wconf 84' lang='grc' dir='ltr'>τούτου</span> <span class='ocrx_word' id='word_1_84' title='bbox 1560 829 1652 882; x_wconf 72' lang='grc' dir='ltr'>καὶ</span> <span class='ocrx_word' id='word_1_85' title='bbox 1676 829 1753 890; x_wconf 87' lang='grc' dir='ltr'>εἰς</span> <span class='ocrx_word' id='word_1_86' title='bbox 1781 844 1874 880; x_wconf 90' lang='grc' dir='ltr'>κο-</span> 
     </span>
    </p>
   </div>
   <div class='ocr_carea' id='block_1_14' title="bbox 293 916 1875 997">
    <p class='ocr_par' dir='ltr' id='par_1_14' title="bbox 293 916 1875 997">
     <span class='ocr_line' id='line_1_14' title="bbox 293 916 1875 997; baseline -0.008 -16"><span class='ocrx_word' id='word_1_87' title='bbox 293 926 469 997; x_wconf 84' lang='grc' dir='ltr'>σμικὰ</span> <span class='ocrx_word' id='word_1_88' title='bbox 506 925 810 994; x_wconf 84' lang='grc' dir='ltr'>πράγματα</span> <span class='ocrx_word' id='word_1_89' title='bbox 842 921 1007 973; x_wconf 79' lang='grc' dir='ltr'>αὐτὸν</span> <span class='ocrx_word' id='word_1_90' title='bbox 1041 920 1379 990; x_wconf 80' lang='grc' dir='ltr'>συνδεσμεῖν’</span> <span class='ocrx_word' id='word_1_91' title='bbox 1422 920 1516 972; x_wconf 71' lang='grc' dir='ltr'><strong>καὶ</strong></span> <span class='ocrx_word' id='word_1_92' title='bbox 1548 919 1668 972; x_wconf 89' lang='grc' dir='ltr'>κατ’</span> <span class='ocrx_word' id='word_1_93' title='bbox 1697 916 1875 984; x_wconf 77' lang='grc' dir='ltr'>ὀλίγον</span> 
     </span>
    </p>
   </div>
   <div class='ocr_carea' id='block_1_15' title="bbox 292 1009 1876 1081">
    <p class='ocr_par' dir='ltr' id='par_1_15' title="bbox 292 1009 1876 1081">
     <span class='ocr_line' id='line_1_15' title="bbox 292 1009 1876 1081; baseline -0.007 -9"><span class='ocrx_word' id='word_1_94' title='bbox 292 1016 542 1080; x_wconf 74' lang='grc' dir='ltr'><strong>δελεάζει</strong></span> <span class='ocrx_word' id='word_1_95' title='bbox 577 1017 698 1076; x_wconf 82' lang='grc' dir='ltr'>ταῖς</span> <span class='ocrx_word' id='word_1_96' title='bbox 735 1013 1058 1068; x_wconf 75' lang='grc' dir='ltr'>ὲπιϐλαὸέσι</span> <span class='ocrx_word' id='word_1_97' title='bbox 1083 1011 1309 1075; x_wconf 84' lang='grc' dir='ltr'><strong>ταύταις</strong></span> <span class='ocrx_word' id='word_1_98' title='bbox 1338 1011 1639 1081; x_wconf 81' lang='grc' dir='ltr'>ἀσχολίαις,</span> <span class='ocrx_word' id='word_1_99' title='bbox 1677 1011 1781 1071; x_wconf 78' lang='grc' dir='ltr'>ἓως</span> <span class='ocrx_word' id='word_1_100' title='bbox 1810 1009 1876 1062; x_wconf 84' lang='grc' dir='ltr'><strong>ἂν</strong></span> 
     </span>
    </p>
   </div>
   <div class='ocr_carea' id='block_1_16' title="bbox 293 1101 1878 1176">
    <p class='ocr_par' dir='ltr' id='par_1_16' title="bbox 293 1101 1878 1176">
     <span class='ocr_line' id='line_1_16' title="bbox 293 1101 1878 1176; baseline -0.006 -15"><span class='ocrx_word' id='word_1_101' title='bbox 293 1111 393 1163; x_wconf 73' lang='grc' dir='ltr'><strong>καὶ</strong></span> <span class='ocrx_word' id='word_1_102' title='bbox 446 1107 542 1160; x_wconf 84' lang='grc' dir='ltr'><strong>τοῦ</strong></span> <span class='ocrx_word' id='word_1_103' title='bbox 605 1103 899 1176; x_wconf 79' lang='grc' dir='ltr'>μοναδικοῦ</span> <span class='ocrx_word' id='word_1_104' title='bbox 963 1103 1384 1170; x_wconf 74' lang='grc' dir='ltr'><strong>ἐπαγγέλματος</strong></span> <span class='ocrx_word' id='word_1_105' title='bbox 1444 1102 1665 1165; x_wconf 71' lang='grc' dir='ltr'><strong>Ιτελείως</strong></span> <span class='ocrx_word' id='word_1_106' title='bbox 1716 1101 1878 1153; x_wconf 80' lang='grc' dir='ltr'>αὑτὸν</span> 
     </span>
    </p>
   </div>
   <div class='ocr_carea' id='block_1_17' title="bbox 297 1191 1880 1272">
    <p class='ocr_par' dir='ltr' id='par_1_17' title="bbox 297 1191 1880 1272">
     <span class='ocr_line' id='line_1_17' title="bbox 297 1191 1880 1272; baseline -0.005 -20"><span class='ocrx_word' id='word_1_107' title='bbox 297 1198 528 1272; x_wconf 76' lang='grc' dir='ltr'>ἐκϐάλῃ.</span> <span class='ocrx_word' id='word_1_108' title='bbox 574 1195 771 1258; x_wconf 83' lang='grc' dir='ltr'>Καλῶς</span> <span class='ocrx_word' id='word_1_109' title='bbox 808 1191 901 1248; x_wconf 77' lang='grc' dir='ltr'><strong>οὖν</strong></span> <span class='ocrx_word' id='word_1_110' title='bbox 927 1196 954 1246; x_wconf 87' lang='lat'><strong>6</strong></span> <span class='ocrx_word' id='word_1_111' title='bbox 978 1195 1274 1256; x_wconf 81' lang='grc' dir='ltr'>ἀπόστολος</span> <span class='ocrx_word' id='word_1_112' title='bbox 1313 1193 1548 1257; x_wconf 81' lang='grc' dir='ltr'><strong>Παῦλος,</strong></span> <span class='ocrx_word' id='word_1_113' title='bbox 1573 1194 1648 1252; x_wconf 82' lang='grc' dir='ltr'>ὡς</span> <span class='ocrx_word' id='word_1_114' title='bbox 1695 1195 1880 1264; x_wconf 79' lang='grc' dir='ltr'>ἄρτιος</span> 
     </span>
    </p>
   </div>
   <div class='ocr_carea' id='block_1_18' title="bbox 302 1285 1878 1360">
    <p class='ocr_par' dir='ltr' id='par_1_18' title="bbox 302 1285 1878 1360">
     <span class='ocr_line' id='line_1_18' title="bbox 302 1285 1878 1360; baseline -0.004 -16"><span class='ocrx_word' id='word_1_115' title='bbox 302 1291 489 1360; x_wconf 78' lang='grc' dir='ltr'>ἰατρὸς</span> <span class='ocrx_word' id='word_1_116' title='bbox 541 1288 868 1358; x_wconf 86' lang='grc' dir='ltr'>βουλόμενος</span> <span class='ocrx_word' id='word_1_117' title='bbox 919 1287 1173 1356; x_wconf 80' lang='grc' dir='ltr'>ἐκτεμεῖν</span> <span class='ocrx_word' id='word_1_118' title='bbox 1206 1287 1305 1356; x_wconf 76' lang='grc' dir='ltr'>τῆς</span> <span class='ocrx_word' id='word_1_119' title='bbox 1336 1287 1494 1349; x_wconf 67' lang='grc' dir='ltr'>νόσου</span> <span class='ocrx_word' id='word_1_120' title='bbox 1541 1287 1743 1355; x_wconf 81' lang='grc' dir='ltr'>ταύτης</span> <span class='ocrx_word' id='word_1_121' title='bbox 1781 1285 1878 1349; x_wconf 80' lang='grc' dir='ltr'><strong>τὰς</strong></span> 
     </span>
    </p>
   </div>
   <div class='ocr_carea' id='block_1_19' title="bbox 297 1379 1878 1450">
    <p class='ocr_par' dir='ltr' id='par_1_19' title="bbox 297 1379 1878 1450">
     <span class='ocr_line' id='line_1_19' title="bbox 297 1379 1878 1450; baseline -0.004 -13"><span class='ocrx_word' id='word_1_122' title='bbox 297 1385 503 1444; x_wconf 74' lang='grc' dir='ltr'>αἰτίας,</span> <span class='ocrx_word' id='word_1_123' title='bbox 560 1382 684 1435; x_wconf 81' lang='grc' dir='ltr'>ὅθεν</span> <span class='ocrx_word' id='word_1_124' title='bbox 731 1380 934 1447; x_wconf 84' lang='grc' dir='ltr'>ἀκηδία</span> <span class='ocrx_word' id='word_1_125' title='bbox 985 1380 1271 1442; x_wconf 83' lang='grc' dir='ltr'>τίκτεται,</span> <span class='ocrx_word' id='word_1_126' title='bbox 1333 1383 1595 1450; x_wconf 85' lang='grc' dir='ltr'>παραινεῖ</span> <span class='ocrx_word' id='word_1_127' title='bbox 1664 1379 1878 1447; x_wconf 77' lang='grc' dir='ltr'>λέγων’</span> 
     </span>
    </p>
   </div>
   <div class='ocr_carea' id='block_1_20' title="bbox 311 1469 1882 1542">
    <p class='ocr_par' dir='ltr' id='par_1_20' title="bbox 311 1469 1882 1542">
     <span class='ocr_line' id='line_1_20' title="bbox 311 1469 1882 1542; baseline -0.003 -15"><span class='ocrx_word' id='word_1_128' title='bbox 311 1473 582 1542; x_wconf 69' lang='grc' dir='ltr'>Ἀδελφοῇ</span> <span class='ocrx_word' id='word_1_129' title='bbox 605 1472 760 1525; x_wconf 74' lang='grc' dir='ltr'>αὐτοὶ</span> <span class='ocrx_word' id='word_1_130' title='bbox 785 1471 974 1524; x_wconf 74' lang='grc' dir='ltr'>οἴδατε</span> <span class='ocrx_word' id='word_1_131' title='bbox 1024 1469 1140 1532; x_wconf 86' lang='grc' dir='ltr'><strong>πῶς</strong></span> <span class='ocrx_word' id='word_1_132' title='bbox 1167 1470 1248 1522; x_wconf 81' lang='grc' dir='ltr'><strong>δεῖ</strong></span> <span class='ocrx_word' id='word_1_133' title='bbox 1280 1471 1566 1539; x_wconf 83' lang='grc' dir='ltr'>μιμεῖσθαι</span> <span class='ocrx_word' id='word_1_134' title='bbox 1600 1472 1768 1541; x_wconf 76' lang='grc' dir='ltr'>ἡμᾶς,</span> <span class='ocrx_word' id='word_1_135' title='bbox 1801 1472 1882 1522; x_wconf 85' lang='grc' dir='ltr'><strong>ὅτι</strong></span> 
     </span>
    </p>
   </div>
   <div class='ocr_carea' id='block_1_21' title="bbox 298 1562 1882 1634">
    <p class='ocr_par' dir='ltr' id='par_1_21' title="bbox 298 1562 1882 1634">
     <span class='ocr_line' id='line_1_21' title="bbox 298 1562 1882 1634; baseline -0.004 -14"><span class='ocrx_word' id='word_1_136' title='bbox 298 1567 406 1621; x_wconf 76' lang='grc' dir='ltr'><strong>οὐκ</strong></span> <span class='ocrx_word' id='word_1_137' title='bbox 436 1564 830 1634; x_wconf 71' lang='grc' dir='ltr'>ἠτακτήσαμεν</span> <span class='ocrx_word' id='word_1_138' title='bbox 864 1565 921 1614; x_wconf 88' lang='grc' dir='ltr'><strong>ἐν</strong></span> <span class='ocrx_word' id='word_1_139' title='bbox 955 1562 1107 1630; x_wconf 81' lang='grc' dir='ltr'>ὑμῖν,</span> <span class='ocrx_word' id='word_1_140' title='bbox 1141 1562 1265 1614; x_wconf 85' lang='grc' dir='ltr'><strong>ούδέ</strong></span> <span class='ocrx_word' id='word_1_141' title='bbox 1302 1562 1512 1632; x_wconf 80' lang='grc' dir='ltr'>δωρεὰν</span> <span class='ocrx_word' id='word_1_142' title='bbox 1542 1563 1704 1632; x_wconf 70' lang='grc' dir='ltr'>ἄρτον</span> <span class='ocrx_word' id='word_1_143' title='bbox 1747 1563 1882 1630; x_wconf 81' lang='grc' dir='ltr'>ἐφά-</span> 
     </span>
    </p>
   </div>
   <div class='ocr_carea' id='block_1_22' title="bbox 307 1651 1884 1723">
    <p class='ocr_par' dir='ltr' id='par_1_22' title="bbox 307 1651 1884 1723">
     <span class='ocr_line' id='line_1_22' title="bbox 307 1651 1884 1723; baseline 0 -17"><span class='ocrx_word' id='word_1_144' title='bbox 307 1672 479 1720; x_wconf 80' lang='grc' dir='ltr'>γομεν</span> <span class='ocrx_word' id='word_1_145' title='bbox 513 1654 664 1723; x_wconf 85' lang='grc' dir='ltr'>παρά</span> <span class='ocrx_word' id='word_1_146' title='bbox 693 1670 861 1715; x_wconf 90' lang='grc' dir='ltr'>τινος.</span> <span class='ocrx_word' id='word_1_147' title='bbox 895 1651 1008 1704; x_wconf 78' lang='grc' dir='ltr'>ἀλλ’</span> <span class='ocrx_word' id='word_1_148' title='bbox 1049 1653 1105 1703; x_wconf 81' lang='grc' dir='ltr'>ὲν</span> <span class='ocrx_word' id='word_1_149' title='bbox 1145 1654 1302 1722; x_wconf 84' lang='grc' dir='ltr'>κόπῳ</span> <span class='ocrx_word' id='word_1_150' title='bbox 1339 1653 1432 1704; x_wconf 74' lang='grc' dir='ltr'>καὶ</span> <span class='ocrx_word' id='word_1_151' title='bbox 1474 1653 1657 1722; x_wconf 79' lang='grc' dir='ltr'>μόχθω</span> <span class='ocrx_word' id='word_1_152' title='bbox 1691 1652 1884 1714; x_wconf 79' lang='grc' dir='ltr'>νυκτὸς</span> 
     </span>
    </p>
   </div>
   <div class='ocr_carea' id='block_1_23' title="bbox 309 1741 1884 1816">
    <p class='ocr_par' dir='ltr' id='par_1_23' title="bbox 309 1741 1884 1816">
     <span class='ocr_line' id='line_1_23' title="bbox 309 1741 1884 1816; baseline -0.003 -18"><span class='ocrx_word' id='word_1_153' title='bbox 309 1747 406 1798; x_wconf 75' lang='grc' dir='ltr'><strong>καὶ</strong></span> <span class='ocrx_word' id='word_1_154' title='bbox 442 1746 657 1816; x_wconf 72' lang='grc' dir='ltr'>ἡμέρας</span> <span class='ocrx_word' id='word_1_155' title='bbox 693 1741 1095 1813; x_wconf 75' lang='grc' dir='ltr'>ἐργαζόμενοι,</span> <span class='ocrx_word' id='word_1_156' title='bbox 1146 1742 1282 1810; x_wconf 83' lang='grc' dir='ltr'>πρὸς</span> <span class='ocrx_word' id='word_1_157' title='bbox 1327 1741 1388 1794; x_wconf 79' lang='grc' dir='ltr'>τὸ</span> <span class='ocrx_word' id='word_1_158' title='bbox 1441 1742 1516 1812; x_wconf 84' lang='grc' dir='ltr'>μὴ</span> <span class='ocrx_word' id='word_1_159' title='bbox 1551 1743 1884 1814; x_wconf 75' lang='grc' dir='ltr'>ἐπιϐαρῆσαί</span> 
     </span>
    </p>
   </div>
   <div class='ocr_carea' id='block_1_24' title="bbox 308 1832 1886 1905">
    <p class='ocr_par' dir='ltr' id='par_1_24' title="bbox 308 1832 1886 1905">
     <span class='ocr_line' id='line_1_24' title="bbox 308 1832 1886 1905; baseline -0.002 -17"><span class='ocrx_word' id='word_1_160' title='bbox 308 1853 432 1888; x_wconf 88' lang='grc' dir='ltr'>τινα</span> <span class='ocrx_word' id='word_1_161' title='bbox 486 1834 660 1904; x_wconf 85' lang='grc' dir='ltr'>ὑμῶν.</span> <span class='ocrx_word' id='word_1_162' title='bbox 716 1852 733 1884; x_wconf 77' lang='grc' dir='ltr'><strong>ι</strong></span> <span class='ocrx_word' id='word_1_163' title='bbox 769 1832 880 1887; x_wconf 81' lang='grc' dir='ltr'>Καὶ</span> <span class='ocrx_word' id='word_1_164' title='bbox 926 1833 1163 1899; x_wconf 83' lang='grc' dir='ltr'>ἐπάγει·</span> <span class='ocrx_word' id='word_1_165' title='bbox 1211 1851 1230 1882; x_wconf 77' lang='grc' dir='ltr'><strong>ι</strong></span> <span class='ocrx_word' id='word_1_166' title='bbox 1271 1832 1381 1902; x_wconf 79' lang='grc' dir='ltr'><strong>Οὐχ</strong></span> <span class='ocrx_word' id='word_1_167' title='bbox 1424 1834 1504 1886; x_wconf 74' lang='grc' dir='ltr'><strong>ὅτι</strong></span> <span class='ocrx_word' id='word_1_168' title='bbox 1543 1834 1642 1886; x_wconf 89' lang='grc' dir='ltr'><strong>ούκ</strong></span> <span class='ocrx_word' id='word_1_169' title='bbox 1687 1834 1886 1905; x_wconf 77' lang='grc' dir='ltr'>ἔχομεν</span> 
     </span>
    </p>
   </div>
   <div class='ocr_carea' id='block_1_25' title="bbox 305 1923 1890 1996">
    <p class='ocr_par' dir='ltr' id='par_1_25' title="bbox 305 1923 1890 1996">
     <span class='ocr_line' id='line_1_25' title="bbox 305 1923 1890 1996; baseline -0.001 -15"><span class='ocrx_word' id='word_1_170' title='bbox 305 1926 582 1994; x_wconf 77' lang='grc' dir='ltr'>ἐξουσίαν,</span> <span class='ocrx_word' id='word_1_171' title='bbox 620 1926 738 1979; x_wconf 83' lang='grc' dir='ltr'>ἀλλ’</span> <span class='ocrx_word' id='word_1_172' title='bbox 768 1925 854 1978; x_wconf 83' lang='grc' dir='ltr'><strong>ἵνα</strong></span> <span class='ocrx_word' id='word_1_173' title='bbox 891 1925 1118 1987; x_wconf 79' lang='grc' dir='ltr'>ἑαυτοὺς</span> <span class='ocrx_word' id='word_1_174' title='bbox 1150 1923 1321 1976; x_wconf 84' lang='grc' dir='ltr'>τύπον</span> <span class='ocrx_word' id='word_1_175' title='bbox 1351 1923 1532 1994; x_wconf 83' lang='grc' dir='ltr'>δῶμεν</span> <span class='ocrx_word' id='word_1_176' title='bbox 1563 1926 1693 1996; x_wconf 84' lang='grc' dir='ltr'>ὑμῖν</span> <span class='ocrx_word' id='word_1_177' title='bbox 1719 1929 1799 1990; x_wconf 89' lang='grc' dir='ltr'><strong>είς</strong></span> <span class='ocrx_word' id='word_1_178' title='bbox 1828 1927 1890 1980; x_wconf 81' lang='grc' dir='ltr'>τὸ</span> 
     </span>
    </p>
   </div>
   <div class='ocr_carea' id='block_1_26' title="bbox 311 2013 1888 2091">
    <p class='ocr_par' dir='ltr' id='par_1_26' title="bbox 311 2013 1888 2091">
     <span class='ocr_line' id='line_1_26' title="bbox 311 2013 1888 2091; baseline -0.001 -19"><span class='ocrx_word' id='word_1_179' title='bbox 311 2019 597 2091; x_wconf 75' lang='grc' dir='ltr'>μίμεῖσθαι</span> <span class='ocrx_word' id='word_1_180' title='bbox 629 2020 798 2089; x_wconf 80' lang='grc' dir='ltr'>ἡμᾶς.</span> <span class='ocrx_word' id='word_1_181' title='bbox 841 2037 858 2068; x_wconf 75' lang='grc' dir='ltr'><strong>ι</strong></span> <span class='ocrx_word' id='word_1_182' title='bbox 892 2019 1043 2070; x_wconf 80' lang='grc' dir='ltr'>Πάνυ</span> <span class='ocrx_word' id='word_1_183' title='bbox 1090 2013 1183 2070; x_wconf 81' lang='grc' dir='ltr'>οὖν</span> <span class='ocrx_word' id='word_1_184' title='bbox 1215 2017 1491 2086; x_wconf 70' lang='grc' dir='ltr'>ἀγαπητοὶ</span> <span class='ocrx_word' id='word_1_185' title='bbox 1523 2019 1888 2086; x_wconf 74' lang='grc' dir='ltr'>συμϐάλλεται</span> 
     </span>
    </p>
   </div>
   <div class='ocr_carea' id='block_1_27' title="bbox 305 2107 1890 2180">
    <p class='ocr_par' dir='ltr' id='par_1_27' title="bbox 305 2107 1890 2180">
     <span class='ocr_line' id='line_1_27' title="bbox 305 2107 1890 2180; baseline -0.001 -18"><span class='ocrx_word' id='word_1_186' title='bbox 305 2113 442 2180; x_wconf 76' lang='grc' dir='ltr'>ἡμῖν</span> <span class='ocrx_word' id='word_1_187' title='bbox 466 2110 543 2178; x_wconf 79' lang='grc' dir='ltr'>τῷ</span> <span class='ocrx_word' id='word_1_188' title='bbox 571 2109 874 2179; x_wconf 81' lang='grc' dir='ltr'>ἐργοχείρῳ</span> <span class='ocrx_word' id='word_1_189' title='bbox 907 2108 1272 2178; x_wconf 82' lang='grc' dir='ltr'>παραμένειν,</span> <span class='ocrx_word' id='word_1_190' title='bbox 1303 2107 1366 2160; x_wconf 89' lang='grc' dir='ltr'><strong>ού</strong></span> <span class='ocrx_word' id='word_1_191' title='bbox 1398 2108 1564 2178; x_wconf 86' lang='grc' dir='ltr'>μόνον’</span> <span class='ocrx_word' id='word_1_192' title='bbox 1586 2109 1673 2161; x_wconf 77' lang='grc' dir='ltr'>διὰ</span> <span class='ocrx_word' id='word_1_193' title='bbox 1705 2109 1765 2162; x_wconf 80' lang='grc' dir='ltr'>τὸ</span> <span class='ocrx_word' id='word_1_194' title='bbox 1793 2111 1890 2180; x_wconf 83' lang='grc' dir='ltr'>τὴν</span> 
     </span>
    </p>
   </div>
   <div class='ocr_carea' id='block_1_28' title="bbox 309 2199 1891 2274">
    <p class='ocr_par' dir='ltr' id='par_1_28' title="bbox 309 2199 1891 2274">
     <span class='ocr_line' id='line_1_28' title="bbox 309 2199 1891 2274; baseline -0.001 -19"><span class='ocrx_word' id='word_1_195' title='bbox 309 2199 544 2272; x_wconf 84' lang='grc' dir='ltr'>ἀκηδίαν</span> <span class='ocrx_word' id='word_1_196' title='bbox 592 2200 880 2270; x_wconf 77' lang='grc' dir='ltr'>ἐξορίζειν,</span> <span class='ocrx_word' id='word_1_197' title='bbox 916 2199 1055 2252; x_wconf 81' lang='grc' dir='ltr'>ἀλλὰ</span> <span class='ocrx_word' id='word_1_198' title='bbox 1099 2200 1192 2253; x_wconf 74' lang='grc' dir='ltr'><strong>καὶ</strong></span> <span class='ocrx_word' id='word_1_199' title='bbox 1226 2201 1306 2264; x_wconf 85' lang='grc' dir='ltr'><strong>τὸ,</strong></span> <span class='ocrx_word' id='word_1_200' title='bbox 1339 2201 1438 2272; x_wconf 78' lang='grc' dir='ltr'><strong>τὴν</strong></span> <span class='ocrx_word' id='word_1_201' title='bbox 1466 2202 1674 2274; x_wconf 77' lang='grc' dir='ltr'>τροφὴν</span> <span class='ocrx_word' id='word_1_202' title='bbox 1702 2203 1760 2267; x_wconf 83' lang='grc' dir='ltr'><strong>ἐξ</strong></span> <span class='ocrx_word' id='word_1_203' title='bbox 1795 2205 1891 2256; x_wconf 79' lang='grc' dir='ltr'><strong>αὺ-</strong></span> 
     </span>
    </p>
   </div>
   <div class='ocr_carea' id='block_1_29' title="bbox 309 2292 1888 2364">
    <p class='ocr_par' dir='ltr' id='par_1_29' title="bbox 309 2292 1888 2364">
     <span class='ocr_line' id='line_1_29' title="bbox 309 2292 1888 2364; baseline 0.002 -19"><span class='ocrx_word' id='word_1_204' title='bbox 309 2292 408 2347; x_wconf 86' lang='grc' dir='ltr'><strong>τοῦ</strong></span> <span class='ocrx_word' id='word_1_205' title='bbox 441 2293 804 2363; x_wconf 78' lang='grc' dir='ltr'>πορίζεσθαι,</span> <span class='ocrx_word' id='word_1_206' title='bbox 855 2292 950 2348; x_wconf 67' lang='grc' dir='ltr'><strong>καὶ</strong></span> <span class='ocrx_word' id='word_1_207' title='bbox 994 2292 1121 2353; x_wconf 84' lang='grc' dir='ltr'>τοὺς</span> <span class='ocrx_word' id='word_1_208' title='bbox 1175 2293 1614 2363; x_wconf 84' lang='grc' dir='ltr'>ύστερουμένους</span> <span class='ocrx_word' id='word_1_209' title='bbox 1653 2294 1888 2364; x_wconf 81' lang='grc' dir='ltr'>βοηθεῖν.</span> 
     </span>
    </p>
   </div>
   <div class='ocr_carea' id='block_1_30' title="bbox 310 2381 1895 2456">
    <p class='ocr_par' dir='ltr' id='par_1_30' title="bbox 310 2381 1895 2456">
     <span class='ocr_line' id='line_1_30' title="bbox 310 2381 1895 2456; baseline -0.002 -16"><span class='ocrx_word' id='word_1_210' title='bbox 310 2385 426 2440; x_wconf 72' lang='grc' dir='ltr'><strong>Καὶ</strong></span> <span class='ocrx_word' id='word_1_211' title='bbox 457 2383 697 2450; x_wconf 78' lang='grc' dir='ltr'>συνεχῶς</span> <span class='ocrx_word' id='word_1_212' title='bbox 736 2381 963 2452; x_wconf 79' lang='grc' dir='ltr'>μελετᾷν</span> <span class='ocrx_word' id='word_1_213' title='bbox 995 2381 1063 2434; x_wconf 83' lang='grc' dir='ltr'>τὰ</span> <span class='ocrx_word' id='word_1_214' title='bbox 1101 2381 1197 2435; x_wconf 88' lang='grc' dir='ltr'><strong>τοῦ</strong></span> <span class='ocrx_word' id='word_1_215' title='bbox 1227 2383 1408 2436; x_wconf 81' lang='grc' dir='ltr'>Δαυϊδ·</span> <span class='ocrx_word' id='word_1_216' title='bbox 1446 2403 1464 2435; x_wconf 89' lang='grc'><strong><em>‹</em></strong></span> <span class='ocrx_word' id='word_1_217' title='bbox 1502 2385 1575 2437; x_wconf 84' lang='grc' dir='ltr'><strong>Τὸ</strong></span> <span class='ocrx_word' id='word_1_218' title='bbox 1614 2388 1750 2456; x_wconf 80' lang='grc' dir='ltr'>ταχὺ</span> <span class='ocrx_word' id='word_1_219' title='bbox 1782 2387 1895 2438; x_wconf 84' lang='grc' dir='ltr'>είσ-</span> 
     </span>
    </p>
   </div>
   <div class='ocr_carea' id='block_1_31' title="bbox 311 2474 1893 2546">
    <p class='ocr_par' dir='ltr' id='par_1_31' title="bbox 311 2474 1893 2546">
     <span class='ocr_line' id='line_1_31' title="bbox 311 2474 1893 2546; baseline 0.001 -18"><span class='ocrx_word' id='word_1_220' title='bbox 311 2476 548 2534; x_wconf 76' lang='grc' dir='ltr'>άκουσόν</span> <span class='ocrx_word' id='word_1_221' title='bbox 593 2493 717 2544; x_wconf 92' lang='grc' dir='ltr'>μου,</span> <span class='ocrx_word' id='word_1_222' title='bbox 769 2474 981 2544; x_wconf 83' lang='grc' dir='ltr'>Κύριε,</span> <span class='ocrx_word' id='word_1_223' title='bbox 1035 2475 1251 2541; x_wconf 78' lang='grc' dir='ltr'>ἐξέλιπε</span> <span class='ocrx_word' id='word_1_224' title='bbox 1303 2475 1365 2527; x_wconf 82' lang='grc' dir='ltr'><strong>τὸ</strong></span> <span class='ocrx_word' id='word_1_225' title='bbox 1401 2474 1618 2544; x_wconf 82' lang='grc' dir='ltr'>πνεῦμά</span> <span class='ocrx_word' id='word_1_226' title='bbox 1667 2493 1790 2546; x_wconf 85' lang='grc' dir='ltr'>μου,</span> <span class='ocrx_word' id='word_1_227' title='bbox 1813 2478 1893 2529; x_wconf 81' lang='grc' dir='ltr'><strong>ὅτι</strong></span> 
     </span>
    </p>
   </div>
   <div class='ocr_carea' id='block_1_32' title="bbox 311 2565 1894 2636">
    <p class='ocr_par' dir='ltr' id='par_1_32' title="bbox 311 2565 1894 2636">
     <span class='ocr_line' id='line_1_32' title="bbox 311 2565 1894 2636; baseline 0 -16"><span class='ocrx_word' id='word_1_228' title='bbox 311 2567 684 2620; x_wconf 77' lang='grc' dir='ltr'>ἐταπείνωσεν</span> <span class='ocrx_word' id='word_1_229' title='bbox 715 2568 743 2619; x_wconf 98' lang='lat'><strong>6</strong></span> <span class='ocrx_word' id='word_1_230' title='bbox 768 2565 964 2636; x_wconf 82' lang='grc' dir='ltr'>ἐχθρὸς</span> <span class='ocrx_word' id='word_1_231' title='bbox 991 2567 1088 2635; x_wconf 75' lang='grc' dir='ltr'>τὴν</span> <span class='ocrx_word' id='word_1_232' title='bbox 1110 2565 1288 2636; x_wconf 78' lang='grc' dir='ltr'>ψυχήν</span> <span class='ocrx_word' id='word_1_233' title='bbox 1322 2583 1448 2636; x_wconf 86' lang='grc' dir='ltr'>μου,</span> <span class='ocrx_word' id='word_1_234' title='bbox 1480 2566 1704 2621; x_wconf 76' lang='grc' dir='ltr'>ἐκάθισέ</span> <span class='ocrx_word' id='word_1_235' title='bbox 1738 2585 1804 2636; x_wconf 87' lang='grc' dir='ltr'><strong>με</strong></span> <span class='ocrx_word' id='word_1_236' title='bbox 1837 2571 1894 2621; x_wconf 92' lang='grc' dir='ltr'><strong>ἐν</strong></span> 
     </span>
    </p>
   </div>
   <div class='ocr_carea' id='block_1_33' title="bbox 310 2657 1897 2734">
    <p class='ocr_par' dir='ltr' id='par_1_33' title="bbox 310 2657 1897 2734">
     <span class='ocr_line' id='line_1_33' title="bbox 310 2657 1897 2734; baseline 0.001 -23"><span class='ocrx_word' id='word_1_237' title='bbox 310 2659 639 2722; x_wconf 81' lang='grc' dir='ltr'>σκοτεινοῖς,</span> <span class='ocrx_word' id='word_1_238' title='bbox 675 2657 750 2728; x_wconf 80' lang='grc' dir='ltr'>ᾡς</span> <span class='ocrx_word' id='word_1_239' title='bbox 786 2657 1016 2726; x_wconf 82' lang='grc' dir='ltr'>νεκροὺς</span> <span class='ocrx_word' id='word_1_240' title='bbox 1073 2657 1288 2720; x_wconf 62' lang='grc' dir='ltr'>αἰῶνος</span> <span class='ocrx_word' id='word_1_241' title='bbox 1336 2658 1432 2710; x_wconf 72' lang='grc' dir='ltr'><strong>καὶ</strong></span> <span class='ocrx_word' id='word_1_242' title='bbox 1476 2659 1777 2728; x_wconf 77' lang='grc' dir='ltr'>ἡκηδίασεν</span> <span class='ocrx_word' id='word_1_243' title='bbox 1809 2659 1897 2734; x_wconf 53' lang='grc' dir='ltr'><strong>ἐπζ</strong></span> 
     </span>
    </p>
   </div>
   <div class='ocr_carea' id='block_1_34' title="bbox 313 2746 1896 2822">
    <p class='ocr_par' dir='ltr' id='par_1_34' title="bbox 313 2746 1896 2822">
     <span class='ocr_line' id='line_1_34' title="bbox 313 2746 1896 2822; baseline 0.001 -21"><span class='ocrx_word' id='word_1_244' title='bbox 313 2747 420 2820; x_wconf 86' lang='grc' dir='ltr'><strong>ἐμέ</strong></span> <span class='ocrx_word' id='word_1_245' title='bbox 454 2747 515 2801; x_wconf 84' lang='grc' dir='ltr'><strong>τὸ</strong></span> <span class='ocrx_word' id='word_1_246' title='bbox 541 2746 762 2816; x_wconf 82' lang='grc' dir='ltr'>πνεῦμά</span> <span class='ocrx_word' id='word_1_247' title='bbox 789 2764 911 2816; x_wconf 83' lang='grc' dir='ltr'>μου.</span> <span class='ocrx_word' id='word_1_248' title='bbox 955 2747 1116 2800; x_wconf 84' lang='grc' dir='ltr'>Ἀλλὰ</span> <span class='ocrx_word' id='word_1_249' title='bbox 1149 2749 1222 2820; x_wconf 85' lang='grc' dir='ltr'><strong>μὴ</strong></span> <span class='ocrx_word' id='word_1_250' title='bbox 1258 2749 1614 2822; x_wconf 74' lang='grc' dir='ltr'>ἁποστρέψῃς</span> <span class='ocrx_word' id='word_1_251' title='bbox 1643 2752 1702 2803; x_wconf 79' lang='grc' dir='ltr'>τὸ</span> <span class='ocrx_word' id='word_1_252' title='bbox 1731 2751 1896 2822; x_wconf 81' lang='grc' dir='ltr'>πρόσ-</span> 
     </span>
    </p>
   </div>
   <div class='ocr_carea' id='block_1_35' title="bbox 311 2838 1895 2914">
    <p class='ocr_par' dir='ltr' id='par_1_35' title="bbox 311 2838 1895 2914">
     <span class='ocr_line' id='line_1_35' title="bbox 311 2838 1895 2914; baseline 0.002 -22"><span class='ocrx_word' id='word_1_253' title='bbox 311 2838 466 2892; x_wconf 87' lang='grc' dir='ltr'>ωπόν</span> <span class='ocrx_word' id='word_1_254' title='bbox 497 2855 591 2892; x_wconf 90' lang='grc' dir='ltr'><strong>σου</strong></span> <span class='ocrx_word' id='word_1_255' title='bbox 623 2841 716 2891; x_wconf 83' lang='grc' dir='ltr'><strong>ἀπ’</strong></span> <span class='ocrx_word' id='word_1_256' title='bbox 750 2839 886 2908; x_wconf 79' lang='grc' dir='ltr'>ἐμοῦ</span> <span class='ocrx_word' id='word_1_257' title='bbox 907 2881 921 2904; x_wconf 84' lang='grc'><strong>,</strong></span> <span class='ocrx_word' id='word_1_258' title='bbox 951 2858 968 2890; x_wconf 77' lang='grc' dir='ltr'><strong>ι</strong></span> <span class='ocrx_word' id='word_1_259' title='bbox 1000 2839 1197 2908; x_wconf 74' lang='grc' dir='ltr'>ἀγαθὲ,</span> <span class='ocrx_word' id='word_1_260' title='bbox 1227 2859 1246 2892; x_wconf 79' lang='grc' dir='ltr'><strong>ι</strong></span> <span class='ocrx_word' id='word_1_261' title='bbox 1284 2841 1367 2894; x_wconf 84' lang='grc' dir='ltr'>ὅτι</span> <span class='ocrx_word' id='word_1_262' title='bbox 1400 2843 1535 2914; x_wconf 78' lang='grc' dir='ltr'>πρὸς</span> <span class='ocrx_word' id='word_1_263' title='bbox 1569 2845 1627 2896; x_wconf 83' lang='grc' dir='ltr'>σὲ</span> <span class='ocrx_word' id='word_1_264' title='bbox 1655 2838 1766 2914; x_wconf 79' lang='grc' dir='ltr'>ἦρα</span> <span class='ocrx_word' id='word_1_265' title='bbox 1797 2843 1895 2914; x_wconf 80' lang='grc' dir='ltr'><strong>τὴν</strong></span> 
     </span>
    </p>
   </div>
   <div class='ocr_carea' id='block_1_36' title="bbox 312 2930 1894 3004">
    <p class='ocr_par' dir='ltr' id='par_1_36' title="bbox 312 2930 1894 3004">
     <span class='ocr_line' id='line_1_36' title="bbox 312 2930 1894 3004; baseline 0.004 -22"><span class='ocrx_word' id='word_1_266' title='bbox 312 2930 495 3001; x_wconf 73' lang='grc' dir='ltr'>ψυχήν</span> <span class='ocrx_word' id='word_1_267' title='bbox 525 2947 649 3000; x_wconf 83' lang='grc' dir='ltr'>μου.</span> <span class='ocrx_word' id='word_1_268' title='bbox 671 2949 690 2981; x_wconf 76' lang='grc' dir='ltr'><strong>ι</strong></span> <span class='ocrx_word' id='word_1_269' title='bbox 715 2932 1047 2984; x_wconf 86' lang='grc' dir='ltr'>Είσόικουσόν</span> <span class='ocrx_word' id='word_1_270' title='bbox 1072 2949 1194 3000; x_wconf 86' lang='grc' dir='ltr'>μου,</span> <span class='ocrx_word' id='word_1_271' title='bbox 1224 2930 1423 3002; x_wconf 88' lang='grc' dir='ltr'>Κύριε,</span> <span class='ocrx_word' id='word_1_272' title='bbox 1451 2933 1533 2985; x_wconf 85' lang='grc' dir='ltr'><strong>ὅτι</strong></span> <span class='ocrx_word' id='word_1_273' title='bbox 1564 2932 1761 3004; x_wconf 74' lang='grc' dir='ltr'>ἡψυχὴ</span> <span class='ocrx_word' id='word_1_274' title='bbox 1791 2952 1894 3003; x_wconf 86' lang='grc' dir='ltr'><strong>μου</strong></span> 
     </span>
    </p>
   </div>
   <div class='ocr_carea' id='block_1_37' title="bbox 1973 720 3551 794">
    <p class='ocr_par' dir='ltr' id='par_1_37' title="bbox 1973 720 3551 794">
     <span class='ocr_line' id='line_1_37' title="bbox 1973 720 3551 794; baseline -0.004 -13"><span class='ocrx_word' id='word_1_275' title='bbox 1973 727 2121 782; x_wconf 86' lang='lat' dir='ltr'><strong>aliud</strong></span> <span class='ocrx_word' id='word_1_276' title='bbox 2145 725 2280 780; x_wconf 85' lang='lat' dir='ltr'><strong>nihil</strong></span> <span class='ocrx_word' id='word_1_277' title='bbox 2309 725 2643 794; x_wconf 79' lang='lat' dir='ltr'><strong>imaginatur</strong></span> <span class='ocrx_word' id='word_1_278' title='bbox 2665 731 2721 777; x_wconf 90' lang='lat' dir='ltr'><strong>et</strong></span> <span class='ocrx_word' id='word_1_279' title='bbox 2743 737 2930 776; x_wconf 87' lang='lat' dir='ltr'><strong>secum</strong></span> <span class='ocrx_word' id='word_1_280' title='bbox 2953 720 3360 784; x_wconf 86' lang='lat' dir='ltr'><strong>admurmurat,</strong></span> <span class='ocrx_word' id='word_1_281' title='bbox 3385 737 3551 791; x_wconf 89' lang='lat' dir='ltr'><strong>quam</strong></span> 
     </span>
    </p>
   </div>
   <div class='ocr_carea' id='block_1_38' title="bbox 1977 813 3553 890">
    <p class='ocr_par' dir='ltr' id='par_1_38' title="bbox 1977 813 3553 890">
     <span class='ocr_line' id='line_1_38' title="bbox 1977 813 3553 890; baseline -0.005 -14"><span class='ocrx_word' id='word_1_282' title='bbox 1977 830 2040 876; x_wconf 93' lang='lat' dir='ltr'><strong>ut</strong></span> <span class='ocrx_word' id='word_1_283' title='bbox 2075 813 2176 890; x_wconf 75' lang='lat' dir='ltr'><strong>pei-</strong></span> <span class='ocrx_word' id='word_1_284' title='bbox 2206 820 2322 873; x_wconf 65' lang='lat' dir='ltr'><strong>haec</strong></span> <span class='ocrx_word' id='word_1_285' title='bbox 2350 820 2599 873; x_wconf 86' lang='lat' dir='ltr'><strong>elevetur</strong></span> <span class='ocrx_word' id='word_1_286' title='bbox 2631 819 2689 872; x_wconf 88' lang='lat' dir='ltr'><strong>in</strong></span> <span class='ocrx_word' id='word_1_287' title='bbox 2722 816 2981 879; x_wconf 79' lang='lat' dir='ltr'><strong>sublime,</strong></span> <span class='ocrx_word' id='word_1_288' title='bbox 3011 824 3068 869; x_wconf 88' lang='lat' dir='ltr'><strong>et</strong></span> <span class='ocrx_word' id='word_1_289' title='bbox 3097 815 3384 884; x_wconf 81' lang='lat' dir='ltr'><strong>gloriolam</strong></span> <span class='ocrx_word' id='word_1_290' title='bbox 3421 815 3553 872; x_wconf 87' lang='lat' dir='ltr'><strong>hinc</strong></span> 
     </span>
    </p>
   </div>
   <div class='ocr_carea' id='block_1_39' title="bbox 1976 907 3554 980">
    <p class='ocr_par' dir='ltr' id='par_1_39' title="bbox 1976 907 3554 980">
     <span class='ocr_line' id='line_1_39' title="bbox 1976 907 3554 980; baseline -0.004 -14"><span class='ocrx_word' id='word_1_291' title='bbox 1976 919 2306 980; x_wconf 88' lang='lat' dir='ltr'><strong>aucupetur.</strong></span> <span class='ocrx_word' id='word_1_292' title='bbox 2351 910 2466 965; x_wconf 85' lang='lat' dir='ltr'><strong>Hoc</strong></span> <span class='ocrx_word' id='word_1_293' title='bbox 2500 925 2702 980; x_wconf 74' lang='lat' dir='ltr'><strong>genere</strong></span> <span class='ocrx_word' id='word_1_294' title='bbox 2738 909 2906 963; x_wconf 87' lang='lat' dir='ltr'><strong>studii</strong></span> <span class='ocrx_word' id='word_1_295' title='bbox 2938 907 2999 962; x_wconf 78' lang='lat' dir='ltr'><strong>fit</strong></span> <span class='ocrx_word' id='word_1_296' title='bbox 3030 916 3090 962; x_wconf 91' lang='lat' dir='ltr'><strong>ut</strong></span> <span class='ocrx_word' id='word_1_297' title='bbox 3143 907 3304 960; x_wconf 93' lang='lat' dir='ltr'><strong>talem</strong></span> <span class='ocrx_word' id='word_1_298' title='bbox 3349 907 3404 960; x_wconf 91' lang='lat' dir='ltr'><strong>in</strong></span> <span class='ocrx_word' id='word_1_299' title='bbox 3454 923 3554 976; x_wconf 86' lang='lat' dir='ltr'><strong>po-</strong></span> 
     </span>
    </p>
   </div>
   <div class='ocr_carea' id='block_1_40' title="bbox 1978 997 3557 1070">
    <p class='ocr_par' dir='ltr' id='par_1_40' title="bbox 1978 997 3557 1070">
     <span class='ocr_line' id='line_1_40' title="bbox 1978 997 3557 1070; baseline -0.003 -14"><span class='ocrx_word' id='word_1_300' title='bbox 1978 1010 2185 1056; x_wconf 91' lang='lat' dir='ltr'><strong>sterum</strong></span> <span class='ocrx_word' id='word_1_301' title='bbox 2215 1001 2406 1054; x_wconf 78' lang='lat' dir='ltr'><strong>mutuli</strong></span> <span class='ocrx_word' id='word_1_302' title='bbox 2425 1000 2663 1070; x_wconf 78' lang='lat' dir='ltr'><strong>negotiis</strong></span> <span class='ocrx_word' id='word_1_303' title='bbox 2687 1007 2841 1054; x_wconf 87' lang='lat' dir='ltr'><strong>curet</strong></span> <span class='ocrx_word' id='word_1_304' title='bbox 2865 997 3324 1067; x_wconf 85' lang='lat' dir='ltr'><strong>obstringendum</strong></span> <span class='ocrx_word' id='word_1_305' title='bbox 3353 1014 3365 1050; x_wconf 91' lang='lat'>:</span> <span class='ocrx_word' id='word_1_306' title='bbox 3392 1005 3557 1067; x_wconf 88' lang='lat' dir='ltr'><strong>atque</strong></span> 
     </span>
    </p>
   </div>
   <div class='ocr_carea' id='block_1_41' title="bbox 1981 1090 3561 1161">
    <p class='ocr_par' dir='ltr' id='par_1_41' title="bbox 1981 1090 3561 1161">
     <span class='ocr_line' id='line_1_41' title="bbox 1981 1090 3561 1161; baseline -0.004 -11"><span class='ocrx_word' id='word_1_307' title='bbox 1981 1096 2054 1150; x_wconf 91' lang='lat' dir='ltr'><strong>ita</strong></span> <span class='ocrx_word' id='word_1_308' title='bbox 2087 1096 2388 1156; x_wconf 84' lang='lat' dir='ltr'><strong>irretitum,</strong></span> <span class='ocrx_word' id='word_1_309' title='bbox 2417 1095 2572 1148; x_wconf 83' lang='lat' dir='ltr'><strong>velut</strong></span> <span class='ocrx_word' id='word_1_310' title='bbox 2607 1093 2716 1148; x_wconf 77' lang='lat' dir='ltr'><strong>olTa</strong></span> <span class='ocrx_word' id='word_1_311' title='bbox 2751 1100 3002 1161; x_wconf 86' lang='lat' dir='ltr'><strong>porrecta</strong></span> <span class='ocrx_word' id='word_1_312' title='bbox 3031 1133 3044 1154; x_wconf 91' lang='lat'><strong>,</strong></span> <span class='ocrx_word' id='word_1_313' title='bbox 3103 1091 3308 1146; x_wconf 84' lang='lat' dir='ltr'><strong>sensim</strong></span> <span class='ocrx_word' id='word_1_314' title='bbox 3348 1090 3561 1145; x_wconf 83' lang='lat' dir='ltr'><strong>inescat</strong></span> 
     </span>
    </p>
   </div>
   <div class='ocr_carea' id='block_1_42' title="bbox 1981 1179 3556 1251">
    <p class='ocr_par' dir='ltr' id='par_1_42' title="bbox 1981 1179 3556 1251">
     <span class='ocr_line' id='line_1_42' title="bbox 1981 1179 3556 1251; baseline -0.003 -13"><span class='ocrx_word' id='word_1_315' title='bbox 1981 1199 2045 1238; x_wconf 88' lang='lat' dir='ltr'><strong>ac</strong></span> <span class='ocrx_word' id='word_1_316' title='bbox 2075 1183 2287 1251; x_wconf 89' lang='lat' dir='ltr'><strong>decipit</strong></span> <span class='ocrx_word' id='word_1_317' title='bbox 2320 1183 2442 1237; x_wconf 87' lang='lat' dir='ltr'><strong>istis</strong></span> <span class='ocrx_word' id='word_1_318' title='bbox 2471 1181 2937 1251; x_wconf 83' lang='lat' dir='ltr'><strong>occupationibus</strong></span> <span class='ocrx_word' id='word_1_319' title='bbox 2958 1181 3093 1233; x_wconf 89' lang='lat' dir='ltr'><strong>mire</strong></span> <span class='ocrx_word' id='word_1_320' title='bbox 3117 1179 3556 1244; x_wconf 87' lang='lat' dir='ltr'><strong>detrimentosis,</strong></span> 
     </span>
    </p>
   </div>
   <div class='ocr_carea' id='block_1_43' title="bbox 1981 1271 3561 1345">
    <p class='ocr_par' dir='ltr' id='par_1_43' title="bbox 1981 1271 3561 1345">
     <span class='ocr_line' id='line_1_43' title="bbox 1981 1271 3561 1345; baseline -0.001 -17"><span class='ocrx_word' id='word_1_321' title='bbox 1981 1290 2272 1345; x_wconf 88' lang='lat' dir='ltr'><strong>quousque</strong></span> <span class='ocrx_word' id='word_1_322' title='bbox 2306 1276 2528 1330; x_wconf 88' lang='lat' dir='ltr'><strong>tandem</strong></span> <span class='ocrx_word' id='word_1_323' title='bbox 2561 1290 2793 1344; x_wconf 86' lang='lat' dir='ltr'><strong>prorsus</strong></span> <span class='ocrx_word' id='word_1_324' title='bbox 2819 1273 3080 1329; x_wconf 88' lang='lat' dir='ltr'><strong>deturbet</strong></span> <span class='ocrx_word' id='word_1_325' title='bbox 3115 1289 3144 1328; x_wconf 91' lang='lat' dir='ltr'><strong>e</strong></span> <span class='ocrx_word' id='word_1_326' title='bbox 3181 1271 3398 1343; x_wconf 82' lang='lat' dir='ltr'><strong>fastigio</strong></span> <span class='ocrx_word' id='word_1_327' title='bbox 3438 1288 3561 1328; x_wconf 78' lang='lat' dir='ltr'><strong>mo-</strong></span> 
     </span>
    </p>
   </div>
   <div class='ocr_carea' id='block_1_44' title="bbox 1983 1363 3560 1434">
    <p class='ocr_par' dir='ltr' id='par_1_44' title="bbox 1983 1363 3560 1434">
     <span class='ocr_line' id='line_1_44' title="bbox 1983 1363 3560 1434; baseline -0.001 -16"><span class='ocrx_word' id='word_1_328' title='bbox 1983 1364 2211 1420; x_wconf 64' lang='lat' dir='ltr'><strong>nasticaa</strong></span> <span class='ocrx_word' id='word_1_329' title='bbox 2251 1363 2635 1434; x_wconf 82' lang='lat' dir='ltr'><strong>professionis.</strong></span> <span class='ocrx_word' id='word_1_330' title='bbox 2706 1364 2879 1418; x_wconf 84' lang='lat' dir='ltr'><strong>Recte</strong></span> <span class='ocrx_word' id='word_1_331' title='bbox 2941 1363 3165 1432; x_wconf 84' lang='lat' dir='ltr'><strong>quidem</strong></span> <span class='ocrx_word' id='word_1_332' title='bbox 3221 1363 3560 1432; x_wconf 82' lang='lat' dir='ltr'><strong>Apostolus,</strong></span> 
     </span>
    </p>
   </div>
   <div class='ocr_carea' id='block_1_45' title="bbox 1983 1456 3563 1527">
    <p class='ocr_par' dir='ltr' id='par_1_45' title="bbox 1983 1456 3563 1527">
     <span class='ocr_line' id='line_1_45' title="bbox 1983 1456 3563 1527; baseline -0.001 -15"><span class='ocrx_word' id='word_1_333' title='bbox 1983 1459 2214 1527; x_wconf 79' lang='lat' dir='ltr'><strong>perinde</strong></span> <span class='ocrx_word' id='word_1_334' title='bbox 2241 1473 2306 1511; x_wconf 90' lang='lat' dir='ltr'><strong>ac</strong></span> <span class='ocrx_word' id='word_1_335' title='bbox 2334 1457 2563 1512; x_wconf 77' lang='lat' dir='ltr'><strong>medica:</strong></span> <span class='ocrx_word' id='word_1_336' title='bbox 2611 1457 2746 1511; x_wconf 86' lang='lat' dir='ltr'><strong>artis</strong></span> <span class='ocrx_word' id='word_1_337' title='bbox 2785 1456 3062 1525; x_wconf 83' lang='lat' dir='ltr'><strong>quispiam</strong></span> <span class='ocrx_word' id='word_1_338' title='bbox 3111 1456 3402 1511; x_wconf 82' lang='lat' dir='ltr'><strong>absolutus</strong></span> <span class='ocrx_word' id='word_1_339' title='bbox 3431 1471 3563 1526; x_wconf 87' lang='lat' dir='ltr'><strong>pro-</strong></span> 
     </span>
    </p>
   </div>
   <div class='ocr_carea' id='block_1_46' title="bbox 1987 1546 3565 1618">
    <p class='ocr_par' dir='ltr' id='par_1_46' title="bbox 1987 1546 3565 1618">
     <span class='ocr_line' id='line_1_46' title="bbox 1987 1546 3565 1618; baseline -0.001 -16"><span class='ocrx_word' id='word_1_340' title='bbox 1987 1549 2181 1610; x_wconf 85' lang='lat' dir='ltr'><strong>fessor,</strong></span> <span class='ocrx_word' id='word_1_341' title='bbox 2219 1564 2552 1618; x_wconf 80' lang='lat' dir='ltr'><strong>magnopere</strong></span> <span class='ocrx_word' id='word_1_342' title='bbox 2582 1548 2816 1617; x_wconf 88' lang='lat' dir='ltr'><strong>cupiens</strong></span> <span class='ocrx_word' id='word_1_343' title='bbox 2844 1546 3023 1600; x_wconf 90' lang='lat' dir='ltr'><strong>morbi</strong></span> <span class='ocrx_word' id='word_1_344' title='bbox 3059 1547 3220 1600; x_wconf 90' lang='lat' dir='ltr'><strong>istius</strong></span> <span class='ocrx_word' id='word_1_345' title='bbox 3259 1547 3328 1601; x_wconf 88' lang='lat' dir='ltr'><strong>ab</strong></span> <span class='ocrx_word' id='word_1_346' title='bbox 3375 1547 3565 1602; x_wconf 83' lang='lat' dir='ltr'><strong>radice</strong></span> 
     </span>
    </p>
   </div>
   <div class='ocr_carea' id='block_1_47' title="bbox 1988 1633 3564 1708">
    <p class='ocr_par' dir='ltr' id='par_1_47' title="bbox 1988 1633 3564 1708">
     <span class='ocr_line' id='line_1_47' title="bbox 1988 1633 3564 1708; baseline -0.001 -16"><span class='ocrx_word' id='word_1_347' title='bbox 1988 1639 2246 1693; x_wconf 81' lang='lat' dir='ltr'><strong>excidere</strong></span> <span class='ocrx_word' id='word_1_348' title='bbox 2280 1654 2477 1693; x_wconf 87' lang='lat' dir='ltr'><strong>causas</strong></span> <span class='ocrx_word' id='word_1_349' title='bbox 2511 1678 2524 1700; x_wconf 88' lang='lat'><strong>,</strong></span> <span class='ocrx_word' id='word_1_350' title='bbox 2579 1654 2609 1693; x_wconf 92' lang='lat' dir='ltr'><strong>e</strong></span> <span class='ocrx_word' id='word_1_351' title='bbox 2640 1639 2846 1708; x_wconf 87' lang='lat' dir='ltr'><strong>quibus</strong></span> <span class='ocrx_word' id='word_1_352' title='bbox 2899 1633 3165 1708; x_wconf 80' lang='lat' dir='ltr'><strong>prognata</strong></span> <span class='ocrx_word' id='word_1_353' title='bbox 3216 1637 3406 1694; x_wconf 90' lang='lat' dir='ltr'><strong>acedia</strong></span> <span class='ocrx_word' id='word_1_354' title='bbox 3433 1645 3564 1702; x_wconf 89' lang='lat' dir='ltr'><strong>est,</strong></span> 
     </span>
    </p>
   </div>
   <div class='ocr_carea' id='block_1_48' title="bbox 1987 1730 3568 1801">
    <p class='ocr_par' dir='ltr' id='par_1_48' title="bbox 1987 1730 3568 1801">
     <span class='ocr_line' id='line_1_48' title="bbox 1987 1730 3568 1801; baseline 0.001 -17"><span class='ocrx_word' id='word_1_355' title='bbox 1987 1730 2249 1785; x_wconf 89' lang='lat' dir='ltr'><strong>admonet</strong></span> <span class='ocrx_word' id='word_1_356' title='bbox 2285 1731 2519 1786; x_wconf 90' lang='lat' dir='ltr'><strong>dicens:</strong></span> <span class='ocrx_word' id='word_1_357' title='bbox 2580 1749 2598 1781; x_wconf 80' lang='grc' dir='ltr'><strong>ι</strong></span> <span class='ocrx_word' id='word_1_358' title='bbox 2639 1731 2891 1796; x_wconf 83' lang='lat' dir='ltr'><strong>Fratres,</strong></span> <span class='ocrx_word' id='word_1_359' title='bbox 2943 1731 3049 1800; x_wconf 86' lang='lat' dir='ltr'><strong>ipsi</strong></span> <span class='ocrx_word' id='word_1_360' title='bbox 3104 1732 3258 1786; x_wconf 88' lang='lat' dir='ltr'><strong>scitis</strong></span> <span class='ocrx_word' id='word_1_361' title='bbox 3287 1731 3568 1801; x_wconf 87' lang='lat' dir='ltr'><strong>quomodo</strong></span> 
     </span>
    </p>
   </div>
   <div class='ocr_carea' id='block_1_49' title="bbox 1988 1827 3570 1898">
    <p class='ocr_par' dir='ltr' id='par_1_49' title="bbox 1988 1827 3570 1898">
     <span class='ocr_line' id='line_1_49' title="bbox 1988 1827 3570 1898; baseline 0.001 -17"><span class='ocrx_word' id='word_1_362' title='bbox 1988 1837 2239 1897; x_wconf 89' lang='lat' dir='ltr'><strong>oporteat</strong></span> <span class='ocrx_word' id='word_1_363' title='bbox 2271 1828 2473 1883; x_wconf 88' lang='lat' dir='ltr'><strong>imitari</strong></span> <span class='ocrx_word' id='word_1_364' title='bbox 2514 1843 2635 1893; x_wconf 90' lang='lat' dir='ltr'><strong>nos,</strong></span> <span class='ocrx_word' id='word_1_365' title='bbox 2664 1829 2924 1898; x_wconf 88' lang='lat' dir='ltr'><strong>quoniam</strong></span> <span class='ocrx_word' id='word_1_366' title='bbox 2956 1844 3066 1882; x_wconf 90' lang='lat' dir='ltr'><strong>non</strong></span> <span class='ocrx_word' id='word_1_367' title='bbox 3091 1827 3570 1898; x_wconf 72' lang='lat' dir='ltr'><strong>inquietil‘uimus</strong></span> 
     </span>
    </p>
   </div>
   <div class='ocr_carea' id='block_1_50' title="bbox 1989 1911 3569 1992">
    <p class='ocr_par' dir='ltr' id='par_1_50' title="bbox 1989 1911 3569 1992">
     <span class='ocr_line' id='line_1_50' title="bbox 1989 1911 3569 1992; baseline 0.001 -18"><span class='ocrx_word' id='word_1_368' title='bbox 1989 1921 2134 1976; x_wconf 88' lang='lat' dir='ltr'><strong>inter</strong></span> <span class='ocrx_word' id='word_1_369' title='bbox 2167 1937 2285 1986; x_wconf 89' lang='lat' dir='ltr'><strong>vos,</strong></span> <span class='ocrx_word' id='word_1_370' title='bbox 2322 1937 2504 1992; x_wconf 90' lang='lat' dir='ltr'><strong>neque</strong></span> <span class='ocrx_word' id='word_1_371' title='bbox 2533 1922 2705 1991; x_wconf 82' lang='lat' dir='ltr'><strong>gratis</strong></span> <span class='ocrx_word' id='word_1_372' title='bbox 2752 1937 2948 1991; x_wconf 86' lang='lat' dir='ltr'><strong>panem</strong></span> <span class='ocrx_word' id='word_1_373' title='bbox 2997 1911 3455 1977; x_wconf 85' lang='lat' dir='ltr'><strong>manducavimus</strong></span> <span class='ocrx_word' id='word_1_374' title='bbox 3497 1923 3569 1978; x_wconf 72' lang='lat' dir='ltr'><strong>ab</strong></span> 
     </span>
    </p>
   </div>
   <div class='ocr_carea' id='block_1_51' title="bbox 1989 2010 3570 2080">
    <p class='ocr_par' dir='ltr' id='par_1_51' title="bbox 1989 2010 3570 2080">
     <span class='ocr_line' id='line_1_51' title="bbox 1989 2010 3570 2080; baseline 0.001 -17"><span class='ocrx_word' id='word_1_375' title='bbox 1989 2011 2196 2080; x_wconf 91' lang='lat' dir='ltr'><strong>aliquo,</strong></span> <span class='ocrx_word' id='word_1_376' title='bbox 2237 2012 2332 2067; x_wconf 91' lang='lat' dir='ltr'><strong>sed</strong></span> <span class='ocrx_word' id='word_1_377' title='bbox 2371 2011 2427 2066; x_wconf 90' lang='lat' dir='ltr'><strong>in</strong></span> <span class='ocrx_word' id='word_1_378' title='bbox 2453 2010 2645 2065; x_wconf 88' lang='lat' dir='ltr'><strong>labore</strong></span> <span class='ocrx_word' id='word_1_379' title='bbox 2674 2021 2731 2065; x_wconf 90' lang='lat' dir='ltr'><strong>et</strong></span> <span class='ocrx_word' id='word_1_380' title='bbox 2773 2010 3118 2080; x_wconf 82' lang='lat' dir='ltr'><strong>fatigatione,</strong></span> <span class='ocrx_word' id='word_1_381' title='bbox 3178 2018 3342 2065; x_wconf 89' lang='lat' dir='ltr'><strong>nocte</strong></span> <span class='ocrx_word' id='word_1_382' title='bbox 3385 2019 3443 2066; x_wconf 88' lang='lat' dir='ltr'><strong>et</strong></span> <span class='ocrx_word' id='word_1_383' title='bbox 3478 2010 3570 2065; x_wconf 85' lang='lat' dir='ltr'><strong>die</strong></span> 
     </span>
    </p>
   </div>
   <div class='ocr_carea' id='block_1_52' title="bbox 1989 2103 3572 2173">
    <p class='ocr_par' dir='ltr' id='par_1_52' title="bbox 1989 2103 3572 2173">
     <span class='ocr_line' id='line_1_52' title="bbox 1989 2103 3572 2173; baseline 0.001 -17"><span class='ocrx_word' id='word_1_384' title='bbox 1989 2107 2305 2172; x_wconf 87' lang='lat' dir='ltr'><strong>operantes,</strong></span> <span class='ocrx_word' id='word_1_385' title='bbox 2327 2119 2396 2158; x_wconf 89' lang='lat' dir='ltr'><strong>ne</strong></span> <span class='ocrx_word' id='word_1_386' title='bbox 2412 2119 2575 2173; x_wconf 92' lang='lat' dir='ltr'><strong>quem</strong></span> <span class='ocrx_word' id='word_1_387' title='bbox 2595 2113 2839 2157; x_wconf 86' lang='lat' dir='ltr'><strong>vestrum</strong></span> <span class='ocrx_word' id='word_1_388' title='bbox 2860 2119 3214 2173; x_wconf 85' lang='lat' dir='ltr'><strong>gravaremus</strong></span> <span class='ocrx_word' id='word_1_389' title='bbox 3244 2104 3314 2166; x_wconf 66' lang='grc'>⁸³,</span> <span class='ocrx_word' id='word_1_390' title='bbox 3353 2124 3370 2155; x_wconf 78' lang='grc' dir='ltr'><strong>ι</strong></span> <span class='ocrx_word' id='word_1_391' title='bbox 3399 2103 3572 2172; x_wconf 63' lang='lat' dir='ltr'><strong>Indue</strong></span> 
     </span>
    </p>
   </div>
   <div class='ocr_carea' id='block_1_53' title="bbox 1991 2196 3573 2266">
    <p class='ocr_par' dir='ltr' id='par_1_53' title="bbox 1991 2196 3573 2266">
     <span class='ocr_line' id='line_1_53' title="bbox 1991 2196 3573 2266; baseline 0 -16"><span class='ocrx_word' id='word_1_392' title='bbox 1991 2197 2067 2250; x_wconf 85' lang='lat' dir='ltr'><strong>cit</strong></span> <span class='ocrx_word' id='word_1_393' title='bbox 2092 2213 2105 2248; x_wconf 90' lang='lat'>:</span> <span class='ocrx_word' id='word_1_394' title='bbox 2134 2215 2153 2246; x_wconf 78' lang='grc' dir='ltr'><strong>ι</strong></span> <span class='ocrx_word' id='word_1_395' title='bbox 2177 2197 2297 2250; x_wconf 84' lang='lat' dir='ltr'><strong>Non</strong></span> <span class='ocrx_word' id='word_1_396' title='bbox 2314 2197 2459 2266; x_wconf 89' lang='lat' dir='ltr'><strong>quod</strong></span> <span class='ocrx_word' id='word_1_397' title='bbox 2480 2213 2588 2250; x_wconf 91' lang='lat' dir='ltr'><strong>non</strong></span> <span class='ocrx_word' id='word_1_398' title='bbox 2618 2196 2979 2251; x_wconf 88' lang='lat' dir='ltr'><strong>habuerimus</strong></span> <span class='ocrx_word' id='word_1_399' title='bbox 2999 2205 3352 2266; x_wconf 81' lang='lat' dir='ltr'><strong>potestatem,</strong></span> <span class='ocrx_word' id='word_1_400' title='bbox 3387 2199 3482 2261; x_wconf 88' lang='lat' dir='ltr'><strong>sed</strong></span> <span class='ocrx_word' id='word_1_401' title='bbox 3511 2206 3573 2252; x_wconf 77' lang='lat' dir='ltr'><strong>ut</strong></span> 
     </span>
    </p>
   </div>
   <div class='ocr_carea' id='block_1_54' title="bbox 1991 2288 3571 2358">
    <p class='ocr_par' dir='ltr' id='par_1_54' title="bbox 1991 2288 3571 2358">
     <span class='ocr_line' id='line_1_54' title="bbox 1991 2288 3571 2358; baseline 0.003 -16"><span class='ocrx_word' id='word_1_402' title='bbox 1991 2288 2361 2358; x_wconf 90' lang='lat' dir='ltr'><strong>nosmetipsos</strong></span> <span class='ocrx_word' id='word_1_403' title='bbox 2403 2288 2630 2342; x_wconf 80' lang='lat' dir='ltr'><strong>formam</strong></span> <span class='ocrx_word' id='word_1_404' title='bbox 2672 2289 2930 2344; x_wconf 88' lang='lat' dir='ltr'><strong>daremus</strong></span> <span class='ocrx_word' id='word_1_405' title='bbox 2957 2289 3114 2344; x_wconf 84' lang='lat' dir='ltr'><strong>vobis</strong></span> <span class='ocrx_word' id='word_1_406' title='bbox 3147 2290 3213 2344; x_wconf 89' lang='lat' dir='ltr'><strong>ad</strong></span> <span class='ocrx_word' id='word_1_407' title='bbox 3243 2291 3571 2347; x_wconf 81' lang='lat' dir='ltr'><strong>imitandum</strong></span> 
     </span>
    </p>
   </div>
   <div class='ocr_carea' id='block_1_55' title="bbox 1992 2381 3567 2451">
    <p class='ocr_par' dir='ltr' id='par_1_55' title="bbox 1992 2381 3567 2451">
     <span class='ocr_line' id='line_1_55' title="bbox 1992 2381 3567 2451; baseline 0.004 -16"><span class='ocrx_word' id='word_1_408' title='bbox 1992 2396 2095 2436; x_wconf 89' lang='lat' dir='ltr'><strong>nos</strong></span> <span class='ocrx_word' id='word_1_409' title='bbox 2121 2381 2188 2435; x_wconf 77' lang='lat'><strong>&quot;.</strong></span> <span class='ocrx_word' id='word_1_410' title='bbox 2227 2400 2245 2431; x_wconf 88' lang='grc'><strong>‹</strong></span> <span class='ocrx_word' id='word_1_411' title='bbox 2279 2381 2720 2451; x_wconf 84' lang='lat' dir='ltr'><strong>Prorsusitaque</strong></span> <span class='ocrx_word' id='word_1_412' title='bbox 2759 2381 3119 2438; x_wconf 85' lang='lat' dir='ltr'><strong>conducibile</strong></span> <span class='ocrx_word' id='word_1_413' title='bbox 3146 2384 3318 2438; x_wconf 84' lang='lat' dir='ltr'><strong>fuerit</strong></span> <span class='ocrx_word' id='word_1_414' title='bbox 3357 2387 3520 2442; x_wconf 89' lang='lat' dir='ltr'><strong>nobis</strong></span> <span class='ocrx_word' id='word_1_415' title='bbox 3549 2427 3567 2451; x_wconf 85' lang='lat'><strong>,</strong></span> 
     </span>
    </p>
   </div>
   <div class='ocr_carea' id='block_1_56' title="bbox 1994 2472 3568 2544">
    <p class='ocr_par' dir='ltr' id='par_1_56' title="bbox 1994 2472 3568 2544">
     <span class='ocr_line' id='line_1_56' title="bbox 1994 2472 3568 2544; baseline 0.002 -18"><span class='ocrx_word' id='word_1_416' title='bbox 1994 2481 2055 2526; x_wconf 92' lang='lat' dir='ltr'><strong>ut</strong></span> <span class='ocrx_word' id='word_1_417' title='bbox 2083 2472 2238 2541; x_wconf 88' lang='lat' dir='ltr'><strong>operi</strong></span> <span class='ocrx_word' id='word_1_418' title='bbox 2265 2473 2510 2541; x_wconf 85' lang='lat' dir='ltr'><strong>cuipiam</strong></span> <span class='ocrx_word' id='word_1_419' title='bbox 2540 2473 2832 2526; x_wconf 87' lang='lat' dir='ltr'><strong>manuario</strong></span> <span class='ocrx_word' id='word_1_420' title='bbox 2855 2473 3273 2528; x_wconf 90' lang='lat' dir='ltr'><strong>commodemus</strong></span> <span class='ocrx_word' id='word_1_421' title='bbox 3296 2490 3522 2544; x_wconf 88' lang='lat' dir='ltr'><strong>operam</strong></span> <span class='ocrx_word' id='word_1_422' title='bbox 3548 2493 3568 2528; x_wconf 70' lang='grc' dir='ltr'><strong>ς</strong></span> 
     </span>
    </p>
   </div>
   <div class='ocr_carea' id='block_1_57' title="bbox 1995 2564 3575 2638">
    <p class='ocr_par' dir='ltr' id='par_1_57' title="bbox 1995 2564 3575 2638">
     <span class='ocr_line' id='line_1_57' title="bbox 1995 2564 3575 2638; baseline 0.003 -21"><span class='ocrx_word' id='word_1_423' title='bbox 1995 2580 2103 2618; x_wconf 91' lang='lat' dir='ltr'><strong>non</strong></span> <span class='ocrx_word' id='word_1_424' title='bbox 2135 2564 2338 2620; x_wconf 79' lang='lat' dir='ltr'><strong>acediae</strong></span> <span class='ocrx_word' id='word_1_425' title='bbox 2365 2565 2542 2620; x_wconf 91' lang='lat' dir='ltr'><strong>solum</strong></span> <span class='ocrx_word' id='word_1_426' title='bbox 2569 2565 2743 2635; x_wconf 81' lang='lat' dir='ltr'><strong>gratia</strong></span> <span class='ocrx_word' id='word_1_427' title='bbox 2771 2582 2799 2619; x_wconf 89' lang='lat' dir='ltr'><strong>a</strong></span> <span class='ocrx_word' id='word_1_428' title='bbox 2830 2565 2994 2619; x_wconf 89' lang='lat' dir='ltr'><strong>nobis</strong></span> <span class='ocrx_word' id='word_1_429' title='bbox 3027 2565 3372 2635; x_wconf 68' lang='lat' dir='ltr'><strong>deponendae</strong></span> <span class='ocrx_word' id='word_1_430' title='bbox 3405 2577 3575 2638; x_wconf 84' lang='lat' dir='ltr'><strong>atque</strong></span> 
     </span>
    </p>
   </div>
   <div class='ocr_carea' id='block_1_58' title="bbox 1947 2655 3576 2726">
    <p class='ocr_par' dir='ltr' id='par_1_58' title="bbox 1947 2655 3576 2726">
     <span class='ocr_line' id='line_1_58' title="bbox 1947 2655 3576 2726; baseline 0.004 -16"><span class='ocrx_word' id='word_1_431' title='bbox 1947 2679 1950 2682; x_wconf 52' lang='grc'><strong>’</strong></span> <span class='ocrx_word' id='word_1_432' title='bbox 1995 2656 2050 2710; x_wconf 91' lang='lat' dir='ltr'><strong>in</strong></span> <span class='ocrx_word' id='word_1_433' title='bbox 2072 2655 2326 2711; x_wconf 87' lang='lat' dir='ltr'><strong>exsilium</strong></span> <span class='ocrx_word' id='word_1_434' title='bbox 2346 2656 2683 2726; x_wconf 82' lang='lat' dir='ltr'><strong>ablegandae,</strong></span> <span class='ocrx_word' id='word_1_435' title='bbox 2699 2657 2795 2710; x_wconf 91' lang='lat' dir='ltr'><strong>sed</strong></span> <span class='ocrx_word' id='word_1_436' title='bbox 2816 2666 2871 2712; x_wconf 90' lang='lat' dir='ltr'><strong>et</strong></span> <span class='ocrx_word' id='word_1_437' title='bbox 2893 2665 2955 2710; x_wconf 89' lang='lat' dir='ltr'><strong>ut</strong></span> <span class='ocrx_word' id='word_1_438' title='bbox 2973 2657 3103 2711; x_wconf 86' lang='lat' dir='ltr'><strong>hinc</strong></span> <span class='ocrx_word' id='word_1_439' title='bbox 3126 2657 3286 2712; x_wconf 91' lang='lat' dir='ltr'><strong>nobis</strong></span> <span class='ocrx_word' id='word_1_440' title='bbox 3315 2659 3576 2716; x_wconf 80' lang='lat' dir='ltr'><strong>alimonia</strong></span> 
     </span>
    </p>
   </div>
   <div class='ocr_carea' id='block_1_59' title="bbox 1995 2747 3574 2820">
    <p class='ocr_par' dir='ltr' id='par_1_59' title="bbox 1995 2747 3574 2820">
     <span class='ocr_line' id='line_1_59' title="bbox 1995 2747 3574 2820; baseline 0.003 -18"><span class='ocrx_word' id='word_1_441' title='bbox 1995 2759 2272 2817; x_wconf 87' lang='lat' dir='ltr'><strong>suppetat,</strong></span> <span class='ocrx_word' id='word_1_442' title='bbox 2302 2754 2359 2801; x_wconf 91' lang='lat' dir='ltr'><strong>et</strong></span> <span class='ocrx_word' id='word_1_443' title='bbox 2391 2747 2584 2802; x_wconf 90' lang='lat' dir='ltr'><strong>eadem</strong></span> <span class='ocrx_word' id='word_1_444' title='bbox 2618 2763 2785 2816; x_wconf 89' lang='lat' dir='ltr'><strong>opera</strong></span> <span class='ocrx_word' id='word_1_445' title='bbox 2839 2747 3033 2803; x_wconf 74' lang='lat' dir='ltr'><strong>aliena:</strong></span> <span class='ocrx_word' id='word_1_446' title='bbox 3083 2749 3286 2820; x_wconf 71' lang='lat' dir='ltr'><strong>impia:</strong></span> <span class='ocrx_word' id='word_1_447' title='bbox 3313 2752 3574 2806; x_wconf 84' lang='lat' dir='ltr'><strong>consula-</strong></span> 
     </span>
    </p>
   </div>
   <div class='ocr_carea' id='block_1_60' title="bbox 1995 2839 3573 2910">
    <p class='ocr_par' dir='ltr' id='par_1_60' title="bbox 1995 2839 3573 2910">
     <span class='ocr_line' id='line_1_60' title="bbox 1995 2839 3573 2910; baseline 0.003 -17"><span class='ocrx_word' id='word_1_448' title='bbox 1995 2839 2370 2910; x_wconf 74' lang='lat' dir='ltr'><strong>musJugiter</strong></span> <span class='ocrx_word' id='word_1_449' title='bbox 2385 2839 2618 2909; x_wconf 89' lang='lat' dir='ltr'><strong>proinde</strong></span> <span class='ocrx_word' id='word_1_450' title='bbox 2644 2839 2778 2893; x_wconf 93' lang='lat' dir='ltr'><strong>illud</strong></span> <span class='ocrx_word' id='word_1_451' title='bbox 2804 2840 3140 2894; x_wconf 88' lang='lat' dir='ltr'><strong>meditemur</strong></span> <span class='ocrx_word' id='word_1_452' title='bbox 3159 2842 3307 2896; x_wconf 87' lang='lat' dir='ltr'><strong>beati</strong></span> <span class='ocrx_word' id='word_1_453' title='bbox 3331 2843 3573 2898; x_wconf 83' lang='lat' dir='ltr'><strong>Davidis:</strong></span> 
     </span>
    </p>
   </div>
   <div class='ocr_carea' id='block_1_61' title="bbox 2007 2931 3578 3002">
    <p class='ocr_par' dir='ltr' id='par_1_61' title="bbox 2007 2931 3578 3002">
     <span class='ocr_line' id='line_1_61' title="bbox 2007 2931 3578 3002; baseline 0.005 -21"><span class='ocrx_word' id='word_1_454' title='bbox 2007 2931 2330 2987; x_wconf 70' lang='lat' dir='ltr'><strong>«Velociter</strong></span> <span class='ocrx_word' id='word_1_455' title='bbox 2377 2931 2576 2986; x_wconf 80' lang='lat' dir='ltr'><strong>exaudi</strong></span> <span class='ocrx_word' id='word_1_456' title='bbox 2614 2946 2721 2992; x_wconf 90' lang='lat' dir='ltr'><strong>me,</strong></span> <span class='ocrx_word' id='word_1_457' title='bbox 2770 2931 3043 2997; x_wconf 89' lang='lat' dir='ltr'><strong>Domine;</strong></span> <span class='ocrx_word' id='word_1_458' title='bbox 3098 2931 3300 2985; x_wconf 86' lang='lat' dir='ltr'><strong>defecit</strong></span> <span class='ocrx_word' id='word_1_459' title='bbox 3346 2932 3578 3002; x_wconf 74' lang='lat' dir='ltr'><strong>spiritus</strong></span> 
     </span>
    </p>
   </div>
   <div class='ocr_carea' id='block_1_62' title="bbox 316 3021 1891 3098">
    <p class='ocr_par' dir='ltr' id='par_1_62' title="bbox 316 3021 1890 3096">
     <span class='ocr_line' id='line_1_62' title="bbox 316 3021 1890 3096; baseline 0.004 -24"><span class='ocrx_word' id='word_1_460' title='bbox 316 3021 376 3072; x_wconf 80' lang='grc' dir='ltr'><strong>ἐν</strong></span> <span class='ocrx_word' id='word_1_461' title='bbox 415 3024 642 3082; x_wconf 85' lang='grc' dir='ltr'>στενοῖς,</span> <span class='ocrx_word' id='word_1_462' title='bbox 674 3022 770 3073; x_wconf 80' lang='grc' dir='ltr'>καὶ</span> <span class='ocrx_word' id='word_1_463' title='bbox 815 3021 1034 3091; x_wconf 84' lang='grc' dir='ltr'>πνεῦμα</span> <span class='ocrx_word' id='word_1_464' title='bbox 1081 3021 1319 3093; x_wconf 85' lang='grc' dir='ltr'>ἀκηδιῶν</span> <span class='ocrx_word' id='word_1_465' title='bbox 1354 3024 1596 3095; x_wconf 84' lang='grc' dir='ltr'>κέκραγε</span> <span class='ocrx_word' id='word_1_466' title='bbox 1640 3026 1776 3096; x_wconf 79' lang='grc' dir='ltr'>πρὸς</span> <span class='ocrx_word' id='word_1_467' title='bbox 1812 3027 1890 3090; x_wconf 85' lang='grc' dir='ltr'><strong>σέ.</strong></span> 
     </span>
    </p>
   </div>
   <div class='ocr_carea' id='block_1_63' title="bbox 1993 3021 3574 3098">
    <p class='ocr_par' dir='ltr' id='par_1_63' title="bbox 2001 3021 3574 3093">
     <span class='ocr_line' id='line_1_63' title="bbox 2001 3021 3574 3093; baseline 0.001 -16"><span class='ocrx_word' id='word_1_468' title='bbox 2001 3038 2178 3086; x_wconf 90' lang='lat' dir='ltr'><strong>meus,</strong></span> <span class='ocrx_word' id='word_1_469' title='bbox 2209 3024 2256 3055; x_wconf 84' lang='lat'>&quot;</span> <span class='ocrx_word' id='word_1_470' title='bbox 2286 3021 2413 3093; x_wconf 90' lang='lat' dir='ltr'><strong>quia</strong></span> <span class='ocrx_word' id='word_1_471' title='bbox 2432 3021 2748 3076; x_wconf 78' lang='lat' dir='ltr'><strong>liumiliavit</strong></span> <span class='ocrx_word' id='word_1_472' title='bbox 2781 3021 3044 3077; x_wconf 88' lang='lat' dir='ltr'><strong>inimicus</strong></span> <span class='ocrx_word' id='word_1_473' title='bbox 3076 3022 3314 3076; x_wconf 90' lang='lat' dir='ltr'><strong>animam</strong></span> <span class='ocrx_word' id='word_1_474' title='bbox 3355 3039 3574 3092; x_wconf 87' lang='lat' dir='ltr'><strong>meam;</strong></span> 
     </span>
    </p>
   </div>
   <div class='ocr_carea' id='block_1_64' title="bbox 310 3110 1892 3186">
    <p class='ocr_par' dir='ltr' id='par_1_64' title="bbox 310 3110 1892 3186">
     <span class='ocr_line' id='line_1_64' title="bbox 310 3110 1892 3186; baseline 0.005 -23"><span class='ocrx_word' id='word_1_475' title='bbox 310 3110 409 3178; x_wconf 79' lang='grc' dir='ltr'><strong>Μὴ</strong></span> <span class='ocrx_word' id='word_1_476' title='bbox 445 3113 813 3182; x_wconf 74' lang='grc' dir='ltr'>συγχωρήσῃς</span> <span class='ocrx_word' id='word_1_477' title='bbox 843 3129 908 3180; x_wconf 87' lang='grc' dir='ltr'><strong>με</strong></span> <span class='ocrx_word' id='word_1_478' title='bbox 940 3113 1305 3183; x_wconf 74' lang='grc' dir='ltr'>πειρασθῆναι</span> <span class='ocrx_word' id='word_1_479' title='bbox 1331 3115 1471 3184; x_wconf 85' lang='grc' dir='ltr'>ὑπὲρ</span> <span class='ocrx_word' id='word_1_480' title='bbox 1500 3115 1527 3168; x_wconf 84' lang='grc' dir='ltr'>ὃ</span> <span class='ocrx_word' id='word_1_481' title='bbox 1550 3116 1610 3169; x_wconf 85' lang='grc' dir='ltr'><strong>οὐ</strong></span> <span class='ocrx_word' id='word_1_482' title='bbox 1637 3116 1892 3186; x_wconf 79' lang='grc' dir='ltr'>δύναμαι,</span> 
     </span>
    </p>
   </div>
   <div class='ocr_carea' id='block_1_65' title="bbox 315 3201 1888 3277">
    <p class='ocr_par' dir='ltr' id='par_1_65' title="bbox 315 3201 1888 3277">
     <span class='ocr_line' id='line_1_65' title="bbox 315 3201 1888 3277; baseline 0.004 -23"><span class='ocrx_word' id='word_1_483' title='bbox 315 3201 455 3254; x_wconf 69' lang='grc' dir='ltr'>ἀλλὰ</span> <span class='ocrx_word' id='word_1_484' title='bbox 483 3203 712 3272; x_wconf 89' lang='grc' dir='ltr'>ποίησον</span> <span class='ocrx_word' id='word_1_485' title='bbox 741 3221 758 3252; x_wconf 79' lang='grc' dir='ltr'><strong>ι</strong></span> <span class='ocrx_word' id='word_1_486' title='bbox 799 3205 896 3255; x_wconf 83' lang='grc' dir='ltr'><strong>σὺν</strong></span> <span class='ocrx_word' id='word_1_487' title='bbox 920 3203 998 3273; x_wconf 80' lang='grc' dir='ltr'>τῷ</span> <span class='ocrx_word' id='word_1_488' title='bbox 1031 3205 1326 3277; x_wconf 77' lang='grc' dir='ltr'>πειρασμῷ</span> <span class='ocrx_word' id='word_1_489' title='bbox 1357 3207 1452 3258; x_wconf 73' lang='grc' dir='ltr'><strong>καὶ</strong></span> <span class='ocrx_word' id='word_1_490' title='bbox 1480 3205 1578 3277; x_wconf 80' lang='grc' dir='ltr'>τὴν</span> <span class='ocrx_word' id='word_1_491' title='bbox 1611 3207 1888 3273; x_wconf 81' lang='grc' dir='ltr'>ἕκ6ασιν,›</span> 
     </span>
    </p>
   </div>
   <div class='ocr_carea' id='block_1_66' title="bbox 317 3292 1898 3368">
    <p class='ocr_par' dir='ltr' id='par_1_66' title="bbox 317 3292 1898 3368">
     <span class='ocr_line' id='line_1_66' title="bbox 317 3292 1898 3368; baseline 0.006 -22"><span class='ocrx_word' id='word_1_492' title='bbox 317 3292 414 3346; x_wconf 86' lang='grc' dir='ltr'><strong>τοῦ</strong></span> <span class='ocrx_word' id='word_1_493' title='bbox 442 3293 700 3347; x_wconf 87' lang='grc' dir='ltr'>δύνασθαί</span> <span class='ocrx_word' id='word_1_494' title='bbox 735 3311 802 3365; x_wconf 88' lang='grc' dir='ltr'><strong>με</strong></span> <span class='ocrx_word' id='word_1_495' title='bbox 829 3295 1192 3363; x_wconf 52' lang='grc' dir='ltr'>ύπενεγκεῖν.,</span> <span class='ocrx_word' id='word_1_496' title='bbox 1217 3297 1407 3350; x_wconf 81' lang='grc' dir='ltr'>Ῥῦσαί</span> <span class='ocrx_word' id='word_1_497' title='bbox 1444 3315 1512 3368; x_wconf 91' lang='grc' dir='ltr'><strong>με</strong></span> <span class='ocrx_word' id='word_1_498' title='bbox 1539 3299 1646 3352; x_wconf 92' lang='grc' dir='ltr'><strong>τῶν</strong></span> <span class='ocrx_word' id='word_1_499' title='bbox 1679 3301 1898 3355; x_wconf 82' lang='grc' dir='ltr'>ἀτόπων</span> 
     </span>
    </p>
   </div>
   <div class='ocr_carea' id='block_1_67' title="bbox 319 3386 1899 3460">
    <p class='ocr_par' dir='ltr' id='par_1_67' title="bbox 319 3386 1899 3460">
     <span class='ocr_line' id='line_1_67' title="bbox 319 3386 1899 3460; baseline 0.003 -20"><span class='ocrx_word' id='word_1_500' title='bbox 319 3387 417 3440; x_wconf 71' lang='grc' dir='ltr'>καὶ</span> <span class='ocrx_word' id='word_1_501' title='bbox 468 3386 720 3457; x_wconf 82' lang='grc' dir='ltr'>πονηρῶν</span> <span class='ocrx_word' id='word_1_502' title='bbox 774 3387 1074 3456; x_wconf 87' lang='grc' dir='ltr'>λογισμῶν.</span> <span class='ocrx_word' id='word_1_503' title='bbox 1135 3388 1493 3460; x_wconf 78' lang='grc' dir='ltr'>Ἐπίστρεψόν</span> <span class='ocrx_word' id='word_1_504' title='bbox 1547 3407 1614 3460; x_wconf 86' lang='grc' dir='ltr'><strong>με</strong></span> <span class='ocrx_word' id='word_1_505' title='bbox 1663 3393 1742 3454; x_wconf 85' lang='grc' dir='ltr'><strong>είς</strong></span> <span class='ocrx_word' id='word_1_506' title='bbox 1780 3393 1899 3445; x_wconf 83' lang='grc' dir='ltr'>ὁδὸν</span> 
     </span>
    </p>
   </div>
   <div class='ocr_carea' id='block_1_68' title="bbox 315 3477 1898 3552">
    <p class='ocr_par' dir='ltr' id='par_1_68' title="bbox 315 3477 1898 3552">
     <span class='ocr_line' id='line_1_68' title="bbox 315 3477 1898 3552; baseline 0.004 -22"><span class='ocrx_word' id='word_1_507' title='bbox 315 3477 562 3542; x_wconf 81' lang='grc' dir='ltr'>εὐθεῖαν,</span> <span class='ocrx_word' id='word_1_508' title='bbox 610 3479 691 3540; x_wconf 88' lang='grc' dir='ltr'><strong>είς</strong></span> <span class='ocrx_word' id='word_1_509' title='bbox 738 3479 1036 3545; x_wconf 74' lang='grc' dir='ltr'>ἐπίγνωσιν</span> <span class='ocrx_word' id='word_1_510' title='bbox 1071 3479 1352 3552; x_wconf 85' lang='grc' dir='ltr'>ἀληθείας.</span> <span class='ocrx_word' id='word_1_511' title='bbox 1400 3483 1510 3534; x_wconf 68' lang='grc' dir='ltr'>Καὶ</span> <span class='ocrx_word' id='word_1_512' title='bbox 1568 3482 1657 3546; x_wconf 82' lang='grc' dir='ltr'><strong>δός</strong></span> <span class='ocrx_word' id='word_1_513' title='bbox 1713 3501 1802 3552; x_wconf 89' lang='grc' dir='ltr'><strong>μοι</strong></span> <span class='ocrx_word' id='word_1_514' title='bbox 1843 3487 1898 3536; x_wconf 88' lang='grc' dir='ltr'><strong>ἐν</strong></span> 
     </span>
    </p>
   </div>
   <div class='ocr_carea' id='block_1_69' title="bbox 317 3566 1900 3645">
    <p class='ocr_par' dir='ltr' id='par_1_69' title="bbox 317 3566 1900 3645">
     <span class='ocr_line' id='line_1_69' title="bbox 317 3566 1900 3645; baseline 0.005 -25"><span class='ocrx_word' id='word_1_515' title='bbox 317 3566 539 3637; x_wconf 80' lang='grc' dir='ltr'>καθαρᾷ</span> <span class='ocrx_word' id='word_1_516' title='bbox 569 3568 873 3638; x_wconf 73' lang='grc' dir='ltr'>αυνειδήσει</span> <span class='ocrx_word' id='word_1_517' title='bbox 901 3569 1039 3638; x_wconf 82' lang='grc' dir='ltr'>μετὰ</span> <span class='ocrx_word' id='word_1_518' title='bbox 1071 3572 1383 3641; x_wconf 72' lang='grc' dir='ltr'>παρρησίας</span> <span class='ocrx_word' id='word_1_519' title='bbox 1415 3572 1594 3642; x_wconf 75' lang='grc' dir='ltr'>πάσης</span> <span class='ocrx_word' id='word_1_520' title='bbox 1614 3574 1900 3645; x_wconf 85' lang='grc' dir='ltr'>λατρεύειν</span> 
     </span>
    </p>
   </div>
   <div class='ocr_carea' id='block_1_70' title="bbox 321 3658 1901 3737">
    <p class='ocr_par' dir='ltr' id='par_1_70' title="bbox 321 3658 1901 3737">
     <span class='ocr_line' id='line_1_70' title="bbox 321 3658 1901 3737; baseline 0.006 -27"><span class='ocrx_word' id='word_1_521' title='bbox 321 3658 410 3711; x_wconf 73' lang='grc' dir='ltr'>σοὶ</span> <span class='ocrx_word' id='word_1_522' title='bbox 464 3659 865 3730; x_wconf 77' lang='grc' dir='ltr'>ἀπερισπάστῳ</span> <span class='ocrx_word' id='word_1_523' title='bbox 923 3660 1124 3731; x_wconf 82' lang='grc' dir='ltr'>καρδίᾳ</span> <span class='ocrx_word' id='word_1_524' title='bbox 1188 3662 1369 3725; x_wconf 84' lang='grc' dir='ltr'>πάσας</span> <span class='ocrx_word' id='word_1_525' title='bbox 1415 3665 1514 3727; x_wconf 82' lang='grc' dir='ltr'>τὰς</span> <span class='ocrx_word' id='word_1_526' title='bbox 1547 3665 1762 3736; x_wconf 76' lang='grc' dir='ltr'>ἡμέρας</span> <span class='ocrx_word' id='word_1_527' title='bbox 1799 3666 1901 3737; x_wconf 80' lang='grc' dir='ltr'>τῆς</span> 
     </span>
    </p>
   </div>
   <div class='ocr_carea' id='block_1_71' title="bbox 317 3753 1899 3832">
    <p class='ocr_par' dir='ltr' id='par_1_71' title="bbox 317 3753 1899 3832">
     <span class='ocr_line' id='line_1_71' title="bbox 317 3753 1899 3832; baseline 0.004 -23"><span class='ocrx_word' id='word_1_528' title='bbox 317 3753 471 3824; x_wconf 77' lang='grc' dir='ltr'>ζωῆς</span> <span class='ocrx_word' id='word_1_529' title='bbox 521 3773 648 3825; x_wconf 84' lang='grc' dir='ltr'>μου.</span> <span class='ocrx_word' id='word_1_530' title='bbox 704 3756 834 3820; x_wconf 72' lang='grc' dir='ltr'>Ναὶ,</span> <span class='ocrx_word' id='word_1_531' title='bbox 884 3755 1056 3826; x_wconf 87' lang='grc' dir='ltr'>Κύριε</span> <span class='ocrx_word' id='word_1_532' title='bbox 1101 3755 1276 3825; x_wconf 84' lang='grc' dir='ltr'><strong>Ἰησοῦ</strong></span> <span class='ocrx_word' id='word_1_533' title='bbox 1318 3758 1545 3828; x_wconf 85' lang='grc' dir='ltr'>Χριστέ,</span> <span class='ocrx_word' id='word_1_534' title='bbox 1588 3760 1899 3832; x_wconf 77' lang='grc' dir='ltr'>χαρακτὴρ,</span> 
     </span>
    </p>
   </div>
   <div class='ocr_carea' id='block_1_72' title="bbox 323 3846 1901 3922">
    <p class='ocr_par' dir='ltr' id='par_1_72' title="bbox 323 3846 1901 3922">
     <span class='ocr_line' id='line_1_72' title="bbox 323 3846 1901 3922; baseline 0.004 -22"><span class='ocrx_word' id='word_1_535' title='bbox 323 3847 422 3900; x_wconf 71' lang='grc' dir='ltr'>καὶ</span> <span class='ocrx_word' id='word_1_536' title='bbox 458 3847 801 3918; x_wconf 85' lang='grc' dir='ltr'>ἀπαύγασμα</span> <span class='ocrx_word' id='word_1_537' title='bbox 856 3846 952 3901; x_wconf 85' lang='grc' dir='ltr'><strong>τοῦ</strong></span> <span class='ocrx_word' id='word_1_538' title='bbox 1004 3847 1374 3918; x_wconf 80' lang='grc' dir='ltr'>εύλογημένου</span> <span class='ocrx_word' id='word_1_539' title='bbox 1436 3868 1531 3904; x_wconf 87' lang='grc' dir='ltr'><strong>σου</strong></span> <span class='ocrx_word' id='word_1_540' title='bbox 1588 3854 1822 3922; x_wconf 85' lang='grc' dir='ltr'>Πατρὸς,</span> <span class='ocrx_word' id='word_1_541' title='bbox 1874 3856 1901 3907; x_wconf 96' lang='lat'><strong>6</strong></span> 
     </span>
    </p>
   </div>
   <div class='ocr_carea' id='block_1_73' title="bbox 322 3937 1900 4014">
    <p class='ocr_par' dir='ltr' id='par_1_73' title="bbox 322 3937 1900 4014">
     <span class='ocr_line' id='line_1_73' title="bbox 322 3937 1900 4014; baseline 0.004 -24"><span class='ocrx_word' id='word_1_542' title='bbox 322 3938 769 4009; x_wconf 84' lang='grc' dir='ltr'>ἐγκατασπείρας</span> <span class='ocrx_word' id='word_1_543' title='bbox 800 3938 928 4000; x_wconf 82' lang='grc' dir='ltr'>τοὺς</span> <span class='ocrx_word' id='word_1_544' title='bbox 973 3937 1152 4001; x_wconf 86' lang='grc' dir='ltr'>θείους</span> <span class='ocrx_word' id='word_1_545' title='bbox 1199 3955 1293 3992; x_wconf 86' lang='grc' dir='ltr'><strong>σου</strong></span> <span class='ocrx_word' id='word_1_546' title='bbox 1322 3939 1512 4008; x_wconf 87' lang='grc' dir='ltr'>λόγους</span> <span class='ocrx_word' id='word_1_547' title='bbox 1535 3943 1612 4005; x_wconf 88' lang='grc' dir='ltr'><strong>είς</strong></span> <span class='ocrx_word' id='word_1_548' title='bbox 1635 3943 1734 4006; x_wconf 82' lang='grc' dir='ltr'>τὰς</span> <span class='ocrx_word' id='word_1_549' title='bbox 1767 3961 1900 4014; x_wconf 78' lang='grc' dir='ltr'>καρ-</span> 
     </span>
    </p>
   </div>
   <div class='ocr_carea' id='block_1_74' title="bbox 319 4030 1902 4101">
    <p class='ocr_par' dir='ltr' id='par_1_74' title="bbox 319 4030 1902 4101">
     <span class='ocr_line' id='line_1_74' title="bbox 319 4030 1902 4101; baseline 0.003 -19"><span class='ocrx_word' id='word_1_550' title='bbox 319 4030 442 4092; x_wconf 86' lang='grc' dir='ltr'>δίας</span> <span class='ocrx_word' id='word_1_551' title='bbox 471 4031 649 4100; x_wconf 77' lang='grc' dir='ltr'>ἡμῶν,</span> <span class='ocrx_word' id='word_1_552' title='bbox 689 4033 718 4084; x_wconf 89' lang='lat'><strong>6</strong></span> <span class='ocrx_word' id='word_1_553' title='bbox 751 4032 910 4101; x_wconf 81' lang='grc' dir='ltr'>μόνος</span> <span class='ocrx_word' id='word_1_554' title='bbox 939 4031 1236 4101; x_wconf 86' lang='grc' dir='ltr'>κηδόμενος</span> <span class='ocrx_word' id='word_1_555' title='bbox 1261 4031 1370 4084; x_wconf 88' lang='grc' dir='ltr'><strong>τῶν</strong></span> <span class='ocrx_word' id='word_1_556' title='bbox 1403 4032 1510 4086; x_wconf 88' lang='grc' dir='ltr'><strong>σῶν</strong></span> <span class='ocrx_word' id='word_1_557' title='bbox 1547 4033 1772 4095; x_wconf 89' lang='grc' dir='ltr'>δούλων,</span> <span class='ocrx_word' id='word_1_558' title='bbox 1807 4033 1902 4088; x_wconf 77' lang='grc' dir='ltr'>καὶ</span> 
     </span>
    </p>
   </div>
   <div class='ocr_carea' id='block_1_75' title="bbox 324 4121 1901 4194">
    <p class='ocr_par' dir='ltr' id='par_1_75' title="bbox 324 4121 1901 4194">
     <span class='ocr_line' id='line_1_75' title="bbox 324 4121 1901 4194; baseline 0.004 -22"><span class='ocrx_word' id='word_1_559' title='bbox 324 4122 513 4192; x_wconf 70' lang='grc' dir='ltr'>ἰατρὸς</span> <span class='ocrx_word' id='word_1_560' title='bbox 548 4121 760 4191; x_wconf 84' lang='grc' dir='ltr'>δωρεὰν</span> <span class='ocrx_word' id='word_1_561' title='bbox 793 4121 1042 4191; x_wconf 86' lang='grc' dir='ltr'>ίώμενος,</span> <span class='ocrx_word' id='word_1_562' title='bbox 1078 4123 1106 4175; x_wconf 97' lang='lat'><strong>6</strong></span> <span class='ocrx_word' id='word_1_563' title='bbox 1135 4123 1297 4192; x_wconf 83' lang='grc' dir='ltr'>μόνος</span> <span class='ocrx_word' id='word_1_564' title='bbox 1356 4123 1650 4194; x_wconf 77' lang='grc' dir='ltr'>εὐεργέτης</span> <span class='ocrx_word' id='word_1_565' title='bbox 1679 4125 1772 4178; x_wconf 82' lang='grc' dir='ltr'><strong>καὶ</strong></span> <span class='ocrx_word' id='word_1_566' title='bbox 1805 4125 1901 4178; x_wconf 79' lang='grc' dir='ltr'><strong>ἀν-</strong></span> 
     </span>
    </p>
   </div>
   <div class='ocr_carea' id='block_1_76' title="bbox 323 4211 1903 4284">
    <p class='ocr_par' dir='ltr' id='par_1_76' title="bbox 323 4211 1903 4284">
     <span class='ocr_line' id='line_1_76' title="bbox 323 4211 1903 4284; baseline 0.004 -21"><span class='ocrx_word' id='word_1_567' title='bbox 323 4213 695 4281; x_wconf 74' lang='grc' dir='ltr'>υπερήφανος,</span> <span class='ocrx_word' id='word_1_568' title='bbox 739 4213 769 4266; x_wconf 92' lang='lat'><strong>6</strong></span> <span class='ocrx_word' id='word_1_569' title='bbox 814 4211 974 4281; x_wconf 88' lang='grc' dir='ltr'>μόνος</span> <span class='ocrx_word' id='word_1_570' title='bbox 1024 4211 1273 4282; x_wconf 77' lang='grc' dir='ltr'>ἐλεήμων</span> <span class='ocrx_word' id='word_1_571' title='bbox 1305 4215 1398 4267; x_wconf 76' lang='grc' dir='ltr'><strong>καὶ</strong></span> <span class='ocrx_word' id='word_1_572' title='bbox 1446 4214 1846 4284; x_wconf 82' lang='grc' dir='ltr'>φιλάνθρωπος,</span> <span class='ocrx_word' id='word_1_573' title='bbox 1874 4218 1903 4270; x_wconf 92' lang='lat'><strong>6</strong></span> 
     </span>
    </p>
   </div>
   <div class='ocr_carea' id='block_1_77' title="bbox 322 4302 1902 4372">
    <p class='ocr_par' dir='ltr' id='par_1_77' title="bbox 322 4302 1902 4372">
     <span class='ocr_line' id='line_1_77' title="bbox 322 4302 1902 4372; baseline 0.004 -18"><span class='ocrx_word' id='word_1_574' title='bbox 322 4302 490 4372; x_wconf 82' lang='grc' dir='ltr'>μόνος</span> <span class='ocrx_word' id='word_1_575' title='bbox 519 4303 711 4372; x_wconf 77' lang='grc' dir='ltr'>Σωτὴρ</span> <span class='ocrx_word' id='word_1_576' title='bbox 743 4303 841 4355; x_wconf 79' lang='grc' dir='ltr'>καὶ</span> <span class='ocrx_word' id='word_1_577' title='bbox 883 4302 1113 4369; x_wconf 84' lang='grc' dir='ltr'>δίκαιος,</span> <span class='ocrx_word' id='word_1_578' title='bbox 1149 4305 1176 4356; x_wconf 92' lang='lat'><strong>6</strong></span> <span class='ocrx_word' id='word_1_579' title='bbox 1204 4305 1292 4357; x_wconf 75' lang='grc' dir='ltr'><strong>ἀεὶ</strong></span> <span class='ocrx_word' id='word_1_580' title='bbox 1319 4302 1398 4355; x_wconf 80' lang='grc' dir='ltr'>ὼν</span> <span class='ocrx_word' id='word_1_581' title='bbox 1437 4305 1531 4356; x_wconf 81' lang='grc' dir='ltr'>καὶ</span> <span class='ocrx_word' id='word_1_582' title='bbox 1561 4306 1619 4356; x_wconf 89' lang='grc' dir='ltr'><strong>ἐν</strong></span> <span class='ocrx_word' id='word_1_583' title='bbox 1659 4307 1796 4358; x_wconf 84' lang='grc' dir='ltr'>πᾶσι</span> <span class='ocrx_word' id='word_1_584' title='bbox 1827 4306 1902 4360; x_wconf 82' lang='grc' dir='ltr'><strong>ὢν</strong></span> 
     </span>
    </p>
   </div>
   <div class='ocr_carea' id='block_1_78' title="bbox 1999 3112 3577 3178">
    <p class='ocr_par' dir='ltr' id='par_1_78' title="bbox 1999 3112 3577 3178">
     <span class='ocr_line' id='line_1_78' title="bbox 1999 3112 3577 3178; baseline 0.001 -9"><span class='ocrx_word' id='word_1_585' title='bbox 1999 3114 2292 3169; x_wconf 87' lang='lat' dir='ltr'><strong>collocavit</strong></span> <span class='ocrx_word' id='word_1_586' title='bbox 2332 3129 2418 3168; x_wconf 88' lang='lat' dir='ltr'><strong>me</strong></span> <span class='ocrx_word' id='word_1_587' title='bbox 2449 3113 2503 3166; x_wconf 90' lang='lat' dir='ltr'><strong>in</strong></span> <span class='ocrx_word' id='word_1_588' title='bbox 2529 3112 2786 3168; x_wconf 77' lang='lat' dir='ltr'><strong>obscuris</strong></span> <span class='ocrx_word' id='word_1_589' title='bbox 2818 3113 2963 3168; x_wconf 87' lang='lat' dir='ltr'><strong>sicut</strong></span> <span class='ocrx_word' id='word_1_590' title='bbox 2995 3121 3248 3167; x_wconf 87' lang='lat' dir='ltr'><strong>mortuos</strong></span> <span class='ocrx_word' id='word_1_591' title='bbox 3277 3115 3486 3178; x_wconf 68' lang='lat' dir='ltr'><strong>swculi,</strong></span> <span class='ocrx_word' id='word_1_592' title='bbox 3519 3123 3577 3171; x_wconf 77' lang='lat' dir='ltr'><strong>et</strong></span> 
     </span>
    </p>
   </div>
   <div class='ocr_carea' id='block_1_79' title="bbox 1999 3204 3580 3276">
    <p class='ocr_par' dir='ltr' id='par_1_79' title="bbox 1999 3204 3580 3276">
     <span class='ocr_line' id='line_1_79' title="bbox 1999 3204 3580 3276; baseline 0 -14"><span class='ocrx_word' id='word_1_593' title='bbox 1999 3207 2258 3262; x_wconf 81' lang='lat' dir='ltr'><strong>anxiatus</strong></span> <span class='ocrx_word' id='word_1_594' title='bbox 2272 3214 2355 3260; x_wconf 91' lang='lat' dir='ltr'><strong>est</strong></span> <span class='ocrx_word' id='word_1_595' title='bbox 2372 3221 2542 3276; x_wconf 90' lang='lat' dir='ltr'><strong>super</strong></span> <span class='ocrx_word' id='word_1_596' title='bbox 2555 3221 2642 3260; x_wconf 90' lang='lat' dir='ltr'><strong>me</strong></span> <span class='ocrx_word' id='word_1_597' title='bbox 2661 3204 3138 3274; x_wconf 82' lang='lat' dir='ltr'><strong>spiritusmcus’&quot;;</strong></span> <span class='ocrx_word' id='word_1_598' title='bbox 3153 3204 3248 3260; x_wconf 87' lang='lat' dir='ltr'><strong>sed</strong></span> <span class='ocrx_word' id='word_1_599' title='bbox 3269 3221 3335 3262; x_wconf 87' lang='lat' dir='ltr'><strong>ne</strong></span> <span class='ocrx_word' id='word_1_600' title='bbox 3359 3215 3580 3262; x_wconf 82' lang='lat' dir='ltr'><strong>avertas</strong></span> 
     </span>
    </p>
   </div>
   <div class='ocr_carea' id='block_1_80' title="bbox 2000 3297 3576 3368">
    <p class='ocr_par' dir='ltr' id='par_1_80' title="bbox 2000 3297 3576 3368">
     <span class='ocr_line' id='line_1_80' title="bbox 2000 3297 3576 3368; baseline 0 -14"><span class='ocrx_word' id='word_1_601' title='bbox 2000 3300 2196 3355; x_wconf 78' lang='lat' dir='ltr'><strong>faciem</strong></span> <span class='ocrx_word' id='word_1_602' title='bbox 2235 3308 2382 3354; x_wconf 87' lang='lat' dir='ltr'><strong>tuam</strong></span> <span class='ocrx_word' id='word_1_603' title='bbox 2415 3315 2444 3354; x_wconf 92' lang='lat' dir='ltr'><strong>a</strong></span> <span class='ocrx_word' id='word_1_604' title='bbox 2477 3315 2588 3364; x_wconf 91' lang='lat' dir='ltr'><strong>me,</strong></span> <span class='ocrx_word' id='word_1_605' title='bbox 2622 3318 2640 3350; x_wconf 74' lang='grc' dir='ltr'><strong>ι</strong></span> <span class='ocrx_word' id='word_1_606' title='bbox 2674 3314 2706 3352; x_wconf 96' lang='lat' dir='ltr'><strong>o</strong></span> <span class='ocrx_word' id='word_1_607' title='bbox 2736 3298 2997 3368; x_wconf 79' lang='lat' dir='ltr'><strong>benigne,</strong></span> <span class='ocrx_word' id='word_1_608' title='bbox 3034 3316 3051 3348; x_wconf 83' lang='grc' dir='ltr'><strong>ι</strong></span> <span class='ocrx_word' id='word_1_609' title='bbox 3080 3297 3210 3367; x_wconf 88' lang='lat' dir='ltr'><strong>quia</strong></span> <span class='ocrx_word' id='word_1_610' title='bbox 3232 3297 3300 3352; x_wconf 89' lang='lat' dir='ltr'><strong>ad</strong></span> <span class='ocrx_word' id='word_1_611' title='bbox 3329 3299 3576 3356; x_wconf 83' lang='lat' dir='ltr'><strong>televavi</strong></span> 
     </span>
    </p>
   </div>
   <div class='ocr_carea' id='block_1_81' title="bbox 2000 3389 3578 3461">
    <p class='ocr_par' dir='ltr' id='par_1_81' title="bbox 2000 3389 3578 3461">
     <span class='ocr_line' id='line_1_81' title="bbox 2000 3389 3578 3461; baseline 0.002 -15"><span class='ocrx_word' id='word_1_612' title='bbox 2000 3393 2239 3446; x_wconf 87' lang='lat' dir='ltr'><strong>animam</strong></span> <span class='ocrx_word' id='word_1_613' title='bbox 2267 3407 2445 3445; x_wconf 87' lang='lat' dir='ltr'><strong>meam</strong></span> <span class='ocrx_word' id='word_1_614' title='bbox 2472 3392 2571 3441; x_wconf 77' lang='grc'><strong>⁸⁸.»</strong></span> <span class='ocrx_word' id='word_1_615' title='bbox 2597 3390 2808 3445; x_wconf 74' lang='lat' dir='ltr'><strong>Exaudi</strong></span> <span class='ocrx_word' id='word_1_616' title='bbox 2842 3389 3224 3456; x_wconf 87' lang='lat' dir='ltr'><strong>me,Domine,</strong></span> <span class='ocrx_word' id='word_1_617' title='bbox 3247 3391 3376 3461; x_wconf 90' lang='lat' dir='ltr'><strong>quia</strong></span> <span class='ocrx_word' id='word_1_618' title='bbox 3393 3393 3578 3449; x_wconf 80' lang='lat' dir='ltr'><strong>anima</strong></span> 
     </span>
    </p>
   </div>
   <div class='ocr_carea' id='block_1_82' title="bbox 2002 3482 3576 3554">
    <p class='ocr_par' dir='ltr' id='par_1_82' title="bbox 2002 3482 3576 3554">
     <span class='ocr_line' id='line_1_82' title="bbox 2002 3482 3576 3554; baseline 0.001 -17"><span class='ocrx_word' id='word_1_619' title='bbox 2002 3485 2056 3537; x_wconf 91' lang='lat' dir='ltr'><strong>in</strong></span> <span class='ocrx_word' id='word_1_620' title='bbox 2094 3484 2364 3554; x_wconf 84' lang='lat' dir='ltr'><strong>angustiis</strong></span> <span class='ocrx_word' id='word_1_621' title='bbox 2398 3491 2504 3547; x_wconf 91' lang='lat' dir='ltr'><strong>cst,</strong></span> <span class='ocrx_word' id='word_1_622' title='bbox 2529 3491 2583 3535; x_wconf 90' lang='lat' dir='ltr'><strong>et</strong></span> <span class='ocrx_word' id='word_1_623' title='bbox 2614 3482 2848 3550; x_wconf 86' lang='lat' dir='ltr'><strong>spiritus</strong></span> <span class='ocrx_word' id='word_1_624' title='bbox 2881 3498 2992 3551; x_wconf 71' lang='lat' dir='ltr'><strong>pra:</strong></span> <span class='ocrx_word' id='word_1_625' title='bbox 3024 3483 3187 3537; x_wconf 77' lang='lat' dir='ltr'><strong>tzedio</strong></span> <span class='ocrx_word' id='word_1_626' title='bbox 3219 3485 3476 3540; x_wconf 78' lang='lat' dir='ltr'><strong>clamavit</strong></span> <span class='ocrx_word' id='word_1_627' title='bbox 3508 3487 3576 3540; x_wconf 85' lang='lat' dir='ltr'><strong>ad</strong></span> 
     </span>
    </p>
   </div>
   <div class='ocr_carea' id='block_1_83' title="bbox 2003 3571 3576 3640">
    <p class='ocr_par' dir='ltr' id='par_1_83' title="bbox 2003 3571 3576 3640">
     <span class='ocr_line' id='line_1_83' title="bbox 2003 3571 3576 3640; baseline 0.002 -15"><span class='ocrx_word' id='word_1_628' title='bbox 2003 3581 2076 3625; x_wconf 85' lang='lat' dir='ltr'><strong>te.</strong></span> <span class='ocrx_word' id='word_1_629' title='bbox 2111 3572 2191 3627; x_wconf 83' lang='lat' dir='ltr'><strong>Ne</strong></span> <span class='ocrx_word' id='word_1_630' title='bbox 2225 3571 2394 3635; x_wconf 91' lang='lat' dir='ltr'><strong>sinas,</strong></span> <span class='ocrx_word' id='word_1_631' title='bbox 2432 3579 2799 3640; x_wconf 60' lang='lat' dir='ltr'><strong>praeterquam</strong></span> <span class='ocrx_word' id='word_1_632' title='bbox 2835 3585 3080 3638; x_wconf 86' lang='lat' dir='ltr'><strong>possum,</strong></span> <span class='ocrx_word' id='word_1_633' title='bbox 3115 3587 3202 3626; x_wconf 88' lang='lat' dir='ltr'><strong>me</strong></span> <span class='ocrx_word' id='word_1_634' title='bbox 3229 3574 3450 3632; x_wconf 75' lang='lat' dir='ltr'><strong>tentari.</strong></span> <span class='ocrx_word' id='word_1_635' title='bbox 3480 3575 3576 3629; x_wconf 84' lang='lat' dir='ltr'><strong>sed</strong></span> 
     </span>
    </p>
   </div>
   <div class='ocr_carea' id='block_1_84' title="bbox 2001 3659 3575 3732">
    <p class='ocr_par' dir='ltr' id='par_1_84' title="bbox 2001 3659 3575 3732">
     <span class='ocr_line' id='line_1_84' title="bbox 2001 3659 3575 3732; baseline 0.002 -16"><span class='ocrx_word' id='word_1_636' title='bbox 2001 3662 2087 3717; x_wconf 79' lang='lat' dir='ltr'><strong>fac</strong></span> <span class='ocrx_word' id='word_1_637' title='bbox 2128 3681 2145 3713; x_wconf 75' lang='grc' dir='ltr'><strong>ι</strong></span> <span class='ocrx_word' id='word_1_638' title='bbox 2183 3677 2306 3717; x_wconf 92' lang='lat' dir='ltr'><strong>cum</strong></span> <span class='ocrx_word' id='word_1_639' title='bbox 2338 3660 2644 3714; x_wconf 89' lang='lat' dir='ltr'><strong>tentatione</strong></span> <span class='ocrx_word' id='word_1_640' title='bbox 2679 3659 2878 3713; x_wconf 73' lang='lat' dir='ltr'><strong>ietiam</strong></span> <span class='ocrx_word' id='word_1_641' title='bbox 2915 3678 2933 3710; x_wconf 82' lang='grc' dir='ltr'><strong>ι</strong></span> <span class='ocrx_word' id='word_1_642' title='bbox 2960 3660 3170 3714; x_wconf 78' lang='lat' dir='ltr'><strong>exitum</strong></span> <span class='ocrx_word' id='word_1_643' title='bbox 3207 3681 3223 3713; x_wconf 78' lang='grc' dir='ltr'><strong>ι</strong></span> <span class='ocrx_word' id='word_1_644' title='bbox 3279 3672 3338 3716; x_wconf 86' lang='grc' dir='ltr'><strong>ιιι</strong></span> <span class='ocrx_word' id='word_1_645' title='bbox 3367 3665 3575 3732; x_wconf 90' lang='lat' dir='ltr'><strong>possim</strong></span> 
     </span>
    </p>
   </div>
   <div class='ocr_carea' id='block_1_85' title="bbox 2003 3752 3577 3824">
    <p class='ocr_par' dir='ltr' id='par_1_85' title="bbox 2003 3752 3577 3824">
     <span class='ocr_line' id='line_1_85' title="bbox 2003 3752 3577 3824; baseline 0.001 -15"><span class='ocrx_word' id='word_1_646' title='bbox 2003 3755 2301 3809; x_wconf 86' lang='lat' dir='ltr'><strong>sustinere.</strong></span> <span class='ocrx_word' id='word_1_647' title='bbox 2331 3754 2537 3824; x_wconf 77' lang='lat'><strong>1071</strong></span> <span class='ocrx_word' id='word_1_648' title='bbox 2567 3753 2732 3822; x_wconf 87' lang='lat' dir='ltr'><strong>Eripe</strong></span> <span class='ocrx_word' id='word_1_649' title='bbox 2781 3767 2868 3806; x_wconf 89' lang='lat' dir='ltr'><strong>me</strong></span> <span class='ocrx_word' id='word_1_650' title='bbox 2908 3752 2978 3806; x_wconf 88' lang='lat' dir='ltr'><strong>ab</strong></span> <span class='ocrx_word' id='word_1_651' title='bbox 3024 3752 3143 3807; x_wconf 90' lang='lat' dir='ltr'><strong>istis</strong></span> <span class='ocrx_word' id='word_1_652' title='bbox 3201 3753 3577 3811; x_wconf 87' lang='lat' dir='ltr'><strong>indecentium</strong></span> 
     </span>
    </p>
   </div>
   <div class='ocr_carea' id='block_1_86' title="bbox 2003 3843 3578 3916">
    <p class='ocr_par' dir='ltr' id='par_1_86' title="bbox 2003 3843 3578 3916">
     <span class='ocr_line' id='line_1_86' title="bbox 2003 3843 3578 3916; baseline 0.001 -16"><span class='ocrx_word' id='word_1_653' title='bbox 2003 3855 2170 3915; x_wconf 88' lang='lat' dir='ltr'><strong>atque</strong></span> <span class='ocrx_word' id='word_1_654' title='bbox 2197 3845 2576 3916; x_wconf 83' lang='lat' dir='ltr'><strong>improbarum</strong></span> <span class='ocrx_word' id='word_1_655' title='bbox 2599 3843 2996 3912; x_wconf 78' lang='lat' dir='ltr'><strong>cogitationum</strong></span> <span class='ocrx_word' id='word_1_656' title='bbox 3021 3844 3401 3900; x_wconf 79' lang='lat' dir='ltr'><strong>vibramentis.</strong></span> <span class='ocrx_word' id='word_1_657' title='bbox 3432 3847 3578 3902; x_wconf 84' lang='lat' dir='ltr'><strong>Con-</strong></span> 
     </span>
    </p>
   </div>
   <div class='ocr_carea' id='block_1_87' title="bbox 2003 3935 3578 4012">
    <p class='ocr_par' dir='ltr' id='par_1_87' title="bbox 2003 3935 3578 4012">
     <span class='ocr_line' id='line_1_87' title="bbox 2003 3935 3578 4012; baseline 0.001 -20"><span class='ocrx_word' id='word_1_658' title='bbox 2003 3947 2156 3993; x_wconf 80' lang='lat' dir='ltr'><strong>verte</strong></span> <span class='ocrx_word' id='word_1_659' title='bbox 2190 3953 2277 3993; x_wconf 91' lang='lat' dir='ltr'><strong>me</strong></span> <span class='ocrx_word' id='word_1_660' title='bbox 2322 3937 2374 3992; x_wconf 92' lang='lat' dir='ltr'><strong>in</strong></span> <span class='ocrx_word' id='word_1_661' title='bbox 2399 3937 2802 4012; x_wconf 47' lang='lat' dir='ltr'><strong>viam/rectam,</strong></span> <span class='ocrx_word' id='word_1_662' title='bbox 2839 3952 2946 4007; x_wconf 88' lang='lat' dir='ltr'><strong>qua</strong></span> <span class='ocrx_word' id='word_1_663' title='bbox 2977 3935 3044 3991; x_wconf 87' lang='lat' dir='ltr'><strong>ad</strong></span> <span class='ocrx_word' id='word_1_664' title='bbox 3075 3937 3414 4007; x_wconf 81' lang='lat' dir='ltr'><strong>agnitionem</strong></span> <span class='ocrx_word' id='word_1_665' title='bbox 3450 3955 3578 4008; x_wconf 79' lang='lat' dir='ltr'><strong>pro-</strong></span> 
     </span>
    </p>
   </div>
   <div class='ocr_carea' id='block_1_88' title="bbox 2003 4026 3582 4084">
    <p class='ocr_par' dir='ltr' id='par_1_88' title="bbox 2003 4026 3582 4084">
     <span class='ocr_line' id='line_1_88' title="bbox 2003 4026 3582 4084; baseline 0 -2"><span class='ocrx_word' id='word_1_666' title='bbox 2003 4029 2174 4084; x_wconf 86' lang='lat' dir='ltr'><strong>vehar</strong></span> <span class='ocrx_word' id='word_1_667' title='bbox 2206 4028 2479 4084; x_wconf 77' lang='lat' dir='ltr'><strong>veritatis.</strong></span> <span class='ocrx_word' id='word_1_668' title='bbox 2525 4027 2781 4083; x_wconf 86' lang='lat' dir='ltr'><strong>Concede</strong></span> <span class='ocrx_word' id='word_1_669' title='bbox 2810 4026 2947 4082; x_wconf 87' lang='lat' dir='ltr'><strong>mihi</strong></span> <span class='ocrx_word' id='word_1_670' title='bbox 2991 4027 3048 4082; x_wconf 89' lang='lat' dir='ltr'><strong>in</strong></span> <span class='ocrx_word' id='word_1_671' title='bbox 3085 4027 3405 4084; x_wconf 85' lang='lat' dir='ltr'><strong>sinceritate</strong></span> <span class='ocrx_word' id='word_1_672' title='bbox 3453 4043 3582 4082; x_wconf 74' lang='lat' dir='ltr'><strong>con-</strong></span> 
     </span>
    </p>
   </div>
   <div class='ocr_carea' id='block_1_89' title="bbox 2003 4119 3581 4192">
    <p class='ocr_par' dir='ltr' id='par_1_89' title="bbox 2003 4119 3581 4192">
     <span class='ocr_line' id='line_1_89' title="bbox 2003 4119 3581 4192; baseline 0.001 -16"><span class='ocrx_word' id='word_1_673' title='bbox 2003 4120 2248 4176; x_wconf 66' lang='lat' dir='ltr'><strong>scientiae</strong></span> <span class='ocrx_word' id='word_1_674' title='bbox 2279 4136 2515 4192; x_wconf 89' lang='lat' dir='ltr'><strong>cumque</strong></span> <span class='ocrx_word' id='word_1_675' title='bbox 2546 4119 2697 4175; x_wconf 90' lang='lat' dir='ltr'><strong>omni</strong></span> <span class='ocrx_word' id='word_1_676' title='bbox 2735 4119 2936 4176; x_wconf 85' lang='lat' dir='ltr'><strong>ﬁducia</strong></span> <span class='ocrx_word' id='word_1_677' title='bbox 2963 4135 3158 4190; x_wconf 89' lang='lat' dir='ltr'><strong>puram</strong></span> <span class='ocrx_word' id='word_1_678' title='bbox 3187 4119 3285 4175; x_wconf 87' lang='lat' dir='ltr'><strong>tibi</strong></span> <span class='ocrx_word' id='word_1_679' title='bbox 3315 4121 3581 4177; x_wconf 80' lang='lat' dir='ltr'><strong>exhibere</strong></span> 
     </span>
    </p>
   </div>
   <div class='ocr_carea' id='block_1_90' title="bbox 2005 4211 3583 4277">
    <p class='ocr_par' dir='ltr' id='par_1_90' title="bbox 2005 4211 3583 4277">
     <span class='ocr_line' id='line_1_90' title="bbox 2005 4211 3583 4277; baseline 0.001 -10"><span class='ocrx_word' id='word_1_680' title='bbox 2005 4213 2330 4268; x_wconf 78' lang='lat' dir='ltr'><strong>servitutem</strong></span> <span class='ocrx_word' id='word_1_681' title='bbox 2358 4211 2524 4274; x_wconf 73' lang='lat' dir='ltr'><strong>corde</strong></span> <span class='ocrx_word' id='word_1_682' title='bbox 2558 4211 2861 4277; x_wconf 79' lang='lat' dir='ltr'><strong>indivulso,</strong></span> <span class='ocrx_word' id='word_1_683' title='bbox 2906 4212 3170 4266; x_wconf 90' lang='lat' dir='ltr'><strong>omnibus</strong></span> <span class='ocrx_word' id='word_1_684' title='bbox 3219 4211 3420 4267; x_wconf 85' lang='lat' dir='ltr'><strong>diebus</strong></span> <span class='ocrx_word' id='word_1_685' title='bbox 3456 4213 3583 4269; x_wconf 70' lang='lat' dir='ltr'><strong>vitae</strong></span> 
     </span>
    </p>
   </div>
   <div class='ocr_carea' id='block_1_91' title="bbox 2005 4303 3584 4376">
    <p class='ocr_par' dir='ltr' id='par_1_91' title="bbox 2005 4303 3584 4376">
     <span class='ocr_line' id='line_1_91' title="bbox 2005 4303 3584 4376; baseline 0 -18"><span class='ocrx_word' id='word_1_686' title='bbox 2005 4321 2164 4359; x_wconf 64' lang='lat' dir='ltr'><strong>more.</strong></span> <span class='ocrx_word' id='word_1_687' title='bbox 2203 4304 2405 4368; x_wconf 83' lang='lat' dir='ltr'><strong>Etiam,</strong></span> <span class='ocrx_word' id='word_1_688' title='bbox 2445 4303 2674 4358; x_wconf 86' lang='lat' dir='ltr'><strong>Domine</strong></span> <span class='ocrx_word' id='word_1_689' title='bbox 2721 4304 2796 4358; x_wconf 91' lang='lat' dir='ltr'><strong>mi</strong></span> <span class='ocrx_word' id='word_1_690' title='bbox 2849 4303 2982 4360; x_wconf 77' lang='lat' dir='ltr'><strong>Jcsu</strong></span> <span class='ocrx_word' id='word_1_691' title='bbox 3027 4303 3270 4369; x_wconf 84' lang='lat' dir='ltr'><strong>Christe,</strong></span> <span class='ocrx_word' id='word_1_692' title='bbox 3308 4304 3481 4376; x_wconf 78' lang='lat' dir='ltr'><strong>figura</strong></span> <span class='ocrx_word' id='word_1_693' title='bbox 3526 4314 3584 4360; x_wconf 92' lang='lat' dir='ltr'><strong>et</strong></span> 
     </span>
    </p>
   </div>
   <div class='ocr_carea' id='block_1_92' title="bbox 323 4389 1891 4479">
    <p class='ocr_par' dir='ltr' id='par_1_92' title="bbox 323 4393 1891 4469">
     <span class='ocr_line' id='line_1_92' title="bbox 323 4393 1891 4469; baseline 0.004 -23"><span class='ocrx_word' id='word_1_694' title='bbox 323 4394 425 4447; x_wconf 73' lang='grc' dir='ltr'><strong>καὶ</strong></span> <span class='ocrx_word' id='word_1_695' title='bbox 467 4394 744 4464; x_wconf 81' lang='grc' dir='ltr'>πανταχοῦ</span> <span class='ocrx_word' id='word_1_696' title='bbox 777 4393 989 4464; x_wconf 85' lang='grc' dir='ltr'>παρὼν,</span> <span class='ocrx_word' id='word_1_697' title='bbox 1029 4397 1124 4449; x_wconf 78' lang='grc' dir='ltr'><strong>καὶ</strong></span> <span class='ocrx_word' id='word_1_698' title='bbox 1157 4397 1428 4466; x_wconf 82' lang='grc' dir='ltr'>περιέχων</span> <span class='ocrx_word' id='word_1_699' title='bbox 1460 4395 1553 4450; x_wconf 77' lang='grc' dir='ltr'>καὶ</span> <span class='ocrx_word' id='word_1_700' title='bbox 1583 4395 1808 4469; x_wconf 85' lang='grc' dir='ltr'>πληρῶν</span> <span class='ocrx_word' id='word_1_701' title='bbox 1837 4400 1891 4454; x_wconf 69' lang='grc' dir='ltr'><strong><em>τὲ</em></strong></span> 
     </span>
    </p>
   </div>
   <div class='ocr_carea' id='block_1_93' title="bbox 1993 4389 3582 4479">
    <p class='ocr_par' dir='ltr' id='par_1_93' title="bbox 2009 4395 3582 4479">
     <span class='ocr_line' id='line_1_93' title="bbox 2009 4395 3582 4479; baseline -0.001 -28"><span class='ocrx_word' id='word_1_702' title='bbox 2009 4396 2274 4467; x_wconf 89' lang='lat' dir='ltr'><strong>splendor</strong></span> <span class='ocrx_word' id='word_1_703' title='bbox 2306 4395 2587 4451; x_wconf 87' lang='lat' dir='ltr'><strong>benedicti</strong></span> <span class='ocrx_word' id='word_1_704' title='bbox 2612 4395 2794 4479; x_wconf 83' lang='lat' dir='ltr'><strong>Patris</strong></span> <span class='ocrx_word' id='word_1_705' title='bbox 2824 4397 2924 4462; x_wconf 91' lang='lat' dir='ltr'><strong>tui,</strong></span> <span class='ocrx_word' id='word_1_706' title='bbox 2956 4395 3051 4466; x_wconf 90' lang='lat' dir='ltr'><strong>qui</strong></span> <span class='ocrx_word' id='word_1_707' title='bbox 3080 4396 3348 4452; x_wconf 88' lang='lat' dir='ltr'><strong>cordibus</strong></span> <span class='ocrx_word' id='word_1_708' title='bbox 3374 4397 3582 4452; x_wconf 80' lang='lat' dir='ltr'><strong>nostris</strong></span> 
     </span>
    </p>
   </div>
   <div class='ocr_carea' id='block_1_94' title="bbox 328 4487 1906 4562">
    <p class='ocr_par' dir='ltr' id='par_1_94' title="bbox 328 4487 1906 4562">
     <span class='ocr_line' id='line_1_94' title="bbox 328 4487 1906 4562; baseline 0.005 -24"><span class='ocrx_word' id='word_1_709' title='bbox 328 4487 534 4545; x_wconf 73' lang='grc' dir='ltr'>πάντα,</span> <span class='ocrx_word' id='word_1_710' title='bbox 581 4488 756 4556; x_wconf 87' lang='grc' dir='ltr'>Ἰησοῦ</span> <span class='ocrx_word' id='word_1_711' title='bbox 804 4487 1010 4557; x_wconf 80' lang='grc' dir='ltr'>Χριστέ</span> <span class='ocrx_word' id='word_1_712' title='bbox 1042 4487 1145 4542; x_wconf 86' lang='grc' dir='ltr'>Θεέ</span> <span class='ocrx_word' id='word_1_713' title='bbox 1175 4495 1269 4542; x_wconf 79' lang='grc' dir='ltr'>καὶ</span> <span class='ocrx_word' id='word_1_714' title='bbox 1301 4487 1495 4562; x_wconf 82' lang='grc' dir='ltr'>Κύριε,</span> <span class='ocrx_word' id='word_1_715' title='bbox 1540 4491 1604 4543; x_wconf 76' lang='grc' dir='ltr'><strong>σὺ</strong></span> <span class='ocrx_word' id='word_1_716' title='bbox 1635 4495 1754 4555; x_wconf 87' lang='grc' dir='ltr'>ταῖς</span> <span class='ocrx_word' id='word_1_717' title='bbox 1786 4496 1906 4555; x_wconf 75' lang='grc' dir='ltr'>σαῖς</span> 
     </span>
    </p>
   </div>
   <div class='ocr_carea' id='block_1_95' title="bbox 2009 4487 3584 4559">
    <p class='ocr_par' dir='ltr' id='par_1_95' title="bbox 2009 4487 3584 4559">
     <span class='ocr_line' id='line_1_95' title="bbox 2009 4487 3584 4559; baseline 0.001 -17"><span class='ocrx_word' id='word_1_718' title='bbox 2009 4487 2200 4542; x_wconf 83' lang='lat' dir='ltr'><strong>divina</strong></span> <span class='ocrx_word' id='word_1_719' title='bbox 2233 4487 2455 4557; x_wconf 86' lang='lat' dir='ltr'><strong>eloquia</strong></span> <span class='ocrx_word' id='word_1_720' title='bbox 2483 4487 2654 4557; x_wconf 76' lang='lat' dir='ltr'><strong>quasi</strong></span> <span class='ocrx_word' id='word_1_721' title='bbox 2683 4487 2895 4542; x_wconf 86' lang='lat' dir='ltr'><strong>semina</strong></span> <span class='ocrx_word' id='word_1_722' title='bbox 2923 4488 3233 4559; x_wconf 65' lang='lat' dir='ltr'><strong>inspirasti,</strong></span> <span class='ocrx_word' id='word_1_723' title='bbox 3263 4489 3584 4544; x_wconf 87' lang='lat' dir='ltr'><strong>misericors</strong></span> 
     </span>
    </p>
   </div>
   <div class='ocr_carea' id='block_1_96' title="bbox 321 4578 1891 4653">
    <p class='ocr_par' dir='ltr' id='par_1_96' title="bbox 321 4578 1891 4653">
     <span class='ocr_line' id='line_1_96' title="bbox 321 4578 1891 4653; baseline 0.004 -23"><span class='ocrx_word' id='word_1_724' title='bbox 321 4578 562 4648; x_wconf 75' lang='grc' dir='ltr'>δωρεαῖς</span> <span class='ocrx_word' id='word_1_725' title='bbox 602 4579 696 4631; x_wconf 75' lang='grc' dir='ltr'><strong>καὶ</strong></span> <span class='ocrx_word' id='word_1_726' title='bbox 733 4578 810 4648; x_wconf 86' lang='grc' dir='ltr'>τῷ</span> <span class='ocrx_word' id='word_1_727' title='bbox 845 4578 924 4649; x_wconf 87' lang='grc' dir='ltr'>σῷ</span> <span class='ocrx_word' id='word_1_728' title='bbox 961 4580 1100 4633; x_wconf 82' lang='grc' dir='ltr'>ἐλέει</span> <span class='ocrx_word' id='word_1_729' title='bbox 1142 4581 1443 4653; x_wconf 87' lang='grc' dir='ltr'>περίσκεπε</span> <span class='ocrx_word' id='word_1_730' title='bbox 1476 4583 1622 4652; x_wconf 79' lang='grc' dir='ltr'>ἡμᾶς</span> <span class='ocrx_word' id='word_1_731' title='bbox 1655 4583 1781 4644; x_wconf 80' lang='grc' dir='ltr'>τοὺς</span> <span class='ocrx_word' id='word_1_732' title='bbox 1815 4586 1891 4637; x_wconf 84' lang='grc' dir='ltr'><strong>ἐπ</strong></span> 
     </span>
    </p>
   </div>
   <div class='ocr_carea' id='block_1_97' title="bbox 1993 4578 3585 4653">
    <p class='ocr_par' dir='ltr' id='par_1_97' title="bbox 2004 4581 3585 4651">
     <span class='ocr_line' id='line_1_97' title="bbox 2004 4581 3585 4651; baseline 0 -13"><span class='ocrx_word' id='word_1_733' title='bbox 2004 4591 2062 4638; x_wconf 86' lang='lat' dir='ltr'><strong>et</strong></span> <span class='ocrx_word' id='word_1_734' title='bbox 2081 4583 2330 4640; x_wconf 90' lang='lat' dir='ltr'><strong>clemens</strong></span> <span class='ocrx_word' id='word_1_735' title='bbox 2364 4581 2656 4636; x_wconf 89' lang='lat' dir='ltr'><strong>hominum</strong></span> <span class='ocrx_word' id='word_1_736' title='bbox 2691 4590 2928 4647; x_wconf 89' lang='lat' dir='ltr'><strong>amator,</strong></span> <span class='ocrx_word' id='word_1_737' title='bbox 2978 4581 3072 4651; x_wconf 90' lang='lat' dir='ltr'><strong>qui</strong></span> <span class='ocrx_word' id='word_1_738' title='bbox 3103 4581 3172 4636; x_wconf 87' lang='lat' dir='ltr'><strong>de</strong></span> <span class='ocrx_word' id='word_1_739' title='bbox 3228 4581 3393 4639; x_wconf 84' lang='lat' dir='ltr'><strong>nobis</strong></span> <span class='ocrx_word' id='word_1_740' title='bbox 3432 4582 3585 4638; x_wconf 86' lang='lat' dir='ltr'><strong>solus</strong></span> 
     </span>
    </p>
   </div>
   <div class='ocr_carea' id='block_1_98' title="bbox 233 4670 1903 4744">
    <p class='ocr_par' dir='ltr' id='par_1_98' title="bbox 233 4670 1903 4744">
     <span class='ocr_line' id='line_1_98' title="bbox 233 4670 1903 4744; baseline 0.002 -22"><span class='ocrx_word' id='word_1_741' title='bbox 233 4728 248 4740; x_wconf 40' lang='grc' dir='ltr'><em>ι</em></span> <span class='ocrx_word' id='word_1_742' title='bbox 322 4687 388 4723; x_wconf 85' lang='grc' dir='ltr'><strong>σε</strong></span> <span class='ocrx_word' id='word_1_743' title='bbox 423 4670 765 4735; x_wconf 78' lang='grc' dir='ltr'>ἐλπίζοντας,</span> <span class='ocrx_word' id='word_1_744' title='bbox 798 4674 826 4727; x_wconf 89' lang='lat'><strong>6</strong></span> <span class='ocrx_word' id='word_1_745' title='bbox 855 4674 1222 4742; x_wconf 82' lang='grc' dir='ltr'>ἐπιστάμενος</span> <span class='ocrx_word' id='word_1_746' title='bbox 1253 4673 1497 4744; x_wconf 74' lang='grc' dir='ltr'>ἀκριϐῶς</span> <span class='ocrx_word' id='word_1_747' title='bbox 1525 4671 1621 4728; x_wconf 84' lang='grc' dir='ltr'><strong>τοῦ</strong></span> <span class='ocrx_word' id='word_1_748' title='bbox 1653 4675 1903 4744; x_wconf 86' lang='grc' dir='ltr'>πανταχῇ</span> 
     </span>
    </p>
   </div>
   <div class='ocr_carea' id='block_1_99' title="bbox 323 4764 1906 4835">
    <p class='ocr_par' dir='ltr' id='par_1_99' title="bbox 323 4764 1906 4835">
     <span class='ocr_line' id='line_1_99' title="bbox 323 4764 1906 4835; baseline 0.002 -20"><span class='ocrx_word' id='word_1_749' title='bbox 323 4764 484 4833; x_wconf 76' lang='grc' dir='ltr'>ἡμῶν</span> <span class='ocrx_word' id='word_1_750' title='bbox 523 4764 797 4818; x_wconf 79' lang='grc' dir='ltr'>ἀντιδίκου</span> <span class='ocrx_word' id='word_1_751' title='bbox 843 4765 948 4827; x_wconf 84' lang='grc' dir='ltr'>τὰς</span> <span class='ocrx_word' id='word_1_752' title='bbox 986 4765 1206 4835; x_wconf 85' lang='grc' dir='ltr'>τέχνας,</span> <span class='ocrx_word' id='word_1_753' title='bbox 1243 4765 1344 4828; x_wconf 84' lang='grc' dir='ltr'>τὰς</span> <span class='ocrx_word' id='word_1_754' title='bbox 1375 4764 1641 4835; x_wconf 81' lang='grc' dir='ltr'>ἐπηρείας</span> <span class='ocrx_word' id='word_1_755' title='bbox 1689 4765 1755 4828; x_wconf 82' lang='grc' dir='ltr'>ἃς</span> <span class='ocrx_word' id='word_1_756' title='bbox 1784 4766 1906 4819; x_wconf 81' lang='grc' dir='ltr'>καθ’</span> 
     </span>
    </p>
   </div>
   <div class='ocr_carea' id='block_1_100' title="bbox 323 4855 1903 4928">
    <p class='ocr_par' dir='ltr' id='par_1_100' title="bbox 323 4855 1903 4928">
     <span class='ocr_line' id='line_1_100' title="bbox 323 4855 1903 4928; baseline 0.001 -21"><span class='ocrx_word' id='word_1_757' title='bbox 323 4855 484 4925; x_wconf 74' lang='grc' dir='ltr'>ἡμῶν</span> <span class='ocrx_word' id='word_1_758' title='bbox 514 4855 876 4910; x_wconf 73' lang='grc' dir='ltr'>ἐπιϐουλεύει.</span> <span class='ocrx_word' id='word_1_759' title='bbox 912 4856 1110 4928; x_wconf 78' lang='grc' dir='ltr'>Κύριε,</span> <span class='ocrx_word' id='word_1_760' title='bbox 1163 4858 1227 4911; x_wconf 78' lang='grc' dir='ltr'><strong>σὺ</strong></span> <span class='ocrx_word' id='word_1_761' title='bbox 1277 4856 1438 4926; x_wconf 83' lang='grc' dir='ltr'>μόνος</span> <span class='ocrx_word' id='word_1_762' title='bbox 1470 4855 1740 4926; x_wconf 84' lang='grc' dir='ltr'>βοήθησον</span> <span class='ocrx_word' id='word_1_763' title='bbox 1768 4858 1903 4926; x_wconf 77' lang='grc' dir='ltr'>ἡμῖν</span> 
     </span>
    </p>
   </div>
   <div class='ocr_carea' id='block_1_101' title="bbox 323 4944 1898 5016">
    <p class='ocr_par' dir='ltr' id='par_1_101' title="bbox 323 4944 1898 5016">
     <span class='ocr_line' id='line_1_101' title="bbox 323 4944 1898 5016; baseline 0.002 -21"><span class='ocrx_word' id='word_1_764' title='bbox 323 4945 384 4995; x_wconf 83' lang='grc' dir='ltr'><strong>ἐν</strong></span> <span class='ocrx_word' id='word_1_765' title='bbox 403 4948 468 5015; x_wconf 73' lang='grc' dir='ltr'>τῇ</span> <span class='ocrx_word' id='word_1_766' title='bbox 493 4946 768 5015; x_wconf 80' lang='grc' dir='ltr'>ἐπισκοπῇ</span> <span class='ocrx_word' id='word_1_767' title='bbox 805 4961 901 4998; x_wconf 90' lang='grc' dir='ltr'><strong>σου</strong></span> <span class='ocrx_word' id='word_1_768' title='bbox 931 4949 997 5016; x_wconf 79' lang='grc' dir='ltr'>τῇ</span> <span class='ocrx_word' id='word_1_769' title='bbox 1031 4945 1183 5015; x_wconf 68' lang='grc' dir='ltr'>ἁγίᾳ.</span> <span class='ocrx_word' id='word_1_770' title='bbox 1217 4946 1328 5000; x_wconf 71' lang='grc' dir='ltr'><strong>Καὶ</strong></span> <span class='ocrx_word' id='word_1_771' title='bbox 1361 4946 1450 4998; x_wconf 83' lang='grc' dir='ltr'><strong>ὅτε</strong></span> <span class='ocrx_word' id='word_1_772' title='bbox 1479 4944 1700 5014; x_wconf 74' lang='grc' dir='ltr'>ἁνεθῇς,</span> <span class='ocrx_word' id='word_1_773' title='bbox 1733 4944 1858 5012; x_wconf 83' lang='grc' dir='ltr'>λέγε</span> <span class='ocrx_word' id='word_1_774' title='bbox 1886 4961 1898 4975; x_wconf 83' lang='grc'><strong>’</strong></span> 
     </span>
    </p>
   </div>
   <div class='ocr_carea' id='block_1_102' title="bbox 323 5031 1902 5107">
    <p class='ocr_par' dir='ltr' id='par_1_102' title="bbox 323 5031 1902 5107">
     <span class='ocr_line' id='line_1_102' title="bbox 323 5031 1902 5107; baseline 0 -19"><span class='ocrx_word' id='word_1_775' title='bbox 323 5031 479 5098; x_wconf 83' lang='grc' dir='ltr'>οἶδα,</span> <span class='ocrx_word' id='word_1_776' title='bbox 512 5037 760 5088; x_wconf 86' lang='grc' dir='ltr'>Δέσποτα</span> <span class='ocrx_word' id='word_1_777' title='bbox 787 5036 1070 5107; x_wconf 81' lang='grc' dir='ltr'>φιλόψυχε,</span> <span class='ocrx_word' id='word_1_778' title='bbox 1100 5036 1181 5088; x_wconf 83' lang='grc' dir='ltr'>ὅτι</span> <span class='ocrx_word' id='word_1_779' title='bbox 1217 5055 1236 5086; x_wconf 77' lang='grc' dir='ltr'><strong>ι</strong></span> <span class='ocrx_word' id='word_1_780' title='bbox 1259 5035 1348 5089; x_wconf 85' lang='grc' dir='ltr'><strong>Ἐν</strong></span> <span class='ocrx_word' id='word_1_781' title='bbox 1376 5035 1454 5107; x_wconf 85' lang='grc' dir='ltr'>τῷ</span> <span class='ocrx_word' id='word_1_782' title='bbox 1477 5036 1770 5106; x_wconf 82' lang='grc' dir='ltr'>ἀκηδιάσαι</span> <span class='ocrx_word' id='word_1_783' title='bbox 1803 5037 1902 5107; x_wconf 76' lang='grc' dir='ltr'><strong>τὴν</strong></span> 
     </span>
    </p>
   </div>
   <div class='ocr_carea' id='block_1_103' title="bbox 323 5124 1899 5198">
    <p class='ocr_par' dir='ltr' id='par_1_103' title="bbox 323 5124 1899 5198">
     <span class='ocr_line' id='line_1_103' title="bbox 323 5124 1899 5198; baseline 0.001 -21"><span class='ocrx_word' id='word_1_784' title='bbox 323 5124 555 5193; x_wconf 86' lang='grc' dir='ltr'>καρδίαν</span> <span class='ocrx_word' id='word_1_785' title='bbox 602 5143 706 5194; x_wconf 87' lang='grc' dir='ltr'><strong>μου</strong></span> <span class='ocrx_word' id='word_1_786' title='bbox 755 5128 812 5179; x_wconf 87' lang='grc' dir='ltr'><strong>ἐν</strong></span> <span class='ocrx_word' id='word_1_787' title='bbox 853 5127 1034 5198; x_wconf 72' lang='grc' dir='ltr'>πέτρᾳ</span> <span class='ocrx_word' id='word_1_788' title='bbox 1083 5125 1308 5195; x_wconf 71' lang='grc' dir='ltr'>ῦψωσάς</span> <span class='ocrx_word' id='word_1_789' title='bbox 1357 5144 1447 5198; x_wconf 84' lang='grc' dir='ltr'><strong>με,</strong></span> <span class='ocrx_word' id='word_1_790' title='bbox 1479 5127 1775 5198; x_wconf 74' lang='grc' dir='ltr'>ῶρήγησάς</span> <span class='ocrx_word' id='word_1_791' title='bbox 1811 5144 1899 5195; x_wconf 86' lang='grc' dir='ltr'><strong>με,</strong></span> 
     </span>
    </p>
   </div>
   <div class='ocr_carea' id='block_1_104' title="bbox 321 5216 1903 5290">
    <p class='ocr_par' dir='ltr' id='par_1_104' title="bbox 321 5216 1903 5290">
     <span class='ocr_line' id='line_1_104' title="bbox 321 5216 1903 5290; baseline 0.002 -22"><span class='ocrx_word' id='word_1_792' title='bbox 321 5216 703 5288; x_wconf 66' lang='grc' dir='ltr'>δηιγενήθης</span> <span class='ocrx_word' id='word_1_793' title='bbox 757 5216 920 5282; x_wconf 87' lang='grc' dir='ltr'>ἐλπίς</span> <span class='ocrx_word' id='word_1_794' title='bbox 979 5236 1104 5290; x_wconf 84' lang='grc' dir='ltr'>μου,</span> <span class='ocrx_word' id='word_1_795' title='bbox 1150 5219 1245 5272; x_wconf 77' lang='grc' dir='ltr'><strong>καὶ</strong></span> <span class='ocrx_word' id='word_1_796' title='bbox 1301 5219 1508 5289; x_wconf 86' lang='grc' dir='ltr'>πύργος</span> <span class='ocrx_word' id='word_1_797' title='bbox 1562 5219 1747 5289; x_wconf 86' lang='grc' dir='ltr'>ίσχύος</span> <span class='ocrx_word' id='word_1_798' title='bbox 1795 5220 1903 5272; x_wconf 77' lang='grc' dir='ltr'>ἀπὸ</span> 
     </span>
    </p>
   </div>
   <div class='ocr_carea' id='block_1_105' title="bbox 321 5301 1902 5381">
    <p class='ocr_par' dir='ltr' id='par_1_105' title="bbox 321 5301 1902 5381">
     <span class='ocr_line' id='line_1_105' title="bbox 321 5301 1902 5381; baseline 0.003 -23"><span class='ocrx_word' id='word_1_799' title='bbox 321 5305 624 5378; x_wconf 80' lang='grc' dir='ltr'>προσώπου</span> <span class='ocrx_word' id='word_1_800' title='bbox 656 5307 880 5379; x_wconf 88' lang='grc' dir='ltr'>ἐχθροῦ.</span> <span class='ocrx_word' id='word_1_801' title='bbox 918 5309 1121 5362; x_wconf 85' lang='grc' dir='ltr'>Λοιπὸν</span> <span class='ocrx_word' id='word_1_802' title='bbox 1153 5311 1479 5381; x_wconf 84' lang='grc' dir='ltr'>παροικήσω</span> <span class='ocrx_word' id='word_1_803' title='bbox 1501 5311 1560 5363; x_wconf 84' lang='grc' dir='ltr'><strong>ἐν</strong></span> <span class='ocrx_word' id='word_1_804' title='bbox 1587 5311 1664 5380; x_wconf 84' lang='grc' dir='ltr'>τῷ</span> <span class='ocrx_word' id='word_1_805' title='bbox 1692 5301 1902 5380; x_wconf 81' lang='grc' dir='ltr'>σκηνῶ-</span> 
     </span>
    </p>
   </div>
   <div class='ocr_carea' id='block_1_106' title="bbox 325 5399 1899 5472">
    <p class='ocr_par' dir='ltr' id='par_1_106' title="bbox 325 5399 1899 5472">
     <span class='ocr_line' id='line_1_106' title="bbox 325 5399 1899 5472; baseline 0 -18"><span class='ocrx_word' id='word_1_806' title='bbox 325 5399 461 5469; x_wconf 81' lang='grc' dir='ltr'>ματί</span> <span class='ocrx_word' id='word_1_807' title='bbox 491 5416 583 5454; x_wconf 87' lang='grc' dir='ltr'><strong>σου</strong></span> <span class='ocrx_word' id='word_1_808' title='bbox 613 5401 693 5464; x_wconf 82' lang='grc' dir='ltr'><strong>είς</strong></span> <span class='ocrx_word' id='word_1_809' title='bbox 717 5400 845 5465; x_wconf 78' lang='grc' dir='ltr'>τοὺς</span> <span class='ocrx_word' id='word_1_810' title='bbox 874 5400 1100 5466; x_wconf 77' lang='grc' dir='ltr'>αἰῶνας,</span> <span class='ocrx_word' id='word_1_811' title='bbox 1123 5402 1219 5455; x_wconf 71' lang='grc' dir='ltr'><strong>καὶ</strong></span> <span class='ocrx_word' id='word_1_812' title='bbox 1247 5403 1710 5472; x_wconf 77' lang='grc' dir='ltr'>σκεπασθήσομαι</span> <span class='ocrx_word' id='word_1_813' title='bbox 1740 5404 1799 5454; x_wconf 83' lang='grc' dir='ltr'><strong>ἐν</strong></span> <span class='ocrx_word' id='word_1_814' title='bbox 1833 5405 1899 5472; x_wconf 83' lang='grc' dir='ltr'>τῇ</span> 
     </span>
    </p>
   </div>
   <div class='ocr_carea' id='block_1_107' title="bbox 321 5493 1900 5566">
    <p class='ocr_par' dir='ltr' id='par_1_107' title="bbox 321 5493 1900 5566">
     <span class='ocr_line' id='line_1_107' title="bbox 321 5493 1900 5566; baseline 0.003 -24"><span class='ocrx_word' id='word_1_815' title='bbox 321 5493 509 5563; x_wconf 78' lang='grc' dir='ltr'>σκέπῃ</span> <span class='ocrx_word' id='word_1_816' title='bbox 541 5493 650 5546; x_wconf 83' lang='grc' dir='ltr'><strong>τῶν</strong></span> <span class='ocrx_word' id='word_1_817' title='bbox 687 5493 974 5566; x_wconf 84' lang='grc' dir='ltr'>πτερύγων</span> <span class='ocrx_word' id='word_1_818' title='bbox 1015 5510 1133 5560; x_wconf 88' lang='grc' dir='ltr'>σου,</span> <span class='ocrx_word' id='word_1_819' title='bbox 1163 5494 1246 5547; x_wconf 82' lang='grc' dir='ltr'><strong>ὅτι</strong></span> <span class='ocrx_word' id='word_1_820' title='bbox 1286 5493 1352 5547; x_wconf 80' lang='grc' dir='ltr'><strong>σὺ</strong></span> <span class='ocrx_word' id='word_1_821' title='bbox 1393 5495 1421 5547; x_wconf 90' lang='lat'><strong>6</strong></span> <span class='ocrx_word' id='word_1_822' title='bbox 1460 5493 1594 5559; x_wconf 85' lang='grc' dir='ltr'>Θεός</span> <span class='ocrx_word' id='word_1_823' title='bbox 1641 5512 1744 5565; x_wconf 84' lang='grc' dir='ltr'><strong>μου</strong></span> <span class='ocrx_word' id='word_1_824' title='bbox 1790 5495 1900 5547; x_wconf 79' lang='grc' dir='ltr'>εἰσ-</span> 
     </span>
    </p>
   </div>
   <div class='ocr_carea' id='block_1_108' title="bbox 2006 4671 3582 4745">
    <p class='ocr_par' dir='ltr' id='par_1_108' title="bbox 2006 4671 3582 4745">
     <span class='ocr_line' id='line_1_108' title="bbox 2006 4671 3582 4745; baseline -0.002 -17"><span class='ocrx_word' id='word_1_825' title='bbox 2006 4690 2172 4745; x_wconf 90' lang='lat' dir='ltr'><strong>quam</strong></span> <span class='ocrx_word' id='word_1_826' title='bbox 2196 4673 2404 4744; x_wconf 87' lang='lat' dir='ltr'><strong>optime</strong></span> <span class='ocrx_word' id='word_1_827' title='bbox 2432 4673 2688 4740; x_wconf 83' lang='lat' dir='ltr'><strong>mereris,</strong></span> <span class='ocrx_word' id='word_1_828' title='bbox 2723 4671 2862 4726; x_wconf 91' lang='lat' dir='ltr'><strong>nihil</strong></span> <span class='ocrx_word' id='word_1_829' title='bbox 2898 4671 3122 4738; x_wconf 79' lang='lat' dir='ltr'><strong>interim</strong></span> <span class='ocrx_word' id='word_1_830' title='bbox 3157 4687 3257 4741; x_wconf 86' lang='lat' dir='ltr'><strong>per</strong></span> <span class='ocrx_word' id='word_1_831' title='bbox 3283 4672 3582 4728; x_wconf 80' lang='lat' dir='ltr'><strong>elationem</strong></span> 
     </span>
    </p>
   </div>
   <div class='ocr_carea' id='block_1_109' title="bbox 2010 4763 3586 4837">
    <p class='ocr_par' dir='ltr' id='par_1_109' title="bbox 2010 4763 3586 4837">
     <span class='ocr_line' id='line_1_109' title="bbox 2010 4763 3586 4837; baseline -0.001 -17"><span class='ocrx_word' id='word_1_832' title='bbox 2010 4767 2110 4822; x_wconf 91' lang='lat' dir='ltr'><strong>tibi</strong></span> <span class='ocrx_word' id='word_1_833' title='bbox 2151 4781 2461 4837; x_wconf 79' lang='lat' dir='ltr'><strong>arrogans;</strong></span> <span class='ocrx_word' id='word_1_834' title='bbox 2496 4764 2590 4836; x_wconf 90' lang='lat' dir='ltr'><strong>qui</strong></span> <span class='ocrx_word' id='word_1_835' title='bbox 2643 4781 2745 4820; x_wconf 90' lang='lat' dir='ltr'><strong>nos</strong></span> <span class='ocrx_word' id='word_1_836' title='bbox 2780 4765 2932 4830; x_wconf 85' lang='lat' dir='ltr'><strong>solus</strong></span> <span class='ocrx_word' id='word_1_837' title='bbox 2965 4765 3141 4820; x_wconf 85' lang='lat' dir='ltr'><strong>donas</strong></span> <span class='ocrx_word' id='word_1_838' title='bbox 3166 4765 3345 4820; x_wconf 89' lang='lat' dir='ltr'><strong>salute</strong></span> <span class='ocrx_word' id='word_1_839' title='bbox 3367 4805 3383 4827; x_wconf 86' lang='lat'><strong>,</strong></span> <span class='ocrx_word' id='word_1_840' title='bbox 3432 4763 3586 4821; x_wconf 85' lang='lat' dir='ltr'><strong>solus</strong></span> 
     </span>
    </p>
   </div>
   <div class='ocr_carea' id='block_1_110' title="bbox 2004 4855 3586 4929">
    <p class='ocr_par' dir='ltr' id='par_1_110' title="bbox 2004 4855 3586 4929">
     <span class='ocr_line' id='line_1_110' title="bbox 2004 4855 3586 4929; baseline -0.002 -17"><span class='ocrx_word' id='word_1_841' title='bbox 2004 4859 2232 4929; x_wconf 88' lang='lat' dir='ltr'><strong>insuper</strong></span> <span class='ocrx_word' id='word_1_842' title='bbox 2261 4857 2480 4928; x_wconf 88' lang='lat' dir='ltr'><strong>justus,</strong></span> <span class='ocrx_word' id='word_1_843' title='bbox 2543 4855 2638 4924; x_wconf 84' lang='lat' dir='ltr'><strong>qui</strong></span> <span class='ocrx_word' id='word_1_844' title='bbox 2675 4871 2896 4924; x_wconf 85' lang='lat' dir='ltr'><strong>semper</strong></span> <span class='ocrx_word' id='word_1_845' title='bbox 2927 4871 2987 4910; x_wconf 82' lang='lat' dir='ltr'><strong>es</strong></span> <span class='ocrx_word' id='word_1_846' title='bbox 3016 4865 3070 4908; x_wconf 83' lang='lat' dir='ltr'><strong>et</strong></span> <span class='ocrx_word' id='word_1_847' title='bbox 3118 4855 3172 4909; x_wconf 92' lang='lat' dir='ltr'><strong>in</strong></span> <span class='ocrx_word' id='word_1_848' title='bbox 3227 4855 3488 4912; x_wconf 87' lang='lat' dir='ltr'><strong>omnibus</strong></span> <span class='ocrx_word' id='word_1_849' title='bbox 3530 4866 3586 4911; x_wconf 74' lang='lat' dir='ltr'><strong>et</strong></span> 
     </span>
    </p>
   </div>
   <div class='ocr_carea' id='block_1_111' title="bbox 2001 4945 3676 5018">
    <p class='ocr_par' dir='ltr' id='par_1_111' title="bbox 2001 4945 3676 5018">
     <span class='ocr_line' id='line_1_111' title="bbox 2001 4945 3676 5018; baseline -0.004 -14"><span class='ocrx_word' id='word_1_850' title='bbox 2001 4949 2212 5017; x_wconf 89' lang='lat' dir='ltr'><strong>ubique</strong></span> <span class='ocrx_word' id='word_1_851' title='bbox 2242 4962 2505 5018; x_wconf 69' lang='lat' dir='ltr'><strong>praesens.</strong></span> <span class='ocrx_word' id='word_1_852' title='bbox 2534 4945 2626 5015; x_wconf 93' lang='lat' dir='ltr'><strong>qui</strong></span> <span class='ocrx_word' id='word_1_853' title='bbox 2655 4946 2833 4999; x_wconf 83' lang='lat' dir='ltr'><strong>ambis</strong></span> <span class='ocrx_word' id='word_1_854' title='bbox 2866 4946 3126 4999; x_wconf 77' lang='lat' dir='ltr'><strong>universa</strong></span> <span class='ocrx_word' id='word_1_855' title='bbox 3155 4945 3447 5015; x_wconf 74' lang='lat' dir='ltr'><strong>complexu</strong></span> <span class='ocrx_word' id='word_1_856' title='bbox 3480 4954 3576 4999; x_wconf 84' lang='lat' dir='ltr'><strong>tuo</strong></span> <span class='ocrx_word' id='word_1_857' title='bbox 3665 4960 3676 5013; x_wconf 45' lang='grc' dir='ltr'><em>ξ</em></span> 
     </span>
    </p>
   </div>
   <div class='ocr_carea' id='block_1_112' title="bbox 3342 5037 3670 5096">
    <p class='ocr_par' dir='ltr' id='par_1_112' title="bbox 3342 5037 3670 5096">
     <span class='ocr_line' id='line_1_112' title="bbox 3342 5037 3670 5096; baseline 0.015 -5"><span class='ocrx_word' id='word_1_858' title='bbox 3342 5037 3487 5092; x_wconf 86' lang='lat' dir='ltr'><strong>idem</strong></span> <span class='ocrx_word' id='word_1_859' title='bbox 3523 5049 3579 5091; x_wconf 80' lang='lat' dir='ltr'><strong>et</strong></span> <span class='ocrx_word' id='word_1_860' title='bbox 3662 5037 3670 5096; x_wconf 76' lang='grc' dir='ltr'>ξ</span> 
     </span>
    </p>
   </div>
   <div class='ocr_carea' id='block_1_113' title="bbox 2000 5035 3288 5108">
    <p class='ocr_par' dir='ltr' id='par_1_113' title="bbox 2000 5035 3288 5108">
     <span class='ocr_line' id='line_1_113' title="bbox 2000 5035 3288 5108; baseline -0.002 -14"><span class='ocrx_word' id='word_1_861' title='bbox 2000 5055 2065 5095; x_wconf 87' lang='lat' dir='ltr'><strong>ac</strong></span> <span class='ocrx_word' id='word_1_862' title='bbox 2096 5039 2310 5108; x_wconf 88' lang='lat' dir='ltr'><strong>imples,</strong></span> <span class='ocrx_word' id='word_1_863' title='bbox 2341 5037 2467 5092; x_wconf 84' lang='lat' dir='ltr'><strong>Jesu</strong></span> <span class='ocrx_word' id='word_1_864' title='bbox 2501 5035 2754 5099; x_wconf 84' lang='lat' dir='ltr'><strong>Christe,</strong></span> <span class='ocrx_word' id='word_1_865' title='bbox 2795 5037 2939 5090; x_wconf 79' lang='lat' dir='ltr'><strong>idem</strong></span> <span class='ocrx_word' id='word_1_866' title='bbox 2977 5038 3243 5093; x_wconf 72' lang='lat' dir='ltr'><strong>Dominus</strong></span> <span class='ocrx_word' id='word_1_867' title='bbox 3274 5080 3288 5102; x_wconf 88' lang='lat'><strong>,</strong></span> 
     </span>
    </p>
   </div>
   <div class='ocr_carea' id='block_1_114' title="bbox 1999 5127 3585 5198">
    <p class='ocr_par' dir='ltr' id='par_1_114' title="bbox 1999 5127 3585 5198">
     <span class='ocr_line' id='line_1_114' title="bbox 1999 5127 3585 5198; baseline 0.001 -14"><span class='ocrx_word' id='word_1_868' title='bbox 1999 5131 2180 5192; x_wconf 84' lang='lat' dir='ltr'><strong>Deus;</strong></span> <span class='ocrx_word' id='word_1_869' title='bbox 2202 5137 2258 5181; x_wconf 88' lang='lat' dir='ltr'><strong>tu</strong></span> <span class='ocrx_word' id='word_1_870' title='bbox 2287 5144 2387 5181; x_wconf 87' lang='lat' dir='ltr'><strong>nos</strong></span> <span class='ocrx_word' id='word_1_871' title='bbox 2409 5128 2518 5180; x_wconf 89' lang='lat' dir='ltr'><strong>tuis</strong></span> <span class='ocrx_word' id='word_1_872' title='bbox 2549 5143 2835 5198; x_wconf 80' lang='lat' dir='ltr'><strong>propugna</strong></span> <span class='ocrx_word' id='word_1_873' title='bbox 2860 5127 3038 5190; x_wconf 86' lang='lat' dir='ltr'><strong>donis,</strong></span> <span class='ocrx_word' id='word_1_874' title='bbox 3075 5140 3164 5183; x_wconf 81' lang='lat' dir='ltr'><strong>tua</strong></span> <span class='ocrx_word' id='word_1_875' title='bbox 3201 5129 3585 5185; x_wconf 81' lang='lat' dir='ltr'><strong>misericordia</strong></span> 
     </span>
    </p>
   </div>
   <div class='ocr_carea' id='block_1_115' title="bbox 2013 5220 3584 5291">
    <p class='ocr_par' dir='ltr' id='par_1_115' title="bbox 2013 5220 3584 5291">
     <span class='ocr_line' id='line_1_115' title="bbox 2013 5220 3584 5291; baseline 0.002 -16"><span class='ocrx_word' id='word_1_876' title='bbox 2013 5231 2188 5283; x_wconf 87' lang='lat' dir='ltr'><strong>tuere,</strong></span> <span class='ocrx_word' id='word_1_877' title='bbox 2223 5221 2351 5291; x_wconf 86' lang='lat' dir='ltr'><strong>quia</strong></span> <span class='ocrx_word' id='word_1_878' title='bbox 2391 5220 2445 5272; x_wconf 90' lang='lat' dir='ltr'><strong>in</strong></span> <span class='ocrx_word' id='word_1_879' title='bbox 2473 5228 2524 5273; x_wconf 90' lang='lat' dir='ltr'><strong>te</strong></span> <span class='ocrx_word' id='word_1_880' title='bbox 2561 5235 2728 5272; x_wconf 87' lang='lat' dir='ltr'><strong>unum</strong></span> <span class='ocrx_word' id='word_1_881' title='bbox 2754 5235 2905 5289; x_wconf 84' lang='lat' dir='ltr'><strong>spem</strong></span> <span class='ocrx_word' id='word_1_882' title='bbox 2947 5221 3143 5274; x_wconf 69' lang='lat' dir='ltr'><strong>animm</strong></span> <span class='ocrx_word' id='word_1_883' title='bbox 3168 5237 3387 5276; x_wconf 88' lang='lat' dir='ltr'><strong>omnem</strong></span> <span class='ocrx_word' id='word_1_884' title='bbox 3418 5223 3584 5278; x_wconf 85' lang='lat' dir='ltr'><strong>recli-</strong></span> 
     </span>
    </p>
   </div>
   <div class='ocr_carea' id='block_1_116' title="bbox 2011 5310 3589 5369">
    <p class='ocr_par' dir='ltr' id='par_1_116' title="bbox 2011 5310 3589 5369">
     <span class='ocr_line' id='line_1_116' title="bbox 2011 5310 3589 5369; baseline -0.001 -3"><span class='ocrx_word' id='word_1_885' title='bbox 2011 5327 2228 5367; x_wconf 87' lang='lat' dir='ltr'><strong>namus.</strong></span> <span class='ocrx_word' id='word_1_886' title='bbox 2283 5311 2642 5366; x_wconf 82' lang='lat' dir='ltr'><strong>Exactissime</strong></span> <span class='ocrx_word' id='word_1_887' title='bbox 2692 5310 2841 5365; x_wconf 83' lang='lat' dir='ltr'><strong>enim</strong></span> <span class='ocrx_word' id='word_1_888' title='bbox 2875 5310 3018 5365; x_wconf 88' lang='lat' dir='ltr'><strong>nosti</strong></span> <span class='ocrx_word' id='word_1_889' title='bbox 3068 5323 3378 5368; x_wconf 83' lang='lat' dir='ltr'><strong>commenta</strong></span> <span class='ocrx_word' id='word_1_890' title='bbox 3407 5313 3589 5369; x_wconf 70' lang='lat' dir='ltr'><strong>hostis</strong></span> 
     </span>
    </p>
   </div>
   <div class='ocr_carea' id='block_1_117' title="bbox 2010 5401 3585 5476">
    <p class='ocr_par' dir='ltr' id='par_1_117' title="bbox 2010 5401 3585 5476">
     <span class='ocr_line' id='line_1_117' title="bbox 2010 5401 3585 5476; baseline 0.004 -21"><span class='ocrx_word' id='word_1_891' title='bbox 2010 5401 2400 5468; x_wconf 86' lang='lat' dir='ltr'><strong>infensissimi,</strong></span> <span class='ocrx_word' id='word_1_892' title='bbox 2446 5403 2598 5456; x_wconf 80' lang='lat' dir='ltr'><strong>nulio</strong></span> <span class='ocrx_word' id='word_1_893' title='bbox 2647 5418 2754 5456; x_wconf 91' lang='lat' dir='ltr'><strong>non</strong></span> <span class='ocrx_word' id='word_1_894' title='bbox 2793 5403 2914 5457; x_wconf 92' lang='lat' dir='ltr'><strong>loco</strong></span> <span class='ocrx_word' id='word_1_895' title='bbox 2945 5401 3131 5456; x_wconf 81' lang='lat' dir='ltr'><strong>obvia.</strong></span> <span class='ocrx_word' id='word_1_896' title='bbox 3181 5405 3585 5476; x_wconf 82' lang='lat' dir='ltr'><strong>lmprcssiones</strong></span> 
     </span>
    </p>
   </div>
   <div class='ocr_carea' id='block_1_118' title="bbox 2008 5492 3585 5568">
    <p class='ocr_par' dir='ltr' id='par_1_118' title="bbox 2008 5492 3585 5568">
     <span class='ocr_line' id='line_1_118' title="bbox 2008 5492 3585 5568; baseline 0.003 -20"><span class='ocrx_word' id='word_1_897' title='bbox 2008 5495 2377 5551; x_wconf 78' lang='lat' dir='ltr'><strong>veteratorias</strong></span> <span class='ocrx_word' id='word_1_898' title='bbox 2409 5494 2614 5562; x_wconf 83' lang='lat' dir='ltr'><strong>quibus</strong></span> <span class='ocrx_word' id='word_1_899' title='bbox 2644 5510 2744 5548; x_wconf 90' lang='lat' dir='ltr'><strong>nos</strong></span> <span class='ocrx_word' id='word_1_900' title='bbox 2767 5509 2832 5548; x_wconf 76' lang='lat' dir='ltr'><strong>ex</strong></span> <span class='ocrx_word' id='word_1_901' title='bbox 2879 5492 3100 5548; x_wconf 85' lang='lat' dir='ltr'><strong>insidiis</strong></span> <span class='ocrx_word' id='word_1_902' title='bbox 3130 5494 3421 5563; x_wconf 87' lang='lat' dir='ltr'><strong>adoritur,</strong></span> <span class='ocrx_word' id='word_1_903' title='bbox 3459 5496 3585 5568; x_wconf 85' lang='lat' dir='ltr'><strong>quis</strong></span> 
     </span>
    </p>
   </div>
   <div class='ocr_carea' id='block_1_119' title="bbox 396 5648 3134 5728">
    <p class='ocr_par' dir='ltr' id='par_1_119' title="bbox 396 5648 3134 5728">
     <span class='ocr_line' id='line_1_119' title="bbox 396 5648 3134 5728; baseline 0.002 -26"><span class='ocrx_word' id='word_1_904' title='bbox 396 5648 444 5680; x_wconf 79' lang='lat'><strong>“</strong></span> <span class='ocrx_word' id='word_1_905' title='bbox 475 5649 517 5703; x_wconf 86' lang='grc'><strong>11</strong></span> <span class='ocrx_word' id='word_1_906' title='bbox 560 5649 755 5707; x_wconf 82' lang='lat' dir='ltr'><strong>Thess.</strong></span> <span class='ocrx_word' id='word_1_907' title='bbox 781 5666 862 5717; x_wconf 84' lang='grc' dir='ltr'>ιιι,</span> <span class='ocrx_word' id='word_1_908' title='bbox 909 5651 1021 5722; x_wconf 85' lang='lat'><strong>7,8.</strong></span> <span class='ocrx_word' id='word_1_909' title='bbox 1099 5654 1331 5722; x_wconf 81' lang='lat' dir='ltr'><strong>&quot;ibid.,</strong></span> <span class='ocrx_word' id='word_1_910' title='bbox 1362 5655 1418 5711; x_wconf 88' lang='lat'><strong>9.</strong></span> <span class='ocrx_word' id='word_1_911' title='bbox 1497 5655 1542 5688; x_wconf 84' lang='lat'>&quot;</span> <span class='ocrx_word' id='word_1_912' title='bbox 1582 5656 1727 5711; x_wconf 77' lang='lat' dir='ltr'><strong>Psal.</strong></span> <span class='ocrx_word' id='word_1_913' title='bbox 1759 5669 1920 5724; x_wconf 77' lang='lat' dir='ltr'><strong>cxm,</strong></span> <span class='ocrx_word' id='word_1_914' title='bbox 1990 5653 2041 5708; x_wconf 85' lang='lat'><strong>7.</strong></span> <span class='ocrx_word' id='word_1_915' title='bbox 2119 5655 2165 5688; x_wconf 82' lang='lat'><strong>&quot;</strong></span> <span class='ocrx_word' id='word_1_916' title='bbox 2269 5648 2403 5707; x_wconf 88' lang='lat' dir='ltr'><strong>ibid.</strong></span> <span class='ocrx_word' id='word_1_917' title='bbox 2480 5654 2533 5720; x_wconf 78' lang='lat'><strong>3,</strong></span> <span class='ocrx_word' id='word_1_918' title='bbox 2607 5654 2665 5728; x_wconf 48' lang='grc' dir='ltr'>ἰ.</span> <span class='ocrx_word' id='word_1_919' title='bbox 2739 5656 2784 5686; x_wconf 84' lang='grc'><strong>⁸⁸</strong></span> <span class='ocrx_word' id='word_1_920' title='bbox 2822 5654 2956 5710; x_wconf 88' lang='lat' dir='ltr'><strong>ibid.</strong></span> <span class='ocrx_word' id='word_1_921' title='bbox 2996 5654 3052 5724; x_wconf 84' lang='lat'><strong>7,</strong></span> <span class='ocrx_word' id='word_1_922' title='bbox 3083 5653 3134 5709; x_wconf 86' lang='lat'><strong>8.</strong></span> 
     </span>
    </p>
   </div>
  </div>
