4030 6296
269 309 404 378 1521

1147 314 1473 375 HOMILIA
1518 313 1756 374 XXVII.
1785 335 1848 346 -·
1883 311 1981 370 DE
2023 313 2618 376 DESPERATIONE.

3377 284 3514 374 1529

263 425 558 488 ὀλολύζων.
619 425 710 496 Μὴ
755 421 848 480 οὖν
899 425 1230 495 ἅπογνῶμεν
1268 424 1499 486 ἑαυτῶν,
1543 422 1838 492 ἀγαπητοὶ,

1956 423 2292 479 tolerantiam
2327 432 2494 495 atque
2527 423 2860 479 immobilem
2901 424 3068 480 animi
3113 424 3345 497 rigorem
3387 426 3516 479 vita:

265 515 408 569 ἀλλὰ
438 516 640 585 μᾶλλον
671 516 1055 587 νευρούμενοι,
1092 517 1184 569 καὶ
1224 516 1714 588 περιτειχιζόμενοι
1762 511 1839 582 τῷ

268 607 413 676 φωτὶ
437 606 554 676 τῆς
567 605 822 671 πίστεως,
851 603 1272 676 ἀντικράξωμεν
1306 603 1444 673 μετὰ
1475 601 1674 670 πολλῆς
1700 601 1841 670 παῤ-

269 695 468 764 ρησεας
491 693 737 766 πονηρῷ-
768 695 824 748 τι
850 694 936 747 σοὶ
967 693 1069 747 καὶ
1103 695 1253 764 ἡμῖν,
1282 691 1530 761 ἁλλότριε
1557 689 1650 742 τοῦ
1680 686 1838 751 Θεού,

267 783 364 836 καὶ
392 781 637 852 δραπέτα
683 783 791 836 τῶν
825 781 1094 854 ούρανῶν,
1129 783 1223 834 καὶ
1264 779 1422 834 δοῦλε
1451 779 1704 848 ,πονηρὲς
1740 779 1860 830 ούκ”

265 875 414 941 ἔχεις
448 874 514 926 σὺ
544 873 860 944 παρρησίαν
894 873 1014 927 καθ’
1041 873 1220 943 ἡμῶν.
1257 872 1490 942 Χριστὸς
1523 873 1552 923 ὁ
1584 869 1678 924 τοῦ
1703 868 1840 922 Θεοῦ

268 965 430 1028 Υἱὸς,
455 964 610 1037 ἡμῶν
637 981 695 1018 τε
731 966 826 1018 καὶ
859 965 1077 1019 πάντων
1105 966 1206 1034 τὴν
1243 963 1490 1028 ἐξουσίαν
1515 962 1658 1034 ἔχει-ο
1695 961 1844 1032 αύτῴ

266 1052 614 1123 ἡμάρτομεν,
646 1051 796 1124 αὐτῷ
823 1053 916 1106 καὶ
944 1049 1421 1122 ἀπολογησώμεθα
1441 1065 1454 1078 ⁸
1490 1051 1554 1102 σὺ
1577 1048 1634 1100 δὲ
1671 1047 1843 1115 φεῦγε

269 1145 367 1211 ἀφ’
431 1143 591 1214 ἡμῶν
647 1144 884 1214 μακρὰν,
911 1143 1142 1214 ὀλεθριε.
1194 1143 1384 1213 Ἡμεῖς
1437 1141 1545 1210 γὰρ
1588 1138 1843 1210 ἐνέχυρον

270 1234 490 1303 Ιχοντες
527 1235 618 1288 τὸν
642 1236 822 1306 τίμιον
853 1233 1017 1288 αὐτοῦ
1052 1233 1305 1304 σταυρὸν,
1343 1231 1626 1301 πατούμεν
1659 1229 1845 1283 ἐπάνω

273 1323 372 1378 σού
406 1323 500 1378 τοῦ
527 1324 704 1394 ὄφεως
726 1327 823 1397 τὴν
850 1325 1114 1396 κεφαλήν.
1142 1324 1330 1388 Οὕτως
1365 1318 1458 1376 οὖν
1499 1323 1660 1393 ἡμεῖς
1690 1318 1842 1374 avrt-

273 1414 493 1486 στῶμεν
523 1417 609 1470 ἀεὶ
633 1417 712 1487 τῷ
751 1417 994 1489 πολεμίῳ
1016 1417 1328 1488 θαρσαλέοι,
1360 1414 1453 1468 καὶ
1481 1413 1556 1484 μὴ
1595 1415 1672 1475 εἰς
1706 1412 1844 1466 ἀπό-

270 1524 475 1576 γνωσιν
501 1509 728 1573 ἑαυτοὺς
760 1509 1028 1579 ἐκδῶμεν.
1063 1511 1123 1562 Et
1153 1509 1261 1578 γὰρ
1291 1509 1340 1559 οἱ
1380 1506 1630 1574 δαίμονες
1663 1520 1844 1574 παραο

272 1597 610 1662 καλέσαντες
651 1597 742 1651 τὸν
781 1597 1008 1671 Κύριον,
1039 1599 1128 1652 ἵνα
1161 1598 1237 1667 μὴ
1286 1598 1352 1666 τῇ
1392 1592 1616 1664 ἁϐύσςῳ
1665 1609 1842 1662 παραυ

275 1677 621 1758 πεμφθῶσιν,
674 1687 863 1760 ἔτυχον
919 1688 1015 1742 τοῦ
1078 1689 1412 1756 αἰτήματος,
1455 1685 1605 1755 πόσῳ
1645 1682 1844 1753 μᾶλλον

1946 515 2304 572 restituamur
2339 515 2731 586 tranquilliori.
2772 516 2926 582 Quod
2955 516 3101 571 enim
3116 517 3516 586 peccatigenus

1947 615 2176 673 nsquam
2199 603 2512 659 inveniatur
2531 605 2774 659 atrocius
2791 605 3214 674 desperatione?
3229 605 3400 660 Iudas
3422 605 3515 660 ille

1947 693 2162 748 Domini
2181 693 2454 765 proditor,
2473 709 2638 764 quam
2664 695 2850 764 pusilli
2869 703 2990 750 erat
3007 696 3280 766 etabjecti
3305 697 3517 750 animi?

1945 802 2109 856 quam
2125 786 2280 840 rudis
2299 795 2562 855 etexpers
2581 787 2873 841 conflictus
2894 787 3258 842 tentationum
3273 788 3296 840 ?
3313 787 3396 842 Ob
3413 789 3521 859 hoc
3602 812 3607 817 ·

1945 879 2092 932 enim
2125 893 2280 948 spem
2311 893 2530 934 onmem
2562 893 2592 932 a
2623 893 2682 934 se
2713 893 2839 934 cum
2879 878 3197 948 abiecisset,
3236 877 3543 932 insiliente

1947 971 2004 1026 in
2037 985 2164 1024 eum
2197 970 2450 1034 inimico,
2470 969 2722 1026 funiculo
2750 969 2858 1025 sibi
2889 969 3211 1040 prad'ocavit
3238 969 3422 1038 gulam
3448 968 3517 1044 ξ’.

1946 1063 2016 1117 At
2040 1063 2242 1118 Petrus
2269 1063 2446 1117 solida
2473 1062 2565 1116 illa
2595 1071 2772 1136 petra,
2807 1061 3077 1130 numquid
3110 1075 3220 1115 non
3245 1062 3300 1114 in
3327 1073 3522 1129 pecca-

1947 1162 2063 1208 tum
2091 1153 2318 1222 impegit
2340 1166 2446 1208 nec
2491 1151 2814 1206 mediocre?
2862 1150 3066 1206 Verum
3114 1150 3201 1212 is,
3253 1158 3519 1219 tanquam

1951 1245 2046 1314 qui
2083 1245 2219 1299 tales
2249 1243 2541 1299 conﬂictus
2566 1243 2812 1298 doctrice
2839 1241 3183 1312 experientia
3208 1239 3518 1304 didicisset,

1947 1337 2018 1392 ob
2043 1335 2411 1404 malcloquam
2445 1332 2795 1403 negationem
2820 1373 2834 1396 ,
2877 1345 3030 1401 spem
3066 1330 3392 1400 neutiquam
3425 1329 3520 1383 ab-

1941 1425 2098 1497 jecit,
2113 1424 2494 1495 sedlacrymas
2507 1421 2764 1477 adhibuit
2787 1421 3036 1492 pararias
3055 1419 3200 1490 apud
3223 1419 3518 1474 Dominum

1947 1527 2004 1572 et
2029 1515 2452 1572 conciliatrices.
2485 1513 2804 1581 Quasnam?
2857 1527 2990 1568 sane
3029 1511 3222 1581 plenas
3256 1509 3523 1564 amaritu-

1950 1610 2117 1674 dinis,
2142 1617 2200 1664 et
2222 1623 2345 1679 quae
2373 1623 2440 1663 ex
2470 1606 2636 1662 corde
2675 1605 3019 1676 prosilierint
3062 1602 3402 1674 deﬂagrante
3433 1603 3521 1655 in-

1951 1698 2470 1762 cendiosharitatis.
2487 1697 2638 1752 Hanc
2651 1695 2796 1752 Petri
2819 1693 3329 1766 magnanimitatem
3346 1691 3524 1746 hostis

273 1779 766 1850 εἰσακουσθήσεται
813 1781 841 1834 ὁ
871 1779 962 1832 τὸν
995 1777 1228 1849 Χριστὸν
1262 1775 1626 1844 ἐνδεδυμένος,
1659 1769 1846 1842 δεύμε-

1956 1803 2072 1845 cum
2093 1787 2336 1852 vidisset,
2355 1787 2489 1843 nulli
2507 1786 2737 1842 dubium
2759 1789 2850 1850 sit,
2870 1785 3007 1852 quin
3025 1799 3082 1840 se
3099 1783 3251 1840 illinc
3271 1783 3524 1839 concitus

274 1891 366 1936 νος
403 1872 714 1944 ἐλευθερίας
769 1876 950 1944 τυχεῖν
991 1873 1084 1927 τοῦ
1118 1871 1307 1942 νοητοῦ
1335 1872 1607 1936 θανατου;
1635 1868 1726 1938 Μὴ
1755 1863 1848 1921 οὖν

275 1965 670 2036 ἀπελπισωμεν
703 1965 932 2030 ἑαυτῶν,
968 1964 1106 2018 ἀλλὰ
1143 1964 1357 2033 στῶμεν
1390 1963 1589 2034 ἑδραῖοι
1623 1963 1701 2022 εις
1761 1957 1848 2022 ἐξ·

274 2055 626 2124 ομολόγησιν,
649 2056 740 2110 καὶ
765 2055 1010 2127 εἴπωμεν
1033 2056 1170 2126 μετὰ
1195 2054 1558 2118 κατανύξεως.
1581 2052 1846 2116 Δέσποτα,

275 2147 452 2219 Κύριε
505 2147 734 2220 ούρανοῦ
777 2149 994 2219 καὶτῆς
1039 2149 1164 2218 γῆς,
1196 2145 1428 2200 Βασιλεῦ
1473 2143 1580 2198 τῶν
1615 2145 1846 2207 αἰώνων,

275 2240 573 2309 εύδόκησον
616 2239 899 2312 ἀνοιγῆναὶ
947 2257 1036 2310 μοι
1079 2240 1248 2310 θύραν
1288 2238 1388 2307 τῆς
1430 2237 1738 2308 μετανοίας,
1767 2236 1848 2288 ὅτι

277 2332 340 2387 ἐν
375 2329 535 2404 ὀδύνῃ
562 2330 738 2402 ψυχῆς
770 2331 998 2386 ἱκετεύω
1049 2331 1108 2384 σὲ
1153 2329 1244 2382 τὸν
1295 2327 1544 2400 ἀληθινὸν
1595 2327 1728 2381 Θεὸν
1761 2327 1850 2380 τὶν

277 2420 503 2492 Πατέρα
541 2423 636 2476 τοῦ
666 2421 875 2492 Κυρίου
917 2423 1076 2493 ἡμῶν
1118 2421 1292 2492 Ἰησοῦ
1335 2419 1593 2490 Χριστοῦ,
1625 2420 1685 2472 τὺ
1731 2419 1846 2487 φῶς

277 2511 374 2566 τοῦ
402 2514 609 2584 κόσμου
659 2513 948 2582 ἐπιϐλέψαι
999 2516 1063 2585 τῇ
1115 2513 1284 2584 πολλῇ
1323 2529 1415 2566 σου
1454 2509 1845 2582 εὐσπλαγχνεᾳ,

279 2603 698 2674 min-9666551!
743 2621 844 2674 μου
893 2606 992 2674 τὴν
1037 2604 1244 2675 δέησιν,
1275 2604 1369 2657 καὶ
1401 2603 1476 2673 μὴ
1517 2601 1711 2674 ἀπιῦσῃ
1747 2620 1848 2670 μου

278 2693 472 2766 αὐτὴν,
500 2694 633 2749 ἀλλὰ
667 2694 940 2766 σύγγνωθί
968 2713 1056 2766 μοι
1081 2695 1159 2767 τῷ
1189 2699 1245 2750 ὲν
1269 2695 1485 2760 πολλοῖς
1516 2695 1850 2765 πταίσμασιν

277 2785 578 2856 εὑρεθέντι.
605 2787 800 2842 Κλίνον
829 2788 890 2842 τὸ
917 2785 1011 2853 οὖς
1041 2805 1133 2842 σου
1159 2790 1240 2852 εἰς
1265 2787 1362 2858 τὴν
1385 2785 1570 2860 δέησίν
1598 2805 1722 2858 μου,
1756 2789 1850 2840 καὶ

281 2875 638 2948 συγχώρησόν
673 2895 762 2950 μοι
787 2879 965 2934 πάντα
1005 2880 1107 2934 ὅσα
1139 2879 1214 2943 ὡς
1264 2879 1549 2950 ἄνθρωπος
1599 2879 1852 2950 ἡττηθεὶς

280 2969 389 3023 ὑπὸ
413 2972 512 3040 τῆς
551 2969 925 3043 προαιρέσεώς
977 2987 1077 3042 μου
1109 2971 1252 3024 κακὲ
1281 2970 1650 3040 εἱργασάμην.
1697 2969 1852 3038 Ζητῶ

276 3062 392 3134 γὰρ
412 3061 613 3126 ἄνεσιν,
634 3064 728 3116 καὶ
743 3064 841 3134 οὐχ
855 3063 1094 3134 εὑρίσκω
1107 3062 1262 3116 διὰτὸ
1287 3062 1388 3133 τὴν
1413 3062 1716 3132 συνείδησιν
1749 3079 1848 3132 μου

284 3152 365 3226 μὴ
397 3158 702 3226 συγχωρεῖν
726 3174 838 3226 μοι.
872 3143 1160 3227 ’Υπομὲνω
1187 3157 1432 3228 εἰρήνην,
1464 3158 1558 3210 καὶ
1579 3157 1680 3210 ούκ
1711 3156 1856 3211 ἐστιν

281 3247 344 3298 ὲν
367 3245 492 3315 ἐμοὶ
519 3248 710 3318 εἰρήνη
741 3247 830 3301 διὰ
859 3249 952 3302 τὸν
992 3248 1152 3320 βυθὸν
1187 3247 1280 3302 τοῦ
1319 3249 1557 3320 πλήθους
1586 3248 1692 3301 τῶν
1729 3251 1855 3301 ἀνο-

285 3339 424 3410 μιῶν
468 3355 592 3409 μου.
632 3341 924 3404 Ἄκουσον,
971 3340 1163 3410 Κύριε,
1201 3341 1426 3412 καρδίας
1473 3357 1574 3409 μου
1623 3340 1761 3410 πρὸς
1796 3340 1855 3392 σὲ

255 3425 517 3502 βοώσης,
545 3431 640 3486 καὶ
681 3431 756 3504 μὴ
801 3434 1046 3503 προσχῇς
1079 3435 1190 3496 τοῖς
1222 3430 1448 3502 φαύλοις
1495 3449 1596 3500 μου
1637 3429 1853 3502 ἔργοις,

280 3523 400 3578 ἀλλ’
431 3523 723 3592 ὲτιίϐλεψον
769 3524 861 3577 ἐπὶ
899 3524 1060 3596 ὀδύνῃ
1097 3525 1196 3594 τῆς
1237 3523 1418 3594 ψυχῆς
1456 3540 1556 3592 μου
1585 3563 1599 3586 ,
1635 3523 1730 3575 καὶ
1762 3522 1858 3574 τά·

280 3630 447 3685 χυνον
496 3613 590 3668 τού
625 3613 881 3669 ἰάσασθαί
925 3631 996 3686 με
1047 3614 1239 3678 δεινῶς
1282 3614 1855 3686 τετραυματισμένον·

283 3706 384 3760 καὶ
409 3707 496 3764 δός
535 3723 627 3777 μοι
657 3707 848 3778 καιρὸν
887 3708 1204 3778 ἀνανήψεως
1242 3707 1384 3762 κατὰ
1421 3707 1520 3779 τὴν
1553 3707 1716 3778 χάριν
1760 3706 1858 3776 τῆς

283 3797 694 3868 φιλανθρωπίας
723 3815 838 3864 σου,
871 3797 968 3852 καὶ
1001 3797 1162 3868 ῥῦσαὲ
1202 3815 1268 3867 με
1299 3797 1408 3851 ἀπὸ
1447 3797 1556 3850 τῶν
1597 3795 1859 3865 ἀτιμοτά-

281 3907 396 3944 των
425 3889 620 3962 ἔργων,
647 3890 742 3944 καὶ
769 3889 845 3961 μὴ
887 3889 1290 3961 ἀντιμετρήσῃς
1327 3907 1436 3959 μοι,
1468 3889 1599 3960 μηδὲ
1625 3887 1858 3960 θελήσῃς

284 3981 580 4036 ἀποδοῦναι
611 3999 700 4053 μοι
718 3981 844 4048 ἄξια
865 3975 940 4034 ὧν
961 3981 1195 4052 ἔπραξα·
1218 3983 1304 4035 ἵνα
1338 3982 1412 4052 μὴ
1441 3981 1664 4044 τελείως
1685 3978 1854 4034 ἀπόλι

283 4073 489 4142 λωμαι.
520 4074 808 4137 Ἄκουσον,
849 4072 1041 4141 Κύριε.
1076 4073 1134 4125 ὲν
1176 4071 1482 4139 ἀπογνώσει
1534 4087 1633 4139 μου
1683 4069 1856 4133 ὄντος.

299 4163 362 4216 '0
391 4163 500 4230 γὰρ
531 4163 715 4232 πάσης
747 4161 1054 4232 προθυμίας
1081 4161 1390 4232 ἐρημωθεὶς
1419 4163 1511 4214 καὶ
1538 4160 1746 4222 ἐννοίας
1777 4161 1859 4223 εἰς

287 4253 353 4306 τὸ
384 4251 780 4322 διορθώσασθαι
827 4252 1082 4322 ἐμαυτὸν,
1128 4251 1452 4324 προσπίπτω
1500 4253 1612 4312 τοῖς
1654 4251 1862 4322 οἰκτιρ-

292 4345 417 4416 μοϊς
451 4359 567 4404 σου,
592 4342 686 4396 τοῦ
730 4343 948 4414 ἐλεῆσαί
978 4342 1061 4414 με’
1103 4344 1193 4396 τὸν
1232 4344 1325 4396 ἐπὶ
1371 4343 1476 4410 γῆς
1527 4341 1860 4413 ἐρριμμένον

1950 1880 2284 1951 proripuerit
2311 1880 2519 1950 ingenti
2544 1892 2668 1932 cum
2691 1877 2921 1948 ejulatu,
2966 1891 3030 1931 ac
3049 1876 3094 1932 si
3119 1875 3229 1946 igni
3253 1873 3332 1928 illi
3355 1873 3524 1928 facies

1949 1973 2360 2043 conﬂagrasset.
2393 1971 2470 2026 Ne
2491 1970 2681 2042 igitur,
2707 1968 3043 2036 charissimi,
3092 1983 3124 2022 a
3160 1966 3324 2022 nobis
3367 1981 3520 2036 spem

1949 2064 2272 2135 abjiciamus
2297 2061 2626 2133 impetrandi
2650 2061 2799 2117 illius
2817 2061 2992 2116 beatas
3017 2060 3174 2125 vitae;
3200 2059 3372 2129 magis
3391 2072 3522 2111 vero

1951 2165 2440 2227 quantumcunque
2463 2163 2560 2211 est.
2592 2168 2793 2210 nervos
2819 2151 3176 2226 intendamus
3201 2191 3214 2216 ,
3258 2149 3522 2218 omnique

1949 2263 2018 2304 ex
2038 2255 2190 2318 parte
2218 2261 2340 2302 eam
2376 2241 3042 2300 communiamusluminc
3067 2239 3214 2295 fidei.
3245 2238 3524 2294 Adversus

1951 2339 2250 2411 malignum
2273 2339 2637 2400 incentorem,
2673 2336 2844 2390 multa
2869 2350 2995 2390 cum
3017 2332 3218 2388 fiducia
3249 2330 3522 2386 vocifere-

1951 2449 2074 2488 mur
2109 2449 2120 2484 :
2151 2429 2291 2499 Quid
2325 2430 2422 2485 tibi
2445 2438 2501 2485 et
2523 2429 2690 2484 nobis
2718 2441 3012 2483 commune
3041 2437 3146 2486 est,
3199 2441 3228 2478 a
3260 2422 3356 2478 Dei
3390 2437 3523 2476 con—

1950 2524 2121 2579 sortio
2149 2522 2404 2586 extorris,
2428 2530 2485 2576 et
2511 2519 2754 2576 caelestis
2775 2517 3066 2587 municipii
3099 2515 3286 2586 reluga
3337 2513 3524 2584 perdi-

1954 2603 2192 2678 tissimo,
2213 2628 2372 2670 serve
2399 2611 2680 2681 nequam?
2719 2610 2863 2666 nihil
2895 2609 3044 2664 enim
3077 2607 3132 2662 in
3173 2622 3288 2661 nos
3307 2604 3529 2660 obtines

1947 2709 2110 2778 juris.
2133 2705 2392 2762 Christus
2412 2703 2560 2759 enim
2584 2703 2681 2758 Dei
2719 2701 2908 2765 Filius,
2963 2699 3139 2755 nostri
3173 2697 3265 2752 ille
3289 2695 3547 2765 denique‘

1888 2863 1895 2870 ,
1951 2807 2008 2855 et
2039 2797 2286 2853 omnium
2320 2797 2482 2866 plena
2521 2793 2673 2849 solus
2715 2791 3024 2863 perfruitur
3074 2797 3345 2860 potestate
3385 2807 3399 2842 :
3450 2786 3528 2841 illi

1951 2890 2320 2962 peccavimus,
2351 2903 2534 2943 coram
2565 2885 2658 2940 illo
2679 2900 2782 2940 nos
2799 2885 3102 2940 etiamnum
3127 2881 3481 2952 purgavimus
3513 2899 3526 2932 :

1954 2981 2173 3037 anobis
2205 2989 2259 3034 tu
2283 2995 2448 3051 quam
2489 2976 2832 3048 longissime,
2881 2975 3126 3030 exitialis
3165 2989 3230 3028 ac
3266 2973 3532 3042 pestilens

1959 3073 2172 3128 secede.
2208 3071 2501 3140 Siquidem
2534 3083 2635 3122 nos
2661 3067 2879 3122 Domini
2905 3081 3125 3122 crucem
3154 3063 3533 3119 omnihcnore

1959 3165 2178 3236 dignam
2211 3177 2336 3218 cum
2361 3162 2700 3216 retineamus
2743 3156 2990 3231 pignoris
3023 3156 3146 3212 loco
3169 3197 3182 3219 ,
3229 3153 3554 3225 quamlihct‘

1959 3253 2194 3310 sublime
2233 3251 2368 3306 illud
2421 3258 2587 3321 caput
2627 3258 2804 3314 tuum,
2853 3247 3003 3304 calce
3064 3246 3442 3317 proterimus,
3499 3259 3534 3296 ο

1959 3359 2186 3414 serpens
2215 3349 2505 3397 venenate.
2539 3340 2620 3395 Ad
2655 3341 2804 3396 hunc
2840 3355 2972 3394 sane
3000 3336 3224 3392 modum
3267 3334 3538 3389 adversus.

1960 3435 2374 3490 colluctatorem
2397 3437 2455 3484 et
2485 3429 2864 3484 adversarium
2909 3434 3160 3482 nostrum
3193 3439 3290 3494 spe
3333 3421 3532 3478 audaci

1958 3528 2201 3582 nitentes
2246 3523 2632 3594 dcpraaliemur
2686 3537 2750 3577 ac
2793 3536 3168 3592 repugnemus
3205 3559 3219 3584 ,
3267 3534 3371 3574 nec
3422 3518 3535 3572 ullo

1961 3630 2204 3686 unquam
2241 3620 2403 3685 pacto
2428 3613 2682 3666 sinamus
2697 3626 2798 3666 nos
2830 3611 3087 3680 intercipi
3107 3611 3307 3678 laqueo
3335 3609 3534 3676 despe-

1961 3707 2214 3772 rationis,
2239 3721 2340 3777 pcr
2361 3703 2726 3760 deditionem.
2752 3703 3040 3756 Daemones
3061 3701 3207 3755 enim
3239 3700 3366 3770 ipsi,
3388 3715 3456 3753 ne
3481 3700 3536 3752 in

1961 3796 2730 3873 abyssumpraecipitaremur,
2773 3805 2898 3848 cum
2941 3793 3308 3851 obsecrarunt
3352 3789 3538 3844 Domi-

1961 3903 2115 3954 num,
2129 3903 2226 3942 sua
2249 3885 2515 3956 petitione
2538 3883 2774 3938 fraudati
2789 3897 2898 3936 non
2913 3890 3044 3936 sunt
3067 3899 3078 3932 :
3095 3887 3304 3951 quanto
3317 3879 3540 3950 dignius

1961 3989 2179 4038 esteum
2195 3976 2464 4042 exaudiri,
2478 3975 2762 4030 Christum
2777 3973 2870 4044 qui
2891 3987 2991 4044 per
3011 3971 3170 4026 fidem
3189 3969 3396 4036 induit,
3416 3984 3542 4039 sup-

1962 4073 2178 4144 pliciter
2193 4071 2606 4139 deprecantem,
2621 4083 2652 4122 a
2673 4065 2945 4136 spirituali
2964 4071 3142 4119 morte
3161 4061 3537 4119 utlibereturl

1967 4163 2177 4234 1073
2211 4160 2289 4216 Ne
2343 4161 2508 4230 igitur
2571 4173 2667 4228 spe
2707 4155 3394 4227 abjeetadespondeamus
3421 4153 3542 4208 ani-

1965 4270 2146 4321 mum;
2175 4252 2348 4323 magis
2396 4259 2581 4304 autem
2631 4263 3050 4318 perseveremus
3085 4247 3140 4300 in
3195 4244 3546 4301 confessione

1962 4341 2123 4400 solidi
2160 4355 2221 4395 ac
2247 4337 2496 4400 stabiles,
2524 4345 2732 4392 etcum
2774 4333 3198 4405 compunctione
3251 4334 3544 4389 dicamus:

289 4435 354 4484 ὲν
377 4432 940 4505 καταδίκῃᾶμαρτιῶν
961 4451 1082 4504 μου.
1099 4427 1456 4488 Ἀνακάλέσαί
1479 4424 1566 4504 με,
1584 4436 1849 4494 Δέσποτα,

1959 4433 2100 4491 Here
2119 4431 2213 4494 mi,
2237 4428 2465 4485 Domine
2485 4427 2608 4484 coeli
2629 4435 2685 4482 et
2709 4436 2884 4489 terras.
2902 4426 3016 4502 Rex
3034 4425 3378 4488 sarculorum,
3401 4427 3557 4505 qu:er

289 4521 386 4574 τὸν
417 4519 892 4588 αἰχμάλωτον.καὶ
923 4523 1288 4604 κατεχόμενον
1321 4522 1428 4576 ὑπὸ
1457 4524 1563 4576 τῶν
1598 4523 1851 4593 πράξεών

293 4626 422 4681 μου,
459 4609 556 4664 καὶ
585 4609 660 4673 ὡς
686 4612 794 4664 ἀπὸ
826 4611 1071 4677 ἁλύσεως
1105 4615 1488 4682 σφιγγόμενον.
1519 4617 1592 4668 Σὺ
1624 4618 1732 4688 γὰρ
1767 4619 1864 4687 μό-

289 4715 386 4762 νος
423 4694 570 4764 οἷδας
603 4699 750 4757 λύειν
791 4703 1224 4774 πεπεδημένους,
1273 4704 1529 4759 ἰάσασθαι
1577 4706 1647 4760 τὰ
1692 4707 1867 4777 ἄδηλα

289 4791 588 4862 τραύματα
613 4792 650 4847 ἃ
681 4795 745 4848 σὺ
771 4793 930 4864 μόνος
955 4795 1249 4850 ἐπίστασαι
1268 4799 1297 4850 ὁ
1319 4797 1426 4851 τῶν
1452 4799 1711 4862 κρυπτῶν
1729 4801 1868 4866 γνὼο

292 4901 430 4954 στης
471 4886 751 4957 ὑπάρχων.
783 4887 924 4942 ’Ὅσα
965 4889 1075 4960 γὰρ
1122 4889 1268 4959 παθη
1322 4879 1582 4958 πρόσεστί
1630 4909 1717 4960 μοι
1769 4910 1871 4946 καφ

291 4974 430 5038 κῶν,
480 4979 560 5040 εἰς
603 4979 776 5033 πάντα
829 4995 888 5032 σε
942 4980 1182 5051 εὑρίσκω
1229 4981 1648 5051 ὀνομαζόμενον,
1685 4984 1868 5054 ἰατρὸν

288 5066 407 5120 τῶν
437 5068 620 5131 κακῶς
649 5071 900 5140 ἑχόντων,
951 5070 1122 5142 θύραν
1172 5070 1282 5124 τῶν
1333 5071 1438 5136 ἔξω
1487 5073 1869 5143 παροδυρομέ-

292 5174 426 5224 νων,
451 5159 570 5212 ὁδὸν
600 5160 707 5215 τῶν
739 5161 1190 5233 πεπλανημένων,
1238 5162 1354 5232 φῶς
1393 5164 1501 5216 τῶν
1547 5163 1871 5234 ὲσκοτισμέ-

291 5269 426 5317 νων,
463 5251 744 5324 λυτρωτὴν
775 5253 884 5307 τῶν
920 5255 1283 5325 ἀπαγομένων
1304 5295 1318 5317 ,
1349 5255 1617 5324 ἐπέχοντα
1655 5255 1744 5309 ἀεὶ
1771 5259 1871 5326 τὴν

293 5342 458 5416 χεῖρὰ
488 5360 606 5407 σου,
649 5346 744 5399 καὶ
780 5345 854 5415 μὴ
885 5347 1190 5412 ἐπαφιέντα
1216 5345 1315 5416 τὴν
1353 5345 1524 5414 ὀργὴν
1550 5347 1660 5408 τοῖς
1688 5347 1870 5414 ἁμαρ-

292 5438 488 5500 τωλοῖς
523 5439 952 5508 ἡτοιμασμένην,
984 5437 1119 5492 ἀλλὰ
1149 5439 1238 5492 διὰ
1277 5439 1376 5510 τὴν
1421 5439 1623 5510 πολλήν
1655 5454 1749 5491 σου
1781 5457 1870 5507 φι-

291 5529 652 5602 λανθρωπίαν
700 5532 906 5594 ἔδωκας
957 5531 1149 5602 καιρὸν
1184 5513 1544 5602 ἀνανήψεωςδ
1571 5531 1869 5599 ἐπιφάνηθί

373 5684 419 5714 ⁸⁸
442 5682 629 5737 muli.
660 5693 827 5741 nvn.
855 5677 904 5736 Ῑὶ.

1971 4541 2051 4588 so,
2083 4523 2215 4578 mihi
2250 4520 2388 4576 velis
2415 4519 2706 4590 adaperire
2728 4501 3064 4590 poenitentia;
3087 4517 3330 4589 jannam.
3365 4501 3542 4586 Siqui-

1967 4621 2092 4673 dem
2121 4627 2232 4672 tota
2258 4615 2551 4671 alllietionc
2597 4615 2796 4670 animm
2823 4611 3054 4667 obsecro
3086 4621 3138 4666 te
3159 4626 3350 4665 verum
3371 4611 3546 4665 Deum

1969 4711 2180 4765 P..trem
2211 4707 2425 4762 Domini
2453 4707 2628 4762 nostri
2670 4705 2798 4761 Iesu
2830 4703 3178 4773 Christi,qni
3236 4703 3422 4758 lumen
3465 4712 3550 4756 est

1971 4803 2180 4862 mundi.
2207 4811 2267 4856 ut
2285 4801 2499 4854 videam
2543 4807 2634 4853 tua
2665 4798 2839 4854 solius
2879 4797 3204 4854 exuberanti
3233 4796 3550 4851 misericor-

1970 4894 2080 4949 dia.
2113 4893 2374 4956 Admitte,
2421 4906 2627 4961 quaeso.
2682 4905 2863 4945 meam
2901 4890 3044 4944 hanc
3068 4885 3548 4960 supplicationem.

1971 4985 2248 5039 Nemeam
2300 4979 2746 5050 deprecationem
2823 4976 3102 5048 repudies,
3136 4977 3232 5030 sed
3301 4971 3550 5028 condona

1971 5074 2108 5129 mihi
2141 5073 2220 5127 sic
2269 5071 2468 5128 misere
2505 5070 2814 5138 intercepto
2854 5068 2913 5122 in
2963 5065 3254 5137 multiplici
3294 5062 3556 5135 praevari-

1973 5165 2190 5222 catione
2233 5161 2615 5218 mandatorum
2649 5167 2890 5214 tuorum.
2917 5158 3125 5214 lnclina
3174 5171 3365 5212 aurem
3403 5164 3548 5210 tuam

1977 5257 2044 5312 ad
2079 5270 2297 5327 precem
2345 5267 2542 5316 meam,
2587 5251 2836 5322 mihique
2896 5259 3096 5305 cuncta
3154 5249 3376 5319 indulge
3433 5255 3580 5318 qure'

1978 5349 2174 5405 admisi
2209 5347 2462 5418 nequiter
2497 5356 2558 5402 nt
2590 5345 2754 5399 homo
2781 5345 3004 5415 propria
3034 5343 3216 5398 victus
3244 5342 3551 5396 voluntate.

1977 5439 2174 5507 Qumro
2261 5439 2408 5494 cnim
2469 5437 2737 5508 requiem,
2793 5451 2898 5492 nec
2952 5434 3176 5505 uspiam"
3208 5432 3450 5498 invenio,
3489 5447 3558 5487 eo

1980 5531 2124 5601 quod
2166 5531 2388 5586 minime
2422 5529 2706 5600 indulgeas
2733 5527 3083 5584 conscientia:
3119 5542 3253 5582 mem
3290 5523 3552 5594 tranquih
