4030 6296
536 352 679 423 1593
1767 360 2118 422 ANTIOCHI

2218 360 2514 423 fON‘ACHI
3649 349 3797 416 1524

526 471 765 527 litatem.
816 472 1093 543 Enpecto
1137 488 1351 545 pacem,
1405 483 1463 528 et
1499 489 1629 530 cccc
1703 490 1815 529 non
1860 485 1945 530 est
1996 488 2098 544 pax

2218 494 2315 543 ιοι,
2373 478 2640 540 Δέσποτα,
2691 474 2877 539 δεινῶς
2932 468 3391 527 καταπεπτωκότι
3442 469 3473 521 6
3516 469 3695 538 ταχὺς
3731 468 3794 520 ἐν

533 560 794 626 mibi,sed
816 561 921 616 hoc
956 563 1088 618 facit
1115 564 1346 635 abyssus
1397 564 1664 619 immensa
1742 566 2093 635 iniquitatum

2218 566 2364 633 ιλέει,
2400 568 2495 621 καὶ
2540 565 2741 636 βραδὺς
2793 566 2852 618 ὲν
2884 562 3139 617 κολάσει·
3169 560 3266 614 καὶ
3297 561 3366 630 τῇ
3402 560 3472 628 σῇ
3501 557 3793 623 εὐσπλαγ-

534 662 802 701 mearum.
859 648 1029 716 Audi,
1084 651 1332 713 Domine.
1376 666 1473 707 cor
1493 667 1674 707 meum
1701 670 1716 718 ;
1744 654 1812 707 ad
1855 663 1905 708 te
1945 653 2095 708 enim

2218 660 2321 731 [νίᾳ
2369 659 2594 728 θέλησον
2634 658 2816 728 ὀρέξαι
2860 673 2950 727 μοι
2997 657 3178 725 χεῖρα,
3221 652 3317 706 καὶ
3360 651 3676 720 ἀνάστησόν
3702 642 3792 719 με

533 752 669 794 voce
733 740 965 809 querula
1024 742 1283 811 suspirat.
1334 743 1454 798 Neu
1507 759 1673 800 aures
1744 744 2098 800 accommoda

2218 770 2261 805 ,x
2285 751 2377 805 τοῦ
2402 751 2595 820 βόθρου
2622 750 2733 803 τῶν
2761 747 3000 819 ἀνομιῶν
3027 762 3152 815 μου.
3180 746 3252 798 Σὺ
3276 743 3386 813 γάρ
3411 743 3578 813 μόνος
3605 742 3793 809 ὑπάρ-

533 830 797 898 operibus
828 832 968 886 meis
1020 833 1181 901 plane
1227 834 1494 903 improbis
1519 845 1576 891 et
1626 836 1933 907 ﬂagitiosis,
1963 836 2099 906 quin

2218 860 2315 913 (εις
2357 845 2384 895 6
2425 842 2556 903 Θεὸς
2586 839 2773 911 ἡμῶν,
2817 838 2847 890 6
2896 837 2972 907 μὴ
3008 835 3347 908 τερπόμενος
3396 832 3487 886 ἐπ’
3526 832 3789 900 enim;

523 919 723 989 potius
742 919 815 975 ad
844 921 1040 977 anima
1074 937 1210 978 mete
1258 924 1506 978 dolorem
1557 927 1789 994 respice,
1830 941 1931 979 nec
1965 939 2103 979 cun-

534 1010 700 1069 cteris
747 1011 1016 1067 medicam
1064 1029 1289 1068 manum
1331 1024 1478 1069 tuam
1502 1014 1637 1072 mibi
1664 1015 1929 1070 adbibere
1951 1025 2102 1071 atro-

2202 930 2563 1001 ἀμαρτωλῶν,
2600 931 2627 982 6
2657 928 2731 999 μὴ
2762 924 3241 996 ἀποστρεφόμενος
3265 919 3564 991 πρόσωπον
3596 919 3657 970 ὲν
3688 917 3786 970 δᾶν

2202 1040 2393 1094 κρυσιν
2438 1023 2517 1084 είς
2554 1022 2613 1074 σὲ
2645 1019 3003 1083 ἀτενίζοντος.
3051 1015 3404 1076 Εἰσάκουσον,
3435 1007 3638 1080 Κύριε,
3670 1016 3788 1076 τρω-

532 1101 672 1156 citer
698 1104 889 1158 saucio
918 1121 930 1157 :
963 1113 1182 1175 tempus
1226 1107 1457 1176 proinde
1502 1107 1859 1177 resipiscendi
1891 1115 1982 1163 tua
2015 1122 2105 1163 so-

2218 1112 2301 1179 μῆς
2329 1110 2426 1165 τοῦ
2450 1110 2639 1164 δούλου
2689 1126 2783 1162 σου
2826 1106 3058 1174 βοῶντος
3089 1104 3243 1175 πρὸς·
3268 1102 3351 1155 σέ·
3387 1100 3485 1155 καὶ
3514 1099 3786 1167 ὲπίφανον

532 1191 642 1247 lius
671 1192 1011 1264 benignitate
1066 1196 1351 1266 impartire
1401 1199 1557 1253 mibi.
1607 1200 1849 1264 Extriea,
1895 1213 2101 1268 quaso,
2140 1228 2152 1239 κ

533 1297 622 1337 me
681 1282 802 1338 istis
870 1285 1083 1354 pedicis
1118 1303 1240 1357 qua:
1288 1288 1581 1345 adversum
1626 1305 1714 1344 me
1767 1288 2103 1353 consistunt,

532 1387 765 1442 operum
800 1391 1069 1432 meorum.
1095 1379 1174 1433 Ne
1215 1380 1413 1435 adt-um
1460 1380 1837 1450 aequilibrium
1878 1377 2109 1448 iustitia:

533 1478 750 1519 mecum
775 1466 1098 1525 admetiaris
1122 1510 1139 1535 ,
1163 1487 1268 1526 neu
1289 1472 1454 1542 digna
1476 1471 1635 1526 factis
1653 1470 1904 1540 requiras
1920 1470 1976 1524 in
1997 1484 2108 1534 me,

534 1565 596 1610 ut
614 1572 683 1612 ne
708 1566 857 1614 totus
879 1560 933 1614 in
952 1562 1185 1623 nihilum
1208 1563 1445 1635 redigar.
1478 1564 1643 1629 Audi,
1662 1563 1914 1624 Domine,
1932 1563 1990 1616 in
2014 1576 2113 1631 pe-

534 1641 715 1703 riculo
732 1665 819 1705 me
842 1651 1206 1707 constitutum
1224 1651 1815 1723 desperationis.0mni
1830 1652 1980 1706 enim
1998 1652 2114 1706 des-

533 1738 732 1796 titutus
763 1757 884 1798 sum
921 1745 1207 1801 alacritate
1236 1754 1403 1816 atque
1425 1745 1787 1816 intelligentia
1808 1741 2107 1813 spirituali,

532 1846 642 1902 qua
669 1834 936 1906 meipsum
954 1836 1020 1891 ad
1043 1837 1432 1893 rectitudinem
1456 1853 1713 1893 revocare
1738 1833 2114 1907 possim.Tuis

532 1924 763 1993 procido
789 1935 848 1981 et
886 1926 1150 1984 advolvor
1197 1930 1426 1999 supplex
1496 1928 1976 1993 miserationibus,
2006 1927 2114 1980 mei

540 2022 605 2069 ut
634 2016 954 2073 miserearis
986 2020 1043 2075 in
1072 2020 1303 2075 humum
1336 2022 1541 2076 misere
1581 2022 1803 2093 deiecti,
1838 2024 1969 2079 dum
1997 2027 2115 2095 ipse

534 2116 661 2159 mea
686 2113 918 2172 peccata
945 2121 1147 2162 accuso
1194 2117 1251 2163 et
1300 2108 1524 2164 damno.
1575 2110 1793 2165 Revoca
1832 2127 1942 2176 me,
1972 2113 2115 2167 Here

531 2196 632 2261 mi,
666 2196 995 2265 ejectitium,
1026 2199 1084 2253 in
1125 2200 1395 2269 operibus
1411 2202 1655 2270 propriis
1683 2202 2111 2273 deprehensum.

531 2294 589 2341 et
624 2288 782 2356 quasi
833 2297 1025 2344 catena
1081 2291 1340 2360 quapiam
1413 2293 1794 2349 constrictum.
1832 2294 1913 2349 'l‘u
1959 2295 2108 2350 enim

533 2377 686 2434 solus
714 2379 856 2435 nosti
897 2382 1262 2451 compedibus
1308 2383 1563 2439 astrictos
1590 2384 1897 2450 absolvere,
1919 2388 2113 2442 vulne-

534 2468 692 2524 ribus
714 2470 849 2524 nulli
894 2468 1024 2526 dum
1090 2474 1398 2542 perspectis
1454 2481 1551 2528 aut
1581 2474 1817 2544 cognitis
1866 2476 2115 2530 certissi-

536 2573 684 2613 mam
713 2560 914 2616 aﬂ‘erre
949 2561 1242 2628 medelam,
1273 2578 1395 2633 quat
1433 2579 1568 2619 sane
1596 2566 1749 2620 solus
1781 2574 1839 2620 tu
1876 2566 2116 2622 clarissi-

535 2666 624 2706 me
659 2652 930 2721 perspicis
970 2663 1163 2722 utpote
1190 2669 1516 2712 arcanorum
1557 2656 1831 2725 cognitor.
1858 2656 2115 2722 Quanta:-

534 2757 755 2811 cunque
776 2742 931 2797 enim
1004 2745 1143 2798 mibi
1195 2744 1486 2800 imminent
1534 2747 1746 2801 vitiosae
1774 2746 2113 2813 all'ectiones,

539 2848 711 2888 unum
743 2840 794 2888 te
823 2834 1108 2904 comperio
1147 2850 1311 2904 quem
1358 2836 1683 2891 nominatim
1733 2838 2019 2907 opplorem
2046 2838 2115 2893 ad

536 2941 632 2982 eas
664 2926 926 2982 omnibus
992 2926 1305 2993 curandas;
1360 2927 1634 2982 medicum
1713 2944 1912 2998 nempe
1972 2931 2114 2985 male

542 3016 877 3072 habentium
911 3032 1141 3083 ;eorum
1159 3016 1386 3088 ianuam
1406 3017 1501 3087 qui
1524 3033 1627 3087 pro
1650 3018 1909 3073 vestibuli
1933 3020 2110 3085 aditu,

2204 1204 2263 1257 τὸ
2297 1201 2411 1271 φῶς
2458 1219 2554 1255 σου
2592 1201 2651 1252 ὲν
2679 1184 2815 1269 ἐμοι
2854 1197 2933 1267 τῷ
2964 1195 3302 1265 ὲσϐεσμένῳ.
3334 1192 3431 1244 καὶ
3457 1189 3789 1242 ἀπόστειλον

2204 1294 2302 1365 τὴν
2336 1291 2431 1346 τοῦ
2475 1292 2629 1361 ἁγίου
2658 1308 2754 1344 σου
2785 1288 3103 1358 Πνεύματος
3149 1282 3376 1354 ἰκμάδα,
3426 1281 3526 1334 καὶ
3556 1277 3784 1350 χάρισαί

2210 1404 2301 1456 μοι
2341 1383 2558 1454 μακράν
2587 1380 2917 1453 προθυμίαν,
2941 1379 3026 1431 ἴνα
3051 1374 3346 1445 ἀνασφὴλω
3367 1371 3580 1441 σφόδρα
3613 1371 3779 1439 ἐμαυ-

2207 1475 2302 1529 τοῦ
2332 1473 2622 1541 ἀπογνούς.
2658 1468 2915 1541 Στρέψον,
2967 1466 3161 1536 Κύριε,
3204 1482 3224 1515 ι
3251 1462 3346 1516 τὸν
3404 1460 3645 1515 κοπετόν
3678 1475 3781 1528 μου

2210 1569 2290 1629 εἰς
2317 1565 2492 1636 χαρὰν
2524 1563 2665 1632 ἑμοί·
2696 1559 2989 1631 διάρρηξον
3024 1557 3118 1611 τὸν
3147 1555 3353 1609 σάκκον
3393 1568 3523 1621 μου,
3555 1550 3655 1602 καὶ
3680 1564 3782 1600 πε-

2215 1656 2443 1729 ρίζωσόν
2481 1672 2547 1724 με
2576 1651 2934 1722 εὐφροσύνην.
2972 1668 2991 1701 ι
3030 1646 3142 1701 Καὶ
3179 1644 3473 1713 εύδόκησον
3517 1641 3612 1693 ἵνα
3649 1641 3782 1693 ἀνα-

2215 1747 2507 1817 παύσωμαι
2538 1745 2647 1798 τῶν
2667 1740 2973 1813 ἑσπερινῶν
2999 1756 3103 1812 μου
3129 1737 3325 1808 ἔργων·
3360 1734 3459 1787 καὶ
3485 1732 3637 1803 τύχω
3654 1734 3783 1786 ἀνα-

2216 1844 2469 1904 παύσεως
2516 1820 2760 1910 πρωῖνῆς
2803 1837 2994 1906 ὥσπερ
3039 1833 3167 1896 τοὺς
3195 1826 3491 1890 ἐκλεκτούς
3520 1843 3642 1889 σου,
3672 1822 3781 1878 Κύ-

2218 1947 2321 1999 ριε,
2354 1924 2429 1985 ὧν
2469 1929 2675 1998 ἀπέδρα
2718 1927 2902 1997 ὀδύνη,
2940 1924 3111 1993 λύπη,
3144 1921 3240 1975 καὶ
3293 1918 3631 1987 στεναγμός.
3676 1913 3781 1969 Καὶ

2215 2020 2499 2088 ἀνοιγείτω
2525 2035 2613 2089 μοι
2637 2018 2777 2088 θύρα
2809 2018 2910 2085 τῆς
2937 2012 3214 2085 βασιλείας
3244 2027 3364 2072 σου,
3402 2009 3491 2061 ἴνα
3523 2005 3781 2060 εἰσελθὼν

2214 2114 2273 2166 ὲν
2321 2111 2461 2181 αὐτῇ
2499 2110 2634 2179 μετὰ
2663 2106 2773 2161 τῶν
2823 2104 3210 2159 ἀπολαυόντων
3239 2100 3301 2153 τὸ
3332 2096 3453 2168 φῶς
3481 2094 3580 2147 τοῦ
3617 2109 3781 2163 προσο

2215 2201 2362 2255 ὠπου
2393 2217 2513 2265 σου,
2542 2196 2901 2269 Κύριε,τύχω
2932 2196 3027 2265 τῆς
3053 2191 3273 2246 αἰωνίου
3302 2187 3449 2257 ζωῆς
3478 2189 3538 2238 ὲν
3563 2182 3784 2254 Χριστῷ

2227 2290 2400 2361 Ἰησοῦ
2452 2290 2530 2359 τῷ
2569 2289 2760 2360 Κυρίῳ
2790 2286 2966 2357 ἡμῶν.
3017 2284 3143 2337 Ἐὰν
3174 2280 3349 2342 οὕτως
3376 2275 3529 2346 αὐτῷ
3553 2272 3784 2343 προσέλο

2215 2383 2398 2453 θωμεν
2427 2379 2565 2451 μετά
2586 2376 2851 2446 ταπεινῆς
2876 2374 3124 2446 καρδίας,
3155 2368 3514 2442 προσδέχεται
3541 2364 3641 2433 τὴν
3668 2363 3787 2453 δεη-

2216 2452 2309 2529 σιν
2332 2471 2510 2544 ἡμῶν.
2552 2471 2639 2523 Ἐν
2676 2468 2827 2541 πάσῃ
2847 2463 2942 2520 οὖν
2972 2460 3319 2534 ιιινιιυτοιρανιείςμ¹
3351 2457 3545 2527 ὑμνεῖν
3578 2454 3675 2505 καὶ
3701 2452 3787 2504 δο-

2216 2565 2400 2632 ξάζειν
2424 2562 2587 2616 αὑτὸν
2612 2560 2922 2628 ὀφείλομεν,
2951 2557 3033 2609 ὅτι
3053 2552 3216 2615 αὐτός
3241 2553 3388 2603 ἐστιν
3411 2549 3445 2617 ἡ
3470 2545 3622 2598 αἰτία
3656 2544 3784 2595 πάν-

2212 2673 2322 2711 των
2350 2654 2461 2709 τῶν
2501 2642 2745 2721 ἀγαθῶν,
2780 2650 2876 2703 καὶ
2905 2645 3048 2717 ἀρχὴ
3074 2643 3169 2698 καὶ
3195 2642 3352 2695 ούσία
3381 2638 3477 2692 καὶ
3511 2637 3652 2705 ζωή.
3681 2633 3784 2686 Ka‘t

2176 2735 2322 2800 ’τῶν
2378 2745 2477 2816 μὲν
2525 2739 3005 2799 ἀποπεπτωκότων
3050 2735 3239 2803 αὐτῆς,
3297 2728 3605 2796 ἀνάκλησις
3632 2765 3647 2786 ,
3693 2723 3784 2816 καὶ

2214 2814 2525 2898 ἀνάστασις·
2563 2832 2670 2887 τῶν
2714 2832 2773 2885 δὲ
2821 2825 3320 2883 ἀπολισθαινόντων
3349 2814 3772 2885 ἀνακαινισμδς,

2215 2927 2307 2980 καὶ
2347 2922 2760 2993 ἀναμόρφωσις.
2814 2918 2909 2971 καὶ
2943 2916 3051 2968 τῶν
3078 2911 3389 2980 ἑστηκότων
3434 2907 3654 2974 ἵδρυσις
3693 2901 3785 2954 καὶ

2216 3014 2504 3074 ἀσφάλεια.
2527 3010 2688 3078 Λέγει
2715 3007 2772 3062 δὲ
2805 3006 2899 3061 καὶ
2927 3006 2956 3059 6
2983 2999 3450 3071 Ἐκκλησιαστής·
3485 2994 3676 3046 Ἔστιν
3705 2994 3786 3044 ἑλ-

537 3108 771 3177 qnerula
799 3122 865 3162 ac
894 3107 1119 3179 lugubri
1145 3084 1279 3163 voce
1310 3084 1656 3178 compto—rant
1689 3126 1704 3175 ;
1730 3109 1875 3164 viam
1899 3124 1931 3165 a
1959 3084 2114 3166 recto

2218 3107 2308 3171 τάς
2339 3106 2420 3159 ὅτι
2445 3123 2463 3155 ι
2504 3103 2563 3156 '0
2593 3100 2739 3154 κύων
2780 3100 2809 3152 6
2836 3096 2943 3162 ζῶν
2977 3095 3138 3156 αὐτὸς
3174 3090 3379 3159 ἀγαθὸς
3409 3087 3549 3179 ὑπὲρ
3577 3084 3676 3179 τὸν
3701 3099 3783 3134 νε-

537 3196 678 3252 calle
725 3196 1158 3252 exorbitantium
1198 3213 1221 3262 ',
1254 3194 1399 3251 inter
1438 3198 1693 3252 tenebras
1753 3198 2115 3253 obambulan-

540 3288 678 3344 tium
706 3287 1090 3358 pratulgidum
1112 3288 1301 3342 lumen
1324 3303 1341 3353 ;
1362 3301 1555 3342 eorum
1581 3287 2000 3358 Redemptorem
2023 3291 2119 3359 qui

539 3379 832 3451 rapiuntur
856 3378 925 3433 ad
948 3379 1364 3449 dependendam
1381 3393 1618 3449 prunam.
1650 3380 1867 3435 Manum
1886 3380 2120 3451 proinde

540 3470 751 3539 premis
799 3478 857 3523 et
893 3470 1125 3524 cohibes
1177 3480 1350 3535 tuam,
1383 3485 1489 3525 nec
1539 3470 1699 3527 facile
1726 3473 1859 3527 iram
1912 3474 2118 3544 alioqui

542 3558 811 3614 adversus
832 3567 1152 3630 peccatores
1172 3568 1415 3631 paratam
1443 3562 1653 3617 exseris
1670 3571 1726 3618 et
1750 3572 2118 3634 contorques:

544 3661 763 3721 tempus
784 3652 963 3723 magis
989 3652 1260 3724 indulges,
1286 3654 1393 3723 ipsi
1415 3664 1476 3710 ut
1507 3656 1914 3725 resipiscamns,
1942 3657 2123 3712 ethoe

543 3739 709 3794 nimis
728 3755 890 3810 quam
914 3740 1085 3795 multa
1109 3756 1241 3813 erga
1272 3757 1374 3797 nos
1393 3750 1493 3797 tua
1513 3742 1571 3797 fit
1596 3744 1951 3815 benignitate.
1976 3746 2119 3800 Exo-

545 3831 659 3887 rire
678 3833 899 3889 tandem
910 3841 965 3888 et
986 3833 1187 3905 aﬂulge
1202 3834 1362 3897 mihi,
1382 3834 1841 3900 Domine,misere
1853 3838 2117 3908 collapso,

543 3924 738 3994 utique
761 3932 816 3979 tu
843 3924 910 3978 ad
934 3924 1375 3981 misericordiam
1399 3925 1652 3991 festinus,
1676 3926 1868 3983 tardus
1893 3927 1962 3982 ad
1982 3928 2123 3983 irro-

545 4015 776 4086 gandam
802 4030 1043 4086 poenam.
1072 4016 1318 4081 Manum,
1337 4031 1545 4085 quaeso,
1561 4025 1709 4073 tuam
1736 4017 1791 4072 in
1813 4033 1900 4073 me
1917 4034 2121 4088 expor-

548 4107 726 4177 rigere
749 4118 843 4161 tua
860 4106 1102 4178 digneris
1117 4108 1415 4164 clementia
1439 4117 1529 4169 :et
1549 4123 1635 4163 me
1660 4124 1691 4164 c
1713 4109 1941 4164 lacustri
1963 4110 2123 4165 fovea

548 4198 902 4268 iniquitatum
942 4214 1198 4254 mearum.
1247 4200 1477 4255 subleva
1504 4209 1562 4255 et
1617 4201 1816 4272 arrige.
1849 4202 1930 4257 Tu
1974 4203 2123 4257 enim

546 4290 699 4346 solus
725 4289 868 4347 Deus
898 4300 1119 4358 noster,
1148 4292 1245 4363 qui
1274 4293 1415 4347 nihil
1452 4295 1639 4349 minus
1667 4310 1833 4364 quam
1865 4303 1927 4350 ut
1967 4294 2123 4349 oble-

548 4381 717 4439 cteris
748 4381 1097 4451 pereuntium
1138 4390 1489 4452 peccatorum
1537 4385 2121 4456 depulsione,,l‘aciem

2220 3199 2349 3270 κρδν
2380 3196 2597 3248 λέοντα.
2643 3212 2661 3245 δ
2695 3192 2819 3244 ὀτι
2866 3190 2916 3243 οι
2948 3186 3150 3252 ζῶντες
3177 3180 3483 3270 γνώσονται
3527 3177 3625 3270 ὃτι-
3652 3176 3785 3270 ἀπο-

2220 3266 2529 3354 θανοῦνται,
2555 3285 2651 3339 καὶ
2674 3284 2723 3337 οἱ
2753 3280 2939 3351 νεκροὶ
2978 3277 3077 3331 οὐκ
3121 3274 3274 3327 ἴσασι
3293 3270 3387 3325 τδν
3410 3269 3550 3323 κύνα
3576 3267 3671 3319 τδν
3693 3266 3788 3318 ἀπ-

2219 3378 2582 3449 εγνωσμένον.
2625 3374 2789 3441 Λέγει
2830 3371 2888 3425 δὲ
2917 3370 3008 3423 καὶ
3028 3370 3057 3420 6
3084 3364 3295 3427 Παῦλος
3319 3360 3448 3431 περὶ
3469 3357 3563 3411 τεῦ
3601 3370 3784 3449 παραυ

2221 3446 2578 3528 πεπτωκότος
2594 3466 2651 3517 ὲν
2671 3461 2928 3532 Κορίνθῳ
2946 3454 3392 3518 ὲπιστέλ).ων,δτι
3415 3471 3433 3502 ι
3456 3446 3783 3502 Τούναντὶον

2224 3559 2424 3632 μᾶλλον
2466 3558 2610 3627 ὑμᾶς
2636 3550 2992 3625 χαρίσασθαι,
3023 3548 3119 3602 καὶ⁷
3155 3541 3558 3613 παρακαλέσαι,

2218 3628 2286 3723 τῇ
2318 3647 2682 3721 περισσοτέρᾳ
2712 3644 2859 3713 λύπῃ
2894 3637 3179 3707 καταποθῇ
3206 3638 3235 3689 6
3268 3632 3533 3694 τοιοῦτος.
3564 3628 3657 3681 Διὸ
3686 3643 3784 3723 πα-

2225 3718 2444 3817 ρακαλῶ
2474 3742 2618 3810 ὑμᾶς
2650 3718 2898 3808 κυρῶσαι
2948 3735 3028 3795 είς
3071 3729 3234 3785 αὐτὸν
3285 3727 3510 3817 ἀγάπην
3533 3763 3547 3785 ,
3570 3723 3689 3817 *ἵνα
3712 3718 3787 3817 pi;

2222 3808 2706 3900 πλεονεκτηθῶμεν
2735 3826 2841 3879 ὑπὸ
2890 3822 2984 3876 τοῦ
3015 3820 3231 3889 Σατανᾷ
3256 3832 3272 3847 ·
3306 3816 3365 3868 ού
3394 3816 3506 3882 γὰρ
3525 3810 3691 3866 αὑτοῦ
3721 3808 3788 3860 τὰ

2221 3927 2470 3997 νοήματα
2498 3919 2824 3989 ἀγνοοῦμεν.
2863 3934 2882 3967 ι
2919 3915 3030 3969 Καὶ
3056 3913 3216 3983 ἡμεῖς
3240 3904 3334 3962 οὖν
3361 3904 3789 3997 συναθλῇσωμεν

2197 3994 2424 4085 estita}
2469 4012 2668 4082 Παύλῳ
2711 4008 2965 4076 λέγοντες
2988 4018 3001 4033 ⁸
3037 4022 3056 4054 ι
3105 4002 3194 4054 Ἕν
3240 3998 3403 4052 παντὶ
3436 3994 3750 4060 θλιϐόμενοι
3773 4030 3788 4052 ,

2220 4109 2333 4164 ἀλλ’
2378 4107 2439 4160 ού
2491 4099 3019 4174 στενοχωρούμενοι·
3081 4091 3448 4163 ἀπορούμενοι
3478 4128 3494 4150 ,
3547 4085 3665 4140 ἀλλ’
3692 4085 3789 4137 οὐκ

2222 4197 2647 4270 ἐξαπορούμενοι
2672 4211 2685 4225 ·
2725 4191 3066 4259 διωκόμενοι,
3102 4185 3214 4239 ἀλλ’
3236 4187 3338 4237 οὐκ
3383 4175 3783 4270 ἐγκαταλειπό-

2227 4267 2415 4363 μενοι·
2452 4283 2935 4352 καταϐαλλόμενοι,
2959 4278 3072 4332 ἀλλ’
3103 4277 3204 4331 οὐκ
3231 4272 3435 4328 ἀπολλύ
3446 4267 3789 4363 aevom-ﬂav-

2223 4358 2343 4435 τοτε
2372 4379 2471 4448 τὴν
2504 4376 2772 4446 νέκρωσιν
2805 4370 2899 4424 τοῦ
2924 4367 3135 4438 Κυρίου
3175 4362 3348 4435 Ἰησοῦ
3385 4364 3444 4415 ὲν
3468 4359 3551 4429 τῷ
3582 4358 3793 4448 σώματι

552 4473 870 4542 neutiquam
895 4472 1096 4526 avertis
1128 4472 1198 4525 ab
1227 4487 1294 4526 eo
1322 4473 1418 4542 qui
1445 4474 1500 4528 in
1522 4483 1577 4529 te
1598 4444 1766 4530 unum
1791 4491 1916 4530 cum
1940 4476 2118 4547 lacry-

2226 4444 2635 4540 περιφέροντες.
2662 4463 2784 4516 ἰνα
2817 4459 2966 4527 καὶὴ
2997 4456 3109 4526 ζωὴ
3143 4452 3236 4547 τοῦ
3282 4450 3462 4547 Ἤισοῦ

550 4565 656 4619 mis
684 4560 928 4634 pressius
967 4559 1168 4614 mentis
1206 4559 1378 4613 aciem
1409 4560 1617 4631 deﬁgit.
1657 4561 1870 4633 1074
1898 4563 2125 4627 Exaudi,

548 4655 814 4719 Domine,
858 4652 1010 4708 servi
1060 4649 1145 4705 tui
1194 4665 1393 4706 vocem
1432 4652 1745 4707 clamantis
1782 4653 1853 4706 ad
1910 4662 1985 4714 te,
2038 4654 2126 4708 lu-

552 4762 788 4819 menque
864 4754 1026 4800 tuum
1084 4741 1305 4801 illustra
1360 4756 1525 4813 atque
1578 4743 1780 4797 irradia
1808 4743 1862 4796 in
1912 4759 2000 4799 me
2031 4744 2122 4814 qui

549 4841 860 4896 exstinctus
879 4840 991 4911 jam
1025 4856 1145 4894 sum
1165 4856 1187 4904 ;-
1206 4838 1539 4892 rorulentam
1575 4834 1920 4905 asperginem
1954 4835 2124 4891 sancti

553 4933 635 4989 tui
662 4931 901 5001 Spiritus
921 4928 1123 4985 instilla
1162 4930 1349 4994 inme,
1385 4936 1442 4985 et
1470 4939 1785 4998 promptam
1816 4926 1986 4982 animi
2014 4927 2130 4981 ala-

553 5025 803 5081 critatem
831 5021 1113 5093 impertire
1142 5021 1278 5077 mibi
1328 5020 1414 5075 vel
1460 5020 1723 5092 gratuito,
1754 5027 1814 5074 ut
1849 5018 2002 5089 quia
2044 5033 2132 5073 me

500 5180 501 5185 η
553 5132 705 5188 spem
756 5116 966 5188 alioqui
1000 5115 1199 5188 abjeei,
1237 5114 1595 5174 corroboretn
1652 5112 1922 5181 meipsum
1985 5111 2039 5165 in
2079 5119 2133 5166 te

553 5210 910 5266 vehementer
947 5217 1004 5264 et
1051 5206 1392 5265 conﬁrmem.
1463 5207 1651 5270 ἵει-ιο,
1724 5204 1796 5259 mi
1868 5203 2131 5267 Domine,

559 5319 579 5350 α
631 5302 911 5372 planctum
959 5313 1149 5355 meum
1193 5298 1251 5353 in
1289 5295 1559 5369 gaudium
1605 5295 1741 5351 mihi
1783 5311 1796 5360 ;
1848 5293 2129 5362 disrumpe

554 5406 774 5448 saccum
800 5405 984 5447 meum
1008 5399 1066 5446 et
1098 5388 1478 5459 circumcinge-
1501 5402 1587 5441 me
1614 5385 1800 5441 laetitia
1833 5387 1895 5439 ⁸⁸.
1933 5403 1950 5433 ι

623 5478 1288 5552 Complaoeataliquando
1310 5485 1370 5533 ut
1406 5476 1685 5543 desinam,
1705 5485 1761 5531 et
1788 5474 1859 5529 ab
1883 5473 2133 5529 occiduis

558 5585 723 5646 atque
757 5573 1084 5644 vespertinis
1111 5570 1249 5627 meis
1288 5569 1550 5641 operibus
1594 5569 2035 5638 inter-quiescam,
2069 5582 2130 5620 ac

634 5727 814 5785 "Psal
850 5742 999 5781 um
1044 5727 1126 5782 li;

2228 4535 2396 4629 tv‘tﬁ
2428 4535 2594 4626 θνητῇ
2631 4553 2795 4624 σαρκὶ
2825 4549 3000 4625 ἡμῶν,
3040 4567 3061 4599 ι
3091 4545 3201 4598 Καὶ
3240 4539 3419 4605 αὖθις,
3453 4559 3471 4592 ι
3518 4540 3578 4592 '0
3608 4535 3797 4629 Πατὴρ

2229 4650 2339 4704 τῶν
2372 4626 2671 4714 οἰκτιρμῶν
2697 4681 2711 4702 ,
2755 4640 2849 4694 καὶ
2882 4638 3015 4699 Θεὸς
3049 4636 3230 4705 πάσης
3263 4631 3685 4705 παρακλήσεως,
3706 4626 3797 4680 καὶ

2228 4746 2256 4797 6
2293 4736 2624 4811 παρακαλῶν
2667 4733 2811 4803 ἡμᾶς
2843 4734 2908 4783 ἐν
2933 4729 3083 4798 πάσῃ
3118 4728 3185 4798 τῇ
3216 4725 3393 4793 θλίψει
3422 4720 3585 4793 ἡμῶν
3625 4716 3797 4811 sica-6

2229 4807 2491 4886 δύνασθαι
2520 4827 2671 4896 ἡμᾶς
2704 4820 3039 4893 παρακαλεῖν
3060 4817 3188 4880 τοὺς
3221 4817 3280 4869 ἑν
3306 4814 3455 4881 πάσῃ
3478 4810 3678 4880 θλίψει,
3712 4807 3796 4860 διά

2228 4924 2329 4994 τῆς
2356 4918 2775 4991 παρακλήσεως,
2801 4908 2869 4985 ἧς
2899 4905 3362 4983 παρακαλούμεθα
3385 4903 3542 4958 αὐτοὶ
3569 4900 3677 4994 ὑπὸ
3695 4897 3793 4994 ⁸τοῦ

2229 4992 2389 5069 Θεοῦ·
2420 5015 2502 5066 ὅτι
2543 5008 2727 5071 καθὼς
2769 5002 3084 5076 περισσεύει
3120 5001 3190 5054 τά
3218 4998 3520 5067 παθήματα
3549 4993 3648 5046 τοῦ
3693 4992 3799 5054 Ἰηο.

2232 5107 2350 5169 σοῦ,
2383 5104 2526 5159 οὕτω
2570 5102 2659 5155 διὰ
2694 5098 2788 5152 τοῦ
2820 5092 3058 5167 Χριστοῦ
3086 5089 3400 5163 περισσεύει
3428 5088 3525 5140 καὶ
3553 5087 3585 5153 ἡ
3616 5082 3789 5152 napi.

2232 5198 2424 5267 κλησις
2456 5193 2635 5263 ἡμῶν.
2670 5190 2795 5243 Εἴτε
2819 5188 2877 5241 δὲ
2902 5183 3225 5254 θλιθόμεθα,
3252 5180 3341 5233 διὰ
3374 5179 3474 5247 τῆς
3508 5175 3664 5267 ὑμῶν
3694 5189 3795 5267 πα-

2238 5265 2557 5362 ρακλήσεως
2586 5285 2680 5338 καὶ
2710 5278 3001 5350 σωτηρίας·
3047 5275 3157 5328 εἴτε
3192 5266 3690 5362 παρακαλούμεθα,
3711 5265 3793 5318 διὰ

2234 5358 2333 5454 τῆς
2384 5358 2538 5446 ύμῶν
2584 5373 2984 5446 παρακλήσεως
3019 5372 3116 5439 τῆς
3152 5362 3551 5454 ξνεργουμένης⁵
3584 5358 3793 5454 £9630-

2240 5449 2379 5543 μονῇ
2419 5469 2526 5523 τῶν
2555 5465 2717 5522 αύτοῦ
2767 5450 3232 5533 παθημάτων,·ὧν
3265 5454 3361 5507 καὶ
3408 5453 3571 5522 ἡμεῖς
3598 5449 3791 5543 stac?-

2245 5537 2493 5633 μεν,καὶ
2536 5560 2568 5628 ἡ
2608 5557 2759 5620 ἐλπὶς
2799 5552 2953 5624 ἡμῶν
2994 5548 3204 5620 βεϐαία.
3246 5566 3263 5597 ι
3293 5544 3384 5612 Μὴ
3431 5538 3525 5594 οὖν
3570 5537 3788 5613 παραδε-
