4030 6296
275 309 417 381 1525

1171 318 1494 378 nouum
1538 319 1876 378 xxv1r.-—
1906 272 2002 379 Dia
2042 315 2638 379 DESPERATIONE.

3390 312 3529 376 1526

275 427 521 498 ξώμεθα,
541 424 836 497 ἀγαπητοὶ,
862 428 959 496 τὴν
986 426 1252 500 κακίστην
1274 446 1337 482 συ
1348 427 1606 499 μόουλίαν
1626 426 1719 480 τοῦ
1737 428 1849 480 δια-

1952 429 2166 483 demum
2198 429 2490 485 diluculari
2516 438 2573 484 et
2598 428 2863 485 matutina
2902 424 3152 499 perfruar
3182 422 3391 495 requie,
3415 441 3518 493 qua

272 519 457 584 ϐἇλου,
483 517 650 588 ἤγουν
685 520 779 588 τῆς
822 518 1206 586 ἀπογνώσεως·
1244 520 1369 590 μηδ’
1410 520 1548 582 ὅλως
1576 519 1714 592 εὕρῃ
1745 536 1850 572 πα-

278 609 553 683 ρείσδυσιν
586 612 667 671 είς
715 610 881 680 ἡμᾶς.
913 608 1061 681 Αὕτη
1113 610 1221 681 γὰρ
1248 611 1395 663 ὲστιν
1430 613 1463 681 ri,
1494 613 1674 663 τελεία
1705 608 1850 680 χαρὰ

273 699 371 755 τοῦ
402 700 669 754 διαὸόλου·
698 700 834 753 ἀλλὰ
860 700 1060 770 μᾶλλον
1072 700 1440 770 ἀνανήψωμεν
1483 700 1559 764 ὡς
1589 702 1616 752 ὁ
1642 701 1849 763 ἄσωτος

273 792 413 856 υίὸς,
439 791 535 846 καὶ
571 791 990 863 ἐπιστρέψωμεν
1032 792 1169 863 πρὸς
1207 792 1300 845 τὸν
1326 790 1704 862 εὖσπλαγχνον
1732 794 1849 845 Πα-

272 884 411 955 τέρα
444 882 582 954 μετὰ
609 882 790 945 αἰδοῦς
821 883 914 935 καὶ
947 885 1122 954 χαρᾶς
1142 898 1154 911 ⁸
1187 885 1282 936 καὶ
1304 883 1570 954 εἴπωμενο
1598 902 1617 933 ι
1645 884 1845 951 Πάτερ,

272 973 529 1044 ἥμαρτον
561 975 641 1035 είς
679 971 771 1025 τὸν
808 972 1038 1042 οὐρανὸν
1088 974 1182 1026 καὶ
1214 972 1444 1026 ἐνώπιόν
1479 990 1594 1037 σου,
1641 990 1661 1024 ι
1697 970 1848 1036 δέξαι

279 1080 348 1134 με
390 1064 464 1124 ὼς
511 1062 607 1116 ἕνα
653 1062 761 1118 τῶν
803 1062 1031 1132 μισθίων
1082 1080 1174 1116 σου
1197 1077 1212 1091 '
1245 1064 1340 1116 καὶ
1376 1063 1636 1131 είσάγαγέ
1673 1080 1736 1133 με
1770 1065 1861 1126 εἰς’

274 1154 377 1223 τὴν
413 1153 655 1224 μάνδραν
690 1170 784 1206 σου
814 1152 874 1205 τὸ
898 1152 1175 1217 ἀπολωλὸς
1198 1152 1488 1223 πρόϐατον·
1518 1153 1606 1206 ἴνα
1636 1153 1715 1222 μὴ
1742 1152 1849 1217 ἔξω

276 1244 454 1313 εὑρών
483 1261 549 1313 με
575 1246 603 1295 ὁ
622 1243 785 1307 λύκος
816 1246 845 1296 ὁ
871 1243 1087 1313 λυμεὼν
1124 1244 1420 1317 καταφάγῃ
1451 1263 1538 1315 με.
1580 1240 1711 1298 Οἶδα
1740 1246 1849 1316 γάρ

278 1350 359 1398 σε,
393 1334 662 1397 Δέσποτα,
711 1333 804 1386 τὸν
854 1333 1016 1386 καλὸν
1070 1333 1319 1402 ποιμένα,
1360 1335 1454 1387 καὶ
1508 1334 1706 1404 λιμένα
1740 1334 1850 1387 τῶν

276 1424 719 1495 χειμαζομένων.
755 1423 945 1476 ἐλπίδα
990 1422 1099 1475 τῶν
1147 1423 1613 1493 ἀπηλπισμένων,
1664 1426 1849 1495 ίατρδν

276 1515 389 1567 τῶν
412 1510 854 1589 ἀπεγνωσμένων
873 1530 888 1546 ο
919 1514 1177 1585 ἐπίδησον
1201 1513 1250 1578 d,
1281 1516 1550 1578 Δέσποτα,
1582 1515 1651 1568 τὰ
1679 1517 1850 1585 τραύ-

281 1608 431 1678 ματά
459 1625 560 1678 μου
590 1607 757 1677 ἐλαίῳ
793 1607 889 1660 κοιλ⁵
923 1606 1070 1675 οἴνῳ,
1105 1604 1141 1660 ἃ
1186 1606 1431 1676 ὲτρὼθην
1465 1608 1568 1660 ὑπὸ
1598 1609 1707 1661 τῶν
1754 1608 1848 1679 λῃο

279 1698 443 1752 στῶν.
474 1698 645 1760 Αὐτὸς
670 1698 780 1767 γὰρ
799 1692 980 1760 εἴπας,
1015 1696 1213 1766 Κύριε·
1252 1715 1271 1747 ι
1302 1698 1375 1750 Οὐ
1407 1697 1597 1768 χρείαν
1633 1698 1848 1769 ἔχουσιν

279 1790 332 1842 οί
362 1787 697 1856 ὑγιαίνοντες
725 1788 932 1858 ἰατροῦ.
959 1788 1073 1841 ἀλλ’
1096 1789 1145 1840 οἱ
1177 1787 1362 1850 κακῶς
1388 1788 1621 1858 ἔχοντες.
1659 1810 1676 1841 ι
1727 1790 1851 1842 Ἐὰν
1885 1772 1924 1826 Β

277 1879 423 1933 οὕτω
453 1880 673 1950 δεηθῇς.
713 1882 899 1951 ἐγερεῖ
946 1879 1021 1942 ὡς
1059 1879 1152 1932 τὸν
1199 1880 1532 1950 παραλυτον.
1567 1882 1660 1934 καὶ
1711 1881 1854 1946 λέξει

282 1988 405 2026 σοι’
449 1991 468 2024 ι
508 1973 613 2025 Ἴδε
646 1972 803 2044 ὑγιὴς
834 1974 1085 2041 γέγονας,
1125 1975 1323 2043 μηκέτι
1351 1974 1654 2045 ἁμάρτανε.
1698 1995 1715 2026 ι
1752 1976 1858 2029 Δύ-

280 2064 373 2125 τὸς
404 2063 514 2134 γὰρ
545 2064 749 2133 Κύριος
787 2064 1170 2133 παραδολικῶς
1216 2061 1335 2117 εἶπε
1380 2065 1509 2134 περὶ
1539 2065 1636 2134 τῆς
1658 2066 1855 2136 χήρας,

282 2155 379 2207 καὶ
409 2154 498 2208 τοῦ
530 2155 719 2224 κριτοῦ
750 2157 847 2225 τῆς
874 2157 1107 2220 ἀδικίας,
1140 2158 1269 2226 περὶ
1294 2156 1385 2209 τοῦ
1413 2157 1521 2209 δεῖν
1552 2159 1698 2227 ἡμᾶς
1720 2159 1858 2213 πάν-

278 2262 402 2299 τοτε
439 2245 712 2316 εὔχεσθαι,
748 2248 843 2300 καὶ
875 2247 949 2319 μὴ
979 2251 1253 2302 ἐκκακείν.
1287 2250 1398 2303 Καὶ
1445 2251 1642 2317 ὲπάγει
1672 2266 1686 2281 ·
1731 2270 1750 2301 ι
1797 2250 1855 2304 ’0

176 2359 189 2369 ι
281 2338 417 2401 Θεὸς
469 2340 530 2391 οὐ
587 2338 659 2408 μὴ
720 2340 933 2411 ποιήσει
978 2340 1075 2411 τὴν
1122 2341 1400 2412 ἐκδίκησιν
1433 2341 1542 2395 τῶν
1582 2341 1859 2396 ἐκλεκτῶν

280 2426 475 2489 αὑτοῦ,
499 2427 608 2479 τῶν
640 2427 887 2497 βοώντων
918 2431 1052 2498 προς
1084 2430 1246 2483 αὐτὸν
1276 2430 1491 2500 ἡμέρας
1518 2434 1611 2483 καὶ
1640 2432 1856 2495 νυκτὸς,

1951 533 2009 578 tu
2039 533 2163 579 tuos
2199 524 2404 579 electos
2452 520 2903 591 tranquillissime
2927 518 3189 581 refoves,"
3214 517 3462 579 Domine,
3491 531 3522 571 a
3612 516 3619 527 ‘

1949 616 2154 687 quibus
2184 629 2348 685 porro
2380 613 2539 669 dolor
2577 612 2716 683 fugit
2740 628 2802 666 ac
2833 610 3090 682 gemitus.
3142 609 3314 679 Regni
3345 608 3422 662 tui
3442 609 3524 679 ja-

1947 722 2057 762 nua
2092 707 2271 770 mihi,’
2305 721 2513 777 quaeso,
2567 704 2937 773 adaperiatur,
2974 713 3036 756 ut
3065 717 3185 757 eam
3246 702 3530 771 ingressus

1949 812 2073 853 cum
2106 798 2196 852 his
2222 797 2317 867 qui
2358 796 2565 851 lumine
2590 795 2775 848 vultus
2803 793 2902 859 tui,
2934 793 3185 857 Domine,
3233 791 3525 862 perfruunu

1950 897 2064 955 tur,
2094 889 2316 943 demum
2349 888 2466 957 ipse
2514 885 2769 957 perfruar
2806 885 2973 940 etiam
3002 883 3254 939 beatifica
3287 882 3541 952 perfrui-

1951 980 2098 1035 tione
2126 990 2344 1035 aeternae
2391 974 2541 1033 illius
2591 986 2698 1033 tua;
2726 978 2869 1042 vitae,
2906 978 2961 1031 in
3002 975 3224 1031 Christo
3256 974 3385 1030 Jesu
3419 975 3526 1028 Do-

1950 1072 2101 1126 mino
2129 1083 2342 1126 nostro.
2371 1069 2451 1126 Ad
2489 1085 2616 1124 eum
2647 1068 2893 1133 modum,
2925 1068 2971 1123 si
2999 1068 3214 1139 dejecto
3242 1075 3297 1121 et
3328 1067 3533 1120 humili-

1949 1163 2117 1219 corde
2165 1163 2267 1233 ipsi
2327 1162 2698 1233 procidemus,
2749 1162 2940 1231 utique
2982 1169 3227 1215 nostram
3270 1159 3549 1214 admittet

1949 1252 2411 1322 deprecationem.
2475 1251 2549 1305 ‘ln
2602 1252 2752 1305 omni
2810 1250 2977 1320 igitur
3039 1247 3351 1319 aﬂ‘ulgentia
3384 1248 3567 1301 lucis.

1950 1344 2148 1399 divinze
2174 1359 2282 1413 qua
2316 1343 2578 1398 illustrari
2617 1357 2718 1397 nos
2744 1342 3013 1395 sentimus
3039 1347 3095 1395 et
3132 1337 3522 1404 circumfundi,

1950 1435 2279 1507 hymnorum
2315 1433 2651 1501 laudumque
2679 1431 2870 1502 jubilis
2908 1444 3132 1486 necesse
3166 1428 3237 1483 sit
3259 1428 3438 1497 ipsum
3464 1435 3524 1481 ut

1949 1526 2313 1582 celebremus.
2356 1525 2476 1595 Ipse
2508 1524 2656 1579 enim
2702 1523 2975 1577 bonorum
3035 1521 3282 1575 omnium
3332 1526 3526 1596 auctor

1949 1627 2055 1682 est,
2084 1618 2427 1688 origo,‘vita,
2456 1614 2719 1694 essentia.
2749 1613 2899 1667 Idem
2937 1626 3127 1666 eorum
3160 1624 3383 1680 quoque
3429 1609 3521 1679 qui
3558 1656 3564 1663 .

1951 1711 2171 1780 ab.ipso
2208 1708 2560 1764 desciverunt
2610 1704 2889 1760 revocatio
2915 1711 2971 1758 et
3021 1702 3354 1757 resurrectio
3383 1718 3399 1768 ;
3428 1701 3522 1771 qui
3550 1712 3573 1745 ςη

1955 1808 2135 1854 autem
2166 1806 2221 1853 et
2268 1797 2615 1851 deﬂuxerunt
2649 1803 2811 1864 atque
2858 1791 3097 1864 prolapsi
3129 1800 3277 1853 sunt,
3313 1799 3545 1845 restant

1957 1892 2096 1945 ratio
2123 1905 2186 1944 ac
2232 1887 2587 1944 reformatio:
2639 1886 2904 1941 stantium
2939 1881 3169 1953 proinde
3213 1881 3444 1936 ﬁrmitas
3470 1889 3526 1935 et

1954 1981 2207 2036 tutelaris
2275 1979 2566 2050 protectio.
2618 1978 2763 2032 Dixit
2823 1977 3219 2032 Ecclesiastes:
3262 1975 3360 2030 Est
3400 1988 3527 2043 spes

1955 2072 2082 2141 quia
2126 2090 2143 2121 ι
2171 2070 2323 2124 canis
2372 2069 2536 2122 vivus
2584 2066 2781 2120 melior
2820 2071 2905 2120 est
2936 2065 3095 2119 leone
3128 2071 3350 2118 mortuo
3372 2062 3417 2095 τ’
3447 2080 3461 2116 :
3502 2082 3521 2114 ι

1956 2163 2049 2233 qui
2085 2162 2232 2216 enim
2256 2161 2469 2225 vivunt,
2507 2158 2707 2228 utique
2723 2164 3000 2212 noverunt
3048 2170 3106 2211 se
3129 2169 3251 2211 esse
3291 2154 3526 2209 moritu-

1963 2253 2322 2321 ros;mortui
2372 2266 2523 2315 vero,
2556 2265 2624 2304 ne
2670 2264 2861 2305 canem
2913 2248 3135 2318 quidem
3180 2247 3525 2317 deploratum

1962 2345 2163 2399 sciunt.
2198 2342 2305 2398 Sed
2336 2351 2391 2397 et
2424 2342 2627 2397 Paulus
2675 2339 2742 2395 de
2769 2354 2837 2395 eo
2867 2338 2960 2409 qui
3002 2337 3254 2393 Corinthi
3280 2337 3333 2389 in
3365 2351 3528 2407 grave
3622 2357 3630 2367 ι

1954 2438 2251 2507 impegerat
2279 2435 2562 2497 delictum,
2596 2448 2693 2503 per
2713 2432 3015 2501 Epistolam
3044 2429 3178 2484 dicit
3204 2446 3216 2482 :
3251 2448 3269 2480 ι
3295 2428 3373 2483 Ita
3404 2436 3464 2481 ut
3497 2443 3528 2480 e

281 2517 379 2568 καὶ
428 2515 806 2587 μακροϐυμεῖς
851 2519 938 2571 ναὶ
985 2518 1130 2586 λέγω
1183 2520 1332 2587 ὑμῖν,
1379 2519 1460 2572 ὅτι
1507 2522 1722 2590 ποιήσει
1754 2521 1854 2591 τὴν

1953 2524 2232 2579 contrario
2282 2521 2454 2590 magis
2517 2518 2735 2574 donetis
2756 2526 2813 2573 et
2856 2514 3238 2579 consolemini,
3266 2528 3337 2568 ne
3387 2512 3528 2566 forte

283 2608 564 2678 ἐκδίκησιν
596 2610 778 2664 αὐτῶν
820 2612 876 2663 ὲν
908 2610 1083 2680 τάχει.
1134 2630 1152 2663 ι
1187 2609 1347 2680 Αὐτῷ
1384 2612 1414 2680 ἡ
1448 2610 1572 2674 δόξα
1606 2615 1687 2675 είς
1729 2613 1855 2675 τοὺς

1952 2612 2344 2669 abundantiori
2369 2594 2590 2667 tristitia
2613 2611 2978 2666 absorbeatur
3007 2609 3054 2664 is
3079 2626 3094 2662 :
3131 2616 3357 2679 propter
3380 2602 3527 2675 quod

280 2697 453 2751 αἰῶνα
467 2718 505 2761 ς.
549 2700 603 2751 Ἀ
616 2700 741 2770 μήν.

1952 2706 2186 2760 obsecro
2217 2721 2315 2759 vos
2349 2714 2409 2757 ut
2447 2703 2785 2758 conﬁrmetis
2814 2702 2868 2756 in
2898 2702 3052 2756 illum
3087 2700 3433 2759 charitatem,
3470 2707 3528 2751 ut

279 2806 352 2845 ne
389 2793 889 2847 circumveniamur
911 2809 941 2846 a
973 2791 1172 2847 Satana
1197 2809 1211 2855 ;
1248 2807 1356 2846 non
1382 2792 1528 2845 enim
1590 2792 1903 2861 ignoramus
1940 2796 2300 2866 cogitationes
2321 2796 2525 2866 ejus".
2549 2814 2567 2846 ι
2596 2793 2709 2849 Nos
2732 2793 2916 2862 itaque
2944 2806 3069 2846 cum
3111 2790 3277 2845 Paulo
3301 2788 3555 2859 parilem.

281 2900 514 2954 agonem
538 2887 1238 2954 sustineamus,dicentes:
1308 2886 1415 2940 «In
1486 2887 1744 2942 omnibus
1803 2889 2213 2945 tribulationem
2281 2890 2544 2959 patimur,
2592 2888 2690 2944 sed
2757 2903 2865 2943 non
2925 2886 3344 2958 angustiamur;
3401 2898 3537 2952 apo-

289 2977 525 3043 riamur,
550 2977 645 3031 sed
678 2993 787 3031 non
848 2977 1241 3042 destituimur;
1289 2973 1727 3046 persecutionem
1784 2982 2042 3048 patimur,
2082 2982 2179 3036 sed
2228 2998 2339 3036 non
2395 2980 2823 3050 delinquimur;
2891 2978 3203 3049 dejicimur,
3257 2977 3353 3032 sed
3419 2992 3528 3030 non

281 3066 531 3136 perimus
577 3084 592 3133 ;
679 3082 896 3137 semper
949 3064 1426 3121 mortificationem
1486 3066 1614 3122 Jesu
1693 3069 1747 3121 in
1815 3084 2046 3141 corpore
2104 3071 2601 3134 circumferentes,
2634 3076 2695 3123 ut
2733 3075 2789 3123 ct
2843 3068 2951 3122 vita
3008 3068 3137 3124 Jesu
3206 3066 3530 3121 manifeste-

285 3167 380 3214 tur
407 3158 462 3211 in
502 3172 668 3212 carne
718 3167 906 3212 nostra
960 3156 1177 3210 mortali
1210 3157 1278 3210 τ’.
1313 3174 1330 3205 ι
1369 3155 1579 3210 Rursus
1610 3174 1623 3209 :
1654 3175 1673 3207 ι
1709 3158 1870 3213 Pater
1908 3160 2417 3215 misericordiarum
2467 3166 2523 3215 et
2544 3160 2691 3216 Deus
2741 3159 2910 3214 totius
2950 3158 3369 3223 consolationis,
3433 3157 3530 3229 qui

282 3252 600 3321 consolatur
625 3268 725 3307 nos
750 3253 805 3305 in
839 3251 988 3305 omni
1017 3250 1372 3305 tribulatione
1400 3266 1500 3319 per
1528 3252 1960 3307 consolationem
1990 3270 2099 3323 qua
2146 3255 2494 3309 consolamur
2564 3269 2595 3308 τι
2664 3255 2777 3309 Deo
2809 3270 2823 3320 ;
2888 3254 3017 3323 quia
3058 3252 3202 3307 sicut
3247 3251 3534 3325 abundant

279 3347 569 3415 passiones
603 3346 752 3409 Jesu,
789 3347 862 3400 ita
892 3360 988 3414 per
1020 3343 1299 3399 Christum
1331 3343 1574 3397 abundat
1600 3353 1657 3400 et
1682 3346 1983 3401 consolatio
2017 3356 2200 3402 nostra
2228 3366 2244 3415 ;
2293 3349 2409 3403 sive
2473 3350 2823 3414 tribulamur,
2870 3363 2970 3418 pro
3031 3356 3214 3402 vestra
3271 3346 3529 3402 exhorta-

283 3440 432 3495 tione
457 3449 513 3494 et
558 3441 758 3499 salute.
786 3440 901 3494 sive
953 3439 1057 3509 ipsi
1094 3439 1461 3503 consolamur,
1503 3454 1597 3509 per
1625 3448 1864 3494 vestram
1903 3441 2334 3497 consolationem
2365 3459 2486 3512 qua:
2513 3442 2808 3499 efﬁcaciter
2855 3450 3114 3514 Operatur
3158 3441 3215 3496 in
3284 3431 3532 3494 telcran-

283 3534 362 3589 tia
392 3532 711 3602 passionum
758 3535 953 3604 ipsius,
997 3548 1135 3603 quas
1176 3542 1234 3586 et
1255 3548 1356 3586 nos
1384 3532 1647 3602 patimur,
1673 3541 1727 3587 et
1752 3548 1878 3602 spes
1908 3544 2097 3589 nostra
2137 3536 2291 3590 firma
2323 3547 2407 3593 est
2428 3538 2495 3592 ⁷⁸.
2528 3557 2547 3589 ι
2580 3538 2659 3593 Ne
2688 3538 2884 3609 igitur,
2939 3536 3247 3594 charissimi
3268 3576 3283 3600 ,
3339 3544 3531 3602 trucu-

281 3628 572 3687 lentissimi
618 3628 776 3682 istius
806 3628 1105 3715 daemonis,
1141 3620 1352 3700 1075
1382 3645 1575 3699 nempe
1614 3630 2033 3700 desperationis,
2110 3646 2350 3700 unquam
2395 3610 2781 3685 admiserimus
2819 3629 3133 3694 consilium,
3190 3638 3251 3684 ut
3318 3644 3386 3682 ne
3428 3643 3535 3697 qua

282 3737 353 3776 ex
384 3732 538 3792 parte
585 3724 889 3793 comperiat
939 3724 1149 3778 aditum
1189 3740 1300 3793 quo
1336 3739 1394 3779 se
1475 3725 1643 3779 menti
1694 3735 1895 3780 nostrae
1932 3724 2323 3781 blandissimus
2388 3733 2669 3781 veterator
2724 3724 3015 3788 insinuet,
3065 3723 3277 3777 clamve
3330 3722 3535 3792 irrepat

284 3815 474 3884 (aliud
497 3817 645 3872 enim
675 3818 815 3872 nihil
840 3818 1154 3887 desperatio
1197 3833 1364 3888 quam
1406 3818 1710 3888 perfectum
1747 3818 1953 3872 diaboli
1982 3818 2328 3889 gaudium);
2392 3816 2524 3887 quin
2577 3815 2761 3887 potius
2825 3830 2929 3871 nos
2989 3814 3138 3883 ipsos
3200 3813 3535 3882 recipiamus

283 3905 353 3960 ad
388 3906 582 3963 sobria:
612 3923 677 3962 ac
730 3908 977 3963 melioris
1033 3908 1161 3963 vitae
1203 3908 1437 3978 frugem,
1464 3909 1714 3979 exemplo
1755 3909 1852 3963 ﬁlii
1890 3909 2126 3980 prodigi.
2154 3908 2292 3965 Cum
2322 3908 2629 3964 reverentia
2653 3906 2815 3962 simul
2841 3913 2897 3961 et
2953 3904 3151 3975 gaudio
3203 3903 3271 3957 ad
3296 3904 3536 3957 clemen-

284 3994 560 4049 tissimum
608 3996 822 4050 Patrem
881 4005 1291 4061 convertamur,
1334 3998 1424 4052 cui
1475 4008 1532 4052 et
1578 3997 1827 4053 dicamus
1860 4017 1874 4052 :
1924 4019 1942 4051 ι
1972 3998 2154 4063 Pater,
2186 3999 2407 4067 peccavi
2440 3998 2496 4052 in
2521 3997 2722 4053 omium
2747 4004 2804 4051 et
2835 4009 3021 4050 coram
3082 4002 3134 4049 te
3165 3993 3230 4059 7",
3265 4011 3282 4044 ι
3317 3993 3535 4063 suscipe

283 4102 375 4141 me
406 4097 467 4141 ut
499 4104 669 4142 unum
723 4089 960 4158 aliquem
988 4106 1018 4144 e
1068 4090 1424 4146 mercenariis
1471 4091 1599 4154 tuis,
1672 4109 1872 4163 meque
1910 4093 2170 4148 introduc
2202 4092 2256 4146 in
2310 4092 2525 4147 caulam
2567 4088 2749 4161 gregis
2810 4087 2910 4153 tui,
2948 4086 3217 4142 oviculam
3253 4084 3396 4138 hanc
3427 4084 3534 4137 mi-

284 4193 410 4235 sere
437 4179 726 4248 perditam,
753 4190 814 4235 ut
856 4197 924 4235 ne
966 4190 1121 4236 extra
1153 4183 1325 4236 caulas
1356 4192 1463 4237 tuae
1500 4192 1653 4253 septa
1684 4184 1962 4239 inventam
1986 4185 2232 4240 hiulcula
2272 4183 2431 4239 fauce
2474 4181 2772 4237 absorbeat
2828 4180 2993 4250 lupus
3049 4178 3141 4232 ille
3188 4175 3535 4230 truculentus

283 4278 599 4338 corruptor.
633 4270 796 4325 Plane
825 4272 951 4326 novi
975 4287 1099 4342 ego,
1131 4272 1202 4324 mi
1228 4271 1399 4337 Here,
1425 4272 1633 4327 bonum
1666 4281 1719 4329 te
1742 4290 1864 4330 esse
1899 4284 2197 4343 pastorem,
2260 4290 2325 4329 ac
2362 4289 2556 4329 eorum
2603 4288 2726 4328 esse
2778 4270 3117 4326 tutissimum
3180 4277 3401 4340 portum
3437 4271 3534 4339 qui

284 4360 482 4431 quavis
504 4370 822 4431 tempestate
853 4363 1052 4422 misere
1080 4364 1476 4433 pereelluntur,
1540 4380 1690 4433 spem
1749 4367 2111 4420 certissimam
2153 4366 2221 4420 de
2286 4380 2346 4420 se
2397 4363 2851 4434 desperantium,
2899 4361 3293 4416 immedicabili
3342 4359 3537 4417 morbo

286 4450 1071 4519 desperationislaborantium
1095 4453 1584 4520 praesentissimum
1609 4452 1902 4507 medicum.
1922 4453 2087 4519 Cura,
2110 4470 2142 4507 ο
2168 4452 2395 4507 Domine
2421 4494 2436 4516 ,
2461 4451 2567 4506 olei
2593 4467 2656 4505 ac
2679 4451 2796 4505 'vini
2821 4449 3099 4504 infusionc
3123 4450 3353 4503 vulnera
3382 4462 3533 4505 mea.

284 4542 494 4613 quibus
514 4541 798 4611 praedones
816 4543 904 4597 isti
932 4559 1017 4599 me
1036 4544 1389 4599 inclementer
1411 4545 1860 4600 consauciarunt.
1879 4546 2062 4607 Certe,
2089 4547 2340 4610 Domine,
2363 4546 2481 4614 ipse
2504 4545 2690 4599 dixisti
2720 4563 2733 4599 :
2766 4565 2783 4596 ι
2808 4544 2929 4599 Non
2947 4551 3111 4613 egent
3135 4543 3228 4613 qui
3248 4541 3367 4597 sani
3406 4551 3535 4603 sunt

286 4631 525 4689 medico.
541 4631 635 4687 sed
658 4633 751 4701 qui
775 4634 915 4688 male
943 4634 1149 4688 habent
1170 4636 1237 4689 ⁷⁵.
1265 4654 1283 4685 ι
1314 4634 1427 4688 Hoc
1447 4645 1609 4704 pacto
1630 4651 1754 4689 cum
1773 4635 2040 4699 oraveris,
2056 4636 2327 4705 iacentem
2353 4613 2403 4690 te
2421 4644 2481 4689 ut
2500 4636 2650 4690 illum
2678 4634 3033 4706 paralyticum
3056 4633 3252 4703 eriget,
3279 4613 3535 4700 dicetque

287 4723 432 4779 tibi:
466 4742 485 4775 ι
521 4724 662 4779 Ecce
716 4739 883 4780 sanus
945 4725 1125 4779 factus
1155 4741 1264 4789 es;
1320 4727 1433 4795 j’am
1493 4726 1731 4795 amplius
1784 4727 1897 4780 noli
1939 4742 2169 4795 peccare
2214 4728 2281 4781 ⁷⁸.
2318 4747 2337 4778 ι
2390 4727 2540 4782 Idem
2584 4742 2823 4796 namque
2890 4726 3156 4781 Dominus
3223 4725 3292 4779 de
3358 4723 3523 4778 vidua

289 4814 387 4870 illa
421 4815 752 4884 parabolice,
784 4826 841 4870 et
868 4815 935 4871 de
987 4817 1175 4887 judice
1214 4817 1519 4887 iniquitatis
1581 4819 1740 4882 dixit,
1801 4827 2058 4889 oportere
2086 4836 2185 4875 nos
2241 4836 2459 4890 semper
2504 4836 2684 4886 orare,
2730 4835 2909 4890 neque
2976 4835 3216 4889 unquam
3285 4818 3536 4877 defctisci

288 4912 389 4958 aut
412 4902 696 4976 defatigari
716 4904 761 4935 ⁷⁷
792 4921 808 4969 ;
834 4919 1011 4974 eoque
1042 4905 1289 4960 inducit:
1330 4924 1347 4956 ι
1376 4907 1522 4962 Deus
1549 4916 1730 4961 autem
1755 4923 1863 4961 non
1907 4908 2073 4962 faciet
2111 4909 2379 4964 ultionem
2422 4911 2728 4966 electorum
2796 4925 3023 4965 suorum
3081 4910 3436 4965 clamantium
3471 4911 3533 4964 ad

289 5013 352 5052 se
391 4997 481 5052 die
530 5013 595 5053 ac
642 5007 833 5063 nocte,
894 5008 952 5054 et
998 4999 1394 5070 longanimiter
1436 5003 1675 5071 patietur
1710 5003 1734 5055 ?
1788 5003 1912 5057 dico
1950 5004 2129 5067 vobis,
2167 5005 2296 5074 quia
2324 5005 2642 5074 propediem
2674 5005 2835 5061 faciet
2870 5005 3134 5061 ultionem
3180 5019 3371 5059 eorum
3399 5004 3465 5055 π.
3514 5023 3530 5053 ι

289 5092 401 5162 Ipsi
432 5092 604 5164 gloria
636 5095 688 5149 in
721 5096 917 5150 saecula
946 5096 1289 5173 saeculorum.
1321 5099 1491 5151 Amen
1788 5096 1793 5101 ’

236 5314 241 5321 .
361 5270 408 5303 ⁷⁸
432 5269 612 5325 Eccle.
642 5285 715 5333 Ix,
745 5269 798 5323 4.
874 5270 917 5302 τι
963 5270 1007 5324 II
1030 5270 1156 5323 Cor.
1224 5287 1291 5331 η,
1321 5271 1373 5333 7,
1406 5271 1458 5331 8,
1496 5273 1579 5326 ll.
1666 5272 1711 5303 ⁷²
1741 5273 1781 5327 ΙΙ
1827 5271 1855 5327 C

1952 5313 1958 5328 ι
2017 5289 2086 5327 tv.
2131 5275 2303 5327 8—H.

361 5274 408 5303 "
433 5274 612 5325 Eccle.
642 5285 715 5333 Ix,
745 5274 798 5323 ι.
874 5274 917 5302 ⁷ι
963 5274 1007 5324 II
1030 5274 1156 5323 Cor.
1224 5287 1291 5331 η,
1321 5274 1373 5333 7,
1406 5274 1458 5331 8,
1496 5274 1579 5326 ll.
1666 5274 1711 5303 ⁷²
1741 5274 1781 5327 ΙΙ
1827 5274 1855 5327 C

284 5339 340 5373 τι
368 5339 533 5373 Μοίρι.
633 5356 681 5373 ιν
742 5339 805 5373 «ιθ
868 5340 913 5371 τε
945 5338 1070 5373 Ιησιη
1140 5356 1171 5373 υ
1222 5342 1286 5373 ΙᾹ
1386 5341 1569 5373 ulna
1624 5359 1744 5373 συ...
1800 5345 1817 5373 Ι

1952 5313 1970 5373 .s
2017 5275 2303 5373 t:\"..:‘l8—_=l‘l,.
2431 5275 2476 5307 ⁷³
2497 5275 2547 5329 Il
2565 5274 2693 5332 Cor.
2722 5294 2758 5342 ι,
2790 5278 2865 5333 ’5-
2886 5278 2946 5341 7.,

366 5339 558 5394 Matth.
631 5356 704 5400 Ix.
742 5339 825 5393 i2.
868 5338 1096 5394 "Joan.
1140 5356 1195 5405 ν,
1222 5342 1306 5395 14.
1386 5341 1429 5372 ⁷⁷
1456 5341 1589 5396 Luc.
1621 5359 1767 5407 xvnt,
1800 5345 1848 5397 I.

1952 5344 1970 5374 ³
2027 5343 2152 5398 ibid.
2189 5342 2300 5398 5-8.

3072 5278 3115 5308 7"
3156 5275 3290 5333 Luc.
3326 5289 3413 5339 iv.
3454 5273 3538 5330 ιδ.

1565 5522 1646 5576 VA
1660 5522 1794 5579 ΒΙᾹῖ
1826 5523 2231 5580 LEC'I'lUNl‘iﬁ.

362 5658 384 5696 ά
415 5654 689 5728 etiamm,
720 5655 898 5725 alliga,
934 5656 1197 5722 astringe;
1223 5656 1339 5725 lege
1396 5658 1747 5729 ἐπικήδητον.
