4030 6296
306 357 449 428 1529

1228 362 1556 428 HOMILIA
1596 360 1813 423 XXIX.
1850 390 1909 400 -—
1948 362 2044 423 DE
2087 358 2639 423 DETRACTIONE.

3422 358 3443 421 l
3455 359 3559 423 530

306 482 420 544 ζον,
476 478 726 544 λέγοντες
753 494 766 509 ·
804 478 945 531 «Διά
999 477 1051 530 τί
1111 478 1251 548 μετὰ
1298 458 1641 550 ἀμαρτωλῶν
1671 479 1881 534 ἐσθίετε

1987 480 2079 534 bat
2102 479 2425 534 audiamus:
2456 497 2474 529 ‹
2497 477 2690 533 Omnia
2709 476 2871 531 facite
2889 476 3009 557 sine
3028 474 3563 534 murmurationibus

302 572 401 624 καὶ
447 570 631 623 πίνετε
659 586 673 635 ;
713 589 732 622 ι
770 571 1023 640 Ἔχοντες
1059 566 1153 625 οὖν
1184 571 1239 623 τί
1273 573 1777 642 πατροπαράδοτον,
1805 573 1879 635 ὡς

300 665 467 716 κακοὶ
497 660 829 734 κληρονόμοι
871 660 1158 732 αἰσχίστης
1185 660 1574 733 κληρονομίας,
1609 666 1749 716 κατὰ
1783 663 1878 716 τοῦ

303 753 564 822 Σωτῆρος
596 752 753 822 ἡμῶν
788 751 1106 819 ἐγόγγυζον,
1139 753 1220 806 ὅτι
1260 749 1411 806 εἶπεν
1435 770 1450 784 ο
1486 773 1505 806 ι
1545 754 1684 822 Ἐγώ
1710 755 1827 823 εἰμι
1851 754 1880 807 ὁ

211 871 221 879 ·
303 846 475 914 ἄρτος
520 846 548 897 ὁ
598 843 842 907 καταϐὰς
874 845 938 896 ἐκ
989 842 1085 896 τοῦ
1134 844 1389 914 οὐρανοῦ.
1420 863 1439 896 ι
1496 844 1556 900 Ὀ
1589 845 1646 898 δὲ
1674 845 1878 917 Κύριος

305 934 446 1001 πρὸς
480 932 675 996 αὐτούς
703 948 718 963 °
752 951 770 983 ι
798 931 890 1002 Μὴ
913 934 1211 1002 γογγύζετε
1247 935 1365 1003 μετ’
1401 934 1672 1004 ἀλλήλων.
1704 934 1880 997 οὐδεὶς

302 1020 529 1093 δύναται
553 1022 729 1074 ἐλθεῖν
758 1022 895 1093 πρός
932 1040 1020 1092 με,
1053 1024 1147 1076 ἐὰν
1174 1022 1246 1093 μὴ
1275 1026 1302 1077 ό
1331 1025 1517 1096 Πατήρ
1548 1041 1649 1094 μου
1679 1026 1707 1078 ὁ
1736 1024 1880 1093 πέμ-

299 1112 413 1181 ψας
446 1128 535 1182 με,
570 1111 774 1182 ἐλκύσῃ
801 1112 985 1164 αὐτόν.
1015 1131 1035 1164 ι
1088 1113 1415 1181 Ἐγόγγυζον
1451 1114 1508 1166 δὲ
1536 1117 1628 1168 καὶ
1659 1115 1710 1167 οἱ
1740 1114 1876 1184 πρό-

302 1220 455 1274 τεροι
482 1202 712 1270 ἐργάται
748 1201 889 1253 κατὰ
915 1200 1009 1253 τοῦ
1034 1202 1438 1267 οἰκοδεσπότου,
1466 1202 1556 1255 διὰ
1591 1203 1717 1265 τοὺς
1749 1202 1879 1272 περὶ

301 1291 408 1362 τὴν
465 1291 756 1360 ἑνδεκάτην
807 1289 958 1359 ὥραν
1003 1291 1280 1355 ἐλθόντας,
1328 1293 1409 1345 ὅτι
1475 1310 1493 1343 ι
1522 1283 1685 1344 Οὗτοι
1748 1292 1878 1362 μίαν

304 1385 460 1454 ὥραν
508 1382 755 1446 ἐλθόντες
794 1382 1143 1451 εἰργάσαντο,
1192 1386 1287 1436 καὶ
1319 1384 1465 1447 ἴσους
1499 1385 1632 1454 ἡμῖν
1678 1383 1879 1448 αὐτοὺς

307 1474 574 1543 ἐποίησας
601 1476 714 1536 τοῖς
744 1473 1079 1542 βαστάσασιν
1107 1475 1167 1527 τὸ
1199 1475 1362 1545 βάρος
1392 1476 1491 1544 τῆς
1527 1475 1764 1546 ἡμέρας,
1791 1475 1883 1529 καὶ

304 1563 401 1616 τδν
429 1562 707 1618 καύσωνα.
732 1582 751 1613 ι
786 1564 895 1617 Καὶ
925 1564 1166 1634 ἥκουσαν
1201 1565 1333 1635 παρ’
1359 1564 1545 1618 αὐτοῦ’
1583 1585 1601 1617 ι
1640 1565 1880 1637 Ἑταῖρε,

275 1657 410 1725 ,οὐκ
444 1654 615 1708 ἀδικῶ
640 1671 698 1707 σε
720 1670 734 1684 ⁸
768 1655 890 1725 οὐχὶ
917 1655 1170 1727 δηναρίου
1203 1655 1561 1726 συνεφώνησά
1593 1675 1675 1711 σοι
1701 1674 1716 1722 ;
1750 1657 1884 1728 ἄρον

307 1747 371 1799 τὸ
406 1746 520 1813 σὸν,
556 1747 652 1799 καὶ
699 1743 877 1815 ὕπαγε
900 1762 914 1776 ’
948 1745 1089 1800 θέλω
1129 1746 1186 1798 δὲ
1229 1748 1324 1800 καὶ
1357 1748 1529 1817 τούτῳ
1558 1746 1636 1817 τῷ
1668 1747 1883 1819 ἐσχάτῳ

1981 582 2037 627 et
2058 570 2519 633 haesitationibus,
2540 577 2600 622 ut
2627 568 2749 623 sitis
2779 568 2895 622 sine
2925 568 3172 638 querela,
3196 580 3252 623 et
3282 569 3563 637 simplices

1987 662 2085 716 ﬁlii
2111 662 2205 716 Dei
2244 660 2363 716 sine
2391 658 2823 729 reprehensione
2845 659 2910 711 ⁸⁸.
2944 677 2963 708 ι
2986 658 3183 713 Merito
3209 659 3445 729 proinde
3477 660 3562 714 di—

1988 760 2136 807 ctum
2179 758 2302 807 est:
2338 769 2356 801 ‹
2385 749 2564 804 Arbor
2602 748 2728 802 vita:
2759 755 2863 808 est,
2887 738 3087 817 linguai
3129 749 3336 803 sanitas
3358 750 3426 815 ";
3464 748 3559 818 qui

1990 844 2137 898 enim
2181 857 2302 896 eam
2361 840 2636 902 custodit,
2681 838 3075 908 propiuquabit
3131 830 3351 907 spiritui
3407 838 3562 907 juxta

1991 932 2334 1002 Scrip’turam
2379 931 2445 983 ⁸⁸³.
2507 950 2525 980 ι
2590 928 2971 984 Parmmiastcs
3018 942 3237 1002 quoque
3301 929 3561 982 mandat.

1981 1023 2173 1079 dicens
2215 1040 2229 1076 :
2273 1043 2290 1074 ι
2336 1020 2623 1078 Custodite
2672 1021 2839 1090 igitur
2888 1037 2987 1075 vos
3035 1037 3064 1073 a
3118 1020 3560 1074 murmuratione

1980 1129 2102 1187 quae
2152 1112 2289 1167 nihil
2341 1111 2588 1180 prodest,
2645 1123 2701 1166 et
2744 1128 2772 1175 a
2820 1109 3161 1165 detractione
3207 1110 3414 1181 parcite
3458 1111 3563 1164 ltu-

1978 1219 2099 1274 guaa
2128 1205 2195 1257 ".
2261 1222 2280 1254 ι
2332 1202 2412 1257 Ne
2463 1202 2721 1256 dixeris:
2776 1221 2792 1253 ι
2827 1202 2966 1268 Quid
3027 1204 3230 1257 factum
3299 1203 3558 1271 est,quia

1981 1294 2102 1349 dies
2140 1294 2352 1363 priores
2402 1293 2631 1348 fuerunt
2676 1293 2933 1351 meliores
2989 1293 3111 1347 his?
3164 1293 3295 1346 quia
3355 1309 3465 1346 non
3506 1293 3560 1346 iu

1982 1385 2250 1454 sapientia
2298 1384 2520 1439 hac'de
2572 1400 2630 1438 re
2679 1384 3247 1454 iuterrogaverunt”'.
3276 1405 3292 1435 ι
3321 1381 3593 1453 Ejusmodi

1981 1476 2127 1530 enim
2166 1485 2634 1530 murmuratorum
2672 1485 2927 1545 nepotes,
2974 1477 3177 1531 Scriba:
3211 1489 3268 1529 et
3302 1475 3560 1529 Fharisa-i

1982 1565 2249 1621 adversus
2280 1565 2496 1620 Domini
2530 1565 2835 1635 discipulos
2863 1581 2964 1635 pro
3004 1581 3191 1620 amore
3230 1566 3377 1619 avito
3409 1581 3562 1618 inur-

1983 1657 2305 1715 murabant.
2351 1655 2637 1711 dicentes:
2679 1676 2697 1708 ι
2732 1656 2803 1711 Ut
2838 1655 2972 1725 quid
3006 1671 3132 1710 cum
3174 1655 3563 1724 peccatoribus

1983 1757 2038 1803 et
2065 1747 2374 1817 publicanis
2395 1746 2688 1801 manducat
2716 1756 2772 1801 et
2801 1747 2943 1801 bibit
2965 1748 3010 1779 ’°
3036 1747 3059 1799 Τ
3090 1747 3184 1801 lsti
3220 1747 3387 1816 igitur
3412 1760 3566 1815 pres-

305 1837 494 1890 δοῦναι
523 1838 597 1901 ὡς
624 1840 718 1891 καὶ
749 1838 859 1891 σοί·
881 1837 915 1908 ἢ
935 1839 1034 1891 οὐκ
1060 1838 1235 1902 ἔξεστί
1270 1856 1362 1908 μοι
1389 1839 1610 1907 ποιῆσαι
1635 1838 1663 1891 ὃ
1692 1838 1880 1902 θέλω,›

1988 1840 2104 1893 sius
2136 1846 2354 1892 tuentes
2394 1846 2675 1906 paternam
2719 1837 3100 1900 traditionem,
3131 1838 3287 1907 quasi
3338 1837 3564 1906 reprobi

305 1930 371 1980 ἐν
415 1930 528 1991 τοῖς
577 1931 763 1998 ἐμοίς;
814 1930 925 1982 Καὶ
994 1928 1256 1982 δεικνύων
1308 1929 1399 1982 τὸν
1445 1929 1639 1997 φθόνον
1683 1928 1885 1995 αὐτῶν,

1992 1927 2244 1982 ιιεεινθείεε
2277 1927 2596 1994 improbataa
2640 1927 2975 1981 haereditatis
3006 1935 3171 1997 atque
3211 1928 3560 1995 turpissimae,

310 2019 409 2070 καὶ
436 2018 536 2088 τὴν
565 2018 853 2088 πονηρίαν,
891 2018 1120 2086 ἐπάγει·
1162 2037 1179 2069 ι
1204 2019 1266 2070 Εἰ
1310 2018 1588 2092 ὀφθαλμός
1644 2034 1737 2069 σου
1788 2033 1885 2069 πο-

1989 2017 2252 2071 adversus
2296 2016 2595 2069 etiamnum
2648 2016 2840 2070 salutis
2887 2027 3089 2072 nostra:
3140 2017 3413 2071 vindicem
3464 2016 3565 2073 ob-

310 2110 478 2182 νηρός
515 2113 664 2164 ἐστιν
708 2112 791 2164 ὅτι
841 2111 954 2179 ἐγὼ
1004 2110 1207 2180 ἀγαθός
1266 2113 1417 2180 siut;
1453 2131 1471 2163 ι
1506 2110 1665 2183 Αὐτῷ
1693 2113 1726 2181 ή
1757 2108 1884 2173 δόξα

1989 2107 2444 2162 murmurabant:
2472 2107 2616 2176 quod
2670 2108 2717 2161 is
2754 2108 3008 2163 dixerat:
3042 2128 3058 2159 ι
3089 2110 3205 2179 Ego
3236 2124 3355 2163 sum
3402 2108 3563 2178 panis

311 2204 395 2265 εἰς
421 2203 546 2265 τοὺς
578 2203 802 2265 αἰῶνας.
844 2203 1040 2273 Ἀμήν.
1815 2272 1819 2277 1

1990 2200 2082 2269 qui
2131 2198 2419 2253 descendit
2465 2199 2532 2252 de
2582 2198 2722 2252 coelo
2763 2199 2844 2264 ἰς
2894 2218 2910 2250 ι
2946 2200 3212 2257 Dominus
3262 2202 3445 2254 autem
3492 2199 3561 2254 ad

310 2311 453 2351 eos:
487 2316 506 2348 ι
539 2296 679 2362 Quid
724 2298 1080 2353 murmuratis
1126 2298 1269 2353 inter
1317 2299 1448 2353 vos?
1499 2312 1663 2353 nemo
1702 2303 1885 2366 potest
1958 2295 2026 2349 ad
2076 2310 2161 2349 me
2200 2295 2421 2359 venire,
2459 2293 2565 2347 nisi
2639 2294 2803 2348 Pater
2855 2294 2950 2363 qui
2995 2293 3145 2347 misit
3193 2308 3299 2357 me,
3339 2292 3565 2346 traxerit

315 2407 445 2447 eum
473 2393 541 2446 θ’.
583 2411 604 2445 ι
639 2370 1052 2448 Murmurabant
1105 2401 1161 2446 et
1201 2394 1362 2462 primi
1410 2393 1486 2446 illi
1518 2391 1750 2461 Operarii
1790 2389 2056 2444 adversus
2108 2388 2580 2459 patremfamilias,
2649 2395 2879 2456 propter
2920 2401 3018 2441 eos
3080 2386 3175 2456 qui
3235 2386 3383 2441 circa
3414 2382 3566 2437 deci-

311 2499 461 2539 mam
510 2485 702 2538 horam
748 2492 1033 2547 venerant,
1071 2484 1317 2539 dicentes
1354 2502 1366 2536 :
1416 2501 1433 2531 ι
1470 2482 1537 2536 lli
1583 2497 1691 2536 una
1739 2482 1877 2535 hora
1915 2479 2185 2538 fecerunt.
2205 2489 2261 2533 et
2287 2495 2451 2544 pares
2476 2480 2597 2533 illos
2620 2478 2783 2532 nobis
2813 2477 3012 2542 fecisti,
3065 2477 3159 2547 qui
3221 2475 3564 2546 portavimus

312 2575 534 2645 pondus
560 2574 669 2629 diei
696 2584 751 2630 et
777 2583 966 2628 uastum
994 2574 1077 2626 "1?
1104 2593 1121 2625 ι
1152 2574 1266 2627 lloc
1324 2571 1554 2642 proinde
1592 2570 1887 2626 audierunt
1915 2585 1928 2621 :
1977 2586 1995 2617 ι
2029 2568 2236 2633 Amice,
2262 2583 2373 2621 non
2398 2567 2535 2622 facio
2571 2566 2669 2620 tibi
2699 2567 2954 2635 injuriam
2980 2584 2996 2634 ;
3024 2581 3206 2620 nonne.
3237 2580 3304 2619 ex
3333 2564 3564 2618 denario

313 2667 625 2722 convenisti
665 2666 918 2721 mecum?
952 2665 1080 2719 tolle
1112 2665 1259 2735 quod
1304 2674 1457 2718 tuum
1493 2672 1598 2723 est,
1644 2670 1700 2715 et
1727 2659 1887 2723 vade,
1930 2659 2052 2712 volo
2086 2668 2141 2712 et
2172 2660 2302 2712 huic
2342 2658 2643 2711 novissimo
2706 2657 2835 2711 dare
2870 2658 3014 2711 sicut
3050 2666 3106 2710 et
3143 2655 3240 2709 tibi
3275 2674 3289 2709 :
3350 2670 3418 2708 an
3454 2669 3564 2707 non

314 2757 446 2813 licet
493 2756 626 2810 mihi
660 2756 839 2811 facere
890 2756 1037 2826 quod
1085 2756 1209 2810 volo
1267 2756 1347 2810 “?
1382 2774 1399 2807 ›
1481 2752 1735 2808 lndicaus
1779 2760 1963 2805 autem
2002 2765 2193 2805 eorum
2258 2749 2508 2805 armulam
2566 2749 2825 2802 invidiam
2898 2758 3062 2818 atque
3129 2747 3562 2818 malignitatem,

314 2848 576 2917 inducit:
616 2871 634 2903 ι
669 2851 753 2906 Au
800 2866 912 2905 non
941 2851 1139 2906 oculus
1173 2858 1300 2906 tuus
1338 2864 1574 2921 nequam
1612 2855 1717 2913 est,
1762 2846 1891 2916 quia
1928 2860 2030 2916 ego
2053 2845 2232 2900 bonus
2261 2859 2381 2899 sum
2405 2844 2488 2897 ’5?
2529 2862 2546 2893 ι
2582 2841 2690 2912 lpsi
2722 2842 2915 2912 gloria,
2982 2841 3038 2895 in
3104 2842 3303 2904 szecula
3332 2841 3566 2896 saeculo-

315 2957 464 2998 rum.
498 2942 693 3009 Amen.

914 3050 1129 3102 ΛΟΓΟΣ
1172 3049 1278 3103 ΚΘ¹

824 3159 964 3226 Περὶ
994 3159 1384 3224 «amiculae.
1418 3188 1423 3191 ·

401 3274 467 3328 Ἦ
524 3272 827 3327 καταλαλιά
883 3273 978 3326 καὶ
1021 3273 1051 3325 ό
1106 3272 1441 3341 γογγυσμὸς,
1504 3272 1893 3343 πλησιέστεραι

311 3363 564 3435 ἀλλήλων
591 3362 728 3416 εἰσίν
752 3377 766 3392 ⁸
801 3363 1108 3432 ἀμφότεραι
1135 3360 1192 3415 δὲ
1220 3362 1405 3415 κλάδοι
1436 3363 1535 3432 τῆς
1564 3361 1857 3423 ἀσυνεσίας
1881 3374 1896 3390 ⁸

2397 3048 2607 3119 1077
2651 3046 2933 3105 ilOMlLlA
2969 3049 3160 3105 XXIX.

2556 3158 2632 3212 De
2660 3159 2996 3214 detractione.

2067 3266 2345 3322 Detractio
2380 3275 2435 3322 et
2478 3270 2843 3324 murmuratio
2884 3287 3135 3341 germana
3165 3272 3399 3341 quadam
3432 3289 3571 3343 pro-.

1995 3357 2301 3426 pinquitate
2337 3358 2583 3414 conﬁnes
2625 3368 2774 3424 sunt,
2817 3377 2880 3415 ac
2922 3372 3114 3416 mutuo
3143 3362 3345 3417 findere
3389 3378 3565 3432 cupu-z

319 3454 386 3510 Ὃ
421 3429 520 3521 μὲν
566 3454 675 3520 γὰρ
716 3429 1028 3522 γογγυστὴς-
1074 3452 1267 3505 ἐαυτὸν
1302 3429 1538 3516 ὄλλυσιν,
1568 3454 1596 3505 ό
1632 3453 1888 3525 δεκατα-

1994 3446 2196 3500 lantur.
2221 3448 2464 3516 Utraque
2494 3464 2659 3517 porro
2684 3451 2834 3505 aliud
2859 3452 2995 3505 nihil
3022 3469 3184 3522 quam
3212 3453 3344 3508 rami
3374 3429 3566 3509 inc-ouo.

310 3543 512 3608 λαλῶν,
553 3542 749 3595 ἐαυτὸν
782 3545 875 3595 καὶ
901 3543 1027 3604 τοὺς
1049 3542 1362 3606 ἀκούοντας.
1392 3536 1646 3595 Βούλεται
1673 3542 1779 3613 γὰρ
1802 3542 1891 3595 διὰ

311 3640 416 3706 τῆς
442 3635 793 3694 καταλαλιᾶς.
828 3633 1100 3688 διασεῖσαι
1127 3634 1222 3688 καὶ
1244 3634 1458 3698 ἄλλους,
1489 3634 1581 3687 καὶ
1605 3636 1670 3704 τῇ
1697 3632 1888 3687 ἐαυτοῦ

311 3727 597 3796 ἀφροσύνῃ
647 3725 1048 3792 συγκοινωνοὺς
1125 3726 1379 3795 ποιῆσαι·
1431 3725 1614 3778 δισσὸν
1667 3725 1890 3795 ὄφλημα

313 3816 496 3886 ἐαυτῷ
534 3816 808 3885 ἁμαρτίας
851 3814 1131 3885 σωρεύων,
1180 3816 1275 3868 καὶ
1327 3816 1469 3885 ὑπὲρ
1521 3815 1740 3881 ἑαυτοῦ,
1792 3815 1890 3869 καὶ

309 3907 426 3961 τῶν
454 3906 601 3974 αὑτῷ
633 3904 977 3974 πειθομένων
1009 3904 1309 3970 ὑπεύθυνος
1337 3906 1651 3976 γενόμενος,
1684 3907 1747 3960 El
1779 3907 1889 3975 γὰρ

310 3999 413 4052 καὶ
460 3997 785 4066 ἀκούσωμεν
837 3996 1031 4064 λόγους
1090 3998 1318 4058 κακοὺς.
1378 3998 1608 4061 ἑαυτοὺς
1660 3996 1890 4067 μεμψώ-

314 4086 482 4159 μεθα,
508 4088 604 4141 καὶ
649 4086 723 4157 μὴ
766 4087 857 4140 τὸν
895 4087 1226 4156 λαλήσαντα.
1264 4089 1409 4156 Πρὸς
1431 4088 1540 4160 γὰρ
1566 4088 1665 4159 τὴν
1699 4088 1891 4158 προαί-

316 4192 470 4245 ρεσιν
497 4175 679 4245 ἡμῶν,
724 4176 818 4229 καὶ
860 4177 909 4227 οἱ
958 4174 1307 4246 διακομισταὶ
1330 4177 1424 4229 τοῦ
1466 4178 1648 4245 λόγου.
1677 4179 1752 4231 Οὐ
1782 4178 1889 4248 χρὴ

311 4263 411 4320 οὖν
461 4268 555 4319 ἐπὶ
600 4270 715 4328 τοῖς
758 4266 1152 4336 ὑπερχομένοις
1194 4268 1327 4338 ἡμῖν
1370 4268 1663 4337 θλιϐεροῐς,
1697 4269 1888 4333 ἄλλους

316 4356 657 4429 μέμφεσθαι,
675 4359 770 4411 καὶ
800 4360 1143 4423 καταλαλεῖν,
1175 4359 1261 4411 ἵνα
1290 4358 1364 4430 μὴ
1396 4359 1768 4430 παραρυῶμεν
1791 4361 1891 4429 τῆς

311 4448 537 4510 δικαίας
560 4449 794 4518 κρίσεως
820 4451 914 4504 τοῦ
945 4453 1346 4521 προσήκοντος,
1369 4450 1504 4504 ἀλλά
1533 4450 1734 4521 μᾶλλον
1765 4453 1890 4504 ἐαυ-

310 4541 440 4601 τοὺς
491 4538 856 4609 μεμψώμεθα.
911 4541 1081 4595 Τοῦτο
1125 4540 1233 4611 γὰρ
1286 4542 1581 4611 εὐάρεστον
1625 4541 1703 4612 τῷ
1749 4541 1889 4611 Θεῷ.

313 4629 501 4684 Καλὸν
553 4626 646 4683 οὖν
701 4631 847 4683 ἐστὶν
905 4633 996 4685 ἐπὶ
1052 4632 1282 4703 μηδενὸς
1350 4632 1695 4699 καταλαλετν,
1757 4634 1891 4705 μηδὲ

312 4721 490 4791 ἡδέως
551 4720 769 4775 ἀκούειν
820 4724 1275 4785 καταλαλοῦντος.
1327 4724 1388 4776 Ei
1442 4724 1498 4777 δὲ
1557 4724 1654 4794 μὴ,
1706 4725 1801 4777 καὶ
1862 4728 1891 4779 ό
1924 4756 1964 4810 D

311 4814 532 4866 ἀκούων
573 4812 752 4882 ἔνοχος
798 4813 950 4869 ἔσται
976 4817 1071 4885 τῆς
1102 4817 1381 4886 ἁμαρτίας
1402 4817 1496 4870 τοῦ
1527 4817 1887 4870 καταλαλοῦν·

313 4921 433 4966 τος,
465 4905 560 4956 ἐὰν
593 4904 857 4975 πιστεύσῃ
884 4909 953 4977 τῇ
994 4906 1313 4977 καταλαλιᾷ.
1368 4909 1425 4961 '0
1456 4909 1565 4979 γὰρ
1595 4910 1894 4975 πιστεύσας

315 4992 431 5057 ἕξει
481 4993 623 5047 κατά
677 4993 771 5046 τοῦ
823 4993 1054 5061 ἀδελφοῦ
1107 4995 1307 5047 αὐτοῦ*
1365 4989 1519 5057 οὗτος
1572 4990 1666 5048 οὖν
1711 4995 1892 5063 ἔνοχός

316 5087 469 5136 ἐστιν
503 5085 598 5151 τῆς
630 5085 903 5154 ἁμαρτίας
944 5084 1038 5138 τοῦ
1066 5086 1513 5150 καταλαλοῦντος.
1545 5088 1621 5140 Οὐ
1655 5088 1738 5140 δεῖ
1784 5090 1892 5158 γὰρ

313 5174 463 5228 κατὰ
501 5175 732 5237 ἀπόντος
787 5175 1018 5243 ἀδελφοῦ
1057 5175 1237 5244 λέγειν
1291 5194 1366 5238 τι,
1405 5176 1593 5248 σκοπῷ
1639 5176 1732 5230 τοῦ
1777 5178 1892 5231 δια-

309 5264 535 5333 εάλλειν
571 5265 753 5327 αὐτὸν,
780 5265 917 5335 ὅπερ
942 5267 1086 5318 ἐστὶν
1135 5268 1459 5334 καταλαλιὰ,
1504 5267 1607 5321 κᾶν
1650 5267 1826 5338 ἀληθῆ

310 5356 383 5422 τὰ
415 5356 687 5426 λεγόμενα
710 5372 723 5386 ⁸
759 5357 893 5409 ἀλλὰ
934 5358 1135 5425 μᾶλλον
1172 5359 1609 5429 ἀποστρέφεσθαι
1650 5362 1742 5414 τὸν
1793 5378 1889 5413 κα-

312 5444 675 5499 ταλαλοῦντα.
703 5443 775 5497 Ὧ
804 5446 972 5501 πόσον
1023 5450 1236 5516 πονηρά
1280 5450 1428 5501 ἐστιν
1475 5452 1507 5520 ἡ
1569 5450 1887 5515 καταλαλιὰ,

318 5537 693 5605 inritatum
747 5537 1042 5607 δαιμόνιον,
1085 5539 1353 5607 μηδέποτε
1393 5543 1697 5612 εἰρηνεῦον,
1753 5544 1889 5598 ἀλλά

399 5678 444 5706 ⁸⁵
486 5677 717 5749 Philipp.
763 5693 819 5734 sl.
863 5677 940 5731 Ιὶ.
1023 5677 1065 5708 ⁸⁷
1106 5680 1265 5734 l'rnv.
1298 5699 1393 5743 xu,
1438 5684 1517 5735 l3.
1600 5684 1641 5713 "
1677 5684 1832 5738 i'ruv.
1875 5703 1981 5749 ττι,
2013 5686 2103 5738 ‘27.

1570 5757 1615 5782 ’”
1649 5755 1751 5808 λιιι
1783 5755 1836 5808 lt.
1875 5773 1963 5819 xx,
1997 5756 2077 5808 l2.

317 5749 406 5805 50.
490 5748 530 5774 ⁹⁸
566 5748 698 5824 ,Ιιηιιι
752 5765 823 5808 vt,
870 5748 943 5800 ll.
1010 5753 1071 5777 ’ν’
1105 5750 1237 5802 ibid.
1286 5754 1367 5817 £5,
1414 5754 1488 5805 Η.

1991 3536 2340 3592 sidcrationis
2370 3547 2427 3592 et
2455 3539 2720 3593 stultitiae.
2776 3540 2993 3596 Etenim
3046 3553 3417 3598 murmurator
3465 3559 3565 3607 se-

1989 3627 2169 3697 ipsum
2197 3628 2410 3697 perdit;
2433 3629 2714 3684 detractor
2738 3641 2792 3687 et
2820 3635 3057 3700 seipsum
3079 3635 3120 3689 it
3139 3636 3436 3704 perditum,
3460 3651 3567 3691 nec

1991 3717 2188 3779 solum,
2223 3717 2316 3771 sed
2365 3724 2420 3771 et
2469 3718 2780 3774 audientes.
2830 3720 3111 3790 Siquidem
3162 3723 3207 3777 is
3254 3725 3361 3779 hoc
3391 3741 3561 3779 unum

1991 3817 2232 3876 spectat,
2271 3824 2377 3862 sua-
2397 3816 2460 3863 ut
2488 3809 2828 3866 detractione
2880 3814 3095 3867 conciat
3123 3823 3179 3868 et
3224 3816 3362 3869 alios
3382 3855 3398 3879 ,
3430 3831 3564 3884 pro-

1991 3898 2120 3952 inde
2145 3906 2202 3956 el
2231 3900 2543 3960 conturbet,
2584 3916 2805 3970 sumque
2835 3903 3081 3958 stultitiae
3106 3904 3338 3959 asciscat
3364 3906 3466 3959 sibi
3498 3922 3564 3961 ac

1990 3997 2145 4057 paret
2167 3990 2481 4058 compiices.
2512 3990 2718 4059 Duplex
2755 4007 2863 4046 uno
2890 3993 2995 4047 hoc
3026 4003 3252 4063 peccato
3290 3996 3393 4050 sibi
3429 4012 3561 4051 con-

1988 4081 2134 4151 gerit
2156 4081 2430 4141 debitum.
2455 4090 2510 4136 et
2532 4082 2635 4136 sibi
2660 4082 2882 4152 quidem
2905 4084 3180 4140 obnoxius
3209 4086 3447 4155 primum
3482 4088 3560 4153 fit,

1989 4169 2185 4223 deinde
2224 4171 2344 4224 istis
2388 4186 2529 4240 quos
2574 4172 2917 4227 detrahendo
2948 4174 3001 4228 in
3046 4176 3373 4231 sententiam
3407 4193 3561 4233 suam

1989 4259 2239 4314 adduxit.
2264 4260 2419 4327 Quod
2451 4262 2497 4315 si
2524 4257 2625 4316 nos
2640 4264 2926 4333 continget
2952 4267 3144 4321 audire
3175 4268 3564 4337 improbandus

1989 4366 2309 4415 sermones,
2352 4367 2462 4406 non
2509 4362 2617 4407 tam
2654 4370 2785 4408 eum
2831 4357 2926 4424 qui
2961 4359 3221 4425 protulit,
3253 4375 3416 4428 quam
3459 4376 3563 4413 nos

1990 4441 2140 4511 ipsos
2185 4457 2548 4512 coarguamus
2580 4459 2594 4495 :
2628 4459 2729 4514 pro
2760 4446 3048 4502 voluntate
3095 4449 3243 4502 enim
3288 4460 3471 4505 nostra
3505 4460 3560 4505 et

1990 4531 2267 4586 delatores
2312 4533 2585 4587 sermonis
2628 4534 2716 4589 vel
2760 4534 3131 4591 admittuntur
3176 4540 3263 4593 vel
3298 4540 3560 4609 rejiciuu-

1992 4632 2101 4678 tur.
2130 4623 2276 4677 Nihil
2299 4623 2465 4695 igitur
2494 4634 2710 4693 oportet
2748 4625 2820 4681 ob
2847 4642 2911 4681 ea
2949 4643 3070 4696 qua:
3098 4629 3154 4691 in
3180 4645 3281 4685 nos
3309 4631 3563 4686 recidunt

1993 4716 2255 4782 adversa,
2302 4717 2358 4770 in
2400 4717 2538 4772 alios
2585 4719 2914 4788 detorquere
2961 4722 3424 4790 reprehendendo
3465 4736 3562 4779 aut

1993 4810 2357 4877 detrahendo,
2388 4822 2449 4866 ut
2480 4829 2549 4867 ne
2574 4813 2898 4871 decidamus
2925 4832 2956 4870 a
2984 4816 3318 4873 discretione
3342 4819 3428 4873 .rei
3460 4834 3562 4888 per

1987 4916 2046 4956 se
2077 4902 2321 4957 honesta:
2349 4920 2413 4959 ac
2440 4904 2728 4960 decentis:
2760 4907 2815 4961 in
2848 4908 3102 4978 nosipsos
3133 4910 3336 4979 potius,
3361 4910 3404 4964 si
3430 4912 3559 4979 quid

1988 4994 2431 5062 reprehensibile
2492 4998 2755 5061 occurrit,
2821 5001 3149 5055 recellamus
3191 5019 3203 5054 :
3245 5002 3351 5057 hoc
3410 5003 3558 5056 enim

1987 5101 2249 5156 perquam
2301 5095 2590 5157 acceptum
2642 5089 2755 5143 Deo
2813 5097 2917 5143 est.
2975 5090 3115 5146 Sane
3166 5091 3430 5145 decorum
3488 5094 3561 5146 sit

1985 5175 2193 5230 nemini
2235 5193 2463 5244 prorsus
2491 5178 2802 5234 obtrectare
2832 5198 2844 5233 :
2877 5188 2932 5233 at
2977 5197 3045 5235 ne
3068 5181 3232 5235 etiam
3255 5182 3553 5235 detrahen-

1992 5281 2097 5326 tem
2128 5272 2324 5325 audire
2358 5289 2481 5326 cum
2508 5274 2660 5327 suavi
2687 5274 2898 5343 pruritu
2929 5274 3145 5327 aurium
3175 5291 3310 5328 neve
3342 5273 3437 5326 ulii
3465 5274 3562 5326 de-

1990 5364 2242 5418 tractioni
2273 5364 2432 5417 (idem
2452 5366 2788 5420 commodes.
2809 5365 2911 5432 Qui
2938 5367 3085 5419 enim
3121 5366 3281 5420 ﬁdem
3302 5365 3560 5419 adhibuit

1989 5455 2338 5511 detractioni.
2380 5456 2424 5507 is
2456 5456 2507 5508 in
2534 5465 2812 5524 posterum
2857 5459 3120 5512 adversus
3146 5458 3368 5510 fratrem
3396 5474 3557 5520 suum

1989 5546 2264 5614 iniquiore
2285 5546 2552 5598 allicielur
2573 5546 2790 5604 animo:
2819 5548 2941 5602 talis
2965 5548 3149 5618 igitur,
3172 5547 3404 5607 rﬂirilul‘
3434 5565 3558 5603 rcus

2181 5687 2221 5718 ’³³
2252 5686 2359 5752 Snp
2406 5703 2440 5743 ι,
2477 5687 2556 5739 ll.

2157 5759 2199 5785 "
2237 5759 2366 5808 ibid.
2417 5758 2475 5811 Ιῖι
2516 5758 2595 5809 Η.
2677 5758 2720 5784 9‘

2636 5686 2702 5715 ⁸⁹’
2737 5691 2914 5743 Ιῧννῐιδ.
2954 5709 3047 5753 th,
3090 5695 3166 5746 Η.

3248 5694 3290 5724 θ’
3328 5692 3455 5761 Luc.
3491 5706 3545 5755 ῐ,

2756 5763 2886 5828 ibid,
3396 5760 3401 5761 ⁷
3536 5760 3542 5769 ’
