4030 6296
537 299 670 369 1531

1777 301 2145 365 ANTIOCHI
2184 304 2529 366 MONACHI

3672 293 3817 360 1532

534 411 771 485 peccati,
806 424 932 467 cum
959 408 1296 467 detractore.
1335 410 1455 467 Non
1484 410 1632 465 enim
1664 411 1925 465 convenit
1959 410 2123 480 quid-

2228 414 2453 467 πάντοτε
2483 412 2543 464 ἐν
2570 408 2939 481 διχοστασίαις
2972 403 3295 471 κατοικοῦν;
3322 405 3505 460 Καλὸν
3528 397 3627 459 οὗν
3657 403 3813 459 ἐστὶν

536 519 700 575 quam
721 502 975 573 proloqui
990 502 1257 558 adversus
1274 502 1499 557 fratrem
1519 500 1691 556 ullum
1711 500 2014 563 absentem,
2029 516 2121 556 ca-

538 593 850 648 lumniandi
887 594 1193 663 praesertim
1229 593 1560 658 intentione,
1586 592 1702 647 sive
1738 592 1815 646 illi
1842 600 1902 646 ut
1930 593 2121 647 inuras

537 692 725 739 notam
780 683 889 754 (id
932 682 1078 753 quod
1129 684 1350 752 preprie
1414 691 1498 736 est
1546 680 1885 745 καταλαλιὰ,
1939 680 1993 735 id
2036 689 2121 734 est

540 774 855 842 detractio),
905 772 1141 828 tametsi,
1167 789 1296 827 vera
1350 773 1461 828 sint
1502 787 1625 843 qua:
1672 772 1954 827 dicuntur.
2015 771 2121 825 De-

540 866 638 920 hcs
698 864 882 935 potius
945 864 1187 919 aversari
1250 864 1668 926 detrahentem,
1725 872 1782 917 et
1851 863 1960 916 alio
2011 860 2119 917 iter

530 955 855 1011 deﬂectere.
906 955 1188 1025 Numquid
1228 971 1336 1009 non
1375 956 1612 1026 maligna
1653 955 1770 1009 haec
1812 962 1896 1008 est
1936 953 2121 1006 detra-

538 1049 672 1108 ctio,
696 1057 752 1103 et
793 1048 1152 1129 irrequictu‘i
1188 1049 1520 1103 dmmonium
1552 1088 1567 1111 ,
1599 1063 1700 1101 nec
1732 1048 1841 1101 ulla
1874 1060 2119 1114 unquam

543 1140 808 1210 temperie
843 1139 1172 1210 pacificum?
1215 1141 1492 1209 Perpetuo
1539 1138 1812 1207 siquidem
1862 1137 2122 1190 mansitat

520 1236 606 1285 'ac
647 1239 896 1284 moratur
929 1231 1072 1284 inter
1120 1231 1377 1285 velitares
1424 1229 1724 1283 verborum
1770 1241 1979 1297 pugnas
2026 1232 2122 1279 aut

540 1321 865 1381 seditiones.
902 1319 1173 1377 Convenit
1203 1322 1369 1390 igitur
1410 1336 1440 1375 a
1475 1337 1533 1375 se
1573 1328 1833 1375 excutere
1860 1318 2120 1371 vitiosum

542 1410 676 1465 illud
720 1410 1077 1477 fermentum,
1108 1420 1163 1465 et
1197 1410 1460 1465 diuturna
1506 1408 1835 1481 detrahendi
1867 1424 1930 1464 ac
1974 1425 2123 1463 mur-

543 1503 799 1559 morandi
844 1504 1247 1560 consuetudine
1290 1499 1689 1567 inveteratum,
1737 1518 1906 1572 seque
1941 1511 2122 1557 trans-

541 1594 692 1651 ferre
741 1594 810 1649 ad
845 1595 1279 1665 assumptionem
1306 1610 1463 1649 novze
1495 1593 1937 1663 conspersionis,
1981 1593 2124 1648 obe-

542 1685 769 1742 dientiae
831 1685 1093 1740 nimirum
1158 1696 1213 1740 et
1262 1684 1564 1757 gratiarum
1621 1684 1874 1738 actionis.
1932 1683 2123 1753 Neque

540 1777 694 1832 enim
733 1776 895 1833 docet
936 1792 1036 1832 nos
1082 1753 1289 1847 populo
1319 1776 1395 1830 illi
1434 1775 1670 1830 inveniri
1704 1774 1992 1839 assimiles,
2028 1775 2124 1844 qui
2159 1753 2198 1808 Β

546 1879 654 1924 tam
697 1868 800 1923 fuit
847 1868 987 1923 male
1036 1878 1225 1938 gratus
1255 1868 1368 1923 Deo
1401 1876 1463 1921 ut
1509 1867 1565 1921 in
1619 1881 1812 1921 eremo
1860 1865 2126 1921 adversus

542 1974 671 2013 eum
710 1970 767 2012 et
805 1959 1237 2013 murmuraverit
1274 1967 1330 2012 et
1372 1957 1694 2012 detraxerit.
1728 1956 1961 2012 Sanctos
2004 1956 2128 2011 imi-

547 2056 729 2102 temur
762 2049 968 2118 potius,
1002 2048 1096 2118 qui
1140 2047 1205 2101 ad
1251 2046 1518 2117 fulgorem
1558 2046 1911 2115 przelucentis
1939 2046 2127 2116 gratiae

543 2137 715 2192 vitam
758 2138 1121 2192 moderantur
1165 2153 1341 2193 suam.
1384 2137 1721 2193 Obedientes
1769 2136 1974 2199 simus,
2024 2150 2127 2191 nec

546 2226 864 2299 ingrati;de
888 2230 996 2285 illis
1020 2230 1225 2299 quippe.
1250 2231 1517 2300 scriptum
1541 2238 1645 2292 est,
1670 2229 1764 2299 qui
1788 2238 1843 2282 et
1863 2228 2127 2282 adversus

544 2321 716 2376 Deum
750 2322 920 2376 locuti
946 2330 1095 2388 sunt,
1129 2332 1185 2377 et
1215 2322 1475 2377 dixerunt
1503 2340 1516 2375 :
1552 2342 1569 2374 ι
1608 2319 1888 2391 Numquid
1925 2319 2128 2390 polerit

542 2411 693 2467 Deus
722 2428 919 2482 parare
944 2429 1191 2470 mensam
1232 2414 1285 2469 in
1315 2413 1536 2469 deserto
1558 2413 1643 2466 "‘3
1678 2432 1695 2463 ι
1725 2411 1831 2467 Sed
1858 2420 1914 2467 et
1944 2412 2127 2467 Aaron

545 2519 604 2566 et
632 2510 802 2567 Maria
829 2511 1187 2569 detraxerunt
1207 2513 1374 2585 Moysi
1394 2530 1409 2574 ς
1429 2512 1691 2567 dixerunt
1718 2511 1865 2567 enim
1896 2530 1907 2566 :
1937 2531 1954 2564 ι
1983 2510 2127 2567 Num

547 2602 717 2673 Moysi
745 2604 848 2658 soli
880 2606 1099 2662 locutus
1116 2615 1199 2661 est
1227 2607 1371 2660 Deus
1395 2605 1479 2658 ’Ὗ
1503 2624 1519 2656 ι
1556 2603 1615 2658 ln
1636 2605 1759 2659 illos
1786 2603 2016 2674 proinde
2048 2604 2128 2659 ira

547 2689 643 2743 Dei
677 2691 898 2756 exarsit,
917 2701 974 2746 et
1001 2707 1129 2747 ecce
1157 2691 1327 2745 Maria
1350 2690 1501 2760 lepra
1523 2707 1784 2761 percussa
1812 2700 1916 2745 est.
1947 2692 2129 2746 Parce-

547 2778 877 2835 miastesait:
891 2802 906 2831 ι
918 2781 995 2835 Ne
1009 2782 1354 2847 detrahas,ut
1366 2798 1473 2835 non
1489 2781 1960 2851 pereas.Laqueus
1972 2782 2130 2837 fortis

544 2870 666 2925 viro
679 2872 899 2942 propria
922 2873 1062 2927 labia
1083 2882 1210 2927 sunt
1229 2889 1242 2938 ;
1260 2874 1353 2943 qui
1379 2884 1559 2927 autem
1581 2872 2021 2927 irrctentibiliter
2038 2888 2131 2927 va-

545 2965 635 3012 cat
651 2958 834 3021 labiis,
862 2958 1389 3029 supplantabitur".
1418 2979 1435 3009 ι
1458 2960 1673 3029 1078
1695 2961 1905 3014 Rursus
1930 2977 1980 3012 ιι
2003 2959 2132 3015 Glo-

2221 501 2523 557 ὰποθέσθαι
2558 500 2658 571 τὴν
2689 500 2869 569 κακὴν
2900 499 3101 567 ζύμην,
3128 497 3228 566 τὴν
3264 496 3680 549 παλαιωθεῑσαν
3712 500 3811 551 καὶ

2222 592 2558 660 ἐνοξύσασαν
2612 589 2705 645 τοῦ
2745 589 3067 660 γογγυσμοῦ
3127 589 3226 644 καὶ
3283 590 3382 659 τῆς
3439 588 3806 652 καταλαλιᾶς.

2221 685 2318 739 καὶ
2363 685 2715 754 μεταϐαίνειν
2748 685 2842 737 ἐπὶ
2869 684 2930 736 τὸ
2975 685 3093 736 νέον
3122 683 3355 753 φύραμα
3386 682 3491 749 τῆς
3526 683 3804 747 ὑπακοῆς,

2222 777 2317 830 καὶ¹
2345 775 2721 846 εὐχαριστίας.
2782 775 2857 828 Οὐ
2899 772 3006 844 γὰρ
3041 773 3242 842 πρέπει
3280 774 3414 841 ἡμῖν
3447 774 3697 825 ἐοικέναι
3730 774 3807 841 τῷ

2221 869 2281 921 ἐν
2311 869 2504 937 ἐρήμῳ
2544 868 2821 935 γογγυστῇ
2856 864 2970 933 λαῷ
3011 865 3108 918 καὶ
3145 865 3438 934 καταλάλῳ
3483 864 3600 935 λαῷ
3622 883 3638 896 ·
3671 865 3727 917 ea
3740 863 3808 917 λὰ

2223 959 2424 1023 μᾶλλον
2446 959 2521 1019 ὡς
2540 958 2707 1010 τέκνα
2728 957 2857 1010 ὄντα
2888 960 2990 1022 τῆς
3008 956 3234 1025 χάριτος
3279 955 3660 1025 μιμησὼμεθα
3682 957 3807 1019 τοῦς

2224 1053 2282 1104 ἐν
2297 1055 2362 1121 τῇ
2377 1053 2560 1122 χάριτι
2578 1048 3271 1117 πολιτευομένους,ἁτίου;,
3292 1049 3534 1115 εὐήκοοι.
3563 1049 3661 1101 καὶ
3676 1050 3807 1103 56a-

2224 1160 2404 1212 ρεστοι
2441 1143 2741 1212 γενόμενοι.
2779 1141 3098 1210 Γέγραπται
3126 1141 3237 1209 γὰρ
3268 1141 3397 1208 περὶ
3426 1139 3681 1201 ἐκείνων,
3712 1140 3807 1192 καὶ

2225 1233 2599 1301 κατελάλησαν
2632 1232 2728 1286 τοῦ
2755 1232 2911 1287 Θεοῦ.
2952 1233 3043 1285 καὶ
3074 1226 3230 1284 εἷπον
3267 1248 3281 1260 ·
3320 1249 3336 1281 ι
3367 1233 3460 1300 Μὴ
3505 1231 3804 1301 δυνήσεται

2223 1326 2251 1378 ὁ
2278 1324 2410 1387 Θεὸς
2438 1324 2725 1393 ἑτοιμάσαι
2761 1322 3045 1393 τράπεζαν
3072 1323 3131 1374 ἐν
3172 1322 3365 1391 ἐρήμῳ
3390 1338 3404 1386 ;
3431 1340 3448 1371 ι
3492 1324 3605 1376 Kal
3643 1340 3802 1375 κατε-

2223 1414 2462 1483 λά).ησαν
2503 1412 2711 1483 Ἀαρὼν
2763 1414 2857 1467 καὶ
2916 1411 3154 1481 Μαριάμ
3214 1414 3354 1465 κατὰ
3415 1413 3655 1482 Μωῦαῆ,
3713 1409 3810 1465 καὶ

2225 1501 2411 1558 εἷπον·
2454 1505 2585 1576 ιΜὴ
2625 1506 2850 1558 Μωῦσεί
2878 1502 3144 1574 ἐλάλησεν
3184 1504 3212 1556 6
3244 1502 3378 1565 Θεὸς
3414 1502 3597 1573 μόνῳ;
3634 1521 3657 1553 ι
3698 1504 3804 1556 Kal

2225 1597 2470 1668 ὠργίσθη
2511 1596 2717 1667 Κύριος
2760 1595 2848 1648 ἐπ’
2899 1596 3105 1659 αὐτοῖς,
3150 1592 3247 1647 καὶ
3301 1594 3412 1647 ίδοὺ
3458 1594 3696 1663 Μαριὰμ
3727 1594 3809 1647 λε·

2228 1686 2440 1755 πρῶσα.
2476 1685 2637 1752 Λέγει
2672 1685 2730 1738 δέ
2769 1683 2865 1737 καὶ
2888 1685 2916 1735 6
2944 1683 3362 1755 Παροιμιαστής
3386 1696 3402 1710 ⁵
3432 1702 3451 1735 ι
3472 1685 3565 1757 Μὴ
3618 1686 3807 1753 ἀγάπα

2228 1776 2549 1831 καταλαλεῖν
2578 1777 2666 1829 ἵνα
2717 1777 2793 1848 μὴ
2824 1775 3080 1846 ἐξαρθῇς.
3115 1775 3293 1844 Harl;
3322 1776 3431 1846 γὰρ
3468 1779 3677 1847 ισχυρὰ
3717 1780 3807 1833 ἀνι

2226 1866 2347 1938 δρὶ,
2390 1866 2458 1919 τά
2511 1866 2622 1919 ῐδια
2675 1867 2831 1936 χείλη
2855 1881 2870 1896 ’
2910 1867 2938 1919 6
2967 1866 3027 1920 δέ
3059 1866 3293 1934 ἄστεγος
3314 1867 3558 1937 χείλεσιν
3592 1869 3810 1921 σκολιά-

2228 1957 2337 2024 ζων
2389 1958 2935 2026 ὑποσκελισθήσεται.
2971 1976 2989 2008 ι
3034 1958 3144 2011 Kal
3182 1957 3344 2011 πάλιν
3378 1974 3392 1989 ⁸
3428 1977 3447 2009 ι
3472 1959 3617 2024 Δόξα
3660 1960 3809 2029 ἀνδρὶ

2228 2047 2669 2118 ἀποστρέφεσθαι
2699 2048 2996 2119 λοιδορίας·
3033 2049 3062 2101 6
3093 2049 3154 2101 δὲ
3193 2049 3386 2123 ἄφρων
3407 2050 3679 2113 τοιούτοις
3704 2051 3807 2118 ἐμ-

2228 2139 2509 2201 πλέκεται.
2545 2158 2564 2191 ι
2610 2140 2718 2195 Kal
2747 2140 2908 2194 πάλιν
2936 2157 2949 2171 ο
2984 2158 3003 2191 ι
3040 2141 3207 2210 Ἀνὴρ
3228 2140 3491 2210 λοίδορος,
3524 2142 3609 2204 είς
3643 2157 3803 2210 ταρα-

2228 2231 2328 2303 χὴν
2363 2233 2567 2303 μάχης.
2610 2235 2705 2296 ὐς
2748 2233 2806 2286 δὲ
2852 2233 3113 2302 φυλάττει
3150 2232 3214 2285 τὸ
3262 2232 3438 2301 στόμα
3482 2233 3679 2298 αὑτοῦ,
3714 2234 3807 2286 καὶ

2226 2324 2324 2395 τὴν
2366 2324 2642 2393 γλῶσσαν,
2692 2324 2945 2393 διατηρεῖ
2988 2325 3053 2378 ἐκ
3085 2323 3321 2392 θλίψεως
3343 2325 3447 2394 τὴν
3475 2321 3663 2395 ψυχὴν
3707 2326 3804 2377 αὖ.

2226 2415 2343 2468 τοῦ.
2374 2434 2392 2467 ι
2422 2413 2531 2469 Καί
2552 2431 2564 2445 ’
2602 2434 2620 2467 ι
2663 2415 2721 2468 '0
2738 2414 2965 2483 ἀγαπῶν
3000 2414 3146 2486 ζωὴν
3194 2414 3440 2485 φείσεται
3474 2416 3571 2469 τοῦ
3602 2417 3807 2484 στόμα⁸

2229 2523 2318 2570 τος
2355 2506 2542 2563 αὑτοῦ.
2570 2524 2589 2559 ι
2631 2507 2740 2560 Καὶ
2775 2506 2931 2569 αὖθις
2952 2523 2964 2538 ·
3005 2526 3022 2557 ι
3061 2508 3131 2558 Ἀ
3164 2506 3272 2559 ῐδον
3302 2508 3352 2558 οί
3386 2506 3662 2576 ὀφθαλμοί
3692 2523 3805 2570 σου,

2228 2596 2352 2665 λέγε
2375 2613 2389 2627 ο
2413 2596 2488 2667 μὴ
2510 2597 2823 2667 πρόσπιπτε
2851 2599 2930 2660 είς
2963 2598 3167 2668 μάχην,
3198 2598 3285 2651 ἵνα
3315 2598 3391 2669 μὴ
3418 2599 3805 2668 μεταμεληθῇς

2229 2687 2317 2741 ἐπ’
2342 2688 2605 2759 ἐσχάτων.
2638 2706 2655 2739 ι
2693 2689 2805 2742 Kal
2835 2691 2863 2742 6
2902 2688 3022 2742 Ἰὼϐ
3055 2691 3167 2751 τοῖς
3190 2689 3362 2757 φίλοις
3401 2689 3608 2742 αὑτοῦ·
3643 2708 3662 2741 ι
3691 2691 3805 2743 Ka-

2230 2778 2509 2831 ταλαλεῖτέ
2568 2794 2695 2847 μου.
2744 2778 2817 2849 μὴ
2874 2778 3256 2849 αἰσχυνόμενοι
3294 2779 3612 2832 ἐπικεῖσθαί
3644 2796 3750 2849 μοι.
3779 2799 3798 2829 ι

2241 2868 2301 2923 '0
2347 2869 2405 2922 δὲ
2451 2869 2792 2938 Ψαλμῳδός’
2834 2869 2975 2921 (Τὸν
3022 2869 3431 2923 καταλαλοῦντα
3484 2870 3666 2938 λάθρα
3715 2869 3807 2921 τὸν

2231 2961 2461 3030 πλησίον
2479 2960 2665 3023 αὐτοῦ,
2691 2960 2879 3014 τοῦτον
2904 2962 3209 3027 ὲξεδῖωκον.
3235 2981 3253 3012 ι
3296 2961 3408 3015 Kal
3444 2959 3608 3024 αὖθις
3629 2978 3645 2993 ·
3685 2980 3705 3011 ι
3734 2962 3809 3013 Τὸ

546 3050 626 3104 ria
658 3050 778 3105 viro
805 3052 1074 3106 avertenti
1114 3067 1172 3107 se
1203 3067 1234 3107 a
1266 3051 1554 3114 conviciis,
1586 3052 1788 3105 stultus
1809 3061 1991 3105 autem
2040 3052 2128 3105 his

2234 3057 2408 3121 στόμα
2439 3071 2531 3109 σου
2572 3054 2868 3107 ἐπλεόνασε
2894 3054 3125 3118 κακίας,
3150 3053 3243 3106 καὶ
3263 3055 3296 3123 ἡ
3326 3052 3553 3121 γλῶσσά
3585 3069 3681 3105 σου
3711 3070 3806 3106 πε-

546 3140 946 3211 implicatnr”.
988 3161 1005 3193 ι
1039 3142 1243 3197 lterum
1282 3160 1294 3195 :
1334 3160 1352 3193 ι
1384 3141 1479 3196 Vir
1523 3142 1885 3202 conviciator,
1919 3142 1985 3196 ad
2033 3153 2123 3198 tu-

546 3230 783 3284 multum
829 3246 1057 3302 pugnaa;
1089 3232 1183 3301 qui
1215 3247 1348 3285 vero
1375 3230 1619 3286 custodit
1651 3246 1715 3287 os
1738 3247 1900 3286 suum
1929 3240 1988 3287 et
2016 3232 2125 3287 lin-

546 3337 731 3393 guam,
767 3332 1058 3377 conservat
1101 3339 1132 3377 a
1175 3323 1534 3379 tribulatione
1576 3325 1817 3379 animam
1845 3340 1999 3379 suam
2026 3325 2064 3380 ⁸.
2100 3343 2121 3376 ι

547 3412 659 3467 Et:
692 3431 711 3465 ι
743 3412 845 3480 Qui
892 3412 1073 3482 diligit
1102 3413 1294 3473 vitam.
1347 3423 1540 3482 parcet
1570 3415 1652 3469 ori
1687 3430 1789 3469 suo
1827 3417 1868 3468 '.
1916 3433 1935 3466 ι
1978 3415 2125 3470 Rur-

544 3519 670 3559 sum
695 3520 709 3556 ;
745 3522 765 3552 ι
795 3502 928 3569 Quae
952 3503 1210 3557 viderunt
1233 3493 1378 3557 oculi
1410 3504 1512 3567 tui,
1538 3503 1647 3565 die.
1679 3514 1740 3558 ut
1763 3519 1830 3559 ne
1856 3504 2127 3574 impingas

548 3594 605 3648 in
650 3608 920 3664 pugnam,
963 3610 1031 3648 ne
1063 3602 1114 3649 te
1155 3594 1421 3664 poeniteat
1455 3595 1508 3649 in
1543 3594 1860 3649 novissimis
1886 3596 1924 3648 ³.
1961 3614 1979 3645 ι
2022 3594 2127 3650 Job

548 3684 680 3737 item
720 3683 916 3739 amicis
953 3685 1105 3739 suis:
1139 3705 1157 3737 ι
1193 3685 1509 3755 Loquimini
1556 3686 1849 3741 adversum
1885 3702 1991 3750 me,
2025 3702 2128 3741 nec

542 3773 876 3829 erubescitis
925 3774 1216 3831 adversum
1270 3792 1356 3831 me
1404 3776 1707 3832 consistere
1754 3777 1794 3830 ⁸.
1847 3796 1865 3828 ι
1916 3777 2127 3831 Psalles

547 3879 771 3935 quoque
814 3867 998 3937 regius
1043 3886 1056 3921 :
1106 3887 1125 3918 ι
1164 3868 1557 3922 Detrahentem
1609 3875 1825 3923 secreto
1877 3868 2128 3937 proximo

421 4013 437 4026 ,
548 3974 686 4024 suo,
739 3960 887 4016 hunc
937 3962 1308 4031 persequebar
1340 3962 1381 4016 ⁸.
1417 3981 1435 4013 ι
1479 3962 1691 4016 Rursus
1727 3979 1740 4014 :
1781 3981 1798 4013 ι
1842 3959 1916 4016 Os
1971 3971 2128 4016 tuum

539 4049 855 4105 abundavit
877 4052 1105 4115 malitia,
1130 4063 1185 4106 et
1214 4052 1398 4122 lingua
1426 4060 1517 4106 tua
1538 4051 1906 4107 concinnabat
1929 4051 2088 4107 dolos
2112 4070 2126 4105 :

537 4140 750 4196 :sedens
771 4143 1036 4199 adversus
1060 4144 1284 4198 fratrem
1308 4153 1462 4198 tuum
1482 4144 1821 4214 loquebaris,
1845 4153 1903 4198 et
1935 4143 2133 4199 adver-

538 4248 648 4289 sus
679 4234 853 4290 tilium
900 4237 1092 4291 matris
1138 4245 1244 4291 tua:
1287 4236 1532 4307 ponebas
1572 4235 1957 4291 scandalum“.
1990 4235 2132 4302 Quia

539 4333 794 4391 dilexisti
829 4338 1091 4391 malitiam
1121 4352 1289 4407 super
1326 4335 1744 4407 benignitatem,
1778 4335 2129 4404 iniquitatem

2232 3147 2517 3219 ριέπλεκεν
2559 3145 2894 3215 δολιότητας.
2926 3144 3253 3214 Καθήμινος
3280 3143 3424 3196 κατὰ
3447 3142 3546 3196 τοῦ
3573 3142 3809 3211 ἀδελφοῦ

2231 3254 2324 3291 σου
2355 3237 2697 3303 κατελάλεις,
2728 3237 2826 3290 καὶ
2859 3236 2999 3291 κατὰ
3029 3235 3125 3289 τοῦ
3174 3234 3290 3289 υίοῦ
3322 3235 3424 3303 τῆς
3467 3235 3681 3304 μητρός
3712 3251 3806 3288 σου

2227 3328 2413 3401 ἐτίθης
2444 3328 2761 3384 σκάνδαλον.
2790 3329 2915 3383 Ὀτι
2941 3329 3236 3402 ἠγάπησας
3262 3327 3460 3381 κακίαν
3486 3327 3633 3396 ὑπὲρ
3668 3328 3807 3394 ἀγα-

2228 3421 2477 3492 θωσύιην
2500 3437 2515 3451 ·
2558 3421 2795 3482 ἀδικίαν,
2828 3420 2970 3489 ὑπὲρ
3003 3418 3105 3472 τοῦ
3130 3418 3366 3487 λαλῆσαι
3411 3417 3803 3487 δικαιοσύνην

2226 3501 2524 3585 ἠγάπησας
2552 3512 2728 3565 πάντα
2766 3510 2834 3564 τὰ
2876 3513 3101 3581 ῥήματα
3129 3508 3598 3579 καταποντισμοῦ,
3630 3509 3808 3576 γλῶσο

2231 3620 2329 3656 σαν
2370 3602 2572 3656 δολίαν.
2598 3620 2615 3652 ι
2650 3601 2759 3654 Καί
2784 3616 2797 3629 ⁸
2842 3618 2861 3652 ι
2888 3599 3080 3655 Λαλῶν
3128 3599 3311 3661 ἄδικα,
3358 3599 3421 3651 οὐ
3472 3598 3806 3651 κατεύθυνεν

2230 3692 2460 3746 ἐνώπιον
2506 3692 2614 3746 τῶν
2645 3690 2941 3760 ὀφθαλμῶν
2975 3706 3101 3760 μου.
3133 3690 3246 3743 Kal
3279 3688 3388 3758 γὰρ
3414 3691 3677 3744 ἐκάθισαν
3709 3688 3808 3758 ἄρα

2230 3802 2416 3855 χοντες
2446 3786 2538 3838 καὶ
2570 3784 2690 3837 κατ’
2724 3782 2858 3853 ἐμοῦ
2912 3781 3262 3835 κατελάλουν.
3289 3800 3308 3833 ι
3354 3782 3410 3834 Ὀ
3453 3780 3511 3834 δὲ
3555 3781 3810 3841 Ἰάκωϐος

2232 3879 2508 3947 παραινεῖ,
2543 3875 2717 3943 λέγων
2741 3889 2755 3903 ·
2795 3895 2810 3924 ι
2832 3875 2922 3944 Μὴ
2950 3868 3301 3927 καταλαλεῖτε
3322 3871 3603 3940 ἀλλήλων,
3640 3870 3810 3924 ἁδελ-

2220 3944 2364 4037 ’φοίο
2396 3970 2423 4020 ὁ
2473 3968 2582 4038 γὰρ
2634 3965 2954 4019 καταλαλῶν
3038 3964 3294 4033 ἀδελφοῦ,
3351 3965 3449 4016 καὶ
3487 3964 3694 4034 κρίνων
3720 3964 3811 4015 τὸν

2231 4058 2461 4127 ἀδελφὺν
2496 4056 2684 4123 αὑτοῦ,
2712 4050 3011 4112 καταλῖαλεῖ
3046 4056 3236 4125 νόμον,
3266 4057 3360 4109 καὶ
3385 4057 3564 4125 κρίνει
3588 4057 3806 4126 νόμον.»

2233 4150 2343 4203 Ka‘.
2393 4152 2421 4202 6
2453 4148 2698 4219 Πέτρος·
2737 4166 2757 4199 ι
2801 4147 3157 4216 Ἀποθέμενοι
3207 4142 3304 4200 οὖν
3358 4148 3539 4199 πᾶσαν
3589 4148 3808 4207 κακίαν.

2233 4240 2327 4294 καὶ
2358 4241 2536 4294 πάντα
2573 4240 2746 4304 δόλον,
2782 4240 2875 4293 καὶ
2912 4239 3254 4310 ὑποκρίσεις,
3299 4240 3397 4292 καὶ
3430 4239 3687 4306 φθόνους,
3722 4241 3812 4293 καὶ

2235 4334 2414 4396 πάσας
2456 4332 2808 4413 καταλαλιάς.
2837 4350 2857 4384 ι
2892 4332 3226 4403 Μισήσωμεν
3266 4326 3380 4394 οὖν,
3413 4333 3717 4401 ἀγαπητοὶ,
3757 4332 3813 4384 τὸ

546 4428 729 4497 magis
744 4442 907 4497 quam
931 4429 1080 4499 loqui
1107 4429 1424 4499 aequitatem
1448 4446 1461 4482 :
1484 4429 1725 4484 dilexisti
1752 4429 1938 4484 omnia
1960 4429 2127 4484 verba

2234 4426 2479 4496 μυσαρὸν
2546 4423 2708 4479 τοῦτο
2766 4424 2937 4486 πάθος
2998 4425 3101 4493 τῆς
3162 4423 3522 4486 καταλαλιᾶς,
3581 4424 3671 4478 ἵνα
3742 4423 3813 4494 μὴ

544 4520 1025 4590 φτωοὶρίιοιίηηίε,
1054 4521 1237 4591 lingua
1267 4519 1457 4574 dolosa
1485 4521 1525 4572 ⁷.
1567 4539 1585 4571 ι
1614 4520 1682 4574 Ει
1709 4535 1723 4573 :
1759 4538 1777 4570 ι
1813 4518 1917 4585 Qui
1956 4519 2137 4589 loqui-

548 4618 647 4664 tur
673 4610 883 4680 iniqua,
906 4627 1018 4666 non
1037 4612 1237 4667 direxit
1262 4612 1319 4665 in
1348 4622 1646 4681 conspectu
1677 4611 1965 4665 oculorum
1986 4627 2138 4667 meo-

550 4716 678 4755 rum
702 4699 757 4767 ⁸;
787 4701 994 4756 etenim
1027 4702 1291 4758 sederunt
1325 4703 1603 4772 principes
1631 4712 1687 4757 et
1713 4703 2006 4757 adversum
2046 4718 2136 4759 me

546 4793 926 4864 loquebantur
943 4797 985 4848 ⁹.
1022 4814 1041 4846 ι
1068 4795 1310 4850 Jacobus
1337 4809 1559 4864 quoque
1590 4794 1869 4859 admonet,
1901 4795 2093 4850 dicens
2118 4812 2132 4848 :

452 4962 455 4965 _
557 4904 580 4936 1
615 4885 799 4941 Nolite
840 4886 1132 4941 detrahere
1181 4887 1545 4951 alterutrum,
1574 4886 1806 4951 fratres;
1851 4886 1945 4955 qui
1984 4887 2130 4940 enim

548 4974 804 5031 detrahit
837 4976 992 5032 fratri
1033 4986 1089 5032 et
1124 4977 1334 5047 judicat
1385 4979 1613 5033 fratrem
1655 4993 1847 5041 suum,
1891 4977 2134 5031 detrahit

550 5068 660 5139 legi
683 5077 740 5122 et
766 5068 978 5140 judicat
998 5061 1173 5140 legem
1202 5071 1265 5125 ¹⁸.
1301 5090 1319 5123 ι
1357 5071 1551 5126 Petrus
1580 5072 1718 5126 item
1747 5086 1761 5123 :
1788 5087 1805 5120 ι
1837 5069 2132 5138 Deponen-

548 5168 639 5214 tes
689 5160 858 5230 igitur
891 5176 1113 5217 omnem
1160 5163 1421 5217 malitiam
1464 5172 1521 5218 et
1567 5178 1787 5217 omnem
1836 5161 2024 5216 dolum
2077 5166 2134 5214 et

2230 4515 2588 4586 όμοιωθῶμεν
2639 4517 2756 4579 τοῖς
2803 4513 3139 4577 καταλάλοις
3176 4512 3455 4575 Ἰουδαίοις
3484 4514 3601 4575 τοῖς
3627 4512 3812 4580 λέγου-

2233 4627 2320 4663 σιν
2357 4625 2370 4639 ·
2416 4628 2434 4660 ι
2461 4604 2628 4670 Οὗτος
2686 4607 2788 4660 οὐκ
2836 4605 3091 4660 ἐκϐάλλει
3135 4605 3206 4659 τὰ
3246 4603 3528 4671 δαιμόνια,
3555 4605 3609 4656 εί
3658 4606 3734 4674 μὴ
3760 4605 3814 4656 ἐν

2233 4699 2586 4764 Βεελζεϐοὺ).,
2612 4698 2693 4768 τῷ
2726 4698 2952 4769 ἄρχοντι
2976 4697 3085 4750 τῶν
3117 4695 3436 4764 δαιμονίων.
3459 4713 3479 4745 ι
3520 4695 3584 4748 Ὀ
3619 4695 3676 4749 δὲ
3716 4712 3811 4765 μαι

2234 4793 2507 4865 κρόουμος
2568 4790 2769 4860 Κύριός
2821 4806 2985 4859 φησιν
3014 4804 3028 4819 ο
3072 4808 3091 4840 ι
3128 4788 3189 4841 El
3248 4786 3360 4854 ἐγὼ
3404 4786 3462 4837 ἐν
3494 4785 3814 4850 Βεελζεϐοὺλ

2241 4885 2488 4939 ἐκϐάλλω
2521 4886 2587 4938 τὰ
2639 4882 2913 4952 δαιμονία,
2957 4883 3006 4934 ol
3057 4880 3166 4933 ulol
3215 4877 3367 4947 ὑμῶν
3399 4881 3457 4929 ἐν
3489 4878 3600 4930 τίνι
3630 4878 3816 4930 ἐκϐάλο

2241 4976 2457 5041 λουσιν;
2490 4977 2556 5028 Et
2584 4974 2640 5028 δὲ
2670 4976 2726 5027 ἐν
2758 4972 3033 5041 Πνεῦματι
3063 4970 3202 5023 Θεοῦ
3249 4968 3504 5023 ἐκϐάλλω
3534 4970 3602 5021 τὰ
3637 4968 3812 5035 Empti-

2241 5084 2347 5131 νια,
2382 5067 2492 5137 ἄρα
2530 5064 2766 5133 ἔφθασεν
2814 5063 2898 5131 ἐφ’
2925 5062 3068 5131 ὑμᾶς
3122 5062 3156 5130 ἡ
3207 5058 3457 5129 βασιλεία
3487 5057 3584 5110 τοῦ
3613 5056 3766 5109 Θεοῦ.
3791 5071 3807 5103 ι

2241 5156 2400 5225 Αὐτῷ
2430 5154 2558 5221 δόξα
2587 5158 2667 5217 εἰς
2696 5155 2818 5217 τοὺς
2850 5152 3074 5213 αἰῶνας.
3126 5151 3323 5219 Ἀμήν.

548 5249 958 5315 simulationes,
987 5260 1043 5306 et
1067 5252 1305 5307 invidias
1359 5262 1413 5308 et
1440 5268 1632 5308 omnes
1665 5253 2040 5307 detractiones
2094 5250 2156 5303 ¹¹.
2186 5266 2203 5299 ι
2247 5247 2608 5302 Aﬂ‘ectionem
2663 5245 2806 5298 hanc
2852 5242 3217 5298 detractionis
3268 5239 3517 5294 omnium
3567 5236 3696 5292 odio
3733 5233 3807 5287 di—

552 5340 909 5409 gnissimam,
961 5342 1113 5412 justo
1181 5344 1340 5413 plane
1396 5343 1549 5398 odi0‘
1582 5358 2003 5413 persequamur,
2070 5357 2140 5397 ne
2200 5338 2421 5410 quando
2466 5335 2946 5407 deprehendantur
2983 5332 3187 5388 Judaais
3250 5330 3361 5384 illis
3416 5326 3808 5383 detractoribus
3920 5352 3921 5393 γ

562 5432 738 5487 nihilo
775 5432 1093 5500 dissimiles,
1125 5437 1218 5505 qui
1261 5445 1316 5490 et
1384 5436 1684 5492 dicebant:
1724 5455 1742 5488 ι
1779 5435 1881 5490 llic
1925 5449 2038 5489 non
2074 5433 2257 5504 ejiciet
2297 5430 2589 5493 diemonia,
2654 5426 2759 5482 nisi
2827 5426 2881 5479 in
2926 5422 3263 5492 Beelzebub,
3349 5420 3603 5490 principe
3624 5419 3805 5472 daemo-

642 5575 685 5605 ⁹⁶
710 5574 849 5629 Psal.
883 5592 1077 5639 1.xxvu.
1111 5579 1195 5631 l9.
1274 5582 1316 5609 ’⁷
1361 5552 1520 5633 Num.
1561 5595 1651 5639 xu,
1691 5578 1742 5632 2.
1821 5579 1867 5610 "
1899 5579 2061 5633 Prrv.
2094 5596 2120 5631 χ

2228 5578 2264 5631 l.
2342 5578 2387 5609 θ’
2422 5574 2589 5629 Eecli.
2620 5590 2673 5637 γ,
2719 5570 2799 5623 l3.
2884 5570 2893 5600 '
2928 5570 3088 5645 Prov.
3128 5581 3239 5645 xui.
3270 5565 3322 5645 δέ
3401 5566 3420 5595 ⁸
3454 5562 3621 5645 Pauli;
3648 5572 3797 5640 sunt.

574 5642 660 5703 19.
737 5645 757 5673 ³
784 5645 945 5698 Prov.
974 5633 1098 5703 xxv.
1132 5649 1182 5700 8.
1265 5648 1281 5676 ⁸
1307 5649 1408 5702 Job
1463 5666 1572 5707 xu.
1598 5633 1650 5702 ὅ.
1727 5649 1746 5677 ⁵
1779 5649 1920 5702 Psal.
1965 5667 2015 5704 (2.
2042 5651 2092 5700 :‘i.

2228 5647 2356 5701 l‘sal.
2398 5662 2535 5703 κιικ,
2570 5633 2760 5704 “£50.
2862 5641 2879 5667 ⁷
2914 5639 3053 5693 Ρειιί.
3083 5654 3151 5697 ιι,
3198 5636 3250 5695 Si,
3288 5635 3346 5687 (ἶ.
3457 5635 3477 5657 ‘
3506 5633 3643 5687 l‘.~al.
3675 5647 3721 5689 ς,
3759 5633 3798 5685 ἴ,

564 5712 593 5745 ³
636 5713 775 5767 Psal.
811 5730 989 5776 cxvm,
1019 5717 1108 5767 ‘23.
1192 5714 1229 5743 ’τ’
1265 5718 1377 5770 Jac.
1416 5735 1486 5783 ιι,
1521 5720 1602 5772 ll.
1687 5721 1719 5748 "
1755 5720 1770 5772 l
1806 5721 1953 5772 l’ctt‘.
2000 5736 2055 5776 lt.
2089 5720 2129 5770 ἱ.
