3914 6304
190 371 333 441 1533
848 448 852 451 ,
1107 383 1436 445 HOMILIA
1473 384 1657 447 XXX.
1685 406 1755 422 ί-
1783 388 1882 448 DE
1921 387 2115 450 SUSU
2128 386 2535 450 ΗῊΆἿἾΟΝΕ.
2936 386 2939 389 ’
3296 392 3439 458 1534

186 487 411 540 niorum
451 485 521 540 ι’.
566 487 831 543 Dominus
869 494 1051 543 autem
1101 490 1429 546 mitissimus
1482 501 1539 548 et
1587 492 1934 563 longanimis,
1962 495 2095 565 quid
2156 496 2223 551 ad
2254 497 2401 553 haec?
2468 518 2484 549 ι
2520 498 2576 554 Si
2631 516 2734 572 ego
2765 500 2819 557 in
2881 502 3185 561 Beelzebub
3207 505 3250 538 ¹⁸
3273 505 3439 577 ejicio

188 576 480 645 daemonia,
512 578 609 633 lilii
641 581 806 634 vestri
852 580 908 635 in
951 596 1061 651 quo
1104 582 1373 654 ejiciunt?
1402 599 1569 655 porro
1617 585 1664 640 si
1714 586 1768 642 in
1807 586 1979 658 digito
2013 588 2133 655 Dei,
2162 589 2411 660 proiecto
2439 593 2693 662 pervenit
2724 593 2781 648 in
2815 609 2911 651 vos
2948 610 3179 668 regnum
3201 576 3313 655 Dei
3332 596 3428 651 “.n

187 668 301 741 Ipsi
332 672 502 743 gloria
525 671 580 726 in
604 672 820 727 saecula.
854 671 1049 727 Amen.
1090 696 1099 703 -

805 789 1025 843 ΛΟΓΟΣ
1060 768 1139 844 Ᾱν.

2401 797 2685 855 HOMILIA
2723 798 2894 855 XXX.

684 881 819 948 Περὶ
863 874 1249 950 ψιθυρισμοῦ.

268 991 433 1045 Πάλιν
461 992 489 1045 6
522 993 747 1063 ψίθυρος
777 996 870 1048 καὶ
895 997 923 1047 6
960 997 1262 1058 κατάλαλος
1305 998 1554 1051 κοινωνοὶ
1585 999 1763 1069 ὑπάρο

197 1098 383 1150 χουσιν
410 1082 506 1146 τῆς
534 1084 823 1155 αἰσχίστης
865 1086 1046 1137 αὐτῶν
1074 1088 1360 1158 ἐργασίας.
1392 1089 1499 1142 Καὶ
1535 1089 1644 1159 γὰρ
1668 1090 1765 1158 μία

192 1171 343 1224 ἐστὶν
378 1175 706 1245 ἀμφοτέρων
735 1176 767 1245 ἡ
800 1175 993 1244 πρᾶξις
1032 1177 1113 1238 εἰς
1158 1177 1279 1230 ὁδὸν
1337 1178 1615 1239 ἀπωλείας
1662 1180 1766 1232 ἀπ-

191 1260 437 1327 άγουσα·
474 1266 718 1333 στυγητὴ
748 1264 916 1327 ὅντως
952 1266 1104 1334 παρὰ
1132 1266 1266 1319 Θεοῦ
1296 1270 1390 1320 καὶ
1432 1267 1760 1337 ἀνθρώποις.

192 1354 269 1406 Τὸ
306 1358 414 1426 γὰρ
454 1356 586 1423 άγος
634 1360 732 1426 τῆς
775 1360 1108 1423 καταλαλιᾶς
1145 1360 1366 1414 καὶτοῦ
1407 1361 1762 1431 ψιθυρισμοῦ,

194 1448 554 1516 συμϐιοτεῦον
606 1451 812 1513 αὐτοῖς,
874 1452 1257 1520 ἐσπιλωμὲνην
1304 1453 1399 1506 καὶ
1451 1453 1764 1523 ἀκάθαρτον

192 1537 295 1605 τὴν
331 1538 608 1593 πολιτείαν
649 1540 828 1595 αὐτῶν
865 1542 1271 1598 ἀποδείκνυσιν.
1305 1545 1396 1614 Μὴ
1428 1540 1521 1598 οῦν
1550 1544 1767 1615 ἐπιμεί-

192 1644 378 1697 νωμεν
430 1632 495 1699 τῇ
556 1631 983 1705 ἀπηγορευμένῃ
1022 1635 1192 1705 ταύτῃ
1243 1637 1338 1689 καὶ
1371 1635 1614 1706 ἀθεμίτῳ
1681 1636 1764 1690 δι-

191 1720 409 1787 αγωγῇ,
434 1718 518 1771 ἵνα
551 1721 626 1788 μὴ
660 1721 976 1792 εὐρεθῶμεν
1006 1723 1258 1778 ἄσπονδοι
1296 1725 1434 1796 πρὸς
1465 1725 1527 1779 τὸ
1559 1726 1766 1795 ὁμόφυ-

190 1808 304 1863 λον.
349 1811 666 1880 Διαγορεύει
717 1814 773 1866 δέ
814 1815 908 1868 καὶ
956 1817 984 1868 6
1037 1815 1202 1884 νόμος
1228 1833 1242 1847 ·
1285 1835 1304 1868 ι
1336 1818 1412 1871 Οὐ
1485 1818 1763 1889 παραδέξῃ

192 1898 365 1969 ἀκοὴν
398 1901 669 1969 ματαίαν·
701 1903 762 1956 οὐ
794 1905 1187 1975 συγκαταθήσῃ
1218 1908 1334 1974 μετ’
1375 1906 1563 1959 ἀδίκου
1610 1906 1765 1974 γενέ-

2387 887 2464 941 De
2499 891 2887 944 susurratione.

1937 996 2151 1051 Rursus
2180 1013 2410 1053 susurro
2433 1008 2491 1053 et
2519 999 2802 1055 detractor
2828 1000 3126 1071 comptices
3154 1018 3278 1057 cum
3305 1005 3434 1068 sint,

1866 1086 1924 1141 in
1973 1095 2274 1141 extremam
2313 1103 2469 1143 suam
2525 1091 2902 1158 operationem
2945 1093 3286 1161 conspirant.
3334 1093 3441 1148 Par

1865 1177 2141 1246 siquidem
2167 1186 2223 1233 et
2249 1194 2355 1233 una
2397 1187 2482 1233 est
2516 1182 2806 1250 utriusque
2838 1182 3109 1251 Operatio,
3143 1190 3437 1252 utrumque

1864 1274 2014 1320 recta
2072 1266 2129 1320 in
2173 1267 2320 1322 viam
2370 1269 2651 1339 abripiens
2703 1271 3032 1339 perditionis
3080 1288 3094 1324 :
3141 1279 3444 1341 utrumque
3494 1274 3499 1279 ”

1865 1370 1991 1410 cum
2028 1356 2242 1412 infense
2285 1358 2503 1413 oderint
2546 1369 2603 1415 et
2652 1360 2795 1415 Deus
2839 1369 2896 1416 et
2940 1360 3215 1416 homines.
3265 1362 3439 1417 Exse-

1865 1448 2131 1503 crandum
2170 1450 2318 1504 enim
2349 1450 2711 1506 detractionis
2751 1453 2933 1507 scelus
2965 1460 3131 1522 atque
3175 1452 3435 1515 susurrii,

1866 1537 1924 1592 in
1956 1538 2151 1595 iisdem
2186 1543 2627 1611 comperiuntur,
2658 1544 3086 1599 contubernales
3127 1557 3254 1597 cum
3281 1544 3435 1598 sint:

1865 1643 1988 1697 quae
2036 1643 2126 1684 res
2175 1628 2336 1685 facile
2369 1630 2579 1687 indicat
2630 1633 2823 1687 talium
2867 1633 3058 1698 vitam,
3109 1633 3271 1703 longe
3313 1648 3438 1688 esse

1864 1721 2452 1777 contaminatissimam
2507 1732 2670 1792 atque
2720 1725 2994 1792 impuram
3047 1724 3302 1778 maxime.
3355 1724 3438 1780 Ne

1865 1809 2035 1880 igitur
2076 1811 2133 1865 in
2164 1811 2481 1866 istiusmodi
2522 1812 2747 1890 vivendi
2778 1812 2992 1867 ratione
3020 1813 3180 1868 nobis
3209 1826 3439 1883 prorsus

1866 1899 2163 1955 interdicta
2217 1915 2282 1955 ac
2333 1902 2546 1957 nefaria
2605 1917 3043 1972 perseveremus,
3096 1914 3160 1957 ut
3206 1920 3279 1960 ne
3337 1904 3434 1959 Dei

195 1989 324 2042 σθαι
368 1992 577 2061 μάρτυς
606 1990 810 2056 ἄδικος.
844 1996 961 2049 Πᾶν
1008 1996 1159 2065 ῥῆμα
1207 1997 1462 2066 πονηρὸν,
1491 1996 1765 2069 βδέλυγμα

1871 1988 2132 2059 iudicium
2156 1989 2534 2059 deprehendat
2561 2005 2666 2045 nos
2692 1991 2815 2046 sine
2843 1991 3050 2047 foedere
3082 1992 3195 2046 ullo
3225 2000 3285 2046 et
3304 2006 3438 2047 con-

193 2081 387 2151 Κυρίῳ
432 2084 596 2137 ἐστίν.
628 2104 646 2136 ι
691 2086 749 2137 '0
803 2086 859 2139 δέ
909 2086 1222 2154 σοφώτατος
1267 2088 1516 2155 Σολομών
1557 2106 1757 2157 φησιν·

1871 2079 2023 2136 cordi
2062 2082 2383 2150 compagine
2426 2080 2714 2137 charitatis
2751 2081 2925 2136 fuisse
2958 2096 3087 2153 erga
3114 2082 3274 2138 nobis
3300 2096 3436 2136 con-

201 2186 221 2219 ι
250 2170 492 2240 Ψίθυρον
518 2174 614 2226 καὶ
634 2172 930 2239 δίγλωσσον
957 2175 1303 2244 καταρᾶσθαι
1325 2174 1476 2242 ἄξιον
1494 2192 1508 2210 ·
1534 2177 1763 2240 πολλοὺς

195 2262 304 2332 γὰρ
338 2262 625 2316 ἀπώλεσαν
646 2265 1051 2336 είρηνεύοντας.
1081 2285 1099 2317 ι
1138 2267 1249 2320 Καὶ
1276 2262 1455 2330 αὖθις·
1494 2288 1513 2319 ι
1538 2267 1763 2321 Γλῶσσα

193 2352 353 2422 δισσὴ
395 2354 622 2417 πολλοὺς
661 2356 984 2410 ἐσάλευσεν·
1036 2358 1064 2408 6
1101 2358 1382 2428 προσέχων
1416 2359 1549 2428 αὐτῇ
1584 2359 1645 2411 οὐ
1691 2357 1764 2429 μὴ

196 2441 336 2514 εὕρῃ
388 2444 719 2497 ἀνάπαυσιν.
751 2462 770 2495 ι
816 2444 924 2497 Kal.
955 2444 1115 2499 πάλιν
1143 2461 1159 2475 ⁸
1202 2464 1221 2497 ι
1253 2446 1442 2519 Πληγὴ
1493 2446 1761 2516 γλώσσης,

195 2532 475 2603 συντρίϐει
521 2534 686 2586 ὀστᾶ’
723 2532 953 2596 Θάνατος
995 2533 1105 2604 γὰρ
1165 2538 1424 2605 πονηρὸς,
1471 2538 1499 2589 6
1536 2538 1766 2601 Θάνατος

193 2623 388 2690 αὐτῆς.
413 2641 431 2673 ι
477 2623 535 2676 Ὀ
566 2624 622 2676 δὲ
650 2625 938 2693 προφήτης
989 2622 1305 2695 Ἃμϐακούμ
1327 2642 1343 2654 θ
1376 2646 1392 2678 ι
1419 2628 1645 2697 ’Ἄνδρες
1691 2631 1767 2681 εί-

196 2714 410 2782 ρηνικοί
460 2731 553 2767 σου
598 2714 802 2784 ἔθηκαν
858 2714 1082 2784 ἐνέδραν
1133 2716 1393 2769 ὑποκάτω
1443 2733 1557 2771 σου.
1592 2736 1611 2769 ι
1657 2716 1766 2770 Καὶ

194 2808 224 2858 6
265 2794 533 2883 Ἱερεμίας
576 2807 741 2874 φησίν
769 2821 782 2834 ’
825 2824 842 2856 ι
869 2806 1026 2870 Βολὶς
1054 2806 1448 2876 τιτρώσκουσα.
1485 2811 1517 2876 ἡ
1548 2808 1769 2873 γλῶσσα

195 2898 396 2953 αὐτῶν.
446 2899 556 2952 Καὶ
598 2897 747 2951 δόλια
774 2897 843 2951 τὰ
875 2900 1096 2969 ῥήματα
1128 2899 1361 2952 αὐτῶν.»
1408 2901 1466 2953 '0
1492 2899 1549 2951 δὲ
1580 2897 1764 2963 Δαυῒδ,

196 2987 519 3057 βουλόμενος
550 2989 851 3057 ἀποστῆναι
881 2989 1081 3051 αὐτοὺς
1102 2992 1201 3058 τῆς
1221 2989 1514 3058 δυσμενίας
1538 2988 1784 3069 ταύτης,⁸

196 3079 572 3147 παραγγέλλει
598 3079 773 3146 λέγων
790 3095 802 3108 ”
843 3101 861 3131 ι
893 3080 1112 3133 Παῦσον
1139 3079 1235 3150 τὴν
1259 3080 1507 3148 γλῶσσάν
1540 3099 1634 3134 σου
1660 3081 1769 3135 ἀπὸ

196 3170 390 3232 κακοῦ,
428 3171 523 3224 xui.
569 3172 724 3241 χείλη
774 3188 892 3237 σου,
946 3171 1047 3226 τοῦ
1081 3172 1156 3244 μὴ
1183 3172 1415 3244 λαλῆσαι
1436 3173 1607 3228 δόλον.
1639 3191 1658 3224 ι
1685 3174 1769 3227 Ei-

192 3257 301 3322 δὼς
357 3260 413 3311 δὲ
469 3260 647 3314 αὐτῶν
695 3261 756 3314 τὸ
811 3263 1016 3331 ἀπηνὲς
1070 3263 1175 3330 τῆς
1225 3262 1471 3333 γνώμης,
1531 3262 1766 3331 ἐπάγεν

200 3369 222 3403 ι
251 3351 434 3421 Τάφος
470 3352 818 3422 ἀνεῳγμένος
866 3356 895 3407 6
941 3354 1150 3422 λάρυγξ
1198 3353 1400 3420 αὐτῶν,
1429 3356 1549 3416 ταῖς
1592 3354 1768 3422 γλώσ-

1865 2186 2144 2240 generem.
2166 2169 2336 2226 Cavet
2350 2171 2497 2225 enim
2523 2171 2845 2228 interdictio
2868 2174 2959 2228 lex
2986 2173 3041 2228 id
3074 2172 3193 2227 fieri
3219 2189 3232 2226 :
3263 2192 3282 2223 ι
3315 2173 3435 2227 Non

1864 2261 2122 2316 admittes
2172 2261 2514 2316 auditionem
2557 2277 2787 2327 vanam,
2836 2278 2949 2317 non
3006 2262 3230 2318 sedebis
3270 2262 3437 2318 simul

1866 2366 1989 2405 cum
2030 2350 2241 2420 iniquo,
2284 2359 2345 2405 ut
2390 2352 2469 2407 sis
2502 2353 2663 2408 testis
2703 2353 2949 2422 iniquus.
2999 2352 3173 2409 Omne
3204 2354 3434 2408 verbum

1865 2442 2207 2513 improbum,
2261 2444 2566 2500 exsecratio
2614 2452 2701 2499 est
2753 2445 2900 2515 apud
2950 2445 3243 2500 Dominum
3289 2446 3355 2499 ³³.
3410 2463 3430 2496 ι

1866 2534 2122 2590 Salomon
2156 2536 2288 2591 item
2313 2553 2326 2588 :
2355 2536 2569 2605 1079
2601 2555 2619 2587 ι
2651 2536 3022 2592 Susurronem
3049 2545 3106 2591 et
3135 2536 3436 2607 bilinguem

1865 2625 2117 2680 maledici
2166 2626 2392 2696 dignum
2445 2637 2558 2692 est,
2609 2626 2817 2682 multos
2867 2628 3017 2682 enim
3073 2626 3441 2696 perdiderunt

1865 2731 2057 2785 pacem
2105 2716 2379 2773 habentes
2416 2717 2480 2773 ¹⁶.
2521 2736 2539 2767 ι
2586 2718 2802 2772 Rursus
2845 2734 2859 2770 :
2909 2736 2927 2768 ι
2966 2717 3177 2788 Lingua
3211 2717 3436 2786 duplex,

1866 2808 2069 2860 multos
2097 2806 2399 2861 commovit
2430 2821 2620 2875 pacem
2653 2806 2952 2873 habentes;
2987 2807 3081 2874 qui
3108 2805 3341 2861 attendit
3364 2806 3443 2872 ei,

1866 2911 1977 2950 non
2011 2896 2221 2951 invenit
2261 2897 2512 2966 requiem
2539 2897 2605 2951 ".
2641 2915 2660 2948 ›
2702 2897 2907 2952 iterum
2939 2913 2953 2950 :
2994 2915 3013 2948 ι
3047 2897 3208 2966 Plaga
3237 2896 3442 2965 lingua:

1866 2988 2105 3043 conterit
2149 3004 2273 3044 ossa
2298 2988 2362 3052 ’⁸,
2396 3003 2547 3043 mors
2594 2988 2744 3043 enim
2792 2988 2932 3041 mala
2971 3002 3121 3041 mors
3164 2988 3287 3058 ejus
3310 2988 3373 3041 ".
3416 3006 3435 3041 ι

1867 3075 2141 3146 Propheta
2189 3091 2408 3146 quoque
2444 3075 2739 3132 Habacuc:
2778 3095 2796 3128 ι
2833 3074 2945 3130 Viri
2978 3076 3192 3146 paciﬁci
3235 3077 3315 3131 tui
3343 3092 3444 3147 po-

1868 3176 2098 3223 suerunt
2143 3167 2373 3223 insidias
2411 3167 2701 3225 adversum
2744 3174 2797 3237 te
2824 3167 2892 3222 '°.
2932 3185 2951 3218 ι
2993 3167 3264 3224 Jeremias
3306 3167 3439 3224 item

1867 3260 1981 3314 ait:
2017 3278 2036 3310 ι
2067 3260 2318 3316 Jaculum
2347 3260 2645 3315 vulnerans
2680 3259 2866 3329 lingua
2896 3273 3087 3313 eorum
3114 3259 3186 3313 “.
3223 3278 3241 3309 ι
3267 3258 3441 3314 David

1867 3350 2098 3419 insuper
2139 3353 2272 3405 istos
2311 3365 2541 3406 avocare
2583 3351 2814 3421 cupiens
2845 3350 2914 3405 ab
2951 3350 3055 3406 hac
3099 3350 3441 3406 immanitate

197 3456 317 3505 σαις
345 3443 525 3496 αὐτῶν
550 3443 877 3508 ἐδολιοῦσαν,
911 3445 1102 3514 κρίνον
1129 3445 1327 3508 αὐτοὺς
1355 3447 1384 3498 6
1406 3445 1561 3511 Θεδς,
1580 3445 1662 3498 ὅτι
1688 3443 1764 3507 ίὸς

1871 3442 2156 3509 plusquam
2194 3440 2406 3504 hostili,
2440 3440 2813 3510 praecipiendo
2842 3440 3017 3494 dicit:
3047 3458 3064 3490 ι
3102 3439 3304 3495 Averte
3330 3439 3441 3494 liu-

194 3533 436 3587 ἀσπίδιον
465 3534 570 3586 ὑπὸ
598 3535 665 3587 τὰ
693 3534 847 3604 χείλη
878 3533 1081 3587 αὐτῶν.
1101 3536 1241 3588 Κατ’
1264 3534 1399 3602 ἐμοῦ
1424 3534 1536 3604 γὰρ
1582 3534 1769 3604 ἐψιθύ-

195 3624 344 3695 ριζον
362 3625 559 3686 πάντες
574 3627 624 3677 οἱ
648 3625 829 3694 ἐχθροί
856 3643 977 3694 μου,
996 3627 1118 3677 κατ’
1140 3625 1275 3694 ἐμοῦ
1293 3625 1597 3694 ἐλογίζοντο
1625 3628 1771 3680 κακά

198 3732 320 3784 μοι·
353 3715 510 3781 λόγον
545 3715 863 3785 παράνομον
895 3716 1190 3769 κατέθεντο
1216 3719 1338 3770 κατ’
1368 3718 1505 3787 ἐμοῦ
1527 3735 1542 3749 ’
1566 3738 1585 3772 ι
1630 3719 1770 3773 Ἀλλ’

204 3824 223 3856 ι
261 3804 710 3858 Ἐνδυσάσθωσαν
740 3807 788 3859 οἱ
823 3806 1262 3869 ἐνδιαϐάλλοντὲς
1293 3825 1381 3877 με,
1412 3809 1679 3881 ἐντροπὴν
1700 3827 1713 3840 ·
1744 3829 1763 3862 ι

193 3890 304 3944 Καί
337 3908 350 3920 ·
386 3910 403 3943 ι
433 3891 950 3961 Περιϐαλλέσθωσαν
978 3933 994 3959 ,
1053 3895 1129 3958 ὠς
1174 3896 1450 3963 διπλοΐδα,
1505 3898 1770 3970 αἰσχύνην

194 3982 440 4052 αὐτῶν..)
478 3985 590 4043 Καὶ
618 3984 913 4054 ἐπεύχεται
951 3985 1125 4053 λέγων
1148 4003 1164 4020 ο
1208 4006 1227 4039 ι
1247 3987 1441 4053 Κύριε,
1467 3988 1631 4060 ῥῦσαι
1667 3992 1768 4062 τὴν

192 4072 377 4144 ψυχήν
410 4092 510 4146 μου
556 4076 664 4128 ἀπὸ
711 4077 934 4146 χειλέων
978 4076 1200 4145 ἀδίκων,
1243 4080 1339 4132 καὶ
1382 4081 1489 4135 ἀπὸ
1514 4080 1769 4152 γλώσσης

194 4160 391 4229 δολίας.
421 4183 441 4217 ι
489 4165 651 4219 Ἀλλά
695 4168 838 4240 κάμὲ
895 4169 1096 4232 αὐτῶν,
1139 4190 1159 4223 ι
1194 4171 1328 4224 Ἀπὸ
1372 4172 1482 4226 τῶν
1526 4166 1770 4244 κρυφίων

199 4250 301 4329 μου
335 4260 632 4332 καθάρισόν
683 4278 774 4331 με,
817 4263 911 4315 καὶ
945 4264 1053 4318 ἀπὸ
1099 4264 1396 4336 ἀλλοτρίων
1447 4268 1632 4335 φεῖσαι
1673 4267 1767 4320 τοῦ

194 4349 380 4404 δούλου
422 4369 536 4416 σου,
593 4351 679 4405 ἵνα
708 4352 940 4422 ἄμωμος
989 4355 1258 4425 γένωμαι.
1287 4374 1307 4407 ι
1348 4357 1460 4410 Kal.
1499 4359 1528 4410 6
1570 4358 1771 4428 Παροι-

198 4437 431 4508 μιαστὴς
460 4439 767 4494 ἐντέλλεται
789 4441 988 4509 λέγων·
1015 4461 1032 4493 ι
1054 4444 1144 4512 Μὴ
1168 4444 1373 4515 κληθῇς
1395 4445 1644 4517 ψίθυρος.
1675 4448 1769 4499 καὶ

194 4529 260 4598 τῇ
291 4526 512 4602 γλώσσῃ
548 4548 642 4584 σου
699 4534 773 4602 μὴ
811 4533 1095 4603 ἐνέδρευε·
1131 4534 1349 4603 μολύνει
1391 4537 1501 4606 γάρ
1530 4536 1627 4608 τὴν
1652 4538 1770 4591 ἐαυ-

192 4616 289 4671 τοῦ
317 4618 494 4688 ψυχὴν
519 4623 547 4673 ὁ
572 4621 818 4691 ψίθυρος.
849 4625 1018 4695 Ἀνὴρ
1060 4625 1169 4694 γὰρ
1205 4626 1565 4695 εὐμετάϐολος
1590 4627 1767 4696 γλώσ-

197 4723 289 4779 σῃ,
322 4709 643 4778 ἐμπεσεῖται
691 4715 772 4776 εἰς
809 4714 974 4768 κακά.
1001 4733 1020 4765 ι
1084 4716 1194 4769 Καὶ
1241 4715 1399 4768 πάλιν
1428 4732 1442 4747 ·
1477 4735 1497 4768 ι
1527 4716 1767 4781 Θάνατος

1872 3546 2031 3602 guam
2062 3539 2207 3585 tuam
2248 3546 2278 3585 a
2324 3531 2493 3595 malo,
2515 3538 2571 3585 et
2609 3532 2755 3585 labia
2789 3541 2882 3587 tua
2909 3548 2980 3587 ne
3011 3533 3310 3601 loquantur
3339 3530 3442 3586 do—

1871 3622 1984 3676 lum
2018 3624 2081 3674 “.
2132 3640 2150 3672 ι
2182 3621 2450 3692 Quodque
2501 3635 2843 3692 perspectam
2889 3624 3123 3679 haberet
3159 3623 3443 3679 eli‘eratam

1871 3723 2035 3781 atque
2069 3714 2337 3768 minacem
2364 3714 2663 3769 voluntatis
2696 3714 2927 3769 istorum
2962 3714 3247 3780 ferociam,
3281 3715 3455 3768 indu-

1871 3805 1987 3863 cit:
2018 3823 2036 3855 ι
2068 3804 2388 3874 Sepulcrum
2406 3814 2602 3873 patens
2645 3814 2729 3860 est
2775 3813 2967 3875 guttur
2992 3820 3184 3860 eorum
3206 3821 3220 3865 ;
3241 3806 3451 3875 linguis

1870 3894 1986 3947 suis
2031 3893 2218 3948 dolose
2263 3893 2529 3963 agebant,
2575 3893 2761 3964 judica
2812 3892 2958 3957 illos,
3004 3893 3149 3947 Deus
3187 3893 3268 3957 ’3;
3316 3892 3445 3960 quia

1871 3999 2142 4038 venenum
2195 3983 2447 4053 aspidum
2496 3984 2600 4039 sub
2643 3983 2805 4039 labiis
2855 3998 3049 4038 eorum
3089 3982 3134 4012 "
3185 3990 3444 4037 :etenuu

1870 4074 2162 4129 adversum
2219 4089 2307 4128 me
2365 4074 2729 4129 susurrabant
2782 4089 2977 4129 omnes
3041 4072 3249 4128 inimici
3300 4073 3445 4134 mei,

1870 4165 2162 4221 adversum
2208 4180 2294 4221 me
2323 4165 2636 4234 cogitabant
2680 4165 2820 4220 mala
2866 4165 3024 4219 mihi.
3057 4164 3299 4220 Verbum
3342 4163 3455 4216 iui-

1870 4273 2040 4329 quum
2083 4257 2490 4312 constituerunt
2534 4256 2828 4328 adversum
2883 4271 2972 4310 me
3011 4257 3078 4309 ’⁸.
3128 4275 3145 4306 ι
3186 4254 3293 4309 Sed
3333 4263 3391 4308 et
3428 4273 3458 4308 :.

1878 4368 1895 4399 ι
1929 4347 2233 4402 lnduantur
2265 4346 2361 4416 qui
2385 4346 2687 4400 detrahunt
2726 4347 2883 4409 mihi,
2916 4345 3132 4416 pudore
3161 4346 3227 4397 ³⁸.
3263 4365 3279 4394 ι
3318 4344 3385 4398 Et
3419 4362 3439 4397 :

1877 4457 1895 4489 ι
1931 4438 2235 4494 Iuduantur
2281 4436 2427 4492 sicut
2477 4436 2720 4507 diploide
2765 4437 3084 4492 confusione
3125 4452 3223 4490 sua
3242 4437 3311 4500 ’⁷,
3348 4451 3457 4504 (ιω.

1869 4528 2063 4584 dicunt
2097 4528 2253 4593 mihi,
2298 4529 2641 4607 Eugeheuge
2666 4530 2733 4582 ’⁸.
2779 4547 2795 4580 ι
2830 4528 3059 4599 Sibique
3086 4535 3449 4598 apprecatur,

1869 4621 2104 4688 dicens:
2143 4640 2161 4673 ι
2194 4621 2455 4686 Domine,
2494 4622 2670 4676 libera
2713 4621 2950 4676 animam
2993 4635 3171 4676 meam
3214 4636 3242 4673 a
3285 4619 3469 4673 labiis.

1871 4715 2074 4785 iniquis
2094 4723 2150 4773 et
2181 4730 2211 4769 a
2231 4714 2416 4785 lingua
2444 4713 2634 4769 dolosa
2659 4714 2724 4768 ³⁹.
2762 4733 2781 4765 ›
2816 4712 2922 4769 Sed
2948 4722 3004 4768 et
3030 4712 3300 4782 meipsum
3328 4729 3345 4760 ι
3375 4711 3459 4765 ab

195 4800 290 4855 καὶ
331 4799 443 4872 ζωὴ
476 4802 534 4855 ἐν
563 4804 706 4876 χειρὶ
753 4803 1011 4886 γλώσσης
1038 4822 1053 4837 ο
1104 4808 1152 4859 oi
1202 4806 1259 4860 δὲ
1316 4806 1643 4877 κρατοῦντες
1665 4808 1766 4861 αὺ-

1873 4807 2106 4861 occultis
2138 4805 2277 4869 meis
2309 4805 2514 4860 munda
2547 4820 2655 4868 me,
2687 4814 2745 4860 et
2773 4805 2841 4859 ab
2871 4805 3068 4860 alienis
3094 4818 3256 4870 parce
3288 4817 3467 4858 servo»

191 4890 316 4959 τῆς,
354 4889 564 4946 ἔδονται
629 4895 759 4958 τοὺς
809 4896 1060 4968 καρποὺς
1132 4896 1321 4967 αὐτῆς.
1350 4915 1370 4947 ι
1434 4898 1545 4950 Καὶ
1593 4900 1622 4950 6
1661 4898 1762 4953 Ἰά-

194 4981 372 5044 κώϐος
399 4997 413 5012 ο
452 5002 470 5034 ι
496 4983 561 5036 Εἴ
595 5001 678 5047 τις
717 4985 865 5038 δοκεῖ
896 4985 1133 5055 θρῆσκος
1156 4982 1421 5058 εἶναι,.μὴ
1460 4986 1765 5056 χαλιναγω-

195 5070 598 5143 γῶν-γλῶσσαν
644 5075 832 5140 αὐτοῦ,
868 5077 985 5130 ἀλλ’
1026 5076 1249 5130 ἀπατῶν
1298 5077 1522 5147 καρδίαν
1573 5080 1762 5145 αὐτοῦ,

194 5163 388 5229 ⁴τούτου
434 5165 663 5234 μάταιος
709 5168 741 5238 ἡ
789 5167 1090 5238 θρησκείαν
1122 5186 1143 5216 ι
1176 5168 1286 5220 Καὶ
1315 5166 1509 5236 ἐπάγει
1533 5184 1546 5199 ο
1575 5174 1613 5220 ι’
1637 5170 1766 5223 Ἰδοὺ

194 5254 385 5325 ¹ἡλίκον
417 5256 526 5326 πῦρ
559 5258 751 5327 ἡλίκην
789 5256 922 5326 ῦλην
951 5260 1204 5313 ἀνάπτει.
1230 5277 1248 5308 ι
1281 5259 1386 5312 Καί
1414 5277 1427 5292 ν
1453 5278 1472 5309 ι
1509 5260 1571 5312 ἸΙ
1595 5259 1768 5327 γλῶσ-

197 5361 267 5398 σα
324 5346 457 5417 πῦρ,
512 5349 541 5401 6
586 5348 791 5418 κόσμος
845 5351 944 5417 τῆς
995 5347 1230 5412 ἀδικίας.
1261 5369 1406 5403 ι--ι
1443 5350 1511 5403 Ἠ
1547 5351 1767 5420 γλῶσσα

1871 4906 1996 4961 tuo,
2050 4906 2111 4951 ut
2161 4896 2545 4951 immaculatus
2589 4896 2794 4951 etiiciar
2825 4898 2891 4951 ³ο.
2940 4915 2959 4948 ι
3007 4895 3172 4951 Jube’t
3224 4907 3459 4964 quoque

1864 4986 2252 5043 Parmmiastes
2285 5004 2300 5042 :
2349 5007 2368 5039 ι
2402 4988 2481 5043 Ne
2515 4988 2731 5043 voceris
2768 5003 3017 5050 susurro,
3046 4994 3103 5040 et
3133 4985 3319 5054 lingua
3352 4993 3461 5038 tua~

1867 5097 1936 5135 ne
1968 5080 2058 5135 cui
2103 5080 2347 5134 moliaris
2380 5079 2640 5144 insidias;
2664 5080 2706 5110 ³¹
2742 5094 2895 5133 suam
2936 5077 3085 5131 enim
3111 5076 3285 5146 ipsius
3322 5074 3444 5128 aui-

1868 5188 2013 5226 mam
2063 5171 2316 5241 inquinat
2359 5164 2587 5226 susurro
2616 5172 2688 5234 ⁸¹;
2732 5171 2817 5224 vir
2847 5170 2993 5224 enim
3043 5165 3453 5245 incontinentis

1867 5260 2066 5329 linguae
2098 5267 2218 5312 rurt
2252 5259 2305 5312 in
2339 5260 2478 5314 mala
2509 5260 2574 5314 ³⁸.
2614 5279 2632 5310 ι
2675 5259 2913 5313 Rursum
2950 5276 2962 5310 :
3003 5276 3020 5307 ι
3060 5256 3211 5309 Mors
3247 5262 3303 5309 et.
3339 5257 3450 5307 vita

1872 5352 1926 5406 in
1955 5367 2116 5404 manu
2141 5350 2370 5419 linguae;
2399 5350 2492 5418 qui
2513 5360 2699 5404 autem
2722 5350 3080 5404 dominantur
3102 5352 3245 5418 ejus,
3270 5363 3471 5401 conm-

275 5467 321 5500 ¹¹
347 5465 534 5519 Matth.
568 5481 664 5528 xu,
691 5466 782 5520 25.
861 5466 906 5496 ¹³
935 5465 1072 5533 Lege
1106 5462 1383 5518 Beelzebub
1413 5502 1429 5526 .
1494 5464 1698 5517 idolum
1734 5481 1946 5519 musae.
2026 5465 2071 5496 ”
2106 5464 2242 5519 ibid.
2272 5466 2363 5524 27.
2394 5466 2484 5521 28.
2566 5467 2610 5498 ⁸³
2646 5468 2811 5520 Exod.
2851 5484 2939 5525 xx.
2980 5467 3055 5533 7;
3108 5465 3284 5520 Levit.
3322 5481 3449 5529 τις,

210 5535 294 5589 15.
377 5536 418 5566 ¹⁶
448 5536 611 5589 ΕυιἸίν
650 5551 839 5591 XXVIII.
875 5535 953 5587 15.
1034 5537 1075 5565 ¹⁷
1111 5538 1238 5588 illiti.
1276 5537 1365 5587 '20.

208 5609 254 5638 η
288 5606 424 5658 ΡςειΙ.
488 5620 672 5661 xxviii.
727 5605 812 5658 Μ.
893 5606 936 5636 ⁸³
972 5605 1110 5657 Psal.
1165 5621 1216 5659 ν.
1256 5605 1336 5659 H.

206 5675 252 5707 "'
290 5675 406 5727 Psal
462 5690 520 5725 ιτ
555 5692 599 5731 τ,
642 5675 685 5728 ί.
766 5677 808 5707 ¹⁹
844 5672 1156 5735 Ps:l.cx1x,
1196 5674 1247 5725 9..

208 5760 393 5803 λειω,
433 5745 512 5796 ιε).

1446 5535 1486 5564 ¹⁸
1515 5536 1648 5587 ῑιιίιι.
1680 5538 1768 5597 21,

1415 5605 1458 5633 ’³
1497 5605 1640 5656 1’8.›Ι.
1679 5620 1796 5661 xm.
1835 5606 1883 5656 5.

1327 5674 1375 5705 ³ο
1408 5674 1523 5727 Ρειι
1579 5691 1702 5726 sm:
1770 5676 1848 5731 εδ,
1895 5675 1973 5727 li.

1856 5536 1894 5565 ⁸³
1932 5535 2062 5588 ihicl.
2096 5536 2186 5588 25.
2266 5538 2309 5566 ²⁰
2349 5536 2460 5588 lmo
2487 5536 2599 5592 ,ιι-τ.
2634 5553 2855 5595 xxxvut.
2888 5539 2976 5590 ἓξ.
3057 5540 3092 5569 ¹¹
3124 5533 3237 5591 Jer.
3273 5552 3348 5590 tv.
3381 5538 3435 5589 8.

1964 5606 2012 5636 "
2048 5605 2181 5656 Pszll.
2241 5621 2328 5662 ιι..
2383 5606 2435 5662 8,
2486 5605 2538 5658 9.
2618 5606 2830 5659 ¹⁶1’5;11.
2873 5623 3024 5661 cvm.
3058 5607 3147 5660 (ἐξ).
3225 5606 3272 5636 ³⁷
3306 5607 3449 5657 ihi-l-

2052 5675 2091 5705 ⁵³
2134 5674 2296 5728 Ιίίϊιι.
2336 5690 2383 5727 v.
2425 5676 2504 5729 i6.
2585 5677 2630 5708 ³³
2669 5678 2834 5729 Lccli.
2878 5695 2983 5740 ait,
3024 5680 3111 5729 51.

3193 5676 3447 5728 “Emit-
3550 5712 3556 5718 -
3632 5720 3639 5731 .
