4030 6296
561 327 697 395 1535
1820 327 2165 402 ANTIOCHI

2268 327 2576 389 lONACHI
2906 390 2909 393 η
3700 320 3845 387 1536

555 439 690 497 dent
726 437 940 495 fructus
969 439 1090 511 ejus
1115 439 1177 494 ³⁸,
1214 458 1231 490 ι
1260 438 1496 495 Iacobus
1540 452 1554 491 :
1596 458 1612 489 ι
1647 432 1701 492 Si
1752 439 1875 507 quis
1915 438 2136 492 videtur

2268 437 2565 491 εαθίσταται
2612 437 2669 489 ὲν
2723 438 2836 499 τοῖς
2882 435 3097 510 μέλεσιν
3126 434 3306 510 ἡμῷν,
3338 435 3370 504 ἡ
3400 434 3686 490 σπιλοῦσα
3720 438 3843 489 ὅλον

556 533 849 602 religiosus
889 546 1032 595 esse,
1063 546 1177 585 non
1217 529 1516 585 refraenans
1549 530 1789 602 linguam
1818 546 1997 596 suam,
2034 530 2135 585 sed

2269 529 2297 581 ὺ
2350 529 2530 599 σῶμα,
2571 528 2664 581 καὶ
2722 525 3054 595 φλογίζουσα
3101 527 3192 579 τδν
3243 525 3441 594 τροχὸν
3486 524 3597 595 τῆς
3643 529 3845 598 γεννή-

558 621 832 677 seducens
884 636 979 676 cor
1028 636 1213 686 suum,
1256 622 1424 691 huius
1473 636 1614 675 vana
1661 630 1746 675 εει
1798 621 1989 691 religio
2012 620 2077 676 ³⁸.
2112 640 2132 674 ι

2268 636 2397 682 ειυς.
2430 638 2448 670 ι
2481 617 2720 688 Εὔδηλον
2762 620 2844 672 ὅτι
2878 617 2972 672 τὸν
3007 618 3198 688 χρόνον
3226 617 3328 686 τῆς
3360 615 3510 685 ζωῆς
3538 617 3741 687 ἡμῶν.
3784 619 3842 673 ὀ

558 714 779 768 lnducit
823 731 837 767 :
887 732 906 765 ι
955 713 1097 768 Ecce
1144 721 1386 783 quantus
1436 713 1607 784 ignis,
1661 728 1825 783 quam
1885 728 2135 784 magnam

2268 711 2349 781 τὰρ
2396 710 2509 781 βίος
2536 709 2630 763 τοῦ
2684 709 2999 780 ἀνθρώπου,
3030 709 3226 778 τροχὸς
3260 709 3499 778 ὑπάρχει
3530 710 3842 765 ἀνακυλιόο

561 804 753 857 silvam
789 804 1035 858 incendit
1060 805 1137 858 ἐί
1176 823 1192 855 ι
1227 803 1295 858 Et
1324 822 1337 858 :
1371 822 1388 855 ι
1417 804 1628 875 Lingua
1660 805 1824 876 ignis,
1859 804 2139 860 universi-

2268 820 2426 869 ιενος,
2456 803 2551 855 καὶ
2595 800 2983 871 φλογιζόμενος
3007 802 3114 854 ὑπὸ
3139 801 3239 871 τῆς
3266 803 3513 869 γεέννης.
3540 800 3622 855 οὐ
3641 817 3831 872 rupes

565 902 649 949 tas
699 894 1008 963 iniquitatis
1047 895 1114 947 δ’.
1167 912 1187 946 ι
1229 895 1341 949 Et:
1383 914 1402 946 ι
1438 894 1644 965 Lingua
1690 895 2049 950 constituitur
2080 897 2139 950 in

2268 891 2355 955 ὗν,
2418 878 2818 969 ἀδελφοὶξσδν
2866 893 3231 963 ψιθυρισμὸν,
3283 893 3370 944 ἵνα
3429 893 3511 962 μὴν
3584 896 3840 966 στερήσῃ

566 983 830 1038 membris
877 985 1116 1051 nostris,
1165 1001 1286 1055 quae
1328 987 1564 1042 maculat
1609 994 1785 1040 totum
1828 1001 2050 1056 corpus,
2084 996 2140 1042 et

2268 988 2390 1057 ,μᾶς
2429 985 2523 1038 τοῦ
2547 984 2902 1054 παραδείσου,
2930 984 3025 1036 καὶ
3054 984 3402 1055 παραπέμψῃ
3426 986 3508 1044 είς
3548 984 3653 1054 τὴν
3678 987 3841 1053 γέεν.

568 1073 869 1128 inﬂammat
900 1084 1075 1130 rotam
1107 1078 1413 1133 nativitatis
1440 1086 1641 1133 nostra
1663 1078 1724 1129 ³⁸.
1769 1097 1788 1130 ι
1824 1077 2022 1147 Liquet
2039 1093 2139 1148 per

2268 1092 2340 1126 ἀν
2370 1073 2467 1127 τοῦ
2499 1074 2695 1145 πυρός.
2723 1072 3031 1141 Ψιθυρίσας
3051 1072 3159 1141 γὰρ
3200 1075 3228 1125 ό
3261 1073 3408 1142 ὄφις,
3445 1070 3720 1137 ἐξέϐαλεν
3740 1076 3841 1140 τὴν

559 1165 676 1243 hoc
706 1165 936 1236 intelligi
961 1168 1307 1236 temporaria
1339 1169 1496 1222 istius
1528 1170 1652 1223 vitae
1682 1176 1980 1230 momenta,
2014 1167 2139 1240 qui-

2268 1164 2390 1217 ii'iav
2432 1165 2498 1217 ὲκ
2527 1162 2624 1215 τοῦ
2668 1161 3001 1231 παραδείσου
3025 1177 3040 1190 ο
3071 1160 3256 1221 καθώς
3285 1178 3370 1223 τις
3400 1161 3586 1229 Σοφδς
3628 1165 3837 1231 φησίν·

568 1252 676 1311 bus
710 1250 826 1325 ipsa
864 1272 1081 1312 sursum
1111 1258 1369 1313 deorsum
1414 1260 1776 1329 provolvitur.
1812 1259 1952 1326 Quid
1991 1260 2141 1314 enim

2292 1250 2578 1319 Μακάριος
2617 1249 2676 1311 ὃς
2720 1250 2779 1301 ὲν
2803 1248 3024 1319 γλώσσῃ
3047 1250 3147 1302 οὐκ
3175 1249 3481 1319 ὀλίσθησεν.
3508 1269 3529 1301 ι
3571 1251 3687 1304 Καὶ
3730 1254 3840 1304 πάι

570 1345 815 1400 hominis
847 1347 959 1401 vita
1007 1348 1155 1402 aliud
1200 1365 1364 1418 quam
1402 1358 1519 1403 rota
1550 1366 1671 1419 quae
1702 1351 1919 1419 perpeti
1959 1357 2141 1405 rotatu

2268 1357 2327 1392 ,ιν
2352 1356 2365 1369 ·
2403 1357 2422 1389 ι
2451 1339 2734 1404 Μακάριος
2759 1338 2787 1388 ό
2818 1338 3147 1401 σκεπασθεὶς
3170 1339 3277 1391 ἀπὸ
3316 1338 3625 1409 προσώπου
3658 1340 3839 1407 73.42):-

570 1437 867 1491 versatur?
895 1437 1001 1492 Sed
1049 1448 1105 1493 et
1153 1440 1345 1494 eadem
1396 1440 1766 1495 inﬂammatur
1798 1456 1827 1495 a
1868 1441 2138 1511 gehenna.

2268 1444 2345 1496 της
2371 1444 2385 1458 ·
2409 1446 2427 1479 ι
2456 1429 2594 1481 Καί·
2629 1446 2647 1477 ι
2686 1427 2988 1497 Ὀλίσθημα
3012 1428 3122 1481 ἀπδ
3148 1429 3379 1495 ἐδάφους
3409 1429 3624 1498 μᾶλλον
3661 1431 3698 1500 ἢ
3731 1431 3838 1483 ἀπὸ

573 1527 1025 1583 Susurrationem
1085 1530 1306 1600 itaque.
1380 1530 1612 1593 fratres,
1673 1547 1836 1600 quam
1906 1530 2143 1585 maxime

2268 1517 2515 1584 γλώσσης.
2544 1537 2564 1568 ι
2594 1518 2705 1571 Καὶ
2730 1518 2758 1569 ό
2810 1517 3024 1582 Παῦλος
3054 1535 3067 1546 ’
3117 1538 3133 1568 ι
3164 1519 3375 1588 Μήπως
3396 1519 3458 1572 ἐν
3502 1521 3641 1590 ὑμῖν
3665 1521 3833 1590 ἕρεις.

574 1616 871 1686 fugiamus,
897 1626 957 1673 ut
975 1635 1042 1674 ne
1065 1634 1166 1673 nos
1194 1620 1514 1673 amoenitate
1537 1620 1716 1688 privet
1738 1619 1996 1690 paradisi,
2018 1635 2147 1675 nos-

2268 1607 2430 1677 ζῆλος.
2459 1608 2630 1677 θυμὸς
2674 1608 2930 1678 ὲριθεῖαι,
2962 1610 3059 1661 καὶ
3086 1608 3433 1666 καταλαλιαὶ.
3475 1610 3833 1681 ψιθυρισμοί..

575 1722 685 1776 que
735 1709 1072 1763 transmittat
1127 1709 1183 1763 in
1239 1710 1548 1778 gehennam
1611 1711 1771 1780 ignis.
1831 1709 1944 1764 Suo
1994 1710 2142 1764 enim

2268 1698 2564 1767 ρυσιώσεις,
2603 1718 2620 1751 ι
2661 1701 2752 1752 καὶ
2784 1692 2851 1753 τὶ
2877 1700 3023 1769 ἑξῆς.
3061 1702 3117 1753 Ὀ
3139 1700 3196 1753 δὲ
3231 1701 3433 1773 Κύριός
3462 1718 3634 1771 φησιν
3657 1717 3673 1732 ⁸
3718 1719 3742 1753 ς
3778 1703 3833 1754 Ὀ

577 1798 832 1852 susurrio
861 1815 1090 1868 serpens
1135 1800 1226 1854 ille
1255 1800 1422 1854 Evam
1468 1801 1869 1869 tranquillitate
1912 1799 2149 1854 exclusit

2268 1793 2454 1861 ιγαθδς
2476 1793 2571 1847 ἀνθ
2582 1811 2765 1864 ρωπος
2784 1796 2853 1846 ὲκ
2874 1793 2969 1847 τοῦ
2994 1792 3199 1861 ἀγαθοῦ
3242 1769 3418 1864 θησαυ
3428 1769 3535 1861 ροῦή
3558 1794 3663 1864 τῆς
3684 1810 3837 1862 καρ-

575 1888 841 1958 paradisi.
878 1889 957 1943 Ad
975 1905 1094 1947 eam
1118 1889 1411 1944 formulam
1433 1890 1655 1959 quidam
1693 1890 1953 1959 Sapiens:
1975 1909 1992 1939 ι
2016 1889 2153 1944 Bea-

2268 1887 2372 1948 ila;
2418 1885 2584 1939 αὑτοῦ
2630 1886 2929 1954 προσφέρει
2959 1886 3018 1938 τὸ
3044 1884 3248 1952 ἀγαθόν
3271 1901 3286 1915 '
3310 1886 3339 1937 ὁ
3364 1884 3425 1937 δὲ
3453 1885 3707 1953 πονηρὸς
3746 1886 3836 1939 ἀν-

578 1982 670 2031 tus
688 1977 783 2046 qui
806 1993 915 2033 non
937 1988 1021 2033 est
1043 1979 1229 2048 lapsus
1260 1979 1442 2049 lingua
1466 1980 1531 2033 ”.
1572 1999 1590 2030 ι
1624 1979 1732 2034 Et:
1771 1998 1789 2030 ι
1827 1979 2027 2034 Beatus
2056 1979 2152 2049 qui

2268 1977 2471 2046 lpum-0;
2516 1979 2582 2029 ὲκ
2627 1975 2723 2030 τοῦ
2788 1974 3027 2045 πονηροῦ
3084 1976 3185 2044 τῆς
3234 1976 3468 2040 καρδίας
3515 1976 3696 2028 αὑτοῦ
3748 1978 3836 2028 ὲκο

578 2077 864 2139 protectus
890 2078 976 2125 est
1003 2087 1031 2125 a
1074 2071 1216 2127 facie
1257 2071 1458 2139 linguae
1479 2073 1544 2125 ⁵ο.
1574 2090 1593 2122 ι
1624 2070 1690 2124 Et
1722 2088 1736 2124 :
1781 2088 1799 2121 ι
1832 2070 1891 2124 ln
1922 2070 2150 2125 humum

2268 2069 2438 2123 ἰάλλει
2466 2069 2531 2123 τά
2573 2070 2807 2138 πονηρά.
2854 2069 2947 2120 Ἐκ
2974 2066 3082 2138 γὰρ
3110 2068 3204 2121 τοῦ
3253 2066 3713 2137 περισσεύματος
3738 2065 3834 2134 τῆς

578 2158 687 2214 labi
732 2169 982 2228 praestat,
1029 2177 1192 2231 quam
1242 2177 1271 2215 a
1315 2162 1518 2225 lingua.
1569 2180 1588 2212 ι
1626 2160 1827 2215 Paulus
1873 2161 2147 2231 proinde:

587 2268 607 2300 ι
642 2249 723 2304 Ne
762 2250 903 2305 forte
941 2251 1085 2306 inter
1119 2268 1218 2307 vos
1259 2252 1373 2307 sint
1405 2251 1811 2313 contentiones.
1842 2251 2149 2306 aemulatio-

2249 2162 2479 2230 καρδίας
2523 2160 2585 2214 τὸ
2632 2161 2807 2229 στόμα
2864 2159 3036 2214 λαλεῖ.
3062 2178 3080 2211 ι
3118 2159 3278 2230 Αὖτῷ
3322 2162 3355 2231 η
3406 2159 3541 2224 δόξα
3591 2161 3675 2221 εἰς
3712 2157 3833 2219 τοὺς

2248 2252 2469 2315 αίῶνας.
2515 2252 2711 2322 Ἀμήν.

578 2360 712 2402 nes.
789 2347 1190 2424 animositates,
1261 2347 1667 2410 dissensiones,
1742 2346 2146 2408 detractiones.
2189 2348 2614 2411 susurrationes,
2658 2347 2971 2403 inﬂationes
3034 2347 3114 2414 “;
3159 2366 3177 2399 ι
3250 2356 3307 2401 et
3348 2363 3475 2417 quae
3514 2346 3717 2401 ordine
3746 2361 3833 2401 se-

581 2447 849 2508 quuntur.
898 2439 1162 2494 Dominus
1207 2454 1373 2509 porro
1403 2439 1521 2493 ait:
1589 2456 1607 2489 ι
1676 2438 1859 2493 Bonus
1905 2440 2069 2493 homo
2121 2438 2190 2494 de
2228 2439 2375 2494 bono
2429 2440 2688 2495 thesauro
2743 2439 2930 2495 θοι-δίε
2988 2438 3072 2494 sui
3119 2439 3336 2508 profert
3368 2440 3603 2503 bonum,
3657 2437 3833 2491 malus

581 2538 764 2585 autem
800 2531 967 2586 homo
1020 2531 1088 2586 de
1129 2531 1273 2585 malo
1324 2530 1583 2585 thesauro
1637 2530 1789 2602 ejicit
1839 2531 2011 2596 mala;
2054 2545 2121 2587 ex
2160 2531 2496 2587 abundantia
2542 2531 2691 2587 enim
2730 2531 2918 2588 cordis
2984 2545 3046 2587 os
3100 2530 3348 2600 loquitur
3373 2532 3439 2586 ".
3477 2548 3499 2583 ι
3527 2529 3830 2585 [mmor-tali

584 2622 697 2678 Deo
728 2624 798 2678 sit
823 2624 995 2694 gloria
1018 2625 1073 2679 in
1097 2625 1315 2679 saecula.
1346 2625 1539 2679 Amen.

992 2759 1205 2829 1080
1244 2758 1526 2813 llOMlLlA
1557 2758 1747 2814 XXXI.
1856 2747 1869 2751 7

593 2865 658 2922 Ut
670 2882 733 2921 ne
748 2866 955 2921 delator
971 2868 1222 2923 eaerulus
1234 2873 1326 2932 eis,
1339 2879 1430 2923 aut
1446 2872 1778 2939 importunus
1796 2870 2156 2939 reprehensor.

657 3000 736 3057 Ne
756 3001 1068 3073 quempiam
1095 3004 1313 3058 incuses
1334 3012 1427 3058 aut
1444 3004 1658 3058 deferas
1678 3003 2159 3072 intempestiviter,

2856 2759 3074 2814 ΛΟΓΟΣ
3100 2759 3204 2812 AA'

2640 2866 2779 2935 Περὶ
2814 2867 2921 2922 τοῦ
2954 2865 3041 2935 μὴ
3076 2866 3442 2936 μέμφεσθαι.

2328 2997 2401 3051 Τδ
2434 2995 2747 3066 μέμφεσθαι
2777 2996 3022 3068 ἀκαίρως
3050 2988 3143 3050 καὶ
3171 2998 3546 3063 ἀνεξετάστως
3568 3038 3586 3063 ,
3622 2999 3833 3069 ἀπητόο

589 3109 698 3148 neu
736 3093 804 3148 de
833 3109 893 3148 re
933 3095 1042 3148 ulla
1077 3093 1400 3163 dequeraris
1431 3111 1541 3148 non
1582 3095 1715 3149 satis
1745 3111 1902 3164 :equo
1940 3094 2155 3149 exami-

2268 3105 2448 3159 ρευται
2488 3088 2637 3157 παρά
2670 3091 2736 3159 τῇ
2777 3088 2896 3161 θείᾳ
2942 3089 3155 3157 Γραφῇ,
3212 3091 3259 3142 εί
3298 3091 3554 3158 μήπουγε
3618 3091 3729 3161 ἄρα
3752 3107 3833 3152 τις

594 3199 664 3238 ne
697 3185 1307 3254 perpensa,interdicto
1344 3185 1627 3256 Scriptura
1658 3187 1822 3250 cavit,
1867 3187 1973 3241 nisi
2014 3186 2157 3243 forte

592 3275 639 3330 si
672 3276 797 3342 quis
838 3275 1103 3330 adversus
1137 3276 1447 3344 proximum
1492 3277 1837 3346 querimonia
1866 3277 1947 3331 uti
1984 3278 2153 3342 volet,

595 3371 657 3417 ut
705 3364 751 3418 is
788 3365 853 3417 ad
893 3364 995 3418 viae
1033 3363 1419 3419 rectitudinem
1453 3381 1512 3420 se
1554 3366 1818 3435 recipiat.
1859 3365 1963 3433 Qui
2010 3368 2158 3422 enim

595 3455 691 3509 Dei
727 3454 859 3508 illud
885 3454 1202 3508 mandatum
1249 3465 1535 3511 reveretur
1575 3457 1722 3526 quod
1752 3468 1837 3513 est
1870 3477 1884 3513 ε
1932 3477 1949 3510 ι
1978 3459 2158 3515 Nolite

595 3545 989 3609 condemnare,
1033 3554 1192 3601 utne
1242 3546 1684 3602 condemnemini
1715 3548 1781 3612 “,
1813 3567 1831 3600 ι
1877 3563 2005 3604 suos
2043 3551 2159 3619 ipse

595 3636 844 3691 defectus
891 3652 1001 3691 non
1054 3638 1356 3693 oscitanter
1413 3639 1697 3709 perspicit.
1734 3639 1838 3694 Vix
1890 3641 2161 3696 credibile

596 3742 761 3797 quam
790 3727 860 3781 sit
883 3727 1088 3782 homini
1118 3728 1596 3793 detrimentosum,
1614 3738 1722 3783 tam
1744 3737 2014 3783 attentum
2040 3744 2162 3786 esse

594 3831 651 3877 et
679 3821 914 3875 alacrem
946 3821 1013 3875 ad
1043 3822 1276 3876 aliorum
1305 3820 1618 3876 contuenda
1645 3831 1810 3884 atque
1844 3820 2161 3890 expenden-

595 3913 662 3967 da
699 3922 899 3975 errata,
925 3913 1040 3967 suis
1066 3913 1285 3967 interim
1316 3912 1519 3967 debitis
1558 3927 1656 3981 per
1688 3912 2034 3966 oscitantiam
2064 3928 2159 3967 ne-

597 4006 809 4078 glectis.
846 4006 983 4060 Dum
1030 4006 1179 4061 enim
1228 4013 1336 4060 tam
1385 4020 1447 4059 es
1490 4003 1726 4057 aliorum
1766 4004 2162 4073 deprehensor,

596 4097 863 4167 querulus
888 4104 984 4151 aut
1012 4097 1250 4161 delator,
1302 4095 1444 4150 nihil
1475 4094 1662 4148 dubiis
1691 4096 2037 4165 argumentis
2088 4106 2170 4151 tc—

596 4187 778 4256 ipsum
804 4188 1050 4242 declaras
1089 4188 1422 4256 inculpatum
1467 4201 1586 4241 esse
1618 4194 1675 4241 et
1703 4186 2166 4255 irreprehensibi-

598 4279 728 4332 lem.
757 4276 931 4338 Hunc,
951 4276 1203 4353 quisquis
1217 4262 1485 4345 ejusmodi
1503 4284 1607 4339 est,
1624 4264 1994 4339 infensissime
2012 4293 2170 4331 aver-

597 4382 752 4423 satur
775 4368 939 4431 Deus,
972 4370 1035 4421 et‘
1057 4385 1087 4423 a
1116 4384 1175 4423 se
1199 4369 1414 4437 repellit
1441 4383 1605 4438 quam
1638 4368 1974 4438 longissime.
2004 4366 2162 4434 Quod

2263 3178 2397 3247 πρὸς
2438 3177 2815 3247 ἐπανόρθωσιν
2849 3176 2942 3231 τοῦ
2968 3177 3293 3241 ὲπταικότος
3333 3177 3400 3231 δι’
3447 3178 3674 3250 ἀγάπην
3709 3179 3833 3247 βού-

2260 3266 2403 3325 λδιτο
2441 3272 2664 3343 τοιαύτῃ
2697 3272 2899 3341 μέμψει
2928 3273 3065 3345 πρὸς
3108 3274 3200 3326 τὸν
3224 3273 3452 3343 πλησίον
3490 3274 3829 3344 χρήσασθαι.

2276 3360 2333 3413 '0
2364 3360 2473 3432 γὰρ
2496 3359 2682 3423 δεδιὼς
2712 3361 2947 3430 μάλιστα
2981 3360 3084 3431 τὴν
3112 3360 3329 3429 ἐντολὴν
3354 3360 3449 3413 τοῦ
3474 3362 3706 3430 Κυρίου,
3738 3364 3835 3432 τὴν

2261 3452 2528 3523 λέγουσαν
2565 3469 2580 3484 ο
2630 3471 2650 3504 ι
2688 3454 2777 3524 Μὴ
2819 3453 3246 3517 καταδικάσετε,
3282 3454 3483 3523 ῖναεμὴ
3538 3454 3832 3508 καταδικα·

2265 3532 2463 3612 σθῆτε,
2524 3562 2542 3596 ι
2593 3543 2661 3597 τά
2719 3541 2913 3597 ἑαυτοῦ
2958 3542 3317 3613 ἐλαττώματα
3350 3545 3456 3615 ὁρᾷ
3491 3545 3589 3597 καὶ
3635 3546 3701 3598 τά
3742 3546 3832 3597 τοῦ

2265 3635 2490 3703 πλησίον
2519 3636 2756 3707 παρορᾷ.
2806 3635 3128 3697 Ἐπισλασὲς
3172 3637 3283 3704 γὰρ
3307 3635 3581 3706 ἀνθρώπῳ
3610 3637 3834 3691 καταλιο

2265 3727 2386 3779 πεῖν
2412 3726 2479 3779 τὰ
2513 3726 2702 3781 ἑαυτοῦ
2750 3725 3037 3794 ὀφλήματα
3061 3766 3075 3791 ,
3111 3726 3202 3778 καὶ
3240 3726 3530 3796 προσέχειν
3583 3728 3836 3797 ἀλλότρια

2266 3815 2642 3885 ἐλαττώματα.
2676 3816 2749 3869 Τὸ
2776 3818 2882 3885 γὰρ
2912 3815 3105 3879 ἄλλους
3140 3814 3472 3884 μέμφεσθαι,
3501 3816 3667 3885 δῆλόν
3692 3818 3837 3870 ἐστιν

2265 3909 2346 3962 ὅτι
2373 3908 2564 3960 ἑαυτὸν
2592 3909 2876 3978 ἄμεμπτον
2909 3908 3311 3962 ἀποδείκνυσιν.
3345 3906 3510 3961 Ὅθεν
3537 3908 3633 3959 τὸν
3667 3908 3840 3962 τοιοῦ-

2265 4015 2356 4051 τον
2395 3999 2423 4051 ὁ
2462 3998 2594 4062 Θεὸς
2635 3999 2805 4070 ἄρδην
2852 3996 3276 4067 ἀποστρέφεται.
3328 3996 3392 4050 Εἰ
3430 3997 3488 4050 δὲ
3527 3997 3627 4050 καὶ
3663 3998 3839 4068 θλίψις

2268 4092 2558 4163 ἐπέρχεταί
2588 4109 2667 4144 σοι
2698 4092 2882 4145 ἕνεκεν
2913 4090 3008 4143 τοῦ
3050 4090 3297 4158 πλησίον,
3340 4090 3635 4154 κατάδεξαι
3671 4092 3841 4159 αὐτὴν

2268 4185 2344 4248 ὡς
2377 4184 2473 4252 σὴν
2500 4226 2512 4249 ,
2548 4184 2642 4237 καὶ
2684 4184 2784 4235 οὐκ
2830 4182 3137 4251 ἀλλοτρίαν.
3170 4183 3233 4234 Εἰ
3266 4183 3323 4235 δὲ
3372 4182 3677 4253 ἀντιτάσσῃ
3726 4185 3835 4241 ταῖς

2272 4273 2620 4343 σκυθρωπαῖς
2670 4273 2979 4341 ἐπιφοραῖς,
3015 4271 3106 4323 καὶ
3151 4268 3343 4333 ἄλλους
3382 4269 3576 4339 μέμφῃ
3599 4312 3615 4334 ,
3649 4270 3725 4332 ώς
3746 4270 3841 4322 οὐκ

2272 4361 2439 4426 οἶδας,
2474 4366 2537 4433 τῇ
2572 4364 2818 4416 κελεύσει
2855 4362 2951 4415 τοῦ
2976 4360 3120 4415 Θεοῦ
3151 4361 3441 4431 ἀντεμάχῃ.
3492 4362 3619 4414 Ἐάν
3649 4362 3704 4414 δὲ
3744 4379 3839 4415 κα·

596 4458 641 4514 si
685 4458 966 4527 quidpiam
1014 4466 1066 4513 te
1110 4458 1389 4523 adorietur
1432 4458 1673 4512 adversm
1715 4456 2096 4513 tribulationis
2136 4473 2165 4513 a

2271 4453 2465 4525 ταδέξῃ
2492 4495 2506 4516 ,
2538 4453 2694 4520 δῆλον
2735 4453 2816 4506 ὅτι
2846 4453 3135 4519 ὑπομένεις
3179 4452 3270 4504 τδν
3302 4451 3529 4521 Κύριον.
3562 4454 3683 4525 Καὶ
3720 4456 3842 4520 περὶ

597 4551 850 4620 proximo
883 4551 1151 4612 excitatae,
1186 4551 1325 4604 hanc
1355 4549 1477 4603 vide
1513 4557 1573 4602 ut
1613 4548 1757 4602 feras
1805 4548 1964 4617 quasi
2009 4556 2158 4601 tuam

607 4657 714 4695 non
748 4652 805 4696 ut
833 4643 1090 4696 alienam.
1123 4641 1338 4696 Etenim
1370 4641 1500 4695 dum
1536 4641 1915 4710 impatientius
1972 4640 2170 4694 conﬂi-

599 4732 767 4786 ctaris
790 4732 1078 4786 adversum
1103 4747 1196 4787 eas
1220 4747 1340 4800 quae
1358 4740 1408 4787 te
1438 4731 1792 4785 vehementer
1811 4730 2016 4799 alioqui
2040 4746 2166 4799 pre-

600 4831 762 4879 munt
800 4824 1069 4877 violentas
1115 4824 1522 4893 impressiones,
1560 4830 1616 4876 et
1654 4822 1792 4876 alios
1818 4821 2039 4876 interim
2081 4822 2170 4875 in-

598 4929 780 4976 cusas,
811 4915 966 4983 quasi
994 4914 1085 4982 qui
1118 4929 1224 4968 non
1255 4915 1405 4969 noris
1433 4930 1526 4969 eas
1558 4914 1653 4969 Dei
1683 4913 1889 4968 indicio
1915 4913 2173 4983 conligis.

601 5021 662 5060 se
695 5024 706 5058 :
734 5006 842 5073 jam
885 5014 942 5059 tu
973 5005 1172 5059 diviim
1216 5006 1509 5061 reluctaris
1535 5005 1923 5061 admonitioni.
1972 5003 2066 5059 Sin
2116 5014 2169 5058 tu

600 5114 697 5151 eas
727 5112 881 5167 :equo
919 5099 1117 5152 toleras
1144 5098 1351 5160 animo,
1389 5097 1551 5168 plane
1593 5098 1766 5168 liquet
1811 5108 1861 5152 te
1893 5096 2167 5151 sustinere

604 5191 916 5245 Dominum.
955 5186 1065 5240 llac
1090 5190 1158 5245 de
1218 5206 1277 5245 re
1345 5191 1508 5246 docet
1575 5206 1676 5245 nos
1740 5190 2169 5244 I‘areemiastes:

607 5300 627 5332 ‹
667 5282 986 5350 Priusquam
1020 5283 1444 5344 examinaveris,
1468 5298 1534 5336 ne
1577 5281 1946 5350 reprehendas
1974 5296 2168 5350 quem-

603 5388 767 5440 quam
804 5373 870 5427 de
919 5372 1004 5426 his
1034 5389 1154 5442 quae
1200 5389 1331 5427 aure
1378 5374 1639 5436 didicisti,
1685 5372 1779 5426 sed
1818 5380 1875 5426 et
1927 5372 2168 5442 intellige

605 5465 869 5535 primum,
917 5474 1044 5519 tunc
1077 5465 1296 5533 increpa
1329 5464 1412 5529 “;
1448 5465 1764 5534 priusquam
1801 5462 2064 5526 audieris,
2104 5479 2172 5517 ne

682 5641 723 5668 "'
758 5641 914 5694 l'rm'.
949 5657 1091 5701 \vm,
1130 5644 1217 5694 ‘ll.
1300 5644 1340 5671 ³⁵
1364 5641 1474 5693 Jac.
1520 5659 1555 5698 ι,
1582 5642 1669 5694 ἓιῖ.
1752 5642 1795 5672 3‘
1815 5641 1925 5691 Jac.
1960 5656 2033 5695 ιιι.
2066 5639 2116 5688 ΐὶ.
2193 5638 2235 5667 ³⁷

607 5710 707 5778 ῼῖῑ,
780 5712 817 5741 ⁸⁸
850 5712 890 5763 ll
923 5710 1049 5762 Cor.
1086 5727 1176 5768 λιι.
1202 5713 1288 5763 20.
1371 5714 1409 5741 ’³⁵
1444 5712 1628 5764 Matth.
1662 5728 1753 5773 xu,
1784 5710 1978 5772 735,33.

2056 5707 2099 5736 ⁵³
2138 5706 2269 5759 Luc.
2297 5723 2366 5771 γι,
2390 5707 2475 5758 37.

2260 4546 2447 4599 τούτου
2469 4545 2707 4598 διδάσκει
2729 4545 2872 4614 ἡμᾶς
2897 4532 3377 4614 όΪΙαροιμιαστὴς,
3407 4543 3583 4610 λέγων
3614 4560 3628 4571 ·
3660 4562 3680 4594 ‹
3713 4545 3842 4613 Πρὶν

2264 4636 2539 4701 ἐξετάσαι,
2574 4636 2647 4706 μὴ
2682 4635 2872 4706 μέμψῃ
2896 4636 2963 4687 δι’
3000 4635 3189 4701 ἀκοῆς·
3216 4634 3351 4686 ἀλλὰ
3380 4636 3575 4703 νόησον
3613 4635 3836 4704 πρῶτον.

2266 4730 2361 4783 καὶ
2390 4728 2506 4779 τότε
2540 4727 2798 4796 ὲπιτίμα·
2839 4726 2968 4796 πρὶν
3004 4726 3255 4789 ἀκοῦσαι,
3292 4724 3369 4797 μὴ
3399 4726 3724 4794 ἀποκρίνου,
3752 4731 3838 4779 καί

2271 4822 2328 4874 ἐν
2360 4821 2508 4890 μέσῳ
2534 4819 2708 4886 λόγων
2761 4818 2836 4888 μὴ
2869 4817 3123 4870 ἐπίϐαλλε
3152 4818 3459 4887 ῥῆμα.”οτι
3487 4817 3720 4881 θάνατος
3754 4822 3835 4873 καὶ

2272 4910 2385 4979 ζωὴ
2429 4911 2487 4961 ὲν
2513 4909 2660 4980 χειρὶ
2702 4908 2984 4978 γλώσσης
3011 4927 3051 4960 »λ
3075 4907 3184 4960 Καί
3209 4925 3221 4937 ·
3260 4926 3280 4960 ι
3330 4909 3424 4971 Εἰς
3448 4902 3566 4962 ὦτα
3616 4909 3835 4979 ἄφρονος

2278 5000 2441 5070 μηδὲν
2469 4999 2593 5066 λέγε
2619 5041 2632 5063 ,
2685 5000 2757 5069 μή
2792 5016 2921 5053 ποτε
2959 4999 3274 5069 μυκτηρίσῃ
3304 4999 3430 5061 τοὺς
3462 4998 3721 5060 συνετούς
3752 5014 3833 5049 σου

2272 5091 2481 5156 λόγους.
2520 5111 2537 5141 ι
2570 5092 2678 5144 Καὶ
2707 5092 2893 5161 ἕτερος
2917 5109 2931 5123 ο
2969 5109 2988 5142 ι
3021 5090 3192 5153 Σοφοῦ
3231 5090 3430 5158 καρδία
3463 5088 3676 5153 δέξεται
3705 5091 3834 5142 ἐντο-

2272 5182 2370 5244 λάς
2391 5200 2403 5211 ·
2432 5184 2458 5235 ὁ
2478 5184 2535 5235 δὲ
2564 5183 2793 5250 άστεγος
2825 5183 3075 5250 χείλεσιν,
3114 5180 3416 5243 σκολιάζων
3446 5180 3830 5247 ὑποσκελισθιξο

2276 5291 2450 5328 σεται.
2495 5292 2512 5323 ι
2548 5273 2709 5340 Λέγει
2731 5272 2789 5325 δὲ
2819 5274 2911 5325 καὶ
2944 5275 2971 5325 ὁ
3012 5269 3451 5341 Ἐκκλησιαστής
3477 5289 3491 5303 ο
3530 5290 3549 5323 ι
3585 5272 3683 5333 Εἰς
3715 5270 3831 5322 πάν-

2280 5384 2380 5431 τας
2409 5365 2604 5433 λόγους
2633 5363 2723 5426 οὒς
2751 5363 3002 5416 λαλοῦσιν
3035 5364 3083 5415 οἱ
3112 5362 3349 5428 ἀσεὸεῖς,
3396 5362 3470 5431 μὴ
3500 5360 3600 5431 θῇς
3628 5361 3830 5428 καρδίαν

2284 5477 2378 5513 σου
2405 5476 2419 5492 ο
2443 5459 2537 5512 καὶ
2561 5453 2889 5527 ἐν’ταμείοις
2921 5456 3182 5518 κοιτῶνός
3228 5472 3321 5507 σου
3355 5455 3416 5507 οὐ
3448 5457 3525 5523 μὴ
3560 5454 3821 5521 καταρὰτῃ

2269 5636 2401 5689 ihid.
2444 5636 2496 5695 6,
2577 5635 2619 5664 ³⁸
2650 5632 2783 5686 ibid.
2862 5631 2904 5661 "
2932 5630 3098 5685 Et'cli.
3131 5647 3238 5696 xw,
3266 5630 3313 5683 Ι.
3395 5631 3437 5661 ⁸ο
3472 5627 3642 5684 Ecrli.
3664 5640 3829 5697 xum,

2297 5723 2366 5757 γι.
2390 5707 2475 5757 37.
2558 5705 2596 5735 '”
2638 5703 2807 5757 lircli.
2838 5714 2907 5757 χι,
2931 5699 2981 5751 7.

2558 5705 2596 5735 '”
2638 5703 2807 5757 lin‘li.
2838 5714 2907 5765 Σι,
2931 5703 2981 5751 7.
