4030 6296
246 271 384 339 1.337

1103 273 1426 335 HOMILIA
1463 273 1711 335 XXXII.
1734 300 1794 311 ’-
1833 274 1929 335 DE
1967 273 2643 335 CONTRADICTIONE.

3357 276 3493 371 1533

243 386 505 442 πλούσιον
530 426 545 449 ,
580 385 660 436 ὅτι
691 382 930 436 πετεινὸν
956 382 1050 437 τοῦ
1081 384 1312 455 ούρανοῦ
1353 387 1570 440 ἀποίσει
1596 404 1687 440 σου
1717 386 1815 458 τὴν
1846 433 1852 447 λ

1933 384 2270 455 respondeas,
2303 392 2359 440 et
2394 384 2448 439 in
2479 384 2660 438 medio
2710 378 3025 438 sermonum
3072 400 3141 439 ne
3201 386 3496 444 intersems

246 478 459 549 φωνήν.
500 493 517 527 ι
568 475 625 528 ’0
668 474 725 527 δὲ
758 473 965 537 Παῦλος
986 476 1293 528 ἐπιστέλλει
1321 476 1496 544 λέγων
1520 495 1533 509 θ
1571 496 1590 529 ι
1642 478 1822 531 Ἀδελο

247 571 362 638 φοὶ,
404 568 725 637 ἀνεχόμενοι
753 563 1000 636 ἀλλήλων
1025 607 1040 633 ,
1072 566 1168 621 καὶ
1208 566 1559 639 χαριζόμενοι
1597 571 1822 634 ἑαυτοὺς

246 662 346 716 ἐὰν
372 677 456 724 τις
485 660 619 732 πρός
650 674 770 711 τινα
812 657 909 729 ἔχῃ
945 658 1180 729 μορφὴν,
1208 659 1391 723 καθὼς
1421 660 1512 714 καὶ
1538 661 1567 713 ὁ
1589 662 1822 731 Χριστὸς

245 752 545 823 ἐχαρίσατο
582 751 735 821 ἡμῖν,
761 748 932 812 οὕτως
961 750 1054 802 καὶ
1084 750 1262 820 ὑμεῖς.
1303 752 1427 806 Ἐπὶ
1461 755 1596 805 πᾶσι
1623 752 1679 805 δὲ
1699 752 1819 806 τού-

243 858 382 905 τοις,
414 843 516 910 τὴν
554 839 809 909 ἀγάπην,
854 838 883 891 ὃ
911 838 1059 890 ἐστιν
1095 839 1389 908 σύνδεσμος
1418 839 1514 908 τῆς
1551 838 1823 909 τελειότη-

245 949 363 996 τος.
422 950 442 983 ι
478 929 773 1000 Γενώμεθα
814 926 905 983 οὖν
933 928 1247 998 πειθόμενοι
1277 929 1354 1000 τῷ
1381 929 1581 997 Παύλῳ
1603 930 1824 984 ἐπαλεί-

140 1066 159 1075 π
248 1038 409 1090 φοντι
461 1021 630 1090 ἡμᾶς,
695 1019 780 1073 ἵνα
838 1020 912 1090 μὴ
955 1019 1279 1088 ἀκούσωμεν
1333 1020 1484 1089 παρά
1514 1017 1684 1073 Ἰούδα
1728 1016 1821 1072 τοῦ

246 1110 483 1178 ἀδελφοῦ
540 1107 822 1173 Ἰακώϐου,
878 1111 961 1162 ὅτι
1018 1126 1036 1159 ι
1085 1100 1245 1161 Οὗτοί
1304 1111 1441 1161 εἰσιν
1480 1109 1822 1179 γογγυσταὶ,

251 1201 639 1273 μεμψίμοιροι,
676 1201 817 1254 κατὰ
848 1198 947 1259 τὰς
978 1198 1272 1269 ἐπιθυμίας
1307 1199 1490 1252 αὐτῶν
1519 1200 1823 1268 πορευόμε-

248 1311 352 1348 νοι.
390 1293 501 1345 Καὶ
536 1292 596 1344 τὸ
630 1292 802 1359 στόμα
839 1290 1014 1343 αὐτῶν
1065 1289 1219 1342 λαλεῖ
1261 1289 1576 1360 ὑπέρογκα·
1608 1290 1824 1360 θαυμά-

248 1384 458 1450 ζοντες,
505 1382 797 1451 πρόσωπα,
823 1381 1089 1448 ὡφελείας
1112 1380 1292 1451 χάριν.
1326 1399 1344 1431 ι
1374 1381 1445 1432 Τὸ
1469 1381 1575 1450 γὰρ
1607 1380 1673 1448 μέ
1685 1396 1823 1449 μφε-

248 1475 398 1536 σθαι,
430 1473 602 1526 οὐδενὶ
628 1473 909 1542 ἁρμόττει,
940 1474 988 1524 εἱ
1019 1473 1094 1543 μὴ
1129 1472 1309 1537 μόνοις
1343 1475 1452 1537 τοῖς
1484 1474 1821 1543 Φαρισαίοις,

245 1565 326 1628 ὼς
371 1555 717 1624 δικαιοῦντας
761 1560 1013 1624 ἑαυτούς.
1044 1560 1207 1614 Ὅθεν
1248 1562 1338 1615 καὶ
1369 1563 1457 1616 ὅτε
1485 1563 1536 1615 οἱ
1585 1562 1823 1634 μαθηταὶ

247 1654 347 1710 τοῦ
400 1655 604 1725 Κυρίου
658 1653 986 1723 ξπείνασαν,
1029 1652 1123 1706 καὶ
1158 1652 1397 1723 ἤρξαντο
1441 1651 1644 1706 τίλλειν
1699 1655 1824 1717 τοὺς

250 1747 495 1817 στάχυας
533 1745 630 1798 καὶ
668 1744 890 1809 ἐσθίειν,
927 1744 977 1796 oi
1002 1745 1281 1813 Φαρισαῖοι
1311 1741 1465 1798 εἷπον
1494 1744 1570 1815 τῷ
1598 1745 1788 1817 Κυρίῳ
1813 1764 1826 1777 ι

255 1855 277 1889 ι
329 1834 461 1890 Ἰδοὺ
492 1836 541 1888 oi
593 1832 835 1904 μαθηταί
884 1849 979 1886 σου
1019 1832 1267 1886 ποιοῦσιν
1292 1833 1321 1886 ὃ
1346 1834 1446 1887 οὐκ
1486 1834 1602 1888 ἔστι
1654 1837 1828 1888 ποιεῖν

249 1930 313 1983 ἑν
360 1929 476 1990 τοῖς
501 1926 801 1979 Σάϐὅασιν.
843 1943 862 1976 ι
896 1925 958 1978 Οἱ
983 1924 1461 1995 κατακρινόμενοι,
1492 1926 1617 1988 τοὺς
1645 1922 1828 1997 ἀμέμ-

250 2033 425 2082 πτους
462 2017 788 2088 ἐμέμφοντο.
817 2016 876 2069 Ὀ
900 2014 955 2068 δὲ
978 2015 1295 2082 ἀνεξίκακος
1327 2015 1528 2086 Κύριος
1556 2015 1689 2087 πρός
1734 2018 1831 2070 αὺ-

249 2107 403 2170 τούς·
427 2125 446 2158 ι
473 2108 586 2158 Οὐκ
601 2104 934 2173 ἀνέγνωτετί
959 2104 1215 2175 ἐποίησεν
1227 2104 1389 2159 Δαυῖδ
1401 2106 1491 2158 ὅτε
1511 2106 1796 2160 ἐπείνασεν
1812 2145 1828 2170 ,

250 2200 353 2253 καὶ
380 2200 429 2252 oi
467 2197 586 2268 μετ’
619 2196 820 2263 αὐτοῦς
866 2195 983 2261 πῶς
1029 2196 1281 2265 εἰσῆλθεν
1318 2198 1397 2260 είς
1426 2197 1517 2249 τὸν
1557 2194 1704 2250 οἷκον
1735 2196 1830 2250 τοῦ

249 2290 395 2342 Θεοῦ
416 2329 430 2352 ,
463 2288 703 2351 καὶτοὺς
732 2288 933 2358 ἄρτους
971 2288 1070 2357 τῆς
1116 2287 1429 2358 προθέσεως
1463 2288 1698 2357 ἔφαγεν,
1737 2288 1831 2354 οὓς

250 2381 359 2433 οὐκ
392 2379 569 2444 ἔξεστι
611 2381 807 2446 φαγεῖν
840 2379 888 2430 εί
932 2376 1006 2447 μὴ
1039 2380 1148 2441 τοῖς
1187 2378 1393 2448 ἱερεῦσι
1420 2379 1624 2449 μόνοις.
1668 2398 1685 2431 ι
1723 2382 1831 2433 Καὶ

251 2471 530 2525 παιδεύων
560 2471 759 2533 αὐτοὺς
793 2469 865 2541 μὴ
907 2470 1220 2539 μέμφεσθαι
1255 2470 1499 2540 ἀκαίρως
1526 2474 1654 2535 τοὺς
1683 2473 1833 2525 ἀναι-

249 2568 430 2629 τίους,
456 2566 551 2619 καὶ
596 2563 854 2635 προσθεὶς
897 2561 1053 2617 εἶπεν
1073 2580 1087 2594 °
1120 2581 1139 2615 ι
1181 2564 1244 2616 Ei
1271 2562 1328 2617 δὲ
1357 2563 1423 2617 ἂν
1456 2564 1747 2633 ἐγνώκειτε
1774 2564 1829 2616 τί

253 2660 431 2723 ἐστιν,
463 2656 610 2709 ἔλεον
631 2655 772 2709 θέλω
801 2655 896 2708 καὶ
912 2654 972 2707 ού
1005 2654 1216 2708 θυσίαν·
1262 2673 1281 2707 ι
1313 2656 1412 2708 οὐκ
1446 2655 1510 2707 ἂν
1539 2655 1830 2723 κατεδικά-

256 2766 391 2803 σατε
418 2750 543 2812 τοὺς
585 2746 880 2809 ἀναιτίους.
914 2744 1116 2817 Κύριος
1160 2746 1271 2815 γάρ
1313 2747 1493 2812 ἐστὶν,
1537 2744 1705 2810 erit;
1733 2745 1828 2808 τοῦ

253 2838 551 2908 ἀνθρώπου
582 2839 677 2893 καὶ
706 2838 800 2892 τοῦ
837 2837 1142 2892 Σαϐϐάτου.
1171 2837 1332 2907 Αὐτῷ
1360 2838 1394 2909 ή
1429 2837 1555 2905 δόξα
1584 2838 1665 2901 εἷς
1702 2838 1830 2902 τοὺς

1926 478 2228 544 verbum“,
2253 478 2382 547 quia
2400 492 2550 532 mors
2575 476 2753 530 etvita
2784 476 2839 529 in
2864 491 3028 530 manu
3051 476 3250 547 linguae
3267 479 3372 543 δ’»,
3391 479 3456 534 Ει
3481 497 3495 533 :

1935 588 1953 620 ι
1975 567 2055 623 Ad
2073 582 2234 622 aures
2257 566 2411 621 stulti
2459 565 2597 620 nihil
2645 564 2756 628 die,
2784 579 2853 618 ne
2885 562 3027 618 forte
3052 565 3500 622 subsaunetern-

1925 656 2070 712 ditos
2094 666 2216 712 tuos
2238 670 2539 712 sermones.
2566 676 2586 707 ι
2607 654 2760 710 Alter
2780 655 2912 710 item
2933 653 3161 725 Sapiens
3194 673 3207 708 :
3229 673 3248 706 ι
3280 655 3390 712 Cor
3410 671 3501 712 ex-

1928 750 2096 820 cipiet
2115 747 2372 803 mandata
2388 747 2457 813 ";
2483 746 2576 816 qui
2600 756 2783 801 autem
2804 746 3229 802 intolerabiliter
3248 755 3407 802 vacat
3426 748 3504 802 la-

1926 841 2055 904 biis,
2075 838 2522 910 supplantabitur
2544 837 2639 891 ⁵⁸.»
2664 839 2808 893 Dicit
2828 850 3012 892 autem
3033 847 3089 891 et
3108 837 3499 893 Ecclesiastes:

1935 932 2044 986 «Ad
2070 931 2254 986 omnia
2287 932 2457 984 verba
2502 928 3129 999 quaeloquenturimpii,
3161 945 3230 984 ne
3260 944 3505 999 apponas

1928 1039 2026 1079 cor
2064 1032 2241 1084 tuum,
2259 1031 2315 1077 et
2338 1022 2392 1076 in
2417 1021 2664 1076 conclavi
2689 1021 2888 1075 eubilis
2913 1022 2991 1075 tui
3027 1037 3107 1075 ne
3129 1021 3269 1075 male
3297 1021 3504 1077 dixeris

1928 1114 2108 1176 diviti,
2137 1115 2266 1184 quia
2291 1113 2407 1169 avis
2431 1113 2553 1167 caeli
2582 1112 2825 1181 portabit
2847 1128 3035 1166 vocem
3056 1120 3203 1166 tuam
3225 1111 3287 1164 ".
3323 1132 3342 1165 ι
3361 1112 3502 1166 Ροιιδ

1886 1280 1889 1283 _
1927 1205 2014 1259 lus
2041 1205 2169 1259 item
2206 1220 2303 1273 per
2332 1203 2617 1272 epistolam
2652 1203 2786 1257 dicit
2819 1221 2832 1257 :
2864 1202 3137 1268 «Fratres,
3169 1211 3501 1272 supportan—

1931 1307 2013 1352 tes
2048 1297 2283 1351 invicem
2316 1305 2372 1350 et
2392 1296 2659 1350 donantes
2693 1295 3121 1364 vobismetipsis,
3144 1296 3187 1351 si
3240 1296 3365 1364 quis
3402 1294 3504 1350 ad-

1928 1403 2124 1442 versus
2148 1387 2385 1456 aliquem
2418 1386 2585 1440 habet
2615 1387 2894 1455 querelam
2929 1403 2945 1452 ;
2980 1387 3126 1440 sicut
3148 1396 3205 1441 et
3249 1385 3505 1441 Christus

1930 1477 2161 1533 donavit
2185 1479 2361 1531 vobis.
2392 1478 2472 1532 sic
2494 1485 2549 1530 et
2582 1493 2680 1532 vos
2705 1492 2904 1546 :super
2936 1477 3123 1533 omnia
3149 1488 3331 1532 autem
3366 1478 3502 1543 haec,

1930 1570 2255 1624 charitatem
2302 1570 2521 1636 habete,
2574 1569 2718 1637 quod
2743 1578 2830 1623 est
2877 1569 3159 1623 vinculum
3214 1570 3507 1639 perfectio-

1929 1658 2127 1713 nis‘°.n
2147 1658 2261 1713 Mos
2283 1673 2412 1713 sane
2430 1658 2702 1727 gerendus
2722 1657 2963 1711 Paulinae
2984 1653 3073 1711 isti
3101 1657 3503 1728 doctrinamque

1865 1750 1903 1804 Β
1934 1765 2036 1805 nos
2076 1749 2141 1803 ad
2187 1749 2535 1803 subeundam
2565 1749 2875 1817 palazstram
2916 1764 3020 1802 ceu
3042 1757 3322 1803 ceromate
3356 1748 3522 1815 linit,’

1936 1837 2197 1907 additque
2224 1837 2394 1900 vires,
2427 1835 2721 1905 nequando
2752 1835 2808 1889 in
2836 1851 2938 1890 nos
2962 1835 3222 1890 audiatur
3248 1845 3507 1891 contorta

1933 1929 2027 1984 illa
2077 1928 2230 1984 Judae
2259 1927 2445 1982 fratris
2474 1927 2665 1983 Jacobi
2704 1928 3017 1982 sententia:
3044 1926 3142 1981 «Hi
3186 1936 3316 1983 sunt
3355 1944 3508 1983 mur-

1932 2029 2260 2082 muratores,
2293 2019 2597 2089 querulosi,
2621 2027 2678 2074 et
2723 2033 2785 2073 os
2805 2032 3000 2073 eorum
3056 2019 3280 2089 oquitur
3315 2035 3508 2090 super-

1932 2110 2035 2175 ba,
2078 2109 2413 2165 admirantes
2442 2124 2703 2179 personas
2747 2118 2993 2179 quaestus
3038 2124 3205 2165 causa
3252 2111 3320 2164 ".
3348 2129 3366 2161 ι
3400 2110 3509 2165 Ne-

1932 2202 2070 2258 mini
2125 2202 2311 2271 itaque
2353 2201 2614 2256 convenit
2640 2202 2720 2256 sic
2749 2216 2871 2257 esse
2903 2202 3219 2270 querulum,
3245 2202 3351 2258 nisi
3367 2202 3510 2257 Pha-

1933 2290 2125 2353 risaais,
2150 2300 2204 2344 et
2229 2290 2394 2356 solis;
2425 2290 2629 2360 quippe
2651 2291 2744 2360 qui
2780 2291 2992 2360 seipsos
3016 2292 3248 2362 justitiae
3282 2295 3507 2348 nomine

1931 2382 2238 2437 venditant.
2268 2381 2425 2438 Unde
2460 2390 2516 2436 et
2548 2382 2805 2452 discipuli
2830 2383 3046 2437 Domini
3072 2385 3185 2438 acri
3213 2384 3357 2440 fame
3377 2400 3507 2443 eum

1932 2480 2283 2549 urgerentur,
2303 2472 2706 2541 cmpissentque
2724 2472 2960 2542 primum
2982 2474 3160 2543 spicas
3174 2475 3507 2542 convellere,

1928 2573 1984 2620 et
2010 2564 2381 2633 inediamque
2416 2564 2763 2628 laborabant,
2780 2566 2867 2619 vel
2895 2566 3108 2620 tantillo
3132 2567 3338 2631 levare,
3364 2566 3512 2621 Pha-

1926 2655 2070 2710 risaei
2097 2656 2354 2710 dixerunt
2388 2655 2618 2709 Domino
2652 2673 2664 2707 :
2701 2656 2870 2710 «Ecce
2892 2656 3148 2726 discipuli
3197 2657 3275 2711 tui
3299 2657 3511 2712 faciunt

1926 2746 2073 2817 quod
2099 2762 2209 2801 non
2255 2746 2388 2800 licet
2434 2745 2616 2801 facere
2663 2745 2918 2801 Sabbatis
2939 2748 3006 2799 ".
3052 2766 3071 2798 ›
3145 2747 3353 2818 1031
3413 2748 3510 2805 Isti

1940 2852 2103 2907 quam
2131 2852 2509 2907 promeruere,
2535 2836 2869 2892 sententiam
2902 2837 3382 2894 condemnationis
3423 2855 3511 2895 re-

255 2930 461 2992 αίῶνας
494 2930 601 2982 τῶν
632 2925 859 2982 αίώνων.
909 2928 1103 2998 Ἀμήν.

1933 2929 2198 2991 tulerunt,
2226 2928 2373 2997 quod
2398 2928 2522 2983 illos
2559 2928 2689 2982 falsa
2716 2928 2990 2984 delatione
3034 2931 3384 3001 sugillassent
3413 2931 3511 3001 qui

252 3021 396 3079 nulli
421 3029 578 3076 erant
604 3022 777 3090 culpat
792 3020 1039 3076 obnoxii.
1073 3019 1341 3075 Dominus
1370 3020 1642 3092 siquidem
1668 3019 1880 3090 injuriae
1920 3021 2100 3075 omnis
2123 3020 2427 3075 immemori
2482 3019 2768 3089 respondit
2819 3039 2837 3070 ι
2875 3020 3247 3093 Numlegistis
3274 3025 3405 3094 quid
3432 3026 3514 3081 fe-
3594 3006 3612 3023 ’

252 3114 401 3171 cel-it
443 3114 611 3168 David
653 3128 777 3167 cum
804 3115 1042 3170 esuriret
1070 3115 1188 3183 ipse
1213 3123 1270 3169 et
1307 3116 1403 3183 qui
1448 3129 1573 3168 cum
1613 3128 1682 3168 eo
1726 3122 1906 3175 erant,
1945 3113 2224 3183 quomodo
2250 3115 2530 3183 ingressus
2568 3112 2641 3166 sit
2677 3111 2899 3165 domum
2933 3113 3053 3176 Dei,
3082 3123 3138 3167 et
3168 3130 3336 3183 panes
3379 3131 3510 3184 pro-

253 3204 559 3270 positionis
602 3204 862 3271 comedit,
894 3221 1035 3276 quos
1094 3210 1234 3260 non‘
1264 3205 1464 3260 licebat
1515 3205 1681 3260 edere
1726 3205 1834 3259 nisi
1872 3205 2004 3259 solis
2043 3205 2426 3260 sacerdmibus
2453 3205 2535 3259 "'i
2570 3224 2588 3255 ι
2652 3204 2781 3259 Illos
2847 3204 2967 3260 istis
3005 3206 3189 3260 verbis
3231 3222 3354 3261 eum
3384 3222 3513 3260 eru-

255 3299 427 3361 diret,
456 3309 603 3354 utne
627 3300 987 3368 imposterum
1010 3300 1273 3355 adversus
1295 3300 1545 3355 insontes
1580 3299 2045 3369 intempestiviter
2107 3299 2569 3368 dequererentur,
2631 3296 2894 3353 induxit:
2933 3319 2951 3350 ι
2995 3299 3052 3355 Si
3117 3302 3338 3356 sciretis
3378 3301 3508 3372 quid

254 3390 822 3467 est,misericordiam
851 3390 978 3445 volo
1008 3398 1063 3444 et
1089 3406 1199 3444 non
1223 3389 1556 3445 sacriﬁcium
1587 3389 1671 3443 ’δι
1699 3407 1719 3441 ι
1742 3388 1936 3458 utique
1979 3388 2082 3442 hos
2129 3402 2240 3440 non
2269 3387 2740 3442 eondemoassetis
2794 3389 3062 3445 innoxios.
3081 3389 3344 3449 Dominus
3363 3393 3512 3447 enim

254 3491 350 3539 est
379 3482 553 3539 Filius
582 3483 822 3541 hominis
845 3484 1012 3538 etiam
1039 3483 1287 3538 Sabbati.
1315 3482 1423 3553 Ipsi
1455 3484 1632 3553 gloria
1666 3482 1725 3537 in
1744 3481 1967 3537 saecula.
2002 3480 2177 3537 Amen

865 3595 1081 3648 ΛΟΓΟΣ
1108 3595 1230 3649 AB'.

772 3708 911 3777 Περὶ
950 3708 1322 3778 ἀντιλογίας.

348 3822 411 3874 Ἦ
443 3820 723 3888 ἀντιλογία
765 3822 860 3875 καὶ
891 3823 924 3890 ἡ
971 3818 1239 3891 ἰταμότης
1267 3821 1373 3874 ὑπὸ
1401 3820 1510 3875 τοῦ
1536 3819 1705 3888 ζυγοῦ
1740 3821 1840 3890 τῆς

257 3908 464 3971 κακίας
499 3908 844 3977 σφίγγονται.
889 3907 950 3962 '0
992 3909 1102 3980 γὰρ
1131 3909 1434 3977 ἀντίλογος,
1465 3908 1729 3962 ίσοσθενεῖ
1763 3907 1840 3977 τῷ

255 4001 600 4069 ἀφηνιαστῇ.
636 3999 793 4055 Θέλει
820 3999 930 4069 γὰρ
959 4000 1044 4053 ἀεὶ
1075 4000 1543 4069 καταγωνίζεσθαι
1580 4000 1723 4053 κατά
1741 4001 1840 4069 τῆς

258 4089 564 4158 ἀληθείας,
609 4092 705 4144 καὶ
735 4088 945 4160 συχνῶς
984 4089 1258 4143 κλονεῖται
1297 4088 1702 4159 πολεμούμενος
1743 4088 1839 4142 τοῦ

260 4180 633 4250 παθηγεῖσθαι
656 4196 672 4211 ·
714 4181 895 4245 καθὼς
937 4181 1035 4234 καὶ
1087 4182 1145 4234 ὲν
1178 4179 1255 4250 τῷ
1294 4181 1446 4250 νόμῳ
1485 4179 1795 4247 γέγραπται
1824 4195 1838 4210 ο

257 4276 349 4327 ὅτι
392 4273 700 4342 ἀνέστησαν
736 4271 814 4342 τῷ
874 4273 1115 4342 Μωῦσῇ,
1148 4270 1326 4343 Κορὲ,
1372 4271 1466 4324 καὶ
1509 4269 1712 4332 Δαθὰν,
1749 4269 1843 4322 καὶ

272 4363 548 4435 Ἀὅιρώνο
601 4365 696 4417 καὶ
759 4363 1015 4434 ἐθυμώθη
1068 4363 1273 4434 Κύριος
1321 4363 1408 4416 ἐπ’
1474 4364 1674 4426 αὐτοῖς.
1733 4361 1844 4415 Καὶ

259 4450 496 4520 ἠνοίχθη
531 4453 563 4521 ἡ
593 4451 665 4519 γῆ
691 4450 1047 4505 ὑποκάτωθεν
1079 4451 1260 4504 αὐτῶν
1281 4493 1297 4517 ,
1328 4451 1419 4515 καὶ
1458 4450 1718 4504 κατέπιεν
1747 4451 1843 4503 αὖ-

260 4544 395 4604 τοὺς
431 4543 674 4604 καὶτοὺς
703 4541 888 4615 οἴκους
922 4541 1122 4595 αὐτῶν.
1162 4543 1227 4594 Οἱ
1259 4542 1367 4610 γὰρ
1399 4541 1510 4594 ἀπὸ
1547 4541 1683 4602 ίδίας
1749 4540 1843 4592 δυ-

263 4637 511 4705 νάμεως,
554 4635 724 4705 χωρὶς
752 4634 918 4698 Θεοῦ,
956 4633 1132 4704 ἀρχὰς
1178 4630 1599 4703 ἐπιζητοῦντες,
1638 4633 1732 4686 καὶ
1776 4635 1841 4703 τῇ

263 4728 380 4785 ὑπὸ
418 4729 553 4782 Θεοῦ
599 4730 741 4798 ἀρχῇ
791 4728 1198 4797 ἀνθιστάμενοι,
1235 4727 1512 4790 τοιαύταις
1550 4724 1844 4796 τιμωρίαις
1868 4725 1879 4731 ⁷

261 4821 608 4876 ὑπόκεινται.
638 4820 846 4888 Γράφει
876 4819 931 4871 δὲ
973 4819 1069 4872 καὶ
1098 4820 1126 4871 ὁ
1158 4818 1480 4881 Ἀπόστολος
1515 4818 1645 4887 περί
1680 4833 1844 4869 τινων

2462 3620 2469 3627 ·
2512 3591 2791 3647 ιιοιιιιιΑ
2831 3593 3047 3647 ΧΧΧΙΙ.

2468 3704 2545 3758 De
2599 3706 3029 3759 contradictione.
3113 3733 3123 3741 -

2009 3816 2825 3872 Contradictioetcontumaeia
2855 3817 3012 3885 parili
3061 3815 3514 3888 constringuntur

1942 3910 2165 3965 malitiae
2197 3911 2349 3979 jugo.
2384 3906 2488 3973 Qui
2516 3907 2661 3960 enim
2690 3906 3254 3977 contradicit,utique
3281 3918 3515 3962 conten-

1942 3999 2026 4054 dit
2062 3998 2300 4053 inveniri
2338 3998 2391 4052 ei
2433 4011 2657 4065 compar
2704 3996 2907 4051 robore
2946 3998 3170 4060 euitsua
3206 3999 3515 4054 temeritate

1943 4076 2241 4145 contumax
2274 4099 2361 4145 est
2391 4100 2449 4146 et
2481 4090 2725 4145 rebellis.
2767 4087 2906 4143 Huic
2947 4088 3220 4158 siquidem
3271 4090 3514 4145 studium

1945 4190 2031 4234 est
2074 4194 2300 4248 perpes,
2337 4179 2560 4233 veritati
2611 4187 2670 4232 ut
2701 4185 3097 4242 conti-evertat,
3136 4193 3367 4247 eamque
3415 4178 3518 4231 im-

1944 4280 2172 4340 pugnet.
2207 4270 2345 4324 Dum
2368 4270 2516 4324 cnim
2541 4281 2770 4324 emteros
2814 4279 2874 4323 ut
2908 4276 3132 4323 anteeat
3164 4269 3513 4335 auctoritate,

1946 4362 2259 4416 eonnititur
2286 4377 2387 4430 pro
2420 4361 2566 4414 virili
2598 4377 2613 4426 ;
2647 4360 2966 4429 frequentes
2989 4360 3284 4415 admodum
3333 4362 3517 4415 concit

1945 4442 2158 4517 turbas,
2182 4453 2399 4507 illorum
2424 4452 2675 4519 exemplo
2707 4453 2775 4507 de
2799 4450 2999 4520 quibus
3033 4452 3086 4504 in
3110 4452 3226 4521 lege
3249 4452 3515 4521 scriptum

1945 4553 2050 4608 est,
2075 4537 2275 4613 nempe
2311 4544 2470 4607 Core,
2493 4543 2706 4596 Datlian
2743 4552 2797 4596 et
2827 4542 3055 4607 Abit-on,
3085 4541 3305 4611 quando
3349 4543 3402 4596 in
3440 4542 3519 4595 fa-

1947 4636 2088 4690 ciem
2137 4635 2465 4689 restiterunt
2504 4634 2696 4705 Moysi.
2738 4634 2803 4687 Et
2863 4637 3044 4690 iratus
3079 4643 3164 4687 est
3202 4633 3387 4687 furore
3421 4633 3520 4688 Do-

1948 4726 2152 4789 minus,
2188 4725 2403 4794 subque
2439 4724 2657 4778 illorum
2685 4724 2933 4793 vestigiis
2961 4724 3220 4793 adaperta
3242 4734 3325 4778 est
3349 4733 3514 4788 terra,

1947 4825 2003 4869 et
2028 4830 2126 4870 eos
2159 4816 2435 4884 absorpsit
2477 4815 2751 4883 simulque
2796 4814 3011 4868 illorum
3042 4813 3318 4867 domicilia
3334 4812 3399 4866 ⁸⁸.
3454 4812 3519 4867 lli

262 4910 682 4977 ἀντιλεγόντων,
732 4908 906 4972 οὕτως
934 4926 948 4940 ·
1011 4929 1027 4959 ι
1074 4908 1169 4962 Ὃν
1217 4909 1419 4981 τρόπον
1489 4909 1695 4976 Ἱάννης
1750 4908 1844 4959 καὶ

1947 4907 2119 4981 enim,
2151 4908 2374 4975 propria
2422 4905 2779 4970 nixivirtute,
2819 4921 2929 4959 non
2967 4908 3096 4960 item
3126 4905 3220 4959 Dei
3271 4903 3516 4966 decreto,

263 5002 556 5072 Μαμϐρὶς
581 5001 919 5068 ἀντέστησαν
962 5001 1039 5070 τῷ
1082 5003 1311 5071 Μωῡσῇ,
1347 5001 1518 5062 οὓτως
1564 5000 1657 5053 καὶ
1703 4994 1847 5053 οὗτοι

220 5116 225 5117 ⁷
263 5094 624 5148 ἀνθίστανται
677 5098 743 5166 τῇ
778 5094 1005 5165 ἀληθεία
1031 5136 1045 5158 ,
1087 5089 1363 5162 ἄνθρωποι
1407 5091 1846 5161 κατεφθαρμένοι

264 5189 364 5240 τὸν
398 5185 553 5250 νοῦν,
591 5188 841 5257 ἀδόκιμοι
870 5187 999 5255 περὶ
1032 5186 1130 5256 τὴν
1164 5186 1366 5237 πίστιν.
1412 5204 1430 5235 ι
1476 5183 1711 5253 Ὀμοίως
1754 5184 1847 5236 καὶ

265 5281 329 5331 ὲν
352 5280 472 5342 ταῖς
518 5279 756 5349 Πράξεσι
806 5278 916 5331 τῶν
941 5278 1255 5331 ἀποστόλων
1279 5316 1292 5339 ,
1342 5276 1578 5343 Ἐλυμᾶς
1618 5277 1646 5327 ὁ
1676 5274 1848 5343 μάγος

264 5366 565 5423 ἀνθίστατο
582 5368 658 5438 τῷ
687 5367 880 5437 Παύλῳ
903 5369 995 5420 καὶ
1012 5367 1085 5435 τῷ
1108 5366 1383 5435 Βαρνάϐα,
1403 5365 1582 5430 ζητῶν
1609 5363 1700 5415 τὸν
1720 5363 1843 5416 (1.0-

348 5576 393 5608 ⁸⁸
433 5576 601 5630 Prov.

700 5586 848 5636 xviii,
902 5568 987 5623 13.
1034 5569 1079 5600 δ’
1135 5567 1270 5623 ibid.
1320 5575 1382 5629 Eli
1461 5573 1507 5606 "
1549 5574 1710 5628 Prov.
1756 5574 1864 5640 n,l
1967 5574 2196 5629 “Prov.
2225 5591 2353 5639 χχιι,
2398 5575 2484 5630 ίὲ.

1948 4969 2301 5052 θωᾝίιὶθείιιε
2330 4997 2662 5066 expetebant
2694 4998 2880 5066 populi
2906 4997 3298 5066 principatum,
3339 5010 3517 5064 eoque

1946 5091 2312 5143 reclamantes
2335 5090 2677 5158 magistratui
2705 5091 2890 5143 divina
2920 5090 3271 5143 ordinatione
3296 5088 3518 5141 institu-

1949 5189 2027 5246 to,
2055 5181 2370 5235 istiusmodi
2419 5181 2745 5250 subjaeuere
2809 5181 3010 5250 poenis.
3066 5180 3275 5234 Scribit
3336 5189 3521 5233 autem

1946 5281 2003 5323 et
2047 5271 2351 5341 Apostolus
2383 5271 2450 5325 de
2486 5273 2608 5325 istis
2647 5272 2742 5341 qui
2780 5270 3186 5325 contumaciter
3239 5269 3519 5325 contradi-

1946 5371 2080 5417 cunt
2115 5383 2127 5417 :
2176 5383 2192 5414 I
2232 5364 2704 5431 Quemadmodum
2730 5365 2933 5419 Jannes
2960 5374 3013 5418 et
3042 5362 3315 5418 Mambres
3361 5360 3522 5417 resti-

2577 5577 2622 5608 ⁸³
2661 5558 2903 5635 Ecclex.
2938 5573 3027 5629 20.
3131 5572 3177 5606 '°
3201 5571 3413 5628 Coloss.
3444 5585 3525 5635 tu,

280 5646 368 5710 l5,
397 5647 477 5701 i4.
555 5646 596 5677 ’ί
639 5645 767 5701 Jud.
792 5632 871 5701 lii.
916 5647 959 5679 "
981 5646 1150 5701 Matii.
1177 5646 1341 5714 “1,2‘
1416 5645 1461 5678 ⁸³
1488 5643 1690 5710 ibid.'5,
1717 5646 1768 5698 4.
1801 5632 1852 5676 ”¹

1942 5644 2122 5700 1mm.
2204 5632 2434 5714 "Nam,
2477 5661 2586 5709 XVI,
2636 5632 2688 5711 ι’,
2729 5645 2931 5718 aseqq.
