4030 6296
587 288 726 356 1539
1144 338 1149 343 ,
1861 265 2178 327 ANTIOCII

2299 257 2609 319 IONACFII
3735 242 3890 305 155-0

582 406 775 456 terunt
815 395 1006 466 Moysi,
1043 394 1119 450 ita
1135 402 1190 448 et
1216 390 1273 446 bi
1317 390 1583 445 resistunt
1633 383 1879 445 veritati,
1907 377 2161 434 homines

2299 387 2468 424 πατον
2501 364 2823 437 διαστρέψαι
2871 363 2980 417 ἀπὸ
3026 362 3126 433 τῆς
3179 359 3459 439 πίστειυς·
3498 357 3603 409 καὶ
3654 356 3888 420 εὐθέως

584 490 859 561 corrupti,
887 446 1073 544 mente
1108 482 1335 554 reprobi
1366 481 1516 535 circa
1546 477 1707 531 fidem
1741 475 1806 529 ".
1833 492 1850 524 ι
1880 471 1962 526 Ad
1998 484 2155 524 eum-

2291 459 2567 531 τυφλώθη.
2593 458 2704 511 Kal
2737 455 2923 513 πάλιν.
2949 451 3278 506 ἐπιστέλλων
3311 451 3340 501 ὁ
3384 446 3748 510 ’Δπὸστολος
3782 448 3882 500 Τι-

584 581 713 637 dem
743 538 967 634 modum
1005 538 1228 645 Elymas
1272 586 1465 640 magus
1498 567 1702 623 restitit
1728 565 1901 619 Paulo
1947 569 2004 617 et
2022 559 2158 615 Bar-

2291 551 2464 623 ιοϐέῳ,
2494 549 2660 618 φησίν
2686 562 2702 579 ο
2738 566 2758 597 ι
2811 544 3160 613 Ἀλέξανδρος
3182 544 3211 595 ὁ
3234 540 3474 612 χαλκεὺς
3497 538 3691 595 πολλὰ
3724 541 3882 593 κακὲ

587 672 764 734 nabae,
787 683 1042 740 quarens
1058 673 1312 721 avertere
1338 660 1723 732 proconsulem
1750 673 1779 712 a
1801 656 1906 711 fide
1928 676 1940 708 :
1960 654 2008 709 is
2032 668 2163 707 con-

2287 660 2354 696 ιοι
2388 638 2722 705 ἐνεδείξατο’
2767 636 2988 708 ἀποδῴη
3036 634 3186 704 αὑτῷ
3218 631 3450 702 Κύριος.
3489 633 3597 683 Ὀν
3649 630 3768 683 καὶ
3816 634 3878 682 si.

589 719 764 734 ..-νη
791 719 929 740 Ί-η-
1063 719 1073 721 -
1341 719 1356 732 _

586 763 775 820 festim
805 769 1121 817 excaecatus
1145 764 1229 812 est
1261 757 1329 821 ⁵⁷,
1361 755 1518 826 juxta
1548 751 1873 807 relationem
1897 745 2164 819 apostoli-

2289 733 2540 788 ιυλάσσου
2566 749 2581 764 ·
2608 730 2732 784 λίαν
2774 730 2883 799 γὰρ
2914 726 3247 795 ἀνθέστηκεν
3296 724 3411 786 τοῖς
3438 722 3767 792 ἡμετέροις
3796 719 3880 775 λό-

811 813 1090 908 ⁷Ᾰίιίυιιω.
1120 848 1227 903 Sed
1268 813 1328 901 et
1361 813 1686 915 :Apostolus,
1723 857 1821 912 per
1865 813 2163 909 Epistolam

2285 842 2400 890 τοις.
2437 844 2456 877 ι
2493 824 2606 877 Kal
2659 821 2829 884 οὓτως
2864 817 3162 888 ἐκομίσατο
3209 814 3365 879 ἀξίαν
3403 814 3506 882 τῆς
3541 813 3876 880 ἀντιλογίας

590 944 731 999 dicit
770 940 1065 997 Timotheo
1099 955 1114 992 :
1153 956 1171 988 ι
1205 902 1516 992 Alexander
1544 902 1775 988 aerarius
1804 928 1973 982 multa
2023 926 2167 981 mala

2286 916 2614 987 ἰντάμειψιν.
2668 913 2780 968 Καὶ
2813 913 2841 965 ὁ
2882 910 3171 982 προφήτης
3215 906 3480 977 Μιχαίας,
3517 904 3762 955 πενθῶν
3819 902 3877 955 τὸ

590 1033 838 1091 ostendit
862 1030 1000 1086 mihi
1035 1046 1049 1095 ;
1074 1028 1270 1084 reddet
1295 1024 1650 1081 ei‘Dominus
1681 1040 1693 1075 :
1724 1036 1888 1090 quem
1913 1027 1968 1073 et
1996 1026 2051 1071 tu
2075 1015 2169 1070 de-

2285 1007 2474 1078 ίπηνές
2498 1005 2591 1059 τοῦ
2620 1003 2776 1064 λαοῦ,
2813 1003 2985 1064 οὕτως
3028 1000 3181 1067 λέγει
3208 1014 3221 1027 ·
3254 1017 3272 1050 ι
3322 998 3386 1050 Ἢ
3414 995 3647 1062 γλῶσσα
3684 996 3876 1048 αὐτῶν

589 1127 705 1182 vita
732 1142 748 1191 ;
774 1124 1008 1180 multum
1032 1120 1181 1177 enim
1204 1118 1410 1174 restitit
1441 1116 1628 1170 verbis
1654 1110 1943 1167 nostris":
1968 1128 1986 1158 ι
2010 1107 2169 1163 etbic

2287 1099 2457 1169 ὂψώθη
2484 1102 2540 1152 ἐν
2564 1097 2641 1166 τῷ
2668 1099 2895 1161 στόματι
2923 1086 3123 1191 αὐτῶν.
3162 1110 3180 1143 ι
3206 1091 3366 1160 Οἷμοι
3394 1088 3574 1158 ψυχὴ,
3602 1090 3693 1142 ὅτι
3720 1087 3878 1141 ἀπώ-

586 1168 810 1287 dignam
858 1208 1162 1281 reportavit
1215 1222 1312 1261 sua
1366 1203 1799 1260 contradictione
1832 1197 2169 1254 vicissitudi-

2289 1168 2707 1258 «clausulaﬁqq
2728 1190 2835 1242 ἀπὸ
2863 1188 2964 1257 τῆς
2993 1168 3121 1254 γῆς.
3163 1184 3276 1237 Kal
3305 1182 3468 1244 ἄλλος
3486 1197 3500 1211 ·
3543 1201 3565 1233 ι
3622 1183 3880 1234 Ἀντιλο-

588 1273 717 1365 ιιοῖη
734 1322 800 1362 ac
823 1273 1158 1360 mercedem.
1180 1299 1437 1354 Michaaas
1457 1295 1728 1367 propheta
1751 1294 1949 1363 lugens
1969 1290 2172 1344 effera-

2289 1285 2394 1353 τίας
2419 1284 2624 1353 ἐγείρει
2648 1283 2755 1343 πᾶς
2787 1278 2977 1340 κακός.
3023 1278 3082 1330 Ὀ
3106 1276 3162 1330 δὲ
3199 1274 3428 1346 Κύριος,
3465 1273 3717 1340 ἄγγελον
3750 1275 3880 1328 ἁνε-

593 1410 705 1459 tam
762 1397 954 1469 populi
1018 1393 1415 1453 rebellionem,
1462 1366 1549 1442 ait
1590 1405 1602 1439 :
1638 1404 1669 1437 ιι
1706 1385 1920 1453 Lingua
1977 1396 2172 1436 eorum

2285 1377 2513 1444 ιεήμονα
2544 1369 3032 1441 ἐπιπέμψειαύτῷ.
3063 1387 3082 1420 ι
3114 1369 3225 1421 Kal
3263 1367 3455 1420 πάλιψ
3494 1384 3513 1416 ‹
3562 1366 3876 1433 Soph-ﬁv-

584 1491 811 1546 elevata
841 1498 929 1543 est
968 1487 1021 1540 in
1050 1501 1149 1540 ore
1191 1485 1464 1553 ipsorum.
1665 1476 1763 1530 IIei
1787 1474 1945 1536 mihi,
1968 1473 2171 1536 anima,

2286 1465 2492 1536 ipdmou
2523 1466 2716 1532 φωτιεῖ
2752 1463 3043 1532 πρόσωπον
3072 1458 3258 1513 αὑτοῦ.
3299 1477 3318 1510 ι
3346 1457 3460 1511 Καί
3482 1473 3498 1488 ’
3534 1475 3555 1507 ε
3617 1455 3877 1524 Ἀναιδῆς

592 1579 725 1648 quia
774 1576 944 1647 periit
982 1574 1107 1643 pius
1146 1588 1176 1627 a
1204 1546 1423 1626 terra".
1451 1587 1468 1621 ι
1492 1564 1642 1621 Alius
1667 1563 1793 1616 item
1817 1574 1832 1615 :
1861 1562 2178 1618 «Contradi-

2287 1555 2573 1628 προσώπῳ,
2612 1552 2998 1624 μισῃθήσεται,
3033 1550 3127 1602 καὶ
3155 1548 3536 1616 φθεγγόμενος
3564 1546 3765 1606 ἄδικα,
3788 1546 3878 1598 05-

592 1665 807 1719 etiones
823 1663 1054 1718 suscitat
1080 1661 1262 1714 omnis
1282 1658 1461 1714 malus
1478 1656 1523 1689 ⁸ο
1542 1674 1557 1722 ;
1576 1655 1844 1709 Dominus
1864 1662 2049 1709 autem
2074 1668 2175 1709 an-

2288 1650 2386 1712 Selc
2414 1649 2474 1702 οὐ
2511 1646 2587 1718 μὴ
2633 1645 2795 1715 λάθῃ.
2834 1644 2896 1696 Ὀ
2927 1643 3035 1713 γὰρ
3066 1639 3300 1711 πονηρὸς
3329 1638 3512 1708 ἑαυτῷ
3539 1680 3556 1703 ,
3591 1640 3705 1692 τίνι
3741 1640 3879 1707 ἀγα-

594 1755 775 1827 gelum
823 1747 1593 1806 immisericordemimmitet
1628 1748 1681 1800 ei
1741 1746 1807 1799 ".
1878 1745 2168 1799 Rursum:

2288 1738 2366 1801 5ος
2408 1736 2599 1801 ἔσται;
2644 1754 2663 1787 ι
2737 1730 3014 1794 Ὡσαύτως
3060 1730 3155 1783 καὶ
3210 1731 3238 1782 ὁ
3282 1727 3580 1797 Σολομὼνο
3631 1748 3651 1779 ι
3690 1728 3879 1789 Raro;

602 1819 621 1893 ξ
650 1844 933 1913 Sapientia
974 1842 1220 1896 hominis
1255 1840 1499 1895 illustrat
1524 1838 1717 1892 faciem
1749 1838 1871 1907 ejus
1897 1836 1964 1899 “,
1992 1836 2175 1905 impu-

2287 1829 2396 1900 μεθ’
2426 1828 2659 1898 ὕϐρεως,
2692 1826 2929 1903 πράσσει
2960 1823 3127 1876 κακά·
3162 1824 3210 1875 οί
3238 1821 3293 1874 δὲ
3317 1820 3530 1874 ἑαυτῶν
3554 1819 3878 1889 ἐπιγνώμο-

594 1912 737 1990 dens
757 1942 942 1989 autem
983 1932 1123 1987 facie
1154 1931 1381 1986 odibilis
1417 1931 1525 1985 erit
1557 1930 1653 1982 ⁸³.»
1680 1928 1749 1983 Et
1775 1946 1787 1981 :
1821 1949 1839 1979 ‹
1861 1927 1965 1995 Qui
1989 1927 2177 1997 loqui~

2286 1939 2383 1985 νες,
2407 1919 2584 1988 σοφοί.
2609 1937 2627 1969 ι
2646 1916 2982 1988 Φοϐηοῶμεν
3002 1913 3116 1980 οὖν,
3142 1913 3384 1979 ἀδελφοὶ,
3414 1912 3514 1981 τὴν
3546 1912 3714 1965 θείαν
3739 1913 3877 1981 Γραο

601 2037 694 2080 tur
734 2027 947 2095 iniqua,
983 2040 1094 2078 non
1136 2022 1367 2092 effugiet
1409 2023 1475 2087 ⁶⁶;
1525 2020 1618 2090 qui
1657 2020 1763 2074 sibi
1796 2030 1882 2075 cst
1920 2033 2179 2087 nequam,

2283 2012 2405 2083 φὴν,
2438 2010 2533 2063 xal
2566 2007 2909 2078 παυσώμεθα
2939 2006 3033 2059 τοῦ
3058 2002 3200 2058 εἶναι
3225 2005 3409 2072 ἰταμοὶ
3438 2007 3532 2056 καὶ
3566 2005 3874 2072 ἀντίλογοι,

592 2119 684 2175 cui
716 2119 895 2173 bonus
927 2115 1037 2170 erit
1064 2115 1151 2168 "?
1187 2134 1204 2165 ι
1231 2112 1480 2167 Similem
1513 2112 1569 2165 in
1602 2110 1828 2164 modum
1882 2109 2178 2163 Salomon:

2287 2104 2365 2158 ίνα
2403 2102 2478 2173 μὴ
2522 2100 2655 2176 εἴπῃ
2715 2100 2809 2154 καὶ
2857 2101 2985 2169 περὶ
3038 2097 3234 2170 ἡμῶνθ
3264 2116 3282 2148 ι
3327 2096 3741 2167 Ἱατρεύσαμεν
3782 2097 3878 2166 τὴν

605 2229 624 2260 ι
640 2210 814 2264 Malus
831 2221 957 2262 cum
988 2205 1327 2260 contumelia
1349 2210 1634 2273 perpetrat
1648 2201 1864 2265 mala“,
1884 2200 1977 2270 qui
1997 2210 2181 2256 autem

2286 2192 2596 2273 Βαϐυλῶνα,
2620 2191 2717 2244 καὶ
2746 2190 2847 2245 οὐκ
2895 2188 3052 2258 ίάσθη
3073 2205 3089 2218 ·
3135 2207 3155 2239 ι
3172 2189 3284 2242 Kal
3306 2188 3649 2255 ἀκούσωμεν
3678 2188 3877 2257 μᾶλλον

599 2299 811 2368 seipsos
831 2298 1122 2367 explorant
1144 2270 1549 2364 etagno—scunt,
1568 2291 1855 2360 sapientes
1890 2298 2024 2345 sunt
2053 2288 2122 2342 "’.
2155 2306 2173 2338 ι

2289 2283 2375 2338 τοῦ
2394 2270 2616 2337 Ἡσαΐου
2651 2282 2921 2351 λέγοντος.
2956 2299 2975 2332 ι
2998 2280 3123 2334 Ἐὰν
3145 2278 3336 2349 Θέλητε
3372 2280 3472 2333 καὶ
3504 2279 3880 2348 εἰσακούσητὲ

516 2446 521 2451 .
587 2389 816 2463 1082
841 2389 1136 2444 Terrorem
1160 2385 1325 2440 nobis
1346 2398 1505 2441 sacra
1523 2384 1640 2439 btec
1659 2382 1900 2439 incutiat
1929 2380 2107 2450 Script

2287 2399 2410 2452 μου,
2443 2380 2514 2434 τὰ
2557 2379 2738 2448 ἀγαθὰ
2774 2380 2873 2450 τῆς
2900 2378 3004 2447 γῆς
3053 2377 3315 2446 φάγεσθε.
3366 2395 3384 2429 ι
3431 2376 3639 2446 Ἡμεῖς
3685 2376 3790 2431 οὖν
3818 2378 3878 2447 τῇ

600 2498 692 2548 ra;
715 2499 779 2537 ac
799 2479 1031 2552 proinde
1048 2478 1118 2533 ab
1141 2478 1291 2532 omni
1322 2475 1632 2532 temeritate
1649 2484 1706 2530 et
1736 2473 2184 2530 contradictione

2289 2471 2757 2544 ταπεινοφροσύνῃ
2815 2470 2909 2524 καὶ
2943 2472 3010 2542 τῇ
3046 2469 3249 2539 ἡσυχίᾳ
3279 2468 3512 2531 ἑαυτοὺς
3558 2468 3880 2537 ἀσφαλιιώ-

599 2573 999 2638 desciscamus,
1016 2577 1077 2625 ut
1094 2586 1163 2625 ne
1185 2569 1379 2625 eadem
1400 2568 1469 2623 de
1489 2568 1652 2625 nobis
1673 2567 1810 2623 illud
1830 2565 2181 2637 pronuntiet:

2289 2563 2449 2632 μεθα.
2478 2564 2589 2618 Kal
2615 2562 2872 2631 ἑπόμενοι
2905 2564 2973 2633 τῇ
3012 2560 3131 2632 θείᾳ
3152 2561 3346 2631 Γραφῇ
3394 2560 3783 2630 ὐποταγῶμεν
3810 2559 3880 2627 τῷ

610 2685 629 2719 ι
651 2665 979 2721 Curavimus
1003 2662 1357 2734 Babylonem,
1375 2669 1432 2715 et
1458 2675 1569 2715 non
1587 2666 1676 2715 est
1701 2659 1969 2715 sanata”.
2000 2676 2018 2708 ι
2041 2655 2185 2722 Quin

2287 2653 2475 2723 κλήρῳ
2529 2652 2757 2705 παύοντι
2815 2653 2915 2714 τὰς
2977 2650 3308 2719 ἀντιλογίας.
3375 2650 3543 2719 Μέγα
3596 2651 3696 2706 οὖν
3733 2655 3878 2705 ἐστιν

603 2758 791 2830 potius
834 2755 967 2810 illud
998 2752 1339 2821 exlsaiaipsi
1371 2752 1564 2806 audire
1583 2765 2008 2821 promereamur
2037 2766 2052 2803 :
2085 2769 2102 2801 ι
2128 2747 2187 2803 Si

2288 2745 2454 2798 ὅπλον
2480 2745 2577 2811 τῆς
2600 2743 2801 2812 ψυχῆς,
2821 2743 2854 2811 ἡ
2890 2741 3033 2795 κατὰ
3059 2739 3192 2793 Θεὸν
3215 2739 3471 2810 ἄσκησις,
3504 2739 3569 2794 τὸ
3592 2741 3784 2794 λαλεῖν
3804 2741 3877 2810 τῷ

602 2846 893 2903 volueritis
917 2853 973 2899 et
1010 2843 1374 2899 exaudieritis
1395 2858 1505 2906 me,
1546 2841 1692 2896 bona
1732 2850 1894 2896 terra;
1931 2839 2191 2896 comede-

2290 2834 2410 2903 Θεῷ
2447 2833 2619 2888 πολλὰ
2643 2873 2659 2897 ,
2692 2834 2787 2886 καὶ
2824 2835 2939 2896 τοῖς
2986 2831 3294 2902 ἀνθρώποις
3338 2831 3613 2901 ἐλάχιστα
3635 2849 3652 2863 ⁸
3688 2834 3881 2894 νυκτὸς

608 2941 681 2996 tis
711 2940 774 2994 ".
816 2958 833 2990 ι
860 2940 1048 3008 Itaque
1087 2936 1348 3006 nosipsos
1429 2932 1873 2989 communiamus
1903 2931 1960 2986 in
1993 2931 2193 3002 primis

2291 2927 2347 2981 δὲ
2404 2928 2499 2980 καὶ
2546 2924 2780 2995 ἡμέρας,
2812 2923 2949 2994 πρὸς
2982 2923 3081 2995 τὴν
3113 2924 3348 2993 ἐσχάτην
3386 2923 3609 2995 ἡμέραν
3647 2926 3882 2980 amm-

607 3032 927 3128 bumilitage
964 3036 1019 3084 et
1058 3029 1305 3092 silentio,
1333 3041 1667 3096 sacramque
1708 3024 1887 3080 secuti
1926 3024 2189 3092 Scriptu-

2295 3035 2437 3072 πειν.
2490 3019 2603 3071 Kal
2637 3016 2712 3087 μὴ
2746 3016 3104 3085 ὀμοιωθῶμεν
3147 3018 3260 3078 τοῖς
3306 3016 3547 3086 ἱερεῦσιν
3598 3018 3716 3070 τῶν
3752 3019 3882 3071 ’1ου-

2294 3111 2318 3128 ᾳ
2366 3110 2379 3128 ι
2553 3109 2734 3128 ,9,.,_A
2791 3106 3008 3128 -9115---
3074 3106 3150 3128 ’.Α
3203 3102 3551 3128 1.-.n.-____n__
3610 3110 3679 3128 _-
3746 3109 3854 3128 ﬁ,-

608 3141 750 3188 ram,
781 3124 834 3177 in
859 3102 1052 3177 Eorum
1091 3127 1302 3176 sortem
1339 3118 1659 3188 redigamur
1691 3117 1896 3186 quibus
1924 3129 2069 3170 cura:
2109 3120 2196 3169 est

2290 3110 2490 3173 δαίων,
2540 3109 2736 3172 οἵτινες
2787 3106 3013 3160 είώθασι
3068 3106 3155 3160 ἀεὶ
3198 3102 3556 3160 ἀνθίστασθαι
3605 3110 3689 3178 τῷ
3745 3109 3876 3179 Θεῷι

607 3215 803 3273 sedare
830 3212 1320 3268 contradictiones.
1352 3209 1497 3264 Sane
1521 3217 1582 3262 ut
1612 3208 1725 3263 Deo
1748 3220 2083 3263 consuescas
2112 3203 2196 3258 lo-

2293 3200 2606 3272 Προσῆλθον
2632 3199 2763 3267 γὰρ,
2798 3198 2985 3267 φησὶν,
3032 3199 3081 3251 οί
3120 3199 3421 3268 ἀρχιερεῖς,
3450 3199 3527 3265 τῷ
3574 3200 3763 3269 Ἰησοῦ
3801 3200 3884 3253 λέ-

608 3308 703 3376 qui
734 3304 1063 3376 plurimum,
1098 3317 1223 3356 cum
1254 3300 1580 3355 hominibus
1616 3307 1799 3354 autem
1831 3311 1997 3367 quam
2021 3295 2193 3350 raris-

2290 3307 2502 3358 γοντες,
2537 3307 2556 3341 ι
2602 3289 2692 3342 Ἐν
2735 3288 2866 3359 ποίᾳ
2902 3286 3124 3357 ἐξουσία
3155 3288 3329 3341 ταῦτα
3358 3292 3562 3354 ποιείς
3597 3291 3633 3361 ἢ
3672 3292 3761 3352 τίς
3804 3307 3881 3344 σοι

595 3400 770 3469 sime,
829 3398 945 3451 [nec
979 3395 1286 3449 monastica
1328 3390 1673 3455 exercitatio,
1719 3391 1912 3460 ingens
1953 3393 2042 3441 est
2080 3385 2186 3439 ani.

2291 3378 2519 3431 δέδωκεν
2561 3377 2659 3447 τὴν
2705 3376 2954 3441 ἐξουσίαν
2985 3376 3226 3445 ταύτηνς
3258 3396 3277 3429 ι
3325 3379 3385 3430 Ὀ
3417 3378 3475 3431 δὲ
3523 3382 3882 3451 μακρόθυμος

613 3505 717 3543 mae
783 3494 1028 3541 scutum.
1069 3483 1169 3538 Die
1200 3499 1264 3538 ac
1316 3489 1505 3547 nocte,
1548 3480 1613 3535 ad
1653 3488 1960 3535 extremam
2015 3489 2191 3544 usque

2293 3469 2498 3539 Κύριος
2517 3467 2776 3532 ἐπιεικῶς
2795 3468 3129 3538 ἀπεκρίνατο
3147 3470 3350 3534 αὐτοῖς,
3369 3469 3567 3538 λέγων’
3594 3491 3616 3524 r
3641 3473 3881 3544 Ἐπερωο

609 3581 799 3635 exitus
863 3578 1078 3640 horam,
1146 3576 1356 3629 intenta
1406 3574 1523 3627 acie
1574 3572 1779 3626 mentis
1831 3568 2192 3639 spectandum

2293 3563 2444 3631 τήσω
2472 3562 2616 3632 ὑμᾶς
2650 3560 2807 3627 κάγὼ
2832 3561 2929 3613 ἕνα
2950 3560 3129 3628 λόγον,
3158 3562 3215 3615 ὃν
3242 3563 3337 3615 ἐὰν
3366 3563 3554 3633 εἴπητέ
3591 3582 3704 3635 μοι,
3731 3565 3881 3634 κάγὼ

611 3676 717 3733 est,
755 3665 1059 3736 nequando
1089 3662 1502 3733 eomperiamur
1532 3660 1852 3716 Judmorum
1888 3653 2196 3711 sacerdoti-

2296 3653 2441 3721 λέγω
2474 3654 2605 3723 ὑμῖν
2632 3654 2690 3705 ἐν
2737 3651 2870 3724 ποίᾳ
2916 3651 3136 3723 ἐξουσίᾳ
3170 3652 3345 3711 ταῦτα
3389 3656 3555 3710 ποιῶ.
3604 3674 3625 3707 ι
3661 3656 3880 3728 Δῦτῷἠ

612 3761 718 3817 bus
748 3758 1045 3822 assimiles,
1070 3756 1165 3827 qui
1217 3753 1443 3824 quidem
1495 3749 1903 3806 consuetudine
1940 3760 2195 3802 exsecra-

1605 3749 1903 3805 suetudine
1940 3760 2195 3802 exsecra-
2292 3743 2420 3810 δόξα
2450 3744 2531 3807 είς
2561 3744 2690 3805 τοὺς
2717 3743 2945 3807 αἰῶνας.
3002 3744 3196 3814 ’Δμήν.

613 3857 713 3911 bili
745 3854 979 3909 Domino
999 3852 1326 3908 restiterunt
1387 3863 1630 3918 semper.
1651 3846 2024 3901 Accesserunt
2044 3841 2194 3896 enim
2232 3838 2512 3908 principes
2541 3838 2896 3897 sacerdotum
2957 3837 3024 3893 ad
3073 3838 3263 3895 Jesum
3322 3837 3578 3894 dicentes
3603 3857 3619 3894 τ
3647 3840 3751 3896 «In
3777 3856 3877 3912 qua

614 3954 887 4018 potestate
922 3945 1038 3999 haec
1064 3942 1247 3999 facis?
1286 3948 1383 3996 aut
1452 3939 1577 4010 quis
1607 3924 1709 3996 tibi
1749 3937 1905 3992 dedit
1946 3937 2088 3991 hanc
2119 3930 2498 4004 potestatem?
2539 3947 2560 3983 ι
2588 3929 2946 4002 Longauimis
2973 3930 3263 3994 Dominus,
3304 3946 3469 4001 quam
3520 3932 3637 3988 illis
3656 3948 3876 4004 respon—

614 4039 697 4096 dit
736 4036 1062 4092 mansuete!
1105 4053 1123 4086 ι
1148 4032 1511 4103 Interrogabo
1542 4040 1599 4086 et
1633 4047 1738 4101 ego
1772 4044 1893 4094 vos,
1954 4042 2126 4081 unum
2186 4025 2420 4080 verbum
2455 4040 2471 4090 ;
2511 4025 2660 4095 quod
2691 4024 2738 4079 si
2803 4023 3061 4079 dixeritis
3111 4023 3347 4090 mibi,et
3377 4040 3485 4097 ego
3510 4024 3696 4081 dicam
3728 4028 3879 4085 vobis

616 4136 790 4208 inqua
808 4140 1079 4203 potestate
1105 4130 1222 4185 haec
1257 4128 1398 4183 facio
1429 4128 1496 4182 '°.
1525 4145 1544 4178 ι
1574 4126 1683 4196 Ipsi
1724 4124 1893 4197 gloria
1918 4123 1974 4178 in
1992 4123 2215 4177 saecula.
2255 4120 2450 4176 Amen.

1173 4252 1457 4309 IIOMILIA
1493 4251 1738 4307 XXXIII.

1686 4252 1738 4305 [1.
2917 4234 3137 4288 ΛΟΓΟΣ
3159 4233 3277 4288 Λιν-

1144 4363 1222 4418 De
1251 4364 1414 4416 otioso
1441 4376 1702 4416 sermone.

2818 4346 2959 4415 Περι
2997 4347 3367 4416 ἁργολογαις.

683 4475 1113 4543 Otiosiloquinm
1155 4488 1221 4526 ex
1275 4486 1343 4525 eo
1388 4469 1692 4541 ingignitur
1735 4467 1859 4534 tibi,
1911 4466 2058 4537 quod
2096 4482 2194 4538 per
2228 4427 2270 4481 θ

2380 4456 2444 4510 Ἦ
2474 4455 2771 4525 ἀργολογία
2798 4453 2863 4509 ἔκ
2892 4455 2986 4508 τοῦ
3036 4456 3230 4526 σχολὴν
3263 4457 3414 4525 ἄγειν
3475 4461 3757 4526 γεννᾶται,
3786 4463 3867 4516 καὶ

617 4568 793 4621 otium
835 4567 1008 4620 vitam
1048 4561 1400 4624 transmittis,
1432 4570 1491 4616 et
1527 4575 1555 4613 a
1596 4569 1650 4614 te
1675 4558 1971 4614 excussisti
1991 4566 2198 4613 certam

2301 4548 2378 4619 μὴ
2440 4547 2750 4619 προσδοκᾷν
2802 4550 2871 4601 τὰ
2921 4548 3206 4619 μέλλοντα.
3257 4551 3321 4602 Ei
3364 4551 3475 4621 γὰρ
3516 4552 3619 4621 τὴν
3660 4554 3866 4609 κόλασιν

616 4659 817 4713 futura:
852 4657 980 4711 vita:
1017 4670 1191 4724 spem.
1234 4651 1293 4707 Si
1331 4652 1481 4707 enim
1520 4649 1712 4705 :eterni
1753 4650 1905 4705 illius
1943 4648 2201 4719 supplicii

2298 4638 2662 4709 ἐδεδοίκειμεν
2689 4678 2704 4704 ,
2730 4640 2826 4692 καὶ
2858 4638 2960 4710 τῆς
2994 4638 3274 4710 βασιλείας
3301 4640 3629 4711 ὠρεγόμεθα
3654 4684 3670 4709 ,
3691 4647 3788 4699 οὐκ
3810 4646 3866 4700 ἂν

616 4748 989 4832 formidabilis
1042 4748 1267 4809 horror,
1298 4752 1357 4800 et
1405 4750 1620 4806 contra,
1651 4741 1800 4796 beati
1838 4741 1990 4810 regni
2050 4739 2202 4796 desi-

2301 4731 2709 4803 ἀργολογοῦμεν
2738 4731 2893 4797 ποτέ,
2925 4732 3162 4801 μάλιστα
3192 4734 3273 4787 ὅτι
3307 4732 3401 4787 τοῦ
3436 4734 3651 4804 Κυρίου
3682 4738 3863 4807 ἐντολή

615 4829 836 4897 derinm
866 4849 1112 4895 mentem
1143 4842 1447 4905 occuparet
1471 4841 1741 4895 nostram,
1763 4832 1925 4887 nullo
1955 4847 2200 4902 unquam

2301 4825 2449 4878 ἐστιν
2487 4822 2645 4890 λόγον
2693 4822 2914 4891 ὑφέξειν
2959 4824 3105 4893 ἡμᾶς
3149 4826 3208 4877 ἐν
3252 4826 3431 4897 καιρῷ
3478 4829 3718 4898 κρίσεως
3750 4830 3866 4901 περὶ

615 4941 898 4989 momento
924 4931 1006 4985 sic
1043 4945 1145 4999 per
1174 4925 1520 4995 inaniloquia
1544 4923 1978 4979 traduceremus
2003 4923 2192 4986 vitam;

2303 4913 2475 4984 ἀργοῦ
2507 4915 2777 4984 ῥήματοςο
2829 4914 2929 4968 ὅσα
2960 4914 3020 4969 δὲ
3057 4915 3243 4987 ὄνησιν
3280 4920 3346 4988 τῇ
3393 4917 3539 4991 ψυχῇ
3588 4919 3653 4974 οὐ
3703 4923 3863 4990 φέρει,

620 5026 787 5095 idque
826 5036 896 5078 eo
918 5021 1177 5079 maxime.
1212 5018 1341 5089 quia
1383 5016 1734 5072 Dominicum
1761 5023 1922 5085 urget
1969 5014 2196 5069 manda—

2304 5006 2451 5077 ἀργὰ
2498 5007 2719 5076 ῥήματα
2762 5006 3120 5077 ὑπάρχουσιν.
3167 4999 3493 5078 Ἀναγκαῖον
3543 5012 3641 5066 οὖν
3694 5013 3863 5081 βιαίως

616 5123 757 5176 tum,
781 5124 894 5181 quo
923 5107 1198 5179 signiﬁcat
1236 5106 1511 5161 rationem
1554 5106 1900 5175 reposituros
1930 5119 2031 5159 nos
2080 5118 2203 5158 esse

2306 5097 2743 5169 ἐγκρατεύεσθαι
2771 5099 2868 5152 τοῦ
2901 5100 2975 5170 μὴ
3003 5099 3188 5154 δοῦναι
3218 5100 3401 5175 χώραν
3424 5104 3493 5175 τῇ
3538 5103 3825 5175 ἁργολογίᾳ
3847 5119 3859 5137 ·

615 5203 707 5258 die.
743 5202 840 5256 illo
859 5198 1078 5272 iudicii,
1112 5199 1183 5253 de
1212 5197 1383 5252 verbo
1405 5196 1586 5251 otioso
1607 5196 1671 5249 '“.
1704 5193 2059 5265 Quaecunque
2077 5207 2206 5263 por-

2306 5192 2335 5244 ὁ
2358 5189 2466 5261 γὰρ
2500 5190 2606 5244 ὑπὸ
2633 5189 2742 5243 τῶν
2773 5192 2988 5262 μικρῶν
3016 5192 3258 5261 εὐχερῶς
3289 5192 3614 5263 νικώμενος,
3652 5197 3859 5257 καὶτοῖς

616 5310 681 5350 ro
703 5292 903 5349 animae
921 5300 1029 5347 tum
1055 5289 1195 5346 nihil
1224 5287 1469 5345 afferunt
1488 5285 2051 5347 emolumenti,verba
2070 5284 2207 5339 otio-

2311 5284 2570 5355 μεγάλοις
2599 5282 2659 5348 ἐξ
2689 5282 2934 5353 ἀνάγκης
2956 5281 3315 5337 δεδούλωται·’
3339 5285 3369 5337 ὁ
3389 5283 3445 5337 δὲ
3473 5284 3685 5340 τούτων
3709 5302 3855 5340 κατα-

614 5402 677 5441 sa
728 5393 879 5440 sunt.
908 5382 1097 5453 Opera:
1120 5382 1289 5452 igitur
1321 5380 1561 5449 pretium
1604 5378 1697 5441 sit,
1740 5387 1803 5432 ut
1831 5376 1934 5445 ipsi
1985 5376 2056 5430 ab
2104 5374 2205 5429 im-

2310 5377 2547 5448 φρονῶν,
2581 5376 2681 5429 καὶ
2715 5377 2826 5438 τοῖς
2864 5375 3119 5444 μεγάλοις
3139 5378 3197 5429 ἐν
3223 5375 3433 5447 Κυρίῳ,
3468 5377 3849 5432 ἀντιτάσσεται.

687 5528 731 5558 υ·
765 5527 808 5580 n
850 5525 993 5579 Tim.
1034 5540 1110 5587 ιιι,
1153 5522 1204 5577 3.
1312 5522 1356 5553 ιτ
1390 5521 1511 5575 Act.
1568 5502 1679 5586 ιιιι,
1725 5519 1781 5582 8,
1821 5519 1906 5573 ιι.
2014 5519 2059 5550 οι
2094 5528 2131 5568 ιι
2167 5518 2278 5572 Tin

2251 5534 2316 5572 m.
2370 5535 2443 5574 Iv.
2482 5520 2569 5581 M,
2628 5518 2712 5571 15.
2814 5518 2859 5549 "
2918 5511 3472 5578 Mich.Vl,|2;w,2.'°
3508 5519 3669 5573 Prov.
3700 5519 3842 5587 xml.

614 5599 658 5632 ⁴¹
701 5597 864 5653 Prov.
900 5611 1029 5654 xm,
1073 5595 1125 5647 Il
1257 5590 1300 5621 δ’
1357 5591 1495 5645 ibid.
1549 5591 1639 5644 ‘24.
1747 5590 1793 5619 ⁸³
1835 5586 2002 5642 Eccli.
2063 5605 2151 5649 xx,
2188 5589 2239 5641 5.
2346 5589 2391 5620 “
2432 5589 2562 5657 Sap.
2600 5602 2637 5650 ι,
2670 5588 2722 5645 8.
2828 5589 2871 5618 "
2915 5587 3083 5642 Eccli.
3127 5603 3233 5650 xlv,
3265 5588 3316 5641 5.
3412 5588 3455 5620 “
3490 5589 3658 5645 Prov.
3687 5586 3850 5655 mu.

614 5671 658 5701 ‘7
692 5666 858 5722 Eecli.
883 5680 990 5727 xiv,
1019 5663 1385 5719 ‘22.".Ierem.
1418 5675 1487 5725 ιι,
1521 5661 1576 5717 9.
1657 5661 1697 5692 ”
1728 5659 1828 5712 Isa.
1865 5675 1902 5727 ι,
1942 5658 2025 5712 l9.
2104 5661 2148 5689 ’°
2180 5658 2370 5713 Matth.
2402 5676 2510 5724 xxi,
2535 5659 2624 5723 9.3,
2661 5660 2750 5719 24.
2827 5660 2864 5689 ⁷¹
2901 5658 3090 5712 Matth.
3117 5673 3210 5721 xu,
3242 5657 3330 5711 56.
3661 5668 3666 5673 ‘
