  <div class='ocr_page' id='page_1' title='image "/cluster/home/n/w/nwhite01/storage/ocr_20150623/89/pst.000005712953/778.png"; bbox 0 0 3916 6304; ppageno 0'>
   <div class='ocr_carea' id='block_1_1' title="bbox 180 293 308 360">
    <p class='ocr_par' dir='ltr' id='par_1_1' title="bbox 180 293 308 360">
     <span class='ocr_line' id='line_1_1' title="bbox 180 293 308 360; baseline -0.016 -1"><span class='ocrx_word' id='word_1_1' title='bbox 180 293 308 360; x_wconf 70' lang='grc' dir='ltr'>ιιι]</span> 
     </span>
    </p>
   </div>
   <div class='ocr_carea' id='block_1_2' title="bbox 1246 298 2350 365">
    <p class='ocr_par' dir='ltr' id='par_1_2' title="bbox 1246 298 2350 365">
     <span class='ocr_line' id='line_1_2' title="bbox 1246 298 2350 365; baseline 0.005 -8"><span class='ocrx_word' id='word_1_2' title='bbox 1246 298 1575 358; x_wconf 68' lang='grc' dir='ltr'><strong>ΗΟΜΙΙΛΑ</strong></span> <span class='ocrx_word' id='word_1_3' title='bbox 1617 300 1881 363; x_wconf 77' lang='lat' dir='ltr'><strong>XXXIV.</strong></span> <span class='ocrx_word' id='word_1_4' title='bbox 1914 326 1986 338; x_wconf 84' lang='lat'><strong>-</strong></span> <span class='ocrx_word' id='word_1_5' title='bbox 2008 303 2111 365; x_wconf 80' lang='lat' dir='ltr'><strong>DE</strong></span> <span class='ocrx_word' id='word_1_6' title='bbox 2149 304 2350 365; x_wconf 86' lang='lat' dir='ltr'><strong>OTIO.</strong></span> 
     </span>
    </p>
   </div>
   <div class='ocr_carea' id='block_1_3' title="bbox 3279 250 3429 354">
    <p class='ocr_par' dir='ltr' id='par_1_3' title="bbox 3279 250 3429 354">
     <span class='ocr_line' id='line_1_3' title="bbox 3279 250 3429 354; baseline 0.007 -2"><span class='ocrx_word' id='word_1_7' title='bbox 3279 250 3429 354; x_wconf 64' lang='lat' dir='ltr'><strong>&#39;l312</strong></span> 
     </span>
    </p>
   </div>
   <div class='ocr_carea' id='block_1_4' title="bbox 178 374 1769 480">
    <p class='ocr_par' dir='ltr' id='par_1_4' title="bbox 178 374 1756 478">
     <span class='ocr_line' id='line_1_4' title="bbox 178 374 1756 478; baseline -0.001 -17"><span class='ocrx_word' id='word_1_8' title='bbox 178 408 298 478; x_wconf 80' lang='grc' dir='ltr'><strong>Χρὴ</strong></span> <span class='ocrx_word' id='word_1_9' title='bbox 328 402 421 460; x_wconf 81' lang='grc' dir='ltr'>οὖν</span> <span class='ocrx_word' id='word_1_10' title='bbox 448 374 625 477; x_wconf 56' lang='grc' dir='ltr'>’πάσῃ</span> <span class='ocrx_word' id='word_1_11' title='bbox 660 407 876 475; x_wconf 78' lang='grc' dir='ltr'>φυλακῇ</span> <span class='ocrx_word' id='word_1_12' title='bbox 926 407 1114 475; x_wconf 71' lang='grc' dir='ltr'>τηρεῖν</span> <span class='ocrx_word' id='word_1_13' title='bbox 1166 407 1263 475; x_wconf 76' lang='grc' dir='ltr'>τὴν</span> <span class='ocrx_word' id='word_1_14' title='bbox 1307 406 1536 476; x_wconf 81' lang='grc' dir='ltr'><strong>καρδίαν</strong></span> <span class='ocrx_word' id='word_1_15' title='bbox 1575 409 1665 460; x_wconf 69' lang='grc' dir='ltr'>καὶ</span> <span class='ocrx_word' id='word_1_16' title='bbox 1695 407 1756 460; x_wconf 83' lang='grc' dir='ltr'><strong>τὸ</strong></span> 
     </span>
    </p>
   </div>
   <div class='ocr_carea' id='block_1_5' title="bbox 1878 374 3425 480">
    <p class='ocr_par' dir='ltr' id='par_1_5' title="bbox 1878 402 3425 480">
     <span class='ocr_line' id='line_1_5' title="bbox 1878 402 3425 480; baseline -0.005 -17"><span class='ocrx_word' id='word_1_17' title='bbox 1878 408 2096 465; x_wconf 90' lang='lat' dir='ltr'><strong>nodicis</strong></span> <span class='ocrx_word' id='word_1_18' title='bbox 2117 408 2412 480; x_wconf 84' lang='lat' dir='ltr'><strong>colloquiis</strong></span> <span class='ocrx_word' id='word_1_19' title='bbox 2442 408 2653 461; x_wconf 82' lang='lat' dir='ltr'><strong>intenta</strong></span> <span class='ocrx_word' id='word_1_20' title='bbox 2681 419 2814 459; x_wconf 88' lang='lat' dir='ltr'><strong>cura</strong></span> <span class='ocrx_word' id='word_1_21' title='bbox 2837 402 2999 458; x_wconf 90' lang='lat' dir='ltr'><strong>nobis</strong></span> <span class='ocrx_word' id='word_1_22' title='bbox 3035 412 3425 472; x_wconf 83' lang='lat' dir='ltr'><strong>temperemus,</strong></span> 
     </span>
    </p>
   </div>
   <div class='ocr_carea' id='block_1_6' title="bbox 177 496 1753 571">
    <p class='ocr_par' dir='ltr' id='par_1_6' title="bbox 177 496 1753 571">
     <span class='ocr_line' id='line_1_6' title="bbox 177 496 1753 571; baseline 0 -21"><span class='ocrx_word' id='word_1_23' title='bbox 177 500 357 569; x_wconf 82' lang='grc' dir='ltr'>σῶμα,</span> <span class='ocrx_word' id='word_1_24' title='bbox 379 498 667 571; x_wconf 77' lang='grc' dir='ltr'><strong>ἀραρότως</strong></span> <span class='ocrx_word' id='word_1_25' title='bbox 694 497 1031 567; x_wconf 79' lang='grc' dir='ltr'>φθέγγεσθαι</span> <span class='ocrx_word' id='word_1_26' title='bbox 1054 496 1126 558; x_wconf 78' lang='grc' dir='ltr'>ὡς</span> <span class='ocrx_word' id='word_1_27' title='bbox 1156 497 1484 561; x_wconf 80' lang='grc' dir='ltr'><strong>αὐτοτελεῖς,</strong></span> <span class='ocrx_word' id='word_1_28' title='bbox 1520 498 1753 565; x_wconf 82' lang='grc' dir='ltr'>μάλιστα</span> 
     </span>
    </p>
   </div>
   <div class='ocr_carea' id='block_1_7' title="bbox 178 587 1754 659">
    <p class='ocr_par' dir='ltr' id='par_1_7' title="bbox 178 587 1754 659">
     <span class='ocr_line' id='line_1_7' title="bbox 178 587 1754 659; baseline -0.001 -18"><span class='ocrx_word' id='word_1_29' title='bbox 178 590 325 659; x_wconf 77' lang='grc' dir='ltr'>ἡμᾶς</span> <span class='ocrx_word' id='word_1_30' title='bbox 353 588 482 652; x_wconf 74' lang='grc' dir='ltr'>τοὺς</span> <span class='ocrx_word' id='word_1_31' title='bbox 513 587 803 648; x_wconf 80' lang='grc' dir='ltr'><strong>δοκοῦντας</strong></span> <span class='ocrx_word' id='word_1_32' title='bbox 834 587 1135 649; x_wconf 80' lang='grc' dir='ltr'><strong>παιδεύειν,</strong></span> <span class='ocrx_word' id='word_1_33' title='bbox 1167 588 1261 640; x_wconf 71' lang='grc' dir='ltr'>καὶ</span> <span class='ocrx_word' id='word_1_34' title='bbox 1286 588 1607 657; x_wconf 77' lang='grc' dir='ltr'>καθοδηγεῖν</span> <span class='ocrx_word' id='word_1_35' title='bbox 1630 589 1754 651; x_wconf 76' lang='grc' dir='ltr'>τοὺς</span> 
     </span>
    </p>
   </div>
   <div class='ocr_carea' id='block_1_8' title="bbox 179 675 1756 748">
    <p class='ocr_par' dir='ltr' id='par_1_8' title="bbox 179 675 1756 748">
     <span class='ocr_line' id='line_1_8' title="bbox 179 675 1756 748; baseline -0.002 -17"><span class='ocrx_word' id='word_1_36' title='bbox 179 679 238 731; x_wconf 84' lang='grc' dir='ltr'>ὲν</span> <span class='ocrx_word' id='word_1_37' title='bbox 279 680 357 748; x_wconf 80' lang='grc' dir='ltr'>τῷ</span> <span class='ocrx_word' id='word_1_38' title='bbox 410 680 618 747; x_wconf 85' lang='grc' dir='ltr'>κόσμῳ,</span> <span class='ocrx_word' id='word_1_39' title='bbox 668 679 751 730; x_wconf 78' lang='grc' dir='ltr'>ἵνα</span> <span class='ocrx_word' id='word_1_40' title='bbox 802 679 876 748; x_wconf 78' lang='grc' dir='ltr'>μὴ</span> <span class='ocrx_word' id='word_1_41' title='bbox 916 677 1275 747; x_wconf 77' lang='grc' dir='ltr'>ἀκούσωμεν·</span> <span class='ocrx_word' id='word_1_42' title='bbox 1326 695 1346 729; x_wconf 73' lang='grc' dir='ltr'><strong>ι</strong></span> <span class='ocrx_word' id='word_1_43' title='bbox 1392 675 1469 731; x_wconf 76' lang='grc' dir='ltr'><strong>’οσ</strong></span> <span class='ocrx_word' id='word_1_44' title='bbox 1488 679 1756 731; x_wconf 78' lang='grc' dir='ltr'>διδάσκων</span> 
     </span>
    </p>
   </div>
   <div class='ocr_carea' id='block_1_9' title="bbox 176 768 1756 842">
    <p class='ocr_par' dir='ltr' id='par_1_9' title="bbox 176 768 1756 842">
     <span class='ocr_line' id='line_1_9' title="bbox 176 768 1756 842; baseline -0.003 -18"><span class='ocrx_word' id='word_1_45' title='bbox 176 771 438 842; x_wconf 74' lang='grc' dir='ltr'>ἐτέρους,</span> <span class='ocrx_word' id='word_1_46' title='bbox 496 770 725 823; x_wconf 71' lang='grc' dir='ltr'>σεαυτὸν</span> <span class='ocrx_word' id='word_1_47' title='bbox 775 771 837 823; x_wconf 84' lang='grc' dir='ltr'>οὐ</span> <span class='ocrx_word' id='word_1_48' title='bbox 874 770 1180 833; x_wconf 75' lang='grc' dir='ltr'>διδάσκειςς</span> <span class='ocrx_word' id='word_1_49' title='bbox 1225 787 1245 820; x_wconf 70' lang='grc' dir='ltr'><strong>ι</strong></span> <span class='ocrx_word' id='word_1_50' title='bbox 1317 769 1598 832; x_wconf 73' lang='grc' dir='ltr'>’Ᾱὸουλίας</span> <span class='ocrx_word' id='word_1_51' title='bbox 1649 768 1756 839; x_wconf 84' lang='grc' dir='ltr'><strong>γὰρ</strong></span> 
     </span>
    </p>
   </div>
   <div class='ocr_carea' id='block_1_10' title="bbox 180 859 1758 932">
    <p class='ocr_par' dir='ltr' id='par_1_10' title="bbox 180 859 1758 932">
     <span class='ocr_line' id='line_1_10' title="bbox 180 859 1758 932; baseline -0.001 -20"><span class='ocrx_word' id='word_1_52' title='bbox 180 866 482 932; x_wconf 76' lang='grc' dir='ltr'>τεκμήριον</span> <span class='ocrx_word' id='word_1_53' title='bbox 509 861 568 913; x_wconf 83' lang='grc' dir='ltr'>τὸ</span> <span class='ocrx_word' id='word_1_54' title='bbox 596 860 941 930; x_wconf 78' lang='grc' dir='ltr'>ἀργολογεῖν,</span> <span class='ocrx_word' id='word_1_55' title='bbox 967 860 1044 923; x_wconf 83' lang='grc' dir='ltr'><strong>ὡς</strong></span> <span class='ocrx_word' id='word_1_56' title='bbox 1073 859 1173 913; x_wconf 71' lang='grc' dir='ltr'>καὶ</span> <span class='ocrx_word' id='word_1_57' title='bbox 1201 862 1259 912; x_wconf 84' lang='grc' dir='ltr'>ὲν</span> <span class='ocrx_word' id='word_1_58' title='bbox 1288 862 1407 921; x_wconf 80' lang='grc' dir='ltr'>ταῖς</span> <span class='ocrx_word' id='word_1_59' title='bbox 1428 859 1758 930; x_wconf 82' lang='grc' dir='ltr'>Παροιμίαις</span> 
     </span>
    </p>
   </div>
   <div class='ocr_carea' id='block_1_11' title="bbox 181 948 1759 1022">
    <p class='ocr_par' dir='ltr' id='par_1_11' title="bbox 181 948 1759 1022">
     <span class='ocr_line' id='line_1_11' title="bbox 181 948 1759 1022; baseline -0.001 -18"><span class='ocrx_word' id='word_1_60' title='bbox 181 952 493 1021; x_wconf 74' lang='grc' dir='ltr'>γέγραπται</span> <span class='ocrx_word' id='word_1_61' title='bbox 513 969 528 984; x_wconf 76' lang='grc' dir='ltr'><strong><em>ο</em></strong></span> <span class='ocrx_word' id='word_1_62' title='bbox 571 952 720 1009; x_wconf 77' lang='grc' dir='ltr'><strong>«Υἱὲ.</strong></span> <span class='ocrx_word' id='word_1_63' title='bbox 750 953 825 1021; x_wconf 84' lang='grc' dir='ltr'>μὴ</span> <span class='ocrx_word' id='word_1_64' title='bbox 856 951 1106 1022; x_wconf 78' lang='grc' dir='ltr'><strong>ζηλώσῃς</strong></span> <span class='ocrx_word' id='word_1_65' title='bbox 1136 951 1330 1019; x_wconf 72' lang='grc' dir='ltr'>ἄνδρας</span> <span class='ocrx_word' id='word_1_66' title='bbox 1356 950 1583 1015; x_wconf 77' lang='grc' dir='ltr'>κακοὺς,</span> <span class='ocrx_word' id='word_1_67' title='bbox 1624 948 1759 1019; x_wconf 68' lang='grc' dir='ltr'>μηδὲ</span> 
     </span>
    </p>
   </div>
   <div class='ocr_carea' id='block_1_12' title="bbox 168 1040 1757 1113">
    <p class='ocr_par' dir='ltr' id='par_1_12' title="bbox 168 1040 1757 1113">
     <span class='ocr_line' id='line_1_12' title="bbox 168 1040 1757 1113; baseline -0.001 -19"><span class='ocrx_word' id='word_1_68' title='bbox 168 1042 531 1113; x_wconf 56' lang='grc' dir='ltr'>ἐπιθυμήσῃς</span> <span class='ocrx_word' id='word_1_69' title='bbox 583 1040 723 1096; x_wconf 79' lang='grc' dir='ltr'>εἶναι</span> <span class='ocrx_word' id='word_1_70' title='bbox 778 1042 897 1113; x_wconf 79' lang='grc' dir='ltr'>μετ’</span> <span class='ocrx_word' id='word_1_71' title='bbox 943 1042 1144 1096; x_wconf 72' lang='grc' dir='ltr'>αὑτῶν.</span> <span class='ocrx_word' id='word_1_72' title='bbox 1186 1060 1205 1093; x_wconf 74' lang='grc' dir='ltr'><strong>ι</strong></span> <span class='ocrx_word' id='word_1_73' title='bbox 1247 1042 1356 1096; x_wconf 76' lang='grc' dir='ltr'><strong>Καὶ</strong></span> <span class='ocrx_word' id='word_1_74' title='bbox 1404 1043 1634 1109; x_wconf 66' lang='grc' dir='ltr'>ἐπάγει,</span> <span class='ocrx_word' id='word_1_75' title='bbox 1668 1041 1757 1093; x_wconf 85' lang='grc' dir='ltr'><strong>λέ-</strong></span> 
     </span>
    </p>
   </div>
   <div class='ocr_carea' id='block_1_13' title="bbox 182 1118 1759 1201">
    <p class='ocr_par' dir='ltr' id='par_1_13' title="bbox 182 1118 1759 1201">
     <span class='ocr_line' id='line_1_13' title="bbox 182 1118 1759 1201; baseline -0.001 -17"><span class='ocrx_word' id='word_1_76' title='bbox 182 1146 297 1198; x_wconf 83' lang='grc' dir='ltr'><strong>γων</strong></span> <span class='ocrx_word' id='word_1_77' title='bbox 321 1148 335 1164; x_wconf 77' lang='grc' dir='ltr'><strong>ο</strong></span> <span class='ocrx_word' id='word_1_78' title='bbox 383 1152 400 1183; x_wconf 82' lang='grc' dir='ltr'><strong>ι</strong></span> <span class='ocrx_word' id='word_1_79' title='bbox 440 1132 625 1200; x_wconf 85' lang='grc' dir='ltr'>Στόμα</span> <span class='ocrx_word' id='word_1_80' title='bbox 660 1133 917 1201; x_wconf 77' lang='grc' dir='ltr'>ἄστεγον,</span> <span class='ocrx_word' id='word_1_81' title='bbox 946 1118 1092 1185; x_wconf 78' lang='grc' dir='ltr'>ποιεῖ</span> <span class='ocrx_word' id='word_1_82' title='bbox 1119 1132 1526 1193; x_wconf 81' lang='grc' dir='ltr'><strong>ἀκαταστασίας</strong></span> <span class='ocrx_word' id='word_1_83' title='bbox 1556 1168 1569 1192; x_wconf 92' lang='grc'><strong>,</strong></span> <span class='ocrx_word' id='word_1_84' title='bbox 1610 1131 1700 1183; x_wconf 75' lang='grc' dir='ltr'>καὶ</span> <span class='ocrx_word' id='word_1_85' title='bbox 1732 1131 1759 1183; x_wconf 99' lang='lat'><strong>6</strong></span> 
     </span>
    </p>
   </div>
   <div class='ocr_carea' id='block_1_14' title="bbox 184 1221 1760 1295">
    <p class='ocr_par' dir='ltr' id='par_1_14' title="bbox 184 1221 1760 1295">
     <span class='ocr_line' id='line_1_14' title="bbox 184 1221 1760 1295; baseline -0.001 -20"><span class='ocrx_word' id='word_1_86' title='bbox 184 1223 375 1294; x_wconf 78' lang='grc' dir='ltr'>ἄφρων</span> <span class='ocrx_word' id='word_1_87' title='bbox 406 1223 671 1295; x_wconf 81' lang='grc' dir='ltr'>πληθύνει</span> <span class='ocrx_word' id='word_1_88' title='bbox 725 1224 938 1291; x_wconf 82' lang='grc' dir='ltr'>λόγους.</span> <span class='ocrx_word' id='word_1_89' title='bbox 976 1242 994 1274; x_wconf 75' lang='grc' dir='ltr'><strong>ι</strong></span> <span class='ocrx_word' id='word_1_90' title='bbox 1031 1223 1140 1275; x_wconf 79' lang='grc' dir='ltr'><strong>Καὶ</strong></span> <span class='ocrx_word' id='word_1_91' title='bbox 1173 1221 1338 1274; x_wconf 86' lang='grc' dir='ltr'>πάλιν</span> <span class='ocrx_word' id='word_1_92' title='bbox 1360 1236 1374 1249; x_wconf 76' lang='grc'><strong><em>⁸</em></strong></span> <span class='ocrx_word' id='word_1_93' title='bbox 1413 1239 1431 1271; x_wconf 81' lang='grc' dir='ltr'><strong>ι</strong></span> <span class='ocrx_word' id='word_1_94' title='bbox 1479 1222 1537 1273; x_wconf 92' lang='grc'><strong>’0</strong></span> <span class='ocrx_word' id='word_1_95' title='bbox 1572 1222 1760 1273; x_wconf 73' lang='grc' dir='ltr'>πλεον-</span> 
     </span>
    </p>
   </div>
   <div class='ocr_carea' id='block_1_15' title="bbox 184 1312 1761 1385">
    <p class='ocr_par' dir='ltr' id='par_1_15' title="bbox 184 1312 1761 1385">
     <span class='ocr_line' id='line_1_15' title="bbox 184 1312 1761 1385; baseline -0.003 -18"><span class='ocrx_word' id='word_1_96' title='bbox 184 1315 328 1379; x_wconf 77' lang='grc' dir='ltr'>άζων</span> <span class='ocrx_word' id='word_1_97' title='bbox 350 1315 525 1382; x_wconf 86' lang='grc' dir='ltr'>λόγον,</span> <span class='ocrx_word' id='word_1_98' title='bbox 572 1315 1010 1385; x_wconf 79' lang='grc' dir='ltr'>βδελυχθήσεται.</span> <span class='ocrx_word' id='word_1_99' title='bbox 1056 1313 1149 1366; x_wconf 83' lang='grc' dir='ltr'>Ἐκ</span> <span class='ocrx_word' id='word_1_100' title='bbox 1178 1313 1503 1380; x_wconf 80' lang='grc' dir='ltr'><strong>πολυλογίας</strong></span> <span class='ocrx_word' id='word_1_101' title='bbox 1531 1312 1640 1382; x_wconf 89' lang='grc' dir='ltr'>γὰρ</span> <span class='ocrx_word' id='word_1_102' title='bbox 1662 1312 1761 1364; x_wconf 71' lang='grc' dir='ltr'>οὐκ</span> 
     </span>
    </p>
   </div>
   <div class='ocr_carea' id='block_1_16' title="bbox 185 1403 1760 1476">
    <p class='ocr_par' dir='ltr' id='par_1_16' title="bbox 185 1403 1760 1476">
     <span class='ocr_line' id='line_1_16' title="bbox 185 1403 1760 1476; baseline -0.001 -20"><span class='ocrx_word' id='word_1_103' title='bbox 185 1404 505 1473; x_wconf 66' lang='grc' dir='ltr'>ἐκφεύξεται</span> <span class='ocrx_word' id='word_1_104' title='bbox 533 1406 828 1476; x_wconf 83' lang='grc' dir='ltr'>ἁμαρτίας,</span> <span class='ocrx_word' id='word_1_105' title='bbox 848 1404 1164 1474; x_wconf 83' lang='grc' dir='ltr'><strong>φειδόμενος</strong></span> <span class='ocrx_word' id='word_1_106' title='bbox 1187 1404 1247 1457; x_wconf 84' lang='grc' dir='ltr'>δὲ</span> <span class='ocrx_word' id='word_1_107' title='bbox 1270 1403 1514 1474; x_wconf 82' lang='grc' dir='ltr'>χειλέων,</span> <span class='ocrx_word' id='word_1_108' title='bbox 1542 1403 1760 1472; x_wconf 85' lang='grc' dir='ltr'>νοήμων</span> 
     </span>
    </p>
   </div>
   <div class='ocr_carea' id='block_1_17' title="bbox 185 1491 1761 1562">
    <p class='ocr_par' dir='ltr' id='par_1_17' title="bbox 185 1491 1761 1562">
     <span class='ocr_line' id='line_1_17' title="bbox 185 1491 1761 1562; baseline -0.001 -17"><span class='ocrx_word' id='word_1_109' title='bbox 185 1491 359 1547; x_wconf 73' lang='grc' dir='ltr'>ἔσται.</span> <span class='ocrx_word' id='word_1_110' title='bbox 397 1513 417 1546; x_wconf 85' lang='grc'>›</span> <span class='ocrx_word' id='word_1_111' title='bbox 462 1495 574 1548; x_wconf 73' lang='grc' dir='ltr'><strong>Καὶ</strong></span> <span class='ocrx_word' id='word_1_112' title='bbox 614 1496 776 1549; x_wconf 82' lang='grc' dir='ltr'>πάλιν</span> <span class='ocrx_word' id='word_1_113' title='bbox 803 1511 816 1526; x_wconf 77' lang='grc' dir='ltr'><strong>ο</strong></span> <span class='ocrx_word' id='word_1_114' title='bbox 853 1513 871 1546; x_wconf 83' lang='grc' dir='ltr'><strong>ι</strong></span> <span class='ocrx_word' id='word_1_115' title='bbox 929 1495 1053 1548; x_wconf 73' lang='grc' dir='ltr'><strong>Ἐπὶ</strong></span> <span class='ocrx_word' id='word_1_116' title='bbox 1098 1494 1257 1560; x_wconf 81' lang='grc' dir='ltr'>φίλου</span> <span class='ocrx_word' id='word_1_117' title='bbox 1298 1492 1396 1545; x_wconf 78' lang='grc' dir='ltr'>καὶ</span> <span class='ocrx_word' id='word_1_118' title='bbox 1435 1491 1631 1562; x_wconf 70' lang='grc' dir='ltr'>ἐχθροῦ</span> <span class='ocrx_word' id='word_1_119' title='bbox 1686 1492 1761 1562; x_wconf 76' lang='grc' dir='ltr'>μὴ</span> 
     </span>
    </p>
   </div>
   <div class='ocr_carea' id='block_1_18' title="bbox 1859 493 3430 570">
    <p class='ocr_par' dir='ltr' id='par_1_18' title="bbox 1859 493 3430 570">
     <span class='ocr_line' id='line_1_18' title="bbox 1859 493 3430 570; baseline -0.005 -16"><span class='ocrx_word' id='word_1_120' title='bbox 1859 514 1930 554; x_wconf 89' lang='lat' dir='ltr'><strong>ne</strong></span> <span class='ocrx_word' id='word_1_121' title='bbox 1982 502 2108 570; x_wconf 87' lang='lat' dir='ltr'><strong>quis</strong></span> <span class='ocrx_word' id='word_1_122' title='bbox 2137 500 2380 554; x_wconf 75' lang='lat' dir='ltr'><strong>resideat</strong></span> <span class='ocrx_word' id='word_1_123' title='bbox 2421 499 2573 552; x_wconf 91' lang='lat' dir='ltr'><strong>locus</strong></span> <span class='ocrx_word' id='word_1_124' title='bbox 2620 496 2799 549; x_wconf 90' lang='lat' dir='ltr'><strong>otioso</strong></span> <span class='ocrx_word' id='word_1_125' title='bbox 2832 493 3097 549; x_wconf 92' lang='lat' dir='ltr'><strong>sermoni.</strong></span> <span class='ocrx_word' id='word_1_126' title='bbox 3130 493 3234 559; x_wconf 86' lang='lat' dir='ltr'><strong>Qui</strong></span> <span class='ocrx_word' id='word_1_127' title='bbox 3280 493 3430 547; x_wconf 89' lang='lat' dir='ltr'><strong>enim</strong></span> 
     </span>
    </p>
   </div>
   <div class='ocr_carea' id='block_1_19' title="bbox 1861 583 3430 656">
    <p class='ocr_par' dir='ltr' id='par_1_19' title="bbox 1861 583 3430 656">
     <span class='ocr_line' id='line_1_19' title="bbox 1861 583 3430 656; baseline -0.003 -14"><span class='ocrx_word' id='word_1_128' title='bbox 1861 589 2022 643; x_wconf 81' lang='lat' dir='ltr'><strong>facile</strong></span> <span class='ocrx_word' id='word_1_129' title='bbox 2070 589 2205 643; x_wconf 90' lang='lat' dir='ltr'><strong>sinit</strong></span> <span class='ocrx_word' id='word_1_130' title='bbox 2243 588 2499 656; x_wconf 70' lang='lat' dir='ltr'><strong>intercipi</strong></span> <span class='ocrx_word' id='word_1_131' title='bbox 2531 602 2589 641; x_wconf 89' lang='lat' dir='ltr'><strong>se</strong></span> <span class='ocrx_word' id='word_1_132' title='bbox 2618 601 2681 641; x_wconf 88' lang='lat' dir='ltr'><strong>ac</strong></span> <span class='ocrx_word' id='word_1_133' title='bbox 2719 585 2864 639; x_wconf 87' lang='lat' dir='ltr'><strong>vinci</strong></span> <span class='ocrx_word' id='word_1_134' title='bbox 2914 601 2944 639; x_wconf 92' lang='lat' dir='ltr'><strong>a</strong></span> <span class='ocrx_word' id='word_1_135' title='bbox 2995 598 3054 638; x_wconf 90' lang='lat' dir='ltr'><strong>re</strong></span> <span class='ocrx_word' id='word_1_136' title='bbox 3094 583 3430 654; x_wconf 78' lang='lat' dir='ltr'><strong>permodica,</strong></span> 
     </span>
    </p>
   </div>
   <div class='ocr_carea' id='block_1_20' title="bbox 1861 672 3430 748">
    <p class='ocr_par' dir='ltr' id='par_1_20' title="bbox 1861 672 3430 748">
     <span class='ocr_line' id='line_1_20' title="bbox 1861 672 3430 748; baseline -0.005 -16"><span class='ocrx_word' id='word_1_137' title='bbox 1861 694 1891 732; x_wconf 90' lang='lat' dir='ltr'><strong>a</strong></span> <span class='ocrx_word' id='word_1_138' title='bbox 1921 678 2135 748; x_wconf 79' lang='lat' dir='ltr'><strong>magnis</strong></span> <span class='ocrx_word' id='word_1_139' title='bbox 2166 693 2394 733; x_wconf 89' lang='lat' dir='ltr'><strong>necesse</strong></span> <span class='ocrx_word' id='word_1_140' title='bbox 2455 677 2516 730; x_wconf 77' lang='lat' dir='ltr'><strong>fit</strong></span> <span class='ocrx_word' id='word_1_141' title='bbox 2569 676 2716 730; x_wconf 86' lang='lat' dir='ltr'><strong>hunc</strong></span> <span class='ocrx_word' id='word_1_142' title='bbox 2749 674 2804 729; x_wconf 90' lang='lat' dir='ltr'><strong>in</strong></span> <span class='ocrx_word' id='word_1_143' title='bbox 2856 675 3177 729; x_wconf 84' lang='lat' dir='ltr'><strong>servitutem</strong></span> <span class='ocrx_word' id='word_1_144' title='bbox 3232 672 3430 744; x_wconf 79' lang='lat' dir='ltr'><strong>redigi.</strong></span> 
     </span>
    </p>
   </div>
   <div class='ocr_carea' id='block_1_21' title="bbox 1861 765 3431 838">
    <p class='ocr_par' dir='ltr' id='par_1_21' title="bbox 1861 765 3431 838">
     <span class='ocr_line' id='line_1_21' title="bbox 1861 765 3431 838; baseline 0 -17"><span class='ocrx_word' id='word_1_145' title='bbox 1861 768 1965 835; x_wconf 85' lang='lat' dir='ltr'><strong>Qui</strong></span> <span class='ocrx_word' id='word_1_146' title='bbox 2005 784 2168 838; x_wconf 83' lang='lat' dir='ltr'><strong>parva</strong></span> <span class='ocrx_word' id='word_1_147' title='bbox 2206 769 2321 823; x_wconf 64' lang='lat' dir='ltr'><strong>haac</strong></span> <span class='ocrx_word' id='word_1_148' title='bbox 2370 766 2733 836; x_wconf 87' lang='lat' dir='ltr'><strong>contemptim</strong></span> <span class='ocrx_word' id='word_1_149' title='bbox 2773 765 3020 836; x_wconf 85' lang='lat' dir='ltr'><strong>negligit,</strong></span> <span class='ocrx_word' id='word_1_150' title='bbox 3043 772 3101 819; x_wconf 88' lang='lat' dir='ltr'><strong>et</strong></span> <span class='ocrx_word' id='word_1_151' title='bbox 3128 766 3238 820; x_wconf 79' lang='lat' dir='ltr'><strong>illis</strong></span> <span class='ocrx_word' id='word_1_152' title='bbox 3264 766 3431 821; x_wconf 44' lang='lat' dir='ltr'><strong>oblu‘</strong></span> 
     </span>
    </p>
   </div>
   <div class='ocr_carea' id='block_1_22' title="bbox 1863 856 3437 928">
    <p class='ocr_par' dir='ltr' id='par_1_22' title="bbox 1863 856 3437 928">
     <span class='ocr_line' id='line_1_22' title="bbox 1863 856 3437 928; baseline -0.001 -16"><span class='ocrx_word' id='word_1_153' title='bbox 1863 867 2046 912; x_wconf 86' lang='lat' dir='ltr'><strong>ctatur</strong></span> <span class='ocrx_word' id='word_1_154' title='bbox 2084 874 2206 928; x_wconf 60' lang='lat' dir='ltr'><strong>qua</strong></span> <span class='ocrx_word' id='word_1_155' title='bbox 2230 859 2436 927; x_wconf 81' lang='lat' dir='ltr'><strong>alioqui</strong></span> <span class='ocrx_word' id='word_1_156' title='bbox 2461 857 2604 926; x_wconf 89' lang='lat' dir='ltr'><strong>apud</strong></span> <span class='ocrx_word' id='word_1_157' title='bbox 2628 856 2917 911; x_wconf 85' lang='lat' dir='ltr'><strong>Dominum</strong></span> <span class='ocrx_word' id='word_1_158' title='bbox 2947 856 3126 925; x_wconf 82' lang='lat' dir='ltr'><strong>magni</strong></span> <span class='ocrx_word' id='word_1_159' title='bbox 3160 865 3292 911; x_wconf 88' lang='lat' dir='ltr'><strong>sunt</strong></span> <span class='ocrx_word' id='word_1_160' title='bbox 3319 875 3437 915; x_wconf 77' lang='lat' dir='ltr'><strong>mo-</strong></span> 
     </span>
    </p>
   </div>
   <div class='ocr_carea' id='block_1_23' title="bbox 1862 945 3438 1019">
    <p class='ocr_par' dir='ltr' id='par_1_23' title="bbox 1862 945 3438 1019">
     <span class='ocr_line' id='line_1_23' title="bbox 1862 945 3438 1019; baseline 0.002 -18"><span class='ocrx_word' id='word_1_161' title='bbox 1862 947 2061 1002; x_wconf 87' lang='lat' dir='ltr'><strong>menti.</strong></span> <span class='ocrx_word' id='word_1_162' title='bbox 2095 946 2257 1005; x_wconf 90' lang='lat' dir='ltr'><strong>Omni</strong></span> <span class='ocrx_word' id='word_1_163' title='bbox 2286 948 2456 1019; x_wconf 78' lang='lat' dir='ltr'><strong>igitur</strong></span> <span class='ocrx_word' id='word_1_164' title='bbox 2487 946 2737 1001; x_wconf 89' lang='lat' dir='ltr'><strong>custodia</strong></span> <span class='ocrx_word' id='word_1_165' title='bbox 2777 945 3201 1001; x_wconf 89' lang='lat' dir='ltr'><strong>custodiendum</strong></span> <span class='ocrx_word' id='word_1_166' title='bbox 3257 962 3352 1003; x_wconf 90' lang='lat' dir='ltr'><strong>cor</strong></span> <span class='ocrx_word' id='word_1_167' title='bbox 3379 957 3438 1004; x_wconf 89' lang='lat' dir='ltr'><strong>et</strong></span> 
     </span>
    </p>
   </div>
   <div class='ocr_carea' id='block_1_24' title="bbox 1863 1037 3444 1109">
    <p class='ocr_par' dir='ltr' id='par_1_24' title="bbox 1863 1037 3444 1109">
     <span class='ocr_line' id='line_1_24' title="bbox 1863 1037 3444 1109; baseline 0.001 -15"><span class='ocrx_word' id='word_1_168' title='bbox 1863 1055 2088 1109; x_wconf 79' lang='lat' dir='ltr'><strong>corpus,</strong></span> <span class='ocrx_word' id='word_1_169' title='bbox 2114 1048 2218 1094; x_wconf 80' lang='lat' dir='ltr'><strong>nec</strong></span> <span class='ocrx_word' id='word_1_170' title='bbox 2248 1038 2427 1093; x_wconf 83' lang='lat' dir='ltr'><strong>laxius</strong></span> <span class='ocrx_word' id='word_1_171' title='bbox 2457 1054 2622 1108; x_wconf 88' lang='lat' dir='ltr'><strong>quam</strong></span> <span class='ocrx_word' id='word_1_172' title='bbox 2647 1038 2807 1093; x_wconf 87' lang='lat' dir='ltr'><strong>decet</strong></span> <span class='ocrx_word' id='word_1_173' title='bbox 2848 1037 3147 1107; x_wconf 84' lang='lat' dir='ltr'><strong>perfectos,</strong></span> <span class='ocrx_word' id='word_1_174' title='bbox 3200 1038 3444 1109; x_wconf 84' lang='lat' dir='ltr'><strong>loquen-</strong></span> 
     </span>
    </p>
   </div>
   <div class='ocr_carea' id='block_1_25' title="bbox 1866 1128 3443 1199">
    <p class='ocr_par' dir='ltr' id='par_1_25' title="bbox 1866 1128 3443 1199">
     <span class='ocr_line' id='line_1_25' title="bbox 1866 1128 3443 1199; baseline 0.001 -14"><span class='ocrx_word' id='word_1_175' title='bbox 1866 1134 2022 1196; x_wconf 90' lang='lat' dir='ltr'><strong>dum,</strong></span> <span class='ocrx_word' id='word_1_176' title='bbox 2062 1131 2229 1185; x_wconf 91' lang='lat' dir='ltr'><strong>nobis</strong></span> <span class='ocrx_word' id='word_1_177' title='bbox 2261 1131 2498 1184; x_wconf 79' lang='lat' dir='ltr'><strong>maxime</strong></span> <span class='ocrx_word' id='word_1_178' title='bbox 2537 1130 2632 1199; x_wconf 87' lang='lat' dir='ltr'><strong>qui</strong></span> <span class='ocrx_word' id='word_1_179' title='bbox 2659 1129 2851 1183; x_wconf 88' lang='lat' dir='ltr'><strong>mundi</strong></span> <span class='ocrx_word' id='word_1_180' title='bbox 2898 1128 3156 1184; x_wconf 85' lang='lat' dir='ltr'><strong>homines</strong></span> <span class='ocrx_word' id='word_1_181' title='bbox 3184 1129 3443 1186; x_wconf 77' lang='lat' dir='ltr'><strong>videmur</strong></span> 
     </span>
    </p>
   </div>
   <div class='ocr_carea' id='block_1_26' title="bbox 1862 1219 3441 1288">
    <p class='ocr_par' dir='ltr' id='par_1_26' title="bbox 1862 1219 3441 1288">
     <span class='ocr_line' id='line_1_26' title="bbox 1862 1219 3441 1288; baseline 0.001 -12"><span class='ocrx_word' id='word_1_182' title='bbox 1862 1222 2115 1286; x_wconf 86' lang='lat' dir='ltr'><strong>erudire,</strong></span> <span class='ocrx_word' id='word_1_183' title='bbox 2163 1237 2231 1275; x_wconf 88' lang='lat' dir='ltr'><strong>ac</strong></span> <span class='ocrx_word' id='word_1_184' title='bbox 2264 1223 2368 1275; x_wconf 68' lang='lat' dir='ltr'><strong>viae</strong></span> <span class='ocrx_word' id='word_1_185' title='bbox 2408 1220 2676 1275; x_wconf 89' lang='lat' dir='ltr'><strong>salutaris</strong></span> <span class='ocrx_word' id='word_1_186' title='bbox 2712 1234 2833 1275; x_wconf 82' lang='lat' dir='ltr'><strong>esse</strong></span> <span class='ocrx_word' id='word_1_187' title='bbox 2863 1219 2972 1273; x_wconf 89' lang='lat' dir='ltr'><strong>illis</strong></span> <span class='ocrx_word' id='word_1_188' title='bbox 3015 1219 3322 1288; x_wconf 68' lang='lat' dir='ltr'><strong>praeduces,</strong></span> <span class='ocrx_word' id='word_1_189' title='bbox 3368 1235 3441 1278; x_wconf 80' lang='lat' dir='ltr'><strong>ne</strong></span> 
     </span>
    </p>
   </div>
   <div class='ocr_carea' id='block_1_27' title="bbox 1864 1306 3437 1378">
    <p class='ocr_par' dir='ltr' id='par_1_27' title="bbox 1864 1306 3437 1378">
     <span class='ocr_line' id='line_1_27' title="bbox 1864 1306 3437 1378; baseline 0.003 -17"><span class='ocrx_word' id='word_1_190' title='bbox 1864 1306 2090 1377; x_wconf 83' lang='lat' dir='ltr'><strong>quando</strong></span> <span class='ocrx_word' id='word_1_191' title='bbox 2130 1308 2417 1378; x_wconf 76' lang='lat' dir='ltr'><strong>contingat</strong></span> <span class='ocrx_word' id='word_1_192' title='bbox 2449 1308 2643 1362; x_wconf 89' lang='lat' dir='ltr'><strong>audire</strong></span> <span class='ocrx_word' id='word_1_193' title='bbox 2664 1322 2766 1362; x_wconf 91' lang='lat' dir='ltr'><strong>nos</strong></span> <span class='ocrx_word' id='word_1_194' title='bbox 2793 1325 2807 1360; x_wconf 89' lang='lat'><strong>:</strong></span> <span class='ocrx_word' id='word_1_195' title='bbox 2849 1327 2867 1359; x_wconf 79' lang='grc' dir='ltr'><strong>ι</strong></span> <span class='ocrx_word' id='word_1_196' title='bbox 2893 1307 2999 1373; x_wconf 93' lang='lat' dir='ltr'><strong>Qui</strong></span> <span class='ocrx_word' id='word_1_197' title='bbox 3039 1308 3210 1362; x_wconf 91' lang='lat' dir='ltr'><strong>alium</strong></span> <span class='ocrx_word' id='word_1_198' title='bbox 3242 1309 3437 1375; x_wconf 86' lang='lat' dir='ltr'><strong>doces,</strong></span> 
     </span>
    </p>
   </div>
   <div class='ocr_carea' id='block_1_28' title="bbox 1874 1396 3444 1470">
    <p class='ocr_par' dir='ltr' id='par_1_28' title="bbox 1874 1396 3444 1470">
     <span class='ocr_line' id='line_1_28' title="bbox 1874 1396 3444 1470; baseline 0.004 -17"><span class='ocrx_word' id='word_1_199' title='bbox 1874 1396 2108 1466; x_wconf 83' lang='lat' dir='ltr'><strong>teipsum</strong></span> <span class='ocrx_word' id='word_1_200' title='bbox 2139 1412 2252 1453; x_wconf 84' lang='lat' dir='ltr'><strong>non</strong></span> <span class='ocrx_word' id='word_1_201' title='bbox 2293 1399 2462 1453; x_wconf 90' lang='lat' dir='ltr'><strong>doces</strong></span> <span class='ocrx_word' id='word_1_202' title='bbox 2488 1399 2532 1429; x_wconf 84' lang='lat'><strong>&quot;‘</strong></span> <span class='ocrx_word' id='word_1_203' title='bbox 2556 1398 2580 1452; x_wconf 72' lang='grc' dir='ltr'><strong><em>Ἰ</em></strong></span> <span class='ocrx_word' id='word_1_204' title='bbox 2602 1417 2620 1448; x_wconf 77' lang='grc' dir='ltr'><strong>ι</strong></span> <span class='ocrx_word' id='word_1_205' title='bbox 2650 1398 3002 1454; x_wconf 87' lang='lat' dir='ltr'><strong>Temeritatis</strong></span> <span class='ocrx_word' id='word_1_206' title='bbox 3024 1402 3186 1470; x_wconf 85' lang='lat' dir='ltr'><strong>plane</strong></span> <span class='ocrx_word' id='word_1_207' title='bbox 3211 1404 3444 1459; x_wconf 78' lang='lat' dir='ltr'><strong>evidens</strong></span> 
     </span>
    </p>
   </div>
   <div class='ocr_carea' id='block_1_29' title="bbox 1865 1490 3440 1560">
    <p class='ocr_par' dir='ltr' id='par_1_29' title="bbox 1865 1490 3440 1560">
     <span class='ocr_line' id='line_1_29' title="bbox 1865 1490 3440 1560; baseline 0.003 -17"><span class='ocrx_word' id='word_1_208' title='bbox 1865 1498 1951 1544; x_wconf 88' lang='lat' dir='ltr'><strong>est</strong></span> <span class='ocrx_word' id='word_1_209' title='bbox 1988 1498 2380 1560; x_wconf 81' lang='lat' dir='ltr'><strong>argumentum</strong></span> <span class='ocrx_word' id='word_1_210' title='bbox 2408 1490 2489 1546; x_wconf 91' lang='lat' dir='ltr'><strong>sic</strong></span> <span class='ocrx_word' id='word_1_211' title='bbox 2511 1491 2690 1545; x_wconf 90' lang='lat' dir='ltr'><strong>otiose</strong></span> <span class='ocrx_word' id='word_1_212' title='bbox 2724 1490 2893 1546; x_wconf 84' lang='lat' dir='ltr'><strong>verba</strong></span> <span class='ocrx_word' id='word_1_213' title='bbox 2914 1491 3205 1548; x_wconf 88' lang='lat' dir='ltr'><strong>effundere</strong></span> <span class='ocrx_word' id='word_1_214' title='bbox 3251 1502 3308 1547; x_wconf 90' lang='lat' dir='ltr'><strong>et</strong></span> <span class='ocrx_word' id='word_1_215' title='bbox 3331 1509 3440 1548; x_wconf 87' lang='lat' dir='ltr'><strong>nu-</strong></span> 
     </span>
    </p>
   </div>
   <div class='ocr_carea' id='block_1_30' title="bbox 185 1580 1769 1653">
    <p class='ocr_par' dir='ltr' id='par_1_30' title="bbox 185 1580 1761 1653">
     <span class='ocr_line' id='line_1_30' title="bbox 185 1580 1761 1653; baseline -0.001 -19"><span class='ocrx_word' id='word_1_216' title='bbox 185 1580 375 1652; x_wconf 77' lang='grc' dir='ltr'>διηγοῦ</span> <span class='ocrx_word' id='word_1_217' title='bbox 411 1581 560 1652; x_wconf 85' lang='grc' dir='ltr'>βίους</span> <span class='ocrx_word' id='word_1_218' title='bbox 602 1582 940 1653; x_wconf 78' lang='grc' dir='ltr'>ἀλλοτρίους.</span> <span class='ocrx_word' id='word_1_219' title='bbox 978 1600 997 1632; x_wconf 80' lang='grc' dir='ltr'><strong>ι</strong></span> <span class='ocrx_word' id='word_1_220' title='bbox 1042 1581 1153 1635; x_wconf 86' lang='grc' dir='ltr'>Καί</span> <span class='ocrx_word' id='word_1_221' title='bbox 1179 1596 1194 1611; x_wconf 76' lang='grc' dir='ltr'><strong>ο</strong></span> <span class='ocrx_word' id='word_1_222' title='bbox 1237 1601 1256 1632; x_wconf 75' lang='grc' dir='ltr'><strong>ι</strong></span> <span class='ocrx_word' id='word_1_223' title='bbox 1294 1581 1356 1633; x_wconf 75' lang='lat' dir='ltr'><strong>Et</strong></span> <span class='ocrx_word' id='word_1_224' title='bbox 1399 1580 1474 1650; x_wconf 79' lang='grc' dir='ltr'>μὴ</span> <span class='ocrx_word' id='word_1_225' title='bbox 1500 1580 1648 1633; x_wconf 80' lang='grc' dir='ltr'>ἔστιν</span> <span class='ocrx_word' id='word_1_226' title='bbox 1681 1596 1761 1632; x_wconf 88' lang='grc' dir='ltr'><strong>σοι</strong></span> 
     </span>
    </p>
   </div>
   <div class='ocr_carea' id='block_1_31' title="bbox 1878 1580 3438 1653">
    <p class='ocr_par' dir='ltr' id='par_1_31' title="bbox 1878 1580 3438 1653">
     <span class='ocr_line' id='line_1_31' title="bbox 1878 1580 3438 1653; baseline 0.006 -22"><span class='ocrx_word' id='word_1_227' title='bbox 1878 1580 2007 1649; x_wconf 69' lang='lat' dir='ltr'><strong>gari,</strong></span> <span class='ocrx_word' id='word_1_228' title='bbox 2032 1580 2500 1649; x_wconf 78' lang='lat' dir='ltr'><strong>quemadmodum</strong></span> <span class='ocrx_word' id='word_1_229' title='bbox 2524 1591 2581 1637; x_wconf 90' lang='lat' dir='ltr'><strong>et</strong></span> <span class='ocrx_word' id='word_1_230' title='bbox 2609 1582 2663 1636; x_wconf 88' lang='lat' dir='ltr'><strong>in</strong></span> <span class='ocrx_word' id='word_1_231' title='bbox 2686 1582 3010 1637; x_wconf 86' lang='lat' dir='ltr'><strong>Proverbiis</strong></span> <span class='ocrx_word' id='word_1_232' title='bbox 3024 1584 3294 1653; x_wconf 80' lang='lat' dir='ltr'><strong>scriptum</strong></span> <span class='ocrx_word' id='word_1_233' title='bbox 3325 1593 3438 1640; x_wconf 89' lang='lat' dir='ltr'><strong>est:</strong></span> 
     </span>
    </p>
   </div>
   <div class='ocr_carea' id='block_1_32' title="bbox 189 1667 1769 1742">
    <p class='ocr_par' dir='ltr' id='par_1_32' title="bbox 189 1668 1762 1742">
     <span class='ocr_line' id='line_1_32' title="bbox 189 1668 1762 1742; baseline -0.003 -18"><span class='ocrx_word' id='word_1_234' title='bbox 189 1671 472 1740; x_wconf 82' lang='grc' dir='ltr'>ἁμαρτία,</span> <span class='ocrx_word' id='word_1_235' title='bbox 528 1671 601 1742; x_wconf 82' lang='grc' dir='ltr'><strong>μὴ</strong></span> <span class='ocrx_word' id='word_1_236' title='bbox 648 1670 1028 1725; x_wconf 82' lang='grc' dir='ltr'>ἀποκάλυπτε.</span> <span class='ocrx_word' id='word_1_237' title='bbox 1085 1688 1104 1721; x_wconf 76' lang='grc' dir='ltr'><strong>ι</strong></span> <span class='ocrx_word' id='word_1_238' title='bbox 1140 1669 1304 1736; x_wconf 85' lang='grc' dir='ltr'>Λέγει</span> <span class='ocrx_word' id='word_1_239' title='bbox 1356 1669 1413 1721; x_wconf 83' lang='grc' dir='ltr'>δὲ</span> <span class='ocrx_word' id='word_1_240' title='bbox 1445 1670 1541 1722; x_wconf 74' lang='grc' dir='ltr'>καὶ</span> <span class='ocrx_word' id='word_1_241' title='bbox 1574 1671 1602 1720; x_wconf 91' lang='lat'><strong>6</strong></span> <span class='ocrx_word' id='word_1_242' title='bbox 1642 1668 1762 1721; x_wconf 84' lang='grc' dir='ltr'><strong>Ἰὼϐ</strong></span> 
     </span>
    </p>
   </div>
   <div class='ocr_carea' id='block_1_33' title="bbox 1878 1667 3443 1742">
    <p class='ocr_par' dir='ltr' id='par_1_33' title="bbox 1878 1667 3443 1741">
     <span class='ocr_line' id='line_1_33' title="bbox 1878 1667 3443 1741; baseline 0.006 -22"><span class='ocrx_word' id='word_1_243' title='bbox 1878 1686 1893 1719; x_wconf 87' lang='grc' dir='ltr'><strong>ι</strong></span> <span class='ocrx_word' id='word_1_244' title='bbox 1925 1667 2051 1732; x_wconf 87' lang='lat' dir='ltr'><strong>Fili,</strong></span> <span class='ocrx_word' id='word_1_245' title='bbox 2076 1683 2145 1723; x_wconf 91' lang='lat' dir='ltr'><strong>ne</strong></span> <span class='ocrx_word' id='word_1_246' title='bbox 2175 1670 2462 1724; x_wconf 81' lang='lat' dir='ltr'><strong>aemuleris</strong></span> <span class='ocrx_word' id='word_1_247' title='bbox 2491 1670 2640 1724; x_wconf 90' lang='lat' dir='ltr'><strong>viros</strong></span> <span class='ocrx_word' id='word_1_248' title='bbox 2676 1671 2870 1734; x_wconf 88' lang='lat' dir='ltr'><strong>malos,</strong></span> <span class='ocrx_word' id='word_1_249' title='bbox 2900 1686 3038 1728; x_wconf 84' lang='lat' dir='ltr'><strong>neve</strong></span> <span class='ocrx_word' id='word_1_250' title='bbox 3077 1674 3443 1741; x_wconf 78' lang='lat' dir='ltr'><strong>concupiscas</strong></span> 
     </span>
    </p>
   </div>
   <div class='ocr_carea' id='block_1_34' title="bbox 186 1758 1769 1841">
    <p class='ocr_par' dir='ltr' id='par_1_34' title="bbox 186 1758 1769 1830">
     <span class='ocr_line' id='line_1_34' title="bbox 186 1758 1769 1830; baseline 0 -19"><span class='ocrx_word' id='word_1_251' title='bbox 186 1762 299 1821; x_wconf 81' lang='grc' dir='ltr'>τοῖς</span> <span class='ocrx_word' id='word_1_252' title='bbox 361 1759 535 1828; x_wconf 79' lang='grc' dir='ltr'>φίλοις</span> <span class='ocrx_word' id='word_1_253' title='bbox 582 1758 749 1812; x_wconf 82' lang='grc' dir='ltr'>αὑτοῦ</span> <span class='ocrx_word' id='word_1_254' title='bbox 785 1775 798 1789; x_wconf 89' lang='grc'><strong>·</strong></span> <span class='ocrx_word' id='word_1_255' title='bbox 859 1779 878 1810; x_wconf 79' lang='grc' dir='ltr'><strong>ι</strong></span> <span class='ocrx_word' id='word_1_256' title='bbox 938 1760 1038 1830; x_wconf 82' lang='grc' dir='ltr'><strong>Εἵη</strong></span> <span class='ocrx_word' id='word_1_257' title='bbox 1065 1758 1123 1811; x_wconf 82' lang='grc' dir='ltr'>δὲ</span> <span class='ocrx_word' id='word_1_258' title='bbox 1158 1758 1286 1827; x_wconf 84' lang='grc' dir='ltr'>ὑμῖν</span> <span class='ocrx_word' id='word_1_259' title='bbox 1317 1758 1599 1825; x_wconf 79' lang='grc' dir='ltr'>κωφεῦσαι</span> <span class='ocrx_word' id='word_1_260' title='bbox 1628 1796 1643 1819; x_wconf 89' lang='grc'><strong>,</strong></span> <span class='ocrx_word' id='word_1_261' title='bbox 1678 1759 1769 1811; x_wconf 78' lang='grc' dir='ltr'>καὶ</span> 
     </span>
    </p>
   </div>
   <div class='ocr_carea' id='block_1_35' title="bbox 1878 1758 3443 1841">
    <p class='ocr_par' dir='ltr' id='par_1_35' title="bbox 1878 1758 3443 1841">
     <span class='ocr_line' id='line_1_35' title="bbox 1878 1758 3443 1841; baseline 0.003 -29"><span class='ocrx_word' id='word_1_262' title='bbox 1878 1772 1997 1812; x_wconf 86' lang='lat' dir='ltr'><strong>esse</strong></span> <span class='ocrx_word' id='word_1_263' title='bbox 2021 1773 2147 1841; x_wconf 82' lang='lat' dir='ltr'><strong>cum</strong></span> <span class='ocrx_word' id='word_1_264' title='bbox 2173 1758 2264 1813; x_wconf 84' lang='lat' dir='ltr'><strong>eis</strong></span> <span class='ocrx_word' id='word_1_265' title='bbox 2290 1759 2356 1812; x_wconf 79' lang='grc'><strong>⁷³.</strong></span> <span class='ocrx_word' id='word_1_266' title='bbox 2385 1778 2405 1810; x_wconf 74' lang='grc' dir='ltr'><strong>ι</strong></span> <span class='ocrx_word' id='word_1_267' title='bbox 2437 1759 2506 1813; x_wconf 84' lang='grc' dir='ltr'>Ει</span> <span class='ocrx_word' id='word_1_268' title='bbox 2530 1759 2781 1813; x_wconf 86' lang='lat' dir='ltr'><strong>inducit:</strong></span> <span class='ocrx_word' id='word_1_269' title='bbox 2815 1779 2834 1810; x_wconf 72' lang='grc' dir='ltr'><strong>ι</strong></span> <span class='ocrx_word' id='word_1_270' title='bbox 2867 1759 2941 1814; x_wconf 91' lang='lat' dir='ltr'><strong>Os</strong></span> <span class='ocrx_word' id='word_1_271' title='bbox 2962 1762 3109 1830; x_wconf 92' lang='lat' dir='ltr'><strong>quod</strong></span> <span class='ocrx_word' id='word_1_272' title='bbox 3133 1778 3241 1816; x_wconf 90' lang='lat' dir='ltr'><strong>non</strong></span> <span class='ocrx_word' id='word_1_273' title='bbox 3278 1763 3443 1817; x_wconf 85' lang='lat' dir='ltr'><strong>habet</strong></span> 
     </span>
    </p>
   </div>
   <div class='ocr_carea' id='block_1_36' title="bbox 190 1848 1769 1921">
    <p class='ocr_par' dir='ltr' id='par_1_36' title="bbox 190 1849 1769 1921">
     <span class='ocr_line' id='line_1_36' title="bbox 190 1849 1769 1921; baseline 0.001 -20"><span class='ocrx_word' id='word_1_274' title='bbox 190 1850 527 1918; x_wconf 67' lang='grc' dir='ltr'>ἀποϐήσεται</span> <span class='ocrx_word' id='word_1_275' title='bbox 562 1851 692 1919; x_wconf 76' lang='grc' dir='ltr'>ὑμῖν</span> <span class='ocrx_word' id='word_1_276' title='bbox 720 1849 904 1917; x_wconf 80' lang='grc' dir='ltr'>σοφία.</span> <span class='ocrx_word' id='word_1_277' title='bbox 945 1869 965 1902; x_wconf 69' lang='grc' dir='ltr'><strong>ι</strong></span> <span class='ocrx_word' id='word_1_278' title='bbox 1000 1852 1107 1902; x_wconf 78' lang='lat' dir='ltr'><strong>Kal.</strong></span> <span class='ocrx_word' id='word_1_279' title='bbox 1154 1849 1378 1920; x_wconf 74' lang='grc' dir='ltr'>ἕτεροςο</span> <span class='ocrx_word' id='word_1_280' title='bbox 1422 1868 1442 1901; x_wconf 84' lang='grc' dir='ltr'><strong>ι</strong></span> <span class='ocrx_word' id='word_1_281' title='bbox 1483 1850 1769 1921; x_wconf 85' lang='grc' dir='ltr'><strong>Μακάριος</strong></span> 
     </span>
    </p>
   </div>
   <div class='ocr_carea' id='block_1_37' title="bbox 1878 1848 3443 1921">
    <p class='ocr_par' dir='ltr' id='par_1_37' title="bbox 1878 1848 3443 1917">
     <span class='ocr_line' id='line_1_37' title="bbox 1878 1848 3443 1917; baseline 0.003 -14"><span class='ocrx_word' id='word_1_282' title='bbox 1878 1848 2217 1917; x_wconf 69' lang='grc' dir='ltr'>οριιτουΙυιιι,</span> <span class='ocrx_word' id='word_1_283' title='bbox 2253 1849 2400 1917; x_wconf 84' lang='lat' dir='ltr'><strong>parit</strong></span> <span class='ocrx_word' id='word_1_284' title='bbox 2425 1848 2730 1903; x_wconf 84' lang='lat' dir='ltr'><strong>seditiones</strong></span> <span class='ocrx_word' id='word_1_285' title='bbox 2753 1849 2857 1902; x_wconf 60' lang='grc' dir='ltr'><strong>τι.»</strong></span> <span class='ocrx_word' id='word_1_286' title='bbox 2882 1851 2976 1904; x_wconf 90' lang='lat' dir='ltr'><strong>Et:</strong></span> <span class='ocrx_word' id='word_1_287' title='bbox 3012 1869 3030 1901; x_wconf 78' lang='grc' dir='ltr'><strong>ι</strong></span> <span class='ocrx_word' id='word_1_288' title='bbox 3063 1851 3276 1907; x_wconf 87' lang='lat' dir='ltr'><strong>Stultus</strong></span> <span class='ocrx_word' id='word_1_289' title='bbox 3296 1853 3443 1907; x_wconf 66' lang='lat' dir='ltr'><strong>mulo</strong></span> 
     </span>
    </p>
   </div>
   <div class='ocr_carea' id='block_1_38' title="bbox 189 1930 1769 2011">
    <p class='ocr_par' dir='ltr' id='par_1_38' title="bbox 189 1940 1769 2011">
     <span class='ocr_line' id='line_1_38' title="bbox 189 1940 1769 2011; baseline 0.002 -19"><span class='ocrx_word' id='word_1_290' title='bbox 189 1940 350 2011; x_wconf 75' lang='grc' dir='ltr'>ἀνὴρ,</span> <span class='ocrx_word' id='word_1_291' title='bbox 380 1942 436 2004; x_wconf 75' lang='grc' dir='ltr'>ὃς</span> <span class='ocrx_word' id='word_1_292' title='bbox 465 1941 565 1993; x_wconf 75' lang='grc' dir='ltr'>οὐκ</span> <span class='ocrx_word' id='word_1_293' title='bbox 594 1940 897 2009; x_wconf 84' lang='grc' dir='ltr'>ὡλίσθησεν</span> <span class='ocrx_word' id='word_1_294' title='bbox 926 1942 985 1993; x_wconf 86' lang='grc' dir='ltr'>ὲν</span> <span class='ocrx_word' id='word_1_295' title='bbox 1013 1940 1092 2009; x_wconf 79' lang='grc' dir='ltr'><strong>τῷ</strong></span> <span class='ocrx_word' id='word_1_296' title='bbox 1123 1941 1351 2011; x_wconf 85' lang='grc' dir='ltr'>στόματι</span> <span class='ocrx_word' id='word_1_297' title='bbox 1388 1941 1575 1996; x_wconf 80' lang='grc' dir='ltr'>αὑτοῦ.</span> <span class='ocrx_word' id='word_1_298' title='bbox 1613 1963 1630 1993; x_wconf 74' lang='grc' dir='ltr'><strong>ι</strong></span> <span class='ocrx_word' id='word_1_299' title='bbox 1662 1943 1769 1995; x_wconf 75' lang='grc' dir='ltr'><strong>Καὶ</strong></span> 
     </span>
    </p>
   </div>
   <div class='ocr_carea' id='block_1_39' title="bbox 1878 1930 3535 2011">
    <p class='ocr_par' dir='ltr' id='par_1_39' title="bbox 1878 1930 3535 2008">
     <span class='ocr_line' id='line_1_39' title="bbox 1878 1930 3535 2008; baseline 0.003 -16"><span class='ocrx_word' id='word_1_300' title='bbox 1878 1940 2090 2008; x_wconf 87' lang='lat' dir='ltr'><strong>tiplicat</strong></span> <span class='ocrx_word' id='word_1_301' title='bbox 2125 1939 2295 1992; x_wconf 87' lang='lat' dir='ltr'><strong>verba</strong></span> <span class='ocrx_word' id='word_1_302' title='bbox 2326 1940 2372 1971; x_wconf 83' lang='lat'><em>&quot;</em></span> <span class='ocrx_word' id='word_1_303' title='bbox 2401 1956 2415 2003; x_wconf 84' lang='lat'>;</span> <span class='ocrx_word' id='word_1_304' title='bbox 2443 1940 2537 2008; x_wconf 91' lang='lat' dir='ltr'><strong>qui</strong></span> <span class='ocrx_word' id='word_1_305' title='bbox 2561 1938 2807 1992; x_wconf 83' lang='lat' dir='ltr'><strong>abundat</strong></span> <span class='ocrx_word' id='word_1_306' title='bbox 2833 1954 3111 2003; x_wconf 87' lang='lat' dir='ltr'><strong>sermone,</strong></span> <span class='ocrx_word' id='word_1_307' title='bbox 3154 1941 3442 1997; x_wconf 87' lang='lat' dir='ltr'><strong>abomina-</strong></span> <span class='ocrx_word' id='word_1_308' title='bbox 3525 1930 3535 1943; x_wconf 73' lang='grc'><em>’</em></span> 
     </span>
    </p>
   </div>
   <div class='ocr_carea' id='block_1_40' title="bbox 190 2027 1771 2101">
    <p class='ocr_par' dir='ltr' id='par_1_40' title="bbox 190 2027 1771 2101">
     <span class='ocr_line' id='line_1_40' title="bbox 190 2027 1771 2101; baseline 0.003 -23"><span class='ocrx_word' id='word_1_309' title='bbox 190 2028 379 2090; x_wconf 84' lang='grc' dir='ltr'>πάλιν,</span> <span class='ocrx_word' id='word_1_310' title='bbox 412 2044 431 2076; x_wconf 77' lang='grc' dir='ltr'><strong>ι</strong></span> <span class='ocrx_word' id='word_1_311' title='bbox 482 2027 541 2080; x_wconf 82' lang='lat'><strong>&#39;0</strong></span> <span class='ocrx_word' id='word_1_312' title='bbox 585 2028 1050 2099; x_wconf 75' lang='grc' dir='ltr'><strong>ἐγκρατευόμενος</strong></span> <span class='ocrx_word' id='word_1_313' title='bbox 1081 2029 1299 2100; x_wconf 84' lang='grc' dir='ltr'>γλώσσῃ</span> <span class='ocrx_word' id='word_1_314' title='bbox 1339 2030 1548 2101; x_wconf 78' lang='grc' dir='ltr'>ἄμαχος</span> <span class='ocrx_word' id='word_1_315' title='bbox 1580 2029 1771 2100; x_wconf 83' lang='grc' dir='ltr'>βιώσε-</span> 
     </span>
    </p>
   </div>
   <div class='ocr_carea' id='block_1_41' title="bbox 191 2119 1774 2189">
    <p class='ocr_par' dir='ltr' id='par_1_41' title="bbox 191 2119 1774 2189">
     <span class='ocr_line' id='line_1_41' title="bbox 191 2119 1774 2189; baseline 0.002 -17"><span class='ocrx_word' id='word_1_316' title='bbox 191 2132 317 2172; x_wconf 82' lang='grc' dir='ltr'>ται’</span> <span class='ocrx_word' id='word_1_317' title='bbox 349 2119 463 2180; x_wconf 75' lang='grc' dir='ltr'>καὶ,</span> <span class='ocrx_word' id='word_1_318' title='bbox 493 2120 521 2171; x_wconf 85' lang='grc' dir='ltr'>ὁ</span> <span class='ocrx_word' id='word_1_319' title='bbox 551 2119 725 2189; x_wconf 79' lang='grc' dir='ltr'>μισῶν</span> <span class='ocrx_word' id='word_1_320' title='bbox 756 2119 971 2186; x_wconf 84' lang='grc' dir='ltr'>λαλιὰν,</span> <span class='ocrx_word' id='word_1_321' title='bbox 1015 2120 1335 2174; x_wconf 69' lang='grc' dir='ltr'>ἐλαττοῦται</span> <span class='ocrx_word' id='word_1_322' title='bbox 1384 2122 1603 2176; x_wconf 80' lang='grc' dir='ltr'>κακίαν.</span> <span class='ocrx_word' id='word_1_323' title='bbox 1634 2141 1655 2176; x_wconf 71' lang='grc' dir='ltr'><strong>ι</strong></span> <span class='ocrx_word' id='word_1_324' title='bbox 1688 2126 1774 2175; x_wconf 79' lang='lat' dir='ltr'><strong>At-</strong></span> 
     </span>
    </p>
   </div>
   <div class='ocr_carea' id='block_1_42' title="bbox 192 2206 1769 2281">
    <p class='ocr_par' dir='ltr' id='par_1_42' title="bbox 192 2206 1769 2280">
     <span class='ocr_line' id='line_1_42' title="bbox 192 2206 1769 2280; baseline 0.003 -21"><span class='ocrx_word' id='word_1_325' title='bbox 192 2206 450 2276; x_wconf 85' lang='grc' dir='ltr'>αγορεύει</span> <span class='ocrx_word' id='word_1_326' title='bbox 482 2207 537 2260; x_wconf 81' lang='grc' dir='ltr'>δὲ</span> <span class='ocrx_word' id='word_1_327' title='bbox 561 2208 653 2260; x_wconf 80' lang='grc' dir='ltr'>καὶ</span> <span class='ocrx_word' id='word_1_328' title='bbox 684 2209 712 2260; x_wconf 89' lang='lat'><strong>6</strong></span> <span class='ocrx_word' id='word_1_329' title='bbox 756 2208 1206 2278; x_wconf 84' lang='grc' dir='ltr'>Εκκλησιαστής·</span> <span class='ocrx_word' id='word_1_330' title='bbox 1239 2226 1258 2260; x_wconf 74' lang='grc' dir='ltr'><strong>ι</strong></span> <span class='ocrx_word' id='word_1_331' title='bbox 1301 2209 1464 2277; x_wconf 85' lang='grc' dir='ltr'>Λόγοι</span> <span class='ocrx_word' id='word_1_332' title='bbox 1509 2211 1769 2280; x_wconf 83' lang='grc' dir='ltr'>στόματος</span> 
     </span>
    </p>
   </div>
   <div class='ocr_carea' id='block_1_43' title="bbox 1878 2206 3446 2281">
    <p class='ocr_par' dir='ltr' id='par_1_43' title="bbox 1880 2211 3446 2281">
     <span class='ocr_line' id='line_1_43' title="bbox 1880 2211 3446 2281; baseline 0.004 -18"><span class='ocrx_word' id='word_1_333' title='bbox 1880 2230 1899 2263; x_wconf 75' lang='grc' dir='ltr'><strong>ι</strong></span> <span class='ocrx_word' id='word_1_334' title='bbox 1933 2212 2092 2281; x_wconf 86' lang='lat' dir='ltr'><strong>Apud</strong></span> <span class='ocrx_word' id='word_1_335' title='bbox 2122 2213 2360 2267; x_wconf 89' lang='lat' dir='ltr'><strong>amicum</strong></span> <span class='ocrx_word' id='word_1_336' title='bbox 2384 2220 2441 2266; x_wconf 85' lang='lat' dir='ltr'><strong>et</strong></span> <span class='ocrx_word' id='word_1_337' title='bbox 2465 2211 2747 2276; x_wconf 81' lang='lat' dir='ltr'><strong>inimicum</strong></span> <span class='ocrx_word' id='word_1_338' title='bbox 2779 2226 2847 2267; x_wconf 88' lang='lat' dir='ltr'><strong>ne</strong></span> <span class='ocrx_word' id='word_1_339' title='bbox 2870 2216 3105 2266; x_wconf 81' lang='lat' dir='ltr'><strong>enarres</strong></span> <span class='ocrx_word' id='word_1_340' title='bbox 3121 2213 3288 2267; x_wconf 89' lang='lat' dir='ltr'><strong>vitam</strong></span> <span class='ocrx_word' id='word_1_341' title='bbox 3313 2214 3446 2270; x_wconf 83' lang='lat' dir='ltr'><strong>alie-</strong></span> 
     </span>
    </p>
   </div>
   <div class='ocr_carea' id='block_1_44' title="bbox 196 2296 1769 2379">
    <p class='ocr_par' dir='ltr' id='par_1_44' title="bbox 196 2296 1769 2379">
     <span class='ocr_line' id='line_1_44' title="bbox 196 2296 1769 2379; baseline 0.002 -31"><span class='ocrx_word' id='word_1_342' title='bbox 196 2296 364 2364; x_wconf 76' lang='grc' dir='ltr'>σρφοῦ</span> <span class='ocrx_word' id='word_1_343' title='bbox 393 2338 407 2361; x_wconf 90' lang='grc'><strong>,</strong></span> <span class='ocrx_word' id='word_1_344' title='bbox 437 2296 597 2367; x_wconf 82' lang='grc' dir='ltr'>χάρις</span> <span class='ocrx_word' id='word_1_345' title='bbox 619 2311 631 2325; x_wconf 84' lang='grc'><em>’</em></span> <span class='ocrx_word' id='word_1_346' title='bbox 689 2296 783 2349; x_wconf 77' lang='grc' dir='ltr'>καὶ</span> <span class='ocrx_word' id='word_1_347' title='bbox 815 2297 967 2367; x_wconf 83' lang='grc' dir='ltr'>χείλη</span> <span class='ocrx_word' id='word_1_348' title='bbox 1011 2297 1247 2379; x_wconf 64' lang='grc' dir='ltr'>ἄφρονος</span> <span class='ocrx_word' id='word_1_349' title='bbox 1291 2298 1769 2371; x_wconf 71' lang='grc' dir='ltr'>καταποντςσουοιν</span> 
     </span>
    </p>
   </div>
   <div class='ocr_carea' id='block_1_45' title="bbox 1878 2296 3444 2379">
    <p class='ocr_par' dir='ltr' id='par_1_45' title="bbox 1878 2301 3444 2373">
     <span class='ocr_line' id='line_1_45' title="bbox 1878 2301 3444 2373; baseline 0 -16"><span class='ocrx_word' id='word_1_350' title='bbox 1878 2318 2006 2357; x_wconf 89' lang='lat' dir='ltr'><strong>nam</strong></span> <span class='ocrx_word' id='word_1_351' title='bbox 2039 2303 2106 2357; x_wconf 80' lang='grc'><strong>⁷⁸.</strong></span> <span class='ocrx_word' id='word_1_352' title='bbox 2137 2323 2155 2354; x_wconf 73' lang='grc' dir='ltr'><strong>ι</strong></span> <span class='ocrx_word' id='word_1_353' title='bbox 2179 2302 2390 2372; x_wconf 77' lang='lat'><strong>1083</strong></span> <span class='ocrx_word' id='word_1_354' title='bbox 2424 2304 2524 2356; x_wconf 86' lang='lat' dir='ltr'><strong>Et:</strong></span> <span class='ocrx_word' id='word_1_355' title='bbox 2549 2321 2567 2353; x_wconf 85' lang='grc'>‹</span> <span class='ocrx_word' id='word_1_356' title='bbox 2602 2304 2656 2356; x_wconf 86' lang='lat' dir='ltr'><strong>Si</strong></span> <span class='ocrx_word' id='word_1_357' title='bbox 2685 2317 2797 2356; x_wconf 92' lang='lat' dir='ltr'><strong>non</strong></span> <span class='ocrx_word' id='word_1_358' title='bbox 2821 2302 2965 2357; x_wconf 88' lang='lat' dir='ltr'><strong>adsit</strong></span> <span class='ocrx_word' id='word_1_359' title='bbox 2998 2301 3100 2357; x_wconf 89' lang='lat' dir='ltr'><strong>tibi</strong></span> <span class='ocrx_word' id='word_1_360' title='bbox 3132 2313 3444 2373; x_wconf 88' lang='lat' dir='ltr'><strong>peccatum,</strong></span> 
     </span>
    </p>
   </div>
   <div class='ocr_carea' id='block_1_46' title="bbox 195 2387 1769 2462">
    <p class='ocr_par' dir='ltr' id='par_1_46' title="bbox 195 2387 1769 2459">
     <span class='ocr_line' id='line_1_46' title="bbox 195 2387 1769 2459; baseline 0.003 -20"><span class='ocrx_word' id='word_1_361' title='bbox 195 2387 381 2440; x_wconf 76' lang='grc' dir='ltr'>αὐτόν’</span> <span class='ocrx_word' id='word_1_362' title='bbox 407 2387 711 2457; x_wconf 75' lang='grc' dir='ltr'>ἀρετὴογὰρ</span> <span class='ocrx_word' id='word_1_363' title='bbox 753 2390 1023 2458; x_wconf 86' lang='grc' dir='ltr'>στόματος</span> <span class='ocrx_word' id='word_1_364' title='bbox 1057 2387 1222 2442; x_wconf 84' lang='grc' dir='ltr'>αὐτοῦ</span> <span class='ocrx_word' id='word_1_365' title='bbox 1254 2388 1554 2459; x_wconf 75' lang='grc' dir='ltr'>ἀφροσύνη·</span> <span class='ocrx_word' id='word_1_366' title='bbox 1596 2407 1617 2442; x_wconf 70' lang='grc' dir='ltr'><strong>ι</strong></span> <span class='ocrx_word' id='word_1_367' title='bbox 1664 2391 1769 2444; x_wconf 80' lang='grc' dir='ltr'>Καί</span> 
     </span>
    </p>
   </div>
   <div class='ocr_carea' id='block_1_47' title="bbox 1878 2387 3446 2462">
    <p class='ocr_par' dir='ltr' id='par_1_47' title="bbox 1878 2391 3446 2462">
     <span class='ocr_line' id='line_1_47' title="bbox 1878 2391 3446 2462; baseline 0.001 -15"><span class='ocrx_word' id='word_1_368' title='bbox 1878 2409 1947 2448; x_wconf 91' lang='lat' dir='ltr'><strong>ne</strong></span> <span class='ocrx_word' id='word_1_369' title='bbox 1983 2393 2197 2448; x_wconf 86' lang='lat' dir='ltr'><strong>reveles</strong></span> <span class='ocrx_word' id='word_1_370' title='bbox 2226 2393 2290 2446; x_wconf 74' lang='grc' dir='ltr'><strong>τ’.</strong></span> <span class='ocrx_word' id='word_1_371' title='bbox 2328 2413 2346 2444; x_wconf 75' lang='grc' dir='ltr'><strong>ι</strong></span> <span class='ocrx_word' id='word_1_372' title='bbox 2375 2393 2479 2448; x_wconf 86' lang='lat' dir='ltr'><strong>Job</strong></span> <span class='ocrx_word' id='word_1_373' title='bbox 2501 2407 2723 2462; x_wconf 87' lang='lat' dir='ltr'><strong>quoque</strong></span> <span class='ocrx_word' id='word_1_374' title='bbox 2752 2391 2949 2447; x_wconf 81' lang='lat' dir='ltr'><strong>amicis</strong></span> <span class='ocrx_word' id='word_1_375' title='bbox 2975 2393 3092 2447; x_wconf 85' lang='lat' dir='ltr'><strong>suis</strong></span> <span class='ocrx_word' id='word_1_376' title='bbox 3123 2409 3137 2447; x_wconf 92' lang='lat'><strong>:</strong></span> <span class='ocrx_word' id='word_1_377' title='bbox 3175 2412 3193 2444; x_wconf 73' lang='grc' dir='ltr'><strong>ι</strong></span> <span class='ocrx_word' id='word_1_378' title='bbox 3225 2393 3446 2449; x_wconf 86' lang='lat' dir='ltr'><strong>Utinam</strong></span> 
     </span>
    </p>
   </div>
   <div class='ocr_carea' id='block_1_48' title="bbox 203 2478 1769 2559">
    <p class='ocr_par' dir='ltr' id='par_1_48' title="bbox 203 2478 1769 2559">
     <span class='ocr_line' id='line_1_48' title="bbox 203 2478 1769 2559; baseline 0.003 -29"><span class='ocrx_word' id='word_1_379' title='bbox 203 2496 222 2529; x_wconf 77' lang='grc' dir='ltr'><strong>ι</strong></span> <span class='ocrx_word' id='word_1_380' title='bbox 269 2479 329 2530; x_wconf 87' lang='lat'><strong>&#39;0</strong></span> <span class='ocrx_word' id='word_1_381' title='bbox 364 2478 551 2547; x_wconf 63' lang='grc' dir='ltr'>ἄφρων</span> <span class='ocrx_word' id='word_1_382' title='bbox 610 2480 873 2559; x_wconf 57' lang='grc' dir='ltr'>πλῃθύνει</span> <span class='ocrx_word' id='word_1_383' title='bbox 918 2480 1132 2547; x_wconf 81' lang='grc' dir='ltr'>λόγους.</span> <span class='ocrx_word' id='word_1_384' title='bbox 1168 2499 1187 2533; x_wconf 72' lang='grc' dir='ltr'><strong>ι</strong></span> <span class='ocrx_word' id='word_1_385' title='bbox 1231 2482 1340 2534; x_wconf 81' lang='lat' dir='ltr'><strong>Ka‘t</strong></span> <span class='ocrx_word' id='word_1_386' title='bbox 1372 2482 1567 2549; x_wconf 77' lang='grc' dir='ltr'>ἐπάγει</span> <span class='ocrx_word' id='word_1_387' title='bbox 1597 2497 1610 2512; x_wconf 87' lang='grc'><strong>·</strong></span> <span class='ocrx_word' id='word_1_388' title='bbox 1643 2500 1664 2533; x_wconf 72' lang='grc' dir='ltr'><strong>ι</strong></span> <span class='ocrx_word' id='word_1_389' title='bbox 1715 2484 1769 2536; x_wconf 83' lang='grc'><strong>’0</strong></span> 
     </span>
    </p>
   </div>
   <div class='ocr_carea' id='block_1_49' title="bbox 1878 2478 3438 2559">
    <p class='ocr_par' dir='ltr' id='par_1_49' title="bbox 1878 2482 3438 2555">
     <span class='ocr_line' id='line_1_49' title="bbox 1878 2482 3438 2555; baseline -0.001 -17"><span class='ocrx_word' id='word_1_390' title='bbox 1878 2484 2359 2549; x_wconf 82' lang='lat' dir='ltr'><strong>obmutesceretis,</strong></span> <span class='ocrx_word' id='word_1_391' title='bbox 2382 2492 2441 2538; x_wconf 89' lang='lat' dir='ltr'><strong>ut</strong></span> <span class='ocrx_word' id='word_1_392' title='bbox 2471 2484 2820 2555; x_wconf 87' lang='lat' dir='ltr'><strong>contingeret</strong></span> <span class='ocrx_word' id='word_1_393' title='bbox 2852 2482 3009 2537; x_wconf 88' lang='lat' dir='ltr'><strong>vobis</strong></span> <span class='ocrx_word' id='word_1_394' title='bbox 3024 2482 3293 2552; x_wconf 86' lang='lat' dir='ltr'><strong>sapientia</strong></span> <span class='ocrx_word' id='word_1_395' title='bbox 3324 2484 3391 2538; x_wconf 82' lang='grc'><strong>⁸⁰.</strong></span> <span class='ocrx_word' id='word_1_396' title='bbox 3420 2503 3438 2536; x_wconf 78' lang='grc' dir='ltr'><strong>ι</strong></span> 
     </span>
    </p>
   </div>
   <div class='ocr_carea' id='block_1_50' title="bbox 198 2569 1769 2644">
    <p class='ocr_par' dir='ltr' id='par_1_50' title="bbox 198 2569 1769 2640">
     <span class='ocr_line' id='line_1_50' title="bbox 198 2569 1769 2640; baseline 0.004 -21"><span class='ocrx_word' id='word_1_397' title='bbox 198 2569 428 2634; x_wconf 79' lang='grc' dir='ltr'>ἀγαπῶν</span> <span class='ocrx_word' id='word_1_398' title='bbox 458 2569 602 2639; x_wconf 82' lang='grc' dir='ltr'>ζωὴν</span> <span class='ocrx_word' id='word_1_399' title='bbox 634 2571 881 2639; x_wconf 75' lang='grc' dir='ltr'>φείσεται</span> <span class='ocrx_word' id='word_1_400' title='bbox 915 2572 1183 2640; x_wconf 83' lang='grc' dir='ltr'>στόματος</span> <span class='ocrx_word' id='word_1_401' title='bbox 1212 2571 1401 2625; x_wconf 83' lang='grc' dir='ltr'>αὑτοῦ.</span> <span class='ocrx_word' id='word_1_402' title='bbox 1435 2590 1454 2624; x_wconf 76' lang='grc' dir='ltr'><strong>ι</strong></span> <span class='ocrx_word' id='word_1_403' title='bbox 1501 2572 1769 2636; x_wconf 77' lang='grc' dir='ltr'>Ὡσαύτως</span> 
     </span>
    </p>
   </div>
   <div class='ocr_carea' id='block_1_51' title="bbox 1878 2569 3438 2644">
    <p class='ocr_par' dir='ltr' id='par_1_51' title="bbox 1878 2573 3438 2644">
     <span class='ocr_line' id='line_1_51' title="bbox 1878 2573 3438 2644; baseline -0.002 -16"><span class='ocrx_word' id='word_1_404' title='bbox 1878 2573 2027 2628; x_wconf 89' lang='lat' dir='ltr'><strong>Alter</strong></span> <span class='ocrx_word' id='word_1_405' title='bbox 2052 2590 2065 2626; x_wconf 94' lang='lat'>:</span> <span class='ocrx_word' id='word_1_406' title='bbox 2091 2594 2108 2625; x_wconf 79' lang='grc' dir='ltr'><strong>ι</strong></span> <span class='ocrx_word' id='word_1_407' title='bbox 2134 2574 2333 2628; x_wconf 87' lang='lat' dir='ltr'><strong>Beatus</strong></span> <span class='ocrx_word' id='word_1_408' title='bbox 2358 2574 2443 2627; x_wconf 87' lang='lat' dir='ltr'><strong>vir</strong></span> <span class='ocrx_word' id='word_1_409' title='bbox 2462 2574 2560 2643; x_wconf 90' lang='lat' dir='ltr'><strong>qui</strong></span> <span class='ocrx_word' id='word_1_410' title='bbox 2585 2589 2695 2627; x_wconf 89' lang='lat' dir='ltr'><strong>non</strong></span> <span class='ocrx_word' id='word_1_411' title='bbox 2726 2582 2811 2628; x_wconf 88' lang='lat' dir='ltr'><strong>est</strong></span> <span class='ocrx_word' id='word_1_412' title='bbox 2826 2574 3012 2643; x_wconf 89' lang='lat' dir='ltr'><strong>lapsus</strong></span> <span class='ocrx_word' id='word_1_413' title='bbox 3040 2573 3219 2644; x_wconf 87' lang='lat' dir='ltr'><strong>lingua</strong></span> <span class='ocrx_word' id='word_1_414' title='bbox 3241 2575 3438 2629; x_wconf 59' lang='lat' dir='ltr'><strong>suaMJ</strong></span> 
     </span>
    </p>
   </div>
   <div class='ocr_carea' id='block_1_52' title="bbox 172 2660 1769 2734">
    <p class='ocr_par' dir='ltr' id='par_1_52' title="bbox 172 2660 1769 2733">
     <span class='ocr_line' id='line_1_52' title="bbox 172 2660 1769 2733; baseline 0.002 -20"><span class='ocrx_word' id='word_1_415' title='bbox 172 2660 256 2714; x_wconf 69' lang='lat' dir='ltr'><strong>~6s</strong></span> <span class='ocrx_word' id='word_1_416' title='bbox 280 2663 371 2714; x_wconf 59' lang='grc' dir='ltr'><strong>καὶ⁵</strong></span> <span class='ocrx_word' id='word_1_417' title='bbox 407 2664 436 2714; x_wconf 88' lang='lat'><strong>6</strong></span> <span class='ocrx_word' id='word_1_418' title='bbox 478 2662 801 2724; x_wconf 70' lang='grc' dir='ltr'>Ἀπόςτολος</span> <span class='ocrx_word' id='word_1_419' title='bbox 830 2677 845 2692; x_wconf 80' lang='grc'><em>’</em></span> <span class='ocrx_word' id='word_1_420' title='bbox 880 2681 899 2712; x_wconf 84' lang='grc' dir='ltr'><strong>ι</strong></span> <span class='ocrx_word' id='word_1_421' title='bbox 932 2663 1045 2726; x_wconf 79' lang='grc' dir='ltr'>Πᾶς</span> <span class='ocrx_word' id='word_1_422' title='bbox 1074 2661 1232 2728; x_wconf 86' lang='grc' dir='ltr'>λόγος</span> <span class='ocrx_word' id='word_1_423' title='bbox 1265 2662 1472 2733; x_wconf 78' lang='grc' dir='ltr'>σαπρὸς</span> <span class='ocrx_word' id='word_1_424' title='bbox 1499 2661 1518 2700; x_wconf 69' lang='grc' dir='ltr'><strong>ί</strong></span> <span class='ocrx_word' id='word_1_425' title='bbox 1541 2701 1557 2727; x_wconf 93' lang='grc'><strong>,</strong></span> <span class='ocrx_word' id='word_1_426' title='bbox 1593 2664 1657 2715; x_wconf 82' lang='grc' dir='ltr'>ἐκ</span> <span class='ocrx_word' id='word_1_427' title='bbox 1682 2662 1769 2716; x_wconf 86' lang='grc' dir='ltr'><strong>τοῦ</strong></span> 
     </span>
    </p>
   </div>
   <div class='ocr_carea' id='block_1_53' title="bbox 1878 2660 3448 2734">
    <p class='ocr_par' dir='ltr' id='par_1_53' title="bbox 1878 2662 3448 2734">
     <span class='ocr_line' id='line_1_53' title="bbox 1878 2662 3448 2734; baseline 0.001 -18"><span class='ocrx_word' id='word_1_428' title='bbox 1878 2662 2093 2717; x_wconf 79' lang='lat' dir='ltr'><strong>Rursus</strong></span> <span class='ocrx_word' id='word_1_429' title='bbox 2120 2680 2133 2716; x_wconf 91' lang='lat'><strong>:</strong></span> <span class='ocrx_word' id='word_1_430' title='bbox 2172 2683 2190 2714; x_wconf 84' lang='grc' dir='ltr'><strong>ι</strong></span> <span class='ocrx_word' id='word_1_431' title='bbox 2215 2663 2317 2730; x_wconf 88' lang='lat' dir='ltr'><strong>Qui</strong></span> <span class='ocrx_word' id='word_1_432' title='bbox 2359 2664 2683 2718; x_wconf 85' lang='lat' dir='ltr'><strong>moderatur</strong></span> <span class='ocrx_word' id='word_1_433' title='bbox 2705 2664 2971 2733; x_wconf 87' lang='lat' dir='ltr'><strong>linguam,</strong></span> <span class='ocrx_word' id='word_1_434' title='bbox 2995 2664 3116 2717; x_wconf 88' lang='lat' dir='ltr'><strong>sine</strong></span> <span class='ocrx_word' id='word_1_435' title='bbox 3140 2665 3338 2734; x_wconf 85' lang='lat' dir='ltr'><strong>jurgiis</strong></span> <span class='ocrx_word' id='word_1_436' title='bbox 3361 2664 3448 2718; x_wconf 83' lang='lat' dir='ltr'><strong>vi-</strong></span> 
     </span>
    </p>
   </div>
   <div class='ocr_carea' id='block_1_54' title="bbox 204 2752 1769 2824">
    <p class='ocr_par' dir='ltr' id='par_1_54' title="bbox 204 2752 1769 2823">
     <span class='ocr_line' id='line_1_54' title="bbox 204 2752 1769 2823; baseline 0.001 -19"><span class='ocrx_word' id='word_1_437' title='bbox 204 2754 469 2822; x_wconf 77' lang='grc' dir='ltr'>στόματος</span> <span class='ocrx_word' id='word_1_438' title='bbox 500 2753 653 2822; x_wconf 81' lang='grc' dir='ltr'>ὑμῶν</span> <span class='ocrx_word' id='word_1_439' title='bbox 696 2753 772 2823; x_wconf 81' lang='grc' dir='ltr'>μὴ</span> <span class='ocrx_word' id='word_1_440' title='bbox 802 2752 1208 2822; x_wconf 75' lang='grc' dir='ltr'>ἐκπορευέσθω,</span> <span class='ocrx_word' id='word_1_441' title='bbox 1233 2752 1348 2806; x_wconf 82' lang='grc' dir='ltr'>ἀλλ’</span> <span class='ocrx_word' id='word_1_442' title='bbox 1375 2754 1428 2805; x_wconf 80' lang='grc' dir='ltr'><strong>εί</strong></span> <span class='ocrx_word' id='word_1_443' title='bbox 1449 2770 1532 2815; x_wconf 89' lang='grc' dir='ltr'><strong>τις</strong></span> <span class='ocrx_word' id='word_1_444' title='bbox 1575 2753 1769 2821; x_wconf 82' lang='grc' dir='ltr'>ἀγαθὸς</span> 
     </span>
    </p>
   </div>
   <div class='ocr_carea' id='block_1_55' title="bbox 1878 2752 3445 2824">
    <p class='ocr_par' dir='ltr' id='par_1_55' title="bbox 1879 2754 3445 2824">
     <span class='ocr_line' id='line_1_55' title="bbox 1879 2754 3445 2824; baseline 0.004 -19"><span class='ocrx_word' id='word_1_445' title='bbox 1879 2761 1972 2806; x_wconf 89' lang='lat' dir='ltr'><strong>vet</strong></span> <span class='ocrx_word' id='word_1_446' title='bbox 1996 2754 2041 2785; x_wconf 79' lang='lat'><strong>&quot;</strong></span> <span class='ocrx_word' id='word_1_447' title='bbox 2069 2770 2084 2819; x_wconf 90' lang='lat'><strong>;</strong></span> <span class='ocrx_word' id='word_1_448' title='bbox 2112 2754 2206 2822; x_wconf 90' lang='lat' dir='ltr'><strong>qui</strong></span> <span class='ocrx_word' id='word_1_449' title='bbox 2250 2754 2370 2808; x_wconf 89' lang='lat' dir='ltr'><strong>odit</strong></span> <span class='ocrx_word' id='word_1_450' title='bbox 2399 2754 2809 2824; x_wconf 85' lang='lat' dir='ltr'><strong>loquacitatem,</strong></span> <span class='ocrx_word' id='word_1_451' title='bbox 2844 2755 3047 2809; x_wconf 90' lang='lat' dir='ltr'><strong>minuit</strong></span> <span class='ocrx_word' id='word_1_452' title='bbox 3077 2756 3343 2810; x_wconf 87' lang='lat' dir='ltr'><strong>malitiam</strong></span> <span class='ocrx_word' id='word_1_453' title='bbox 3376 2754 3445 2812; x_wconf 83' lang='grc'><strong>⁸³.</strong></span> 
     </span>
    </p>
   </div>
   <div class='ocr_carea' id='block_1_56' title="bbox 200 2842 1769 2921">
    <p class='ocr_par' dir='ltr' id='par_1_56' title="bbox 200 2842 1769 2913">
     <span class='ocr_line' id='line_1_56' title="bbox 200 2842 1769 2913; baseline 0.002 -20"><span class='ocrx_word' id='word_1_454' title='bbox 200 2843 338 2911; x_wconf 68' lang='grc' dir='ltr'>πρὸς</span> <span class='ocrx_word' id='word_1_455' title='bbox 371 2843 694 2913; x_wconf 77' lang='grc' dir='ltr'>οἰκοδομεῖν,</span> <span class='ocrx_word' id='word_1_456' title='bbox 752 2844 838 2896; x_wconf 76' lang='grc' dir='ltr'>ἵνα</span> <span class='ocrx_word' id='word_1_457' title='bbox 894 2842 969 2913; x_wconf 82' lang='grc' dir='ltr'>δῷ</span> <span class='ocrx_word' id='word_1_458' title='bbox 1020 2844 1180 2913; x_wconf 80' lang='grc' dir='ltr'>χάριν</span> <span class='ocrx_word' id='word_1_459' title='bbox 1234 2846 1347 2907; x_wconf 84' lang='grc' dir='ltr'>τοῖς</span> <span class='ocrx_word' id='word_1_460' title='bbox 1394 2843 1702 2898; x_wconf 86' lang='grc' dir='ltr'>ἀκούουσιν.</span> <span class='ocrx_word' id='word_1_461' title='bbox 1753 2863 1769 2896; x_wconf 80' lang='grc' dir='ltr'><strong>ι</strong></span> 
     </span>
    </p>
   </div>
   <div class='ocr_carea' id='block_1_57' title="bbox 1878 2842 3454 2921">
    <p class='ocr_par' dir='ltr' id='par_1_57' title="bbox 1881 2845 3454 2921">
     <span class='ocr_line' id='line_1_57' title="bbox 1881 2845 3454 2921; baseline 0.003 -21"><span class='ocrx_word' id='word_1_462' title='bbox 1881 2845 1987 2900; x_wconf 89' lang='lat' dir='ltr'><strong>Sed</strong></span> <span class='ocrx_word' id='word_1_463' title='bbox 2017 2854 2073 2901; x_wconf 93' lang='lat' dir='ltr'><strong>et</strong></span> <span class='ocrx_word' id='word_1_464' title='bbox 2096 2847 2486 2914; x_wconf 63' lang='lat' dir='ltr'><strong>Ecclesiastes,</strong></span> <span class='ocrx_word' id='word_1_465' title='bbox 2518 2850 2734 2921; x_wconf 60' lang='lat' dir='ltr'><strong>garrula</strong></span> <span class='ocrx_word' id='word_1_466' title='bbox 2768 2850 2869 2904; x_wconf 89' lang='lat' dir='ltr'><strong>ista</strong></span> <span class='ocrx_word' id='word_1_467' title='bbox 2892 2851 3225 2919; x_wconf 88' lang='lat' dir='ltr'><strong>loquacitate</strong></span> <span class='ocrx_word' id='word_1_468' title='bbox 3280 2851 3454 2906; x_wconf 81' lang='lat' dir='ltr'><strong>inter-</strong></span> 
     </span>
    </p>
   </div>
   <div class='ocr_carea' id='block_1_58' title="bbox 205 2932 1769 3011">
    <p class='ocr_par' dir='ltr' id='par_1_58' title="bbox 205 2932 1769 3006">
     <span class='ocr_line' id='line_1_58' title="bbox 205 2932 1769 3006; baseline 0 -20"><span class='ocrx_word' id='word_1_469' title='bbox 205 2935 458 3002; x_wconf 84' lang='grc' dir='ltr'>Ἔχοντες</span> <span class='ocrx_word' id='word_1_470' title='bbox 483 2932 596 3000; x_wconf 80' lang='grc' dir='ltr'>οὖν,</span> <span class='ocrx_word' id='word_1_471' title='bbox 633 2935 931 3004; x_wconf 79' lang='grc' dir='ltr'>ἀγαπητοὶ,</span> <span class='ocrx_word' id='word_1_472' title='bbox 961 2933 1230 2997; x_wconf 86' lang='grc' dir='ltr'>τοσαύτας</span> <span class='ocrx_word' id='word_1_473' title='bbox 1279 2935 1581 3004; x_wconf 86' lang='grc' dir='ltr'>μαρτυρίας</span> <span class='ocrx_word' id='word_1_474' title='bbox 1626 2935 1769 3006; x_wconf 72' lang='grc' dir='ltr'>πάσῃ</span> 
     </span>
    </p>
   </div>
   <div class='ocr_carea' id='block_1_59' title="bbox 1878 2932 3449 3011">
    <p class='ocr_par' dir='ltr' id='par_1_59' title="bbox 1878 2936 3449 3011">
     <span class='ocr_line' id='line_1_59' title="bbox 1878 2936 3449 3011; baseline 0.004 -20"><span class='ocrx_word' id='word_1_475' title='bbox 1878 2936 2013 2991; x_wconf 88' lang='lat' dir='ltr'><strong>dicit</strong></span> <span class='ocrx_word' id='word_1_476' title='bbox 2045 2937 2236 2993; x_wconf 90' lang='lat' dir='ltr'><strong>nobis:</strong></span> <span class='ocrx_word' id='word_1_477' title='bbox 2272 2958 2289 2988; x_wconf 81' lang='grc' dir='ltr'><strong>ι</strong></span> <span class='ocrx_word' id='word_1_478' title='bbox 2315 2938 2613 2994; x_wconf 89' lang='lat' dir='ltr'><strong>Sermones</strong></span> <span class='ocrx_word' id='word_1_479' title='bbox 2629 2941 2743 2994; x_wconf 91' lang='lat' dir='ltr'><strong>oris</strong></span> <span class='ocrx_word' id='word_1_480' title='bbox 2769 2941 3055 3010; x_wconf 88' lang='lat' dir='ltr'><strong>sapientis,</strong></span> <span class='ocrx_word' id='word_1_481' title='bbox 3076 2942 3273 3011; x_wconf 90' lang='lat' dir='ltr'><strong>gratia,</strong></span> <span class='ocrx_word' id='word_1_482' title='bbox 3305 2941 3449 2997; x_wconf 88' lang='lat' dir='ltr'><strong>labia</strong></span> 
     </span>
    </p>
   </div>
   <div class='ocr_carea' id='block_1_60' title="bbox 205 3024 1769 3102">
    <p class='ocr_par' dir='ltr' id='par_1_60' title="bbox 205 3024 1769 3096">
     <span class='ocr_line' id='line_1_60' title="bbox 205 3024 1769 3096; baseline -0.002 -17"><span class='ocrx_word' id='word_1_483' title='bbox 205 3028 408 3096; x_wconf 80' lang='grc' dir='ltr'>σπουδῇ</span> <span class='ocrx_word' id='word_1_484' title='bbox 442 3026 770 3095; x_wconf 67' lang='grc' dir='ltr'>ἀποστιῖῳεν</span> <span class='ocrx_word' id='word_1_485' title='bbox 792 3027 895 3095; x_wconf 83' lang='grc' dir='ltr'>τῆς</span> <span class='ocrx_word' id='word_1_486' title='bbox 926 3024 1260 3095; x_wconf 82' lang='grc' dir='ltr'>ἀνωφελοῦς,</span> <span class='ocrx_word' id='word_1_487' title='bbox 1290 3024 1492 3096; x_wconf 77' lang='grc' dir='ltr'>μᾶλλον</span> <span class='ocrx_word' id='word_1_488' title='bbox 1528 3025 1584 3078; x_wconf 80' lang='grc' dir='ltr'>δὲ</span> <span class='ocrx_word' id='word_1_489' title='bbox 1611 3025 1769 3095; x_wconf 71' lang='grc' dir='ltr'>ψυχο-</span> 
     </span>
    </p>
   </div>
   <div class='ocr_carea' id='block_1_61' title="bbox 1878 3024 3452 3102">
    <p class='ocr_par' dir='ltr' id='par_1_61' title="bbox 1879 3026 3452 3102">
     <span class='ocr_line' id='line_1_61' title="bbox 1879 3026 3452 3102; baseline 0.006 -21"><span class='ocrx_word' id='word_1_490' title='bbox 1879 3026 2036 3081; x_wconf 90' lang='lat' dir='ltr'><strong>stulti</strong></span> <span class='ocrx_word' id='word_1_491' title='bbox 2072 3027 2401 3096; x_wconf 87' lang='lat' dir='ltr'><strong>demergent</strong></span> <span class='ocrx_word' id='word_1_492' title='bbox 2430 3044 2557 3083; x_wconf 91' lang='lat' dir='ltr'><strong>eum</strong></span> <span class='ocrx_word' id='word_1_493' title='bbox 2593 3046 2608 3093; x_wconf 89' lang='lat'><strong>;</strong></span> <span class='ocrx_word' id='word_1_494' title='bbox 2637 3030 2968 3099; x_wconf 91' lang='lat' dir='ltr'><strong>principium</strong></span> <span class='ocrx_word' id='word_1_495' title='bbox 3004 3033 3152 3086; x_wconf 91' lang='lat' dir='ltr'><strong>enim</strong></span> <span class='ocrx_word' id='word_1_496' title='bbox 3184 3033 3299 3086; x_wconf 89' lang='lat' dir='ltr'><strong>oris</strong></span> <span class='ocrx_word' id='word_1_497' title='bbox 3331 3034 3452 3102; x_wconf 84' lang='lat' dir='ltr'><strong>ejus</strong></span> 
     </span>
    </p>
   </div>
   <div class='ocr_carea' id='block_1_62' title="bbox 183 3104 1769 3191">
    <p class='ocr_par' dir='ltr' id='par_1_62' title="bbox 183 3115 1769 3187">
     <span class='ocr_line' id='line_1_62' title="bbox 183 3115 1769 3187; baseline -0.001 -19"><span class='ocrx_word' id='word_1_498' title='bbox 183 3116 438 3178; x_wconf 76' lang='grc' dir='ltr'><strong>⁸ὗλαϐοῦς</strong></span> <span class='ocrx_word' id='word_1_499' title='bbox 467 3116 812 3187; x_wconf 67' lang='grc' dir='ltr'>αργολογίας,</span> <span class='ocrx_word' id='word_1_500' title='bbox 843 3116 1151 3178; x_wconf 68' lang='grc' dir='ltr'>ἐννοοῦντες</span> <span class='ocrx_word' id='word_1_501' title='bbox 1188 3116 1570 3181; x_wconf 84' lang='grc' dir='ltr'>ἀδιαλείπτως,</span> <span class='ocrx_word' id='word_1_502' title='bbox 1598 3115 1674 3179; x_wconf 82' lang='grc' dir='ltr'>ὡς</span> <span class='ocrx_word' id='word_1_503' title='bbox 1698 3116 1769 3168; x_wconf 83' lang='grc' dir='ltr'><strong>ετ-</strong></span> 
     </span>
    </p>
   </div>
   <div class='ocr_carea' id='block_1_63' title="bbox 1878 3104 3452 3191">
    <p class='ocr_par' dir='ltr' id='par_1_63' title="bbox 1881 3118 3452 3191">
     <span class='ocr_line' id='line_1_63' title="bbox 1881 3118 3452 3191; baseline 0.004 -19"><span class='ocrx_word' id='word_1_504' title='bbox 1881 3118 2120 3172; x_wconf 90' lang='lat' dir='ltr'><strong>stultitia</strong></span> <span class='ocrx_word' id='word_1_505' title='bbox 2141 3118 2239 3172; x_wconf 70' lang='grc'><strong>⁸⁵.»</strong></span> <span class='ocrx_word' id='word_1_506' title='bbox 2262 3120 2362 3174; x_wconf 91' lang='lat' dir='ltr'><strong>Et:</strong></span> <span class='ocrx_word' id='word_1_507' title='bbox 2396 3139 2414 3170; x_wconf 80' lang='grc' dir='ltr'><strong>ι</strong></span> <span class='ocrx_word' id='word_1_508' title='bbox 2445 3119 2659 3175; x_wconf 87' lang='lat' dir='ltr'><strong>Stultus</strong></span> <span class='ocrx_word' id='word_1_509' title='bbox 2680 3122 3010 3191; x_wconf 86' lang='lat' dir='ltr'><strong>multiplicat</strong></span> <span class='ocrx_word' id='word_1_510' title='bbox 3035 3137 3318 3178; x_wconf 83' lang='lat' dir='ltr'><strong>sermones</strong></span> <span class='ocrx_word' id='word_1_511' title='bbox 3340 3123 3407 3178; x_wconf 80' lang='grc'><strong>⁸⁸.</strong></span> <span class='ocrx_word' id='word_1_512' title='bbox 3427 3140 3452 3179; x_wconf 75' lang='grc' dir='ltr'><strong>ι</strong></span> 
     </span>
    </p>
   </div>
   <div class='ocr_carea' id='block_1_64' title="bbox 185 3207 1769 3282">
    <p class='ocr_par' dir='ltr' id='par_1_64' title="bbox 185 3207 1769 3281">
     <span class='ocr_line' id='line_1_64' title="bbox 185 3207 1769 3281; baseline 0.002 -22"><span class='ocrx_word' id='word_1_513' title='bbox 185 3226 391 3279; x_wconf 77' lang='grc' dir='ltr'>ςρηται,</span> <span class='ocrx_word' id='word_1_514' title='bbox 424 3210 519 3281; x_wconf 77' lang='grc' dir='ltr'>τὴν</span> <span class='ocrx_word' id='word_1_515' title='bbox 558 3210 795 3280; x_wconf 74' lang='grc' dir='ltr'>φοόερὰν</span> <span class='ocrx_word' id='word_1_516' title='bbox 823 3209 1055 3280; x_wconf 81' lang='grc' dir='ltr'>ἀπειλὴν</span> <span class='ocrx_word' id='word_1_517' title='bbox 1087 3207 1182 3262; x_wconf 89' lang='grc' dir='ltr'><strong>τοῦ</strong></span> <span class='ocrx_word' id='word_1_518' title='bbox 1213 3209 1444 3281; x_wconf 78' lang='grc' dir='ltr'>Κυρίου,</span> <span class='ocrx_word' id='word_1_519' title='bbox 1482 3208 1732 3276; x_wconf 78' lang='grc' dir='ltr'>λέγοντος</span> <span class='ocrx_word' id='word_1_520' title='bbox 1757 3223 1769 3237; x_wconf 89' lang='grc'><strong>·</strong></span> 
     </span>
    </p>
   </div>
   <div class='ocr_carea' id='block_1_65' title="bbox 1878 3207 3459 3282">
    <p class='ocr_par' dir='ltr' id='par_1_65' title="bbox 1882 3208 3459 3282">
     <span class='ocr_line' id='line_1_65' title="bbox 1882 3208 3459 3282; baseline 0.004 -20"><span class='ocrx_word' id='word_1_521' title='bbox 1882 3208 2142 3264; x_wconf 85' lang='lat' dir='ltr'><strong>inducit:</strong></span> <span class='ocrx_word' id='word_1_522' title='bbox 2184 3228 2203 3261; x_wconf 72' lang='grc' dir='ltr'><strong>ι</strong></span> <span class='ocrx_word' id='word_1_523' title='bbox 2239 3209 2343 3276; x_wconf 86' lang='lat' dir='ltr'><strong>Qui</strong></span> <span class='ocrx_word' id='word_1_524' title='bbox 2378 3210 2768 3281; x_wconf 88' lang='lat' dir='ltr'><strong>diligitvitam,</strong></span> <span class='ocrx_word' id='word_1_525' title='bbox 2792 3223 2983 3282; x_wconf 89' lang='lat' dir='ltr'><strong>parcet</strong></span> <span class='ocrx_word' id='word_1_526' title='bbox 3012 3214 3094 3267; x_wconf 90' lang='lat' dir='ltr'><strong>ori</strong></span> <span class='ocrx_word' id='word_1_527' title='bbox 3121 3228 3225 3268; x_wconf 90' lang='lat' dir='ltr'><strong>suo</strong></span> <span class='ocrx_word' id='word_1_528' title='bbox 3250 3211 3459 3269; x_wconf 58' lang='lat' dir='ltr'><strong>“aliis</strong></span> 
     </span>
    </p>
   </div>
   <div class='ocr_carea' id='block_1_66' title="bbox 192 3286 1769 3372">
    <p class='ocr_par' dir='ltr' id='par_1_66' title="bbox 192 3297 1769 3372">
     <span class='ocr_line' id='line_1_66' title="bbox 192 3297 1769 3372; baseline 0 -21"><span class='ocrx_word' id='word_1_529' title='bbox 192 3320 228 3351; x_wconf 72' lang='grc' dir='ltr'>-ε</span> <span class='ocrx_word' id='word_1_530' title='bbox 276 3301 443 3372; x_wconf 78' lang='grc' dir='ltr'>’Δμὴν</span> <span class='ocrx_word' id='word_1_531' title='bbox 474 3302 617 3369; x_wconf 84' lang='grc' dir='ltr'>λέγω</span> <span class='ocrx_word' id='word_1_532' title='bbox 645 3303 794 3371; x_wconf 77' lang='grc' dir='ltr'>ὑμῖν,</span> <span class='ocrx_word' id='word_1_533' title='bbox 833 3303 917 3356; x_wconf 82' lang='grc' dir='ltr'>ὅτι</span> <span class='ocrx_word' id='word_1_534' title='bbox 948 3302 1057 3354; x_wconf 80' lang='grc' dir='ltr'>πᾶν</span> <span class='ocrx_word' id='word_1_535' title='bbox 1086 3301 1240 3372; x_wconf 77' lang='grc' dir='ltr'>ῥῆμα</span> <span class='ocrx_word' id='word_1_536' title='bbox 1276 3300 1446 3371; x_wconf 78' lang='grc' dir='ltr'>ἀργὸν</span> <span class='ocrx_word' id='word_1_537' title='bbox 1472 3340 1486 3364; x_wconf 95' lang='grc'><strong>,</strong></span> <span class='ocrx_word' id='word_1_538' title='bbox 1511 3297 1538 3351; x_wconf 86' lang='grc' dir='ltr'><strong>δ</strong></span> <span class='ocrx_word' id='word_1_539' title='bbox 1565 3301 1660 3352; x_wconf 76' lang='grc' dir='ltr'><strong>ἐὰν</strong></span> <span class='ocrx_word' id='word_1_540' title='bbox 1683 3299 1769 3351; x_wconf 73' lang='grc' dir='ltr'><strong>λαε</strong></span> 
     </span>
    </p>
   </div>
   <div class='ocr_carea' id='block_1_67' title="bbox 1878 3286 3456 3372">
    <p class='ocr_par' dir='ltr' id='par_1_67' title="bbox 1881 3286 3456 3370">
     <span class='ocr_line' id='line_1_67' title="bbox 1881 3286 3456 3370; baseline 0.005 -17"><span class='ocrx_word' id='word_1_541' title='bbox 1881 3300 2131 3355; x_wconf 89' lang='lat' dir='ltr'><strong>concinit</strong></span> <span class='ocrx_word' id='word_1_542' title='bbox 2147 3299 2448 3370; x_wconf 84' lang='lat' dir='ltr'><strong>Apostolus</strong></span> <span class='ocrx_word' id='word_1_543' title='bbox 2482 3320 2495 3355; x_wconf 89' lang='lat'><strong>:</strong></span> <span class='ocrx_word' id='word_1_544' title='bbox 2537 3322 2556 3353; x_wconf 85' lang='grc'><strong><em>‹</em></strong></span> <span class='ocrx_word' id='word_1_545' title='bbox 2592 3302 2784 3359; x_wconf 91' lang='lat' dir='ltr'><strong>Omnis</strong></span> <span class='ocrx_word' id='word_1_546' title='bbox 2817 3319 2998 3359; x_wconf 88' lang='lat' dir='ltr'><strong>sermo</strong></span> <span class='ocrx_word' id='word_1_547' title='bbox 3032 3286 3211 3360; x_wconf 81' lang='lat' dir='ltr'><strong>malus</strong></span> <span class='ocrx_word' id='word_1_548' title='bbox 3242 3321 3308 3360; x_wconf 75' lang='lat' dir='ltr'><strong>ex</strong></span> <span class='ocrx_word' id='word_1_549' title='bbox 3358 3320 3456 3361; x_wconf 81' lang='lat' dir='ltr'><strong>ore</strong></span> 
     </span>
    </p>
   </div>
   <div class='ocr_carea' id='block_1_68' title="bbox 206 3388 1769 3464">
    <p class='ocr_par' dir='ltr' id='par_1_68' title="bbox 206 3388 1769 3464">
     <span class='ocr_line' id='line_1_68' title="bbox 206 3388 1769 3464; baseline -0.003 -20"><span class='ocrx_word' id='word_1_550' title='bbox 206 3391 444 3461; x_wconf 74' lang='grc' dir='ltr'>λήσωσιν</span> <span class='ocrx_word' id='word_1_551' title='bbox 486 3393 535 3445; x_wconf 79' lang='lat' dir='ltr'><strong>oi</strong></span> <span class='ocrx_word' id='word_1_552' title='bbox 574 3392 855 3464; x_wconf 76' lang='grc' dir='ltr'>ἄνθρωποι</span> <span class='ocrx_word' id='word_1_553' title='bbox 878 3433 893 3456; x_wconf 97' lang='grc'><strong>,</strong></span> <span class='ocrx_word' id='word_1_554' title='bbox 929 3392 1305 3445; x_wconf 82' lang='grc' dir='ltr'>ἀποδώσουσιν</span> <span class='ocrx_word' id='word_1_555' title='bbox 1338 3390 1498 3457; x_wconf 89' lang='grc' dir='ltr'>λόγον</span> <span class='ocrx_word' id='word_1_556' title='bbox 1526 3389 1655 3458; x_wconf 73' lang='grc' dir='ltr'>περὶ</span> <span class='ocrx_word' id='word_1_557' title='bbox 1686 3388 1769 3440; x_wconf 86' lang='grc' dir='ltr'><strong>αὐ-</strong></span> 
     </span>
    </p>
   </div>
   <div class='ocr_carea' id='block_1_69' title="bbox 1878 3388 3456 3464">
    <p class='ocr_par' dir='ltr' id='par_1_69' title="bbox 1885 3392 3456 3464">
     <span class='ocr_line' id='line_1_69' title="bbox 1885 3392 3456 3464; baseline 0.006 -22"><span class='ocrx_word' id='word_1_558' title='bbox 1885 3400 2073 3444; x_wconf 86' lang='lat' dir='ltr'><strong>vestro</strong></span> <span class='ocrx_word' id='word_1_559' title='bbox 2099 3406 2212 3445; x_wconf 90' lang='lat' dir='ltr'><strong>non</strong></span> <span class='ocrx_word' id='word_1_560' title='bbox 2248 3392 2529 3461; x_wconf 87' lang='lat' dir='ltr'><strong>procedat,</strong></span> <span class='ocrx_word' id='word_1_561' title='bbox 2553 3395 2648 3448; x_wconf 88' lang='lat' dir='ltr'><strong>sed</strong></span> <span class='ocrx_word' id='word_1_562' title='bbox 2680 3394 2724 3448; x_wconf 89' lang='lat' dir='ltr'><strong>si</strong></span> <span class='ocrx_word' id='word_1_563' title='bbox 2758 3400 2884 3464; x_wconf 90' lang='lat' dir='ltr'><strong>quis</strong></span> <span class='ocrx_word' id='word_1_564' title='bbox 2918 3396 3098 3451; x_wconf 83' lang='lat' dir='ltr'><strong>bonus</strong></span> <span class='ocrx_word' id='word_1_565' title='bbox 3124 3396 3191 3451; x_wconf 91' lang='lat' dir='ltr'><strong>ad</strong></span> <span class='ocrx_word' id='word_1_566' title='bbox 3216 3396 3456 3452; x_wconf 63' lang='lat' dir='ltr'><strong>aedifica-</strong></span> 
     </span>
    </p>
   </div>
   <div class='ocr_carea' id='block_1_70' title="bbox 184 3478 1769 3557">
    <p class='ocr_par' dir='ltr' id='par_1_70' title="bbox 184 3478 1769 3556">
     <span class='ocr_line' id='line_1_70' title="bbox 184 3478 1769 3556; baseline -0.003 -22"><span class='ocrx_word' id='word_1_567' title='bbox 184 3483 300 3535; x_wconf 77' lang='grc' dir='ltr'><strong>τοῦ</strong></span> <span class='ocrx_word' id='word_1_568' title='bbox 330 3484 388 3538; x_wconf 85' lang='grc' dir='ltr'>ὲν</span> <span class='ocrx_word' id='word_1_569' title='bbox 417 3485 602 3556; x_wconf 69' lang='grc' dir='ltr'>ἡμέρᾳ</span> <span class='ocrx_word' id='word_1_570' title='bbox 627 3485 885 3555; x_wconf 83' lang='grc' dir='ltr'>κρίσεως.</span> <span class='ocrx_word' id='word_1_571' title='bbox 925 3502 945 3535; x_wconf 74' lang='grc' dir='ltr'><strong>ι</strong></span> <span class='ocrx_word' id='word_1_572' title='bbox 982 3480 1143 3552; x_wconf 78' lang='grc' dir='ltr'><strong>Αὐτῷ</strong></span> <span class='ocrx_word' id='word_1_573' title='bbox 1169 3483 1203 3551; x_wconf 80' lang='grc' dir='ltr'><strong>ή</strong></span> <span class='ocrx_word' id='word_1_574' title='bbox 1231 3480 1359 3544; x_wconf 80' lang='grc' dir='ltr'>δόξα</span> <span class='ocrx_word' id='word_1_575' title='bbox 1388 3482 1470 3542; x_wconf 84' lang='grc' dir='ltr'><strong>είς</strong></span> <span class='ocrx_word' id='word_1_576' title='bbox 1496 3478 1624 3541; x_wconf 78' lang='grc' dir='ltr'>τοὺς</span> <span class='ocrx_word' id='word_1_577' title='bbox 1655 3478 1769 3533; x_wconf 81' lang='grc' dir='ltr'>αἰῶ·</span> 
     </span>
    </p>
   </div>
   <div class='ocr_carea' id='block_1_71' title="bbox 1878 3478 3456 3557">
    <p class='ocr_par' dir='ltr' id='par_1_71' title="bbox 1888 3478 3456 3557">
     <span class='ocr_line' id='line_1_71' title="bbox 1888 3478 3456 3557; baseline 0.005 -26"><span class='ocrx_word' id='word_1_578' title='bbox 1888 3478 2121 3542; x_wconf 84' lang='lat' dir='ltr'><strong>tionem,</strong></span> <span class='ocrx_word' id='word_1_579' title='bbox 2148 3489 2207 3532; x_wconf 92' lang='lat' dir='ltr'><strong>ut</strong></span> <span class='ocrx_word' id='word_1_580' title='bbox 2240 3479 2334 3533; x_wconf 87' lang='lat' dir='ltr'><strong>det</strong></span> <span class='ocrx_word' id='word_1_581' title='bbox 2364 3482 2597 3550; x_wconf 83' lang='lat' dir='ltr'><strong>gratiam</strong></span> <span class='ocrx_word' id='word_1_582' title='bbox 2624 3484 2998 3551; x_wconf 75' lang='lat' dir='ltr'><strong>audientibus</strong></span> <span class='ocrx_word' id='word_1_583' title='bbox 3032 3485 3097 3538; x_wconf 77' lang='grc'><strong>⁸⁷.</strong></span> <span class='ocrx_word' id='word_1_584' title='bbox 3138 3505 3156 3537; x_wconf 72' lang='grc' dir='ltr'><strong>ι</strong></span> <span class='ocrx_word' id='word_1_585' title='bbox 3183 3484 3320 3542; x_wconf 87' lang='lat' dir='ltr'><strong>Cum</strong></span> <span class='ocrx_word' id='word_1_586' title='bbox 3354 3485 3456 3557; x_wconf 88' lang='lat' dir='ltr'><strong>igi-</strong></span> 
     </span>
    </p>
   </div>
   <div class='ocr_carea' id='block_1_72' title="bbox 205 3569 3459 3648">
    <p class='ocr_par' dir='ltr' id='par_1_72' title="bbox 205 3569 3459 3648">
     <span class='ocr_line' id='line_1_72' title="bbox 205 3569 3459 3648; baseline 0.004 -30"><span class='ocrx_word' id='word_1_587' title='bbox 205 3591 325 3637; x_wconf 83' lang='grc' dir='ltr'>νας,</span> <span class='ocrx_word' id='word_1_588' title='bbox 368 3576 565 3644; x_wconf 61' lang='grc' dir='ltr'><strong>’Λμίμ</strong></span> <span class='ocrx_word' id='word_1_589' title='bbox 1884 3577 1995 3634; x_wconf 88' lang='lat' dir='ltr'><strong>tur,</strong></span> <span class='ocrx_word' id='word_1_590' title='bbox 2019 3569 2355 3634; x_wconf 87' lang='lat' dir='ltr'><strong>charissimi,</strong></span> <span class='ocrx_word' id='word_1_591' title='bbox 2391 3579 2470 3625; x_wconf 89' lang='lat' dir='ltr'><strong>tot</strong></span> <span class='ocrx_word' id='word_1_592' title='bbox 2497 3572 2636 3628; x_wconf 91' lang='lat' dir='ltr'><strong>adeo</strong></span> <span class='ocrx_word' id='word_1_593' title='bbox 2663 3590 2991 3629; x_wconf 86' lang='lat' dir='ltr'><strong>moneamur</strong></span> <span class='ocrx_word' id='word_1_594' title='bbox 3026 3574 3322 3648; x_wconf 69' lang='lat' dir='ltr'><strong>Scriptum</strong></span> <span class='ocrx_word' id='word_1_595' title='bbox 3375 3585 3459 3631; x_wconf 84' lang='lat' dir='ltr'><strong>tc-</strong></span> 
     </span>
    </p>
   </div>
   <div class='ocr_carea' id='block_1_73' title="bbox 192 3657 3461 3737">
    <p class='ocr_par' dir='ltr' id='par_1_73' title="bbox 192 3657 3461 3737">
     <span class='ocr_line' id='line_1_73' title="bbox 192 3657 3461 3737; baseline 0.002 -22"><span class='ocrx_word' id='word_1_596' title='bbox 192 3663 505 3725; x_wconf 83' lang='lat' dir='ltr'><strong>~stimoniis,</strong></span> <span class='ocrx_word' id='word_1_597' title='bbox 531 3662 680 3716; x_wconf 90' lang='lat' dir='ltr'><strong>omni</strong></span> <span class='ocrx_word' id='word_1_598' title='bbox 736 3660 923 3716; x_wconf 90' lang='lat' dir='ltr'><strong>studio</strong></span> <span class='ocrx_word' id='word_1_599' title='bbox 950 3659 1239 3715; x_wconf 89' lang='lat' dir='ltr'><strong>vitabundi</strong></span> <span class='ocrx_word' id='word_1_600' title='bbox 1269 3658 1617 3730; x_wconf 83' lang='lat' dir='ltr'><strong>defugiamus</strong></span> <span class='ocrx_word' id='word_1_601' title='bbox 1671 3657 1880 3713; x_wconf 89' lang='lat' dir='ltr'><strong>otiosos</strong></span> <span class='ocrx_word' id='word_1_602' title='bbox 1913 3673 2220 3725; x_wconf 87' lang='lat' dir='ltr'><strong>sermones,</strong></span> <span class='ocrx_word' id='word_1_603' title='bbox 2278 3676 2389 3715; x_wconf 89' lang='lat' dir='ltr'><strong>non</strong></span> <span class='ocrx_word' id='word_1_604' title='bbox 2434 3662 2661 3717; x_wconf 87' lang='lat' dir='ltr'><strong>inutiles</strong></span> <span class='ocrx_word' id='word_1_605' title='bbox 2689 3665 2875 3728; x_wconf 90' lang='lat' dir='ltr'><strong>modo,</strong></span> <span class='ocrx_word' id='word_1_606' title='bbox 2897 3667 2990 3721; x_wconf 89' lang='lat' dir='ltr'><strong>sed</strong></span> <span class='ocrx_word' id='word_1_607' title='bbox 3028 3675 3085 3720; x_wconf 86' lang='lat' dir='ltr'><strong>et</strong></span> <span class='ocrx_word' id='word_1_608' title='bbox 3128 3681 3461 3737; x_wconf 86' lang='lat' dir='ltr'><strong>magnopere</strong></span> 
     </span>
    </p>
   </div>
   <div class='ocr_carea' id='block_1_74' title="bbox 200 3753 3454 3835">
    <p class='ocr_par' dir='ltr' id='par_1_74' title="bbox 200 3753 3454 3835">
     <span class='ocr_line' id='line_1_74' title="bbox 200 3753 3454 3835; baseline -0 -24"><span class='ocrx_word' id='word_1_609' title='bbox 200 3756 499 3811; x_wconf 81' lang='lat' dir='ltr'><strong>animabus</strong></span> <span class='ocrx_word' id='word_1_610' title='bbox 527 3756 737 3811; x_wconf 88' lang='lat' dir='ltr'><strong>nostris</strong></span> <span class='ocrx_word' id='word_1_611' title='bbox 763 3756 1212 3819; x_wconf 75' lang='lat' dir='ltr'><strong>detrimentnsos,</strong></span> <span class='ocrx_word' id='word_1_612' title='bbox 1250 3770 1413 3831; x_wconf 77' lang='lat' dir='ltr'><strong>aque,</strong></span> <span class='ocrx_word' id='word_1_613' title='bbox 1442 3753 1733 3835; x_wconf 87' lang='lat' dir='ltr'><strong>utdictum</strong></span> <span class='ocrx_word' id='word_1_614' title='bbox 1767 3754 1880 3824; x_wconf 85' lang='lat' dir='ltr'><strong>jam</strong></span> <span class='ocrx_word' id='word_1_615' title='bbox 1919 3763 2025 3818; x_wconf 84' lang='lat' dir='ltr'><strong>est,</strong></span> <span class='ocrx_word' id='word_1_616' title='bbox 2069 3769 2256 3808; x_wconf 83' lang='lat' dir='ltr'><strong>vocem</strong></span> <span class='ocrx_word' id='word_1_617' title='bbox 2305 3755 2451 3808; x_wconf 85' lang='lat' dir='ltr'><strong>illam</strong></span> <span class='ocrx_word' id='word_1_618' title='bbox 2492 3755 2712 3810; x_wconf 84' lang='lat' dir='ltr'><strong>Domini</strong></span> <span class='ocrx_word' id='word_1_619' title='bbox 2774 3759 3003 3821; x_wconf 55' lang='lat' dir='ltr'><strong>terroris</strong></span> <span class='ocrx_word' id='word_1_620' title='bbox 3053 3767 3112 3813; x_wconf 91' lang='lat' dir='ltr'><strong>et</strong></span> <span class='ocrx_word' id='word_1_621' title='bbox 3176 3757 3454 3812; x_wconf 86' lang='lat' dir='ltr'><strong>fortitudi-</strong></span> 
     </span>
    </p>
   </div>
   <div class='ocr_carea' id='block_1_75' title="bbox 208 3850 3460 3922">
    <p class='ocr_par' dir='ltr' id='par_1_75' title="bbox 208 3850 3460 3922">
     <span class='ocr_line' id='line_1_75' title="bbox 208 3850 3460 3922; baseline -0 -16"><span class='ocrx_word' id='word_1_622' title='bbox 208 3853 296 3907; x_wconf 88' lang='lat' dir='ltr'><strong>nis</strong></span> <span class='ocrx_word' id='word_1_623' title='bbox 360 3853 576 3922; x_wconf 78' lang='lat' dir='ltr'><strong>plenam</strong></span> <span class='ocrx_word' id='word_1_624' title='bbox 642 3852 922 3921; x_wconf 90' lang='lat' dir='ltr'><strong>perpetim</strong></span> <span class='ocrx_word' id='word_1_625' title='bbox 986 3851 1337 3921; x_wconf 79' lang='lat' dir='ltr'><strong>cogitemus,</strong></span> <span class='ocrx_word' id='word_1_626' title='bbox 1393 3865 1502 3919; x_wconf 89' lang='lat' dir='ltr'><strong>qua</strong></span> <span class='ocrx_word' id='word_1_627' title='bbox 1563 3864 1783 3919; x_wconf 68' lang='lat' dir='ltr'><strong>paenatn</strong></span> <span class='ocrx_word' id='word_1_628' title='bbox 1822 3850 2516 3905; x_wconf 72' lang='lat' dir='ltr'><strong>interminaturchmen</strong></span> <span class='ocrx_word' id='word_1_629' title='bbox 2577 3850 2703 3906; x_wconf 92' lang='lat' dir='ltr'><strong>dico</strong></span> <span class='ocrx_word' id='word_1_630' title='bbox 2729 3852 2906 3919; x_wconf 91' lang='lat' dir='ltr'><strong>vobis,</strong></span> <span class='ocrx_word' id='word_1_631' title='bbox 2952 3852 3082 3922; x_wconf 91' lang='lat' dir='ltr'><strong>quia</strong></span> <span class='ocrx_word' id='word_1_632' title='bbox 3146 3868 3309 3908; x_wconf 88' lang='lat' dir='ltr'><strong>omne</strong></span> <span class='ocrx_word' id='word_1_633' title='bbox 3333 3866 3460 3907; x_wconf 83' lang='lat' dir='ltr'><strong>ver-</strong></span> 
     </span>
    </p>
   </div>
   <div class='ocr_carea' id='block_1_76' title="bbox 208 3939 3463 4020">
    <p class='ocr_par' dir='ltr' id='par_1_76' title="bbox 208 3939 3463 4020">
     <span class='ocr_line' id='line_1_76' title="bbox 208 3939 3463 4020; baseline 0 -20"><span class='ocrx_word' id='word_1_634' title='bbox 208 3946 340 4000; x_wconf 90' lang='lat' dir='ltr'><strong>bum</strong></span> <span class='ocrx_word' id='word_1_635' title='bbox 370 3943 611 3998; x_wconf 90' lang='lat' dir='ltr'><strong>otiosum</strong></span> <span class='ocrx_word' id='word_1_636' title='bbox 641 3943 1024 4012; x_wconf 89' lang='lat' dir='ltr'><strong>quodcunque</strong></span> <span class='ocrx_word' id='word_1_637' title='bbox 1075 3940 1249 3995; x_wconf 90' lang='lat' dir='ltr'><strong>locuti</strong></span> <span class='ocrx_word' id='word_1_638' title='bbox 1296 3939 1506 3995; x_wconf 77' lang='lat' dir='ltr'><strong>fuerint</strong></span> <span class='ocrx_word' id='word_1_639' title='bbox 1558 3939 1833 4003; x_wconf 85' lang='lat' dir='ltr'><strong>homines,</strong></span> <span class='ocrx_word' id='word_1_640' title='bbox 1874 3940 2107 3997; x_wconf 85' lang='lat' dir='ltr'><strong>reddent</strong></span> <span class='ocrx_word' id='word_1_641' title='bbox 2164 3941 2434 3998; x_wconf 87' lang='lat' dir='ltr'><strong>rationem</strong></span> <span class='ocrx_word' id='word_1_642' title='bbox 2473 3944 2542 4000; x_wconf 89' lang='lat' dir='ltr'><strong>de</strong></span> <span class='ocrx_word' id='word_1_643' title='bbox 2573 3959 2641 4020; x_wconf 83' lang='lat' dir='ltr'><strong>eo</strong></span> <span class='ocrx_word' id='word_1_644' title='bbox 2673 3943 2728 3997; x_wconf 89' lang='lat' dir='ltr'><strong>in</strong></span> <span class='ocrx_word' id='word_1_645' title='bbox 2756 3944 2846 3999; x_wconf 89' lang='lat' dir='ltr'><strong>die</strong></span> <span class='ocrx_word' id='word_1_646' title='bbox 2888 3943 3078 4015; x_wconf 85' lang='lat' dir='ltr'><strong>iudicii</strong></span> <span class='ocrx_word' id='word_1_647' title='bbox 3117 3943 3180 4000; x_wconf 83' lang='grc'><strong>⁸⁸.</strong></span> <span class='ocrx_word' id='word_1_648' title='bbox 3204 3944 3309 4015; x_wconf 86' lang='lat' dir='ltr'><strong>Ipsi</strong></span> <span class='ocrx_word' id='word_1_649' title='bbox 3347 3945 3463 4016; x_wconf 88' lang='lat' dir='ltr'><strong>glo—</strong></span> 
     </span>
    </p>
   </div>
   <div class='ocr_carea' id='block_1_77' title="bbox 1872 2031 3440 2102">
    <p class='ocr_par' dir='ltr' id='par_1_77' title="bbox 1872 2031 3440 2102">
     <span class='ocr_line' id='line_1_77' title="bbox 1872 2031 3440 2102; baseline 0.001 -17"><span class='ocrx_word' id='word_1_650' title='bbox 1872 2031 2004 2086; x_wconf 88' lang='lat' dir='ltr'><strong>bilis</strong></span> <span class='ocrx_word' id='word_1_651' title='bbox 2030 2032 2139 2086; x_wconf 88' lang='lat' dir='ltr'><strong>erit</strong></span> <span class='ocrx_word' id='word_1_652' title='bbox 2167 2031 2333 2085; x_wconf 82' lang='lat' dir='ltr'><strong>&quot;.Ex</strong></span> <span class='ocrx_word' id='word_1_653' title='bbox 2362 2031 2716 2100; x_wconf 90' lang='lat' dir='ltr'><strong>multiloquio</strong></span> <span class='ocrx_word' id='word_1_654' title='bbox 2739 2047 2850 2086; x_wconf 90' lang='lat' dir='ltr'><strong>non</strong></span> <span class='ocrx_word' id='word_1_655' title='bbox 2873 2031 3100 2102; x_wconf 75' lang='lat' dir='ltr'><strong>effugiet</strong></span> <span class='ocrx_word' id='word_1_656' title='bbox 3130 2041 3440 2102; x_wconf 87' lang='lat' dir='ltr'><strong>peccatum,</strong></span> 
     </span>
    </p>
   </div>
   <div class='ocr_carea' id='block_1_78' title="bbox 1876 2122 3440 2192">
    <p class='ocr_par' dir='ltr' id='par_1_78' title="bbox 1876 2122 3440 2192">
     <span class='ocr_line' id='line_1_78' title="bbox 1876 2122 3440 2192; baseline 0.002 -16"><span class='ocrx_word' id='word_1_657' title='bbox 1876 2137 2120 2192; x_wconf 88' lang='lat' dir='ltr'><strong>parcens</strong></span> <span class='ocrx_word' id='word_1_658' title='bbox 2150 2130 2331 2177; x_wconf 86' lang='lat' dir='ltr'><strong>autem</strong></span> <span class='ocrx_word' id='word_1_659' title='bbox 2357 2122 2872 2191; x_wconf 78' lang='lat' dir='ltr'><strong>labiis,intelligens</strong></span> <span class='ocrx_word' id='word_1_660' title='bbox 2898 2122 3008 2177; x_wconf 88' lang='lat' dir='ltr'><strong>erit</strong></span> <span class='ocrx_word' id='word_1_661' title='bbox 3029 2123 3094 2177; x_wconf 87' lang='lat'><strong>&quot;.</strong></span> <span class='ocrx_word' id='word_1_662' title='bbox 3132 2141 3150 2174; x_wconf 77' lang='grc' dir='ltr'><strong>ι</strong></span> <span class='ocrx_word' id='word_1_663' title='bbox 3184 2123 3440 2179; x_wconf 80' lang='lat' dir='ltr'><strong>Rursus:</strong></span> 
     </span>
    </p>
   </div>
   <div class='ocr_carea' id='block_1_79' title="bbox 198 4037 1373 4095">
    <p class='ocr_par' dir='ltr' id='par_1_79' title="bbox 198 4037 1373 4095">
     <span class='ocr_line' id='line_1_79' title="bbox 198 4037 1373 4095; baseline 0 0"><span class='ocrx_word' id='word_1_664' title='bbox 198 4041 291 4095; x_wconf 75' lang='lat' dir='ltr'><strong>a&#39;ia</strong></span> <span class='ocrx_word' id='word_1_665' title='bbox 330 4041 385 4094; x_wconf 93' lang='lat' dir='ltr'><strong>in</strong></span> <span class='ocrx_word' id='word_1_666' title='bbox 414 4039 634 4095; x_wconf 69' lang='lat' dir='ltr'><strong>saecula.</strong></span> <span class='ocrx_word' id='word_1_667' title='bbox 683 4037 881 4094; x_wconf 84' lang='lat' dir='ltr'><strong>Amen.</strong></span> <span class='ocrx_word' id='word_1_668' title='bbox 1342 4069 1373 4095; x_wconf 56' lang='grc' dir='ltr'><strong>κ</strong></span> 
     </span>
    </p>
   </div>
   <div class='ocr_carea' id='block_1_80' title="bbox 290 4110 1178 4200">
    <p class='ocr_par' dir='ltr' id='par_1_80' title="bbox 290 4110 1178 4200">
     <span class='ocr_line' id='line_1_80' title="bbox 290 4110 1178 4200; baseline -0.01 6"><span class='ocrx_word' id='word_1_669' title='bbox 290 4142 293 4145; x_wconf 84' lang='grc'><em>’</em></span> <span class='ocrx_word' id='word_1_670' title='bbox 809 4110 1027 4200; x_wconf 58' lang='lat' dir='ltr'><strong>ituros</strong></span> <span class='ocrx_word' id='word_1_671' title='bbox 1056 4143 1178 4199; x_wconf 82' lang='lat' dir='ltr'><strong>AA&#39;.</strong></span> 
     </span>
    </p>
   </div>
   <div class='ocr_carea' id='block_1_81' title="bbox 737 4257 1266 4326">
    <p class='ocr_par' dir='ltr' id='par_1_81' title="bbox 737 4257 1266 4326">
     <span class='ocr_line' id='line_1_81' title="bbox 737 4257 1266 4326; baseline -0.004 -14"><span class='ocrx_word' id='word_1_672' title='bbox 737 4259 876 4326; x_wconf 72' lang='grc' dir='ltr'>Περὶ</span> <span class='ocrx_word' id='word_1_673' title='bbox 912 4257 1266 4326; x_wconf 76' lang='grc' dir='ltr'>περιεργίας.</span> 
     </span>
    </p>
   </div>
   <div class='ocr_carea' id='block_1_82' title="bbox 283 4366 1785 4448">
    <p class='ocr_par' dir='ltr' id='par_1_82' title="bbox 283 4366 1785 4448">
     <span class='ocr_line' id='line_1_82' title="bbox 283 4366 1785 4448; baseline -0.008 -16"><span class='ocrx_word' id='word_1_674' title='bbox 283 4379 358 4432; x_wconf 85' lang='grc' dir='ltr'>Τδ</span> <span class='ocrx_word' id='word_1_675' title='bbox 388 4375 875 4448; x_wconf 83' lang='grc' dir='ltr'>πολυπραγμονεῖν</span> <span class='ocrx_word' id='word_1_676' title='bbox 909 4371 1006 4425; x_wconf 79' lang='grc' dir='ltr'>καὶ</span> <span class='ocrx_word' id='word_1_677' title='bbox 1038 4367 1504 4440; x_wconf 78' lang='grc' dir='ltr'>περιεργάζεσθαι</span> <span class='ocrx_word' id='word_1_678' title='bbox 1534 4366 1601 4422; x_wconf 82' lang='grc' dir='ltr'><strong>τὰ</strong></span> <span class='ocrx_word' id='word_1_679' title='bbox 1629 4367 1785 4422; x_wconf 86' lang='grc' dir='ltr'>ἀλλό-</span> 
     </span>
    </p>
   </div>
   <div class='ocr_carea' id='block_1_83' title="bbox 210 4458 1784 4540">
    <p class='ocr_par' dir='ltr' id='par_1_83' title="bbox 210 4458 1784 4540">
     <span class='ocr_line' id='line_1_83' title="bbox 210 4458 1784 4540; baseline -0.007 -17"><span class='ocrx_word' id='word_1_680' title='bbox 210 4487 378 4540; x_wconf 86' lang='grc' dir='ltr'>τρια.</span> <span class='ocrx_word' id='word_1_681' title='bbox 439 4465 784 4538; x_wconf 80' lang='grc' dir='ltr'>ἀνάρμοστόν</span> <span class='ocrx_word' id='word_1_682' title='bbox 829 4466 978 4518; x_wconf 78' lang='grc' dir='ltr'>ἐστιν</span> <span class='ocrx_word' id='word_1_683' title='bbox 1028 4460 1303 4535; x_wconf 81' lang='grc' dir='ltr'>ἀνθρώπῳ</span> <span class='ocrx_word' id='word_1_684' title='bbox 1344 4459 1423 4531; x_wconf 83' lang='grc' dir='ltr'>τῷ</span> <span class='ocrx_word' id='word_1_685' title='bbox 1457 4458 1661 4513; x_wconf 80' lang='grc' dir='ltr'>θέλοντι</span> <span class='ocrx_word' id='word_1_686' title='bbox 1692 4460 1784 4512; x_wconf 84' lang='grc' dir='ltr'>εύ-</span> 
     </span>
    </p>
   </div>
   <div class='ocr_carea' id='block_1_84' title="bbox 210 4549 1782 4634">
    <p class='ocr_par' dir='ltr' id='par_1_84' title="bbox 210 4549 1782 4634">
     <span class='ocr_line' id='line_1_84' title="bbox 210 4549 1782 4634; baseline -0.009 -18"><span class='ocrx_word' id='word_1_687' title='bbox 210 4552 514 4634; x_wconf 66' lang='grc' dir='ltr'>σῖρεστῆσαι</span> <span class='ocrx_word' id='word_1_688' title='bbox 554 4558 696 4629; x_wconf 84' lang='grc' dir='ltr'>Θεῷ.</span> <span class='ocrx_word' id='word_1_689' title='bbox 759 4556 819 4611; x_wconf 84' lang='grc' dir='ltr'>Ὀ</span> <span class='ocrx_word' id='word_1_690' title='bbox 856 4556 966 4626; x_wconf 82' lang='grc' dir='ltr'><strong>γὰρ</strong></span> <span class='ocrx_word' id='word_1_691' title='bbox 1019 4552 1341 4624; x_wconf 85' lang='grc' dir='ltr'>βουλόμενος</span> <span class='ocrx_word' id='word_1_692' title='bbox 1373 4549 1635 4619; x_wconf 76' lang='grc' dir='ltr'>ἀϐέόηλον</span> <span class='ocrx_word' id='word_1_693' title='bbox 1670 4550 1782 4620; x_wconf 86' lang='grc' dir='ltr'>βίον</span> 
     </span>
    </p>
   </div>
   <div class='ocr_carea' id='block_1_85' title="bbox 212 4635 1782 4719">
    <p class='ocr_par' dir='ltr' id='par_1_85' title="bbox 212 4635 1782 4719">
     <span class='ocr_line' id='line_1_85' title="bbox 212 4635 1782 4719; baseline -0.008 -12"><span class='ocrx_word' id='word_1_694' title='bbox 212 4652 596 4708; x_wconf 86' lang='grc' dir='ltr'>πολιτεύεσθαι</span> <span class='ocrx_word' id='word_1_695' title='bbox 633 4652 691 4704; x_wconf 77' lang='grc' dir='ltr'>ὲν</span> <span class='ocrx_word' id='word_1_696' title='bbox 718 4648 854 4719; x_wconf 84' lang='grc' dir='ltr'>τῷδε</span> <span class='ocrx_word' id='word_1_697' title='bbox 886 4647 966 4716; x_wconf 83' lang='grc' dir='ltr'>τῷ</span> <span class='ocrx_word' id='word_1_698' title='bbox 996 4645 1129 4716; x_wconf 83' lang='grc' dir='ltr'>βίῳ,</span> <span class='ocrx_word' id='word_1_699' title='bbox 1162 4642 1508 4713; x_wconf 85' lang='grc' dir='ltr'>αὐτόστοιχος</span> <span class='ocrx_word' id='word_1_700' title='bbox 1533 4642 1678 4696; x_wconf 83' lang='grc' dir='ltr'>θέλει</span> <span class='ocrx_word' id='word_1_701' title='bbox 1703 4635 1782 4695; x_wconf 78' lang='grc' dir='ltr'><strong>εἷ-</strong></span> 
     </span>
    </p>
   </div>
   <div class='ocr_carea' id='block_1_86' title="bbox 212 4731 1796 4809">
    <p class='ocr_par' dir='ltr' id='par_1_86' title="bbox 212 4731 1796 4809">
     <span class='ocr_line' id='line_1_86' title="bbox 212 4731 1796 4809; baseline -0.009 -11"><span class='ocrx_word' id='word_1_702' title='bbox 212 4762 301 4798; x_wconf 91' lang='grc' dir='ltr'><strong>ναι</strong></span> <span class='ocrx_word' id='word_1_703' title='bbox 326 4784 340 4807; x_wconf 91' lang='grc'><strong>,</strong></span> <span class='ocrx_word' id='word_1_704' title='bbox 392 4743 707 4808; x_wconf 79' lang='grc' dir='ltr'>τουτέστιν,</span> <span class='ocrx_word' id='word_1_705' title='bbox 759 4737 940 4809; x_wconf 74' lang='grc' dir='ltr'>ἑαυτῷ</span> <span class='ocrx_word' id='word_1_706' title='bbox 985 4737 1307 4809; x_wconf 79' lang='grc' dir='ltr'>προσέχειν,</span> <span class='ocrx_word' id='word_1_707' title='bbox 1353 4735 1447 4787; x_wconf 80' lang='grc' dir='ltr'>καὶ</span> <span class='ocrx_word' id='word_1_708' title='bbox 1492 4734 1550 4787; x_wconf 80' lang='grc' dir='ltr'>ὲν</span> <span class='ocrx_word' id='word_1_709' title='bbox 1597 4731 1796 4804; x_wconf 78' lang='grc' dir='ltr'>ἡσυχίᾳ</span> 
     </span>
    </p>
   </div>
   <div class='ocr_carea' id='block_1_87' title="bbox 214 4824 1787 4907">
    <p class='ocr_par' dir='ltr' id='par_1_87' title="bbox 214 4824 1787 4907">
     <span class='ocr_line' id='line_1_87' title="bbox 214 4824 1787 4907; baseline -0.009 -18"><span class='ocrx_word' id='word_1_710' title='bbox 214 4834 568 4907; x_wconf 82' lang='grc' dir='ltr'>προσομιλεῖν</span> <span class='ocrx_word' id='word_1_711' title='bbox 598 4831 679 4902; x_wconf 84' lang='grc' dir='ltr'><strong>τῷ</strong></span> <span class='ocrx_word' id='word_1_712' title='bbox 704 4830 826 4902; x_wconf 86' lang='grc' dir='ltr'><strong>Θεῷ</strong></span> <span class='ocrx_word' id='word_1_713' title='bbox 857 4831 957 4901; x_wconf 80' lang='grc' dir='ltr'>ἀρε</span> <span class='ocrx_word' id='word_1_714' title='bbox 968 4828 1194 4900; x_wconf 79' lang='grc' dir='ltr'>μσάστῳ</span> <span class='ocrx_word' id='word_1_715' title='bbox 1228 4824 1517 4894; x_wconf 54' lang='grc' dir='ltr'>λογισμῷ,</span> <span class='ocrx_word' id='word_1_716' title='bbox 1535 4824 1626 4878; x_wconf 76' lang='grc' dir='ltr'><strong>καὶ</strong></span> <span class='ocrx_word' id='word_1_717' title='bbox 1655 4825 1787 4877; x_wconf 86' lang='grc' dir='ltr'>ἀπε-</span> 
     </span>
    </p>
   </div>
   <div class='ocr_carea' id='block_1_88' title="bbox 216 4914 1793 4998">
    <p class='ocr_par' dir='ltr' id='par_1_88' title="bbox 216 4914 1793 4998">
     <span class='ocr_line' id='line_1_88' title="bbox 216 4914 1793 4998; baseline -0.008 -19"><span class='ocrx_word' id='word_1_718' title='bbox 216 4926 422 4998; x_wconf 70' lang='grc' dir='ltr'>ριέργῳ</span> <span class='ocrx_word' id='word_1_719' title='bbox 463 4923 572 4994; x_wconf 86' lang='grc' dir='ltr'>νῷ,</span> <span class='ocrx_word' id='word_1_720' title='bbox 620 4924 678 4977; x_wconf 83' lang='grc' dir='ltr'>ὲν</span> <span class='ocrx_word' id='word_1_721' title='bbox 711 4922 858 4993; x_wconf 78' lang='grc' dir='ltr'>ἁπλῇ</span> <span class='ocrx_word' id='word_1_722' title='bbox 891 4920 1156 4974; x_wconf 82' lang='grc' dir='ltr'>διαθέσει.</span> <span class='ocrx_word' id='word_1_723' title='bbox 1216 4916 1402 4979; x_wconf 77' lang='grc' dir='ltr'>Οὕτως</span> <span class='ocrx_word' id='word_1_724' title='bbox 1429 4917 1539 4986; x_wconf 78' lang='grc' dir='ltr'>γὰρ</span> <span class='ocrx_word' id='word_1_725' title='bbox 1566 4914 1793 4968; x_wconf 77' lang='grc' dir='ltr'>ἐπελεύ-</span> 
     </span>
    </p>
   </div>
   <div class='ocr_carea' id='block_1_89' title="bbox 215 5005 1791 5079">
    <p class='ocr_par' dir='ltr' id='par_1_89' title="bbox 215 5005 1791 5079">
     <span class='ocr_line' id='line_1_89' title="bbox 215 5005 1791 5079; baseline -0.008 -10"><span class='ocrx_word' id='word_1_726' title='bbox 215 5033 369 5070; x_wconf 89' lang='grc' dir='ltr'>σεται</span> <span class='ocrx_word' id='word_1_727' title='bbox 410 5015 497 5067; x_wconf 77' lang='grc' dir='ltr'><strong>ὲπ⁵</strong></span> <span class='ocrx_word' id='word_1_728' title='bbox 525 5013 690 5068; x_wconf 77' lang='grc' dir='ltr'>αὑτὸν</span> <span class='ocrx_word' id='word_1_729' title='bbox 727 5011 1000 5073; x_wconf 84' lang='grc' dir='ltr'>πλουσίως</span> <span class='ocrx_word' id='word_1_730' title='bbox 1043 5012 1078 5079; x_wconf 82' lang='grc' dir='ltr'>ὴ</span> <span class='ocrx_word' id='word_1_731' title='bbox 1112 5008 1274 5078; x_wconf 81' lang='grc' dir='ltr'>χάρις</span> <span class='ocrx_word' id='word_1_732' title='bbox 1305 5005 1399 5059; x_wconf 87' lang='grc' dir='ltr'><strong>τοῦ</strong></span> <span class='ocrx_word' id='word_1_733' title='bbox 1434 5005 1591 5073; x_wconf 81' lang='grc' dir='ltr'>ἁγίου</span> <span class='ocrx_word' id='word_1_734' title='bbox 1620 5006 1791 5058; x_wconf 87' lang='grc' dir='ltr'>Πνεύ-</span> 
     </span>
    </p>
   </div>
   <div class='ocr_carea' id='block_1_90' title="bbox 2397 4146 2932 4204">
    <p class='ocr_par' dir='ltr' id='par_1_90' title="bbox 2397 4146 2932 4204">
     <span class='ocr_line' id='line_1_90' title="bbox 2397 4146 2932 4204; baseline 0.006 -4"><span class='ocrx_word' id='word_1_735' title='bbox 2397 4146 2681 4203; x_wconf 82' lang='lat' dir='ltr'><strong>llOMlLlA</strong></span> <span class='ocrx_word' id='word_1_736' title='bbox 2715 4147 2932 4204; x_wconf 83' lang='lat' dir='ltr'><strong>XXXIV</strong></span> 
     </span>
    </p>
   </div>
   <div class='ocr_carea' id='block_1_91' title="bbox 2554 4254 2789 4310">
    <p class='ocr_par' dir='ltr' id='par_1_91' title="bbox 2554 4254 2789 4310">
     <span class='ocr_line' id='line_1_91' title="bbox 2554 4254 2789 4310; baseline 0.013 -3"><span class='ocrx_word' id='word_1_737' title='bbox 2554 4254 2634 4308; x_wconf 75' lang='lat' dir='ltr'><strong>De</strong></span> <span class='ocrx_word' id='word_1_738' title='bbox 2665 4257 2789 4310; x_wconf 80' lang='lat' dir='ltr'><strong>otio.</strong></span> 
     </span>
    </p>
   </div>
   <div class='ocr_carea' id='block_1_92' title="bbox 1959 4364 3464 4443">
    <p class='ocr_par' dir='ltr' id='par_1_92' title="bbox 1959 4364 3464 4443">
     <span class='ocr_line' id='line_1_92' title="bbox 1959 4364 3464 4443; baseline 0.007 -25"><span class='ocrx_word' id='word_1_739' title='bbox 1959 4364 2171 4419; x_wconf 81' lang='lat' dir='ltr'><strong>Rerum</strong></span> <span class='ocrx_word' id='word_1_740' title='bbox 2219 4364 2529 4419; x_wconf 87' lang='lat' dir='ltr'><strong>alienarum</strong></span> <span class='ocrx_word' id='word_1_741' title='bbox 2582 4373 2830 4437; x_wconf 87' lang='lat' dir='ltr'><strong>satagere</strong></span> <span class='ocrx_word' id='word_1_742' title='bbox 2880 4368 3190 4436; x_wconf 90' lang='lat' dir='ltr'><strong>curiosius,</strong></span> <span class='ocrx_word' id='word_1_743' title='bbox 3241 4382 3299 4425; x_wconf 86' lang='lat' dir='ltr'><strong>et</strong></span> <span class='ocrx_word' id='word_1_744' title='bbox 3340 4387 3464 4443; x_wconf 73' lang='lat' dir='ltr'><strong>quae</strong></span> 
     </span>
    </p>
   </div>
   <div class='ocr_carea' id='block_1_93' title="bbox 1885 4456 3465 4532">
    <p class='ocr_par' dir='ltr' id='par_1_93' title="bbox 1885 4456 3465 4532">
     <span class='ocr_line' id='line_1_93' title="bbox 1885 4456 3465 4532; baseline 0.003 -20"><span class='ocrx_word' id='word_1_745' title='bbox 1885 4470 2292 4527; x_wconf 85' lang='lat' dir='ltr'><strong>supervacanea</strong></span> <span class='ocrx_word' id='word_1_746' title='bbox 2319 4464 2471 4522; x_wconf 91' lang='lat' dir='ltr'><strong>sunt,</strong></span> <span class='ocrx_word' id='word_1_747' title='bbox 2496 4471 2601 4511; x_wconf 90' lang='lat' dir='ltr'><strong>nec</strong></span> <span class='ocrx_word' id='word_1_748' title='bbox 2625 4458 2794 4513; x_wconf 87' lang='lat' dir='ltr'><strong>ullius</strong></span> <span class='ocrx_word' id='word_1_749' title='bbox 2816 4456 3009 4530; x_wconf 88' lang='lat' dir='ltr'><strong>frugis,</strong></span> <span class='ocrx_word' id='word_1_750' title='bbox 3037 4460 3252 4527; x_wconf 90' lang='lat' dir='ltr'><strong>moliri,</strong></span> <span class='ocrx_word' id='word_1_751' title='bbox 3302 4477 3465 4532; x_wconf 87' lang='lat' dir='ltr'><strong>pror-</strong></span> 
     </span>
    </p>
   </div>
   <div class='ocr_carea' id='block_1_94' title="bbox 1903 4546 3463 4624">
    <p class='ocr_par' dir='ltr' id='par_1_94' title="bbox 1903 4546 3463 4624">
     <span class='ocr_line' id='line_1_94' title="bbox 1903 4546 3463 4624; baseline 0.004 -22"><span class='ocrx_word' id='word_1_752' title='bbox 1903 4561 2005 4603; x_wconf 84' lang='lat' dir='ltr'><strong>sus</strong></span> <span class='ocrx_word' id='word_1_753' title='bbox 2050 4546 2467 4611; x_wconf 87' lang='lat' dir='ltr'><strong>dissentaneum</strong></span> <span class='ocrx_word' id='word_1_754' title='bbox 2511 4546 2767 4614; x_wconf 85' lang='lat' dir='ltr'><strong>videtur,</strong></span> <span class='ocrx_word' id='word_1_755' title='bbox 2818 4564 2923 4605; x_wconf 89' lang='lat' dir='ltr'><strong>nec</strong></span> <span class='ocrx_word' id='word_1_756' title='bbox 2954 4552 3254 4608; x_wconf 87' lang='lat' dir='ltr'><strong>convenire</strong></span> <span class='ocrx_word' id='word_1_757' title='bbox 3283 4554 3335 4608; x_wconf 90' lang='lat' dir='ltr'><strong>ei</strong></span> <span class='ocrx_word' id='word_1_758' title='bbox 3367 4554 3463 4624; x_wconf 91' lang='lat' dir='ltr'><strong>qui</strong></span> 
     </span>
    </p>
   </div>
   <div class='ocr_carea' id='block_1_95' title="bbox 1896 4637 3463 4715">
    <p class='ocr_par' dir='ltr' id='par_1_95' title="bbox 1896 4637 3463 4715">
     <span class='ocr_line' id='line_1_95' title="bbox 1896 4637 3463 4715; baseline 0.005 -22"><span class='ocrx_word' id='word_1_759' title='bbox 1896 4637 2011 4694; x_wconf 86' lang='lat' dir='ltr'><strong>Deo</strong></span> <span class='ocrx_word' id='word_1_760' title='bbox 2066 4639 2354 4694; x_wconf 89' lang='lat' dir='ltr'><strong>contendit</strong></span> <span class='ocrx_word' id='word_1_761' title='bbox 2402 4654 2566 4709; x_wconf 88' lang='lat' dir='ltr'><strong>quam</strong></span> <span class='ocrx_word' id='word_1_762' title='bbox 2602 4641 2837 4697; x_wconf 83' lang='lat' dir='ltr'><strong>maxime</strong></span> <span class='ocrx_word' id='word_1_763' title='bbox 2877 4657 2999 4698; x_wconf 87' lang='lat' dir='ltr'><strong>esse</strong></span> <span class='ocrx_word' id='word_1_764' title='bbox 3027 4644 3323 4715; x_wconf 88' lang='lat' dir='ltr'><strong>gratiosus.</strong></span> <span class='ocrx_word' id='word_1_765' title='bbox 3359 4644 3463 4713; x_wconf 87' lang='lat' dir='ltr'><strong>Qui</strong></span> 
     </span>
    </p>
   </div>
   <div class='ocr_carea' id='block_1_96' title="bbox 1894 4731 3466 4805">
    <p class='ocr_par' dir='ltr' id='par_1_96' title="bbox 1894 4731 3466 4805">
     <span class='ocr_line' id='line_1_96' title="bbox 1894 4731 3466 4805; baseline 0.003 -19"><span class='ocrx_word' id='word_1_766' title='bbox 1894 4731 2046 4787; x_wconf 89' lang='lat' dir='ltr'><strong>enim</strong></span> <span class='ocrx_word' id='word_1_767' title='bbox 2069 4731 2196 4786; x_wconf 72' lang='lat' dir='ltr'><strong>vita:</strong></span> <span class='ocrx_word' id='word_1_768' title='bbox 2215 4731 2638 4786; x_wconf 89' lang='lat' dir='ltr'><strong>sanctimoniam</strong></span> <span class='ocrx_word' id='word_1_769' title='bbox 2659 4732 2909 4802; x_wconf 84' lang='lat' dir='ltr'><strong>proﬁteri</strong></span> <span class='ocrx_word' id='word_1_770' title='bbox 2926 4734 3045 4788; x_wconf 91' lang='lat' dir='ltr'><strong>vult</strong></span> <span class='ocrx_word' id='word_1_771' title='bbox 3063 4743 3229 4805; x_wconf 88' lang='lat' dir='ltr'><strong>atque</strong></span> <span class='ocrx_word' id='word_1_772' title='bbox 3246 4736 3466 4791; x_wconf 89' lang='lat' dir='ltr'><strong>mundi-</strong></span> 
     </span>
    </p>
   </div>
   <div class='ocr_carea' id='block_1_97' title="bbox 1894 4824 3466 4894">
    <p class='ocr_par' dir='ltr' id='par_1_97' title="bbox 1894 4824 3466 4894">
     <span class='ocr_line' id='line_1_97' title="bbox 1894 4824 3466 4894; baseline 0.003 -16"><span class='ocrx_word' id='word_1_773' title='bbox 1894 4825 2025 4879; x_wconf 90' lang='lat' dir='ltr'><strong>tiam</strong></span> <span class='ocrx_word' id='word_1_774' title='bbox 2052 4864 2068 4889; x_wconf 90' lang='lat'><strong>,</strong></span> <span class='ocrx_word' id='word_1_775' title='bbox 2125 4837 2354 4878; x_wconf 87' lang='lat' dir='ltr'><strong>necesse</strong></span> <span class='ocrx_word' id='word_1_776' title='bbox 2381 4833 2467 4877; x_wconf 91' lang='lat' dir='ltr'><strong>est</strong></span> <span class='ocrx_word' id='word_1_777' title='bbox 2496 4824 2710 4894; x_wconf 89' lang='lat' dir='ltr'><strong>perpeti</strong></span> <span class='ocrx_word' id='word_1_778' title='bbox 2781 4833 2970 4881; x_wconf 89' lang='lat' dir='ltr'><strong>tenore</strong></span> <span class='ocrx_word' id='word_1_779' title='bbox 3013 4827 3181 4881; x_wconf 91' lang='lat' dir='ltr'><strong>vitam</strong></span> <span class='ocrx_word' id='word_1_780' title='bbox 3215 4827 3466 4882; x_wconf 89' lang='lat' dir='ltr'><strong>instituat</strong></span> 
     </span>
    </p>
   </div>
   <div class='ocr_carea' id='block_1_98' title="bbox 1894 4914 3468 4988">
    <p class='ocr_par' dir='ltr' id='par_1_98' title="bbox 1894 4914 3468 4988">
     <span class='ocr_line' id='line_1_98' title="bbox 1894 4914 3468 4988; baseline 0.002 -19"><span class='ocrx_word' id='word_1_781' title='bbox 1894 4928 2053 4969; x_wconf 88' lang='lat' dir='ltr'><strong>suam</strong></span> <span class='ocrx_word' id='word_1_782' title='bbox 2081 4931 2095 4967; x_wconf 89' lang='lat'><strong>:</strong></span> <span class='ocrx_word' id='word_1_783' title='bbox 2122 4914 2229 4970; x_wconf 89' lang='lat' dir='ltr'><strong>hoc</strong></span> <span class='ocrx_word' id='word_1_784' title='bbox 2253 4923 2359 4979; x_wconf 89' lang='lat' dir='ltr'><strong>est,</strong></span> <span class='ocrx_word' id='word_1_785' title='bbox 2390 4914 2496 4969; x_wconf 89' lang='lat' dir='ltr'><strong>sibi</strong></span> <span class='ocrx_word' id='word_1_786' title='bbox 2531 4922 2593 4970; x_wconf 89' lang='lat' dir='ltr'><strong>ut</strong></span> <span class='ocrx_word' id='word_1_787' title='bbox 2613 4916 2886 4981; x_wconf 87' lang='lat' dir='ltr'><strong>attendat,</strong></span> <span class='ocrx_word' id='word_1_788' title='bbox 2910 4917 3131 4987; x_wconf 87' lang='lat' dir='ltr'><strong>Deoque</strong></span> <span class='ocrx_word' id='word_1_789' title='bbox 3150 4933 3316 4988; x_wconf 85' lang='lat' dir='ltr'><strong>quam</strong></span> <span class='ocrx_word' id='word_1_790' title='bbox 3340 4934 3468 4988; x_wconf 82' lang='lat' dir='ltr'><strong>pro-</strong></span> 
     </span>
    </p>
   </div>
   <div class='ocr_carea' id='block_1_99' title="bbox 1893 5006 3463 5078">
    <p class='ocr_par' dir='ltr' id='par_1_99' title="bbox 1893 5006 3463 5078">
     <span class='ocr_line' id='line_1_99' title="bbox 1893 5006 3463 5078; baseline 0.003 -18"><span class='ocrx_word' id='word_1_791' title='bbox 1893 5006 2042 5062; x_wconf 84' lang='lat' dir='ltr'><strong>xime</strong></span> <span class='ocrx_word' id='word_1_792' title='bbox 2069 5015 2257 5077; x_wconf 84' lang='lat' dir='ltr'><strong>potest</strong></span> <span class='ocrx_word' id='word_1_793' title='bbox 2286 5007 2683 5078; x_wconf 88' lang='lat' dir='ltr'><strong>congrediatur</strong></span> <span class='ocrx_word' id='word_1_794' title='bbox 2708 5008 2860 5062; x_wconf 92' lang='lat' dir='ltr'><strong>omni</strong></span> <span class='ocrx_word' id='word_1_795' title='bbox 2885 5023 3009 5062; x_wconf 88' lang='lat' dir='ltr'><strong>cum</strong></span> <span class='ocrx_word' id='word_1_796' title='bbox 3041 5009 3463 5078; x_wconf 84' lang='lat' dir='ltr'><strong>tranquillitate,</strong></span> 
     </span>
    </p>
   </div>
   <div class='ocr_carea' id='block_1_100' title="bbox 216 5091 1769 5177">
    <p class='ocr_par' dir='ltr' id='par_1_100' title="bbox 216 5091 1769 5177">
     <span class='ocr_line' id='line_1_100' title="bbox 216 5091 1769 5177; baseline -0.006 -18"><span class='ocrx_word' id='word_1_797' title='bbox 216 5122 410 5177; x_wconf 78' lang='grc' dir='ltr'>ματος.</span> <span class='ocrx_word' id='word_1_798' title='bbox 430 5105 747 5173; x_wconf 80' lang='grc' dir='ltr'>Γέγραπται</span> <span class='ocrx_word' id='word_1_799' title='bbox 771 5102 829 5155; x_wconf 76' lang='grc' dir='ltr'>δὲ</span> <span class='ocrx_word' id='word_1_800' title='bbox 855 5103 913 5155; x_wconf 81' lang='grc' dir='ltr'>ὲν</span> <span class='ocrx_word' id='word_1_801' title='bbox 933 5102 1053 5162; x_wconf 84' lang='grc' dir='ltr'>ταῖς</span> <span class='ocrx_word' id='word_1_802' title='bbox 1079 5091 1444 5169; x_wconf 72' lang='grc' dir='ltr'>Παροιμίαις·</span> <span class='ocrx_word' id='word_1_803' title='bbox 1475 5116 1490 5147; x_wconf 78' lang='grc' dir='ltr'><strong>ι</strong></span> <span class='ocrx_word' id='word_1_804' title='bbox 1511 5097 1769 5168; x_wconf 73' lang='grc' dir='ltr'>Βαθύτερι</span> 
     </span>
    </p>
   </div>
   <div class='ocr_carea' id='block_1_101' title="bbox 1878 5091 3465 5177">
    <p class='ocr_par' dir='ltr' id='par_1_101' title="bbox 1891 5098 3465 5170">
     <span class='ocr_line' id='line_1_101' title="bbox 1891 5098 3465 5170; baseline 0.001 -18"><span class='ocrx_word' id='word_1_805' title='bbox 1891 5113 1996 5152; x_wconf 81' lang='lat' dir='ltr'><strong>nec</strong></span> <span class='ocrx_word' id='word_1_806' title='bbox 2024 5098 2144 5152; x_wconf 90' lang='lat' dir='ltr'><strong>istis</strong></span> <span class='ocrx_word' id='word_1_807' title='bbox 2168 5099 2413 5153; x_wconf 84' lang='lat' dir='ltr'><strong>externis</strong></span> <span class='ocrx_word' id='word_1_808' title='bbox 2436 5107 2706 5168; x_wconf 89' lang='lat' dir='ltr'><strong>occupata</strong></span> <span class='ocrx_word' id='word_1_809' title='bbox 2727 5099 3088 5170; x_wconf 89' lang='lat' dir='ltr'><strong>cogitatione,</strong></span> <span class='ocrx_word' id='word_1_810' title='bbox 3109 5098 3309 5154; x_wconf 80' lang='lat' dir='ltr'><strong>affectu</strong></span> <span class='ocrx_word' id='word_1_811' title='bbox 3332 5100 3465 5155; x_wconf 88' lang='lat' dir='ltr'><strong>item</strong></span> 
     </span>
    </p>
   </div>
   <div class='ocr_carea' id='block_1_102' title="bbox 285 5248 3466 5325">
    <p class='ocr_par' dir='ltr' id='par_1_102' title="bbox 285 5248 3466 5325">
     <span class='ocr_line' id='line_1_102' title="bbox 285 5248 3466 5325; baseline 0 -12"><span class='ocrx_word' id='word_1_812' title='bbox 285 5265 329 5297; x_wconf 75' lang='grc'><strong>⁷⁸</strong></span> <span class='ocrx_word' id='word_1_813' title='bbox 362 5254 525 5313; x_wconf 83' lang='lat' dir='ltr'><strong>Rom.</strong></span> <span class='ocrx_word' id='word_1_814' title='bbox 558 5258 722 5325; x_wconf 75' lang='lat' dir='ltr'><strong>n,2l.</strong></span> <span class='ocrx_word' id='word_1_815' title='bbox 824 5261 868 5293; x_wconf 81' lang='grc'><strong>⁷³</strong></span> <span class='ocrx_word' id='word_1_816' title='bbox 903 5262 1064 5315; x_wconf 83' lang='lat' dir='ltr'><strong>Prov.</strong></span> <span class='ocrx_word' id='word_1_817' title='bbox 1094 5274 1233 5323; x_wconf 71' lang='lat' dir='ltr'><strong>xxiv,</strong></span> <span class='ocrx_word' id='word_1_818' title='bbox 1273 5259 1326 5311; x_wconf 90' lang='grc'><strong>1.</strong></span> <span class='ocrx_word' id='word_1_819' title='bbox 1389 5256 1434 5287; x_wconf 76' lang='grc'><strong>⁷⁸</strong></span> <span class='ocrx_word' id='word_1_820' title='bbox 1487 5254 1624 5309; x_wconf 92' lang='lat' dir='ltr'><strong>ibid.</strong></span> <span class='ocrx_word' id='word_1_821' title='bbox 1665 5255 1846 5310; x_wconf 72' lang='lat'><strong>11.12.</strong></span> <span class='ocrx_word' id='word_1_822' title='bbox 1940 5248 2227 5321; x_wconf 62' lang='lat' dir='ltr'><strong>&quot;Promx,</strong></span> <span class='ocrx_word' id='word_1_823' title='bbox 2253 5257 2339 5312; x_wconf 74' lang='grc'>14.</span> <span class='ocrx_word' id='word_1_824' title='bbox 2415 5257 2649 5312; x_wconf 80' lang='lat' dir='ltr'><strong>&quot;Eccli.</strong></span> <span class='ocrx_word' id='word_1_825' title='bbox 2682 5273 2755 5321; x_wconf 83' lang='lat' dir='ltr'><strong>Ix,</strong></span> <span class='ocrx_word' id='word_1_826' title='bbox 2803 5257 2893 5313; x_wconf 75' lang='lat'><strong>25.</strong></span> <span class='ocrx_word' id='word_1_827' title='bbox 2971 5259 3013 5289; x_wconf 83' lang='lat'><strong>&#39;&quot;</strong></span> <span class='ocrx_word' id='word_1_828' title='bbox 3067 5257 3229 5313; x_wconf 85' lang='lat' dir='ltr'><strong>Prov.</strong></span> <span class='ocrx_word' id='word_1_829' title='bbox 3286 5275 3338 5319; x_wconf 85' lang='lat' dir='ltr'><strong>x.</strong></span> <span class='ocrx_word' id='word_1_830' title='bbox 3380 5261 3466 5315; x_wconf 82' lang='grc'>19.</span> 
     </span>
    </p>
   </div>
   <div class='ocr_carea' id='block_1_103' title="bbox 211 5324 3463 5395">
    <p class='ocr_par' dir='ltr' id='par_1_103' title="bbox 211 5324 3463 5395">
     <span class='ocr_line' id='line_1_103' title="bbox 211 5324 3463 5395; baseline -0.002 -6"><span class='ocrx_word' id='word_1_831' title='bbox 211 5333 283 5388; x_wconf 74' lang='grc'><strong>’⁸.</strong></span> <span class='ocrx_word' id='word_1_832' title='bbox 312 5333 484 5388; x_wconf 82' lang='lat' dir='ltr'><strong>Ecclt.</strong></span> <span class='ocrx_word' id='word_1_833' title='bbox 523 5324 615 5395; x_wconf 82' lang='lat' dir='ltr'><strong>xu,</strong></span> <span class='ocrx_word' id='word_1_834' title='bbox 648 5332 700 5386; x_wconf 93' lang='lat'><strong>8.</strong></span> <span class='ocrx_word' id='word_1_835' title='bbox 796 5331 839 5363; x_wconf 76' lang='grc' dir='ltr'><strong>τ’</strong></span> <span class='ocrx_word' id='word_1_836' title='bbox 871 5329 1040 5385; x_wconf 86' lang='lat' dir='ltr'><strong>Eccli.</strong></span> <span class='ocrx_word' id='word_1_837' title='bbox 1077 5344 1227 5393; x_wconf 85' lang='lat' dir='ltr'><strong>xun,</strong></span> <span class='ocrx_word' id='word_1_838' title='bbox 1292 5324 1378 5379; x_wconf 88' lang='grc'><strong>11.</strong></span> <span class='ocrx_word' id='word_1_839' title='bbox 1518 5325 1564 5357; x_wconf 78' lang='grc' dir='ltr'><strong><em>⁸ο</em></strong></span> <span class='ocrx_word' id='word_1_840' title='bbox 1604 5325 1776 5380; x_wconf 88' lang='lat' dir='ltr'><strong>Eccli.</strong></span> <span class='ocrx_word' id='word_1_841' title='bbox 1841 5342 1909 5379; x_wconf 85' lang='lat' dir='ltr'><strong>xx</strong></span> <span class='ocrx_word' id='word_1_842' title='bbox 1951 5326 2024 5390; x_wconf 81' lang='lat'><strong>5;</strong></span> <span class='ocrx_word' id='word_1_843' title='bbox 2079 5326 2184 5382; x_wconf 82' lang='lat' dir='ltr'><strong>Job</strong></span> <span class='ocrx_word' id='word_1_844' title='bbox 2214 5342 2363 5391; x_wconf 80' lang='lat' dir='ltr'><strong>mn,</strong></span> <span class='ocrx_word' id='word_1_845' title='bbox 2406 5327 2457 5381; x_wconf 85' lang='lat'><strong>5.</strong></span> <span class='ocrx_word' id='word_1_846' title='bbox 2571 5329 2612 5361; x_wconf 84' lang='grc'>⁸¹</span> <span class='ocrx_word' id='word_1_847' title='bbox 2663 5328 2832 5382; x_wconf 85' lang='lat' dir='ltr'><strong>Eccli.</strong></span> <span class='ocrx_word' id='word_1_848' title='bbox 2891 5344 3005 5394; x_wconf 77' lang='lat' dir='ltr'><strong>xw,</strong></span> <span class='ocrx_word' id='word_1_849' title='bbox 3068 5329 3120 5382; x_wconf 92' lang='grc'><strong>1.</strong></span> <span class='ocrx_word' id='word_1_850' title='bbox 3232 5327 3278 5361; x_wconf 83' lang='grc'><strong>³²</strong></span> <span class='ocrx_word' id='word_1_851' title='bbox 3304 5330 3463 5384; x_wconf 86' lang='lat' dir='ltr'><strong>Prov.</strong></span> 
     </span>
    </p>
   </div>
   <div class='ocr_carea' id='block_1_104' title="bbox 210 5395 1769 5538">
    <p class='ocr_par' dir='ltr' id='par_1_104' title="bbox 210 5395 1761 5538">
     <span class='ocr_line' id='line_1_104' title="bbox 210 5395 1761 5528; baseline -0.005 -70"><span class='ocrx_word' id='word_1_852' title='bbox 210 5418 269 5470; x_wconf 72' lang='grc' dir='ltr'><strong>κ,</strong></span> <span class='ocrx_word' id='word_1_853' title='bbox 462 5403 510 5435; x_wconf 79' lang='grc'><strong>⁸³</strong></span> <span class='ocrx_word' id='word_1_854' title='bbox 539 5403 707 5456; x_wconf 82' lang='lat' dir='ltr'><strong>Eccli.</strong></span> <span class='ocrx_word' id='word_1_855' title='bbox 743 5400 913 5465; x_wconf 72' lang='lat' dir='ltr'><strong>x1x,5.</strong></span> <span class='ocrx_word' id='word_1_856' title='bbox 988 5398 1036 5429; x_wconf 70' lang='grc' dir='ltr'>’δ</span> <span class='ocrx_word' id='word_1_857' title='bbox 1052 5399 1211 5453; x_wconf 88' lang='lat' dir='ltr'><strong>Prov.</strong></span> <span class='ocrx_word' id='word_1_858' title='bbox 1246 5414 1299 5463; x_wconf 93' lang='lat' dir='ltr'><strong>v,</strong></span> <span class='ocrx_word' id='word_1_859' title='bbox 1326 5395 1439 5459; x_wconf 70' lang='lat'><strong>2,7.</strong></span> <span class='ocrx_word' id='word_1_860' title='bbox 1515 5395 1561 5427; x_wconf 82' lang='grc'><strong>⁸⁸</strong></span> <span class='ocrx_word' id='word_1_861' title='bbox 1593 5395 1761 5453; x_wconf 87' lang='lat' dir='ltr'><strong>Eccli.</strong></span> 
     </span>
     <span class='ocr_line' id='line_1_105' title="bbox 210 5485 558 5538; baseline -0.011 -9"><span class='ocrx_word' id='word_1_862' title='bbox 210 5488 304 5538; x_wconf 72' lang='lat' dir='ltr'><strong>xu,</strong></span> <span class='ocrx_word' id='word_1_863' title='bbox 413 5515 425 5527; x_wconf 94' lang='lat'><strong>.</strong></span> <span class='ocrx_word' id='word_1_864' title='bbox 555 5485 558 5488; x_wconf 76' lang='lat'><strong><em>&#39;</em></strong></span> 
     </span>
    </p>
   </div>
   <div class='ocr_carea' id='block_1_105' title="bbox 1878 5395 3468 5538">
    <p class='ocr_par' dir='ltr' id='par_1_105' title="bbox 1878 5395 3468 5471">
     <span class='ocr_line' id='line_1_106' title="bbox 1878 5395 3468 5471; baseline 0.006 -23"><span class='ocrx_word' id='word_1_865' title='bbox 1878 5396 1949 5451; x_wconf 69' lang='lat' dir='ltr'><strong>l4.</strong></span> <span class='ocrx_word' id='word_1_866' title='bbox 2024 5395 2071 5428; x_wconf 80' lang='lat'><strong>“</strong></span> <span class='ocrx_word' id='word_1_867' title='bbox 2086 5397 2248 5452; x_wconf 89' lang='lat' dir='ltr'><strong>Prov.</strong></span> <span class='ocrx_word' id='word_1_868' title='bbox 2273 5412 2417 5462; x_wconf 75' lang='lat' dir='ltr'><strong>xxix,</strong></span> <span class='ocrx_word' id='word_1_869' title='bbox 2452 5396 2536 5451; x_wconf 87' lang='grc'>18.</span> <span class='ocrx_word' id='word_1_870' title='bbox 2625 5399 2669 5432; x_wconf 80' lang='grc'><strong>⁸⁷</strong></span> <span class='ocrx_word' id='word_1_871' title='bbox 2702 5397 2905 5471; x_wconf 81' lang='lat' dir='ltr'><strong>Epltes.</strong></span> <span class='ocrx_word' id='word_1_872' title='bbox 2937 5398 3122 5465; x_wconf 54' lang='lat'><strong>“326.</strong></span> <span class='ocrx_word' id='word_1_873' title='bbox 3197 5397 3246 5431; x_wconf 80' lang='grc'><strong>⁸⁸</strong></span> <span class='ocrx_word' id='word_1_874' title='bbox 3272 5399 3468 5459; x_wconf 68' lang='lat' dir='ltr'><strong>Matth.</strong></span> 
     </span>
    </p>
   </div>
   <div class='ocr_carea' id='block_1_106' title="bbox 984 5571 2129 5632">
    <p class='ocr_par' dir='ltr' id='par_1_106' title="bbox 984 5571 2129 5632">
     <span class='ocr_line' id='line_1_107' title="bbox 984 5571 2129 5632; baseline 0.005 -7"><span class='ocrx_word' id='word_1_875' title='bbox 984 5614 999 5625; x_wconf 77' lang='lat'><strong>.</strong></span> <span class='ocrx_word' id='word_1_876' title='bbox 1452 5572 1680 5631; x_wconf 74' lang='lat' dir='ltr'><strong>VARUE</strong></span> <span class='ocrx_word' id='word_1_877' title='bbox 1718 5571 2129 5632; x_wconf 78' lang='lat' dir='ltr'><strong>LECTIONES.</strong></span> 
     </span>
    </p>
   </div>
   <div class='ocr_carea' id='block_1_107' title="bbox 329 5648 1407 5725">
    <p class='ocr_par' dir='ltr' id='par_1_107' title="bbox 329 5648 1407 5725">
     <span class='ocr_line' id='line_1_108' title="bbox 329 5648 1407 5725; baseline -0.006 -18"><span class='ocrx_word' id='word_1_878' title='bbox 329 5657 347 5694; x_wconf 75' lang='grc' dir='ltr'>ῐ</span> <span class='ocrx_word' id='word_1_879' title='bbox 371 5655 527 5725; x_wconf 82' lang='grc' dir='ltr'>λόγος</span> <span class='ocrx_word' id='word_1_880' title='bbox 556 5653 782 5723; x_wconf 78' lang='grc' dir='ltr'>σαπρὸς,</span> <span class='ocrx_word' id='word_1_881' title='bbox 825 5650 1123 5715; x_wconf 85' lang='lat' dir='ltr'><strong>marcidus,</strong></span> <span class='ocrx_word' id='word_1_882' title='bbox 1153 5648 1407 5703; x_wconf 84' lang='lat' dir='ltr'><strong>vitiosus.</strong></span> 
     </span>
    </p>
   </div>
   <div class='ocr_carea' id='block_1_108' title="bbox 3480 923 3512 945">
    <p class='ocr_par' dir='ltr' id='par_1_108' title="bbox 3480 923 3512 945">
     <span class='ocr_line' id='line_1_109' title="bbox 3480 923 3512 945; baseline 0 0"><span class='ocrx_word' id='word_1_883' title='bbox 3480 923 3512 945; x_wconf 45' lang='grc' dir='ltr'><strong>ἢ</strong></span> 
     </span>
    </p>
   </div>
  </div>
