4030 6296
493 278 642 341 1543
1794 266 2159 329 ANTIOCHI
2201 268 2542 331 MONACHI
3644 265 3806 333 15;;

505 393 765 468 sunplici.
836 389 927 445 Sic
978 387 1126 443 enim
1186 384 1361 455 gratia
1426 381 1667 452 Spiritus
1714 380 1893 434 sancti
1952 394 2093 447 cpu-

2216 398 2295 434 που
2360 384 2435 452 μὴ
2485 379 2721 450 ἐρεύνα,
2783 378 2877 431 καὶ
2926 379 3251 449 ίσχυρότερά
3281 396 3376 433 σου
3416 382 3493 450 μὴ
3526 381 3799 447 ἐξέταζε.

504 489 743 548 lentiore
805 485 852 538 is
902 476 1281 552 perfunditur.
1369 475 1650 544 Scriptum
1707 485 1948 540 namque
2001 480 2085 524 est

2216 477 2259 528 Α
2290 474 2598 544 προσετάγη
2620 489 2707 524 σοι
2730 511 2744 535 ,
2792 470 2964 523 ταῦτα
2990 470 3084 523 καὶ
3107 470 3343 525 διανοοῦ.
3387 472 3463 525 Οὐ
3491 473 3608 543 γάρ
3634 474 3800 526 ἐστίν

507 582 563 637 in
614 574 934 635 Proverbiis
986 591 998 625 :
1057 591 1073 622 ι
1106 566 1479 625 Profundiora
1514 576 1564 620 te
1594 580 1665 618 ne
1696 558 1996 625 scruteris,
2031 567 2087 614 et

2216 583 2272 619 τοι
2318 565 2476 634 χρεία
2526 563 2634 615 τῶν
2680 562 2941 633 κρυπτῶν
2993 561 3216 631 βλέπειν
3257 561 3571 630 ὀφθαλμοῖς
3615 562 3748 618 σὸυ.
3776 584 3795 615 ι

506 671 740 727 fortiora
771 676 824 722 te
858 681 929 721 ne
957 663 1255 733 exquiras;
1295 674 1419 729 qua:
1444 666 1629 712 autem
1660 661 1934 724 praecepta
1957 659 2089 707 sunt

2216 656 2297 709 ἰαὶ
2323 652 2510 717 αὖθις·
2544 654 2818 723 ι’Δμελγε
2847 652 3008 720 γάλα,
3036 652 3134 706 καὶ
3159 651 3310 706 ἔσται
3336 652 3628 724 βούτυρον,
3658 655 3802 707 Ἐάν

509 763 654 828 tibi,
711 761 803 815 illa
850 756 1033 827 cogita
1089 771 1101 805 :
1158 767 1271 806 non
1303 749 1454 805 enim
1489 760 1720 801 necesse
1750 754 1835 800 est
1864 743 1989 804 tibi,
2029 749 2090 796 ut

2216 749 2251 801 ίέ
2298 748 2560 819 ἐκπιέζῃς
2600 749 2917 817 μυκτῆρας,
2969 745 3315 810 ἐξελεύσεται
3358 740 3538 816 αἷμα·
3599 747 3708 801 ἐὰν
3738 748 3801 801 δὲ

507 871 631 925 qua:
659 850 880 906 occulta
908 855 1040 902 sunt
1069 844 1263 899 videas
1289 841 1579 896 oculis“.r
1618 838 1834 892 Rursus
1865 852 1879 888 :
1913 854 1930 884 ι
1952 833 2092 888 Mul—

2223 840 2419 911 ξέλκῃς
2450 840 2643 906 λόγους
2666 877 2682 903 ,
2737 836 3113 902 ἐξελεύσονται
3144 837 3358 907 κρίσεις
3387 839 3485 892 καὶ
3519 840 3737 916 μάχαι.
3775 858 3795 891 ι

509 965 574 1016 ge
603 947 708 1008 lnc,
747 951 803 996 et
830 942 938 996 erit
968 939 1269 1008 butyrum;
1313 934 1360 989 si
1392 942 1580 987 autem
1618 926 1964 999 expresseris
1990 941 2090 981 na-

2216 931 2306 985 (a‘t
2337 909 2500 1016 πάλιν
2519 943 2533 958 ·
2574 946 2593 979 ι
2747 929 2861 991 τοῖς
2888 930 3172 997 περισσοῖς
3199 926 3309 979 τῶν
3335 924 3517 997 ἔργων
3548 909 3674 991 σου,
3718 932 3800 1000 μὴ

510 1057 632 1103 res,
678 1036 853 1091 exibit
883 1032 1106 1101 sanguis
1162 1047 1175 1081 :
1227 1027 1376 1097 quod
1409 1026 1454 1080 si
1485 1024 1751 1079 elicucris
1781 1033 2089 1080 sermones.

2216 1013 2590 1091 τεριεργάζου.
2622 1013 2884 1076 Γνώσεως
2909 1013 3251 1101 δέλάμοιρῶν
3285 1015 3361 1085 μὴ
3392 1017 3760 1084 ἐπαγγέλλου
3781 1035 3798 1049 ’

509 1096 742 1187 exibunt
768 1096 1072 1196 judiciavet
1102 1096 1300 1190 pugnae
1320 1120 1387 1173 °°.
1443 1118 1504 1171 In
1544 1116 1801 1186 pluribus
1829 1112 2094 1182 Operibus

2216 1108 2378 1176 ίόρας
2416 1105 2526 1196 γὰρ
2576 1105 2650 1174 μὴ
2691 1103 2862 1196 ἔχων,
2909 1096 3212 1174 ἀπορήσεις
3239 1105 3439 1172 φωτός.
3467 1126 3488 1158 ι
3530 1107 3708 1174 Λέγει
3737 1109 3800 1161 δὲ

514 1222 623 1278 tuis
657 1219 917 1276 curiosus
949 1231 1019 1270 ne
1047 1214 1216 1276 sis";
1258 1209 1550 1265 scientiam
1581 1217 1766 1261 autem
1799 1220 1984 1259 rerum
2012 1203 2096 1257 in-

2216 1197 2295 1250 ιαὶ
2323 1198 2350 1249 ό
2380 1195 2614 1264 Πέτρος*
2658 1212 2676 1244 ι
2703 1194 2873 1247 Τοῦτο
2900 1194 3118 1264 πρῶτον
3146 1195 3483 1262 γινώσκετε,
3515 1198 3604 1249 ὅτι
3632 1198 3799 1250 ἐλεύ-

516 1312 945 1371 numerabilium
999 1321 1068 1361 ne
1112 1306 1396 1374 promitte.
1440 1286 1692 1369 Pupillas'
1711 1299 1860 1353 enim
1901 1297 2094 1352 oculo-

2216 1306 2385 1342 ιονται
2443 1289 2529 1340 ἐπ’
2572 1287 2817 1357 ἐσχάτων
2872 1287 2983 1339 τῶν
3034 1289 3296 1357 ἡμερῶν,
3357 1291 3417 1340 ἐν
3470 1291 3797 1360 ἐμπαιγμῷ

516 1421 643 1460 rum
702 1402 799 1472 qui
856 1415 966 1454 non
1023 1396 1224 1456 habet,
1268 1392 1583 1462 prirabitur
1623 1390 1833 1443 lumine
1858 1389 1924 1441 ".
1987 1387 2095 1441 Sed

2216 1384 2245 1435 ιί
2287 1380 2618 1450 ἐμπαίκται,
2674 1380 2816 1432 κατά
2849 1378 2947 1440 τὰς
2982 1378 3114 1441 ἰδίας
3141 1379 3319 1432 αὐτῶν
3348 1380 3659 1449 ἐπιθυμίας
3692 1400 3798 1434 πο-

513 1506 572 1552 ct
610 1468 806 1549 Petrus
849 1509 862 1544 :
912 1510 927 1539 ι
966 1488 1081 1543 lloc
1115 1487 1357 1554 primum
1398 1482 1640 1544 scientes
1682 1477 1831 1547 quod
1871 1477 2099 1531 venient

2216 1475 2518 1541 ιευόμενοι,
2554 1472 2651 1525 καί⁸
2680 1470 2967 1538 λέγοντεςο
3021 1468 3131 1523 Ποῦ
3163 1472 3312 1523 ἐστιν
3347 1473 3657 1538 ἐπαγγελία
3693 1478 3797 1542 τῆς

516 1588 572 1641 in
603 1580 916 1638 novissist
945 1577 1146 1633 diebus
1177 1574 1233 1627 in
1266 1568 1597 1640 deceptione
1628 1569 1907 1629 illusores,
1942 1567 2099 1635 juxta

2216 1565 2508 1635 παρουσίας
2554 1562 2755 1627 αὐτοῦς
2809 1563 2922 1615 Καὶ
2957 1563 3208 1632 ἐπιφέρει
3231 1579 3246 1592 ⁸
3288 1582 3306 1612 ι
3336 1563 3450 1628 Arb,
3481 1564 3797 1632 ἀγαπητοὶ,

516 1676 770 1747 proprias
801 1666 1287 1737 concupiscentias
1320 1663 1691 1725 ambulantes,
1724 1669 1781 1714 et
1805 1658 2094 1712 dicentes:

2216 1657 2568 1716 σπουδάσατε,
2592 1654 2808 1708 ἄσπιλοι
2841 1655 2938 1708 καὶ
2961 1656 3257 1724 ἀμώμητοι
3284 1655 3438 1724 αὐτῷ
3468 1656 3794 1725 εὑρεθῆναι·

516 1722 723 1823 {lbilest
743 1760 1037 1834 promissio
1058 1758 1328 1812 adventus
1348 1755 1529 1824 ejus”
1546 1753 1598 1805 *ἓν
1720 1750 1948 1805 ἱιιίοτιει
1966 1750 2100 1804 Pro-

2216 1748 2302 1801 καὶ
2350 1747 2451 1814 τὴν
2498 1744 2593 1797 τοῦ
2626 1745 2834 1815 Κυρίου
2874 1722 3280 1815 μακροθυμίαν,
3316 1722 3604 1816 σωτηρίαν
3635 1722 3794 1815 ἠνγεῖο

516 1868 642 1931 pter
666 1855 836 1927 quod,
885 1848 1221 1910 charissimi,
1279 1845 1514 1914 satagite
1552 1841 1893 1899 immaculati
1927 1851 1985 1894 et
2013 1840 2100 1893 in-

2216 1838 2319 1891 ςθε.
2354 1857 2372 1890 ι
2426 1837 2659 1906 Ὁμοίως
2692 1836 2749 1888 δὲ
2784 1836 2882 1889 καὶ
2913 1839 2940 1889 ό
2971 1835 3181 1900 Παῦλος
3212 1834 3556 1891 ἐπιστέλλων
3588 1838 3759 1908 φησίν
3778 1856 3791 1868 ·

521 1926 710 2006 uiolati
741 1948 791 2002 ei
824 1944 1080 2006 inveniri,
1114 1951 1171 1995 et
1192 1939 1409 1995 Domini
1434 1935 1929 2006 longanimitatem,
1958 1933 2103 1986 salu-

2216 1947 2227 1978 l
2268 1928 2421 1981 Εἰσὶν
2449 1927 2558 1997 γὰρ
2593 1926 2779 1979 πολλοὶ
2808 1926 3208 1991 ἀνυπότακτοι,
3263 1927 3661 1995 ματαιολόγοι,
3700 1930 3797 1982 καὶ

521 2056 632 2100 tem
652 2035 1075 2096 arbitremini“.
1090 2054 1108 2084 ι
1136 2030 1355 2107 1084
1369 2029 1617 2084 Similem
1646 2028 1702 2080 in
1721 2025 1943 2080 modum
1963 2024 2103 2078 Pau-

517 2137 606 2192 lus
626 2131 910 2203 apostolus
939 2144 1038 2198 per
1059 2124 1351 2194 epistolam
1380 2122 1459 2175 ait
1488 2139 1501 2173 :
1539 2139 1557 2170 ι
1587 2119 1729 2174 Sunt
1754 2117 1904 2172 enim
1939 2114 2101 2169 multi

520 2224 933 2285 inobedientes,
962 2216 1242 2285 vaniloqui
1269 2222 1327 2269 et
1350 2213 1695 2281 seductores,
1719 2226 1862 2280 quos
1882 2216 2105 2277 oportet

522 2313 815 2385 redargui;
846 2311 943 2381 qui
972 2309 1264 2363 universas
1287 2307 1485 2360 domos
1512 2304 1872 2364 subvertunt,
1900 2301 2105 2355 docen-

524 2418 607 2463 tes
635 2419 757 2476 qna:
786 2417 898 2457 non
926 2398 1256 2469 oportet'h
1289 2395 1413 2449 Alio
1447 2395 1577 2447 item
1605 2392 1727 2445 loco
1757 2407 1771 2444 ι
1804 2408 1821 2439 ι
1856 2387 2103 2451 Etenim,

522 2493 747 2565 quando
774 2504 997 2547 eramus
1026 2485 1169 2556 apud
1197 2500 1316 2545 vos,
1342 2484 1445 2537 hoc
1472 2481 1958 2539 denuntiabamus.
1976 2479 2105 2547 quia

524 2588 572 2642 si
598 2585 729 2655 quis
759 2599 870 2637 non
901 2581 1019 2634 vult
1047 2576 1268 2647 cperari
1289 2617 1303 2640 ,
1340 2590 1448 2629 nec
1483 2573 1802 2627 manducet.
1839 2568 2106 2623 Audimus

523 2681 672 2734 enim
688 2675 956 2746 quosdam
983 2672 1130 2724 inter
1142 2684 1241 2722 vos
1254 2661 1950 2722 ambulantesinordinate,
1970 2658 2104 2712 nihil

524 2775 842 2841 operantes,
878 2762 974 2817 sed
1004 2760 1223 2814 curiose
1254 2766 1479 2825 agentes
1498 2756 1597 2805 ³⁸.»
1626 2750 1734 2806 Sed
1768 2760 1825 2805 et
1849 2749 2107 2819 ltypocrig

527 2840 595 2915 ιλιι
629 2867 797 2927 atque
825 2850 1092 2909 curiosuli
1119 2850 1195 2902 illi
1218 2845 1482 2901 I‘liarismi
1508 2842 1798 2897 Dominum
1824 2840 2106 2900 adierunt,

531 2953 818 3006 dicentes:
847 2967 865 2996 ι
894 2943 1036 3010 Quid
1069 2941 1170 2994 tibi
1221 2937 1479 2992 videtur?
1523 2935 1659 2989 licet
1699 2946 1925 2986 censum
1974 2929 2108 2984 dare

2205 2021 2578 2092 φρεναπάται,
2625 2019 2721 2082 οὒς
2755 2018 2836 2071 δεῖ
2878 2020 3253 2088 ἐπιστομίζειν
3275 2021 3328 2059 ε’
3381 2019 3589 2082 οἵτινες
3639 2007 3799 2085 ὅλους

2203 2111 2333 2173 τοὺς
2367 2110 2548 2170 οἴκους
2582 2108 2980 2177 ἀνατρέπουσιν
3000 2148 3015 2171 ,
3076 2108 3421 2174 διδάσκοντες
3458 2109 3497 2164 ὃ.
3530 2111 3612 2181 μὴ
3640 2111 3744 2165 δεῖ.
3771 2128 3791 2162 ι

2204 2202 2315 2259 Καὶ
2341 2200 2578 2271 ἀλλαχοῦ
2595 2217 2609 2231 ⁸
2647 2220 2664 2251 ι
2695 2201 2807 2253 Καὶ
2833 2201 2945 2270 γὰρ
2975 2201 3063 2254 ὅτε
3094 2201 3243 2270 ήμην
3269 2201 3409 2270 πρὸς
3436 2202 3611 2271 ὑμᾶς,
3634 2202 3799 2255 τοῦτο

2207 2291 2686 2363 παρηγγείλομεν,
2749 2290 2830 2343 ὅτι
2884 2289 2940 2343 εῐ
2982 2306 3067 2353 τις
3114 2290 3174 2343 οὐ
3223 2289 3369 2344 θέλει
3413 2292 3793 2362 ἐργάζεσθαι,

2182 2405 2188 2409 ·
2208 2385 2344 2455 μηδέ
2385 2381 2633 2435 ἐσθιέτω.
2698 2379 2997 2446 Ἀκούομεν
3031 2380 3138 2459 γὰρ
3180 2382 3336 2443 τινὰς
3370 2383 3431 2434 ἐν
3463 2383 3600 2452 ὑμῖν
3635 2400 3798 2452 περι-

2206 2475 2515 2536 πατοῦντας
2540 2472 2835 2534 ἀτάκτους,
2869 2471 2963 2523 καὶ
2995 2471 3163 2539 μηδὲν
3190 2473 3630 2540 ἐργαζομένους,
3657 2474 3798 2526 ἀλλὰ

2208 2563 2767 2638 περιεργαζομένους.
2790 2582 2809 2614 ι
2848 2562 2961 2616 Kal.
2988 2562 3037 2613 οἱ
3065 2562 3362 2630 ὑποκριταὶ
3389 2562 3474 2627 δὲ,
3504 2567 3604 2617 καὶ
3634 2566 3798 2635 περί-

2207 2675 2363 2728 εργοι
2403 2658 2721 2726 Φαρισαῖοι,
2774 2654 3081 2723 προσῆλθεν
3112 2653 3192 2721 τῷ
3228 2654 3402 2719 Ἰησοῦ
3425 2695 3441 2715 ,
3495 2650 3753 2725 λέγοντες
3777 2674 3791 2688 ·

2215 2767 2233 2799 ι
2272 2747 2339 2799 Τί
2390 2763 2473 2799 σοι
2519 2745 2704 2809 δοκεῖς
2738 2744 2948 2808 ἔξεστιν
2996 2743 3178 2797 δοῦναι
3211 2745 3410 2797 κενσδν
3446 2746 3727 2817 Καίσαρι,
3756 2748 3793 2818 ἢ

2208 2838 2269 2891 οὕ
2288 2856 2334 2905 ς»
2355 2837 2556 2906 δῶμεν,
2587 2837 2620 2907 ἢ
2657 2828 2731 2905 μὴ
2754 2836 2963 2905 eam;
2996 2835 3055 2889 '0
3076 2835 3132 2889 δὲ
3154 2836 3377 2906 Κύριος,
3403 2839 3793 2909 καταισχύνων

2210 2928 2389 2982 αὐτῶν
2416 2927 2514 2998 τὴν
2541 2926 2831 2996 περίεργον
2856 2927 3169 2998 ὑπόκρισιν,
3207 2928 3372 2997 φησιν
3398 2929 3542 2997 πρὸς
3562 2930 3793 2992 αὺτούς

528 3041 753 3099 Caesari.
786 3054 857 3092 an
886 3032 1126 3089 non"?r
1180 3028 1465 3087 dabimus,
1494 3040 1561 3079 an
1592 3038 1701 3076 non
1723 3019 2007 3075 dabimus?
2041 3023 2112 3069 At

2217 3036 2236 3069 ι
2271 3017 2336 3070 Τί
2372 3034 2439 3087 με
2473 3016 2790 3105 πειράζετε,
2824 3017 3145 3085 ὑποκριταί;
3178 3017 3488 3082 ἐπιδείξατέ
3514 3037 3605 3087 μοι
3636 3019 3799 3072 τὸνό-

530 3133 817 3190 Dominus,
834 3122 1409 3192 illorumsnperfluam
1426 3128 1559 3172 etcu
1569 3115 1768 3167 riosam
1790 3109 2111 3181 hypocrisin

2216 3123 2396 3176 μισμα
2426 3105 2520 3158 τοῦ
2553 3102 2769 3157 κενσοῦ.
2797 3123 2815 3155 ι
2839 3106 2902 3158 Οἱ
2934 3105 2991 3157 δὲ
3034 3108 3416 3175 προσήνεγκαν
3446 3108 3605 3177 αὑτῷ
3632 3109 3801 3175 δηνάο

533 3225 736 3279 merito
761 3218 1039 3274 dedecore
1077 3225 1401 3282 aspergens,
1433 3203 1720 3276 respondit
1756 3221 1770 3256 :
1807 3223 1824 3253 ι
1854 3201 1997 3267 Quid
2027 3214 2116 3254 me

535 3313 791 3371 tentatis,
824 3305 1165 3379 hypocritae?
1194 3300 1476 3357 ostendite
1509 3297 1644 3352 milii
1674 3295 1951 3350 numisma
1981 3307 2117 3346 cen-

534 3418 648 3459 sus.
678 3400 762 3454 llli
784 3411 968 3453 autem
993 3393 1346 3465 protulerunt
1367 3389 1417 3443 ei
1442 3385 1756 3441 denarium.
1784 3381 1849 3435 Et
1875 3380 1951 3434 ait
1974 3380 2116 3433 illis;

534 3494 706 3562 Cujus
731 3500 816 3546 est
850 3490 1032 3557 imago
1058 3487 1175 3539 hac
1206 3491 1263 3536 et
1291 3476 1741 3550 superscriptio?
1773 3474 1982 3528 Dicunt
2009 3470 2062 3544 ei
2097 3486 2110 3522 :

534 3584 792 3641 Caesaris.
831 3580 975 3636 Dicit
1001 3578 1083 3633 eis
1113 3595 1126 3630 :
1158 3574 1396 3630 Reddite
1421 3587 1556 3641 ergo
1585 3585 1707 3639 qua-
1732 3576 1863 3622 sunt
1882 3562 2116 3619 Caesaris

537 3676 739 3733 Caesari
769 3717 783 3740 ,
835 3681 893 3728 ct
941 3685 1064 3741 qua:
1102 3676 1233 3724 sunt
1262 3665 1393 3726 Dei,
1433 3664 1544 3718 Deo
1563 3663 1631 3714 ".
1668 3680 1684 3711 ι
1747 3657 1840 3712 lsti
1874 3670 1932 3710 se
1962 3654 2117 3707 illinc

2214 3215 2349 3269 ριον.
2406 3198 2516 3251 Καὶ
2560 3196 2709 3265 λέγει
2738 3199 2922 3259 αὐτοῖς
2941 3213 2957 3228 ο
2998 3215 3017 3247 ι
3046 3198 3201 3261 Τίνος
3231 3199 3264 3267 ἡ
3290 3197 3457 3251 εἰκὼν
3488 3200 3585 3252 καὶ
3613 3202 3646 3267 ἡ
3676 3202 3801 3253 ἑπι-

2213 3289 2438 3361 γραφής
2494 3288 2758 3353 Λέγουσιν
2808 3288 2992 3357 αὐτῷ’
3043 3288 3347 3359 Καίσαρος.
3383 3291 3531 3358 Ἔφη
3578 3292 3799 3354 αὐτοῖς·

2229 3379 2482 3433 Ἀπόδοτε
2531 3374 2622 3431 οὖν
2675 3378 2746 3431 τὰ
2781 3379 3063 3449 Καίσαρος
3112 3380 3395 3450 Καίσαρι,
3449 3384 3547 3436 καὶ
3594 3384 3668 3436 τά
3703 3383 3801 3436 τοῦ

2220 3469 2355 3523 Θεοῦ
2407 3469 2485 3538 τῷ
2526 3468 2667 3538 Θεῷ.
2701 3489 2719 3521 ι
2782 3469 2893 3523 Καὶ
2949 3470 3192 3540 ἀπῆλθον
3271 3474 3798 3543 καταισχυνθέντες·

2212 3562 2305 3613 τὸν
2354 3560 2468 3630 γὰρ
2518 3560 2812 3631 περίεργον
2868 3558 3099 3630 αἰσχύνη
3150 3561 3601 3614 κατακαλύπτει.·
3642 3560 3802 3631 Αὖτῷ

2213 3652 2247 3721 ἡ
2274 3648 2399 3712 δόξα
2434 3651 2515 3710 είς
2541 3648 2669 3711 τοὺς
2695 3648 2917 3712 αἰῶνας.
2956 3648 3151 3719 ’Δμήν.

541 3770 943 3842 proripuerunt
962 3761 1172 3833 ingenti
1189 3773 1314 3814 cum
1332 3756 1638 3819 dedecore;
1662 3751 1948 3807 curiosum
1968 3742 2119 3798 enim
2157 3738 2414 3797 confusio
2439 3739 2803 3795 circumrelat
2855 3749 2913 3795 et
2971 3741 3172 3810 operit.
3200 3741 3441 3814 Benigno
3463 3753 3523 3799 et
3539 3744 3801 3801 clementi

541 3840 656 3919 Deo
686 3869 882 3923 nostro
915 3855 1089 3928 gloria
1122 3854 1177 3907 in
1204 3850 1406 3906 saecula
1431 3846 1781 3901 sreculorum.
1816 3840 2015 3895 Amen.

1064 3964 1352 4024 HOMILIA
1384 3960 1598 4017 XXXV.

1120 4079 1196 4133 De
1223 4082 1544 4144 contemptu.

616 4199 767 4254 Nihil
825 4211 936 4249 non
994 4188 1358 4257 contemptim
1415 4182 1669 4239 fastidire
1713 4187 1762 4235 et
1805 4175 2118 4247 aspernari,

546 4308 658 4347 non
708 4288 987 4343 mediocre
1031 4291 1117 4337 est
1161 4285 1487 4348 peceatum,
1540 4275 1595 4326 in
1632 4272 1722 4326 his
1754 4268 1993 4323 maxime
2024 4264 2120 4334 qui

547 4383 664 4436 Deo
695 4388 953 4448 quaerunt
993 4373 1375 4448 adhaerescere
1409 4364 1664 4434 propius.
1714 4361 1793 4421 Ne
1828 4358 1999 4429 igitur
2031 4355 2120 4409 ul-

551 4485 638 4528 tro
674 4486 775 4525 nos
803 4469 953 4537 ipsos
977 4463 1246 4518 dedamus
1263 4446 1363 4514 ceu
1398 4456 1533 4511 vilia
1557 4451 1831 4521 mancipia
1858 4447 1949 4503 isti
1975 4447 2129 4516 igna-

548 4563 649 4609 vize
671 4566 723 4607 et
748 4572 777 4607 ιι
807 4570 977 4606 mrum
1003 4550 1366 4614 con'emptui,
1397 4557 1455 4599 ut
1487 4560 1551 4598 ne
1581 4548 1634 4599 in
1662 4542 2114 4611 imprecationem

552 4645 862 4701 incidamus
882 4642 1134 4699 Jeremia:
1153 4640 1387 4697 dicentis
1413 4658 1427 4694 :
1454 4657 1473 4689 ‹
1500 4634 1813 4690 Maledictus
1834 4634 1999 4685 homo
2020 4630 2114 4699 qui

556 4739 847 4806 facitopns
885 4735 1098 4788 Domini
1133 4733 1467 4803 negligenter
1486 4730 1587 4781 θ’.»
1621 4724 1830 4780 Etenim
1862 4723 2118 4777 ordinem

561 4828 1162 4897 lmlrentomniaduxta
1194 4822 1438 4893 Apostoli
1474 4818 1801 4881 doctrinam,
1838 4816 2069 4871 dicentis
2103 4834 2118 4871 :

566 4941 584 4973 ι
622 4921 813 4976 Omnia
852 4920 1076 4971 honeste
1123 4925 1175 4968 et
1224 4914 1523 4982 secundum
1557 4910 1804 4963 ordinem
1856 4907 1986 4960 fiunt
2022 4906 2112 4965 ³.)

561 5015 721 5069 Ozias
750 5008 984 5082 [JoiaIlzt]
1015 5008 1120 5072 ille,
1155 5006 1416 5073 numquid
1450 5019 1557 5057 non
1586 5000 1833 5054 insolens
1866 4998 2125 5064 quiddam

555 5124 620 5162 ac
654 5104 979 5159 indecorum
1014 5096 1238 5150 molitus
1266 5100 1381 5149 est.
1422 5090 1533 5144 Deo
1566 5086 1697 5140 dum
1725 5082 1909 5137 adolet
1938 5082 2132 5134 incen-

2820 3951 3041 4003 ΛΟΓΟΣ
3070 3952 3192 4004 AE'.

2669 4061 2805 4129 Περὶ
2835 4063 3363 4132 καταφρονήσεως.

2297 4175 2370 4227 Τὸ
2419 4175 2789 4243 καταφρονεῖν
2837 4176 3042 4237 παντὸς
3089 4174 3449 4244 πράγματος,
3499 4176 3679 4230 δεινὸν
3714 4181 3804 4231 καὶ

2223 4262 2546 4334 ἐφάμαρτον
2569 4302 2584 4325 ,
2644 4262 2880 4331 μάλιστα
2920 4262 2977 4315 δέ
3024 4263 3132 4316 τῶν
3167 4264 3243 4334 τῷ
3272 4264 3393 4332 Θεῷ
3424 4266 3799 4335 ἁρμοζόντων.

2227 4356 2320 4425 Μὴ
2365 4351 2460 4409 οὖν
2510 4353 2830 4423 ἐκδώσομεν
2876 4354 3076 4417 αὐτοὺς
3123 4357 3189 4426 τῇ
3233 4356 3468 4425 ἀμελείᾳ
3504 4361 3604 4411 καὶ
3633 4378 3805 4414 κατα-

2228 4448 2513 4518 φρονήσει,
2548 4443 2639 4498 ἴνα
2670 4445 2744 4513 μὴ
2769 4444 3137 4515 ὐποπέσωμεν
3163 4448 3230 4516 τῇ
3254 4443 3367 4516 ἀρᾷ
3386 4449 3484 4501 τοῦ
3510 4450 3799 4520 Ἱερεμίου,

2226 4536 2517 4606 λέγοντος⁸
2580 4555 2598 4586 ι
2641 4536 3079 4606 Ἐπικατάρατος
3121 4539 3230 4600 πᾶς
3256 4537 3549 4608 ἄνθρωπος
3581 4543 3611 4594 ό
3637 4542 3803 4596 ποιῶν

2226 4628 2288 4681 τδ
2332 4627 2496 4698 ἔργον
2543 4625 2656 4690 τοῦ,
2689 4626 2897 4695 Κυρίου
2942 4626 3182 4697 ἀμελῶς.
3214 4647 3233 4679 ι
3286 4628 3473 4682 Πάντα
3510 4630 3623 4700 γάρ
3655 4626 3802 4697 τάξιν

2227 4718 2341 4789 ἔχει
2444 4716 2630 4780 καθὼς
2677 4718 2773 4771 καὶ
2803 4718 2832 4770 ὁ
2862 4717 3076 4781 Παῦλος
3108 4718 3352 4772 διδάσκει
3383 4723 3557 4790 ἡμᾶς,
3592 4723 3797 4791 λέγων·

2235 4829 2253 4860 ι
2294 4809 2482 4861 Πάντα
2517 4804 2910 4877 εὐσχημόνως,
2970 4810 3064 4862 καὶ
3114 4809 3259 4863 κατὰ
3292 4810 3447 4877 τάξιν
3493 4814 3747 4879 γινέσθω.
3774 4834 3793 4866 ι

2229 4899 2387 4952 Ἐπεὶ
2416 4899 2469 4950 τί
2500 4898 2703 4952 ἄτοπον
2732 4900 2907 4951 ἐποίει
2939 4899 3121 4964 Ὀζίας
3145 4900 3357 4972 θυμιῶν
3382 4903 3459 4974 τῷ
3484 4904 3636 4975 Θεῷς
3662 4906 3725 4958 Τί
3745 4907 3799 4960 δέ

2229 4994 2257 5045 ὁ
2292 4992 2484 5056 Σαοὺλ,
2523 4992 2704 5057 θύων;
2747 4991 2882 5044 ἀλλὰ
2913 4991 3217 5062 ἀπόϐλητος
3247 4996 3432 5049 αὐτῶν
3459 5000 3493 5066 ἠ
3528 4996 3689 5052 θυσία
3710 4999 3797 5065 γέο

2231 5099 2410 5150 γονεν.
2475 5082 2771 5151 Προσέχειν
2814 5082 2870 5134 δὲ
2912 5080 3144 5134 ἕκαστον
3174 5083 3445 5151 ἀσφαλῶς
3474 5086 3653 5156 ἐαυτῷ
3675 5088 3794 5157 χρὴ,

555 5199 745 5253 sum”?
780 5193 934 5256 Saul,
969 5191 1100 5244 dum
1129 5184 1398 5246 immolat,
1434 5180 1595 5251 regia:
1624 5173 1931 5247 majestatis
1962 5171 2112 5242 gradi

2236 5172 2333 5226 καὶ
2369 5174 2443 5243 μὴ
2475 5172 2615 5243 ὑπὲρ
2644 5174 2715 5225 τὰ
2748 5173 2923 5243 μέτρα
2951 5174 3115 5227 αὑτοῦ
3147 5177 3353 5231 ἐννοεῖν
3378 5195 3431 5231 τι
3460 5178 3495 5247 ἢ
3523 5179 3792 5250 πράττειν·

625 5333 670 5363 ⁸9
708 5330 874 5383 Eccli.
911 5324 1073 5390 "1,22,
1092 5322 1414 5390 93.’°Pro§{.
1449 5330 1574 5377 xxx,
1606 5315 1696 5366 55.

554 5381 1090 5461 “tnui—(tom.
1198 5393 1243 5423 θα
1278 5388 1547 5442 ll'l‘liess.
1581 5400 1676 5441 ιιι.
1713 5381 1808 5461 ιο,
1863 5381 1947 5433 ll.

557 5471 574 5500 '
608 5471 627 5525 Ι
657 5472 783 5524 Cor.
816 5453 923 5530 iw,
958 5453 1045 5520 ξω.
1123 5464 1142 5493 ²
1175 5461 1237 5515 ιν
1275 5461 1407 5526 lleg.
1443 5471 1534 5517 xu,
1583 5453 1805 5522 passim.

1772 5314 1814 5344 θ’
1844 5310 2017 5363 Eccli.
2048 5326 2128 5372 ιιι,
2168 5308 2259 5362 22.
2357 5311 2403 5342 ⁸³
2435 5310 2573 5366 ibid.

1772 5392 1808 5444 ι,
1863 5381 1947 5433 ll.
2054 5380 2096 5410 ⁹⁷
2126 5378 2316 5433 Matth.
2350 5395 2460 5434 xxu
2483 5421 2497 5444 ,
2527 5381 2614 5434 17.

2357 5311 2403 5342 ⁸³
2435 5310 2573 5366 ibid.
2674 5311 2719 5345 ”
2743 5310 2787 5366 Il
2809 5312 2957 5366 Pctr.
2992 5327 3082 5373 ιιι,
3111 5300 3165 5378 3,
3195 5313 3248 5367 4.

2743 5316 2787 5366 ll
2809 5316 2957 5366 Pctr.
2992 5327 3082 5373 ιιι,
3111 5316 3165 5378 5,
3195 5316 3248 5367 4.
3347 5316 3397 5347 ⁸⁸
3420 5316 3559 5372 ibid.
3591 5319 3675 5381 Η,
3711 5316 3786 5371 15.

2727 5382 2772 5414 ⁸⁸
2802 5381 2938 5437 ibid.
2970 5382 3155 5438 18-2].
3257 5385 3303 5418 "
3336 5386 3453 5438 Jer.
3479 5403 3638 5438 nvm
3662 5431 3676 5438 -
3711 5387 3785 5438 £0.

3257 5385 3303 5418 "
3336 5386 3453 5445 ιρι.
3479 5403 3638 5443 nvrn
3662 5431 3677 5454 ,
3711 5387 3785 5442 ιο.

1890 5567 2130 5624 VARUE
2159 5566 2561 5623 LECTIONES.

633 5680 657 5717 ε
690 5670 1359 5737 ἐπιστομίζεινυὶιιιιταιεο,
1390 5663 1706 5720 occludere.
1796 5730 1799 5735 ι
