4030 6296
230 308 389 373 1545

1213 315 1546 375 ΗΟΜΠ.ΙΑ
1584 313 1844 375 XXXVI.
1886 336 1956 347 -
1999 311 2094 371 DE
2135 312 2500 372 PIGRITIA.

3349 310 3480 376 1546

229 433 322 486 ἵνα
376 428 454 500 μὴ
500 429 828 500 ἀκούσωμεν
865 429 1019 502 παρὰ
1048 429 1142 483 τοῦ
1181 429 1534 502 Ἀϐϐακούμ·
1597 450 1616 483 1
1658 431 1715 483 Ὀ
1748 429 1798 482 δὲ

1911 426 2199 482 deturbari
2222 426 2590 496 promeruit'.
2619 425 2740 479 Non
2764 425 2934 494 igitur
2955 423 3223 480 mediocri
3239 426 3482 482 circum-

227 523 587 592 κατοιόμενος
641 522 739 574 καὶ
788 523 1213 595 καταφρονητὴς
1245 523 1415 594 ἀνὴρ,
1463 520 1680 586 ἀλαζὼν
1712 520 1809 576 καὶ

225 615 610 686 ὑπερήφανος,
647 611 803 665 οὐδὲν
833 615 930 666 καὶ
964 614 1039 684 μὴ
1067 617 1312 685 περανεῖ.
1341 634 1360 668 1
1393 615 1502 668 Kal
1533 613 1804 684 ἀλλαχοῦ·

231 727 251 762 1
286 709 374 762 Ζῶ
400 705 534 774 ἐγὼ,
565 705 715 775 λέγει
745 705 976 773 Κύριος,
1005 706 1089 758 ὅτι
1120 706 1236 759 ἀλλ’
1262 705 1294 777 ἦ
1325 707 1452 770 τοὺς
1480 705 1806 772 δοξάζοντάς

229 819 302 872 με
330 800 542 865 δοξάσω
562 839 578 865 ,
630 798 726 853 καὶ
756 800 784 852 0
811 797 1110 862 ὲξουθενῶν
1139 815 1235 869 με,
1287 786 1747 870 ἁτῖμασθήσεται.
1780 817 1800 850 1

227 895 339 947 Kal
375 895 403 946 0
434 891 881 963 Παροιμιαστης·
925 907 946 941 1
981 890 1040 946 '0
1067 890 1426 961 καταφρονῶν
1456 891 1802 961 πράγματος,

225 981 777 1054 καταφρονηθήσεται
813 981 904 1034 ὑπ’
937 981 1105 1035 αὐτοῦ
1129 999 1142 1013 ·
1195 983 1224 1035 0
1257 982 1315 1034 δὲ
1351 981 1686 1050 φοϐούμενος
1715 982 1804 1033 ὲν·-

225 1075 413 1146 τολὴν,
440 1069 599 1136 οὗτος
624 1072 884 1141 ὑγιαὶνει.
912 1092 931 1124 1
963 1074 1077 1127 Kal
1102 1073 1130 1126 0
1151 1073 1397 1143 Μιχαίας
1421 1073 1586 1144 φησίν
1605 1089 1618 1103 ·
1647 1071 1808 1136 «Υἱὸς

227 1169 443 1233 δοξάζει
477 1166 714 1237 πατέρα,
751 1166 846 1218 καὶ
872 1164 1070 1228 δοῦλος
1099 1165 1192 1218 τὸν
1219 1165 1410 1237 κύριον
1447 1163 1637 1219 αὐτοῦ.
1669 1163 1802 1228 Καὶ,

227 1261 294 1312 Εἰ
321 1257 506 1328 πατὴρ
529 1257 638 1324 ἐγώ
659 1256 798 1326 εἰμι,
828 1255 932 1309 ποῦ
956 1256 1105 1308 ἐστιν
1131 1256 1164 1326 ἡ
1193 1256 1318 1322 δόξα
1343 1273 1477 1335 μου;
1507 1255 1621 1319 καὶ,
1647 1255 1695 1308 εἰ
1718 1253 1808 1308 κύο

229 1353 346 1424 ριός
392 1354 530 1422 εἰμι,
583 1348 687 1403 ποῦ
733 1351 882 1402 ἐστιν
930 1349 959 1400 0
1004 1346 1172 1415 φόϐος
1207 1364 1344 1417 μου;
1375 1367 1393 1398 1
1447 1346 1679 1416 Ὁμοίως
1709 1347 1806 1400 καὶ

225 1447 254 1497 0
286 1441 485 1495 Δαυῖδ·
548 1457 566 1490 ι
601 1438 772 1508 Φησὶν
817 1438 846 1489 0
893 1437 1213 1506 παράνομος
1239 1476 1254 1499 ,
1318 1434 1414 1489 τοῦ
1463 1435 1804 1506 ἁμαρτάνειν

224 1535 284 1586 ὲν
316 1531 496 1602 ἑαυτῷ
515 1547 530 1560 ·
565 1529 683 1584 Ούκ
717 1529 866 1582 ἐστιν
895 1528 1061 1598 φόϐος
1083 1525 1242 1592 Θεοῦ,
1279 1526 1541 1580 ἀπέναντι
1569 1526 1677 1580 τῶν
1701 1527 1803 1594 ὀφ-

225 1624 454 1695 θαλμῶν
488 1620 678 1678 αὐτοῦ.
696 1640 715 1673 1
746 1621 806 1675 '0
831 1621 888 1674 δὲ
913 1620 1120 1690 Πέτρος
1152 1620 1339 1690 φησὶν,
1367 1619 1449 1672 ὅτι
1481 1636 1500 1670 ι
1529 1619 1589 1672 '0
1613 1618 1805 1689 καιρὸς

222 1719 320 1772 τοῦ
368 1715 642 1787 ἄρξασθαι
689 1713 751 1767 τὸ
793 1715 971 1785 κρῖμα
1013 1711 1124 1765 ἀπὸ
1154 1710 1250 1764 τοῦ
1277 1711 1429 1764 οἴκου
1460 1710 1554 1764 τοῦ
1584 1710 1742 1764 Θεοῦ.
1775 1728 1794 1761 1

1912 519 2197 588 spectione
2222 534 2384 588 opus,
2417 518 2523 573 sibi
2553 527 2613 572 ut
2641 518 2877 588 quisque
2903 517 3176 583 attendat,
3197 533 3301 572 nec
3322 520 3453 588 quid
3472 549 3486 558 -

1910 624 2075 680 quam
2133 625 2298 680 supra
2345 610 2609 665 viriculas
2650 610 2905 680 proprias
2953 625 3144 665 secum
3182 611 3484 667 constituat

1909 700 2168 772 aggredi,
2204 700 2502 770 nequando
2533 699 2669 754 illud
2698 699 2958 754 Habacuc
2985 701 3042 754 in
3069 716 3126 756 se
3154 701 3356 757 habeat
3382 703 3482 757 de-

1907 791 2157 862 torqueri
2218 810 2232 847 :
2292 810 2310 843 1
2356 793 2638 862 Arrogans
2687 801 2745 846 et
2791 800 3178 861 contemptor,
3233 792 3482 847 insolens

1905 893 1962 938 et
2010 882 2324 952 superbus,
2379 883 2516 936 nihil
2567 882 2636 936 ad
2668 881 2836 938 ﬁnem
2871 898 3050 953 usque
3097 883 3429 953 perducet‘.
3461 887 3500 934 1‘

1907 973 2031 1030 Alio
2063 975 2196 1029 item
2221 975 2345 1029 loco
2399 992 2413 1027 :
2475 994 2492 1025 1
2524 974 2662 1028 Vivo
2705 988 2838 1045 ego,
2879 975 3017 1030 dicit
3046 976 3338 1041 Dominus,
3377 977 3485 1031 nisi

1904 1066 2281 1138 gloriﬁcantes
2297 1065 2623 1138 gloriﬁcabo
2643 1085 2658 1134 ;
2681 1067 2776 1137 qui
2807 1075 2994 1124 autem
3027 1071 3343 1124 contemnit
3371 1085 3481 1134 me,

1905 1161 2018 1215 erit
2047 1159 2311 1230 ignobilis
2342 1161 2434 1213 Μ.
2466 1177 2486 1212 1
2545 1159 2934 1216 Parmmiastes
2964 1178 2976 1213 :
3016 1180 3034 1211 1
3056 1159 3160 1227 Qui
3194 1175 3310 1215 rem
3342 1178 3507 1232 qua-g

1906 1250 2240 1320 lemcunque
2266 1251 2600 1315 contemnit,
2628 1258 3022 1307 contemnetur
3047 1251 3116 1306 ab
3140 1267 3236 1318 ea;
3265 1253 3362 1322 qui
3388 1270 3486 1308 au-
3511 1253 3514 1257 ’

1909 1351 2019 1399 lem
2053 1353 2284 1398 veretur
2315 1343 2681 1413 praatergredi
2711 1343 3057 1408 mandatum,
3092 1359 3260 1398 sanus
3287 1354 3373 1400 est
3397 1347 3438 1398 ⁷.
3461 1366 3480 1395 1

1906 1435 2162 1491 Michaeas
2196 1437 2327 1491 item
2357 1453 2371 1490 :
2405 1454 2423 1487 1
2451 1436 2626 1491 Filius
2643 1435 2917 1506 gloriﬁcat
2948 1445 3185 1506 patrem,
3215 1447 3271 1491 et
3290 1453 3486 1493 servus

1905 1529 2192 1583 dominum
2237 1543 2421 1584 suum.
2482 1527 2640 1594 Quod
2677 1529 2723 1583 si
2756 1537 2916 1598 pater
2945 1545 3048 1600 ego
3075 1545 3196 1585 sum
3219 1570 3234 1595 ,
3273 1529 3368 1584 ubi
3398 1539 3484 1584 est

1904 1619 2082 1690 gloria
2109 1621 2265 1674 mea?
2297 1631 2372 1686 et,
2396 1621 2442 1674 si
2475 1620 2736 1675 dominus
2763 1636 2866 1691 ego
2894 1637 3039 1686 sum,
3077 1621 3172 1676 ubi
3197 1629 3282 1676 est
3313 1622 3484 1676 timor

1906 1709 2196 1764 meus“?
2228 1728 2246 1760 1
2287 1709 2494 1764 Eodem
2528 1719 2744 1780 spectat
2774 1709 2911 1764 illud
2943 1711 3166 1767 Davidis
3217 1730 3230 1766 :
3287 1731 3304 1764 1
3336 1713 3484 1768 Dixit

222 1812 288 1866 Εἰ
317 1810 375 1864 δὲ
407 1811 501 1878 ἀφ’
525 1807 686 1879 ἡμῶν
717 1806 963 1878 πρῶτον,
1012 1805 1067 1857 τί
1098 1804 1158 1857 :0
1181 1803 1338 1867 τέλος
1367 1803 1478 1858 τῶν
1503 1803 1795 1857 ἀπειθούν-

1900 1800 2137 1872 injustas
2161 1839 2175 1865 ,
2234 1808 2297 1854 ut
2347 1800 2638 1871 delinquat
2669 1801 2724 1856 in
2759 1801 3098 1871 semetipso,
3149 1819 3260 1858 non
3293 1815 3377 1860 est
3411 1805 3485 1859 ti-

222 1920 372 1971 των;
405 1902 519 1955 Kal
553 1903 602 1954 εἰ
635 1903 662 1955 0
688 1900 900 1962 δίκαιος
932 1898 1087 1970 μόλις
1117 1895 1375 1961 σώζεται,
1409 1898 1437 1951 0
1471 1897 1677 1968 ἀσεϐὴς
1707 1896 1801 1951 καὶ

223 1995 553 2067 ἁμαρτωλὸς
585 1992 690 2047 ποῦ
721 1995 1004 2062 φανεῖται;
1035 1991 1147 2044 Kal
1173 1993 1201 2044 0
1228 1991 1439 2054 Παῦλος
1467 1990 1798 2062 Κορινθίοιςο

231 2109 249 2141 1
281 2089 383 2142 Διὰ
414 2087 573 2140 τοῦτο
606 2089 664 2139 ὲν
695 2086 824 2155 ὑμῖν
856 2084 1044 2137 πολλοὶ
1070 2082 1340 2149 ἀσθενεῖς,
1375 2083 1470 2136 καὶ
1501 2083 1797 2154 ἄρρωστοι,

221 2178 323 2234 καὶ
376 2175 677 2246 κοιμῶνται
729 2175 931 2229 ἱκανοί.
985 2175 1049 2227 Εἰ
1081 2173 1190 2245 γὰρ
1227 2175 1456 2237 ἑαυτοὺς
1486 2174 1798 2245 ἐκρίνομεν,

222 2270 328 2323 οὐκ
355 2268 421 2323 ἂν
449 2267 812 2338 ἔκρινόμεθα’
849 2267 1166 2336 κρινόμενοι
1191 2265 1270 2329 δὲ,
1304 2265 1410 2318 ὑπὸ
1434 2266 1643 2336 Κυρίου
1675 2283 1801 2319 παι-

221 2356 529 2428 δευόμεθα,
586 2355 672 2408 ἶνα
727 2354 803 2426 μὴ
836 2356 932 2408 σὺν
961 2355 1038 2425 τῷ
1066 2355 1259 2425 κόσμῳ
1288 2355 1741 2426 κατακριθῶμεν.
1775 2375 1794 2409 1

225 2449 340 2504 Kal
368 2444 553 2512 αὖθις·
591 2466 611 2499 1
633 2447 698 2500 'H
725 2447 908 2517 ἡμέρα
932 2447 1140 2517 Κυρίου
1165 2447 1240 2510 ὡς
1265 2447 1506 2518 κλέπτης
1533 2449 1591 2500 ἐν
1620 2447 1797 2515 νυκτὶ,

221 2541 398 2604 οὕτως
428 2540 670 2610 ἔρχεται.
696 2540 866 2594 Ὅταν
889 2535 946 2591 δὲ
975 2539 1208 2607 λέγωσιν
1225 2556 1239 2570 ·
1263 2540 1470 2610 Εἰρήνη
1502 2539 1594 2592 καὶ
1620 2539 1800 2609 ἀσφά-

221 2636 378 2699 λεια,
430 2632 552 2684 τότε
617 2631 883 2700 αἰφνίδιος
903 2627 1187 2698 ἐφίσταται
1235 2630 1423 2692 αὐτοῖς
1479 2629 1725 2700 ὄλεθρος.
1773 2649 1792 2683 1

219 2726 396 2794 Φησὶν
424 2723 481 2776 δὲ
510 2721 602 2776 καὶ
633 2722 791 2785 ἄλλος
809 2736 823 2749 ·
857 2739 876 2772 ι
905 2721 996 2792 Μὴ
1021 2721 1204 2792 εἴπῃς,
1233 2722 1294 2774 '0
1321 2721 1604 2792 οἰκτιρμδς
1630 2720 1796 2774 αὐτοῦ

224 2815 419 2878 πολὺς,
451 2814 546 2866 καὶ
573 2813 634 2865 τὸ
659 2812 864 2881 πλῆθος
893 2811 1003 2866 τῶν
1027 2805 1316 2882 ἁμαρτιῶν
1337 2830 1441 2883 μου
1467 2813 1795 2878 ὲξιλάσεται.

227 2905 418 2968 Ἔλεος
449 2904 560 2973 γὰρ
595 2903 689 2956 καὶ
719 2903 858 2975 ὀργὴ
894 2904 1024 2974 παρ’
1052 2904 1257 2973 αὐτῷ.»
1296 2905 1408 2958 Kal
1437 2904 1632 2958 1:11.1-
1667 2923 1686 2954 1
1705 2905 1797 2975 Μὴ

222 2995 464 3066 ἀνάμενε
494 2993 844 3064 ἐπιστρέφειν
873 2993 1009 3065 πρὸς
1035 2993 1244 3066 Κύριον
1263 3033 1280 3060 ,
1332 2995 1430 3048 καὶ
1463 2992 1537 3066 μὴ
1562 2995 1798 3050 ἀναϐάλ-

220 3087 317 3140 λου
369 3085 585 3156 ἡμέραν
634 3086 694 3151 ἐξ
740 3083 978 3154 ἡμέρας.
1039 3083 1199 3138 Καθὰ
1240 3084 1349 3155 γὰρ
1384 3085 1448 3138 τὸ
1479 3087 1614 3138 πολὺ
1649 3085 1798 3150 ἔλεος

221 3177 389 3232 αὐτοῦ
409 3219 424 3244 ,
469 3177 642 3240 οὕτως
673 3177 767 3230 καὶ
794 3177 963 3240 πολὺς
995 3177 1023 3228 ὀ
1054 3175 1276 3247 ἐλεγχος
1306 3176 1495 3232 αὐτοῦ.
1528 3195 1546 3228 1
1590 3177 1796 3240 ΙἈνδρα

223 3269 366 3323 κατὰ
396 3269 464 3322 τὰ
492 3268 629 3339 ἔργα
659 3266 827 3320 αὑτοῦ
857 3269 1056 3337 κρινεῖ.
1093 3268 1204 3320 Kal
1233 3268 1262 3320 0
1295 3267 1590 3338 Ἰεζεκιήλ·
1651 3287 1669 3320 ι
1712 3269 1802 3322 Ἐν

220 3357 303 3430 τῷ
345 3359 713 3428 ἀποστρέφειν
747 3357 958 3412 δίκαιον
1008 3359 1074 3411 ὲκ
1100 3359 1200 3428 τῆς
1227 3358 1580 3430 δικαιοσύνης
1607 3359 1799 3423 αὑτοῦ,

221 3453 320 3507 καὶ
367 3451 594 3521 ποιῆσαι
645 3450 863 3503 ἀδικίαν
889 3490 903 3514 ,
963 3451 1141 3504 πᾶσαι
1179 3453 1234 3504 αἰ
1261 3451 1604 3506 δικαιοσύναι
1633 3452 1800 3506 αὐτοῦ

221 3544 286 3598 οὐ
341 3542 414 3613 μὴ
467 3541 808 3612 μνησθῶσιν,
846 3544 904 3595 ὲν
934 3545 1000 3613 τῇ
1030 3541 1274 3614 ἁμαρτίᾳ
1305 3542 1470 3596 αὐτοῦ
1507 3543 1800 3597 ἀποθανεῖ-

220 3653 334 3690 ται.
381 3634 652 3688 Ἕκαστον
703 3634 847 3687 κατὰ
897 3633 996 3704 τὴν
1047 3635 1166 3688 ὁδὸν
1205 3633 1406 3699 αὑτοῦ,
1463 3637 1521 3688 ὲν
1655 3634 1801 3707 εὕρω

219 3728 409 3792 αὐτὸν,
445 3727 617 3797 κρινῶ
643 3726 826 3790 αὑτὸν,
853 3725 1005 3793 λέγει
1037 3725 1261 3796 Κύριος.
1304 3745 1324 3778 1
1357 3727 1467 3780 Kal
1493 3729 1522 3780 0
1543 3727 1758 3792 Παῦλος
1781 3743 1798 3759 ο

229 3840 252 3874 1
288 3821 436 3891 ’Δρα
464 3819 558 3873 οὖν
595 3818 670 3890 μὴ
702 3817 1080 3887 καθεύδωμεν,
1113 3819 1250 3873 ἀλλὰ
1275 3818 1664 3890 γρηγορῶμεν,
1703 3819 1798 3873 καί⁵

217 3911 500 3980 νήφωμεν.
538 3910 600 3961 υἱ
631 3907 742 3975 γὰρ
778 3906 1154 3971 καθεύδοντες,
1193 3909 1390 3972 νυκτὸς
1417 3909 1792 3976 καθεύδουσιν,

218 4001 318 4054 καί⁸
347 4001 397 4053 οί
425 3999 810 4070 μεθύσκοντες,
846 3999 1042 4065 νυκτὸς
1071 3999 1457 4070 μεθύσκουσιν.
1506 4021 1524 4054 1
1560 4002 1672 4056 Kal
1698 4003 1796 4056 ἐπ-

219 4093 348 4161 άγει
370 4109 388 4126 ο
445 4109 466 4144 1
505 4091 591 4155 '0;
637 4079 820 4144 τέκναχ
837 4091 1014 4160 φωτὸς
1051 4095 1430 4163 περιπατεῖτε,
1462 4091 1794 4164 ἐξαγοραζό-

222 4198 380 4254 μενοι
423 4182 516 4236 τδν
555 4182 787 4252 καιρὸν,
838 4181 922 4235 ὅτι
969 4183 1025 4235 al
1061 4183 1267 4254 ήμέραι
1303 4184 1538 4254 πονηραί
1572 4186 1731 4238 εἰσιν.
1768 4203 1788 4238 1

215 4273 387 4345 Φησὶν
413 4272 470 4325 δὲ
501 4273 597 4326 καὶ
625 4275 652 4325 0
677 4271 910 4343 Κύριος·
950 4292 968 4324 1
995 4274 1350 4344 Γρηγορεῖτε,
1385 4275 1468 4329 ὅτι
1495 4277 1595 4329 οὐκ
1614 4276 1793 4330 οἴδατε

213 4362 350 4433 ποίᾳ
373 4364 557 4434 ἡμέρᾳ
586 4365 614 4416 0
640 4363 849 4432 Κύριος
873 4364 1031 4432 ὑμῶν
1055 4364 1296 4434 ἔρχεται.
1315 4366 1525 4420 Ἐκεῖνο
1550 4367 1608 4420 δὲ
1634 4368 1793 4435 γινὼο

1903 1907 2027 1947 mor
2056 1890 2152 1946 Dei
2185 1899 2313 1947 ante
2341 1893 2538 1948 oculos
2564 1893 2688 1964 ejus
2707 1894 2769 1947 ‘°.
2808 1891 3007 1948 Petrus
3032 1910 3255 1965 quoque
3283 1914 3294 1948 :
3325 1897 3482 1952 11am

1903 1995 2124 2055 tempus
2155 1993 2268 2050 est,
2319 1995 2380 2039 ut
2413 1985 2645 2055 incipiat
2667 1986 2944 2057 judicium
2977 2003 3006 2041 a
3037 1987 3206 2043 domo
3238 1988 3338 2044 Dei
3361 1990 3424 2043 “.
3458 2008 3476 2041 1

1907 2077 2119 2146 1085
2154 2075 2310 2143 Quod
2343 2077 2389 2131 si
2417 2093 2448 2131 a
2478 2077 2645 2132 nobis
2668 2079 2940 2148 primum,
2976 2080 3102 2150 quis
3131 2079 3258 2136 ﬁnis
3286 2095 3482 2135 eorum

1901 2169 1997 2238 qui
2030 2183 2140 2222 non
2170 2168 2439 2224 credunt?
2473 2169 2540 2224 Et
2573 2169 2830 2240 sijustus
2861 2171 2950 2224 vix
2977 2171 3250 2237 salvatur,
3278 2173 3483 2243 impius

1901 2266 1958 2312 et
1979 2265 2240 2326 peccator
2265 2256 2361 2310 ubi
2384 2257 2697 2326 parebunt?
2716 2259 2920 2314 Paulus
2939 2259 3282 2316 Corinthiis:
3306 2281 3323 2312 1
3347 2262 3482 2316 Pro-

1901 2354 2028 2417 pter
2072 2348 2181 2402 hoc
2230 2348 2380 2403 inter
2408 2363 2512 2403 vos
2544 2350 2704 2404 multi
2735 2349 2939 2405 inﬁrmi
2971 2361 3029 2407 et
3055 2351 3388 2414 imbecilles.
3424 2363 3482 2409 et

1902 2437 2189 2493 dormiunt
2217 2439 2400 2494 multi.
2465 2439 2522 2496 Si
2557 2442 2708 2495 enim
2754 2457 2856 2497 nos
2891 2442 3043 2513 ipsos
3069 2444 3476 2514 judicaremus,

1902 2546 2014 2587 non
2060 2532 2254 2601 utique
2292 2532 2708 2602 judicaremur;
2759 2534 2893 2588 dum
2924 2545 3108 2591 autem
3136 2537 3478 2608 judieamur,

1902 2638 1932 2677 a
1977 2624 2210 2678 Domino
2251 2625 2626 2694 corripimur,
2690 2636 2753 2681 ut
2803 2643 2918 2682 non
2971 2643 3098 2683 eum
3136 2629 3242 2685 hoc
3268 2632 3480 2686 mundo

1901 2714 2338 2770 damnemur”.1
2369 2717 2624 2772 Rursus:
2655 2717 2820 2773 1Dies
2844 2719 3371 2794 Domini,tanquam
3390 2723 3482 2778 fur

1900 2806 1956 2860 in
1986 2816 2172 2872 nocte,
2208 2808 2287 2862 ita
2315 2808 2523 2863 veniet.
2562 2808 2701 2864 Cum
2729 2820 2914 2866 autem
2946 2811 3195 2868 dixerint
3232 2832 3245 2868 :
3281 2816 3390 2871 Pax
3423 2828 3480 2872 et

1901 2899 2176 2953 securitas
2204 2937 2220 2961 ,
2276 2906 2409 2954 tunc
2442 2900 2771 2968 repentinus
2803 2905 3162 2972 superveniet
3189 2907 3274 2962 eis
3300 2908 3479 2964 inter-

1901 2990 2016 3045 itus
2044 2991 2109 3044 ".
2135 3009 2154 3042 1
2219 2990 2326 3046 Sed
2355 3001 2412 3046 et
2437 2992 2579 3048 alius
2609 3009 2623 3046 :
2659 3013 2678 3045 1
2704 2993 2784 3049 Ne
2811 2994 3043 3063 dixeris,
3081 2998 3212 3067 quia
3243 3001 3478 3056 misera-

1901 3083 1983 3137 tio
2003 3081 2224 3138 Domini
2263 3083 2455 3148 multa,
2476 3083 2823 3140 multitudini
2845 3097 3200 3156 peccatorum
3225 3105 3478 3146 meorum

1905 3174 2322 3245 propitiabitur.
2338 3175 2718 3232 Misericordia
2737 3188 2794 3232 et
2812 3178 2893 3233 ira
2915 3180 3061 3249 apud
3078 3196 3206 3236 eum
3229 3183 3439 3238 sunt“.
3453 3202 3472 3234 1

1903 3265 2110 3320 lterum
2166 3283 2180 3320 :
2240 3285 2260 3316 1
2293 3267 2373 3322 Ne
2420 3268 2608 3324 tardes
2642 3271 2894 3326 converti
2937 3272 3007 3327 ad
3039 3273 3370 3343 Dominum,
3422 3288 3481 3332 et

1902 3371 1971 3410 ne
2014 3355 2244 3411 diﬁ‘eras
2289 3356 2357 3411 de
2397 3357 2488 3412 die
2531 3360 2589 3415 in
2629 3360 2824 3429 diem;
2879 3365 3188 3420 secundum
3223 3368 3480 3423 multitu-

1903 3447 2088 3502 dinem
2107 3448 2506 3505 misericordiae
2523 3451 2665 3521 ejus,
2685 3453 2759 3509 ita
2780 3463 2837 3511 et
2859 3455 3169 3529 increpatio
3186 3460 3438 3532 ipsius".
3455 3484 3472 3516 1

1901 3540 2094 3596 Virum
2112 3541 2420 3596 secundum
2441 3557 2606 3612 opera
2619 3545 2832 3615 judicat
2874 3549 3169 3610 Ezechiel:
3197 3575 3213 3607 1
3239 3555 3296 3611 Si
3319 3573 3483 3614 aver-

1901 3648 1997 3688 sus
2025 3632 2198 3688 fuerit
2218 3635 2403 3705 justus
2433 3649 2465 3689 a
2490 3636 2708 3706 justitia
2733 3654 2860 3706 sua,
2897 3653 2954 3696 et
2983 3643 3181 3700 fecerit
3207 3648 3476 3721 iniquita-

1900 3731 2011 3778 tem
2038 3763 2054 3788 ,
2108 3739 2303 3780 omnes
2341 3726 2574 3797 justitize
2605 3729 2726 3798 ejus
2761 3747 2872 3786 non
2902 3737 3374 3806 recordabuntur,
3415 3745 3474 3799 in

1897 3822 2126 3884 peccato
2152 3829 2254 3869 suo
2281 3816 2574 3870 morietur.
2629 3817 3110 3892 Unumquemquc,
3141 3826 3297 3896 juxta
3327 3831 3473 3884 viam

1897 3919 2055 3958 suam
2106 3905 2164 3959 in
2201 3920 2310 3975 qua
2355 3905 2625 3962 invenero
2667 3922 2826 3973 eum,
2873 3912 3158 3982 judicabo,
3195 3916 3330 3972 dicit
3358 3920 3472 3974 Do-

1896 3996 2082 4050 minus
2106 3996 2169 4050 ”.
2199 4015 2219 4049 1
2263 3996 2468 4052 Paulus
2492 3998 2622 4053 item
2668 4016 2682 4052 :
2730 4019 2748 4052 1
2778 4002 2969 4072 Itaque
3002 4020 3073 4060 ne
3101 4005 3468 4076 dormiamus,

1895 4086 1992 4142 sed
2019 4087 2312 4157 vigilemus
2341 4097 2398 4142 et
2427 4088 2598 4143 sobrii
2627 4090 2822 4147 simus.
2852 4094 2956 4160 Qui
2985 4096 3132 4151 enim
3157 4098 3466 4168 dormiunt,

1893 4187 2059 4234 nocte
2107 4179 2426 4246 dormiunt;
2485 4189 2544 4236 et
2595 4183 2689 4252 qui
2733 4185 2875 4240 ebrii
2915 4197 3076 4253 sunt,
3127 4201 3291 4249 nocte
3319 4194 3467 4251 ebrii

1893 4280 2023 4326 sunt
2047 4272 2110 4324 ".
2131 4290 2150 4322 1
2192 4271 2410 4327 inducit
2437 4291 2451 4329 :
2484 4294 2502 4325 1
2527 4275 2684 4330 Sicut
2716 4275 2815 4331 ﬁlii
2845 4278 2988 4334 lucis
3016 4282 3330 4347 ambulate,
3375 4303 3466 4343 re--

1893 4365 2165 4420 dimentes
2195 4373 2443 4434 tempus,
2493 4368 2624 4437 quia
2653 4367 2775 4423 dies
2799 4371 2928 4425 mali
2953 4381 3083 4427 sunt
3108 4375 3170 4429 ³⁸.
3205 4396 3225 4428 1
3269 4377 3377 4434 Sed
3411 4392 3466 4437 ει

215 4471 401 4522 σκετε,
433 4455 514 4507 ὅτι
543 4455 591 4506 εἰ
621 4454 734 4525 ᾔδει
763 4455 792 4506 0
815 4456 1206 4528 οἰκοδεσπότης
1229 4457 1359 4530 ποίᾳ
1379 4458 1596 4530 φυλακῇ
1621 4462 1648 4513 0
1668 4460 1792 4514 κλέ-

1900 4456 2160 4512 Dominus
2192 4475 2204 4510 :
2243 4476 2262 4509 1
2296 4458 2529 4529 Vigilate
2554 4500 2568 4524 ,
2622 4462 2753 4532 quia
2786 4464 3018 4520 nescitis
3047 4481 3157 4536 qua
3182 4468 3320 4525 hora
3354 4473 3464 4528 Do.

212 4563 358 4616 πτης
389 4544 629 4614 ἔρχεται,
666 4547 1049 4617 ἐγρηγόρησεν
1080 4547 1169 4613 ἂν,
1202 4549 1297 4600 καὶ
1329 4549 1430 4602 οὐκ
1489 4549 1672 4604 είασεν
1702 4551 1783 4603 δι-

212 4637 486 4703 ορυγῆναι
541 4635 641 4705 τὴν
688 4635 868 4689 οἰκίαν
905 4635 1096 4689 αὑτοῦ.
1129 4637 1226 4691 Διὰ
1275 4635 1436 4691 τοῦτο
1486 4639 1584 4692 καὶ
1623 4641 1784 4710 ὑμεῖς

208 4725 432 4792 γίνεσθε
477 4724 722 4795 ἕτοιμοι,
777 4726 880 4790 ὅτι,
927 4721 1114 4798 ᾖῶρᾳ
1149 4728 1211 4780 ού
1245 4727 1568 4795 γινώσκετε,
1605 4732 1633 4783 0
1661 4731 1788 4795 Υἰδς

208 4815 308 4868 τοῦ
336 4815 626 4886 ἀνθρώπου
659 4817 897 4889 ἔρχεται.
925 4837 944 4870 1
981 4819 1143 4890 Δύτῷ
1170 4821 1202 4891 ἡ
1229 4820 1357 4886 δόξα
1387 4823 1466 4884 εἰς
1495 4823 1622 4885 τοὺς
1651 4821 1788 4876 αἰῶ-

208 4924 310 4974 νας
339 4907 449 4960 τῶν
479 4908 711 4962 αἰώνων.
751 4908 947 4980 Ἀμήν.

806 5110 1023 5166 ΛΟΓΟΣ
1046 5112 1183 5179 Acr.

757 5222 898 5291 Περὶ
925 5223 1229 5294 δκνηρίας.

293 5323 360 5386 ’Β
382 5329 614 5404 ὁκνηρία
647 5335 1004 5400 συνέζευκται
1035 5339 1099 5408 τῇ
1129 5339 1387 5412 πονηρίᾳ.
1418 5357 1436 5392 ι
1457 5341 1621 5395 Δοῦλε
1644 5345 1772 5417 γὰρ,

304 5481 559 5558 fl_Reg.
611 5501 726 5551 χιιι,
778 5489 866 5544 15.
982 5489 1197 5546 “Prov.
1238 5509 1349 5558 χιι,
1403 5493 1493 5549 24.

205 5550 252 5623 ⁸9
282 5551 426 5623 ἕξεται.
465 5550 625 5614 Χίης
651 5550 720 5610 ἓξ
821 5561 862 5592 ¹¹
901 5560 1095 5617 lPetr.
1127 5578 1201 5623 ιν,
1237 5564 1320 5617 17.

196 5622 275 5749 ᾗ
284 5620 420 5676 ibid.
455 5623 507 5678 8.
623 5627 668 5658 ι·
703 5627 905 5684 Ezeeh.
943 5647 1092 5696 xvm,
1124 5620 1329 5696 21,50.

525 5786 796 5850 Punoc.
839 5791 952 5852 Gn.
998 5793 1306 5857 LXXXIX.

1629 5498 1699 5530 Μ
1732 5497 1750 5554 Ι
1780 5499 1916 5567 Reg.
1971 5515 2028 5567 ιι,
2081 5501 2170 5558 50.

1435 5566 1477 5597 ⁸³
1515 5565 1687 5621 lCor.
1718 5585 1792 5632 χι,
1823 5565 2012 5624 50-32.

1445 5635 1486 5666 "
1525 5636 1543 5690 l
1576 5636 1770 5694 Thess.
1804 5654 1858 5706 ν,
1899 5641 1953 5706 6,
2014 5642 2062 5697 7.

1891 4548 2077 4603 minus
2100 4556 2284 4604 vester
2309 4559 2582 4607 venturus
2603 4553 2692 4608 sit.
2720 4552 2857 4609 Illud
2879 4563 3064 4612 autem
3088 4560 3285 4618 scitote
3309 4565 3460 4634 quia,

1890 4637 1937 4696 si
1967 4639 2137 4694 sciret
2164 4641 2562 4710 paterfamilias
2602 4660 2710 4714 qua
2739 4645 2926 4717 vigilia
2956 4647 3048 4702 fur
3071 4652 3320 4719 veniret,
3371 4659 3459 4711 vi-

1886 4732 2086 4802 gilaret
2103 4733 2317 4804 utique,
2347 4743 2403 4790 et
2426 4751 2536 4791 non
2554 4738 2767 4795 sim-ret
2783 4741 3002 4810 perfodi
3026 4744 3252 4801 domum
3278 4763 3457 4803 suam.

1883 4825 2234 4895 Quapropter
2281 4834 2338 4880 et
2385 4843 2484 4882 vos
2541 4839 2720 4885 estote
2753 4833 2955 4902 parati,
2992 4835 3143 4905 quia,
3180 4853 3288 4908 qua
3324 4839 3458 4895 hora

1883 4932 1993 4973 non
2028 4917 2256 4985 putatis,
2290 4917 2464 4972 Filius
2499 4920 2744 4978 hominis
2779 4925 3047 4980 veniet".
3079 4947 3096 4978 1
3144 4929 3254 4999 Ipsi
3287 4929 3460 5001 gloria

1881 5005 1939 5060 in
1970 5007 2191 5061 saecula.
2223 5006 2420 5066 Amen.

2400 5123 2684 5182 HOMILIA
2714 5127 2956 5185 XXXVI.

2503 5238 2577 5292 De
2606 5242 2842 5312 pigritia.

1956 5347 2186 5420 Pigritia
2214 5349 2479 5419 nequitiae
2507 5351 2802 5423 conjuncta
2831 5362 2915 5412 est
2941 5364 2996 5411 et
3022 5356 3222 5415 afﬁnis.
3249 5376 3269 5412 1
3291 5361 3460 5419 Serve

2310 5504 2329 5536 "
2363 5504 2526 5560 Prov.
2564 5523 2674 5570 nux,
2729 5509 2818 5564 16.

2127 5573 2222 5627 ’³1
2281 5573 2475 5630 Thess.
2515 5593 2567 5641 ν,
2629 5581 2684 5640 2,
2747 5580 2798 5633 5,

2922 5582 2966 5614 ιι
3038 5585 3208 5640 Eccli.
3242 5605 3294 5652 ν,
3325 5588 3379 5651 6,
3405 5591 3457 5647 τ.

2170 5642 2214 5675 ⁸⁸
2241 5643 2444 5713 Ephes.
2485 5662 2536 5712 v,
2569 5647 2620 5712 8,
2653 5649 2739 5703 l6.

2852 5652 2894 5683 ¹⁹
2923 5653 3116 5710 Matth.
3148 5673 3294 5722 χιιι,
3356 5659 3453 5713 49.

3019 5813 3092 5875 49

2955 5513 3024 5544 ⁶’⁹
3059 5515 3290 5572 Malach.
3329 5533 3369 5582 1,
3404 5519 3458 5574 6.
3563 5519 3566 5522 ’
