4030 6296
555 321 708 390 ³15ίῖ

1815 322 2181 384 ANTIOCHI
2222 325 2563 388 MONACHI

3713 334 3851 395 1533

570 448 812 503 nequam
843 442 902 490 et
931 433 1088 506 piger
1103 435 1146 467 '°
1169 453 1216 499 ι,
1251 434 1331 489 ait
1359 433 1647 489 Dominus.
1683 433 1821 490 Cum
1850 437 2034 506 itaque
2063 449 2153 489 ro-

2258 436 2448 504 φησὶν,
2501 438 2600 491 καὶ
2641 435 2847 506 πονηρὲ
2896 437 2990 493 καὶ
3027 438 3250 508 ὀκνηρέ.
3282 457 3301 491 ι
3362 437 3475 492 Τοῦ
3502 435 3603 492 οῦν
3629 440 3849 509 Κυρίου

573 531 678 584 bur
729 527 948 584 abunde
995 527 1313 598 suppeditet
1350 526 1656 592 Dominus,
1715 528 1971 598 viresque
2018 543 2149 599 sug-

573 629 758 691 gerat,
782 619 1011 672 multam
1029 618 1212 688 reipsa
1236 626 1578 672 ostentemus
1593 617 1938 675 alacritatem
1955 619 2150 686 animi,

573 718 743 778 atque
773 724 804 762 a
833 706 995 762 nobis
1027 721 1191 776 porro
1214 721 1596 776 expungamus
1619 707 1992 762 omnimudam
2017 723 2154 762 cun-

575 801 876 854 ctationem
909 798 1025 852 sive
1056 797 1336 868 pigritiam
1365 838 1380 862 ,
1437 797 1602 867 inque
1633 797 1816 852 veraci
1849 800 2009 854 vinea
2043 799 2150 852 im-

575 891 730 962 pigre
763 905 1062 959 operemur
1096 905 1194 959 per
1225 898 1477 944 exactam
1509 890 1896 944 mandatorum
1927 890 2150 945 Domini

575 982 1022 1036 observationem
1043 1020 1057 1044 ,
1109 989 1374 1050 tanquam
1407 981 1630 1052 ingenui
1667 996 1732 1036 ac
1761 980 1995 1050 legitimi
2027 981 2149 1048 filii,

573 1091 684 1130 non
729 1075 860 1128 item
915 1083 976 1127 ut
1026 1073 1171 1128 servi
1207 1073 1444 1143 improbi
1489 1073 1606 1129 sive
1638 1082 1701 1128 ut
1729 1072 1972 1144 operarii
2002 1087 2151 1128 mer-

573 1165 820 1230 cenarii,
877 1165 970 1234 qui
1018 1165 1281 1234 pietatem
1322 1165 1472 1220 aliud
1502 1181 1623 1221 esse
1653 1166 1792 1221 nihil
1820 1166 2153 1236 promittunt

573 1273 738 1330 quam
789 1266 1097 1327 quantum,
1152 1273 1253 1312 suo
1309 1257 1532 1312 interim
1587 1257 1894 1313 servientes
1946 1258 2150 1322 ventri,

571 1367 673 1423 per
711 1365 910 1404 suaves
939 1364 1227 1404 sermones
1275 1357 1331 1402 et
1374 1348 1794 1404 henedictiones
1835 1348 1967 1403 dum
1999 1347 2151 1404 deci-

573 1444 734 1512 piunt
767 1441 934 1495 corda
968 1440 1365 1495 innocentium.
1427 1440 1536 1503 Ne,
1567 1441 1721 1511 juxta
1751 1440 1907 1495 Pauli
1938 1440 2151 1496 doctri-

571 1548 730 1597 nam,
769 1532 1068 1586 abutamur
1101 1529 1307 1586 Christi
1333 1530 1582 1595 nomine,
1615 1531 1773 1600 quasi
1806 1531 1860 1586 in
1888 1531 2155 1586 nundinis

572 1624 960 1694 negotiantes;
1021 1637 1160 1676 neve
1206 1621 1276 1676 ad
1310 1622 1715 1693 congerendam
1746 1622 2038 1692 pecuniam
2073 1621 2152 1676 si-

573 1731 699 1771 mus
729 1715 1031 1779 avidiores,
1067 1722 1123 1768 et
1156 1714 1398 1782 operarii
1427 1712 1638 1778 dolosi,
1696 1713 2154 1782 transﬁgurantes

2252 525 2352 595 τὴν
2389 527 2545 597 ίσχὺν
2577 527 3063 599 ἐπιχορηγοῦντος,
3089 529 3184 582 καὶ⁵
3209 531 3374 599 ἡμεῖς
3399 529 3464 582 τὸ
3488 527 3848 600 εὐπρόθυμον

2252 614 2556 685 δείξωμεν,
2609 619 2705 672 καὶ
2750 617 3148 690 ἀποῤῥίψωμεν
3198 619 3292 686 ἀφ’
3321 619 3484 688 ἡμῶν
3525 621 3727 673 πᾶσαν
3757 621 3848 673 ὀκ-

2256 700 2479 770 νηρίαν,
2518 703 2615 757 καὶ
2645 703 2874 773 ἐργάται
2905 705 3198 775 γενώμεθα
3227 707 3330 775 τῆς
3354 707 3627 777 ἀληθινῆς
3659 711 3836 778 ἀμπέ-

2253 792 2346 850 λου
2372 834 2388 860 ,
2444 783 2540 848 καὶ
2590 795 2831 865 φύλακες
2864 796 2973 848 τῶν
3003 797 3240 851 ἐντολῶν
3267 799 3363 852 τοῦ
3387 802 3604 870 Κυρίου
3638 801 3723 864 ὡς
3749 803 3847 855 υἱοὶ

2253 890 2490 960 γνήσιοι,
2517 891 2611 944 καὶ
2643 892 2718 961 μὴ
2742 891 2816 954 ὡς
2843 891 3017 945 δοῦλοι
3047 893 3295 962 πονηροὶ,
3321 893 3354 962 ἢ
3381 895 3476 947 καὶ
3499 895 3579 957 ὼς
3609 897 3847 962 ἐργάται

2258 983 2542 1054 μισθωτοὶ,
2577 982 2896 1054 νομίζοντες
2927 985 3200 1056 πορισμὸν
3225 980 3366 1038 εἶναι
3392 986 3496 1056 τὴν
3524 986 3845 1055 εὐσέϐειαν,

2252 1074 2597 1139 δουλεύοντες
2619 1077 2738 1139 ταῖς
2755 1075 2936 1130 αὐτῶν
2955 1075 3213 1139 κοιλίαις,
3237 1077 3354 1142 καὶ,
3375 1077 3465 1130 διὰ
3484 1077 3590 1147 τῆς
3607 1096 3845 1150 χρηστο-

2253 1165 2445 1235 λογίας
2476 1167 2570 1221 καὶ
2597 1166 2876 1236 εὐλογίας,
2909 1167 3308 1232 ὲξαπατοῦντες
3338 1168 3440 1232 τὰς
3467 1170 3715 1240 καρδίας
3737 1171 3846 1224 τῶν

2254 1257 2500 1314 ἀκάκων.
2524 1259 2617 1330 Μὴ
2635 1259 2945 1329 γενώμεθα,
2969 1259 3044 1322 ὡς
3067 1262 3092 1312 ό
3116 1260 3330 1322 Παῦλός
3353 1277 3546 1331 φησιν,
3569 1263 3848 1334 χρηστέμο

2254 1368 2437 1422 πόροι,
2472 1353 2567 1406 καὶ
2599 1353 2948 1425 φιλάργυροι,
2985 1353 3214 1424 ἐργάται
3241 1354 3433 1418 δόλιοι,
3471 1372 3842 1425 μετασχημα-

2251 1441 2529 1511 τιζόμενοι
2557 1444 2636 1506 είς
2658 1443 2942 1506 διακόνους
2964 1443 3164 1511 φωτὸς,
3191 1444 3422 1509 σκότους
3447 1447 3843 1514 τυγχάνοντες·

2253 1533 2390 1588 ἀλλά
2439 1532 2610 1597 ἀξίως
2650 1534 2752 1603 τῆς
2790 1535 3033 1603 κλήσεως
3083 1537 3178 1588 καὶ
3221 1535 3322 1606 τῆς
3351 1537 3656 1604 ὁμολογίας
3690 1539 3845 1608 ἡμῶν

2253 1623 2730 1695 πολιτευσώμεθα,
2761 1626 2925 1690 ὁσίως
2951 1629 3046 1680 καὶ
3069 1627 3295 1690 δικαίως
3321 1629 3416 1684 καὶ
3440 1630 3702 1694 εὐσεϐῶς
3720 1630 3846 1695 ζῶν-

2253 1731 2344 1777 τες
2365 1757 2380 1779 ,
2427 1715 2821 1785 προνοούμενοι
2850 1715 3016 1780 καλὰ,
3049 1717 3112 1772 οὐ
3148 1717 3310 1787 μόνον
3339 1719 3583 1774 ἐνώπιον
3610 1722 3844 1792 Κυρίου,

575 1823 678 1862 nos
729 1808 785 1862 in
833 1806 1123 1862 ministros
1166 1805 1344 1868 lucis,
1401 1820 1529 1860 cum
1574 1803 1800 1860 interim
1835 1819 2003 1874 opere
2036 1803 2155 1874 ipso

2258 1805 2394 1860 ἀλλά
2438 1807 2534 1860 καὶ
2575 1807 2853 1875 ἀγγέλων,
2894 1808 2992 1866 καὶ
3023 1808 3353 1879 ἀνθρώπων.
3409 1810 3592 1864 Τοῦτο
3620 1788 3738 1882 γὰρ
3765 1813 3845 1866 δί-

575 1901 751 1954 simus
789 1899 1094 1953 tenebrae"
1150 1915 1164 1951 τ
1219 1897 1435 1968 1086
1477 1896 1616 1966 quin
1648 1897 1834 1967 potius
1863 1895 2025 1967 digne
2055 1911 2152 1951 vo-

574 1991 794 2046 catione
844 2004 1238 2047 conversemur
1296 1997 1352 2043 et
1397 1987 1743 2060 professione
1789 1988 1893 2044 hac
1931 1996 2153 2055 nostra,

575 2092 764 2138 sancte
806 2083 1088 2146 viventes,
1132 2081 1281 2151 juste
1331 2095 1398 2134 ac
1440 2080 1561 2150 pie,
1607 2080 1966 2149 providentes
2009 2081 2154 2135 bona

576 2191 688 2230 non
718 2176 898 2230 solum
926 2188 1110 2228 coram
1140 2173 1396 2235 Domino.
1433 2175 1529 2230 sed
1561 2174 1732 2229 etiam
1762 2186 1950 2226 coram
1973 2171 2154 2226 homi-

464 2315 471 2320 .
577 2269 742 2323 nibus
770 2287 782 2321 :
813 2268 918 2322 hoc
942 2267 1090 2321 enim
1113 2267 1323 2337 justum
1352 2277 1411 2320 ut
1434 2268 1775 2337 gloriﬁcetur
1795 2267 1943 2321 Deus
1963 2263 2019 2317 in
2038 2279 2157 2317 om-

577 2362 768 2416 nibus.
805 2362 1168 2416 Excutiamus
1193 2376 1224 2414 a
1248 2357 1412 2412 nobis
1440 2374 1603 2425 quam
1628 2354 1946 2422 longissime
1975 2354 2156 2408 lento-

579 2472 692 2511 rem
740 2455 934 2511 animi.
1004 2455 1073 2510 Ut
1132 2454 1325 2509 fideles
1371 2448 1539 2512 servi,
1576 2447 1723 2502 diem
1767 2448 2156 2518 praastolemur

579 2548 850 2604 adventus
901 2546 1119 2602 Domini
1157 2543 1334 2599 nostri
1377 2561 1390 2597 :
1437 2555 1548 2612 quo
1577 2539 1666 2594 die
1693 2539 1820 2595 caeli
1844 2539 2152 2602 solventur,

580 2649 730 2694 terra
754 2647 938 2692 autem
963 2636 1310 2698 eﬂ‘ervescet,
1330 2642 1388 2688 et
1409 2639 1630 2688 evomet
1652 2646 1750 2686 eos
1767 2630 1912 2700 quia
1930 2629 2156 2684 condito

578 2731 821 2800 primum
846 2728 979 2781 orbe
1001 2723 1424 2779 obdormierint.
1445 2722 1657 2776 Montes
1680 2733 1844 2790 atque
1867 2719 2022 2774 arida
2037 2733 2158 2774 om-

2255 1897 2411 1956 καιόν
2437 1901 2607 1962 ἐστιν,
2643 1898 2732 1954 ῐνα
2761 1897 3055 1968 δοξάζηται
3082 1901 3109 1952 ό
3136 1901 3266 1965 Θεὸς
3289 1904 3348 1954 ὲν
3373 1904 3570 1957 πᾶσιν.
3590 1905 3849 1976 Ἀπορρί-

2253 1989 2444 2060 ψωμεν
2483 1986 2576 2044 οῦν
2619 1991 2718 2061 τὴν
2761 1993 3028 2062 ὀκνηρίαν
3080 1995 3176 2062 ἀφ’
3214 1995 3406 2064 ήμῶν,
3457 1997 3556 2049 καὶ
3607 1997 3687 2060 ὡς
3725 1998 3846 2052 δοῦ-

2254 2079 2338 2134 λοι
2383 2083 2566 2135 πιστοὶ
2614 2083 2979 2151 ἀναμένοντες
3020 2085 3119 2153 τὴν
3154 2086 3372 2156 ἡμέραν
3399 2088 3502 2155 τῆς
3531 2090 3845 2158 παρουσίας

2254 2173 2350 2225 τοῦ
2399 2171 2671 2226 Δεσπότου
2719 2174 2916 2244 ἡμῶν,
2974 2170 3094 2249 ὲνῇ
3142 2177 3191 2229 ol
3227 2177 3453 2246 οὐρανοὶ
3485 2178 3842 2249 λυθήσονται,

2257 2264 2356 2318 καὶ
2395 2267 2428 2334 ἠ
2465 2265 2538 2336 γῆ
2581 2265 2923 2338 ἀναῦράσσει
2959 2269 3086 2331 τοὺς
3117 2269 3175 2334 ἐξ
3202 2271 3400 2334 αἰῶνος
3431 2270 3843 2338 καθεύδοντας,

2254 2357 2356 2427 ὅρη
2412 2359 2506 2410 καὶ
2557 2360 2706 2414 πᾶσα
2757 2361 2790 2429 ἡ
2842 2359 2983 2429 ξηρὰ
3031 2362 3359 2432 ἐκστήσεται
3392 2363 3502 2419 ἀπὸ
3537 2366 3842 2434 προσώπου

2259 2447 2451 2502 αὑτοῦ.
2489 2448 2682 2502 Ἡνίκα
2733 2451 3101 2519 παραγίνεται
3135 2454 3162 2506 ό
3194 2453 3405 2522 Κριτὴς
3443 2456 3588 2522 μετά
3621 2456 3733 2509 τῶν
3760 2474 3846 2509 νε-

2257 2541 2434 2610 φελῶν
2455 2580 2469 2604 ,
2531 2541 2652 2594 τότε
2701 2542 2768 2595 τὰ
2799 2541 3091 2613 σύμπαντα
3117 2545 3320 2614 τρόμος
3348 2545 3622 2616 λήψεται,
3664 2549 3764 2601 καὶ
3791 2551 3843 2600 αἱ

2255 2635 2364 2686 τῶν
2413 2633 2666 2703 οὐρανῶν
2713 2635 2976 2705 δυνάμεις
3024 2635 3491 2707 σαλευθήσονταιο
3555 2639 3640 2692 διδ
3676 2639 3840 2709 πολλή

2258 2725 2410 2777 ἐστιν
2441 2726 2475 2795 ἡ
2507 2723 2834 2796 παρεμϐολὴ
2867 2725 3073 2793 σφόδρα
3099 2725 3299 2792 αὐτοῦ,
3350 2727 3437 2780 ὅτι
3473 2728 3682 2797 ἰσχυρὰ
3709 2731 3844 2801 ἔργα

578 2822 667 2875 nis
704 2821 1102 2888 obstupescent
1146 2831 1176 2870 a
1213 2814 1354 2869 tacie
1386 2813 1529 2882 ejus.
1567 2811 1707 2868 Cum
1741 2810 1959 2867 venerit
1985 2809 2155 2880 judex

2258 2815 2432 2882 λόγων
2459 2815 2625 2869 αὐτοῦ
2649 2831 2662 2846 ⁸
2690 2818 2748 2869 ὲν
2779 2816 3061 2886 συντελείᾳ
3093 2818 3188 2870 καὶ
3220 2819 3278 2870 ὲν
3309 2820 3637 2889 συσσεισμῷ
3667 2822 3705 2888 ἡ
3731 2821 3845 2883 an;

579 2929 707 2967 cum
739 2910 985 2966 nubibus
1006 2948 1020 2973 ,
1079 2915 1212 2963 tunc
1257 2905 1514 2959 universa
1542 2902 1808 2972 corripiet
1834 2909 2069 2965 tremor,
2102 2909 2157 2954 et

2259 2905 2430 2975 αὐτῷ,
2468 2905 2566 2960 καὶ
2611 2905 2813 2974 νεφέλη
2845 2907 3126 2976 κονιορτὸς
3157 2907 3335 2960 ποδῶν
3356 2907 3560 2961 αὐτοῦ’
3600 2911 3847 2963 ἀπειλῶν

579 3007 850 3063 calorum
879 3006 1118 3060 virtutes
1149 2999 1543 3055 movebuntur.
1576 2995 1746 3050 Multa
1768 2993 1976 3049 etenim
1997 2991 2157 3048 valde

2259 2997 2528 3067 θαλάσσῃ,
2579 2998 2675 3050 καὶ.
2723 2997 2995 3068 ξηραίνων
3039 2999 3229 3070 αὐτήν.
3280 3001 3438 3064 Ἥξει
3478 3002 3593 3072 γὰρ
3641 3002 3846 3073 Κύριος

581 3095 757 3149 series
784 3102 869 3148 est
897 3104 1204 3148 castrorum
1232 3089 1375 3158 ejus,
1397 3086 1524 3155 quia
1552 3083 1716 3140 fortia
1738 3099 1906 3153 opera
1927 3098 2048 3152 quae
2069 3097 2157 3137 so-

2265 3088 2405 3158 μετά
2434 3089 2608 3159 θυμοῦ
2637 3089 2804 3143 αὐτοῦ
2837 3089 2912 3152 ὡς
2939 3090 3074 3159 πῦρ,
3099 3092 3191 3144 καὶ
3214 3091 3288 3153 ὡς
3318 3095 3646 3161 καταιγίδες
3664 3096 3737 3148 τὰ
3759 3097 3845 3164 ἆρ-

580 3187 636 3240 lo
657 3186 830 3242 verbo
856 3187 974 3256 ejus
1006 3184 1138 3238 ﬁent
1165 3201 1177 3235 :
1206 3183 1262 3238 in
1293 3176 1718 3246 consumptione
1749 3184 1805 3232 et
1831 3174 2157 3231 commotio-

2266 3197 2412 3249 ματα
2464 3181 2669 3241 αὐτοῦ·
2731 3181 2824 3238 καὶ
2875 3181 2986 3251 πῦρ
3041 3184 3482 3254 προπορεύσεται
3527 3186 3850 3257 ἔμπροσθεν

581 3294 652 3335 ne
677 3280 766 3333 via
787 3279 908 3348 ejus
933 3285 990 3331 et
1015 3276 1192 3330 nubes
1217 3274 1396 3343 pulvis
1422 3271 1624 3342 pedum
1648 3270 1788 3339 ejus.
1835 3267 2157 3323 Intermina-

2262 3268 2452 3322 αὐτοῦ.
2489 3270 2606 3323 Kal
2636 3271 2686 3322 oi
2720 3271 2777 3322 ὲν
2803 3273 2917 3333 τοῖς
2947 3271 3231 3340 μνήμασιν
3261 3270 3594 3326 ἀκούσονται
3625 3274 3733 3341 τῆς
3757 3293 3850 3343 φο-

582 3381 678 3425 t-ur
706 3371 865 3433 mari,
897 3378 954 3424 et
977 3367 1219 3422 exsiccat
1244 3366 1400 3420 illud.
1428 3362 1700 3419 Adveniet
1721 3361 1871 3416 enim
1894 3359 2157 3416 Dominus

2261 3360 2430 3430 δερᾶς
2465 3361 2648 3430 φωνῆς
2677 3361 2843 3416 αὑτοῦ
2864 3400 2878 3423 ,
2939 3363 3036 3419 καὶ
3087 3361 3518 3433 ἐκπορεύσονται
3555 3367 3606 3418 oi
3637 3366 3847 3431 ἀοκνει,

581 3479 709 3518 cum
764 3462 952 3515 furore
993 3475 1131 3523 suo,
1185 3457 1344 3528 quasi
1390 3455 1554 3527 ignis.
1591 3462 1648 3510 et
1675 3450 1834 3524 quasi
1865 3461 2162 3520 tempestas

581 3551 863 3609 inundans
897 3566 1120 3608 currus.
1163 3549 1310 3620 Ignis
1344 3546 1623 3617 praecedet
1649 3544 1845 3601 faciem
1874 3544 2014 3613 ejus.
2056 3539 2172 3605 Qui'

580 3642 998 3711 comperiantur
1032 3640 1244 3702 strenui
1270 3639 1439 3693 fuisse
1466 3645 1524 3692 et
1551 3635 1771 3704 impigri
1807 3633 1861 3687 in
1892 3631 2162 3702 operibus

583 3735 768 3800 bonis,
802 3733 871 3788 ad
900 3734 1069 3788 vitam
1100 3730 1452 3802 emigrabunt
1479 3737 1779 3790 mternam;
1816 3733 2031 3790 contra,
2065 3723 2159 3793 qui

583 3825 1076 3896 deprchendemur
1125 3823 1285 3894 pigro
1331 3823 1544 3876 lentore
1593 3817 1900 3888 intepuisse
1953 3831 2018 3872 ac
2060 3814 2160 3870 fla-

581 3919 781 3988 gitiose
813 3916 1015 3971 vixisse
1041 3954 1056 3976 ,
1091 3913 1160 3968 ad
1188 3911 1523 3982 supplicium
1549 3918 1821 3975 aeternum
1849 3905 2156 3976 rapientur.

584 4011 652 4068 Et
675 4009 900 4079 quidem
928 4007 1102 4063 visuri
1126 4013 1260 4061 sunt
1288 4002 1628 4058 horrendum
1652 3999 1787 4054 illud
1811 4014 1875 4054 ac
1898 3996 2161 4053 formida.

583 4101 695 4160 bile
745 4100 960 4157 Judicis
1000 4097 1244 4152 tribunal
1295 4114 1307 4150 :
1360 4093 1456 4148 ubi
1500 4101 1558 4146 et
1593 4090 1756 4146 sedes
1799 4090 1857 4144 in
1881 4087 2160 4158 hocjudi-

577 4189 731 4242 eium
749 4195 1027 4256 apparats:
1047 4184 1482 4254 conspiciemur.
1499 4179 1644 4251 lgnis
1661 4178 1895 4249 proinde
1915 4175 2161 4244 fluminis

584 4281 640 4334 in
667 4293 878 4334 morem
901 4276 1295 4348 praeterﬂuens
1340 4275 1396 4330 in
1433 4278 1736 4342 conspectu
1771 4269 1972 4341 iudicis
1998 4268 2157 4324 tanti.

585 4371 736 4425 Libri
753 4371 981 4439 insuper
997 4367 1201 4438 aperti;
1223 4366 1353 4420 hinc
1369 4365 1628 4422 omnibus
1645 4362 1823 4434 palam
1841 4360 1975 4416 fient
1989 4359 2164 4414 homi-

2261 3451 2354 3502 καὶ
2401 3450 2452 3501 οί
2497 3451 2554 3502 ὲν
2597 3449 2824 3516 ἀγαθοῖς
2862 3448 3070 3520 ἔργοις,
3107 3453 3186 3520 εἰς
3217 3449 3362 3520 ζωὴν
3389 3451 3615 3504 αἰώνιον
3641 3470 3655 3484 ι
3712 3456 3765 3507 οί
3794 3455 3849 3508 δὲ
3933 3449 3936 3452 ’

2259 3542 2392 3609 όκνη
2403 3540 2485 3611 pol
2508 3542 2603 3593 καὶ
2625 3540 2840 3608 φαῦλοι,
2862 3543 2943 3604 είς
2969 3541 3192 3594 κόλασιν
3218 3541 3458 3596 αἰώνιον.
3483 3545 3598 3596 Kal
3621 3545 3850 3613 δῷονται

2260 3631 2321 3688 τὸ
2358 3631 2629 3699 φρικῶδες
2661 3630 3014 3702 δικαστήριον
3043 3631 3137 3684 τοῦ
3165 3631 3404 3700 Χριστοῦ
3431 3649 3444 3663 ·
3494 3633 3629 3687 ἔνθα
3662 3633 3852 3704 θρόνοι

2261 3723 2586 3792 πρόκεινται
2625 3723 2705 3783 εἰς
2742 3721 2921 3792 κρίσιν
2942 3760 2956 3783 ,
2983 3784 2989 3788 ,
3012 3721 3108 3774 καὶ
3140 3721 3198 3774 τὸ
3229 3723 3546 3792 ποταμηδόν
3579 3725 3707 3792 ῥέον
3737 3726 3850 3794 πῦρ

2259 3811 2598 3884 ἔμπροσθεν,
2635 3812 2803 3865 αὐτοῦ
2833 3829 2846 3842 ·
2907 3813 3003 3866 καὶ
3055 3813 3232 3883 βίϐλοι
3279 3815 3665 3884 ἀνεῳγμέναι,
3718 3817 3850 3871 ἔνθα

2261 3904 2493 3975 πράξεις
2547 3903 3047 3958 ἀνακαλύπτονται.
3106 3904 3199 3956 Διὸ
3252 3905 3697 3975 μνημονεύοντες
3751 3912 3850 3980 τὴν

2261 3999 2476 4070 ⁴ἡμέραν
2527 3999 2784 4068 εκείνην,
2865 3999 2942 4069 μὴ
2990 3993 3142 4069 ὦμεν
3188 4000 3417 4071 ὁκνηροὶ
3467 4002 3567 4055 καὶ
3616 4004 3848 4073 ἀμελεῖς

2261 4093 2318 4146 ὲν
2370 4094 2482 4154 τοῖς
2530 4091 2918 4162 προκειμένοις
2965 4093 3097 4162 ἡμῖν
3124 4133 3139 4158 ,
3198 4093 3337 4163 μηδὲ
3386 4097 3501 4158 τοῖς
3547 4097 3850 4153 ἐνεστῶσιν

2261 4185 2336 4248 ὡς
2361 4184 2602 4247 αἰωνίοις
2625 4184 2978 4254 προσχῶμεν.
2999 4169 3252 4239 Διδάσκει
3278 4187 3335 4244 δὲ
3361 4187 3510 4256 ἡμᾶς
3536 4189 3639 4240 καὶ
3656 4191 3686 4242 ό
3707 4190 3851 4259 Παρ-

2261 4275 2578 4343 οιμιαστὴς,
2610 4273 2786 4340 λέγων
2804 4290 2818 4304 ·
2861 4293 2879 4325 ι
2904 4275 2966 4326 El
2999 4273 3191 4338 ἄοκνος
3215 4272 3304 4346 ᾖς,
3331 4275 3450 4346 ἥξει
3473 4276 3667 4348 ὥσπερ
3695 4289 3844 4350 πηγὴ

2261 4363 2290 4417 ὁ
2321 4361 2532 4432 άμητός
2562 4378 2655 4414 σου
2675 4377 2687 4389 ·
2722 4363 2756 4431 ἡ
2789 4362 2847 4414 δὲ
2878 4361 3078 4427 ἔνδεια,
3117 4361 3310 4432 ὥσπερ
3342 4363 3512 4426 κακὸς
3545 4364 3713 4436 ἀνὴρ,
3745 4369 3849 4418 ἀπ-

590 4479 725 4518 num
758 4463 1008 4517 actiones
1023 4470 1078 4516 et
1097 4460 1427 4530 perspicuae.
1449 4457 1631 4523 Quare
1654 4455 1762 4510 diei
1790 4454 1938 4514 illius
1963 4452 2157 4508 sedulo

2265 4454 2656 4524 αυτομολήσει.
2689 4473 2708 4506 ι
2779 4455 2891 4506 Καὶ
2947 4454 3150 4508 πάλιν·
3217 4471 3240 4508 ι
3281 4454 3688 4524 Ἐργαζόμενος
3749 4459 3848 4528 τὴν

586 4568 889 4616 memores,
919 4568 1011 4616 ne,
1053 4565 1270 4620 quaeso,
1299 4550 1696 4608 lentescamus,
1724 4563 1796 4601 ne
1833 4554 2164 4601 ounctemur

583 4662 648 4700 ea
673 4647 893 4717 explere
923 4659 1044 4714 qua:
1073 4643 1137 4698 ad
1164 4642 1453 4711 abreptum
1484 4638 1610 4700 vitae
1634 4638 1795 4692 istius
1820 4637 2165 4706 propositum

585 4739 857 4802 attinent;
914 4751 1097 4805 neque
1142 4731 1497 4802 temporariis
1527 4731 1617 4785 bis
1648 4737 1911 4798 tanquam
1939 4728 2166 4782 alter-nis

586 4837 829 4883 mentem
865 4826 1169 4896 alligamus.
1226 4825 1398 4879 Docet
1431 4822 1538 4881 hoc
1596 4835 1697 4879 nos
1727 4820 2160 4878 Parmmiastes:

593 4937 611 4966 ι
643 4916 700 4971 Si
734 4916 968 4986 impiger
996 4913 1202 4979 fueris,
1248 4911 1437 4966 veniet
1466 4911 1625 4981 quasi
1656 4909 1781 4964 fons
1811 4909 2007 4964 messis
2034 4917 2161 4983 tua;

585 5015 801 5077 egestas
829 5015 1038 5068 autem,
1069 5013 1329 5074 tanquam
1364 5004 1449 5058 vir
1477 5003 1676 5066 malus,
1712 5001 1887 5070 fugiet
1917 5016 1946 5054 a
1975 5009 2028 5054 te
2048 5002 2114 5052 “.
2140 5019 2159 5052 ι

585 5102 828 5155 Rursum
866 5117 879 5153 :
917 5117 933 5150 ι
964 5098 1069 5164 Qui
1102 5106 1367 5168 Operatur
1401 5104 1608 5164 terram
1641 5109 1820 5158 suam,
1857 5093 2167 5162 replebitur

585 5193 859 5264 panibus;
893 5192 989 5262 qui
1021 5207 1154 5246 vero
1184 5199 1430 5246 sectatur
1456 5189 1656 5252 otium,
1691 5185 2001 5256 replebitur
2028 5200 2166 5254 pau-

585 5285 919 5356 pertate’h
956 5284 1161 5338 lterum
1192 5300 1206 5336 :
1242 5301 1258 5333 ι
1289 5282 1346 5336 1η
1376 5280 1596 5351 pigritia
1627 5277 2016 5332 humiliabitur
2036 5291 2169 5330 con-

589 5377 912 5448 tignatio,et
945 5378 1001 5431 in
1032 5377 1148 5430 otio
1176 5389 1439 5429 manuum
1471 5371 1798 5443 ingemiscet
1824 5369 2024 5423 domus
2043 5368 2113 5424 “.
2141 5385 2161 5420 ι

588 5469 803 5523 Rursus
831 5487 844 5522 :
877 5489 893 5520 ι
925 5471 1224 5540 Paupertas
1250 5467 1431 5538 virum
1457 5463 1733 5526 humiliat,
1760 5476 1958 5515 manus
1980 5467 2164 5514 autem

590 5560 816 5615 fortium
841 5559 1228 5616 ditescent-"J
1263 5558 1468 5612 lterum
1499 5573 1513 5610 :
1546 5574 1562 5605 ι
1593 5553 1880 5609 Desideria
1903 5551 2167 5610 occidunt

661 5674 708 5707 ι’
737 5674 928 5727 Matth.
969 5689 1093 5740 xxv,
1121 5671 1218 5732 26.
1323 5672 1367 5707 “
1400 5669 1446 5725 ll
1472 5666 1600 5724 Cor.
1629 5683 1704 5736 ιι,
1744 5667 1832 5733 15,
1860 5666 1947 5734 14,
2007 5665 2095 5720 15.

598 5744 641 5777 ³⁵
669 5745 834 5805 Prov.
865 5759 920 5810 ι,
948 5744 1000 5798 4.

2197 5667 2256 5743 ,⁸⁸
2286 5667 2448 5723 Prov.
2479 5683 2553 5733 vr,
2589 5665 2674 5720 11.

2262 4545 2460 4601 ἑαυτοῦ
2481 4549 2606 4615 γῆν,
2634 4544 3015 4615 πλησθήσεται
3037 4545 3203 4614 ἄρτου
3219 4561 3233 4575 ·
3259 4547 3287 4598 ό
3306 4544 3364 4598 δὲ
3386 4545 3603 4600 διώκων
3626 4549 3845 4617 σχολὴν,

2263 4638 2642 4708 πλησθήσεται
2696 4637 2909 4700 πενίας.
2940 4655 2960 4689 ι
3024 4637 3136 4697 Kal
3184 4636 3375 4695 πάλιν
3435 4655 3454 4688 ι
3492 4638 3582 4690 Ἐν
3617 4639 3848 4710 ὀκνηρία

2261 4729 2736 4800 ταπεινωθήσεται
2785 4731 2820 4798 ἡ
2865 4726 3133 4792 δόκωσις,,
3194 4730 3290 4783 καὶ
3341 4730 3397 4781 ὲν
3438 4730 3615 4800 ἀργίᾳ.
3645 4731 3846 4800 χειρῶν

2265 4821 2454 4886 στάζει
2504 4822 2539 4891 ἡ
2583 4822 2752 4875 οίκία.
2782 4839 2802 4873 ι
2867 4821 2979 4874 Καὶ
3027 4820 3192 4880 πάλιν
3219 4837 3233 4852 ι
3293 4839 3312 4872 ι
3343 4821 3512 4876 Πενία
3543 4823 3720 4895 ἄνδρα
3749 4839 3841 4876 τα-

2263 4916 2471 4967 πεινοῖ’
2503 4916 2685 4983 χεῖρες
2709 4912 2766 4964 δὲ
2790 4911 3052 4982 ἀνδρείων
3079 4912 3513 4967 πλουτίσουσιν.»
3535 4916 3647 4968 Kal
3667 4911 3839 4978 αὖθις

2269 5025 2286 5058 ι
2331 5004 2652 5069 Ἐπιθυμίαι
2695 5003 2929 5074 ὀκνηρὸν
2968 5005 3419 5058 ἀποκτείνουσιν·
3473 5007 3533 5058 οὐ
3566 5007 3674 5075 γὰρ
3708 5023 3839 5077 προσ

2264 5095 2551 5168 αιροῦνται
2597 5097 2652 5149 αί
2692 5099 2874 5167 χεῖρες
2907 5096 3074 5151 αὑτοῦ
3107 5099 3283 5149 ποιεῖν
3311 5114 3386 5151 τι.
3417 5115 3436 5147 ι
3502 5099 3613 5151 Καὶ
3644 5099 3839 5150 πάλιν·

2271 5204 2289 5237 ι
2327 5186 2433 5239 Ἴθι
2466 5185 2603 5256 πρὸς
2662 5185 2958 5257 μύρμηκα,
2990 5185 3035 5237 ὢ
3058 5185 3264 5257 ὀκνηρὲ
3285 5225 3300 5252 ,
3355 5186 3448 5238 καὶ
3478 5184 3721 5254 ζήλωσον
3749 5184 3841 5244 τὰς

2272 5278 2429 5340 ὁδοὺς
2464 5276 2628 5330 αὑτοῦ
2648 5292 2662 5306 ⁸
2700 5277 2793 5330 καὶ
2819 5277 2979 5344 γενοῦ
3011 5278 3223 5330 ἐκείνου
3255 5276 3585 5347 σοφώτερος.
3615 5295 3634 5328 ι
3676 5275 3839 5328 Ἐκεί-

2272 5387 2349 5438 νῳ
2377 5371 2487 5438 γάρ
2519 5368 2790 5439 γεωργίου
2825 5371 2924 5438 οὐχ
2953 5371 3311 5439 ὑπάρχοντος,
3338 5369 3462 5421 οὐδὲ
3491 5371 3583 5422 τὸν
3612 5365 3838 5433 ἀναακᾶ-

2272 5461 2435 5525 ζοντσ,
2465 5461 2625 5530 ἔχων,
2656 5461 3012 5532 ἐτοιμάζεται
3037 5461 3228 5530 θέρους
3249 5461 3350 5530 τὴν
3370 5460 3601 5532 τροφήν.
3623 5460 3727 5513 Kal
3747 5458 3837 5510 πά-

2271 5551 2392 5606 λιν·
2460 5570 2476 5602 ι
2513 5551 2818 5624 Πορεύθητι
2866 5553 3002 5624 πρὸς
3050 5553 3151 5624 τὴν
3200 5553 3504 5622 μέλισσαν,
3562 5554 3654 5607 καὶ
3702 5549 3835 5620 μάθε

2786 5669 2831 5700 ³⁸
2865 5666 3026 5722 Prov.
3062 5683 3156 5734 xu,
3190 5666 3272 5721 Η.
3384 5667 3430 5701 ’⁸
3459 5665 3640 5723 Eccle.
3674 5679 3723 5732 ι,
3753 5662 3833 5720 18.
