4030 6296
249 335 390 404 1549

741 341 1069 404 HOMILIA
1108 345 1403 405 XXXVII.
1431 369 1498 378 —
1527 344 1694 405 ADV.
1737 342 1820 403 OF

1935 341 2090 404 NON
2131 343 2312 403 ESSE
2341 343 2791 405 CONTENDEN
2801 347 2986 408 DUM.

3347 349 3484 415 1550

245 457 326 520 ὡς
373 452 612 524 ἐργάτης
657 453 825 508 ἐστιν.
860 474 880 506 ι
946 454 1056 525 Τὴν
1099 471 1160 510 τε
1209 457 1473 525 ἐργασίαν
1506 457 1581 520 ὡς
1613 457 1819 528 σεμνὴν

1923 455 2137 526 pigrum
2161 495 2178 520 ,
2234 471 2345 512 non
2393 457 2542 511 enim
2584 457 2781 512 volunt
2811 474 3009 514 manus
3037 460 3156 530 ejus
3185 461 3488 534 quidquam

247 549 522 608 ποιεῖται,
557 540 625 614 ἧς
659 546 784 608 τοὺς
817 545 1013 608 πόνους
1047 545 1284 616 βασιλεῖς
1317 549 1408 601 καὶ
1440 547 1647 602 ἰδιῶται
1681 548 1820 618 πρὸς

250 637 464 704 ὑγίειαν
496 635 916 705 προσφέρονται.
955 637 1064 689 Καὶ
1097 637 1256 690 πάλιν
1279 657 1290 668 ·
1315 655 1335 689 ι
1366 639 1509 701 Ἕως
1538 638 1698 704 τίνος,
1728 639 1822 690 6x-

244 743 314 794 νη
325 725 405 793 ρὲ,
423 724 774 790 κατάκεισαις
796 724 925 776 πότε
949 723 1004 776 δὲ
1023 724 1082 787 ἐξ
1105 723 1274 776 ὕπνου
1294 724 1599 795 ἐγερθήσῃ;
1623 725 1820 796 μικρὸν

249 815 545 886 κωμάσαι,
593 814 772 883 ὀλίγον
815 813 873 866 δὲ
920 814 1255 887 ὲναγκαλίζῃ
1284 816 1442 886 χερσὶ
1469 814 1660 886 στήθη.
1694 832 1712 866 ι
1751 842 1820 854 —-

253 927 272 960 ι
300 905 436 961 Εἶτα
465 907 832 977 παραγίνεταί
859 923 942 960 σοι
971 908 1003 978 ἡ
1033 907 1215 973 πενία,
1241 909 1334 961 καὶ
1358 909 1392 979 η
1414 908 1612 972 ἔνδεια,
1630 907 1820 978 ὥσπερ

246 1002 452 1068 ἀγαθὸς
479 1001 768 1070 δρομεύς.»
809 999 867 1054 '0
895 1001 954 1055 δὲ
991 1000 1260 1071 Ἱερεμίας
1287 1003 1483 1073 φησίν·
1518 1019 1539 1054 ε
1562 1002 1822 1072 Ἐκοιμή-

247 1093 426 1162 θημεν
459 1093 517 1145 ἐν
546 1094 611 1162 τῇ
641 1091 873 1163 αἰσχύνῃ
899 1096 932 1162 ἡ
944 1091 1062 1164 μῶν
1083 1131 1099 1156 ,
1153 1094 1250 1147 καὶ
1294 1094 1640 1165 ἐπεκάλυψεν
1674 1096 1822 1165 ἡμᾶς

248 1184 286 1252 ἡ
329 1183 520 1251 ἀτιμία
561 1183 738 1253 ἡμῶν.
794 1185 933 1238 Οὐαὶ
979 1185 1112 1254 ἡμῖν
1160 1185 1243 1238 ὃτι
1287 1184 1764 1257 ταλαιπωροῦμεν.
1795 1203 1815 1237 ι

247 1273 417 1340 Λέγει
443 1274 499 1326 δὲ
534 1274 629 1327 κα)⁸
658 1272 816 1337 ἄλλος
839 1291 853 1303 ο
919 1291 938 1324 ι
969 1273 1117 1343 Λίθῳ
1143 1275 1514 1346 ὴρδαλωμὲνῳ
1539 1292 1822 1346 παρασυν-

248 1366 458 1437 εσλήθη
487 1368 515 1418 6
538 1365 771 1436 ὀκνηρὸς
794 1405 810 1430 ,
865 1366 960 1418 καὶ
993 1367 1102 1428 πᾶς
1132 1367 1380 1436 ἐκσυριεί
1407 1367 1501 1420 ιπὶ
1531 1370 1598 1438 τῇ
1625 1367 1823 1439 ἀτιμίᾳ

249 1458 440 1516 αὑτοῦ.
468 1477 486 1510 ι
546 1459 660 1512 Καὶ
705 1455 900 1521 αὖθις
963 1476 982 1510 ι
1024 1457 1452 1528 Ὀνειδιζόμενος
1481 1459 1712 1530 ὀκνηρὸς
1758 1459 1821 1514 ού

249 1549 700 1619 καταισχύνεται.
753 1549 996 1619 Βολϐίτῳ
1023 1549 1132 1618 γὰρ
1163 1548 1397 1618 κοπρίας
1423 1549 1822 1620 παρομοιοῦται

247 1642 280 1694 ὁ
306 1640 559 1709 ὀκνηρός.
596 1658 613 1690 ι
659 1638 1125 1709 Ἀποϐαλλώμεθα
1169 1634 1287 1704 οὖν,
1324 1639 1567 1708 ἀδελφοὶ,
1604 1641 1704 1710 ὅση
1732 1639 1822 1693 δύ.

249 1747 418 1800 ναμις
449 1729 550 1799 τὴν
575 1728 839 1798 ὀκνηρίαν
873 1728 968 1781 καὶ
993 1729 1092 1797 τὴν
1117 1711 1458 1799 ἀργίαν,’ῐνα
1492 1728 1566 1800 μὴ
1594 1727 1696 1798 τῆς
1723 1728 1820 1798 βα-

252 1823 466 1886 σιλείας
515 1822 624 1875 τῶν
671 1820 917 1891 οὐρανῶν
963 1820 1352 1889 στερηθῶμεν,
1409 1822 1476 1890 τῇ
1523 1820 1581 1873 δὲ
1627 1819 1820 1893 γεέννῃ

1927 1835 2050 1874 mus
2070 1820 2135 1872 ²⁹.
2167 1838 2184 1871 ι
2244 1819 2401 1873 Alius
2432 1819 2565 1872 item
2619 1834 2632 1870 :

250 1911 350 1965 τοῦ
397 1911 568 1982 πυρὸς
618 1910 1137 1980 παραπεμφθῶμεν.
1201 1910 1549 1980 ’Δκούσωμεν
1591 1906 1686 1963 οὖν
1728 1909 1822 1963 τοῦ

266 2002 591 2057 ’Δποστόλου
624 2000 1088 2072 συμϐουλεύοντος
1108 2017 1123 2033 ο
1161 2019 1182 2053 ι
1204 2002 1284 2071 Τῇ
1316 2001 1519 2071 σπουδῇ
1557 2001 1632 2071 μὴ
1661 2003 1824 2072 ὀκνη-

251 2094 364 2164 ροὶ,
408 2092 488 2164 τῷ
536 2092 813 2162 πνεύματι
864 2093 1101 2157 ζέοντες,
1119 2091 1196 2162 τῷ
1218 2092 1406 2162 Κυρίῳ
1426 2091 1820 2156 δουλεύοντες.»

248 2185 565 2247 Ψάλλοντες
591 2185 650 2240 δὲ
680 2185 773 2238 καὶ
806 2184 944 2253 μετά
971 2183 1066 2237 τοῦ
1093 2184 1256 2238 Δαυῒδ
1274 2200 1288 2214 ο
1331 2201 1351 2235 ι
1381 2182 1684 2253 Εὐλογητὸς
1710 2182 1826 2236 Κύ-

253 2293 403 2347 ριος,
437 2278 466 2328 6
497 2276 631 2340 Θεός
665 2292 766 2350 μου
789 2315 804 2339 ,
857 2275 884 2327 6
927 2275 1197 2330 διδάσκων
1243 2274 1342 2338 τὰς
1379 2274 1568 2346 χεῖράς
1603 2290 1704 2344 μου
1747 2273 1828 2338 είς

251 2367 566 2438 παράταξιν
589 2407 604 2432 ,
657 2367 754 2420 καὶ
783 2368 910 2429 τοὺς
937 2365 1235 2429 δακτύλους
1266 2383 1370 2434 μου
1401 2367 1479 2429 είς
1508 2365 1768 2433 πόλεμον.
1800 2381 1822 2420 ι

249 2455 588 2526 Φοϐηθῶμεν
617 2456 677 2509 τὸ
704 2457 1011 2526 ὑπόδειγμα
1034 2457 1128 2509 τοῦ
1151 2455 1462 2528 κρύψαντος
1486 2455 1548 2509 τὺ
1568 2455 1828 2514 τάλαντον

245 2548 336 2609 είς
379 2547 478 2616 τὴν
518 2548 643 2617 γῆν,
683 2546 771 2598 ἵνα
805 2548 881 2619 μὴ
909 2546 1236 2617 ἀκούσωμεν
1271 2545 1424 2616 παρά
1455 2544 1548 2597 τοῦ
1578 2544 1786 2616 Κυρίου
1808 2558 1824 2574 ο

257 2657 280 2690 ι
317 2638 478 2692 Δοῦλε
525 2639 730 2708 πονηρὲ
778 2638 874 2692 καὶ
911 2637 1133 2709 ὀκνηρέ.
1161 2655 1180 2694 ι
1241 2636 1389 2690 Καί·
1449 2654 1466 2687 ι
1498 2637 1701 2704 Ἀρατε
1731 2633 1826 2688 ἀπ’

252 2728 424 2782 αὑτοῦ
450 2728 511 2780 τὸ
535 2728 818 2792 τάλαντον,
850 2727 945 2780 καὶ
970 2728 1060 2781 τὸν
1083 2728 1303 2797 ἀχρεῖον
1328 2725 1510 2779 δοῦλον
1534 2725 1828 2779 ἐκϐάλλετε

250 2818 337 2880 είς
380 2817 439 2870 τὸ
486 2817 753 2887 ἐξώτερον
808 2818 1019 2880 σκότος.
1059 2817 1208 2868 Ἐκεῖ
1262 2815 1416 2869 ἔσται
1463 2817 1491 2869 6
1522 2815 1825 2886 κλαυθμὸς,

251 2910 350 2962 καὶ
379 2910 406 2961 6
431 2908 677 2979 βρυγμὸς
707 2907 814 2960 τῶν
839 2907 1124 2960 ὀδόντων.»
1162 2907 1320 2960 Ἀλλά
1355 2906 1555 2977 μᾶλλον
1587 2906 1828 2960 σπουδά-

253 3017 440 3070 σωμεν
472 2999 706 3053 ἀκοῦσαι
736 3000 798 3052 τό
823 3015 840 3031 ο
905 3018 924 3051 ι
957 2995 1031 3054 Εὖ
1053 3041 1067 3064 ,
1117 2998 1275 3052 δοῦλε
1305 2997 1484 3067 ἀγαθὲ
1517 2997 1614 3052 καὶ
1641 2996 1824 3062 πιστὲ,

249 3092 350 3144 ἐπὶ
395 3093 552 3161 ὀλίγα
602 3089 682 3155 εἷς
723 3092 951 3157 πιστὸς,
1008 3092 1102 3146 ἐπὶ
1132 3089 1346 3144 πολλῶν
1381 3089 1442 3142 σε
1465 3090 1824 3160 καταστήσω,

1926 547 2144 616 operari
2168 549 2266 601 ".i
2296 547 2542 617 Itemque
2574 564 2587 599 :
2619 566 2636 598 ι
2659 547 2808 602 Vade
2834 547 2900 602 ad
2927 549 3232 617 formicam,
3257 567 3289 606 ο
3313 553 3488 623 piger,

1926 646 1982 691 et
2007 637 2230 693 imitare
2259 638 2379 692 vias
2405 639 2618 708 ejus,et
2651 637 2741 691 illa
2765 645 2889 692 esto
2917 638 3219 708 sapientior
3239 641 3308 694 ’⁷.
3335 661 3352 692 ι
3394 642 3491 696 Illa

1923 728 2094 793 enim,
2129 743 2254 783 cum
2319 729 2371 784 ei
2437 744 2546 783 non
2590 738 2848 798 suppetat
2879 730 2986 784 ulla
3013 731 3357 799 agricolatio,
3396 748 3496 787 ne-

1925 836 2032 890 que
2062 820 2273 874 habens
2303 819 2398 889 qui
2430 835 2489 875 se
2514 835 2582 874 eo
2607 820 2816 878 laboris
2839 821 3058 892 adigat,
3110 831 3265 891 parat
3297 827 3496 880 messis

1929 922 2174 981 tempore
2205 911 2412 966 cibum.
2466 911 2671 966 lterum
2725 929 2739 965 :
2796 931 2814 963 ι
2864 913 3034 983 Perge
3081 913 3148 967 ad
3191 915 3491 984 apiculam,

1927 1019 1960 1058 ο
2009 1004 2166 1074 piger
2189 1043 2205 1070 ,
2257 1010 2314 1058 et
2360 1002 2514 1058 disce
2551 1018 2719 1073 quam
2749 1003 2866 1059 haec
2910 1005 3145 1059 solerter
3169 1020 3236 1058 ac
3264 1013 3495 1060 strenue

1927 1104 2204 1164 operetur.
2238 1111 2257 1145 ι
2308 1091 2458 1163 Opus
2484 1093 2614 1148 facit
2639 1108 2773 1148 sane
2803 1109 2964 1163 quam
2996 1095 3282 1150 munditia:
3309 1103 3364 1148 et
3392 1096 3494 1148 ho-

1928 1186 2160 1241 nestatis
2183 1186 2432 1255 plenum,
2469 1185 2630 1256 cujus
2655 1184 2876 1239 labores
2907 1201 3065 1257 reges
3089 1186 3244 1257 juxta
3270 1202 3334 1242 ac
3357 1187 3498 1241 idio-

1930 1281 1998 1329 tae
2029 1275 2297 1330 adhibent
2331 1275 2546 1330 tuendae
2571 1275 2816 1330 sanitati.
2875 1275 3010 1330 Item
3053 1293 3066 1328 :
3116 1295 3133 1327 ι
3173 1277 3494 1347 Usquequo,

1927 1365 2104 1437 piger,
2128 1367 2404 1422 dormies?
2427 1365 2650 1436 quando
2677 1365 2745 1421 de
2778 1381 2974 1420 somno
3013 1368 3449 1438 cxpergisceris?
3471 1388 3490 1420 ι

1926 1465 2035 1510 etc.
2098 1477 2116 1512 ‹
2162 1457 2355 1512 Postea
2407 1456 2664 1511 adveniet
2704 1457 2803 1511 tibi
2849 1468 3142 1527 paupertas
3173 1468 3229 1513 et
3255 1467 3494 1530 egestas,

1930 1555 2188 1618 tanquam
2209 1548 2391 1603 bonus
2405 1563 2601 1602 cursor
2619 1548 2683 1600 ³⁸.
2699 1567 2716 1597 )
2730 1549 2940 1618 1087
2956 1549 3226 1604 Jeremias
3242 1565 3490 1620 quoque:

1936 1656 1955 1689 ι
1984 1638 2355 1693 Dormivimus
2388 1638 2444 1692 in
2473 1637 2798 1693 confusione
2825 1647 3034 1700 nostra,
3070 1647 3127 1693 et
3153 1640 3372 1709 operuit
3405 1651 3503 1692 nos

1928 1729 2231 1799 ignominia
2263 1737 2454 1784 nostra
2507 1746 2520 1781 :
2549 1729 2640 1783 Va:
2669 1728 2832 1783 nobis
2865 1729 2995 1798 quia
3026 1727 3211 1784 miseri
3244 1729 3373 1785 facti
3398 1746 3494 1784 su-

2690 1836 2708 1868 ι
2748 1817 2940 1886 Lapidi
2978 1817 3192 1886 polluto
3240 1834 3495 1888 exaaqua-

1925 1917 2015 1966 tus
2045 1920 2128 1966 est
2154 1911 2328 1981 piger,
2369 1916 2426 1963 et
2453 1908 2636 1963 omnis
2661 1907 2975 1962 exsibilabit
3000 1923 3168 1977 super
3192 1907 3495 1978 ignominia

1925 2004 2045 2073 ejus
2062 2002 2159 2057 ³ο.»
2187 2001 2393 2056 Iterum
2420 2017 2434 2053 :
2465 2018 2483 2049 ι
2511 1999 2693 2068 Piger,
2720 1998 2823 2053 etsi
2849 1998 3165 2068 opprobriis
3190 1999 3493 2068 oppetitur,

1925 2093 2065 2148 nihil
2115 2100 2299 2146 tamen
2354 2090 2714 2161 suppudescit
2771 2106 2786 2142 :
2839 2088 3007 2142 boum
3059 2089 3208 2143 enim
3264 2091 3494 2144 stercori

1927 2191 2277 2252 comparatus
2309 2189 2394 2236 est
2420 2181 2574 2250 piger
2597 2179 2662 2234 ⁸¹.
2697 2197 2715 2230 ι
2759 2178 2898 2232 Toto
2926 2179 3096 2249 igitur
3121 2188 3346 2244 conatu,
3382 2179 3496 2234 fra-

1931 2279 2070 2337 tres,
2128 2273 2552 2326 submoveamus
2597 2283 2698 2322 nos
2748 2267 2817 2322 ab
2860 2267 2963 2321 hac
3011 2267 3204 2321 incerti
3245 2267 3497 2322 socordia

1927 2372 2093 2432 atque
2119 2362 2257 2426 otio,
2294 2377 2364 2414 ne
2396 2375 2499 2414 nos
2527 2359 2623 2412 illo
2650 2372 2819 2428 regno
2847 2357 3060 2427 privet,
3097 2357 3266 2426 inque
3292 2357 3498 2427 gehen-

1927 2470 2055 2508 nam
2090 2453 2230 2525 ignis
2282 2459 2405 2523 agat
2436 2450 2752 2521 prmcipites
2781 2465 2846 2504 ac
2873 2449 3152 2504 deturbet.
3190 2449 3497 2504 Audiamus

1927 2545 2174 2614 Apostoli
2196 2543 2512 2606 consilium,
2535 2541 2772 2595 dicentis
2797 2558 2810 2594 :
2844 2541 3266 2596 «Sollicitudine
3285 2555 3393 2594 non
3414 2540 3497 2610 pi-

1927 2637 2032 2706 gri,
2062 2635 2259 2705 spiritu
2283 2633 2581 2696 ferventes,
2610 2631 2843 2688 Domino
2867 2631 3290 2685 servientes’h
3322 2631 3495 2684 David

1928 2741 2146 2796 quoque
2175 2724 2323 2778 hunc
2351 2723 2406 2779 in
2432 2721 2656 2776 modum
2680 2721 3059 2776 concinentem
3085 2722 3493 2776 auscultemus:

1937 2834 1955 2866 ι
1990 2813 2321 2870 Benedictus
2377 2811 2647 2867 Dominus
2680 2811 2776 2880 qui
2828 2811 2990 2864 docet
3023 2825 3218 2866 manus
3247 2825 3396 2865 meas
3426 2811 3494 2865 ad

1926 2909 2199 2979 praelium,
2235 2915 2292 2962 et
2322 2906 2525 2976 digitos
2554 2919 2706 2960 meos
2737 2903 2806 2959 ad
2832 2904 3040 2960 bellum
3059 2905 3158 2957 ³³.»
3196 2905 3491 2960 Terrorem

1929 2998 2092 3052 nobis
2112 2997 2344 3052 incutiat
2368 2995 2512 3051 servi
2537 2995 2688 3050 illius
2709 2995 3045 3064 exemplum,
3068 2995 3162 3066 qui
3185 2997 3292 3050 sibi
3313 2997 3494 3052 credi-

1932 3095 2048 3142 tum
2071 3087 2334 3146 talentum
2369 3084 2565 3139 infodit
2588 3085 2779 3148 humo,
2812 3094 2869 3138 et
2891 3086 3156 3150 occuluit,
3198 3086 3493 3156 nequando

249 3183 464 3237 εἴσελθε
495 3183 576 3246 είς
593 3182 689 3254 τὴν
716 3181 893 3253 χαρὰν
919 3181 1013 3236 τοῦ
1041 3180 1248 3252 Κυρίου
1275 3197 1422 3234 σου.»
1460 3178 1617 3250 Αὐτῷ
1642 3181 1676 3248 ἡ
1696 3179 1820 3244 δόξα

1923 3179 2114 3234 audire
2138 3179 2421 3248 contingat
2449 3192 2481 3230 a
2510 3184 2718 3231 nostra:
2745 3176 2992 3230 omnium
3019 3177 3238 3232 vindice
3265 3178 3494 3233 salutis:

247 3277 336 3338 εἰς
363 3275 490 3336 τοὺς
513 3275 737 3337 αίῶνας.
784 3273 982 3344 Ἀμήν.

1937 3288 1954 3320 ‹
1985 3269 2154 3324 Serve
2183 3267 2324 3322 male
2348 3274 2404 3321 et
2427 3266 2583 3336 piger
2598 3266 2695 3320 ³⁸.»
2732 3265 2836 3320 Et:
2867 3284 2885 3316 ι
2913 3265 3111 3321 Tollite
3138 3268 3205 3322 ab
3229 3284 3296 3322 eo
3321 3269 3495 3322 talen-

250 3369 485 3424 tumun
521 3370 634 3424 Et:
672 3386 690 3420 ι
719 3368 878 3422 Hunc
907 3366 1160 3420 inutilem
1186 3378 1409 3420 servum
1439 3362 1625 3436 ejicite
1654 3363 1711 3416 in
1775 3361 2032 3416 tenebras
2077 3361 2398 3414 exteriores.
2458 3357 2539 3412 Ibi
2587 3357 2696 3412 erit
2740 3358 2903 3412 ﬂetus
2961 3366 3017 3412 et
3081 3358 3290 3413 stridor
3352 3358 3494 3416 den-

247 3463 507 3518 tium'm
539 3461 887 3517 Festinemus
913 3475 1013 3528 pro
1035 3458 1207 3523 virili,
1229 3455 1524 3528 aliquando
1582 3465 1644 3512 ut
1682 3455 1870 3509 audire
1907 3453 2186 3523 contingat
2212 3468 2225 3504 :
2256 3470 2273 3502 ι
2304 3451 2477 3521 Euge,
2526 3465 2684 3504 serve
2709 3450 2854 3506 bone
2879 3459 2934 3505 et
2959 3452 3345 3523 fidelis,super
3360 3469 3491 3523 pau-

249 3568 320 3608 ca
353 3552 504 3610 fuisti
534 3551 744 3615 ﬁdelis,
782 3565 950 3620 super
977 3549 1148 3604 multa
1177 3557 1229 3604 te
1256 3547 1590 3604 constituam
1625 3564 1638 3601 :
1671 3546 1814 3606 intra
1851 3544 1906 3598 in
1939 3543 2200 3614 gaudium
2241 3541 2458 3596 Domini
2495 3541 2575 3594 tui
2629 3543 2696 3593 ⁸⁷.
2726 3560 2744 3590 ι
2807 3542 2916 3611 Ipsi
2947 3543 3120 3615 gloria
3149 3544 3207 3600 in
3266 3546 3491 3604 saacula.

249 3645 453 3702 Amat.

845 3777 1062 3832 ΛΟΓΟΣ
1108 3777 1228 3832 ΛΖ’.

465 3891 604 3959 Περί
637 3889 745 3945 τοῦ
772 3888 858 3960 μὴ
879 3888 1087 3958 ἐρίζειν
1107 3891 1258 3962 μετά
1282 3872 1609 3945 δυνὰσίτου.

334 4088 472 4143 ’Υπὺ
499 4089 600 4163 τῆς
625 4087 778 4153 θείας
803 4087 1028 4160 Γραφῆς
1057 4089 1429 4159 παιδευόμεθα
1451 4089 1532 4144 ὅτι
1558 4090 1824 4161 ἀσύμφω-

245 4199 342 4237 νον
364 4182 495 4252 ήμῖν
523 4183 671 4236 ἐστιν
703 4181 842 4252 μετά
871 4181 1133 4236 δυνάστου
1162 4181 1478 4251 ἐρίζειν.οὑ
1506 4183 1615 4254 γὰρ
1647 4182 1822 4235 ίκανοί

246 4275 423 4342 ἐσμεν
462 4272 717 4343 κριθῆναι
777 4272 916 4342 μετά
969 4272 1568 4344 ἀσυγκρίτου.”οσπερ
1606 4273 1716 4344 γὰρ
1771 4275 1822 4327 οί

244 4363 446 4418 τέλειοι
483 4363 664 4434 ίχθύες
691 4363 1099 4434 ἐφεδρεύοντες,
1121 4363 1461 4434 κατάϐρωμα
1490 4363 1667 4418 αὐτῶν
1693 4365 1820 4427 τοὺς

244 4455 480 4524 ἥττονας
514 4452 759 4506 ποιοῦσιν
785 4452 993 4522 ἰχθύας,
1010 4451 1182 4514 οὕτως
1211 4451 1302 4506 καὶ
1329 4452 1377 4505 οἱ
1411 4453 1626 4506 δυνατοὶ
1648 4452 1820 4523 εὐμα-

2404 3771 2690 3829 ιιοΜιιλιΑ
2729 3769 2996 3827 XXXVII.

1923 3890 2180 3946 Adversus
2204 3889 2478 3971 Optimam
2512 3895 2560 3941 et
2607 3887 2878 4008 pJaefector
2906 3903 3011 3940 non
3043 3902 3150 3941 esse
3175 3889 3494 3943 contenden-

2666 3974 2774 4008 um.

2666 3974 2774 4009 um.

1993 4093 2205 4154 Divinis
2236 4091 2463 4148 Litteris
2493 4090 2800 4157 erudimur,
2826 4105 2896 4145 ne
2927 4106 3054 4146 cum
3089 4106 3156 4147 eo
3184 4091 3276 4162 qui
3302 4092 3490 4163 publi-

1917 4201 1982 4241 ca
2005 4184 2253 4256 fungitur
2277 4183 2632 4248 auctoritate,
2668 4182 2998 4238 velitaribus
3029 4183 3218 4238 verbis
3246 4194 3343 4238 aut
3374 4186 3490 4240 liti-

1917 4277 2023 4334 bus
2083 4273 2487 4330 conflictamur.
2548 4272 2834 4344 Ejusmodi
2912 4274 3064 4329 enim
3144 4277 3491 4331 contentiosa

1915 4368 2164 4423 velitatio
2211 4382 2334 4422 cum
2383 4372 2615 4436 potente
2664 4365 2926 4435 quopiam
2962 4366 3100 4421 adeo
3139 4366 3280 4420 nihil
3329 4368 3506 4436 affert.

1917 4456 2216 4522 commodi,
2242 4465 2304 4510 ut
2324 4454 2696 4510 incommodet
2722 4455 3041 4524 plurimum.
3069 4455 3318 4512 lnidonei
3341 4459 3489 4513 enim

253 4542 368 4615 ρῶς
400 4543 612 4614 ἔχουσιν
651 4543 745 4596 τοῦ
775 4544 1030 4614 ἀδικῆσαι
1084 4543 1210 4606 τοὺς
1237 4543 1552 4607 ἀδυνάτους.
1579 4544 1820 4615 Κέκτην-

1923 4561 2026 4601 nos
2084 4561 2187 4600 nec
2236 4545 2569 4602 sufﬁcientes
2601 4545 2696 4616 qui
2739 4561 2960 4600 causam
2996 4547 3210 4618 judicio
3239 4550 3490 4618 experia-

245 4650 344 4688 ται
394 4633 450 4686 δὲ
493 4632 589 4688 καὶ
617 4633 676 4686 τὸ
706 4632 912 4702 ἀπηνὲς
967 4633 1062 4687 καὶ
1095 4633 1395 4702 ἀνάλγητον
1416 4651 1430 4666 ·
1457 4634 1552 4686 καὶ
1577 4633 1810 4706 διαρπά-

247 4724 434 4788 ζοντες
456 4724 525 4777 τά
555 4724 662 4778 τῶν
690 4725 941 4794 πενήτων
961 4764 975 4788 ,
1010 4723 1332 4794 θηρεύματα
1361 4723 1499 4777 αὑτά
1532 4724 1814 4794 ἡγοῦνται.

247 4816 327 4869 Οὐ
351 4816 460 4886 γάρ
483 4814 660 4869 ἴσασιν
681 4815 772 4868 τοῦ
797 4814 914 4884 βίου
934 4815 995 4866 τὸ
1016 4814 1230 4885 ἄδηλον.
1251 4816 1313 4867 Ei
1333 4815 1441 4886 γάρ
1461 4817 1554 4868 καὶ
1574 4817 1815 4886 ᾔδεισαν,

243 4905 349 4960 οὐκ
394 4905 459 4959 ἂν
513 4905 582 4958 τά
638 4906 990 4975 ὑστερήματα
1043 4905 1150 4958 τῶν
1194 4905 1389 4958 ἐνδεῶν
1438 4906 1816 4978 προστεθήκα-

246 5013 335 5049 σιν
365 4998 444 5059 είς
472 4995 532 5049 τὺ
562 4997 742 5050 αὐτῶν
772 4997 1138 5066 περίσσευμα.
1178 4997 1596 5070 ’Λγωνιζόμενοι
1627 4999 1816 5071 ὥσπερ

243 5087 534 5161 ἀκυρῶσαι
581 5090 682 5159 τὴν
715 5088 936 5159 ἐντολὴν
964 5089 1059 5143 τοῦ
1111 5090 1437 5148 Ἀποστόλου
1487 5092 1810 5160 φάσκοντος,

242 5179 323 5231 Τὸ
381 5196 398 5230 ι
453 5179 606 5248 ὑμῶν
691 5179 1037 5250 περίσσευμα
1099 5183 1180 5245 είς
1243 5181 1302 5234 τὸ
1357 5181 1642 5252 ὑστέρημα
1707 5184 1816 5238 τῶν

242 5269 500 5339 πτωχῶν.
543 5289 563 5322 ι
603 5269 798 5332 Καλῶς
854 5271 984 5338 γοῦν
1041 5273 1076 5344 ἡ
1136 5271 1256 5325 θεία
1321 5272 1821 5344 Γραφηπαραινεῖ

240 5361 378 5428 ἡμῖν
407 5359 774 5428 φυλάττεσθαι
810 5361 918 5414 ἀπὸ
951 5361 1057 5416 τῶν
1104 5363 1362 5417 τοιούτων
1390 5381 1403 5394 ο
1437 5364 1604 5436 φησὶν
1654 5365 1761 5436 γάρ
1797 5383 1810 5396 °

245 5471 265 5504 ι
307 5453 396 5524 Μὴ
440 5452 797 5524 παρεκτείνου
847 5453 1016 5524 πένης
1062 5453 1136 5509 ῶν
1179 5456 1455 5510 πλουσίου.
1497 5476 1517 5509 ι
1555 5458 1817 5524 Πλούσιός

343 5652 388 5682 ²⁶
419 5651 576 5710 Prov.
605 5667 716 5713 n1,
747 5652 836 5707 35.
913 5654 958 5685 ’⁷
995 5653 1156 5708 Prov.
1193 5671 1266 5717 vr,
1298 5654 1350 5708 6.
1430 5654 1475 5685 "
1509 5653 1648 5712 ibid.
1674 5654 1728 5719 9,
1764 5655 1851 5709 ll.

235 5721 290 5755 "
320 5722 479 5777 Rom.
515 5738 612 5789 xu,
642 5722 728 5776 il.
843 5723 888 5755 ”
920 5723 1060 5780 Psal.
1099 5739 1278 5790 CXLIII,
1308 5725 1358 5779 1.

1475 5725 1518 5755 ³⁸
1546 5724 1736 5779 Matth.
1777 5742 1896 5794 xxv,
1947 5725 2035 5781 26.

1919 4655 2044 4694 mur
2085 4653 2210 4701 cum
2243 4637 2756 4708 incomparabiliter
2795 4637 2958 4692 nobis
2996 4637 3386 4693 eminentiore.
3418 4639 3488 4696 Ut

1913 4733 2061 4787 enim
2115 4732 2297 4801 pisces
2349 4731 2444 4802 qui
2490 4732 2602 4801 jam
2660 4729 3022 4786 adoleverunt
3058 4731 3206 4801 justa
3237 4733 3488 4801 corporis

1914 4824 2329 4893 magnitudine,
2359 4839 2428 4878 ex
2482 4822 2702 4878 insidiis
2750 4821 3040 4878 imminent
3088 4821 3333 4876 nondum
3388 4839 3487 4892 per

1908 4922 2126 4984 aetatem
2185 4911 2409 4974 adultis,
2440 4926 2550 4980 quo
2606 4911 2732 4964 illos
2770 4919 2964 4980 parent
3016 4910 3070 4965 in
3107 4926 3261 4965 suam
3295 4912 3487 4967 alimo-

1913 5003 2060 5057 niam
2099 5020 2112 5056 :
2143 5003 2218 5062 ita
2242 5012 2300 5058 et
2325 5004 2414 5059 isti
2450 5003 2719 5072 primores
2744 5019 2810 5058 ac
2830 5005 3181 5073 magistratus
3205 5004 3356 5059 nullo
3384 5020 3486 5061 suo

1913 5095 2136 5166 negotio
2185 5095 2372 5166 injurii
2425 5103 2556 5150 sunt
2621 5095 2677 5150 in
2729 5095 2984 5149 imbelles
3021 5103 3076 5149 et
3111 5095 3482 5165 opprimunt:

1912 5187 2006 5258 qui
2036 5186 2080 5242 si
2110 5185 2245 5257 quid
2269 5186 2641 5250 obtinuerint,
2675 5185 2932 5242 indemne
2966 5187 3074 5242 illis
3117 5186 3272 5242 dedit
3299 5197 3356 5242 et
3385 5187 3486 5242 im-

1912 5293 2093 5350 pune,
2143 5293 2324 5349 neque
2371 5279 2505 5336 hinc
2563 5279 2866 5357 quidquam
2933 5278 3184 5335 sentiunt
3231 5278 3481 5344 doloris,

1912 5369 2051 5424 adeo
2086 5377 2145 5425 ut
2175 5385 2300 5424 cum
2333 5376 2494 5439 rapto
2528 5369 2750 5437 vivant,
2784 5370 3032 5440 rapinam
3070 5387 3099 5424 a
3143 5371 3485 5442 pauperibus

1911 5460 1964 5514 vi
2013 5468 2320 5527 extortam,
2362 5475 2518 5516 suam
2545 5459 2812 5531 deputent
2867 5461 3217 5516 venationem
3254 5481 3266 5515 :
3304 5478 3484 5534 neque

3187 5661 3225 5691 ³¹
3259 5660 3391 5715 ibid.
3422 5663 3478 5719 2.

3109 5731 3150 5763 ³⁷
3207 5731 3342 5787 ibid.
3386 5735 3476 5788 at.

1927 5656 1970 5687 ¹⁹
2005 5657 2209 5713 Jerem.
2251 5675 2325 5715 ιιι.
2358 5657 2446 5713 23.

2567 5659 2611 5691 ³ο
2646 5658 2819 5715 Eecli.
2856 5676 2982 5728 xm,
3021 5661 3068 5716 l.

2147 5729 2190 5759 ³⁵
2225 5727 2361 5783 ibid.
2430 5729 2518 5784 28.

2633 5732 2676 5762 ⁸⁸
2709 5731 2842 5786 ibid.
2916 5733 3002 5785 50.
