4030 6296
578 327 711 395 1'551

1833 335 2198 398 ANTIOCHI
2245 334 2587 400 MONACHI

3715 333 3848 404 12-52

572 441 723 495 enim
781 453 968 495 secum
1012 449 1273 513 reputare
1327 452 1571 509 norunt,
1598 442 1713 499 vita
1747 443 1865 500 haec
1895 461 2058 516 quam
2087 446 2140 500 si

2257 445 2366 515 γὰρ
2409 445 2689 515 ἠδίκησεν,
2720 445 2814 500 καὶ
2843 445 3002 510 αὐτὸς
3049 447 3610 519 προσενεσριμήσατο
3647 463 3664 480 ·
3707 447 3846 504 πτω-

575 532 804 582 ineerta.
840 529 1040 599 Utique
1065 531 1109 585 si
1138 542 1385 598 nossent,
1419 549 1702 604 nunquam
1728 549 2150 606 supervacanea:

575 624 664 677 isti
681 637 794 678 sua:
817 623 990 692 c0pia:
1017 622 1238 678 fuerant
1258 624 1530 695 adjecturi
1554 626 1869 698 indigorum
1898 628 2151 697 inopum-

574 731 638 769 ve
677 713 989 784 penuriam.
1025 714 1087 769 ln
1121 715 1228 769 hoc
1257 716 1441 771 studia
1473 717 1658 772 locant
1687 735 1814 786 sua,
1843 729 1905 774 ut
1932 729 2151 789 aposto-

571 805 681 858 lico
705 805 785 858 illi
822 803 1083 860 mandato
1119 807 1512 863 auctoritatem
1547 807 1842 863 detrahant
1874 819 1931 863 et
1981 810 2149 864 abro-

572 906 750 965 gent:
798 913 817 947 ι
861 896 1053 952 Vestra
1101 897 1442 953 abundantia
1502 915 1809 970 pauperum
1897 902 2150 971 suppleat

574 991 758 1060 inopia
787 991 851 1045 ³⁸.
899 1010 916 1044 ι
946 992 1117 1048 Recte
1149 992 1316 1063 igitur
1350 992 1539 1046 divina
1562 1009 1666 1047 nos
1704 993 1965 1048 admonet
2011 994 2151 1048 Scri-

574 1092 758 1152 ptura,
784 1081 1014 1136 istorum
1040 1092 1396 1154 congresSum
1417 1085 1739 1139 utvitem‘us
1767 1103 1780 1138 :
1807 1085 1940 1140 dicit
1963 1088 2145 1140 enim:

579 1194 595 1225 ι
631 1175 713 1230 Ne
759 1182 809 1229 te
858 1174 1126 1230 extendas
1176 1191 1350 1246 usque
1386 1177 1452 1231 ad
1489 1177 1740 1242 divitem,
1772 1193 1984 1249 pauper
2021 1195 2147 1234 cum

572 1265 648 1320 sis
690 1265 756 1318 ".
793 1284 809 1314 ι
850 1265 1015 1319 Dives
1049 1266 1220 1331 enim,
1273 1267 1588 1336 quempiam
1625 1269 1671 1323 si
1704 1269 1906 1340 injuria
1936 1269 2145 1335 affecit,

574 1359 961 1415 intermittatur
991 1376 1055 1414 ac
1087 1361 1304 1415 frendet
1336 1361 1415 1416 ira
1445 1379 1458 1414 :
1496 1377 1704 1431 pauper
1733 1377 1864 1416 vero
1890 1363 2146 1434 injuriam

571 1451 616 1505 si
668 1452 955 1514 sustinuit,
983 1453 1216 1522 insuper
1250 1462 1307 1508 et
1353 1453 1519 1508 minis
1568 1453 1907 1508 deterretur.
1947 1471 1966 1504 ι
2004 1453 2147 1520 Quid

570 1544 740 1608 enim,
799 1545 874 1597 ait
909 1543 1221 1614 Scriptura,
1261 1547 1701 1601 communicabit
1741 1547 1849 1600 olla
1887 1546 1954 1600 ad
1984 1561 2147 1600 caca-

571 1635 739 1690 bum?
761 1636 878 1706 ipsa
900 1637 1092 1706 utique
1117 1637 1335 1706 1088
1353 1639 1639 1708 impinget,
1660 1647 1717 1692 et
1738 1637 1931 1693 eadem
1960 1646 2150 1692 conte-

2251 535 2342 605 χδς
2369 535 2646 608 ἠδίκηται,
2690 539 2784 592 καί.
2836 539 2998 603 αὐτὸς
3055 540 3678 611 προσαπειληθήσεται.
3718 563 3740 595 ¢
3783 545 3845 597 Ti

2251 623 2360 696 γὰρ
2403 629 2760 698 κοινωνήσει,
2799 630 2984 700 φησιν,
3019 630 3193 702 χύτρα
3224 631 3365 702 πρὸς
3393 632 3650 703 λέϐητας
3695 638 3844 707 Δύτή

2251 718 2635 788 προσκρούσει,
2672 721 2765 774 καὶ
2793 721 2928 791 αύτὴ
2961 723 3403 794 συντριϐήσεται.
3435 743 3456 775 ι
3481 727 3629 794 Φησὶ
3660 729 3725 780 δὲ
3755 731 3842 781 καί

2250 811 2279 863 6
2311 811 2754 882 Παροιμιαστήςσ
2794 831 2812 864 ι
2840 815 2931 884 Μὴ
2968 815 3330 884 παρεκτείνου
3362 816 3543 885 πένης
3568 817 3652 869 ὣν
3681 819 3844 870 πλου-

2251 901 2372 970 σίῳ,
2405 903 2500 955 καὶ
2545 903 2621 972 μὴ
2674 903 2855 974 φάγῃς
2905 903 2999 956 τὸν
3061 904 3250 973 ψωμόν
3299 923 3394 958 σου
3455 907 3582 975 μετ’
3645 908 3839 961 αἰτοῦ·

2250 993 2499 1064 ἐξεμέσει
2547 996 2658 1065 γὰρ
2712 995 2895 1058 αὑτὸν,
2931 997 3024 1048 καὶ
3070 995 3303 1065 λυμανεῖ
3343 998 3469 1061 τοὺς
3500 999 3715 1065 λόγους
3750 1018 3840 1054 σου

2248 1086 2376 1148 τοὺς
2424 1085 2647 1148 καλούς.
2683 1105 2701 1137 ι
2740 1087 2847 1138 Καὶ
2871 1087 2904 1138 6
2946 1089 3230 1158 προφήτης
3271 1087 3453 1158 Ἀμὼς
3485 1091 3626 1159 περί
3655 1092 3840 1144 αὐτῶν

2249 1193 2414 1246 φησιν
2435 1194 2449 1206 ·
2480 1196 2500 1228 ι
2537 1177 2904 1242 Ἐκονδύλιζον
2931 1179 3008 1241 εἰς
3029 1179 3271 1248 κεφαλὰς
3299 1180 3560 1249 πτωχῶν,
3591 1183 3698 1234 καὶ
3725 1183 3841 1236 ἐδδν

2248 1268 2521 1323 ταπεινῶν
2560 1269 2857 1334 ἐξέκλιναν,
2876 1266 3018 1324 οἶνον
3049 1272 3114 1323 ἐκ
3147 1271 3532 1338 συκοφαντιῶν
3563 1272 3785 1325 ἔπινον·
3812 1291 3831 1324 ι

2247 1362 2356 1416 ὁδὲ
2394 1363 2559 1428 καλὸς
2606 1364 2906 1434 εἰσηγητὴς
2964 1364 3285 1428 Ἀπόστολος
3323 1364 3651 1434 Κορινθίοις
3699 1366 3834 1436 γρά-

2249 1470 2364 1521 φων
2410 1453 2597 1522 ἔλεγεν
2617 1471 2633 1485 ο
2662 1471 2682 1505 ι
2723 1453 2822 1505 Διὰ
2851 1453 2903 1507 τί
2932 1453 2992 1506 οὐ
3024 1453 3222 1522 μᾶλλον
3252 1454 3664 1523 ἀποστερεῖσθε
3697 1472 3714 1520 ;
3741 1457 3837 1507 Διὰ

2247 1544 2300 1598 τί
2339 1545 2541 1614 μᾶλλον
2588 1545 2711 1614 οὐχὶ
2756 1545 3062 1610 ἀδικεῖσθε;
3096 1538 3212 1598 ἀλλ’
3241 1545 3400 1614 ὑμεῖς
3430 1546 3709 1609 ἀδικεῖτε,
3744 1548 3836 1599 καὶ

2248 1637 2602 1705 ἀποστερεῖτε
2631 1679 2646 1704 ,
2683 1637 2779 1691 καὶ
2840 1635 3019 1701 τοῦτο,
3063 1636 3322 1704 ἀδελφούς
3349 1652 3363 1667 ·
3400 1655 3418 1687 ι
3455 1639 3559 1689 καὶ
3587 1638 3831 1705 ἐπάγειο

573 1729 804 1782 retur“.
821 1747 836 1778 ι
860 1728 926 1782 Ει
952 1747 963 1781 :
989 1747 1006 1778 ι
1035 1729 1111 1784 Ne
1135 1730 1444 1784 comederis
1461 1745 1586 1785 cum
1611 1746 1678 1784 eo
1702 1730 1928 1786 oﬂ'ulam
1951 1739 2100 1785 tuam
2127 1747 2140 1782 :

2255 1748 2274 1782 ι
2313 1729 2490 1792 Ὀλως
2544 1731 2765 1799 ἥττημα
2811 1729 2940 1797 ύμῖν
2979 1730 3144 1792 ἐστιν,
3175 1729 3258 1780 ὅτι
3286 1730 3462 1796 κρῖμα
3512 1729 3676 1798 ἔχετε
3713 1728 3834 1781 καθ’

569 1828 788 1874 cvomet
834 1818 982 1873 enim
1041 1819 1210 1883 illam,
1243 1827 1298 1874 et
1357 1820 1642 1890 disperdet
1691 1836 1978 1876 sermones
2022 1829 2140 1876 tuos

2251 1820 2480 1874 ἑαυτῶν.
2512 1821 2582 1872 Ἦ
2605 1819 2704 1872 οὐκ
2747 1818 2928 1871 οἴδατε
2971 1818 3053 1870 ὅτι
3083 1817 3257 1870 ἄδικοι
3284 1816 3571 1886 βασιλείαν
3598 1817 3747 1870 Θεοῦ
3776 1818 3833 1871 οὗ

570 1911 746 1966 bonos
765 1913 826 1964 “.
859 1931 878 1962 ι
901 1912 974 1965 De
997 1911 1084 1965 his
1122 1919 1175 1965 et
1201 1912 1368 1965 Amos
1393 1913 1659 1982 propheta
1687 1930 1701 1965 :
1734 1932 1752 1965 ί
1785 1913 1990 1984 Pugnis
2012 1921 2140 1967 'tun-

2251 1911 2792 1981 κληρονομήσουσινς
2841 1927 2860 1960 ι
2900 1909 2957 1961 Ὀ
2988 1907 3044 1960 δὲ
3083 1908 3289 1978 Κύριος
3323 1908 3601 1978 περὶτῶν
3646 1910 3837 1978 Γραμρ

569 2001 776 2058 debant
815 2003 992 2073 capita
1025 2018 1356 2072 pauperum,
1389 2014 1444 2057 et
1471 2005 1617 2058 viam
1653 2005 1948 2059 humilium
1975 2003 2140 2059 decli-

2256 2004 2474 2074 ματέων
2514 2005 2609 2056 καὶ
2653 2000 3190 2080 Φαρισαίων-φησιν·
3220 2019 3239 2050 ι
3271 2003 3654 2068 Δεσμεύουσιν
3705 2017 3830 2071 φορ-

569 2105 860 2149 naverunt.
921 2095 1128 2149 Vinum
1189 2095 1650 2150 calumniantium
1705 2097 1988 2152 bibebant
2021 2097 2140 2150 “.1

2243 2095 2331 2149 τία
2385 2095 2558 2166 βαρέα
2623 2094 2721 2148 καὶ
2765 2093 3171 2156 δυσδάστακτα,
3204 2093 3298 2146 καί
3331 2093 3427 2145 ἐιιτί⁵
3469 2094 3608 2156 τοὺς
3648 2093 3834 2162 ὤμους

568 2186 802 2240 Pulchre
850 2194 906 2242 et
959 2187 1153 2240 doctor
1192 2188 1447 2257 gentium
1479 2188 1812 2258 Apostolus,
1845 2187 2140 2243 Corinthiis

2243 2190 2350 2243 τῶν
2400 2186 2706 2260 ἀνθρώπων
2753 2187 3113 2251 ἐπιτιθέασιν,
3137 2186 3216 2256 τῷ
3252 2185 3307 2239 δὲ
3331 2185 3600 2256 δακτύλῳ
3647 2186 3832 2238 αὐτῶν

568 2278 819 2332 scribens
846 2294 858 2330 :
901 2297 917 2329 ι
950 2278 1021 2334 Ut
1050 2279 1182 2348 quid
1213 2294 1323 2333 non
1353 2280 1525 2349 magis
1559 2279 1808 2334 fraudem
1852 2279 2140 2349 patimini‘i

2243 2281 2303 2332 ού
2355 2279 2600 2332 θέλουσιν
2637 2279 2858 2350 κινῆσαι
2901 2278 3064 2331 αύτά.
3107 2297 3127 2329 ι
3161 2276 3322 2347 Δύτῷ
3361 2278 3398 2343 ή
3427 2275 3561 2339 δόξα
3592 2277 3675 2338 εἰς
3708 2277 3832 2338 sub;

567 2384 738 2439 quare
774 2385 882 2423 non
917 2369 1092 2440 magis
1123 2370 1383 2440 injuriam
1416 2370 1709 2440 accipitis?
1745 2370 1843 2425 sed
1873 2386 1970 2425 vos
2007 2370 2140 2441 inju-

2243 2371 2470 2431 αἰῶνας.
2516 2371 2572 2425 Ἀ
2586 2373 2716 2441 μήν.

569 2462 702 2516 riam
752 2462 932 2516 facitis
964 2471 1019 2516 et
1049 2462 1340 2528 fraudatis,
1376 2471 1431 2516 et
1462 2461 1568 2517 hoc
1604 2461 1870 2517 fratribus
1896 2463 1960 2516 ⁸³.
1999 2481 2016 2513 ι
2050 2460 2268 2516 inducit
2299 2478 2313 2491 ·
2359 2478 2376 2512 ι
2416 2459 2654 2516 Omnino
2718 2459 2927 2514 dictum
2993 2467 3078 2515 est
3107 2459 3254 2514 inter
3281 2473 3381 2514 vos
3409 2475 3424 2512 :
3452 2459 3541 2513 An
3599 2459 3831 2515 nescitis

567 2556 696 2626 quia
732 2555 909 2626 iniqui
938 2571 1164 2626 regnum
1197 2555 1294 2610 Dei
1319 2572 1426 2611 non
1451 2555 1934 2626 possidebunt“?i
1955 2557 2224 2611 Dominus
2275 2556 2407 2610 item
2481 2556 2549 2611 de
2627 2554 2836 2610 Scribis
2879 2564 2936 2610 et
3000 2555 3287 2610 Pharisazis
3353 2555 3434 2610 ait
3471 2576 3484 2609 :
3525 2575 3545 2607 ι
3589 2556 3829 2626 Alligant

565 2665 736 2703 onera
787 2650 971 2721 gravia
1021 2663 1077 2704 et
1111 2651 1501 2720 importabilia,
1537 2662 1592 2706 et
1623 2652 1916 2722 imponunt
1947 2657 2003 2706 in
2039 2651 2301 2707 humeros
2329 2652 2637 2716 hominum,
2674 2650 2848 2722 digito
2874 2659 3057 2706 autem
3090 2651 3286 2705 nolunt
3323 2664 3390 2705 ea
3443 2665 3676 2706 movere
3705 2650 3770 2703 ".
3801 2665 3822 2699 ι

566 2740 674 2812 Ipsi
711 2741 882 2812 gloria
915 2741 974 2796 in
1025 2743 1223 2797 saecula
1257 2741 1606 2795 saeculorum.
1635 2742 1828 2797 Amen.

1046 2874 1344 2931 .HOMILIA
1360 2875 1650 2932 XXXVIII.

1010 3016 1017 3023 -
1095 2987 1171 3041 De
1233 2987 1613 3042 inobedientia.

635 3099 1112 3168 Quemadmodum
1145 3100 1313 3153 vitam
1357 3099 1698 3164 obedientia,
1729 3099 1805 3154 ita
1857 3108 1914 3155 et
1955 3101 2146 3157 inobe-

565 3193 776 3247 dientia
831 3191 1126 3247 efﬁcaciter
1185 3200 1422 3245 mortem
1490 3201 1776 3262 operatur.
1841 3192 1963 3247 Meo
2014 3193 2145 3249 huic

569 3280 809 3335 sermoni
880 3281 1262 3334 testimonium
1303 3279 1466 3335 facile
1527 3281 1715 3336 reddit
1763 3282 1932 3338 homo
1965 3284 2012 3338 is
2046 3285 2142 3353 qui

567 3368 781 3438 primus
804 3367 907 3421 Dei
941 3382 1106 3421 manu
1134 3365 1407 3421 formatus
1430 3377 1535 3423 est.
1564 3369 1705 3423 Dum
1735 3371 1885 3425 enim
1923 3373 2006 3426 sui
2031 3374 2146 3441 opi-

569 3462 688 3516 tic'is
717 3461 975 3514 mandato
1007 3460 1181 3531 gessit
1210 3477 1442 3526 morem,
1471 3464 1796 3532 neutiquam
1839 3465 1973 3535 ligni
2011 3466 2144 3520 vita-

565 3552 636 3606 lis
665 3552 912 3621 privatus
945 3561 1029 3606 est
1052 3567 1154 3607 usu
1191 3567 1204 3605 :
1238 3561 1453 3618 contra,
1485 3570 1515 3608 a
1555 3554 1794 3624 paradisi
1824 3555 2142 3610 amoenitate

567 3643 623 3696 in
679 3642 823 3696 hanc
879 3642 1332 3712 complorationis
1370 3659 1435 3700 ac
1483 3645 1723 3700 miseriae
1780 3645 1980 3701 vallem
2043 3661 2143 3715 per

569 3732 1004 3787 inobedientiam
1040 3734 1338 3804 relegatus,
1373 3750 1431 3790 se
1457 3748 1724 3805 suamque
1758 3737 2138 3806 posteritatem

566 3832 784 3877 interna:
835 3823 1045 3877 addixit
1093 3824 1278 3878 morti.
1309 3823 1538 3879 Audivit
1584 3825 1768 3880 enim:
1807 3844 1826 3877 ι
1862 3826 2034 3880 Terra
2081 3841 2141 3880 es

566 3924 622 3969 et
656 3915 712 3968 in
769 3924 975 3968 terram
1041 3915 1148 3969 ibis
1175 3916 1241 3970 “.
1288 3934 1306 3966 ι
1347 3915 1454 3971 Sed
1506 3924 1563 3970 et
1596 3916 1772 3971 Judaei
1807 3916 2043 3986 profecti
2071 3932 2140 3971 ex

564 4002 819 4075 Egypto,
884 4019 1120 4073 quorum
1176 4004 1446 4059 cadavera
1503 4005 1559 4058 in
1617 4021 1805 4062 eremo
1862 4015 2140 4077 prostrata

567 4107 717 4160 sunt,
757 4113 776 4146 ι
817 4095 937 4150 Non
963 4095 1330 4150 exaudierunt
1360 4111 1552 4151 vocem
1582 4096 1821 4162 Domini,
1851 4106 1906 4152 et
1936 4097 1992 4152 in
2019 4098 2139 4169 lege

566 4189 686 4260 eius
740 4189 1037 4242 noluerunt
1099 4189 1383 4244 ambulare
1412 4189 1478 4242 ".
1516 4207 1534 4239 ι
1572 4189 1666 4246 Dei
1693 4189 1843 4244 enim
1881 4190 2138 4245 mandato

560 4282 902 4353 jubebantur
951 4282 1151 4352 singuli
1189 4283 1395 4351 quique
1432 4298 1541 4336 uno
1571 4297 1790 4352 quoque
1819 4281 1908 4335 die
1935 4295 2135 4335 manna

565 4386 626 4430 ut
689 4384 1068 4439 vescerentur,
1100 4389 1203 4430 nec
1230 4374 1531 4443 quidquam
1561 4389 1628 4428 ex
1649 4389 1726 4428 'eo
1757 4372 2136 4442 relinquerent

563 4467 618 4518 in
649 4466 969 4520 crastinum.
998 4464 1246 4533 Cumque
1275 4466 1506 4518 istorum
1539 4463 1788 4517 nonnulli
1820 4464 1875 4516 in
1901 4462 2132 4517 alterum

2829 2875 3051 2930 ΛΟΓΟΣ
3097 2873 3228 2930 Ail'.

2768 2987 2906 3056 Περί
2951 2981 3287 3054 παρακοῆς.

2310 3103 2530 3172 Ὠσπερ
2573 3102 2606 3173 ή
2639 3099 2856 3168 ὑπακοὴ
2892 3099 3038 3169 ζωὴν
3069 3094 3495 3167 κατεργάζεται,
3523 3097 3706 3162 οὕτως
3734 3101 3828 3154 καὶ

2246 3193 2564 3266 ήπαρακοὴ
2630 3191 2878 3245 θάνατον.
2905 3190 3016 3243 Καὶ
3068 3191 3337 3259 μαρτυρεῖ
3381 3189 3589 3260 μοιτῷ
3633 3190 3830 3276 λότῳδ

2247 3286 2463 3356 πρῶτος
2513 3283 2652 3354 χειρὶ
2689 3280 2824 3335 Θεοῦ
2881 3280 3138 3343 πλασθεὶς
3166 3279 3477 3350 ἄνθρωπος.
3510 3281 3576 3333 Εἰ
3605 3281 3720 3352 γὰρ
3755 3283 3826 3351 μὴ

2245 3377 2593 3447 παρήκουσεν
2644 3372 2744 3441 τῆς
2804 3371 3026 3440 ἐντολῆς
3073 3370 3166 3424 τοῦ
3203 3369 3579 3440 Δημιουργοῦ,
3613 3375 3718 3425 οὐκ
3762 3372 3828 3425 ἂν

2247 3467 2344 3536 μὲν
2396 3465 2674 3533 ύστερεῖτο
2719 3459 2811 3514 τοῦ
2876 3460 3035 3527 ξύλου
3085 3460 3180 3529 τῆς
3222 3460 3366 3528 ζωῆς
3401 3475 3416 3490 ·
3459 3459 3745 3529 caepim;
3773 3461 3830 3514 δι

2241 3554 2336 3608 τοῦ
2403 3553 2730 3624 παραδείσου
2792 3553 3103 3622 γενόμενος,
3157 3550 3386 3603 θάνατον
3447 3551 3826 3623 κατεδικάσθη

2240 3645 2405 3708 αὐτὸς
2439 3645 2533 3698 καί
2561 3646 2610 3697 οἰ
2639 3645 2734 3697 ἀπ’
2763 3643 2928 3696 αὑτοῦ
2990 3642 3082 3696 τὸν
3125 3639 3365 3706 αἰώνιον,
3398 3641 3665 3705 ἀκούσας·
3695 3661 3724 3694 4
3752 3644 3826 3714 Γῆ

2243 3737 2298 3792 εἴ
2333 3738 2424 3792 καὶ
2459 3739 2542 3800 εἰς
2569 3737 2674 3806 γῆν
2695 3733 3010 3790 ἀπελεύσει.
3041 3753 3061 3787 ι
3106 3732 3340 3804 Ὁμοίως
3368 3733 3464 3786 καὶ
3494 3737 3548 3786 οἰ
3578 3735 3829 3800 ἐξελθόν-

2239 3847 2330 3892 τες
2368 3829 2428 3893 ea
2460 3829 2762 3896 Αἰγύπτου,
2786 3821 2861 3883 ὧν
2901 3825 2972 3880 τὰ
3013 3825 3163 3879 κῶλα
3192 3825 3388 3879 ἔπεσεν
3419 3827 3476 3879 ὲν
3502 3829 3573 3896 τῇ
3604 3828 3824 3898 ἐρήμῳ,

2247 3940 2264 3973 ι
2296 3923 2410 3975 Ούκ
2442 3922 2769 3989 εἰσήκουσαν
2797 3921 2896 3990 τῆς
2929 3919 3110 3989 φωνῆς
3139 3917 3235 3971 τοῦ
3262 3919 3506 3989 Κυρίου,
3525 3921 3626 3972 καὶ
3655 3920 3722 3974 ἐν
3751 3921 3828 3990 τῷ

2239 4014 2389 4084 νόμῳ
2429 4011 2596 4065 αὑτοῦ
2657 4012 2759 4065 ούκ
2802 4010 3188 4081 ἠϐουλήθησαν
3221 4009 3578 4079 πορεύεσθαι.
3621 4028 3640 4062 ι
3677 4013 3828 4082 Παρ-

2238 4104 2489 4174 ήγγειλεν
2531 4103 2638 4174 γὰρ
2685 4103 2872 4165 αὐτοῖς
2926 4103 2956 4155 6
3011 4101 3142 4166 Θεὸς
3185 4100 3498 4172 αύθήμερον
3535 4101 3602 4153 τδ
3639 4105 3826 4171 μάννα

2237 4197 2440 4250 ἐσθίειν
2460 4236 2474 4260 ,
2508 4183 2601 4250 καὶ
2631 4195 2706 4266 μὴ
2735 4193 3166 4264 καταλιμπάνειν
3212 4195 3292 4257 εἰς
3317 4194 3418 4264 τὴν
3447 4193 3643 4264 αἴθριον
3673 4212 3691 4228 ·
3731 4198 3825 4248 καὶ

2237 4282 2724 4353 παρακουσάντων,
2751 4281 2843 4336 καὶ
2875 4281 3315 4350 καταλειψάντων
3343 4282 3452 4345 ’ἕως
3494 4283 3644 4354 πρωϊ
3667 4325 3684 4348 ,
3739 4284 3824 4349 ἐξ-

2236 4374 2466 4443 ήνεγκεν
2495 4372 2808 4441 σκώληκας,
2835 4372 2931 4426 καὶ
2947 4371 3206 4435 ἐπόζεσεν
3227 4389 3240 4402 ⁸
3272 4373 3364 4426 καὶ
3384 4371 3576 4444 ῶσπερ
3598 4377 3680 4438 εἰς
3705 4378 3824 4429 ἁτε-

2240 4465 2370 4535 μίαν
2423 4463 2517 4517 καὶ
2568 4463 2772 4526 ὄνειδος
2817 4463 3095 4534 ἐχώρησεν
3135 4465 3248 4527 τοῖς
3276 4463 3724 4534 παρακούσασιν.
3760 4469 3822 4520 Ὦ

559 4557 867 4612 diluculum
887 4556 992 4612 sibi
1009 4555 1534 4625 seposuissent,'pro
1554 4569 1753 4608 manna
1777 4559 2133 4623 reportaruut

2243 4557 2337 4625 τῆς
2384 4555 2688 4625 παρακοῆς,
2721 4553 2815 4606 καὶ
2861 4553 2993 4607 αὐτὸ
3051 4553 3111 4606 τὸ
3161 4553 3334 4624 μάννα
3373 4554 3685 4623 σκωλήκων
3729 4559 3822 4609 καὶ

562 4664 797 4712 vermes,
835 4648 982 4718 iique
1015 4649 1069 4702 in
1102 4646 1489 4717 putrilaginem
1519 4652 1648 4700 sunt
1671 4643 1816 4698 versi
1856 4661 1868 4698 :
1902 4641 1956 4699 id
1987 4643 2134 4713 quod

560 4742 615 4795 in
655 4740 1009 4811 ignominiam
1050 4748 1216 4808 atque
1247 4736 1760 4791 dedecus'istorum
1795 4736 1965 4790 cessit
1993 4736 2136 4791 male

560 4832 960 4901 morigerorum
989 4848 1002 4883 :
1031 4829 1278 4899 perinde
1335 4837 1503 4898 atque
1561 4829 1776 4883 diceres
1815 4846 1828 4881 :
1867 4827 1994 4882 Sola
2053 4836 2138 4883 est

559 4921 933 4978 inobedientia
981 4929 1176 4974 auctor
1204 4936 1419 4974 manna:
1452 4921 1508 4973 in
1547 4934 1764 4975 vermes
1797 4919 2136 4990 degeneran—

559 5015 649 5078 tis,
683 5021 737 5066 et
767 5011 954 5065 odoris
977 5011 1136 5064 istius
1160 5009 1399 5080 graviter
1428 5009 1690 5079 spirantis
1722 5027 1735 5062 :
1769 5009 1923 5079 prius
1956 5008 2126 5072 enim,

558 5106 697 5161 nihil
766 5105 896 5159 dum
950 5105 1055 5158 tale
1105 5103 1404 5172 contigisse
1453 5103 1838 5170 conspicitur:
1883 5101 1962 5154 0b
2023 5101 2129 5155 hoc

556 5199 702 5252 enim
749 5198 908 5268 juxta
954 5195 1162 5267 regium
1202 5195 1443 5258 Psalten,
1473 5194 1950 5248 nomenelaturam
1998 5209 2130 5262 pro-

559 5297 760 5346 meruit
793 5289 1051 5360 angelicae
1071 5286 1348 5342 alimonia:
1376 5304 1389 5339 :
1439 5302 1457 5336 ι
1505 5285 1706 5339 Panem
1733 5284 1881 5339 enim
1904 5285 2130 5352 angelo—

560 5400 680 5437 rum
739 5379 1090 5437 manducavit
1143 5380 1305 5433 homo
1336 5378 1402 5432 “.
1447 5397 1465 5430 ι
1527 5377 1653 5431 Filii
1717 5376 1950 5446 proinde
1987 5375 2129 5441 ileli,

556 5472 736 5542 Uphni
769 5482 824 5527 et
853 5471 1110 5536 Pliinees,
1136 5469 1283 5540 quod
1317 5470 1492 5539 patris
1529 5469 1616 5524 sui
1646 5481 1836 5522 vocem
1861 5466 2130 5521 exaudire

2233 4646 2496 4710 δυσωδίας
2532 4646 2704 4699 αἴτιον
2731 4645 2978 4713 γέγονεν.
3011 4644 3268 4698 Φαίνεται
3319 4645 3428 4715 γὰρ
3477 4647 3590 4715 πρὸ
3624 4647 3818 4699 τούτου

2236 4738 2404 4809 μηδὲν
2440 4737 2687 4790 τοιοῦτον
2738 4737 3111 4806 γεγενημένον
3134 4751 3148 4765 ·
3175 4735 3263 4788 διὰ
3304 4736 3376 4797 τὸ,
3417 4736 3657 4806 μάλιστα
3693 4756 3817 4807 τρο-

2237 4831 2341 4900 φὴν
2372 4829 2620 4898 ἀγγέλων
2662 4828 3135 4900 κεχρηματικέναι
3159 4841 3172 4855 ⁸
3208 4827 3283 4890 ὥς
3330 4847 3498 4898 φησιν
3527 4832 3558 4882 6
3592 4832 3816 4902 Προφή-

2233 4938 2333 4991 της
2358 4936 2372 4951 ο
2411 4937 2430 4971 ‹
2473 4916 2679 4991 ’Ἄρτον
2706 4920 2956 4987 ἀγγέλων
2985 4918 3193 4985 ἔφαγεν
3219 4912 3535 4989 ἄνθρωπος.
3575 4939 3594 4970 ι
3636 4921 3741 4972 Καὶ
3765 4922 3813 4973 οἰ

2235 5012 2343 5063 υἰοί
2379 5011 2522 5075 Ἠλὶ,
2569 5010 2743 5077 Ὀφνί,
2770 5011 2975 5074 Φινεὲς,
3007 5009 3105 5061 ούκ
3141 5010 3468 5078 εἰσήκουσαν
3498 5009 3603 5078 τῆς
3634 5010 3813 5079 φωνῆς

2233 5101 2328 5155 τοῦ
2355 5101 2560 5172 πατρὸς
2591 5101 2773 5154 αὐτῶν
2797 5117 2811 5131 ·
2849 5103 2942 5153 καὶ
2975 5101 3064 5153 διὰ
3094 5099 3252 5153 τοῦτο
3285 5103 3313 5152 6
3354 5100 3585 5172 Κύριος,
3621 5103 3811 5163 αὐτοὺς

2230 5195 2352 5265 μὲν,
2377 5193 2470 5246 καὶ
2501 5194 2628 5255 τοὺς
2657 5192 2808 5254 υἱοὺς
2846 5192 2962 5246 Ἠλὶ
2997 5194 3053 5243 ἐν
3085 5191 3330 5261 ῥομφαίᾳ
3365 5192 3654 5245 ἀπώλεσεν
3675 5235 3686 5250 ,
3713 5191 3809 5260 τὴν

2226 5287 2281 5339 δὲ
2317 5285 2546 5339 κιϐωτὸν
2593 5285 2674 5348 εἰς
2720 5288 2912 5354 χεῖρας
2961 5283 3070 5335 τῶν
3100 5283 3422 5351 ἀλλοφύλων
3471 5286 3804 5356 παρέδωκεν.

2230 5376 2439 5444 Ὠσπερ
2492 5375 2586 5428 καὶ
2635 5376 2717 5442 ἐφ’
2751 5377 2884 5444 ἡμῖν
2917 5375 3010 5427 νῦν
3040 5375 3268 5442 γέγονεν
3289 5390 3303 5403 ·
3337 5374 3429 5428 τὸν
3469 5375 3569 5444 μὲν
3609 5375 3728 5427 λαὸν
3755 5376 3802 5426 οἰ

2229 5463 2486 5518 Χαλδαῖοι
2509 5463 2839 5518 ἀπέκτειναν
2865 5465 2922 5516 ἐν
2955 5464 3220 5534 ῥομφαία,
3240 5465 3298 5517 ἐν
3330 5464 3482 5535 μέσῳ
3507 5463 3602 5519 καὶ
3628 5464 3802 5535 κύκλῳ

627 5653 672 5682 ³ο
710 5652 746 5702 ιι
777 5653 904 5706 Cor.
937 5669 1051 5714 vui.
1109 5652 1196 5704 ιι.
1275 5651 1318 5683 ³·
1357 5638 1678 5715 Eceii.xm,
1734 5649 1788 5704 ε.
1866 5651 1912 5682 ιο
1942 5648 2074 5703 ibid.
2112 5650 2140 5703 3

2243 5646 2285 5680 δι
2319 5648 2452 5702 ibid.
2488 5650 2566 5706 '6.
2644 5647 2689 5681 ⁸³
2724 5647 2889 5702 Amos
2920 5662 2958 5700 ιι
2978 5662 3010 5717 ,ﬁ
3035 5643 3160 5717 76-8.
3235 5646 3303 5717 ,⁸³
3332 5644 3501 5700 lCor.
3551 5661 3626 5700 vt.
3670 5641 3783 5700 7-8.

552 5718 764 5778 “ibid.
791 5726 857 5778 '9.
934 5721 979 5753 ἰδ
1010 5723 1198 5775 Matth.
1231 5737 1377 5788 um,
1414 5722 1470 5778 4.
1539 5721 1588 5754 ⁴⁶
1616 5721 1752 5777 Gen.
1781 5735 1866 5787 ιιι,
1902 5719 1990 5776 l9.
2069 5718 2118 5751 ⁴⁷

2243 5719 2286 5774 ιι.
2322 5733 2543 5792 ,ων-ιι,
2577 5720 2665 5776 ιο.
2744 5718 2791 5751 ιι
2824 5717 2959 5773 ibid.
2991 5715 3081 5773 25.
