4030 6296
268 227 411 295 1553

1121 242 1448 303 HOMILIA
1481 242 1902 306 XXXVIII.—
1938 245 2036 306 DE
2078 245 2648 308 ῙΝΟΒΕΒῘΕΝΤΙΑ.

3387 244 3524 307 ἴξιΞί

273 347 638 417 Ἰερουσαλήμ
660 363 675 379 ⁸
713 350 808 401 καὶ
836 350 936 402 οὑκ
964 345 1032 418 ἦν
1064 354 1092 404 6
1125 351 1366 406 θάπτων.
1391 353 1496 407 Τὸν
1519 354 1576 407 δὲ
1609 355 1842 425 σταυρὸν

1950 358 2141 412 noluer
2169 367 2247 422 nt,
2293 373 2401 412 una
2449 374 2574 413 cum
2623 357 2752 412 filiis
2817 357 3003 414 Israel
3050 358 3104 412 in
3188 357 3303 412 acie
3359 359 3527 428 gladii

261 441 325 491 ἐν
376 438 686 508 ’Δσσυρίοις
729 440 1028 510 ἀπῴκισεν.
1072 444 1350 508 Ὡσαύτως
1399 447 1494 500 καὶ
1549 449 1578 499 6
1625 447 1842 510 Σαοὺλ,

264 530 782 601 παραλογισάμενος
810 532 911 603 τὴν
935 535 1152 606 ἐντολὴν
1186 535 1280 589 τοῦ
1306 536 1464 602 Θεοῦ,
1501 536 1840 607 ἐματαιώθη,

263 624 484 692 καὶτῆς
522 624 799 694 βασιλείας
848 627 1128 692 ἐξέπεσεν,
1159 629 1252 682 καὶ
1292 629 1564 683 οἴκτιστον
1614 629 1846 684 θάνατον

263 715 610 783 ἀπενέγκατο
629 732 642 746 ⁸
668 718 764 771 καὶ
787 717 958 772 πολλά
990 720 1201 773 πενθῶν
1229 723 1357 790 περί
1390 720 1556 775 αὑτοῦ
1579 722 1607 774 6
1628 723 1844 792 προφή-

260 826 366 878 της
391 810 645 879 Σαμουὴλ
666 849 680 872 .
704 813 801 864 καὶ
833 811 924 864 τὸν
950 811 1082 864 Θεὸν
1114 812 1473 883 παρακαλῶν,
1495 813 1648 866 οὐδὲν
1679 813 1844 866 αὑτὸν

262 901 497 973 ὤνησεν,
522 902 636 955 ἀλλ’
672 902 900 974 ὕστερον
935 905 1170 975 ήκουσεν
1230 905 1383 977 παρά
1415 905 1514 959 τοῦ
1539 907 1842 977 προφήτουο

269 1013 289 1045 c
331 995 532 1064 Ἀγαθὴ
571 996 786 1066 ὑπακοὴ
832 996 973 1066 ὑπὲρ
1015 997 1228 1060 θυσίαν,
1265 999 1359 1051 καὶ
1387 998 1651 1068 ἀκρόασις
1706 998 1846 1070 ὑπὲρ

263 1086 435 1156 στέαρ
461 1085 652 1157 κριῶν.
690 1104 709 1139 ι
747 1087 937 1143 Ταῦτα
973 1089 1072 1158 μὲν
1101 1091 1158 1143 ἐν
1194 1092 1259 1160 τῇ
1295 1090 1416 1157 θείᾳ
1441 1090 1656 1160 Γραφῇ.
1692 1089 1848 1142 Ἐπεὶ

264 1177 364 1229 καὶ
397 1178 628 1246 ἀνήκοος
662 1178 934 1249 μαθητὴς,
967 1181 1158 1250 ὥσπερ
1193 1180 1352 1247 ξύλον
1380 1180 1843 1251 διεστραμμένον,

263 1268 358 1320 καὶ
377 1267 438 1320 οὑ
475 1266 548 1338 μὴ
573 1268 808 1340 ὀρθωθῇ,
828 1269 1191 1340 ἐλεγχόμενος
1202 1271 1463 1341 συνεχῶς.
1491 1271 1598 1324 Kal
1622 1273 1650 1324 6
1668 1268 1845 1341 ἀσύμ-

263 1377 443 1428 φωνος
465 1361 711 1429 ἀδελφὸς,
743 1362 818 1424 ὡς
842 1364 1131 1433 ἀπηχοῦσα
1160 1361 1302 1437 αὖρα
1327 1365 1552 1435 ἀνέμου,
1577 1368 1644 1436 τῇ
1672 1365 1848 1433 ἀσυμ-

263 1450 444 1521 φωνίᾳ
467 1452 702 1523 λυομένη
732 1453 827 1506 τοῦ
858 1455 1046 1508 καινοῦ
1078 1456 1294 1525 μέλους,
1320 1457 1411 1510 καὶ
1441 1455 1630 1526 ὥσπερ
1655 1457 1687 1526 ή
1721 1455 1847 1524 σφί-

262 1560 335 1609 κη
390 1543 518 1606 τοὺς
576 1543 775 1608 πόνους
810 1545 920 1598 τῶν
981 1547 1254 1618 μελισσῶν
1299 1548 1506 1616 ἐσθίει,
1537 1548 1712 1612 οὑτως
1750 1548 1847 1603 καὶ⁸

265 1631 511 1703 ῥᾴθυμος
553 1634 809 1703 ἀδελφὸς,
849 1637 1062 1706 ἀχρειοῖ
1095 1638 1340 1703 συνοδίας
1380 1639 1654 1710 ἐναρέτων
1702 1640 1846 1710 πρά-

1946 447 2361 512 coneiderunt,
2433 449 2669 503 Domino
2733 447 2999 508 vindice.
3060 447 3154 516 qui
3216 457 3273 501 et
3338 461 3523 502 arcam

1949 537 2005 591 in
2035 553 2231 592 manus
2265 537 2494 593 tradidit
2526 539 2962 610 alienigenarum
2976 537 3039 591 ⁸⁸.
3057 535 3137 589 Ad
3161 538 3303 592 hanc
3335 552 3525 592 exem-

1946 628 2152 698 plarem
2188 629 2481 684 formulam
2508 629 2709 685 divina:
2739 630 2968 684 ultionis
3001 645 3148 684 nunc
3183 629 3346 683 nobis
3385 643 3526 698 quo-

1945 735 2052 789 que
2076 720 2328 790 contigit.
2355 720 2758 784 Circumcircm,
2779 722 3086 777 Jerusalem
3114 761 3128 784 ,
3160 720 3424 790 populum
3469 720 3524 775 in

1946 811 2004 866 in
2036 829 2133 867 ore
2157 812 2322 882 gladii
2347 812 2588 868 Chaldaei
2617 813 2961 878 ceciderunt,
2997 828 3102 867 nec
3133 820 3218 866 est
3249 812 3341 881 qui
3369 828 3530 882 sepe-

1945 903 2045 958 liat
2075 925 2090 974 ;
2188 917 2414 959 crucem
2443 920 2577 960 vero
2605 904 2731 977 Syri
2761 907 2912 961 velut
2944 905 2998 959 in
3033 904 3308 958 coloniam
3334 919 3524 957 secum

1947 1003 2327 1062 expertarum.
2361 995 2718 1051 Consimilem
2748 997 2802 1050 in
2829 996 3054 1050 modum
3087 995 3216 1050 Saul
3248 994 3342 1048 Dei
3376 1009 3531 1047 man-

1948 1085 2136 1140 datum
2211 1087 2499 1142 venatoria
2549 1097 2716 1159 atque
2773 1089 3008 1143 subdola
3065 1087 3527 1157 interpretatione

1945 1177 2198 1241 eludens,
2263 1189 2446 1234 mente
2471 1187 2620 1234 mota
2653 1179 2911 1234 vesanire
2939 1178 3106 1247 cmpit
3132 1189 3294 1246 atque
3321 1177 3530 1231 excidit

1947 1283 2139 1338 regno,
2174 1282 2237 1321 ac
2291 1267 2514 1323 demum
2565 1269 2868 1324 miserabili
2916 1268 3161 1323 concidit
3219 1277 3397 1342 morte
3428 1268 3522 1320 '°:

1952 1351 2170 1422 1089
2206 1354 2421 1410 tametsi
2448 1355 2598 1411 hunc
2629 1356 2900 1425 propheta
2929 1355 3150 1410 Samuel
3179 1356 3354 1410 multo
3383 1367 3525 1428 tem.-

1945 1459 2082 1512 pore
2116 1445 2350 1516 lugeret,
2384 1462 2598 1519 proque
2651 1449 2829 1503 salute
2864 1449 2984 1518 ejus
3012 1447 3436 1502 venerabundus
3463 1463 3527 1501 ac

1947 1535 2178 1605 supplex
2230 1547 2570 1606 precaretur,
2603 1538 2744 1592 adeo
2800 1536 2940 1591 nihil
2987 1537 3153 1607 juvit,
3185 1545 3245 1590 ut
3287 1535 3528 1589 audierit

1950 1627 2172 1681 tandem
2212 1628 2349 1682 illud
2397 1643 2532 1684 voce
2578 1628 2943 1698 prophetica:
2976 1648 2993 1679 ι
3031 1628 3223 1682 Melior
3262 1637 3348 1683 est
3396 1626 3529 1679 obe-

263 1723 426 1788 ξεων.
461 1728 571 1780 Kal
603 1728 793 1800 ὥσπερ
823 1729 998 1794 δειλὸς
1019 1730 1359 1802 στρατιώτης
1392 1709 1493 1796 τὰς
1519 1735 1711 1804 χεῖρας
1733 1709 1843 1787 τῶν

1950 1713 2156 1770 dientia
2208 1732 2373 1786 quam
2425 1717 2673 1783 victima,
2703 1726 2760 1772 et
2814 1717 3148 1771 auscultatio
3205 1731 3318 1785 pra:
3366 1711 3528 1782 adl'po

261 1819 610 1888 πολεμιστῶν
663 1823 881 1886 ἐκλύει,
915 1823 1087 1890 οὑτως
1117 1827 1211 1880 καί.
1237 1828 1473 1897 μοναχδς
1499 1828 1711 1899 ἀμελὴς
1745 1829 1844 1899 τὴν

260 1913 373 1966 τῶν
430 1913 675 1983 ἀδελφῶν
723 1915 1037 1987 προθυμίαν
1094 1920 1305 1987 χαυνοῖ.
1357 1918 1694 1989 Φοϐηθῶμεν
1724 1915 1841 1985 οῦν,

261 2003 508 2070 ἀδελφοὶ,
569 2006 638 2059 τὰ
684 2006 922 2061 τοσαῦτα
969 2008 1412 2080 παραδείγματα,
1443 2010 1538 2063 καὶ
1577 2010 1860 2082 φύγωμεν.

261 2093 356 2146 τὸν
383 2092 602 2164 ὄλεθρον
631 2095 730 2164 τῆς
769 2096 1087 2164 παρακοῆς,
1116 2096 1200 2149 ἵνα
1236 2097 1311 2167 μὴ
1353 2099 1451 2151 σὺν
1481 2099 1598 2161 τοῖς
1641 2099 1844 2170 προλα·

263 2183 455 2238 δοῦσιν
483 2186 928 2256 κατακριθῶμεν.
959 2187 1118 2241 Ποῖον
1142 2188 1248 2257 γὰρ
1273 2188 1468 2257 ὄφελος
1491 2189 1644 2243 ἔσται
1672 2191 1752 2261 τῷ
1783 2192 1844 2245 τδ

263 2275 426 2344 σῶμα
459 2277 728 2348 παρθένον
760 2279 1083 2350 τηρήσαντι,
1118 2280 1220 2350 τὴν
1265 2281 1323 2334 δὲ
1357 2281 1538 2350 ψυχὴν
1583 2282 1690 2336 ὑπὸ
1742 2284 1844 2354 τῆς

262 2370 552 2439 παρακοῆς
588 2373 1005 2442 μεμοιχευμένῳ
1044 2371 1332 2442 δαίμονος;
1377 2374 1448 2428 Ἣ
1492 2373 1608 2438 πῶς
1640 2392 1842 2444 στεφα-

262 2457 571 2530 νωθήσεται
595 2462 622 2513 6
645 2460 1090 2532 γαστριμαργίας
1123 2461 1222 2530 μὲν
1249 2503 1264 2527 ,
1298 2462 1393 2514 καὶ
1432 2461 1613 2532 πάσης
1648 2463 1842 2516 ἐπιθυ-

266 2549 398 2620 μίας
419 2553 721 2622 κρατήσας,
753 2553 983 2622 οἰήσεως
1015 2553 1071 2606 δὲ
1100 2552 1193 2606 καὶ
1221 2553 1525 2622 φιλοδοξίας
1550 2552 1624 2624 μὴ
1649 2555 1846 2623 ἐπιμε-

262 2642 609 2711 λησάμενοςς
648 2642 812 2710 Λέγει
854 2643 910 2696 δέ
964 2645 1059 2696 καὶ
1113 2645 1142 2697 6
1190 2645 1638 2716 Παροιμιαστής·
1674 2663 1692 2695 ι
1717 2644 1844 2708 Υἱὸς

264 2731 598 2802 πανοῦργος,
657 2732 898 2799 ὑπήκοος
947 2731 1153 2802 πατρί’
1200 2732 1316 2796 υίὸς
1365 2733 1423 2785 δὲ
1484 2733 1736 2801 ἀνήκοος,
1784 2733 1842 2785 ἐν

262 2821 515 2891 ἀπωλείᾳ
566 2821 739 2875 ἔσται.
782 2841 801 2874 ι
837 2823 946 2875 Kal
1000 2818 1175 2886 αὖθιςο
1220 2839 1240 2874 ι
1319 2822 1538 2893 Ἐπειδὴ
1588 2822 1840 2891 ἐκάλουν,

265 2916 365 2970 καὶ
387 2915 487 2985 οὑχ
515 2914 888 2986 ὑπηκούσατε,
911 2913 1051 2968 ἀλλά
1082 2913 1320 2985 ἀκύρους
1351 2915 1647 2985 ἐποιήσατε
1676 2914 1846 2984 ἐμοὺς

263 3009 478 3074 λόγους,
528 3007 818 3077 τοιγαροῦν
851 3005 1008 3075 κάγὼ
1056 3010 1122 3078 τῇ
1173 3006 1414 3078 ὑμετέρᾳ
1447 3008 1693 3080 ἀπωλείᾳ
1725 3010 1846 3061 ἐπι·
1876 3035 1920 3094 C

263 3095 592 3164 γελάσομαι.
618 3097 810 3149 Ἔσται
853 3095 963 3167 γὰρ
1010 3097 1140 3149 ὅταν
1170 3096 1569 3167 ἐπικαλέσησθέ
1602 3115 1671 3166 με
1691 3138 1705 3162 ,
1737 3097 1847 3166 ἐγὼ

1953 3093 2121 3156 iners,
2170 3090 2403 3146 fratrum
2452 3093 2792 3148 alacritatem
2835 3092 3064 3148 emollit.
3097 3094 3201 3148 Tot
3251 3110 3314 3148 ac
3366 3096 3540 3150 tantis

262 3190 324 3243 δὲ
349 3189 451 3242 οὑκ
485 3188 876 3257 εἰσακούσομαι
904 3204 916 3218 ·
950 3187 1247 3259 ζητήσουσι
1290 3189 1397 3260 γάρ
1432 3205 1501 3257 με
1543 3191 1722 3254 κακοὶ,
1757 3191 1849 3243 καὶ

265 3281 368 3350 οὑχ
405 3279 749 3350 εὑρήσουσιν,
784 3279 867 3332 ὄτι
905 3279 996 3333 τὸν
1033 3279 1196 3349 φόϐον
1228 3281 1436 3350 Κυρίου
1474 3279 1534 3333 οὑ
1568 3280 1848 3350 προείλον-

265 3387 350 3425 το.
381 3369 685 3442 Τοιγαροῦν
739 3370 948 3424 ἔδονται
1002 3370 1097 3424 καὶ⁵
1158 3372 1259 3441 τῆς
1316 3369 1527 3422 ἐαυτῶν
1562 3370 1684 3424 ὀδοῦ
1714 3371 1843 3434 τοὺς

266 3463 536 3534 καρπούς.
577 3482 596 3515 ›
633 3463 740 3517 Kal
780 3463 964 3517 πάλιν⁹
1005 3483 1023 3515 ι
1062 3463 1154 3534 Μὴ
1199 3462 1477 3534 ἀσεϐήσῃς
1507 3463 1717 3529 πολλὰ,
1753 3464 1848 3517 xal

269 3553 350 3626 μὴ
395 3553 545 3622 γίνου
593 3554 848 3625 σκληρὸς,
891 3554 976 3607 ἴνα
1025 3553 1100 3625 μὴ
1155 3552 1434 3624 ἀποθάνῃς
1484 3554 1543 3606 ἐν
1574 3553 1636 3606 οὑ
1669 3553 1848 3625 καιρῷ

271 3661 391 3698 σου.
419 3663 438 3695 ι
473 3645 582 3698 Kal
606 3645 789 3698 πάλιν·
817 3663 835 3696 ι
862 3644 922 3698 Ὁ
951 3644 1216 3698 ἐκκλίνων
1239 3644 1300 3697 τὸ
1321 3640 1415 3708 οῦς
1440 3642 1628 3708 αὑτοῦ,
1646 3642 1742 3697 τοῦ
1772 3643 1848 3716 μὴ

267 3737 586 3792 εἰσακοῦσαι
627 3737 816 3807 νόμου,
847 3738 941 3790 καὶ
983 3736 1144 3800 αὑτὸς
1201 3737 1301 3804 τὴν
1348 3735 1658 3807 προσευχὴν
1680 3735 1848 3790 αὑτοῦ

266 3828 608 3883 ἐϐδέλυκται.
651 3830 761 3883 Kal
798 3829 978 3893 ἀλλος*
1017 3848 1036 3881 ι
1085 3828 1143 3882 '0
1174 3828 1576 3898 ἀπολιπόμενος
1615 3827 1850 3897 φυλάξαι

263 3921 523 3975 παιδείαν
567 3921 794 3991 πατρὸς,
825 3919 1113 3992 μελετήσει
1167 3919 1357 3989 ῥήσεις
1420 3919 1616 3983 κακᾶς.
1664 3937 1683 3969 ι
1737 3919 1850 3972 Kal

266 4013 454 4067 πάλιν
487 4031 506 4064 ι
558 4014 618 4066 ’0
651 4015 890 4085 σπείρων
940 4013 1152 4083 φαῦλα,
1191 4012 1397 4083 θερίσει
1440 4011 1610 4065 κακά.
1657 4011 1850 4065 Ἀ’παι-

264 4105 442 4176 δεὺτῳ
462 4105 570 4176 γάρ
595 4107 829 4175 συναντᾷ
863 4103 1111 4168 θάνατος.
1147 4123 1166 4157 ι
1203 4105 1365 4173 Λέγει
1392 4103 1450 4157 δέ
1482 4103 1578 4156 καὶ
1607 4105 1635 4156 6
1683 4102 1848 4172 Ἰερε-

272 4197 426 4268 μίαςσ
463 4213 482 4247 ι
529 4196 937 4267 Ἐπιστράφητε
975 4196 1108 4267 πρός
1141 4213 1231 4267 με,
1264 4195 1418 4263 λέγει
1453 4193 1660 4265 Κύριος
1692 4213 1708 4226 ο
1753 4195 1850 4249 καὶ

269 4287 374 4340 οὑκ
407 4281 475 4358 ἦν
521 4289 550 4341 6
591 4287 912 4343 εἰσακοὺων.
953 4307 972 4340 ι
1010 4290 1120 4341 Kal
1150 4291 1178 4342 6
1217 4287 1541 4352 Ἀπόστολος
1571 4304 1584 4318 ⁸
1621 4307 1639 4340 ‹
1681 4288 1742 4341 Εἰ
1789 4288 1848 4342 δέ

1949 1807 2188 1861 arietum
2222 1807 2288 1862 '“.
2330 1826 2348 1859 ι
2379 1807 2506 1863 Haec
2536 1823 2668 1864 sane
2701 1808 2887 1864 divina
2931 1809 3178 1865 continet
3216 1807 3524 1876 Scriptura.

1946 1897 2258 1968 Discipulus
2293 1899 2525 1979 proinde
2573 1901 2713 1956 male
2751 1900 2984 1956 audiens
3023 1899 3174 1955 dicto
3201 1899 3526 1969 superioris.

1946 1989 2178 2060 perinde
2230 2005 2295 2045 ac
2327 1991 2535 2062 lignum
2561 1991 2848 2047 obtortum
2883 2000 2939 2047 et
2980 1991 3205 2060 oblique
3251 1991 3528 2045 interver-

1947 2096 2068 2136 sum
2096 2099 2110 2148 ;
2149 2084 2365 2138 tametsi
2407 2085 2761 2140 continenter
2781 2093 3066 2155 arguatur,
3095 2098 3166 2137 ne
3196 2084 3276 2144 sic
3302 2082 3528 2152 quidem

1946 2189 2189 2243 unquam
2222 2190 2281 2230 se
2317 2175 2384 2230 ad
2413 2177 2804 2232 rectitudinem
2835 2177 3088 2247 recipiet.
3115 2175 3308 2230 Frater
3337 2191 3530 2229 amans

1946 2264 2240 2320 discordiae
2268 2273 2325 2320 et
2357 2266 2491 2332 litis,
2527 2277 2587 2322 ut
2615 2267 2756 2322 lenis
2802 2273 3002 2322 ventus
3039 2267 3134 2322 sed
3166 2265 3439 2321 stridulus
3467 2282 3531 2320 ac

1946 2357 2244 2424 dissonus,
2288 2373 2390 2414 suo
2449 2360 2543 2416 illo
2592 2361 2835 2416 discordi
2899 2360 3142 2415 stridore
3197 2358 3530 2415 concordem

1946 2447 2180 2502 aliorum
2215 2449 2267 2502 in
2304 2464 2596 2505 commune
2635 2451 2792 2505 vitiat
2821 2465 2885 2505 ac
2939 2450 3122 2520 perdit
3163 2458 3528 2512 concentum;

1946 2543 2118 2606 utque
2167 2537 2326 2592 fucus
2357 2539 2577 2594 labores
2615 2540 2683 2594 ad
2735 2541 3064 2595 industriam
3125 2547 3532 2610 argumentum»

1947 2629 2068 2698 apis
2095 2629 2280 2685 exedit
2333 2647 2396 2686 ac
2448 2631 2789 2702 depascitur,
2825 2635 2900 2687 ita
2930 2643 2986 2688 et
3017 2633 3188 2686 frater
3226 2632 3381 2701 segni
3415 2631 3532 2686 otio

1946 2721 2282 2788 lentescens,
2313 2723 2484 2778 totius
2509 2725 2955 2794 congregationis
2981 2727 3360 2796 operationem
3387 2727 3530 2781 alio-

1947 2813 2044 2882 qui
2077 2811 2352 2868 ellicacem
2389 2813 2584 2868 reddet
2616 2814 2889 2870 inutilem.
2926 2817 2995 2873 Ut
3016 2818 3179 2872 miles
3205 2818 3432 2888 ignavus
3469 2834 3533 2871 ac

1951 2903 2238 2959 timidulus
2302 2920 2498 2960 manus
2566 2906 3007 2961 commilitonum
3062 2908 3316 2963 dissolvit
3367 2919 3533 2978 atque

1953 3005 2202 3058 enervat,
2244 2995 2316 3050 ita
2381 2998 2686 3052 monachus
2747 3014 2976 3053 securus
3036 3015 3182 3054 curae
3245 2999 3424 3055 omnis
3475 3011 3533 3055 et

1951 3181 2158 3236 eruditi
2199 3183 2462 3252 exemplis
2493 3183 2808 3249 timeamus,
2835 3184 3171 3250 charissimi,
3207 3201 3270 3240 ac
3295 3185 3534 3239 vitemus

1953 3273 2117 3328 istius
2173 3274 2565 3330 inobedientiae
2620 3276 2945 3345 perniciem,
2974 3295 3043 3333 ne
3103 3294 3229 3334 cum
3279 3280 3398 3334 istis
3435 3281 3531 3348 qui

1950 3371 2165 3416 aetatem
2215 3372 2460 3418 nostram
2512 3374 2960 3432 anteverterunt,
3007 3367 3353 3423 damnemur.
3389 3367 3532 3436 Quid

1952 3455 2101 3508 enim
2148 3454 2215 3508 ad
2270 3463 2321 3510 t‘e
2382 3457 2593 3512 resiliet
2647 3460 3046 3524 emolumenti,
3079 3461 3126 3514 si
3161 3461 3534 3531 virginitatem

1954 3546 2312 3602 indelibatam
2356 3547 2580 3617 quidem
2631 3551 2968 3605 conservasti
3008 3553 3276 3621 corporis,
3315 3560 3371 3608 at
3409 3554 3531 3606 ani-

1951 3658 2098 3697 mam
2145 3641 2380 3697 daamoni
2419 3657 2518 3712 per
2551 3641 2985 3698 inobedientiam
3022 3645 3394 3714 prostituisti?
3425 3646 3536 3699 Aut

1953 3749 2060 3804 qua
2095 3733 2272 3789 fronte
2302 3749 2490 3804 speres
2522 3745 2573 3789 te
2601 3734 2864 3790 donatum
2903 3735 2971 3789 iri
2999 3751 3223 3798 corona,
3255 3737 3346 3806 qui
3394 3751 3535 3790 ven-

1957 3822 2054 3878 tris
2081 3823 2376 3893 ingluviem
2403 3831 2458 3878 et
2483 3823 2747 3893 reliquam
2779 3840 2999 3880 omnem
3030 3825 3534 3894 concupiscentiam

1955 3915 2339 3985 temperantiae
2373 3913 2531 3969 freno
2564 3916 2956 3985 suppressisti;
2991 3917 3084 3970 uni
3115 3925 3298 3971 autem
3330 3932 3530 3986 super-

1955 4007 2064 4063 bize
2091 4016 2148 4062 et
2198 4005 2491 4061 ambitioni
2549 4022 2616 4061 ex
2665 4006 2853 4061 animo
2907 4006 3268 4063 deturbandae
3325 4008 3532 4062 nullam

1954 4098 2274 4169 impendisti
2319 4098 2707 4169 diligentiam?
2736 4099 2882 4154 Dicit
2910 4100 3337 4155 Parmmiastes:
3377 4119 3394 4152 ι
3441 4101 3532 4157 Fi-

1953 4193 2062 4248 lius
2086 4193 2260 4248 solers
2286 4193 2476 4247 obedit
2499 4195 2643 4264 patri
2678 4209 2798 4260 suo,
2817 4193 2963 4249 ﬁlius
2991 4201 3175 4250 autem
3207 4194 3535 4251 inobediens

1958 4283 2014 4337 in
2065 4282 2377 4353 perditione
2411 4283 2602 4338 erit".
2642 4304 2660 4336 »
2699 4284 2915 4339 Rursus
2947 4303 2959 4338 :
3003 4304 3020 4336 ι
3060 4284 3198 4352 Quia
3229 4286 3441 4351 vocavi,
3475 4298 3535 4340 et

266 4393 357 4440 τις
382 4377 480 4446 οὑχ
526 4376 790 4431 ὑπακούει
815 4377 992 4448 ήμῶν,
1015 4376 1104 4431 διὰ
1148 4377 1248 4447 τῆς
1301 4377 1592 4447 ἐπιστολῆς
1653 4380 1844 4434 τοῦτον

1951 4391 2060 4429 non
2115 4374 2459 4440 obedivistis,
2491 4375 2586 4430 sed
2635 4376 2789 4431 irrita
2840 4375 3049 4432 fecistis
3095 4377 3325 4432 consilia
3367 4393 3531 4440 mea,

273 4466 607 4538 σημειοῦσθε
632 4507 648 4532 ,
673 4469 768 4521 καὶ
805 4468 879 4539 μὴ
930 4467 1403 4537 συναναμίγνυσθε
1450 4466 1620 4537 αύτῷ,
1649 4466 1737 4520 ἵνα
1774 4465 1850 4536 μὴ

267 4560 602 4631 ἐντραπῆτε.
651 4578 668 4610 ι
702 4561 815 4613 Kal
863 4559 1002 4631 πρὸς
1031 4558 1187 4612 Τῖτόν
1228 4575 1394 4631 φησιν
1431 4576 1444 4590 ·
1481 4577 1501 4610 ι
1543 4559 1696 4613 Εἰσὶν
1742 4558 1852 4628 γὰρ

269 4651 462 4704 πολλοὶ
495 4652 882 4718 ἀνυπότακτοι,
934 4652 1306 4722 ματαιολόγοι,
1347 4653 1440 4704 καὶ
1479 4651 1848 4720 φρεναπάται,

265 4742 364 4808 οὓς
393 4745 476 4797 δεῖ
511 4745 907 4814 ἐπιστομίζειν.
951 4764 970 4798 ι
1004 4745 1115 4798 Kal
1150 4745 1287 4815 πρὸς
1327 4743 1614 4816 Ἑϐραίους
1644 4760 1658 4774 ⁸
1691 4761 1709 4794 ι
1741 4744 1849 4796 Πε-

270 4838 604 4909 ρισσοτέρως
645 4838 702 4891 δέ
733 4839 816 4891 δεῖ
837 4839 1125 4909 προσέχειν
1163 4839 1310 4909 ἡμᾶς
1360 4839 1434 4908 μή
1479 4853 1610 4889 ποτε
1659 4852 1848 4907 παρα-

270 4928 511 5000 ρυῶμεν,
539 4949 558 4980 ι
593 4930 951 4999 Ἀποστῶμεν
969 4927 1082 4998 οὖν,
1105 4931 1404 4999 ἀγαπητοὶ,
1435 4929 1543 4983 ἀπὸ
1563 4929 1662 4998 τῆς
1679 4928 1848 4983 θανα-

265 5021 509 5091 τηφόρου
558 5021 763 5092 ταύτης
812 5022 1121 5094 παρακοῆς,
1147 5022 1242 5075 καὶ
1276 5022 1508 5091 ὑπήκοοι
1553 5019 1847 5090 γενώμεθα

269 5114 334 5166 ἐν
370 5110 596 5178 ἀπασιν,
620 5114 734 5175 τοῖς
764 5117 1157 5184 πνευματικοῖς
1213 5113 1496 5183 Πατράσιν
1550 5113 1732 5183 ήμῶν,
1762 5114 1850 5166 ἵνα

267 5203 597 5278 ἀκούσωμεν
646 5204 799 5274 παρά
839 5205 933 5259 τοῦ
979 5206 1209 5276 Κυρίοω
1245 5225 1262 5258 ι
1316 5205 1374 5259 Ὁ
1404 5205 1620 5258 ἀκούων
1654 5204 1846 5272 ὑμῶν,

264 5295 410 5367 ἐμοῦ
462 5294 675 5359 ἀκούει,
711 5296 804 5348 καὶ
831 5296 860 5348 ό
885 5294 1178 5366 δεχόμενος
1207 5295 1372 5364 ὑμᾶς,
1405 5294 1507 5363 ἐμὲ
1531 5294 1745 5364 δέχεται
1776 5311 1790 5324 ·
1819 5294 1848 5346 6

263 5387 328 5442 δέ
363 5386 462 5456 ἐμὲ
511 5387 834 5456 δεχόμενος,
871 5387 1083 5456 δέχεται
1123 5387 1214 5440 τὸν
1248 5385 1646 5441 ἀποστείλαντά
1691 5403 1778 5456 με.
1823 5405 1842 5438 ι

268 5476 431 5540 Αὐτῷ
455 5476 494 5546 ή
527 5473 652 5538 δόξα
676 5475 757 5540 εἰς
789 5477 914 5539 τοὺς
937 5475 1157 5540 αἰῶνας.
1212 5477 1406 5547 Ἀμήν.

347 5587 392 5618 ⁸³
423 5585 718 5670 ξιβεεέ-ιχ,
754 5587 842 5641 Η.
877 5590 966 5643 ⁵⁸1
1002 5591 1134 5670 Reg.
1169 5606 1428 5670 τίν-ξενίη.
1507 5591 1549 5620 δι
1582 5591 1886 5670 Inungi,
1910 5592 2000 5644 εί»,

271 5670 380 5724 vu,
419 5655 506 5712 i8.
563 5654 630 5690 ’⁸³
656 5657 816 5713 Prov.
853 5675 1039 5723 xxviii,
1082 5654 1135 5714 ἰ).
1201 5661 1256 5728 ,⁸⁵
1286 5654 1446 5716 Prov.
1483 5677 1567 5717 xv.

1954 4468 2121 4539 igitur
2175 4474 2232 4522 et
2269 4475 2465 4522 vestrae
2517 4467 2815 4537 perditioni
2873 4469 3149 4522 iusultabo
3183 4484 3196 4522 :
3236 4469 3346 4523 erit
3383 4471 3536 4523 enim

1950 4558 2171 4628 quando
2198 4557 2528 4614 invocabitis
2551 4575 2661 4624 me,
2696 4576 2798 4630 ego
2828 4568 3011 4614 autem
3054 4575 3164 4614 non
3199 4558 3486 4614 exaudiam
3517 4578 3531 4612 :

1951 4660 2200 4719 quaerent
2261 4667 2348 4707 me
2412 4651 2565 4716 mali,
2598 4667 2700 4706 nec
2745 4651 3050 4715 invenient,
3087 4651 3217 4720 quia
3278 4651 3529 4705 timorem

1950 4742 2167 4796 Domini
2228 4744 2570 4798 noluerunt:
2606 4743 2895 4798 comedent
2947 4742 3115 4813 igitur
3169 4741 3383 4796 fructus
3432 4741 3534 4795 via:

1951 4853 2065 4892 suae
2089 4839 2153 4889 ⁵⁸.
2195 4857 2212 4888 ι
2240 4838 2446 4892 lterum
2477 4855 2489 4892 .
2531 4857 2550 4888 ι
2584 4839 2663 4892 Ne
2696 4837 2863 4908 impie
2888 4839 3068 4909 egeris
3099 4837 3355 4902 multum,
3383 4844 3532 4904 etne

1953 4929 2030 4982 sis
2052 4928 2225 4982 durus
2254 4946 2280 4981 :1
2309 4935 2367 4982 ut
2399 4945 2466 4983 ne
2495 4929 2751 4984 moriaris
2779 4930 2831 4983 in
2875 4939 3122 4999 tempore
3153 4944 3262 4983 non
3299 4937 3392 4982 tuo
3423 4928 3524 4982 ⁸⁵.»

1951 5021 2188 5076 Rursum
2221 5037 2234 5073 :
2267 5039 2284 5070 ι
2322 5019 2426 5087 Qui
2456 5021 2698 5076 declinat
2745 5037 2935 5076 aurem
2988 5038 3055 5075 ne
3110 5021 3299 5076 audiat
3332 5021 3528 5090 legem,

1951 5113 2068 5181 ipse
2122 5127 2343 5182 quoque
2417 5113 2473 5167 in
2544 5114 2798 5168 oratione
2873 5129 2968 5168 sua
3022 5113 3380 5168 exsecrabilis
3406 5114 3528 5168 ⁸⁵.»

1957 5204 2158 5258 Alius:
2206 5225 2224 5255 ‹
2272 5203 2378 5270 Qui
2427 5205 2609 5258 renuit
2642 5205 2920 5259 custodire
2965 5205 3314 5274 disciplinam
3361 5205 3534 5274 patris

1957 5295 2065 5359 sui,
2092 5295 2427 5366 excogitabit
2451 5295 2761 5350 locutiones
2792 5296 2961 5350 malas
2991 5296 3058 5350 ⁵⁸.
3093 5315 3112 5346 ›
3143 5296 3243 5350 Ει;
3285 5315 3303 5347 ι
3351 5297 3533 5350 Semi-

1959 5405 2097 5444 nans
2126 5406 2408 5459 perversa,
2438 5398 2609 5444 metet
2633 5391 2775 5444 mala
2806 5409 2818 5442 :
2851 5390 3132 5445 inerudito
3156 5390 3305 5446 enim
3334 5405 3535 5445 occur-

1957 5480 2032 5534 rit
2082 5468 2364 5536 mors".i
2419 5482 2732 5536 Jcremias:
2775 5499 2792 5531 ι
2833 5480 3234 5536 Converlimini
3293 5480 3360 5534 ad
3423 5495 3531 5545 me,

2113 5594 2158 5624 "
2192 5594 2354 5648 Prov.
2393 5610 2442 5660 ι,
2484 5595 2528 5648 ί.
2607 5593 2650 5624 ⁵³
2681 5593 2842 5649 Prov.
2881 5606 2918 5657 ι,
2970 5591 3155 5648 24-51.
3268 5592 3312 5625 ⁸⁸
3347 5591 3526 5649 Εεειο.

1757 5663 1798 5693 ³⁷
1829 5663 1991 5716 Prov.
2032 5678 2140 5716 xm
2164 5703 2178 5730 ,
2215 5665 2264 5717 8.

3581 515 3614 542 /
