4030 6296
538 263 695 326 1555
1809 276 2140 336 ANTIOCH

2247 278 2561 339 iONACHI
3685 272 3832 335 1556

545 374 680 427 dicit
747 374 1013 434 Dominus
1045 388 1140 434 :ct
1165 395 1273 436 non
1301 382 1534 450 eratqui
1573 381 1791 436 audiret
1840 400 1940 438 nos
1971 387 2036 438 ".
2076 404 2095 436 ι
2133 386 2474 456 Apostolus:
2513 406 2532 439 ι
2573 387 2776 457 Siquis
2804 404 2916 443 non
2971 389 3159 443 obedit
3219 387 3405 450 nobis,
3465 401 3570 455 per
3607 384 3830 452 episto-

545 466 652 521 lam
686 469 834 527 hunc
861 482 1070 539 notate,
1103 485 1158 529 et
1187 491 1256 530 ne
1285 475 1754 530 commisceamini
1819 477 1918 541 illi,
1975 486 2035 532 ut
2089 479 2462 534 confundatur
2489 483 2556 535 δ’.
2626 500 2646 534 ι
2711 483 2846 536 Item
2883 482 2952 537 ad
2984 483 3212 537 Titum:
3257 503 3278 532 α
3320 481 3464 535 Sunt
3515 476 3688 531 multi
3737 475 3832 528 in-

548 562 892 630 obedientes,
958 568 1243 636 loquentes
1297 584 1458 632 vana,
1514 578 1571 623 et
1623 571 1964 635 seductores,
2016 587 2156 640 quos
2193 583 2416 642 oportet
2479 575 2734 646 redargui
2773 577 2839 630 ‘°.
2874 597 2892 628 ι
2960 577 3041 631 Ad
3097 575 3397 630 Hebraeos:
3439 592 3460 623 ς
3509 569 3830 626 Abundan-

552 656 662 709 tius
687 666 870 712 autem
897 667 1117 728 oportet
1149 663 1435 717 attendere
1498 679 1621 726 nos,
1689 680 1758 718 ne
1820 663 1962 720 forte
2002 667 2490 735 praetereﬂluamus
2528 669 2593 722 “.
2631 687 2652 720 ι
2717 670 2800 724 Ab
2856 670 2959 725 hac
3013 672 3182 741 igitur
3247 667 3640 722 inobedientia
3705 678 3832 733 qua

551 756 986 846 prasentaneam
1038 750 1199 806 atlert
1247 761 1482 808 mortem
1518 755 1605 808 sui
1636 755 1921 820 studiosis,
1968 770 2131 825 quam
2171 757 2492 828 longissime
2543 775 2646 814 nos
2713 776 3029 827 avocemus,
3070 760 3408 822 charissimi,
3450 765 3511 812 et
3553 754 3832 823 spiritua-

551 835 684 890 lium
713 839 936 893 Patrum
972 840 1320 898 hortamenta
1389 856 1774 902 consectemur
1815 848 1872 901 in
1935 848 2195 903 omnibus
2232 850 2493 920 morigeri
2533 861 2592 906 et
2629 852 2975 919 obedientes,
3011 863 3072 909 ut
3106 854 3239 907 illud
3278 866 3306 905 a
3337 851 3582 904 Domino
3625 845 3831 900 audia-

553 947 718 1081 inusA:
762 953 780 986 ‹
825 935 930 1002 Qui
955 937 1110 993 audit
1137 954 1254 1008 vos,
1290 951 1350 997 et
1383 957 1469 998 me
1499 945 1656 999 audit
1683 963 1696 1012 ;
1725 944 1819 1014 qui
1849 944 2052 1014 accipit
2081 958 2200 1009 vos,
2236 945 2443 1016 accipit
2473 962 2602 1002 eum
2627 949 2721 1019 qui
2755 963 2841 1004 me
2871 949 3024 1005 misit
3048 950 3113 1002 “.
3155 966 3173 1000 ι
3200 947 3310 1017 Ipsi
3338 945 3522 1016 gloria
3546 943 3610 996 in
3647 955 3831 996 sacu-

576 1040 626 1080 a.
713 1041 860 1081 men.

576 1040 626 1080 2.
665 1040 860 1082 Amen.

941 1147 1156 1218 1090
1179 1149 1462 1206 l-IOMILIA
1515 1153 1755 1208 xxxrx.
2158 1130 2205 1186 A

1103 1263 1176 1317 De
1245 1265 1556 1320 obedientia.

2817 1157 3036 1212 ΛΟΓΟΣ
3094 1155 3218 1210 ΛΘ’.

2783 1269 2927 1338 Περὶ
2953 1265 3249 1335 ὑπακοῆς.

627 1369 729 1437 Qui
765 1373 982 1428 sincero
1025 1375 1220 1432 aiIectu
1266 1383 1577 1461 peremnia
1613 1379 1980 1450 spiritualium
2031 1381 2129 1432 Pa-

561 1468 704 1516 trum
768 1466 1101 1522 monitiones
1151 1478 1512 1533 sectatur,et
1561 1470 1793 1535 obedit;
1831 1469 1969 1523 nihil
2017 1483 2129 1522 non

559 1567 751 1607 eorum
805 1571 929 1625 qua:
981 1573 1082 1627 per
1130 1574 1188 1613 se
1235 1559 1386 1624 facit,
1431 1561 1497 1614 ad
1531 1557 1625 1614 Dei
1666 1560 1986 1615 transcribit
2011 1560 2130 1628 glo-

563 1645 738 1712 riam;
803 1657 859 1702 et
922 1649 999 1702 illi
1063 1652 1157 1705 uni
1211 1651 1482 1721 quidquid
1535 1650 1697 1706 laude
1749 1667 1874 1704 cum
1934 1650 2131 1720 primis

2321 1381 2379 1434 Ὀ
2408 1379 2716 1450 εἰλικρινῶς
2743 1379 2800 1431 tv
2832 1379 2996 1431 πᾶσιν
3027 1371 3324 1428 ὑπακούων
3353 1372 3472 1432 τοῖς
3514 1384 3831 1437 πνευματι-

2236 1471 2352 1534 κοῖς
2385 1471 2654 1541 πατράσιν
2683 1466 2871 1532 αὑτοῦ,
2897 1466 2966 1520 τὰ
2986 1466 3127 1519 κατὰ
3139 1464 3271 1516 Θεὸν
3295 1461 3376 1530 τῷ
3408 1460 3537 1528 Θεῷ
3563 1459 3832 1526 ἀνατίθη-

2239 1579 2347 1616 σιν.
2365 1562 2423 1614 ’0
2456 1561 2699 1629 ὑπήκοος
2719 1559 2859 1629 ἀνὴρ
2889 1557 2990 1610 κᾶν
3013 1558 3070 1609 ὲν
3090 1555 3231 1626 τῷδε
3252 1553 3331 1624 τῷ
3361 1552 3465 1621 βίῳ
3491 1551 3695 1621 διάγῃ,
3716 1548 3832 1600 ἀλλ’

2235 1654 2310 1716 ὼς
2340 1652 2443 1716 ἔξω
2481 1650 2574 1704 τοῦ
2606 1651 2815 1720 κόσμου
2846 1650 3036 1703 τούτου
3073 1645 3442 1716 πομπεύεται.
3468 1641 3548 1692 Τὸ
3577 1641 3700 1709 γὰρ
3731 1639 3834 1690 αὑ-

560 1735 786 1806 dignum
811 1755 1004 1810 magna
1044 1742 1211 1796 animi
1248 1743 1599 1797 contentione
1626 1742 1898 1798 conﬁcere
1935 1753 2130 1810 potue-

563 1827 666 1890 rit,
704 1829 874 1882 multa
940 1846 1066 1885 cum
1120 1832 1405 1886 alacritate
1461 1842 1767 1886 consecrat.
1823 1833 1920 1886 Vir
1970 1832 2130 1901 plane

562 1916 850 1984 obediens,
876 1922 1089 1976 tametsi
1118 1923 1172 1977 in
1202 1924 1314 1978 vita
1349 1924 1608 1993 prmsenti
1629 1932 1733 1990 est,
1787 1931 2026 1978 attamen
2059 1923 2132 1976 ita

562 2019 925 2064 conversatur
960 2019 1216 2080 tanquam
1251 2029 1283 2067 a
1338 2014 1547 2069 mundo
1578 2013 1817 2070 extorris
1846 2023 1904 2068 et
1953 2013 2132 2068 exoti-

564 2115 702 2154 cus:
737 2103 1009 2171 propriam
1039 2104 1187 2158 enim
1232 2105 1568 2160 voluntatem
1605 2104 1974 2159 renuntiando
2007 2119 2134 2158 cum

564 2207 594 2244 a
619 2206 676 2244 se
721 2195 1047 2256 excusserit,
1083 2211 1203 2250 eam
1237 2196 1454 2265 perlicit
1496 2197 1726 2251 liberius
1756 2211 1878 2264 qua:
1913 2194 2130 2250 Domini

564 2291 665 2336 est.
697 2282 861 2354 Atqui
892 2286 1016 2340 talis
1043 2286 1097 2340 in
1131 2303 1422 2342 numerum
1451 2288 1650 2344 transit
1678 2286 1882 2342 Christi
1921 2286 2137 2341 confes-

565 2387 751 2427 sorum
777 2392 790 2428 :
818 2388 921 2430 nec
964 2375 1017 2430 id
1063 2379 1377 2448 assequitur
1420 2379 1618 2442 solum,
1647 2377 1743 2432 sed
1773 2387 1829 2431 et
1860 2376 2008 2446 quod
2044 2391 2134 2430 re-

565 2463 777 2534 liquum
836 2467 913 2522 illi
971 2478 1055 2525 cst
1113 2470 1375 2542 temporis
1441 2469 1529 2526 sui
1574 2469 1847 2525 incolatus
1907 2481 2136 2537 prorsus

567 2557 703 2612 vivit
746 2573 892 2616 eum
925 2563 1104 2616 omnis
1141 2562 1300 2618 liber.
1329 2562 1410 2616 Ad
1445 2563 1580 2627 haec,
1613 2576 1780 2631 Opere
1810 2561 1948 2630 ipso,
1975 2559 2138 2614 sedu-

568 2646 683 2702 lum
727 2665 784 2703 se
817 2651 1014 2720 probat
1043 2653 1260 2707 Domini
1292 2643 1662 2708 imitatorem:
1697 2653 1812 2722 ipse
1831 2651 1980 2706 enim
2012 2670 2030 2702 ι
2058 2649 2139 2704 fa-

569 2749 692 2793 ctus
747 2749 832 2795 est
897 2743 1163 2799 obediens
1217 2745 1286 2798 ad
1353 2757 1607 2810 mortem,
1649 2754 1880 2798 mortem
1953 2749 2138 2797 autem

568 2832 750 2886 crucis
775 2834 838 2885 ⁸³.
878 2851 897 2882 ι
931 2834 1072 2888 Sane
1107 2834 1422 2888 obedientia
1452 2843 1537 2888 est
1559 2873 1572 2895 ,
1606 2850 1712 2903 qua
1755 2833 1882 2902 quis
1911 2846 2140 2902 persua.

569 2923 734 2978 detur
789 2933 845 2979 et
897 2925 1085 2979 obedit
1130 2927 1269 2980 citra
1304 2926 1472 2980 ullam
1499 2925 1972 2996 dijudicationem,
1999 2923 2139 2978 adeo

572 3017 807 3086 utquod
860 3019 1160 3088 superioris
1211 3018 1444 3088 imperio
1487 3017 1810 3086 imponitur,
1861 3014 2140 3084 jucundus

572 3108 696 3177 quis
724 3117 779 3164 et
805 3110 1006 3174 alacer,
1038 3127 1148 3164 nou
1180 3112 1309 3165 item
1334 3109 1707 3170 turbulentus,
1732 3093 2140 3176 expleat.‘0be-

573 3198 783 3253 dientia
840 3202 1179 3256 renuntiatio
1227 3201 1465 3270 propriae
1509 3208 1593 3256 est
1634 3198 1958 3261 voluntatis,
1991 3197 2141 3250 nulla

573 3305 682 3344 non
735 3292 820 3346 sui
857 3301 1013 3362 parte
1059 3291 1321 3362 perfecta,
1356 3307 1478 3362 quae
1509 3291 1627 3346 solo
1655 3289 2022 3344 moderatoris
2055 3288 2140 3343 sui

572 3392 784 3438 annutu
833 3385 902 3438 ad
958 3383 1180 3454 quidvis
1231 3385 1574 3454 operandum
1631 3383 1770 3436 nihil
1827 3382 2142 3436 turbulente

575 3485 850 3529 movetur.
882 3474 962 3528 Ad
1010 3475 1278 3544 explenda
1322 3491 1488 3544 opere
1545 3475 1822 3543 mandata,
1872 3472 2140 3531 obedien-

575 3568 650 3620 tia
709 3566 950 3636 primum
1026 3567 1258 3622 sortitur
1310 3568 1513 3622 locum.
1568 3569 1717 3626 Inter
1761 3585 1854 3625 eas
1911 3567 2145 3622 virtutes

575 3671 697 3725 qua:
752 3655 1032 3712 hominem
1083 3657 1233 3716 velut
1297 3674 1464 3717 manu
1519 3663 1730 3717 ducunt
1755 3671 1811 3718 et
1845 3662 2145 3718 instituunt

2236 1745 2331 1799 τοῦ
2381 1744 2594 1815 θέλημα
2647 1742 3047 1816 ἀρνησάμενος,
3075 1739 3135 1792 τὸ
3187 1737 3284 1790 τοῦ
3328 1733 3544 1804 Κυρίου
3587 1731 3828 1783 ὲκτελεί.

2240 1838 2349 1892 Καὶ
2377 1838 2406 1890 ὁ
2433 1836 2674 1897 τοιοῦτος
2722 1837 2833 1896 τοῖς
2871 1831 3233 1902 ὁμολογηταῖς
3283 1826 3740 1895 συναριθμεῖται·
3768 1821 3828 1874 ού

2243 1929 2400 1999 μόνον
2431 1927 2488 1980 δὲ
2517 1927 2696 1989 τοῦτο,
2720 1925 2856 1979 ἀλλά
2881 1926 2975 1978 καὶ
2998 1922 3318 1994 ἀμερίμνως
3342 1918 3450 1988 βιοῖ
3478 1918 3713 1969 ἅπαντα
3741 1913 3831 1965 τὴν

2238 2018 2338 2086 τῆς
2373 2017 2663 2088 παροικίας
2696 2014 2859 2069 αὑτοῦ
2904 2015 3118 2084 χρόνον.
3155 2012 3301 2081 Πρὸς
3334 2008 3553 2070 τούτοις
3585 2006 3692 2057 καὶ
3745 2021 3832 2073 μι-

2244 2110 2420 2179 μητὴς
2452 2086 2545 2161 τοῦ
2579 2086 2786 2177 κυρίου
2835 2103 3241 2166 ἀναδείκνυται,
3306 2101 3388 2153 ὅτι
3426 2118 3444 2150 ι
3494 2097 3680 2159 Αὐτὸς
3724 2096 3830 2148 ὑπ-

2242 2201 2402 2266 ήκοος
2429 2199 2645 2264 ἐγένετο
2668 2197 2833 2266 μέχρι
2866 2194 3119 2255 θανάτου,
3153 2190 3390 2244 Θανάτου
3408 2189 3462 2241 δὲ
3493 2185 3767 2256 σταυροῦ.
3801 2203 3823 2235 ι

2255 2289 2500 2358 ’Υπακοὴ
2553 2287 2646 2340 οὑν
2707 2289 2857 2340 ἐστιν
2907 2285 3222 2354 ἀδιάκριτος
3266 2277 3474 2332 πειθὼ⁶
3510 2278 3600 2330 ἵνα
3653 2274 3827 2337 τιςτὸ

2242 2377 2582 2447 προσταχθὲν
2627 2376 2849 2438 ἀλύπως
2890 2373 3197 2444 ἐπιτελέσῃ.
3242 2369 3490 2438 ’Υπακοή
3529 2368 3648 2420 ἐστι
3689 2383 3826 2418 παν-

2237 2467 2396 2539 τελὴς
2446 2466 2696 2539 ὑποταγὴ
2739 2464 2834 2520 τοῦ
2881 2465 3017 2519 ἰδίου
3070 2465 3376 2534 θελήματος
3430 2456 3824 2527 ἐστερημένη.

2237 2562 2332 2615 καὶ
2363 2561 2508 2630 μόνῳ
2550 2559 2626 2630 τῷ
2651 2559 2745 2612 τοῦ
2781 2558 3198 2618 ἐπιστατοῦντος
3230 2553 3468 2622 νεύματι
3521 2549 3825 2617 ἀταράχως

2240 2655 2376 2726 πρὸς
2403 2655 2602 2724 πρᾶξιν
2629 2654 2924 2724 κινουμένη
2963 2653 3020 2705 ὲν
3054 2649 3254 2710 πάσαις
3298 2645 3568 2706 ἐντολαῖς.
3614 2641 3684 2694 Ἦ
3719 2642 3821 2692 ὑπ-

2240 2747 2378 2817 ακοὴ
2416 2746 2629 2817 πρῶτον
2657 2746 2714 2800 tv
2744 2745 2947 2806 πάσαις
2992 2744 3112 2804 ταῖς
3161 2738 3560 2806 εἰσαγωγικαῖς
3595 2733 3823 2801 ἀρεταῖς

2239 2840 2506 2908 ἔγνωσται
2531 2839 2797 2909 ὑπάρχειν
2823 2835 3003 2890 καλόν⁸
3029 2834 3124 2888 καὶ
3157 2832 3254 2901 τὴν
3285 2830 3382 2898 μὲν
3408 2828 3593 2897 οἴησιν
3613 2824 3819 2884 ἀθετεῖ,

2239 2932 2339 3000 τὴν
2377 2930 2433 2983 δὲ
2457 2928 2957 2998 ταπεινοφροσύνην
2996 2925 3188 2978 τίκτει.
3234 2920 3401 2991 Ἀρχὴ
3451 2918 3564 2987 γὰρ
3610 2917 3824 2983 γίνεται

2242 3022 2343 3090 τῆς
2395 3022 2474 3082 εἰς
2512 3018 2747 3089 Χριστὸν
2779 3017 3024 3086 ἀγάπης.
3053 3013 3215 3065 Ὅθεν
3249 3010 3344 3063 καὶ
3389 3011 3418 3061 ὁ
3463 3007 3711 3076 Χριστῦς
3751 3001 3825 3071 τῷ

2243 3113 2342 3181 τῆς
2384 3109 2698 3180 οίκονομίας
2737 3110 2881 3178 λόγῳ
2935 3107 3066 3177 άχρι
3114 3101 3348 3173 σταυροῦ
3413 3101 3514 3154 καὶ
3562 3099 3824 3158 θανάτου,

2244 3204 2524 3274 ὑπήκουσε
2575 3201 2653 3271 τῷ
2706 3199 2900 3253 ἑαυτοῦ
2953 3198 3148 3266 Πατρὶ,
3183 3195 3272 3247 ἴνα
3323 3193 3453 3254 τοὺς
3486 3193 3546 3243 ὲν
3603 3189 3825 3256 ὑπακοῇ

2245 3297 2537 3365 ζήσαντας,
2569 3294 2648 3358 εἰς
2711 3292 2930 3347 αἰώνιον
2970 3289 3115 3359 ζωὴν
3165 3285 3443 3356 ἐπαγάγῃ.
3479 3281 3582 3345 Τίς
3617 3277 3716 3333 οὖν
3752 3277 3827 3349 μή

2247 3382 2528 3458 μακαρίσῃ
2575 3384 2666 3436 τὸν
2697 3381 2938 3435 τοιοῦτον
2969 3397 2983 3444 ;
3018 3379 3236 3433 Μᾶλλον
3268 3378 3324 3430 δὲ
3353 3377 3438 3438 τίς
3481 3373 3562 3445 μὴ
3604 3372 3828 3441 ζηλώσῃ

2243 3479 2340 3549 τὴν
2377 3477 2630 3546 τοιαύτην
2684 3472 3092 3539 πολιτείαν;Τὺ
3125 3471 3234 3540 γάρ
3293 3467 3526 3536 ἐκκόψαι
3573 3466 3636 3516 τὸ
3699 3465 3828 3516 ἴδιον

2246 3567 2456 3636 θέλημα
2500 3562 2902 3633 αἱματεκχυσία
2926 3561 3064 3622 ἐστὶ,
3096 3560 3190 3612 καὶ
3223 3559 3301 3619 εἰς
3325 3556 3518 3608 Θυσίαν
3547 3551 3824 3620 λογίζεται

2245 3655 2322 3726 τῷ
2343 3653 2613 3725 ἀνθρώπῳ
2640 3670 2654 3683 ·
2691 3653 2783 3705 καὶ
2811 3651 3075 3722 φρονίμου
3107 3649 3200 3700 καὶ
3225 3645 3434 3698 τελείου
3467 3643 3668 3712 ἀνδρός
3710 3644 3824 3693 ἐστι

575 3747 643 3802 ad
697 3749 978 3819 pietatem,
1027 3753 1288 3823 quiddam
1337 3756 1614 3826 egregium
1664 3754 1720 3808 in
1759 3770 1818 3810 se
1854 3755 2143 3824 complecti

2249 3751 2309 3806 τὸ
2330 3749 2683 3820 κατόρθωμα.
2725 3747 2836 3801 Καὶ
2867 3745 3051 3814 σαφῶς
3078 3743 3320 3796 διδάσκει
3352 3740 3499 3809 ἡμᾶς
3531 3741 3563 3790 ὸ
3596 3736 3826 3795 Ἡσαΐας

575 3844 908 3914 perspicitur
943 3845 1286 3902 obedientia.
1321 3847 1447 3902 Haec
1478 3847 1704 3901 stultam
1735 3846 1886 3900 illam
1921 3846 2006 3900 sui
2033 3846 2150 3900 exi-

577 3935 949 3991 stimationem
1009 3938 1126 3992 sive
1188 3937 1556 4007 arrogantiam
1625 3918 2146 4007 aspernatur:jure

576 4026 824 4095 quidem,
855 4043 1057 4098 parens
1087 4027 1369 4083 modestiae
1402 4042 1529 4082 cum
1559 4027 1630 4081 sit
1658 4037 1821 4096 atque
1867 4027 2150 4081 humilita-

580 4117 650 4172 tis
681 4137 694 4172 :
730 4120 1064 4190 principium
1094 4120 1243 4176 enim
1267 4119 1468 4175 divinae
1501 4127 1586 4174 est
1619 4119 1969 4176 dilectionis:
2002 4117 2151 4171 unde

578 4217 633 4263 et
669 4209 934 4264 Dominus
973 4211 1128 4280 juxta
1180 4210 1450 4264 rationem
1495 4209 1924 4280 dispensationis
1977 4221 2150 4278 usque

579 4302 648 4356 ad
682 4317 902 4356 crucem
934 4312 990 4357 et
1031 4310 1264 4384 mortem
1293 4301 1440 4357 Patri
1475 4317 1576 4357 suo
1618 4301 1883 4367 obedivit,
1919 4301 1973 4353 in
2023 4301 2149 4364 hoc,

586 4402 645 4449 ut
671 4407 768 4447 eos
795 4408 934 4463 quos
965 4395 1271 4464 comperiet
1294 4393 1349 4447 in
1379 4393 1483 4447 hac
1510 4392 1619 4447 vita
1654 4392 1983 4447 inoffensum
2018 4389 2154 4445 obe-

581 4485 801 4539 dientiae
832 4486 1074 4549 tenuisse
1113 4486 1330 4548 callem,
1367 4485 1436 4538 ad
1469 4494 1731 4539 aeternam
1761 4484 1908 4538 illam
1929 4483 2158 4538 revehat

581 4577 774 4632 vitam.
809 4577 944 4644 Quis
975 4593 1086 4631 non
1123 4577 1287 4632 talem
1321 4575 1628 4630 demiretur
1669 4591 1733 4628 ac
1765 4575 1986 4628 beatum
2017 4589 2147 4644 pras-

582 4668 772 4722 dicet?
799 4669 943 4735 Quin
972 4668 1159 4738 potius
1180 4667 1317 4736 quin
1344 4682 1453 4720 non
1491 4667 1636 4720 hanc
1665 4664 2011 4720 admirabilis
2032 4663 2158 4719 vitae

584 4758 856 4813 rationem
894 4758 1118 4812 studeat
1159 4756 1453 4812 aemulari?
1481 4756 1833 4811 Voluntatem
1876 4753 2160 4824 propriam

584 4866 615 4904 a
645 4859 699 4909 te
727 4849 1074 4913 exscindere,
1114 4847 1345 4919 perinde
1394 4856 1479 4902 est
1509 4861 1575 4902 ac
1617 4846 1662 4901 si
1693 4846 1982 4916 proprium
2031 4845 2160 4899 fun-

585 4944 685 4998 das
715 4941 1043 5013 sanguinem
1078 4958 1090 4994 :
1124 4939 1221 4994 sed
1253 4950 1310 4994 et
1337 4939 1455 4993 haec
1484 4938 1695 4992 homini
1731 4938 2039 5006 imputatur
2061 4951 2161 5006 pro

2249 3843 2441 3908 λέγων·
2488 3838 2612 3893 Ἐάν
2678 3840 2754 3909 μή
2799 3839 3032 3908 ποιήσῃς
3076 3835 3137 3888 τὸ
3183 3834 3395 3902 Θέλημα
3441 3831 3501 3883 τὸ
3554 3830 3644 3882 σδν
3677 3830 3825 3898 ἑντῇ

2251 3933 2436 4005 ἡμέρᾳ
2465 3935 2530 4002 τῇ
2589 3930 2747 3999 ἁγίᾳ,
2775 3927 2873 3980 καὶ
2915 3926 3017 3981 οὐκ
3078 3926 3219 3997 ἄρῃς
3263 3924 3354 3976 τὸν
3407 3921 3546 3973 πόδα
3612 3936 3712 3970 σου
3742 3917 3825 3969 ἐπ’

2251 4024 2429 4096 ἔργον,
2458 4021 2579 4074 οὐδὲ
2605 4020 2844 4091 λαλήσῃς
2870 4017 3029 4085 λόγον
3059 4016 3115 4068 tv
3147 4015 3308 4084 ὀργῇ.
3344 4011 3440 4065 καὶ
3475 4010 3576 4079 ἔσῃ
3627 4023 3825 4059 πεποι-

2253 4115 2361 4177 Θὼς
2403 4114 2496 4166 ἐπὶ
2531 4110 2759 4183 Κύριον,
2792 4108 2887 4161 καὶ
2931 4106 3169 4177 ψωμιεῖς
3197 4103 3265 4156 τὰ
3290 4100 3475 4170 ἀγαθά
3500 4101 3601 4167 τῆς
3632 4099 3761 4168 γῆς.
3802 4115 3821 4148 ι

2251 4206 2420 4276 Φησὶν
2470 4203 2528 4257 δὲ
2582 4204 2612 4255 ό
2654 4200 2816 4269 σοφὸς
2862 4198 3138 4267 Σολομώνο
3169 4213 3187 4246 ι
3227 4193 3354 4256 Υἱὸς
3410 4192 3684 4259 ἐγενόμην
3735 4191 3825 4241 καὶ

2253 4298 2421 4368 πατρὶ
2447 4295 2707 4364 ὑπήκοος,
2739 4291 2833 4344 καὶ
2871 4292 2928 4344 ἐν
2954 4287 3229 4360 προσώπῳ
3265 4284 3470 4355 μητρὸς
3522 4279 3828 4348 ἀγαπώμεο

2255 4408 2344 4452 νος
2370 4406 2383 4418 ·
2410 4389 2608 4449 οἵτινες
2659 4384 2940 4438 ἐδίδασκον
2995 4397 3061 4450 με
3121 4380 3401 4446 λέγοντες’
3476 4373 3827 4443 Ἐρείδοιτοό

2253 4479 2411 4547 λόγος
2466 4476 2624 4547 ήμῶν
2669 4477 2726 4526 tv
2756 4475 2823 4543 τῇ
2860 4471 3061 4540 καρδία
3102 4485 3220 4522 σου.
3261 4485 3278 4518 ι
3315 4466 3421 4518 Καὶ
3459 4463 3640 4522 ἄλλος·
3676 4481 3695 4512 ι
3733 4465 3825 4522 ’ος

2256 4569 2520 4636 φυλάσσει
2581 4563 2824 4633 ἐντολὴν,
2848 4562 3006 4631 τηρεῖ
3063 4559 3162 4626 τὴν
3206 4553 3400 4609 ἑαυτοῦ
3452 4553 3636 4620 ψυχήν
3664 4567 3680 4579 ο
3719 4552 3746 4600 6
3773 4549 3826 4600 δὲ

2257 4657 2616 4729 καταφρονῶν
2666 4653 2776 4707 τῶν
2822 4648 3013 4704 ἑαυτοῦ
3071 4647 3230 4710 ὁδῶν,
3258 4643 3634 4698 ἀποθανεῖται.
3664 4659 3682 4689 ι
3725 4642 3828 4691 Καὶ

2257 4750 2439 4804 πάλιν·
2471 4767 2489 4799 ι
2526 4745 2816 4815 Μακάριος
2847 4743 2905 4804 ὃς
2935 4739 3318 4808 καταπατήσει
3355 4735 3532 4788 πάντα
3569 4735 3640 4786 δι’
3669 4732 3827 4786 εὐλά-

2259 4844 2431 4896 ϐειαν.
2479 4840 2539 4893 Ὀ
2569 4837 2680 4908 γὰρ
2720 4834 3010 4905 φυλάσσων
3040 4827 3282 4900 ἐντολὴν,
3326 4827 3386 4880 ού
3419 4823 3694 4893 γνώσεται
3738 4839 3829 4875 πσ-

2260 4932 2422 5003 νηρά.
2452 4950 2470 4982 ι
2490 4930 2549 4982 '0
2579 4929 2635 4981 δὲ
2663 4927 2869 4997 Πέτρος
2899 4921 3205 4975 ἐπιστέλλει
3234 4919 3427 4985 λέγων·
3452 4934 3472 4966 ι
3499 4915 3835 4982 Ὑποτάγητε

583 5035 830 5089 victima.
863 5032 1094 5088 Functio
1147 5033 1283 5097 haec,
1321 5032 1428 5086 hoc
1456 5035 1681 5095 m'unus,
1722 5029 1827 5083 viri
1875 5028 2036 5097 plane
2078 5042 2140 5082 es

2263 5020 2354 5077 οὖν
2393 5023 2544 5092 πάσῃ
2573 5017 2894 5087 ἀνθρωπίνῃ
2931 5013 3104 5067 κτίσει
3137 5009 3227 5063 διά
3262 5009 3353 5061 τὸν
3385 5005 3612 5076 Κύριον.
3647 5005 3756 5057 Καὶ
3783 5003 3825 5053 nl

587 5134 642 5178 et
679 5123 972 5195 prudentis
995 5131 1052 5177 et
1080 5121 1312 5193 perfecti
1340 5139 1353 5175 :
1388 5120 1446 5176 ld
1480 5119 1628 5190 quod
1656 5089 1960 5174 clarissime
1996 5119 2143 5173 docet

2265 5114 2476 5167 οἰκέται
2517 5107 2951 5174 ὑποτασσόμενοι
3012 5105 3070 5154 tv
3115 5098 3281 5152 παντὶ
3308 5098 3459 5166 τόπῳ
3501 5097 3618 5158 τοῖς
3647 5092 3828 5146 δεσπό-

588 5230 691 5270 nos
751 5215 918 5272 Isaias
976 5214 1168 5269 dicens
1207 5231 1219 5267 :
1267 5232 1285 5264 ι
1324 5211 1382 5268 Si
1426 5227 1535 5267 non
1569 5211 1772 5266 feceris
1817 5209 2162 5265 voluntatem

591 5314 741 5361 tuam
785 5305 840 5359 in
880 5304 969 5359 die
1015 5311 1224 5366 sancto,
1260 5311 1315 5356 et
1341 5317 1447 5355 non
1481 5300 1744 5355 extuleris
1770 5299 1966 5368 pedem
2008 5306 2162 5351 tuum

593 5399 659 5454 ad
705 5415 862 5469 opus,
902 5413 1081 5470 neque
1135 5399 1352 5453 locutus
1377 5384 1548 5450 fueris
1587 5393 1815 5471 verbum
1843 5392 1899 5446 in
1923 5393 2024 5458 ira,
2056 5391 2165 5446 eris

665 5575 932 5630 "Jerem.
967 5591 1047 5644 ιιι,
1077 5577 1166 5630 22.
1243 5575 1287 5608 ⁸⁸
1316 5573 1359 5630 ll
1420 5574 1616 5629 Thess.
1674 5571 1872 5640 1H,“.
1951 5571 1993 5603 ⁸ο
2014 5565 2122 5625 Tit.

2247 5565 2382 5632 ›,ιι.
2459 5564 2500 5596 ⁶¹
2530 5559 2695 5618 lIehr.
2745 5575 2802 5627 ιι,
2848 5558 2898 5612 1.

598 5659 660 5712 ιι,
695 5647 748 5698 8.
1579 5684 1584 5688 ,

2263 5221 2404 5268 ταις,
2435 5204 2494 5254 ού
2533 5201 2694 5271 μόνον
2737 5199 2849 5259 τοῖς
2901 5193 3147 5263 ἀγαθοῖς,
3187 5191 3284 5244 καὶ
3327 5190 3440 5249 τοῖς
3504 5185 3821 5246 ἐπιεικέσιν,

2265 5296 2402 5350 ἀλλὰ
2433 5294 2527 5347 καὶ
2555 5293 2665 5353 τοῖς
2720 5287 2974 5348 σκολιοῖς.
3019 5304 3038 5336 ι
3085 5281 3361 5342 Ὡσαύτως
3405 5281 3502 5333 καὶ
3542 5280 3574 5330 ὁ
3626 5273 3821 5335 Παῦὶός

2266 5402 2453 5459 φησιν·
2493 5405 2510 5436 ‹
2557 5384 2638 5436 Τὰ
2674 5381 2838 5434 τέκνα
2879 5375 3186 5432 ὑπακούετε
3224 5377 3338 5436 τοῖς
3365 5370 3589 5440 γονεῦσι
3621 5386 3635 5400 ·
3666 5387 3684 5420 ι
3719 5363 3817 5420 καίο

3010 5553 3208 5610 "Luc.
3242 5568 3304 5620 ιι,
3341 5549 3427 5606 16.
3508 5551 3554 5586 ⁸⁸
3595 5547 3813 5618 Philipp.
