4030 6296
285 263 424 337 1557

1323 282 1652 343 HOMILIA
1693 284 1815 344 XL.
1858 307 1926 321 --
1965 286 2063 345 DE
2101 286 2516 348 CALUMNIA.

3396 286 3531 351 1558

284 403 304 437 ι
342 384 406 438 (Il
459 383 658 445 δοῦλοι.
715 385 1018 440 ὑπακούετε
1052 388 1164 450 τοῖς
1213 390 1356 442 κατά
1409 391 1592 461 σάρκα
1637 392 1846 463 κυρίοις

1968 393 2205 448 lduciam
2233 394 2444 450 habens
2467 397 2522 449 in
2547 395 2798 461 Domino,
2834 403 2890 450 et
2922 393 3128 452 cibabit
3155 402 3207 448 tc
3234 393 3397 449 bonis
3427 405 3534 448 ter-

280 473 458 545 ὐμῶν,
485 476 559 546 μὴ
589 477 706 530 κατ’
722 477 1235 548 ὁφθαλμοδουλείας,
1263 479 1338 543 ὡς
1365 481 1844 553 ἀνθρωπάρεσκοι,

276 566 394 622 ἀλλ’
421 569 478 620 ὲν
496 567 603 638 φόῦ
622 588 648 634 ρ
670 567 828 622 Θεοῦ.
849 587 868 620 ι
894 570 1001 622 Kal
1018 570 1274 641 ἀλλαχοῦ·
1301 589 1319 622 ι
1340 571 1439 625 Διά
1453 573 1612 626 τοῦτο
1629 572 1849 643 ἔγραψα

279 659 411 730 ὑμῖν
445 660 531 712 ἵνα
567 659 682 727 γνῶ
711 660 811 730 τὴν
843 659 1074 732 δοκιμὴν
1114 661 1288 731 ὑμῶν,
1325 665 1373 716 εἰ
1411 665 1493 725 εἰς
1525 665 1704 718 πάντα
1743 665 1848 719 ὐπ-

280 752 438 822 ήκοοί
470 754 617 807 ἐστε.
641 770 660 803 ι
706 752 727 825 ι
758 753 886 807 Καί’
917 773 936 806 ι
964 753 1032 807 Et
1070 772 1156 818 τις
1184 755 1283 825 οὐχ
1342 755 1608 810 ὑπακούει
1670 755 1847 826 ὑμῶν,

276 847 370 899 τὸν
438 843 683 898 τοιοῦτον
769 844 857 899 διά
955 846 1055 916 τῆς
1111 846 1406 916 ἐπιστολῆς
1475 847 1801 917 σημειοῦσθε
1831 889 1846 912 ,

277 939 374 992 καὶ
431 938 504 1009 μὴ
556 939 1027 1007 συναναμίγνυσθε
1071 938 1238 1009 αὐτῷ.
1279 939 1326 1011 ι]
1359 941 1468 993 Kal
1498 937 1673 1003 αὖθις·
1716 957 1735 988 ι
1787 941 1850 994 Ἡ

276 1028 387 1097 γὰρ
414 1026 570 1096 ὑμῶν
604 1026 818 1098 ὑπακοὴ
859 1029 941 1092 είς
987 1029 1199 1091 πάντας
1242 1029 1490 1098 ἀφίκετο.
1529 1048 1548 1080 ι
1589 1029 1696 1083 Kal
1723 1031 1853 1100 περὶ

276 1121 372 1173 τοῦ
401 1121 606 1190 Κυρίου
630 1133 643 1147 '
687 1139 705 1173 ι
743 1121 961 1192 Καίπερ
987 1123 1064 1174 ὢν
1089 1122 1215 1186 Υἱὸς
1235 1120 1442 1192 ἔμαθεν
1465 1121 1559 1190 ἀφ’
1582 1115 1658 1176 ὧν
1681 1121 1851 1176 ἔπαθε

276 1211 378 1282 τὴν
435 1211 705 1282 ὑπακοὴν,
747 1213 845 1267 καὶ
894 1213 1206 1278 τελειωθεὶς
1256 1215 1478 1284 ἐγένετο
1538 1217 1675 1270 πᾶσι
1734 1219 1850 1281 τοῖς

279 1302 648 1358 ὑπακούουσιν
687 1304 838 1375 αύτῷ
872 1307 1044 1370 αίτιος
1075 1307 1354 1377 σωτηρίας
1394 1307 1634 1363 αἰωνίου.
1681 1328 1698 1361 ι
1740 1310 1852 1362 Kal

276 1397 308 1446 ό
341 1393 563 1464 Κύριος
602 1414 622 1447 ι
669 1396 1065 1466 Καταὸέὸηκα,
1102 1401 1290 1467 φησὶν,
1341 1400 1406 1452 ἐκ
1447 1400 1540 1452 τοῦ
1569 1400 1850 1471 ούρανοῦ,

279 1485 378 1553 οὐχ
410 1486 496 1539 ἵνα
525 1486 664 1540 ποιῶ
677 1488 744 1540 ,τὸ
771 1487 984 1558 θέλημα
1010 1489 1073 1542 τὸ
1093 1489 1117 1541 ὲ
1127 1489 1248 1559 μὸν,
1268 1490 1404 1545 ἀλλὰ
1427 1493 1488 1544 τὸ
1514 1491 1728 1562 θέλημα
1757 1492 1851 1546 τοῦ

279 1576 596 1647 πέμψαντός
633 1596 701 1649 με
747 1581 982 1652 Πατρός.
1011 1580 1148 1653 [Kal
1181 1581 1366 1636 πάλιν
1404 1601 1425 1635 ι
1464 1582 1524 1637 Ὅ
1566 1583 1854 1653 δεχόμενος

283 1667 450 1737 ὑμᾶς,
475 1669 575 1739 ἐμὲ
607 1671 843 1740 δέχεται.
884 1689 904 1723 ι
932 1673 1042 1725 Καὶ
1065 1669 1244 1737 αὖθις·
1286 1689 1306 1726 ι
1347 1674 1409 1727 Ὅ
1435 1673 1648 1728 ἀκούων
1687 1676 1850 1746 ὑμᾶς,

1953 482 2115 537 rae“.
2155 500 2175 535 ι
2210 481 2470 538 Salomon
2508 486 2638 540 item
2679 503 2693 540 :
2736 504 2754 536 ι
2789 484 2964 539 Filius
3014 483 3094 537 l‘ui
3141 491 3195 537 et
3239 495 3340 552 ego
3391 484 3532 552 patri

1952 578 2242 647 obediens,
2285 585 2342 633 et
2394 578 2632 633 dilectus
2672 577 2729 631 in
2781 583 3084 644 conspectu
3113 575 3314 638 matris
3342 588 3475 627 mea:
3511 592 3522 626 :

1952 670 2049 739 qui
2081 670 2356 726 docebant
2387 685 2474 724 me
2503 669 2753 724 dicentes
2781 684 2794 720 :
2821 665 3196 721 Contlrmetur
3225 678 3407 718 sermo
3437 679 3535 716 no-

1954 770 2071 818 ster
2105 764 2164 818 in
2197 763 2365 818 corde
2393 771 2488 817 tuo
2505 762 2568 814 ⁸⁸.
2613 781 2632 814 ι
2667 761 2827 814 Alius
2858 759 3126 828 insuper:
3167 777 3185 809 ι
3219 756 3322 824 Qui
3354 767 3537 812 casto.

1954 852 2035 907 dit
2066 853 2404 916 mandatum,
2427 859 2717 906 conservat
2740 849 2975 904 animam
3001 863 3190 912 suam;
3213 847 3310 916 qui
3347 856 3532 901 autem

1954 941 2184 1012 negligit
2226 941 2342 996 vias
2387 951 2536 1004 Suas,
2563 939 2834 994 morietur
2870 937 2934 991 ⁸⁸.
2974 956 2992 989 ι
3030 937 3245 991 Rursus
3280 953 3294 990 :
3343 955 3360 986 ι
3401 935 3538 991 Bea-

1956 1039 2044 1086 tus
2068 1032 2154 1086 vir
2173 1032 2267 1102 qui
2297 1032 2454 1086 timet
2482 1030 2663 1085 omnia
2689 1045 2788 1099 per
2815 1027 3370 1096 circumspectionem
3399 1043 3414 1090 ;
3443 1026 3537 1094 qui

1954 1126 2101 1179 enim
2160 1125 2404 1181 custodit
2456 1125 2802 1188 mandatum,
2844 1139 2957 1178 non
3002 1122 3206 1176 sentiet
3236 1120 3536 1190 quidquam

1955 1221 2084 1276 mali
2123 1223 2188 1275 ⁶’.
2231 1240 2249 1272 ι
2309 1221 2548 1276 Proinde
2578 1221 2774 1275 Petrus
2829 1235 2929 1290 per
2985 1216 3291 1286 Epistolam
3349 1214 3534 1270 dicit:

1962 1333 1982 1366 ι
2047 1312 2297 1385 Subjecti
2370 1313 2542 1384 igitur
2597 1320 2772 1368 estote
2845 1310 2991 1365 omni
3072 1308 3326 1363 humanae
3381 1323 3537 1361 crea-

1955 1416 2092 1461 tura:
2147 1415 2373 1476 propter
2443 1406 2735 1460 Dominum
2797 1403 2865 1456 °".
2945 1420 2963 1453 ι
3014 1401 3082 1456 Ει
3139 1418 3156 1453 :
3227 1419 3245 1451 ‹
3327 1397 3537 1452 Famuli

1957 1497 2193 1570 subjecti
2252 1498 2308 1552 in
2357 1497 2506 1552 omni
2565 1497 2709 1560 loco,
2737 1492 2980 1550 dominis
3020 1507 3129 1547 non
3165 1490 3341 1545 solum
3378 1487 3542 1544 bonis

1956 1596 2013 1645 et
2041 1577 2328 1654 modestis,
2361 1588 2458 1644 sed
2517 1589 2686 1643 etiam
2739 1585 2978 1658 dyscolis
3006 1585 3070 1637 ⁶⁹.
3109 1602 3126 1634 ›
3179 1581 3426 1636 Similem
3484 1580 3540 1633 in

1957 1678 2185 1734 modum
2211 1679 2414 1733 Paulus
2450 1694 2462 1731 :
2504 1695 2522 1729 ι
2557 1676 2701 1739 Filii,
2735 1673 2953 1729 obedite
2978 1669 3400 1741 parentibus‘m
3415 1665 3481 1721 Et
3524 1685 3539 1720 :

275 1759 415 1828 ἐμοῦ
440 1761 649 1816 ἀκούει.
681 1782 700 1815 ι
724 1762 746 1834 ]
773 1764 931 1835 Λύτῷ
951 1766 982 1834 ἡ
1006 1761 1134 1828 δόξα
1159 1767 1239 1827 εἰς
1262 1766 1388 1828 τοὺς
1408 1767 1633 1829 αἰῶνας.
1661 1769 1716 1820 ’Δ
1730 1770 1858 1840 μήν.

1971 1787 1988 1821 ι
2031 1769 2212 1836 Servi,
2255 1769 2476 1825 obedite
2535 1766 2853 1822 carnalibUS
2899 1763 3142 1818 dominis
3180 1759 3400 1821 vestris,
3430 1771 3542 1811 non

279 1850 348 1906 ad
371 1853 592 1908 oculum
615 1855 940 1920 servientes,
975 1856 1132 1925 quasi
1163 1856 1446 1925 placentes
1477 1856 1817 1926 hominibus,
1842 1858 2050 1929 1091
2075 1860 2170 1915 sed
2203 1861 2257 1915 in
2289 1861 2486 1915 timore
2515 1859 2613 1915 Dei
2640 1860 2737 1912 τι.»
2769 1856 2890 1912 ΑΙίο
2913 1856 3046 1911 item
3077 1854 3198 1908 loco
3228 1871 3240 1906 :
3275 1871 3291 1903 ι
3317 1850 3544 1919 Propter

281 1945 389 1998 hoc
434 1944 634 2016 scripsi
675 1947 856 2012 vobis,
888 1957 950 2003 ut
979 1947 1301 2018 intelligatis
1358 1949 1746 2017 probationem
1815 1960 2078 2016 vestram,
2104 1952 2150 2007 si
2183 1947 2240 2006 in
2279 1953 2539 2008 omnibus
2593 1951 2918 2007 obedientcs
2945 1949 3080 2005 estis
3111 1947 3178 2000 ".
3219 1965 3237 1998 ι
3274 1942 3486 1998 Rursus
3525 1959 3538 1993 :

285 2055 305 2086 ο
342 2037 536 2092 Vestra
586 2040 734 2095 enim
775 2041 1091 2095 obedientia
1156 2041 1223 2095 ad
1268 2056 1462 2096 omnes
1513 2045 1767 2112 pervenit
1814 2044 1884 2099 ".
1947 2061 1966 2098 ι
2017 2047 2087 2102 Ει
2117 2047 2186 2102 de
2211 2045 2443 2102 Domino
2488 2065 2501 2101 :
2545 2065 2563 2098 ι
2612 2046 2682 2100 Ει
2720 2045 2944 2116 quidem
2973 2058 3098 2099 cum
3139 2049 3285 2096 esset
3349 2038 3542 2098 Filius,

279 2129 482 2186 didicit
523 2147 591 2188 ex
643 2135 712 2190 iis
775 2151 899 2205 qua:
932 2152 1126 2206 passus
1159 2145 1264 2200 est,
1296 2135 1696 2203 obedientiam,
1753 2145 1810 2193 et
1860 2147 2278 2196 consummatus
2347 2139 2524 2196 factus
2575 2148 2660 2195 est
2723 2139 2982 2194 omnibus
3037 2131 3541 2204 obtemperantibus

283 2223 414 2289 sibi,
455 2241 620 2281 causa
665 2228 859 2282 salutis
890 2237 1111 2283 atteram
1147 2229 1216 2282 ".
1261 2247 1278 2280 ι
1325 2228 1591 2284 Dominus
1641 2230 1882 2300 denique
1921 2233 1994 2287 ait
2027 2250 2040 2286 :
2079 2253 2098 2285 ‹
2143 2233 2412 2288 Descendi
2437 2233 2505 2288 de
2528 2233 2690 2296 caelo,
2725 2248 2838 2287 non
2878 2239 2938 2287 ut
2976 2231 3170 2286 faciam
3206 2229 3550 2282 voluntatem-

287 2335 487 2385 meam,
510 2321 608 2378 sed
635 2321 970 2378 voluntatem
989 2323 1129 2394 ejus,
1152 2321 1249 2392 qui
1267 2321 1416 2378 misit
1436 2337 1544 2389 me,
1570 2321 1747 2379 Patris
1779 2324 1822 2357 ⁷⁸
1868 2343 1880 2378 :
1909 2344 1928 2378 ι
1975 2325 2061 2380 cui
2097 2331 2154 2381 et
2197 2326 2370 2397 gloria
2418 2334 2475 2382 et
2509 2323 2803 2396 imperium
2841 2325 2896 2379 in
2953 2322 3151 2379 saecula
3197 2319 3542 2376 saeculorum.

293 2411 495 2466 Amen.

905 2527 1125 2582 ΛΟΓΟΣ
1151 2529 1240 2584 Μ’.

785 2639 924 2708 Περὶ
939 2642 1372 2710 συκοφαντίας.

369 2752 551 2806 Δεινδν
591 2753 652 2805 τὸ
689 2754 789 2823 τῆς
819 2756 1188 2826 συκοφαντίας
1219 2756 1414 2820 πάθος,
1460 2755 1662 2825 μᾶλλον
1692 2757 1748 2812 δὲ
1777 2760 1872 2812 καὶ

294 2843 624 2908 διαδολικδν,
653 2846 794 2899 κατά
826 2846 887 2898 τὸ
928 2847 1058 2918 περὶ
1086 2846 1252 2900 αὑτοῦ
1283 2850 1342 2901 ὲν
1371 2849 1622 2918 Ψαλμοῖς
1644 2851 1872 2921 είρημέ-

299 2953 390 2988 νον
412 2952 429 2968 ο
463 2934 828 2991 Ταπεινώσει
864 2938 1282 3007 συκοφάντην.
1310 2936 1602 2995 ’Δσπονδοι
1639 2941 1749 3012 γάρ
1781 2940 1872 2995 όν-

297 3043 392 3088 τες
440 3027 536 3079 καὶ
582 3027 892 3096 θεοστυγεῖς
934 3029 983 3082 οί
1031 3031 1411 3099 συκοφάνται,
1459 3033 1742 3096 κοινωνοὶ,
1778 3031 1872 3086 καὶ

2540 2529 2822 2587 HOMILIA
2863 2529 2976 2584 XL.

2558 2644 2638 2699 De
2678 2642 2972 2698 calumnia.

2043 2760 2304 2814 Pervicax
2337 2767 2394 2813 et
2421 2759 2681 2829 perplexa
2710 2765 2795 2812 est
2826 2754 3043 2810 atlectio
3077 2752 3193 2807 haec
3221 2748 3546 2813 calumniae;

1970 2851 2158 2906 verius
2185 2850 2416 2906 dixerim
2446 2863 2568 2906 esse
2597 2848 2948 2909 diabolicam,
2985 2843 3291 2900 secundum
3324 2842 3378 2897 id
3400 2843 3548 2911 quod

1974 2941 2043 2996 de
2066 2957 2130 2998 ea
2160 2942 2214 2996 in
2249 2941 2476 2996 Psalmis
2498 2940 2708 2995 dictum
2737 2948 2823 2994 est
2857 2956 2868 2992 :
2903 2935 3219 2992 Humiliabit
3245 2932 3548 2987 calumnia-

1975 3040 2143 3087 torem
2169 3035 2235 3087 ⁷⁸.
2293 3031 2454 3088 Tales
2513 3031 2720 3085 nemini
2789 3027 3175 3089 conciliantur,
3229 3023 3380 3078 intidi
3422 3037 3560 3078 cunt

302 3116 659 3186 συμμέτοχοι,
691 3118 785 3171 καὶ
817 3117 1250 3188 συγκληρονόμοι
1271 3119 1513 3186 γίνονται
1537 3121 1649 3184 τοῖς
1667 3119 1865 3191 προδώ·

1977 3125 2108 3188 sint,
2136 3133 2192 3179 et
2218 3140 2317 3194 per
2347 3124 2473 3189 hoc,
2503 3124 2612 3178 Deo
2636 3116 2795 3176 invisi
2822 3119 3077 3175 maxime.
3109 3117 3332 3171 Illorum
3355 3129 3551 3170 accen-

295 3221 463 3258 κασιν
487 3205 580 3258 καὶ
605 3205 984 3275 σταυρώσασιν
1007 3204 1104 3275 τὴν
1134 3203 1392 3275 ἀλήθειαν
1411 3223 1424 3236 ·
1455 3205 1756 3270 τουτέστιν,
1785 3206 1878 3259 τὸν

304 3295 510 3367 Κύριον
556 3297 712 3366 ἡμῶν
760 3296 971 3368 Ἰησοῦν
1009 3296 1267 3367 Χριστόν.
1308 3315 1326 3349 ι
1377 3295 1518 3364 Ἐγὼ
1567 3296 1676 3368 γάρ
1723 3297 1874 3366 είμι,

304 3388 490 3457 φησιν,
525 3389 558 3457 ἠ
583 3387 810 3456 ἀλήθεια
836 3427 852 3453 ,
880 3386 976 3442 καὶ
1006 3387 1039 3458 ἡ
1067 3387 1204 3456 ζωή.
1239 3403 1260 3439 ι
1299 3386 1749 3457 Παρακελεύτται
1785 3383 1880 3442 οὖν

302 3480 332 3530 ὁ
360 3478 523 3548 νόμος
551 3478 744 3546 λέγων,
775 3479 888 3532 Οὐκ
920 3477 1152 3548 ἐμμένει
1187 3477 1400 3549 μάρτυς
1431 3472 1512 3539 εἷς
1535 3476 1678 3530 κατά
1699 3479 1882 3532 πᾶσαν

305 3569 521 3624 ἀδικίαν
543 3572 638 3625 καὶ
670 3572 948 3642 ἁμαρτίαν
978 3571 1046 3643 ἢν
1069 3572 1341 3642 ἥμαρτεν.
1372 3588 1390 3622 ι
1432 3570 1559 3624 Ἐπὶ
1590 3570 1880 3640 στόματος,

308 3662 476 3731 φησὶν
499 3701 514 3725 ,
552 3660 646 3716 δύο
675 3661 709 3733 ἦ
737 3661 905 3731 τριῶν
949 3660 1248 3732 μαρτύρων
1281 3660 1611 3732 σταθήσεται
1649 3662 1756 3714 πᾶν
1789 3661 1884 3731 ρἧ

313 3769 410 3822 μα.
450 3769 472 3803 ι
519 3752 576 3806 ’0
621 3753 677 3806 δὲ
723 3752 896 3807 Σαοὺλ
938 3752 1466 3823 παρακρουσάμενος
1511 3751 1612 3820 τὴν
1663 3751 1884 3824 ἐντολὴν

309 3843 537 3914 ταύτην,
557 3845 684 3908 τοὺς
703 3845 1052 3915 τριακοσίους
1075 3847 1242 3915 ἱερεῖς
1259 3845 1356 3898 τοῦ
1387 3846 1595 3916 Κυρίου
1627 3846 1888 3902 ἀπέκτει-

311 3951 404 3987 νεν
435 3934 524 3987 διὰ
566 3934 665 4001 τῆς
714 3936 1028 4006 μαρτυρίας
1059 3935 1178 4000 ἑνὸς
1226 3936 1565 4005 συκοφάντου
1591 3937 1751 4009 Δωὴκ
1782 3937 1880 3993 τοῦ

315 4025 510 4096 Σύρου.
552 4026 668 4081 Kal
701 4022 878 4090 αὖθις·
917 4045 936 4078 ι
963 4027 1038 4080 Οὐ
1091 4027 1494 4097 συκοφαντήσει
1529 4029 1764 4093 ἕκαστος
1796 4029 1889 4084 τδν

261 4125 272 4134 ‘
315 4115 544 4186 πλησίον
563 4115 752 4172 αὑτοῦ.
785 4135 803 4168 ι
831 4117 984 4171 Καὶὸ
1003 4118 1437 4189 Παροιμιαστής·
1473 4136 1493 4170 ι
1540 4119 1600 4172 '0
1624 4135 1891 4189 συκοφανο

1979 3211 2135 3264 sendi
2163 3219 2292 3266 sunt
2323 3212 2624 3272 consortio,
2650 3207 2964 3280 participio,
3005 3222 3106 3262 nec
3126 3205 3332 3274 dispari
3373 3205 3552 3259 haere—

1981 3297 2170 3363 ditati,
2211 3298 2305 3367 qui
2343 3299 2632 3354 veritatem
2673 3298 2847 3366 ipsam
2883 3293 3248 3366 perﬁdissime
3286 3292 3550 3362 prodide-

1981 3395 2132 3449 runt,
2169 3386 2407 3456 denique
2432 3387 2582 3442 cruci
2613 3386 2902 3441 allixerunt
2924 3425 2938 3450 ,
2983 3383 3087 3438 hoc
3112 3391 3216 3447 est,
3257 3381 3562 3435 Dominum.

1981 3476 2455 3532 nostrum-Iesum
2475 3476 2781 3536 Christum.
2810 3477 2932 3546 Ipse
2959 3476 3108 3531 enim
3155 3473 3295 3528 dixit
3329 3489 3343 3527 :
3382 3491 3401 3523 ι
3441 3472 3556 3542 Ego

1984 3583 2106 3623 sum
2143 3568 2350 3623 veritas
2373 3580 2430 3624 et
2461 3569 2574 3624 vita
2595 3571 2662 3623 ".
2699 3587 2717 3618 ι
2751 3569 2921 3624 Cavet
2947 3569 3095 3623 enim
3116 3567 3204 3622 lex
3227 3581 3297 3620 ne
3331 3579 3473 3620 unus
3499 3573 3556 3619 et

1982 3660 2135 3715 solus
2159 3660 2425 3716 consistat
2449 3661 2626 3725 testis,
2653 3661 2718 3715 ad
2745 3660 3149 3730 perhibendum
3178 3649 3572 3714 testimbnium.

1985 3752 2252 3808 adversus
2284 3762 2576 3823 peccatum
2615 3763 2778 3807 omne
2825 3765 2938 3821 quo
2969 3751 3096 3820 quis
3120 3749 3390 3819 peccavit.
3436 3764 3457 3799 ι
3497 3748 3570 3802 1η.

1985 3859 2108 3911 ore,
2149 3845 2252 3910 ait,
2293 3845 2529 3900 duorum
2577 3853 2674 3899 aut
2725 3843 2894 3898 trium
2941 3841 3164 3896 testium
3206 3841 3374 3895 stabit
3396 3854 3560 3894 omne

1985 3935 2222 3990 verbum
2250 3919 2319 3990 πῖ
2382 3954 2400 3988 ι
2441 3934 2549 3990 Sed
2584 3942 2641 3989 et
2692 3931 2846 3998 Saul,
2895 3939 3232 4002 praeceptum
3278 3931 3387 3984 hoc
3433 3943 3560 3982 cum

1985 4025 2160 4080 veluti
2193 4025 2414 4096 obiecto
2435 4025 2627 4080 cubito
2664 4038 2694 4078 a
2720 4037 2778 4078 se
2800 4022 2996 4078 luisset
3023 4021 3282 4075 amolitus
3306 4035 3371 4074 ac
3398 4033 3563 4084 repu-

1988 4113 2215 4180 diasset,
2246 4115 2316 4169 ad
2361 4114 2528 4170 unius
2566 4112 2917 4185 sycophanta
2945 4111 3095 4180 Doe’g
3144 4108 3270 4180 Syri
3311 4108 3562 4162 testimo-

313 4207 423 4262 τῶν
449 4208 678 4278 πένητα,
721 4207 1012 4280 παροξύνει
1036 4209 1128 4262 τὸν
1159 4211 1466 4281 ποιήσαντα
1493 4210 1680 4265 αὐτόν.
1727 4225 1746 4262 ι
1776 4209 1865 4266 Ka

1988 4207 2167 4272 nium,
2215 4215 2527 4264 tercentum
2575 4204 2894 4261 sacerdotes
2940 4201 3156 4257 Domini
3207 4199 3443 4270 peremit
3493 4201 3560 4252 τ’.

316 4299 547 4369 ἐπάγει·
607 4318 626 4352 ι
695 4300 835 4367 Δόξα
883 4301 1043 4373 ἀνδρὶ
1097 4302 1538 4374 ἀποστρέφεσθαι
1597 4303 1865 4374 λοιδορίας

1991 4299 2205 4354 Rursus
2253 4298 2434 4353 edicto
2473 4305 2649 4362 cavet,
2695 4311 2767 4351 ne
2813 4295 2940 4366 quis
2988 4295 3239 4365 proximo
3279 4309 3380 4349 suo
3407 4291 3572 4348 faciat-

317 4393 433 4455 Πᾶς
454 4392 510 4446 δὲ
538 4392 724 4462 ἀφρων
749 4392 961 4457 τούτοις
991 4395 1463 4466 συμπλακήσεται.
1494 4413 1513 4445 ι
1534 4394 1592 4448 '0
1620 4394 1679 4448 δὲ
1703 4397 1865 4450 Δαυτδ

1993 4391 2346 4447 calumniam.
2383 4389 2770 4445 Paraemiastes
2793 4388 2926 4442 item
2957 4404 2972 4441 :
3005 4405 3024 4438 ι
3064 4386 3168 4453 Qui
3197 4385 3566 4441 calumniatur

324 4503 344 4534 ι
397 4453 557 4553 Ἐμοὶ
587 4453 688 4554 μὲν
717 4453 969 4556 είρηνικά
995 4453 1242 4547 ἐλάλουν.
1271 4453 1364 4539 καὶ
1394 4487 1482 4538 ἐπ’
1506 4485 1676 4556 ὀργὴν
1705 4486 1865 4539 δόλους

1994 4497 2319 4553 pauperem,
2369 4479 2671 4536 exacerbat
2699 4493 2828 4534 eum
2856 4479 2953 4549 qui
2981 4476 3110 4532 fecit
3130 4477 3284 4532 illum
3317 4475 3388 4528 ⁸ο.
3430 4493 3448 4527 ι
3481 4475 3570 4530 ιιι-

318 4577 699 4646 διελογίζοντο.
747 4596 767 4630 ι
823 4579 933 4631 Kal
980 4577 1142 4640 αὐτὸς
1197 4577 1494 4648 ἐπεύχεται
1547 4577 1865 4648 λυτρωθῆνα

1992 4573 2146 4629 ducit
2179 4589 2193 4626 :
2237 4591 2255 4624 ι
2285 4572 2473 4628 Gloria
2505 4580 2591 4627 est
2623 4571 2746 4626 viro
2767 4570 2862 4640 qui
2897 4569 3099 4624 avertit
3121 4583 3181 4623 se
3209 4583 3240 4622 a
3269 4567 3559 4630 conviciis,

320 4669 433 4723 άπὸ
463 4668 830 4739 συκοφαντίας
857 4668 1162 4740 ἀνθρώπων
1183 4685 1199 4703 ο
1226 4669 1320 4723 καὶ
1362 4669 1762 4738 ἐπαγγέλλεται
1792 4685 1864 4736 φυ

1993 4664 2090 4733 qui
2135 4671 2321 4719 autem
2369 4663 2693 4732 imprudens
2735 4669 2822 4717 est
2872 4659 3278 4714 immiscebitur
3315 4658 3402 4714 his
3439 4659 3506 4712 ".
3544 4679 3562 4710 ι

322 4761 548 4816 λάσσειν
585 4760 686 4824 τὰς
713 4760 932 4822 ἐντολὰς
965 4759 1155 4814 αὐτοῦ.
1187 4760 1300 4813 Kal
1328 4757 1486 4823 αὖθις
1509 4775 1523 4789 ·
1555 4778 1576 4810 ε
1611 4757 1865 4811 Σκέπασό

1994 4755 2166 4811 David
2196 4772 2210 4810 :
2253 4773 2271 4806 ι
2305 4754 2437 4809 Mihi
2468 4753 2692 4824 quidem
2719 4752 2947 4823 pacifice
2979 4751 3347 4821 loquebantur
3373 4791 3387 4816 ,
3428 4758 3485 4806 et
3513 4751 3571 4806 in

326 4867 398 4922 με
444 4850 552 4903 ἀπὸ
594 4849 960 4918 συκοφαντίας
981 4848 1314 4920 ἀνθρώπων,
1347 4849 1444 4902 καὶ
1473 4849 1781 4918 συστροφῆς
1802 4865 1865 4902 πο

1997 4847 2287 4903 iracundia
2317 4847 2475 4902 dolos
2499 4845 2817 4926 cogitabant
2843 4846 2912 4899 ".
2953 4863 2972 4897 ι
3006 4844 3155 4899 Idem
3189 4843 3418 4913 supplex
3449 4852 3573 4898 orat

325 4938 730 5010 νηρευομένων,
779 4939 835 4993 οῖ
876 4956 1022 5004 τινες
1065 4938 1341 5008 ἠκόνησαν
1381 4938 1458 5002 ὡς
1483 4938 1774 5010 ’ῥομφαίαν
1802 4937 1865 4991 τά

2000 4939 2164 4994 eximi
2185 4939 2302 4993 sive
2325 4937 2526 4992 redimi
2547 4951 2577 4991 a
2601 4937 2892 4993 calumniis
2916 4937 3226 5002 hominum,
3253 4942 3420 5004 atque
3443 4935 3574 4991 hinc

221 5021 236 5028 “
324 5030 578 5097 γλώσσας
620 5027 822 5083 αὐτῶν.
861 5049 881 5082 ›
917 5029 1026 5083 Kal
1069 5029 1286 5097 ἐπάγει·
1319 5047 1338 5080 ι
1375 5028 1660 5098 Μακάριος
1685 5027 1825 5100 ἀνὴρ
1859 5045 1865 5077 ι

2000 5028 2275 5098 promisso
2318 5027 2618 5098 obstringit
2639 5041 2698 5082 se
2729 5028 2797 5082 ad
2828 5028 3136 5083 custodiam
3190 5027 3575 5083 mandatorum

323 5123 390 5175 ού
422 5123 498 5192 μὴ
524 5121 809 5190 λογίσηται
839 5122 1042 5190 Κύριος
1066 5121 1345 5190 ἁμαρτίαν
1367 5159 1383 5184 ,
1415 5119 1537 5174 ούδέ
1560 5123 1707 5174 ἐστιν
1737 5123 1796 5172 ὲν
1823 5125 1865 5172 τι

2001 5119 2122 5174 Dei.
2147 5120 2388 5174 Rursum
2421 5135 2435 5172 :
2469 5136 2488 5171 ι
2516 5119 2749 5190 Protege
2774 5135 2863 5175 me
2887 5135 2918 5174 a
2947 5128 3226 5175 conventu
3265 5118 3573 5188 malignanv

329 5212 557 5281 στόματι
605 5211 771 5266 αὐτοῦ
803 5212 972 5276 δόλος.
1011 5231 1030 5266 ι
1081 5213 1192 5266 Kal
1223 5212 1416 5275 ἄλλος’
1461 5231 1481 5264 ι
1533 5212 1592 5265 '0
1627 5228 1865 5278 συκοφαν

1977 5211 2137 5266 tium
2169 5251 2185 5276 ,
2218 5229 2237 5261 ι
2274 5211 2370 5280 qui
2400 5210 2626 5280 quidem
2664 5229 2683 5262 ι
2717 5219 3059 5267 exacuerunt
3103 5221 3165 5266 ut
3195 5210 3436 5281 gladium
3469 5210 3576 5264 lin-

327 5302 438 5358 τῶν
467 5303 684 5375 πτωχὸν
710 5344 725 5370 ,
754 5304 924 5358 πολλά
951 5307 1095 5357 ποιεῖ
1117 5305 1186 5356 τά
1230 5303 1424 5358 ἑαυτοῦ
1464 5303 1629 5358 κακά.
1675 5322 1694 5356 ›
1732 5303 1842 5358 Kal

1997 5318 2132 5374 guas
2160 5317 2287 5358 suas
2309 5303 2377 5358 ⁸³.
2413 5321 2432 5354 ι
2466 5301 2722 5359 lnducit:
2757 5319 2777 5354 ι
2807 5302 3008 5358 Beatus
3032 5300 3116 5356 vir
3142 5302 3229 5356 cui
3252 5315 3360 5355 non
3395 5300 3575 5370 impu-

403 5457 450 5488 “
476 5457 581 5513 lsa.
614 5473 760 5518 Lvm,
790 5455 876 5522 15,
913 5454 1000 5510 11.
1058 5455 1116 5528 _"
1145 5457 1476 5528 prOY.tV,5,
1497 5457 1786 5528 6.’{Prov.
1816 5473 1865 5510 Il

1968 5457 2054 5512 16.
2102 5457 2174 5528 7‘]
2211 5455 2394 5511 Ecclc.
2421 5456 2629 5528 vut,_5.
2702 5455 2976 5528 ffl‘P‘etr.
3022 5470 3087 5528 lt,
3129 5455 3214 5528 15.
3291 5453 3381 5528 "il
3409 5454 3556 5528 Petr.

334 5542 394 5588 tl,
431 5527 517 5587 18.
592 5527 639 5558 "
674 5528 876 5596 Ephes.
923 5543 996 5591 vl,
1049 5526 1100 5580 1.
1175 5524 1472 5596 “Vibid.5.'
1529 5527 1641 5580 "ll
1678 5526 1804 5581 Cor.
1836 5544 1865 5580 ιι

1977 5567 1990 5580 .
2067 5527 2114 5558 ⁷⁸
2148 5527 2308 5581 Rom.
2359 5543 2476 5585 xw.
2512 5526 2596 5579 19.
2701 5525 2747 5557 ⁷³
2780 5525 2945 5580 Hebr.
2979 5542 3030 5590 v,
3062 5524 3094 5576 8
3121 5567 3134 5588 ,
3175 5527 3228 5580 9.
3341 5527 3384 5556 ⁷⁵
3410 5524 3571 5596 Joan.

333 5612 412 5657 vr.
439 5597 528 5653 58.
606 5597 651 5629 "
685 5594 830 5652 Psal.
862 5613 1003 5661 mu,
1031 5598 1084 5650 4.
1198 5595 1241 5626 ⁷’
1282 5596 1439 5652 Joan.
1466 5613 1576 5658 xw,
1602 5597 1653 5650 6.
1765 5596 1810 5626 ⁷⁸
1861 5595 1865 5642 l

1977 5605 2014 5650 ι.
2037 5611 2146 5664 nx,
2173 5597 2255 5655 15.
2401 5599 2445 5629 ’³
2476 5599 2494 5653 l
2528 5597 2662 5664 Reg.
2704 5611 2833 5663 χχιι,
2864 5596 2944 5650 18.
3057 5596 3100 5626 ⁸ο
3134 5596 3288 5650 Prov.
3323 5611 3448 5663 xm,
3489 5595 3570 5651 ιθ.

2401 5599 2445 5629 ’³
2476 5599 2494 5653 l
2528 5597 2662 5667 Reg.
2704 5611 2833 5663 χχιι,
2864 5596 2944 5650 18.

337 5667 378 5696 "
417 5667 580 5723 Prov.
624 5682 712 5732 xx,
735 5667 788 5721 3.
865 5669 909 5700 ⁸²
941 5667 1081 5722 Psal.
1107 5681 1286 5730 xulv,
1315 5666 1404 5720 ‘20.
1493 5667 1539 5699 ³³
1569 5667 1709 5723 Psal.
1741 5682 1886 5730 um,
1916 5665 1970 5730 5,
2001 5667 2053 5720 1.
