4030 6296
567 252 702 316 1559

1796 264 2160 327 ANTIOCHI
2200 269 2544 332 MONACHI

3699 261 3842 327 Ῑῦω

563 373 699 426 tabit
735 367 1000 424 Dominus
1029 381 1337 442 peccatum,
1375 388 1552 442 neque
1577 383 1661 428 est
1688 360 1741 429 in
1770 392 1868 431 ore
1891 379 2012 448 ejus
2045 379 2129 434 dot

2246 384 2656 454 Παροιμιαστής
2680 401 2868 454 φησιν·
2904 401 2924 434 ι
2979 382 3248 452 ’Δνδρεϊος
3278 381 3338 434 ἐν
3374 377 3633 441 ἀσεϐεία,
3671 396 3841 431 συκο-

557 463 644 514 ιυε
668 459 734 512 οι.
781 480 800 512 ι
844 459 1000 512 Alius
1036 477 1050 515 :
1083 480 1101 512 ι
1131 460 1234 526 Qui
1269 462 1601 517 calumniam
1650 468 1853 521 astruit
1877 471 2131 539 pauperi.

558 558 817 619 aggravat
848 565 947 604 sua
981 551 1155 619 ipsius
1176 562 1419 622 peccata.
1461 573 1479 605 ι
1508 555 1897 614 Parcemiastes
1929 577 1943 612 :
1980 579 1998 610 ε
2029 559 2132 626 Qui

558 641 626 694 ad
660 641 998 710 impietatem
1023 642 1184 697 fortis
1212 652 1316 708 est,
1341 645 1711 702 calumniatur
1742 665 2014 720 pauperes
2029 653 2127 707 ".i

559 730 763 786 lterum
801 749 814 783 :
847 750 864 782 ι
913 731 1024 786 Leo
1057 733 1346 801 esuriens,
1377 745 1434 790 et
1472 738 1635 807 lupus
1663 739 1858 794 sitiens
1875 741 1941 805 ",
1985 760 2004 792 ι
2036 743 2133 811 qtti

557 835 684 873 cum
718 819 774 873 fit
797 835 1027 889 pauper,
1055 823 1340 892 tyrannide
1369 831 1572 895 premit
1591 837 1806 899 gentem
1828 846 2136 900 paupercu-

558 910 757 965 lorum.
794 911 1004 981 1092
1054 913 1167 966 Et:
1205 933 1224 965 ς
1283 916 1398 970 Rex
1446 920 1698 990 indigens
1745 933 2130 991 proventuum,

558 1017 788 1072 magnus
811 1012 894 1058 est
924 1003 1314 1060 calumniator.
1361 1027 1380 1058 ι
1419 1009 1523 1063 Ει;
1565 1030 1584 1061 ι
1619 1010 1723 1077 Qui
1753 1011 1890 1067 fodit
1919 1013 2133 1068 foveam

557 1094 830 1162 proximo,
870 1096 1078 1151 incidet
1104 1097 1158 1150 in
1185 1113 1307 1152 eam
1332 1099 1400 1156 ⁸⁷.
1441 1120 1459 1151 ι
1495 1101 1856 1158 Ecclesiastes
1895 1121 1906 1157 :
1936 1122 1954 1154 (
1988 1103 2135 1159 Con-

557 1184 697 1239 verti
759 1200 862 1255 ego
913 1200 1022 1252 me,
1081 1196 1138 1240 et
1192 1188 1308 1242 vidi
1345 1191 1634 1247 universas
1664 1193 1968 1248 calumnias
2011 1211 2134 1264 qute

557 1275 694 1330 fiunt
741 1277 844 1333 sub
883 1281 1020 1344 sole,
1067 1289 1123 1335 et
1147 1296 1278 1336 ecce
1305 1283 1559 1354 lacrymze
1581 1301 1774 1340 eorum
1810 1289 1902 1357 qui
1942 1290 2132 1357 oppri-

555 1376 785 1422 muntur
836 1371 1168 1438 calumniis,
1226 1382 1283 1428 et
1354 1391 1462 1429 non
1517 1384 1602 1431 est
1664 1378 1761 1447 qui
1817 1380 2134 1434 consoletur

553 1476 653 1514 eos
674 1458 741 1513 ⁸⁸.
775 1480 793 1512 ι
822 1461 1070 1516 Rursus:
1097 1483 1113 1514 ι
1145 1463 1483 1536 Circumagit
1504 1482 1567 1521 ac
1590 1469 1884 1537 perturbat
1913 1470 2130 1540 sapien-

556 1561 687 1613 tem,
731 1560 786 1605 et
819 1553 1004 1621 perdit
1054 1556 1485 1624 generositatem
1526 1559 1647 1628 ejus
1693 1560 1760 1613 θ’.
1797 1577 1816 1611 ι
1865 1560 2133 1616 Dominus

552 1649 737 1696 autem
781 1661 798 1693 ι
837 1643 1026 1698 Salvos
1052 1644 1217 1700 faciet
1245 1645 1388 1702 filios
1414 1663 1742 1717 pauperum,
1777 1659 1836 1704 et
1868 1651 2130 1705 humilia-

2233 475 2427 542 φαντεῐ
2456 473 2727 544 πτωχούς.
2782 493 2800 526 ι
2840 475 2951 527 Kal
2983 473 3145 527 πάλιν
3168 489 3180 502 ·
3221 491 3240 523 ι
3273 472 3429 524 Λέων
3460 469 3706 532 πεινῶν,
3740 470 3839 524 καὶ

2232 564 2394 628 λύκος
2419 565 2610 634 διψῶν,
2645 585 2664 618 ι
2702 565 2760 629 ὃς
2792 568 3065 637 τυραννεῖ,
3095 563 3310 633 πτωχὸς
3335 562 3448 629 ῶν,
3484 561 3654 623 ἔθνος
3683 578 3835 613 πενι-

2236 657 2390 727 χρόν.
2424 657 2555 711 Καί*
2575 676 2593 709 ι
2618 657 2883 721 Βασιλεὺς
2905 657 3087 727 ἐνδεὴς
3119 655 3421 724 προσόδων,
3455 652 3645 722 μέγας
3676 668 3836 703 συκο-

2233 749 2461 819 φάντης.
2525 768 2544 800 ι
2581 749 2712 801 Καί⁶
2744 768 2762 801 ι
2806 748 2866 801 '0
2906 747 3157 818 ὀρύσσων
3212 745 3405 814 βόθρον
3451 742 3536 813 τῷ
3585 742 3833 812 πλησξφ,

2231 840 2553 909 ἐμπεσεῖται
2582 841 2661 903 είς
2680 839 2864 893 αὐτόν.
2891 857 2908 890 ι
2927 839 3036 892 Kal
3061 840 3090 891 ό
3129 836 3574 906 Ἐκκλησιαστής
3596 851 3613 862 ·
3644 853 3666 884 ι
3708 835 3834 886 Ἐπ-

2234 929 2474 1000 έστρεψα
2518 929 2649 998 ἐγὼ,
2689 929 2785 982 καὶ
2823 931 2932 982 ίδον
2967 929 3147 992 πάσας
3180 927 3280 990 τὰς
3321 925 3710 994 συκοφαντίας
3733 924 3832 986 τὰς

2231 1022 2533 1090 γενομένας
2567 1021 2670 1074 ὑπὸ
2708 1021 2800 1074 τὸν
2825 1021 2976 1091 ἥλιον
2999 1038 3012 1050 ·
3059 1021 3155 1074 καὶ
3187 1021 3296 1074 ἰδοὺ
3327 1019 3551 1088 δάκρυα
3578 1016 3704 1068 τῶν
3737 1033 3832 1068 συ-

2231 1113 2720 1181 κοφαντουμένωνο
2754 1114 2850 1166 καὶ⁵
2903 1113 3008 1166 οὐκ
3055 1112 3206 1166 ἔστιν
3248 1111 3450 1172 αὐτοὺς
3498 1110 3530 1161 ὁ
3560 1124 3829 1178 παρακα-

2232 1203 2360 1257 λῶν.
2417 1221 2436 1255 ι
2470 1204 2581 1256 Kal
2616 1199 2773 1267 αὖθις
2799 1217 2815 1232 °
2865 1223 2885 1255 ι
2931 1203 2997 1256 Ἦ
3031 1202 3366 1270 συκοφαντία
3402 1201 3712 1270 περιφέρει
3745 1215 3830 1250 σο-

2233 1290 2354 1360 φὸν,
2386 1291 2479 1344 καὶ
2503 1291 2758 1345 ἀπολλύει
2782 1291 2878 1362 τὴν
2911 1291 3138 1362 καρδίαν
3167 1291 3446 1357 εὐγενείας
3485 1289 3688 1343 αὐτοῦ.
3731 1308 3750 1340 ι
3771 1288 3829 1342 '0

2232 1379 2288 1432 δὲ
2315 1382 2520 1450 Κύριος
2554 1399 2573 1432 ι
2613 1380 2776 1433 σώσει
2809 1381 2940 1444 τοὺς
2966 1381 3115 1443 υἱοὺς
3144 1380 3250 1433 τῶν
3287 1380 3568 1448 πενήτων,
3601 1380 3706 1430 καὶ
3730 1395 3825 1429 τα-

2233 1469 2489 1523 πεινώσει
2517 1472 2879 1541 συκοφάντην.
2907 1490 2925 1523 ι
2960 1468 3411 1539 Ἀσφαλισώμεθα
3431 1465 3536 1522 οὖν
3565 1469 3825 1531 ἑαυτοὺς,

2232 1558 2452 1629 ἀδελφοὶ
2480 1600 2496 1624 ,
2543 1561 2651 1613 ἀπὸ
2699 1561 2799 1632 τῆς
2829 1561 3118 1629 παγκάκου
3137 1560 3550 1627 συκοφαντίας,
3580 1557 3826 1618 δεδιότες

2232 1649 2332 1719 τὴν
2363 1651 2567 1722 πικρὰν
2599 1651 2820 1705 κόλασιν
2853 1651 2964 1705 τῶν
2987 1651 3194 1720 ταύτην
3227 1650 3555 1720 μετιόντων.
3580 1650 3826 1702 Τούναν-

553 1731 634 1785 bit
666 1733 1121 1788 calunmiatorem
1161 1737 1227 1789 ’°.
1273 1755 1292 1787 ι
1339 1737 1773 1793 Prtemuniamus
1823 1740 1990 1809 igitur
2028 1755 2129 1795 nos

2230 1707 2343 1792 τίον
2371 1707 2557 1805 δὲ,’τά
2592 1741 2688 1795 τοῦ
2721 1741 2936 1795 Παύλου
2959 1783 2974 1806 ,
3010 1743 3108 1796 σὺν
3139 1707 3447 1810 τῷἱΠαύὶῳ
3484 1740 3824 1810 μελῳδήσω-

552 1821 724 1891 ipsos,
765 1823 961 1878 fratres
991 1827 1122 1890 mei,
1151 1826 1415 1882 adversus
1452 1828 1804 1894 calumniam,
1836 1830 1984 1884 nulla
2017 1845 2128 1884 non

2230 1848 2352 1903 μενο
2390 1851 2409 1884 ι
2447 1833 2864 1904 Λοιδορούμενοι
2895 1833 3245 1904 εὐλογοῦμεν,
3269 1833 3607 1902 διωκόμενοι
3634 1829 3823 1900 ἀνεχό-

550 1915 635 1968 sui
661 1924 814 1984 parte
844 1916 1196 1984 pestilentem
1229 1933 1292 1972 ac
1323 1919 1683 1988 perniciosam
1704 1961 1718 1985 ,
1743 1935 1934 1975 eorum
1955 1921 2129 1976 atroci

2230 1922 2387 1993 μεθα,
2418 1921 2899 1994 βλασφημούμενοι
2934 1922 3253 1993 παρακαλοῦ
3262 1938 3381 1992 μεν.
3412 1921 3587 1973 Ὧσπε
3599 1922 3688 1990 ps".
3725 1937 3822 1972 κα-

551 2008 827 2078 supplicio
885 2009 1156 2076 exterriti,
1198 2012 1291 2080 qui
1345 2011 1723 2066 ambitiosiore
1774 2013 1959 2066 studio
2007 2027 2130 2066 eam

548 2100 937 2154 excoluerunt.
998 2101 1308 2156 Adversum
1364 2101 1506 2156 hanc
1561 2104 1824 2157 melieum
1873 2103 2010 2156 illud
2071 2112 2130 2157 et

548 2205 816 2260 perquam
845 2207 1012 2247 suave
1044 2193 1201 2247 Pauli
1234 2193 1468 2249 verbum
1503 2209 1630 2248 eum
1663 2195 1858 2250 eodem
1881 2195 2129 2250 cantille-

549 2297 718 2336 mus:
786 2301 806 2335 ι
868 2283 1319 2339 Persecutionem
1372 2285 1634 2355 patimur,
1683 2294 1739 2339 et
1768 2286 2127 2351 sustinemus,

550 2374 1022 2443 blasphemamur,
1065 2385 1123 2431 et
1168 2377 1522 2432 obsecramus
1551 2418 1566 2442 ,
1617 2388 1877 2448 tanquam
1928 2393 2130 2447 purga-

549 2475 735 2521 menta
785 2467 975 2522 mundi
1042 2466 1174 2522 facti
1223 2483 1438 2530 sumus,
1503 2468 1750 2523 omnium
1817 2467 2132 2537 peripsema

548 2573 721 2628 usque
740 2560 922 2615 adhuc
941 2562 1020 2614 ἰε
1049 2580 1066 2612 ι
1092 2568 1152 2614 ιιι
1169 2577 1236 2615 ne
1256 2576 1381 2616 cum
1403 2561 1606 2617 Judzeis
1623 2561 1716 2631 qui
1739 2559 2022 2615 Christum
2051 2559 2135 2613 in-

545 2650 704 2704 fenso
735 2660 903 2721 atque
937 2652 1128 2706 hostili
1153 2653 1388 2707 oderant
1420 2653 1628 2718 animo,
1657 2651 1902 2722 compari
1933 2651 2134 2704 multe-

544 2757 672 2795 mur
721 2742 1098 2798 damnatione.
1154 2745 1248 2799 lsti
1287 2745 1354 2800 ad
1399 2745 1636 2799 Pilatum
1668 2759 1794 2798 cum
1823 2744 2132 2808 venissent,

2231 2012 2490 2083 θάρματα
2513 2013 2606 2067 τοῦ
2631 2014 2836 2084 κόσμου
2869 2015 3234 2085 ἐγενήθημεν,
3265 2013 3490 2066 πάντων
3520 2011 3821 2082 περίψημα

2225 2101 2332 2165 ἕως
2361 2103 2506 2173 ἄρτι.
2546 2123 2565 2155 ι
2613 2105 2703 2172 Μὴ
2753 2103 3287 2173 συγκατακριθῶμεν
3322 2104 3437 2164 τοῖς
3483 2101 3820 2170 δυσμενέσιν

2226 2193 2439 2263 ἐχθροῖς
2469 2193 2562 2246 τοῦ
2587 2193 2847 2265 Χριστοῦ,
2890 2194 3168 2256 Ἰουδαίοις
3189 2209 3204 2224 ⁸
3245 2193 3446 2254 οἵτινες
3489 2191 3825 2259 προσελθόν-

2225 2303 2318 2349 τες
2360 2284 2438 2356 τῷ
2480 2285 2698 2355 Πιλάτῳ
2722 2325 2737 2351 ,
2779 2285 2925 2340 κατὰ
2947 2285 3041 2338 τοῦ
3073 2285 3280 2356 Κυρίου
3305 2284 3518 2353 ἔλεγον·
3563 2301 3583 2334 ι
3616 2281 3820 2335 Τοῦτον

2227 2376 2474 2448 ηὖραμεν
2510 2376 2899 2446 διαστρέφοντα
2940 2377 3002 2428 τὸ
3043 2375 3212 2440 ἔθνος,
3240 2376 3336 2429 καὶ
3365 2375 3652 2428 κωλύοντα
3684 2374 3819 2425 Kal-

2229 2485 2355 2537 σαρι
2384 2467 2584 2520 διδόναι
2629 2467 2852 2537 φόρους,
2894 2466 3124 2535 λέγοντα
3165 2466 3356 2519 ἑαυτὸν
3392 2464 3635 2536 Χριστὸν
3665 2465 3818 2533 βασι-

2229 2559 2326 2611 λέα
2355 2552 2516 2611 εῖναι.
2563 2577 2580 2609 ι
2621 2555 2792 2620 Αύτδς
2824 2558 2881 2610 δὲ
2916 2559 3093 2611 πάντα
3128 2556 3203 2619 ὡς
3234 2557 3420 2626 ἀρνίον
3463 2557 3682 2610 ἄκακον
3717 2571 3817 2622 μα·

2233 2648 2524 2718 κροθύμως
2563 2647 2776 2720 ἔφερεν.
2825 2647 2987 2718 Αύτῷ
3032 2649 3066 2719 ἡ
3116 2647 3242 2712 δόξα
3283 2649 3366 2711 είς
3417 2649 3550 2710 τοὺς
3587 2646 3811 2707 αἰῶνας.

2247 2741 2301 2793 ’Λ
2314 2740 2444 2807 μήν.

544 2843 759 2890 exserta
803 2852 936 2890 voce
968 2838 1234 2892 adversus
1263 2837 1557 2892 Dominum
1591 2837 1850 2891 dicebant
1885 2854 1897 2889 :
1936 2854 1954 2886 ι
2000 2834 2157 2888 Hunc
2196 2832 2512 2886 invenimus
2549 2832 2964 2887 subvertentem
3015 2841 3253 2902 gentem,
3295 2841 3353 2888 et
3415 2832 3812 2902 prohibentem

549 2923 756 2978 tributa
799 2925 915 2981 dari
955 2927 1180 2988 Caesari.
1212 2927 1490 2982 dicentem
1538 2941 1598 2982 se
1625 2925 1910 2983 Christum
1978 2937 2165 2995 regem
2202 2936 2326 2977 esse
2347 2924 2394 2954 ⁹¹¹
2433 2939 2446 2975 :
2483 2941 2502 2973 ι
2541 2922 2657 2992 ipse
2685 2931 2869 2978 autem
2915 2931 2976 2976 ut
3035 2940 3210 2995 agnus
3239 2924 3532 2989 innocens,
3555 2921 3812 2992 longani-

545 3017 622 3072 mi
658 3018 946 3074 tolerantia
976 3028 1174 3074 cuncta
1215 3019 1549 3088 perferebat.
1594 3019 1703 3089 lpsi
1730 3018 1902 3090 gloria
1930 3017 1986 3071 in
2032 3012 2234 3070 smeula
2265 3013 2461 3069 Amen.

1021 3138 1032 3147 '
1106 3152 1390 3208 l-lOMlLlA
1424 3153 1560 3207 xu.

1192 3265 1268 3320 De
1300 3266 1463 3336 furto.

2815 3150 3035 3202 ΛΟΓΟΣ
3067 3150 3205 3205 MA'.

2793 3263 2935 3330 Περὶ
2975 3262 3236 3332 κλοπῆς.

620 3379 839 3434 Daemon
878 3379 969 3434 hic
1011 3379 1361 3448 improbandi
1411 3379 1546 3434 furti
1597 3381 1871 3451 reprobus
1922 3383 2120 3439 artifex

2299 3368 2469 3439 Οὗτος
2513 3376 2540 3428 ό
2569 3373 2898 3445 κακότεχνος
2938 3375 3038 3446 τῆς
3063 3376 3275 3445 κλοπῆς
3317 3376 3556 3448 δαίμων,
3591 3381 3812 3450 πρῶτον

545 3470 787 3540 primum
804 3467 1028 3537 quidem
1051 3482 1080 3520 a
1103 3466 1306 3521 vilibus
1327 3475 1383 3522 et
1405 3468 1618 3539 exiguis
1633 3471 1800 3526 rebus
1818 3472 2126 3540 auspicium

545 3561 718 3615 sumit
760 3573 874 3614 suae
929 3559 1086 3613 artis.
1142 3559 1307 3628 Atqui
1361 3561 1624 3629 temporis
1696 3577 1993 3632 progressu
2055 3561 2125 3616 ad

545 3667 743 3721 magna
769 3650 972 3706 sensim
1001 3651 1348 3720 provehitur,
1377 3667 1439 3706 ac
1467 3652 1689 3707 tandem
1718 3655 1775 3708 in
1805 3653 2128 3708 difﬁcillima

546 3756 780 3811 quaeque
808 3735 1032 3796 desinit.
1066 3741 1270 3795 Eorum
1293 3742 1440 3796 enim
1464 3757 1586 3812 quae
1621 3742 1758 3797 fiunt
1779 3743 2128 3812 unumquod-

547 3848 677 3903 que,
706 3849 738 3887 a
775 3833 1004 3887 minimo
1038 3848 1197 3887 suum
1238 3833 1389 3903 capit
1425 3833 1754 3894 exordium:
1795 3834 1889 3888 ubi
1941 3846 2126 3889 autem

546 3942 612 3980 ea
637 3940 725 3980 res
753 3932 969 3994 sumpta
1006 3924 1273 3994 paulatim
1315 3925 1574 3979 alimonia
1602 3924 1930 3990 adoleverit,
1961 3939 2120 3995 gran-

547 4016 730 4072 descit
774 4017 887 4087 jam
945 4017 1270 4086 quotidiana
1324 4017 1659 4072 accessione.
1710 4016 1927 4071 Malitia:
1974 4017 2124 4071 enim

549 4104 712 4158 istius
741 4103 1197 4175 deploratissimze
1219 4120 1329 4166 ars,
1378 4115 1496 4158 rete
1520 4103 1795 4172 quoddam
1836 4113 1921 4159 est
1967 4104 2127 4159 miris

549 4195 768 4250 technis
801 4195 1101 4264 implexum
1135 4203 1192 4249 et
1215 4194 1528 4248 involutum
1563 4211 1576 4246 :
1605 4194 1700 4263 qui
1733 4194 1918 4264 aliquo
1948 4210 2126 4264 usque

550 4304 609 4344 se
657 4287 771 4359 jam
827 4288 956 4342 sivit
1013 4287 1120 4342 hoc
1197 4286 1467 4357 implicari
1545 4285 1782 4355 laqueo,
1849 4286 2126 4356 siquidem

550 4389 844 4438 cunctetur
873 4388 930 4435 et
953 4380 1192 4451 negligat
1224 4379 1309 4434 his
1333 4379 1483 4434 tricis
1505 4379 1780 4448 explicare
1815 4393 1872 4432 se
1899 4386 1954 4432 et
1979 4378 2129 4432 evol-

528 4490 701 4539 vere,
733 4475 882 4528 omni
930 4489 1056 4528 mox
1084 4489 1152 4528 ex
1192 4481 1347 4542 parte
1399 4471 1744 4540 astringitur.
1791 4471 1931 4525 Dum
1976 4470 2126 4525 enim

548 4570 810 4618 extenuat
857 4559 989 4614 furti
1029 4560 1375 4630 gravitatem,
1425 4573 1612 4612 secum
1642 4558 2126 4613 admurmuratta-

549 4654 697 4708 citus
731 4670 745 4705 :
804 4667 975 4723 parva
1015 4659 1146 4706 sunt
1184 4651 1321 4714 haec,
1377 4649 1512 4703 nihil
1547 4648 1665 4703 haec
1702 4656 1854 4713 sunt,
1901 4665 2012 4703 non
2043 4658 2130 4704 est

2233 3467 2332 3539 μὲν
2355 3467 2570 3539 μικρῶν
2593 3468 2704 3521 τῶν
2726 3466 3068 3538 πραγμάτων
3089 3468 3422 3539 ἁπάρχεται.
3451 3470 3569 3523 Kal
3600 3472 3809 3540 προῖὼν

2228 3558 2309 3620 είς
2344 3557 2559 3628 μεγάλα
2593 3558 2684 3612 καὶ
2720 3558 2898 3628 παχέα
2926 3558 3244 3628 καταλήγει.
3275 3561 3386 3613 Kal
3417 3561 3529 3631 γὰρ
3564 3563 3660 3614 καὶ
3690 3564 3811 3616 ἐκα-

2230 3667 2353 3703 στον
2365 3650 2472 3704 τῶν
2497 3649 2795 3720 γινομένων
2823 3651 2930 3704 ἀπὸ
2959 3650 3164 3720 μικροῦ
3191 3651 3520 3722 ἀπάρχεται,
3550 3654 3646 3706 καὶ
3669 3655 3810 3709 κατὰ

2231 3741 2398 3812 μέρος
2437 3743 2769 3812 τρεφόμενον
2819 3741 3086 3811 λαμϐάνει
3133 3742 3233 3812 τὴν
3276 3743 3506 3814 αὔξησιν
3533 3762 3552 3778 ο
3608 3747 3692 3799 ὅτι
3735 3748 3811 3800 δε-

2228 3832 2388 3885 κτυόν
2417 3831 2564 3885 ἐστιν
2590 3830 2926 3886 πολύπλοκον
2951 3831 3048 3900 τῆς
3073 3833 3270 3897 κακίας
3294 3835 3534 3904 μέθοδος.
3577 3838 3635 3890 Ὀ
3664 3854 3811 3907 μερι-

2227 3921 2341 3986 κῶς
2369 3921 2693 3991 ὲμπλακεὶς,
2727 3923 2823 3976 ἐὰν
2870 3922 3140 3996 ἀμελησῃ,
3177 3925 3547 3994 περιεκτικῶς
3579 3927 3811 3996 σφίγγε-

2226 4031 2316 4066 ται
2338 4029 2354 4046 ο
2383 4013 2686 4078 Εύτελίζων
2731 4014 2840 4082 γὰρ
2870 4013 2939 4068 τὰ
2968 4015 3142 4085 μικρὰ
3164 4055 3178 4080 ,
3213 4016 3397 4084 φησὶν,
3429 4014 3604 4070 Οὐδέν
3648 4019 3806 4084 είσιν,

2227 4105 2328 4159 οὐκ
2369 4105 2517 4159 ἔστιν
2570 4105 2849 4176 ἁμαρτίαο
2884 4106 2981 4160 καὶ
3014 4106 3202 4161 λοιπὸν
3245 4107 3536 4176 συνηθείας
3569 4112 3808 4182 ἐπικρα-

2227 4195 2448 4267 τούσης,
2473 4196 2550 4259 ὡς
2571 4195 2881 4266 γάγγραινα
2904 4196 3073 4266 νομὴν
3096 4196 3529 4266 εὐρίσκει.Ἕθος
3553 4199 3687 4267 γὰρ,
3719 4217 3810 4271 φη-

2230 4291 2336 4354 σὶν,
2363 4288 2593 4357 δευτέρα
2629 4288 2815 4357 φύσις.
2849 4288 2962 4341 Kal
2996 4287 3174 4357 πολλῷ
3197 4290 3352 4359 κόπῳ
3376 4290 3463 4351 τίς
3489 4290 3809 4357 ἐλευθερώ-

2227 4398 2318 4435 ται
2363 4379 2897 4450 κατακυριευόμενος
2933 4381 3025 4432 ὑπ’
3067 4380 3259 4447 αὐτοῦ,
3311 4383 3360 4434 εί
3407 4383 3482 4451 μὴ
3513 4383 3809 4447 aversam;

2230 4475 2324 4527 καὶ
2351 4471 2582 4535 ἀναιδῶς
2613 4471 2891 4542 προσέλθῃ
2911 4471 2988 4540 τῷ
3005 4471 3249 4542 Δεσπότη
3269 4471 3489 4542 Χριστῷ
3520 4472 3614 4525 διὰ
3634 4489 3804 4543 προσ-

2229 4564 2400 4634 ευχῆς
2446 4564 2540 4617 καὶ
2595 4564 2872 4634 νηστείας,
2907 4563 3001 4616 καὶ
3051 4563 3443 4633 ἐλεημοσύνης,
3477 4564 3707 4632 κράζων
3734 4564 3805 4635 τῷ

2229 4655 2426 4725 Ἰησοῦ,
2445 4656 2536 4707 καὶ
2557 4654 2749 4722 λέγων’
2778 4653 3174 4723 Ἐλευθέρωσόν
3205 4670 3295 4722 με,
3321 4655 3595 4716 Δέσποτα,
3623 4655 3700 4718 ὡς
3718 4655 3804 4707 τὸν

548 4755 840 4816 peccatum
881 4764 894 4799 :
923 4760 988 4800 ac
1027 4745 1103 4799 ita
1134 4744 1398 4812 deinceps
1432 4743 1806 4798 invaleseente
1830 4752 2129 4796 consuetu-

2231 4724 2685 4815 cuc'rauptoliévra
2711 4760 2792 4796 σοι
2821 4742 3046 4814 λῃστὴν,
3081 4741 3178 4796 καὶ
3199 4743 3383 4809 Λευὶν,
3409 4744 3507 4797 καὶ
3533 4747 3804 4814 Ζακχαίον

551 4838 705 4901 dine,
751 4851 1054 4907 gangmnae
1101 4834 1156 4888 in
1201 4848 1432 4897 morem,
1480 4832 1537 4887 in
1580 4833 1738 4887 ulcus
1783 4831 2129 4898 fedissimum

553 4940 882 4998 proserpere
931 4925 1233 4980 invenitur.
1285 4923 1643 4980 Consuetudo
1687 4924 1857 4988 enim,
1891 4924 1970 4978 ait
2015 4923 2128 4990 ille,

551 5021 725 5074 altera
767 5026 854 5074 est
898 5025 1115 5072 natura.
1169 5017 1372 5088 Ecquis
1403 5016 1624 5072 tandem
1659 5017 1728 5072 ab
1775 5017 1878 5072 hac
1909 5017 2130 5071 furandi

553 5110 978 5174 consuetudine,
1023 5109 1468 5180 quantiseunque
1540 5109 1823 5164 laboribus
1867 5109 2130 5164 eximitur

554 5214 611 5260 et
634 5203 1031 5273 emancipatur,
1073 5203 1162 5258 vel
1188 5203 1358 5258 semel
1389 5203 1457 5257 ab
1481 5218 1546 5257 ea
1579 5201 1891 5258 edomitus?
1923 5202 1978 5256 ni
2011 5201 2126 5256 for-

557 5310 654 5350 san
683 5297 729 5350 is
755 5310 866 5349 non
892 5293 1268 5364 perfunctorie
1307 5308 1369 5347 ac
1401 5294 1555 5348 nullo
1583 5302 1894 5348 remorante
1916 5293 2128 5364 pudore

557 5385 760 5439 Christi
787 5385 1005 5440 Domini
1029 5385 1259 5455 supplex
1289 5384 1538 5453 procidat
1571 5383 1806 5454 pedibus
1827 5425 1840 5448 ,
1873 5399 1973 5454 per
2002 5399 2128 5439 ora-

632 5570 678 5597 “
717 5568 858 5622 Psal.
889 5582 1033 5634 xxxi,
1059 5566 1113 5620 2.
1231 5567 1275 5600 ⁸⁸
1308 5568 1478 5623 Eccli.
1515 5584 1627 5634 χιιι,
1652 5571 1737 5624 '50.

1853 5569 1896 5600 "
1923 5570 2082 5624 Prov.
2120 5582 2302 5627 xxvni,
2332 5567 2418 5621 l5.

2228 4839 2355 4900 τοὺς
2384 4835 2655 4901 τελώνας;
2694 4835 2815 4908 Χρὴ
2851 4834 2908 4887 δὲ
2937 4834 3032 4887 καὶ
3059 4835 3273 4905 δάκρυα
3306 4836 3687 4906 προσκομίσαι
3713 4836 3804 4887 αὖ·

2228 4929 2330 4998 τῷ,
2376 4929 2457 4982 ὅτι
2493 4926 2562 4980 τὰ
2587 4927 2799 4996 δάκρυα
2843 4925 3009 4980 δεκτὰ
3039 4925 3191 4996 αὐτῷ
3209 4927 3368 4982 εἰσιν.
3393 4927 3506 4980 Kal
3535 4925 3750 4994 βλέπων
3774 4926 3800 4977 ό

2227 5021 2360 5083 Θεὸς
2417 5018 2518 5086 τὴν
2559 5018 2850 5088 μετάνοιαν
2898 5017 3084 5083 αὑτοῦ,
3129 5018 3363 5089 παρέχει
3405 5017 3560 5087 αὐτῷ
3603 5017 3800 5084 ἀγαθὺδ

2228 5110 2488 5182 λογισμὸν
2509 5109 2603 5163 τοῦ
2638 5109 2711 5181 μὴ
2735 5109 3020 5179 ὀρέγεσθαι
3051 5110 3119 5163 τὰ
3141 5110 3232 5162 τοῦ
3259 5109 3507 5178 πλησίον.
3550 5112 3612 5163 Ὀ
3637 5110 3799 5162 θέλων

2231 5199 2345 5269 οῦν,
2375 5202 2449 5265 ὡς
2477 5201 2690 5272 εἴρηται
2713 5241 2728 5266 ,
2759 5200 2859 5270 τῆς
2885 5201 3090 5271 ἀνόμου
3123 5201 3329 5272 ταύτης
3357 5200 3625 5271 ἐργασίας
3651 5200 3796 5252 ἑλευο

2237 5294 2423 5366 θερίας
2443 5295 2649 5363 τυχεῖν,
2672 5291 2951 5362 εὐμαρῶς,
2977 5292 3046 5344 δι’
3068 5291 3473 5361 ἀκτημοσύνης,
3503 5292 3600 5344 καὶ
3627 5291 3795 5356 ὀλιγο-

2240 5386 2436 5451 σιτίας,
2490 5385 2584 5438 καὶ
2633 5384 2981 5456 προσευχῆς,
3028 5382 3124 5436 καὶ
3177 5383 3279 5453 τῆς
3332 5382 3441 5435 τῶν
3499 5382 3793 5452 μελλόντων

2531 5564 2575 5596 ⁸⁷
2625 5565 2785 5620 Prov.
2855 5577 3001 5624 xxvi,
3061 5560 3151 5614 27.
3242 5557 3503 5614 "Eccle.
3560 5573 3634 5619 ιν,
3672 5553 3786 5618 ’,5.

565 5627 606 5656 ³³
637 5635 819 5692 Eccle.
848 5652 940 5703 vn,
966 5627 1028 5692 εξ
1095 5639 1140 5670 ⁸ο
1169 5636 1307 5693 Psal.
1334 5656 1473 5708 LXXI,
1511 5641 1563 5694 4.
1615 5627 1678 5674 ’⁹¹
1713 5641 1733 5696 l
1764 5640 1888 5695 Cor.
1929 5655 2000 5705 tv,
2035 5638 2117 5706 1'2,

2230 5675 2234 5690 .
2299 5639 2342 5670 "
2383 5637 2514 5692 Luc.
2550 5652 2697 5706 χχιιι,
2735 5635 2790 5690 2.
