4030 6296
209 247 346 314 1:361

1319 261 1645 322 IIOMILIA
1685 264 1839 325 XLI.
1873 289 1943 301 -
1981 265 2078 328 DE
2116 265 2389 328 FURTO.

3327 266 3464 332 1562

208 360 581 432 προσδοκίας,
643 361 840 434 ῥᾳδίως
897 359 1329 422 ἀπαλλάσσεται.
1391 369 1451 424 Ὀ
1497 371 1786 439 φυλάττων

1898 375 2120 442 tionem,
2167 377 2464 447 jejunium,
2498 383 2556 430 et
2603 373 3033 446 eleemosynam,
3059 387 3277 432 exserta
3329 393 3461 434 voce

206 454 323 524 γὰρ
354 453 445 506 τὸν
469 452 636 524 νόμον
656 493 672 519 ,
709 455 1040 523 φυλάττεται
1069 460 1174 512 ὑπὸ
1203 463 1490 531 νομοδότου
1523 465 1784 534 Χριστοῦ.

203 545 301 613 Μὴ
331 537 424 597 οὖν
452 544 840 615 ἀμελήσωμεν,
863 551 1156 620 ἀγαπητοὶ,
1184 552 1280 605 τοῦ
1312 554 1591 624 συντόμως
1620 557 1790 610 ἀπαλ-

206 634 445 705 λαγῆναι
473 635 572 705 τῆς
607 636 863 708 τοιαύτης
893 639 1176 711 αἰσχύνης·
1214 641 1361 695 ἐστιν
1388 644 1496 714 γὰρ
1524 645 1586 697 τὸ
1616 645 1787 710 πάθος

205 725 368 779 τοῦτο
387 727 833 781 δυσαπάλλακτον
860 743 874 758 °
907 731 1094 802 ἐπειδὴ
1117 732 1417 802 θυμηδέστε
1427 752 1516 804 ρον
1539 736 1786 804 φαίνεται

204 816 288 887 τῷ
315 817 523 890 κλέπτῃ
551 818 840 890 ἐπιθυμεῖν
865 821 973 873 τῶν
1004 823 1322 894 ἀλλοτρίων.
1352 827 1467 891 Kal
1495 827 1668 880 δοκῶν
1703 827 1790 898 θη-

209 907 395 976 ρεύειν
427 909 497 961 τὰ
539 910 612 980 μὴ
641 910 829 973 αὑτοῦ,
858 912 1155 966 ἀπόλλυσιν
1182 914 1253 968 τὰ
1284 917 1471 969 αὑτοῦ.
1509 918 1786 986 Συνῆπται

207 999 268 1052 δὲ
304 1002 399 1054 καὶ
426 1003 493 1071 τῇ
531 1002 704 1074 κλοπῇ
735 1003 796 1055 τὸ
823 1003 1018 1070 ψεῦδος
1056 1006 1151 1060 καὶ
1180 1008 1213 1078 ή
1255 1009 1612 1077 συκοφαντία.
1651 1009 1790 1078 Φησὶ

207 1093 322 1164 γὰρ
353 1093 382 1145 6
418 1094 582 1162 νόμος
606 1110 619 1124 ’
658 1113 676 1146 ι
720 1096 794 1148 Οὑ
831 1096 1072 1166 κλέψεις,
1102 1099 1163 1151 οὐ
1191 1099 1435 1166 ψεύσεις,
1466 1101 1588 1154 οὐδὲ
1629 1119 1791 1155 συκο-

111 1191 134 1203 ⁹
209 1185 508 1254 φαντήσεις
540 1189 632 1238 τὸν
659 1185 885 1255 πλησίον
914 1205 1029 1242 σου.
1071 1207 1091 1240 ι
1129 1189 1189 1242 '0
1218 1190 1275 1242 δὲ
1311 1192 1488 1262 Ἀχαρ
1518 1193 1570 1259 ιι,
1607 1210 1788 1264 παρα-

208 1275 382 1346 ϐάτης
408 1276 574 1347 νόμου
613 1279 707 1330 καὶ
743 1280 965 1350 ἐντολῆς
993 1282 1303 1352 γενόμενος,
1331 1284 1558 1355 ἔκλεψεν
1603 1288 1665 1340 ἐκ
1692 1286 1787 1340 τοῦ

209 1365 576 1438 ἀναθέματος,
594 1369 814 1440 ψελλὴν,
830 1373 924 1425 καὶ
940 1373 1195 1440 γλῶσσαν
1217 1377 1445 1447 χρυσῆν,
1467 1379 1560 1430 καὶ
1578 1379 1791 1450 δίδραγ-

211 1473 294 1526 μα
329 1458 617 1513 διακόσιαι
665 1463 760 1514 καὶ
803 1462 890 1516 διὰ
933 1463 1030 1536 τὴν
1061 1466 1227 1518 αὑτοῦ
1278 1468 1553 1538 ἁμαρτίαν
1595 1471 1623 1523 6
1662 1471 1792 1534 λαὸς

207 1546 402 1612 ὤλετο,
444 1551 493 1603 εί
529 1551 604 1623 μὴ
635 1555 664 1606 6
715 1553 972 1626 θεράπων
1014 1556 1222 1628 Ἰησοῦς
1249 1557 1480 1628 ἐϐόησεν
1513 1561 1650 1632 πρὸς
1674 1562 1792 1616 Κύ-

209 1655 351 1709 ριον,
383 1642 477 1694 xal
505 1642 669 1706 αὐτὸς
711 1645 1058 1715 ἐφανέρωσεν
1087 1649 1236 1718 αὐτῷ
1280 1650 1467 1705 αὐτόν.
1503 1652 1614 1705 Kal
1636 1649 1790 1706 εἷπεν

1887 468 2080 523 dicens
2113 485 2128 521 :
2164 467 2318 531 Jesu,
2352 476 2434 532 tu,
2467 466 2543 521 mi
2589 467 2843 532 Domine,
2878 467 3077 534 libera,
3108 483 3318 538 quaeso,
3350 484 3460 533 me.

1888 558 2097 614 utolim
2123 557 2371 612 liberasti
2392 556 2666 611 latronem
2693 571 2803 610 una
2827 565 3010 611 tecum
3031 559 3184 613 cruci
3213 557 3458 624 afllxum,

1887 650 2021 705 Levi
2077 650 2304 719 insuper
2345 657 2402 704 et
2454 647 2776 704 Zacchaeum
2821 649 3180 718 publicanos?
3226 650 3464 706 Necesse

1887 743 2120 814 proinde
2180 741 2273 808 sit,
2321 743 2469 796 hunc
2511 741 2675 796 talem
2715 739 2784 795 ad
2844 741 3138 795 Dominum
3195 741 3469 813 lacrymas

1887 836 2222 907 praemittere
2275 845 2332 889 et
2377 833 2580 889 offerre
2622 850 2636 886 :
2687 833 2894 888 etenim
2944 833 3199 905 lacrymae
3233 834 3311 887 illi
3342 848 3468 904 per-

1889 941 2051 996 quam
2087 932 2327 993 acceptte
2365 929 2512 977 sunt.
2541 921 2712 977 Simul
2747 923 2897 976 enim
2932 922 3078 978 Deus
3102 933 3163 978 ut
3193 921 3466 990 istius‘vi-

1889 1017 1983 1072 det
2019 1014 2424 1086 paenitentiam,
2470 1013 2670 1068 bonam
2723 1027 2850 1066 mox
2883 1013 3092 1082 aSpirat
3131 1012 3286 1068 cordi
3320 1013 3469 1083 cogi-

1891 1107 2190 1170 tationem,
2225 1112 2286 1158 ut
2325 1119 2394 1158 ne
2424 1104 2479 1158 iu
2518 1111 2804 1173 posterum
2835 1102 3137 1172 quidquam
3167 1103 3306 1158 male
3331 1117 3467 1156 con-

1891 1195 2140 1264 cupiscat
2184 1205 2378 1248 eorum
2435 1208 2558 1262 quae
2617 1192 2676 1246 in
2738 1193 2958 1261 peculio
3009 1200 3139 1246 sunt
3203 1191 3466 1261 proximi.

1895 1285 2107 1356 1093
2156 1283 2418 1354 Quisquis
2465 1285 2652 1354 igitur,
2698 1283 2768 1337 ab
2808 1283 2912 1337 hac
2947 1282 3137 1353 exlege
3174 1292 3231 1339 et
3274 1283 3468 1353 iniqua

1891 1377 2211 1446 operatione
2263 1390 2375 1429 non
2433 1389 2633 1445 magno
2689 1375 2986 1432 admodum
3038 1373 3261 1446 negotio
3312 1373 3467 1445 cupit

1891 1471 2232 1540 emancipari
2277 1478 2335 1525 et
2379 1470 2636 1526 libertate
2673 1471 2906 1540 perfrui,
2949 1487 3081 1526 sane
3121 1472 3170 1526 is
3197 1486 3297 1541 per
3323 1471 3469 1526 elea-

1891 1573 2177 1630 mosynam
2211 1567 2269 1613 et
2307 1557 2676 1628 frugalitatem
2704 1558 2819 1613 sive
2845 1559 3240 1628 parcimoniam
3262 1559 3465 1622 victus,

1892 1666 1993 1721 per
2034 1650 2344 1705 orationem
2387 1657 2444 1702 et
2480 1648 2797 1703 futurorum
2827 1665 2979 1719 spem
3019 1648 3275 1704 neutrubi
3301 1649 3471 1704 vacil-

224 1729 439 1796 Ἰησοῦς
467 1748 483 1764 ο
522 1750 541 1784 ι
591 1733 658 1786 Τί
703 1735 786 1788 ὅτι
831 1735 1042 1802 ὤλεσας
1078 1741 1265 1809 ήμᾶςς
1309 1740 1687 1812 ἐξολοθρεύσαι
1732 1758 1792 1795 σε

1898 1744 2116 1808 Iantem,
2175 1742 2334 1796 facile
2361 1741 2476 1796 voti
2530 1739 2623 1795 fiet
2645 1755 2891 1809 compos.
2924 1739 3030 1807 Qui
3077 1748 3260 1795 autem
3288 1746 3470 1796 servat

213 1820 445 1892 Κύριος.
493 1843 513 1876 ι
560 1827 671 1880 Καὶ
716 1829 992 1884 ἀπέλαϐεν
1023 1833 1309 1903 ἰσόρροπον
1355 1834 1450 1887 τοῦ
1478 1833 1793 1906 κλέμματος

212 1913 320 1982 τῆς
364 1919 733 1988 παρανομίας.
789 1921 1199 1990 Ἐλιθοϐόλησεν
1247 1926 1356 1996 γάρ
1403 1927 1570 1980 αὐτὸν
1608 1929 1718 1991 πᾶς
1765 1929 1794 1981 6

214 2003 349 2068 λαὸς
405 2007 502 2060 σὺν
559 2011 730 2063 πᾶσιν
781 2015 892 2076 τοῖς
933 2015 1118 2080 αὐτοῦ,
1153 2016 1249 2069 καὶ
1299 2016 1586 2071 ἀπέθανεν.
1617 2018 1728 2070 Kal
1766 2020 1794 2072 6

216 2097 506 2168 προφήτης
531 2101 807 2171 Ζαχαρίας
835 2104 964 2174 περὶ
985 2104 1092 2158 τῶν
1121 2105 1379 2159 τοιούτων
1411 2106 1596 2174 φησίν·
1635 2125 1654 2159 ι
1684 2107 1795 2160 Καὶ

215 2190 593 2248 εἰσελεύσεται
633 2196 666 2266 ἡ
727 2198 837 2268 ἀρά
868 2200 949 2261 εἰς
980 2199 1074 2252 τὸν
1100 2195 1250 2254 οἶκον
1274 2200 1370 2253 τοῦ
1401 2200 1635 2254 κλέπτου
1654 2240 1670 2265 ,
1702 2199 1796 2254 καὶ

217 2283 304 2343 εἰς
325 2281 415 2335 τὸν
435 2280 583 2338 οἷκον
617 2285 707 2339 τοῦ
732 2287 1047 2356 ὀμνύοντος,
1091 2291 1186 2344 καὶ
1215 2291 1513 2345 καταλύσει
1545 2291 1606 2344 ἐν
1646 2291 1797 2362 μέσῳ

218 2371 411 2426 αὐτοῦ.
439 2393 458 2425 ι
495 2374 649 2447 Ἔχει
671 2374 726 2430 δέ
754 2378 849 2431 καὶ
875 2382 903 2432 6
933 2381 1197 2452 κλέπτης,
1229 2383 1326 2436 καὶ
1356 2383 1450 2436 τὸν
1476 2383 1638 2454 ὅρκον
1668 2399 1798 2436 συν-

219 2464 578 2534 επισχύοντα,
607 2466 748 2522 ὥστε
774 2471 883 2523 πᾶν
913 2471 1148 2541 κλέμμα
1178 2471 1446 2542 ἀνάθεμα.
1477 2474 1534 2526 Ὀ
1563 2472 1620 2525 δέ
1649 2473 1798 2542 Παρ-

219 2559 553 2626 atumat:ij
591 2576 610 2610 ι
661 2559 848 2624 Ὁδοὺς
876 2561 1091 2617 ἀσεϐῶν
1124 2563 1200 2634 μὴ
1254 2565 1510 2639 ἐπέλθῃς,
1553 2563 1798 2618 έκκλινον

223 2645 322 2698 ἀπ’
352 2648 540 2719 αὐτῆς,
573 2650 668 2704 καὶ
693 2652 1055 2724 παράλλαξον.
1102 2673 1121 2708 ι
1177 2655 1426 2709 Ἀσέϐεια
1473 2657 1582 2726 γάρ
1628 2658 1795 2721 ἐστιν,

223 2739 298 2792 τὰ
347 2740 455 2794 τῶν
503 2741 682 2797 ἄλλων
722 2745 1130 2800 οἰκειώσασθαι.
1172 2737 1283 2800 Kal
1317 2748 1547 2815 ἐπάγει·
1582 2749 1644 2800 Εί
1689 2749 1798 2818 γὰρ

224 2830 556 2902 ἐπορεύοντο
619 2834 842 2903 τρίϐους
892 2837 1124 2904 ἀγαθὰς,
1180 2837 1415 2908 ε’ύροσαν
1463 2840 1530 2893 ἂν
1577 2838 1800 2910 τρίϐους

225 2925 596 2995 δικαιοσύνης.
627 2929 738 2982 Καὶ
774 2930 802 2982 6
854 2929 1065 2994 Παῦλος
1101 2932 1385 3002 παραινῶν
1407 2949 1573 3002 φησιν
1603 2949 1616 2963 ·
1648 2951 1666 2985 ι
1705 2933 1799 3003 Μὴ

1893 1837 2089 1907 legem,
2143 1835 2334 1904 utique
2381 1833 2451 1887 ab
2508 1846 2576 1886 eo
2616 1832 2925 1901 protegitur
2968 1840 3026 1886 et
3069 1838 3323 1886 servatur
3370 1827 3470 1899 qui

1895 1929 2074 1986 sanxit
2118 1929 2317 1997 legem,
2362 1925 2601 1981 Christo.
2641 1924 2720 1978 Ne
2753 1924 2942 1993 igitur,
2983 1921 3296 1977 charissimi
3336 1936 3474 1976 cun-

1895 2031 2110 2078 ctemur
2140 2019 2210 2074 ab
2239 2019 2346 2073 hoc
2369 2033 2468 2088 per
2495 2031 2554 2070 se
2584 2015 2843 2085 pudendo
2865 2024 2922 2069 et
2960 2013 3328 2083 ignominioso
3370 2011 3468 2066 de-

1895 2113 2116 2176 decore,
2144 2124 2310 2180 quam
2339 2107 2594 2163 ocissime
2617 2105 2977 2174 emancipari.
3020 2104 3147 2158 Haec
3174 2103 3324 2157 enim
3355 2100 3477 2156 ani-

1896 2203 1973 2258 mi
1994 2200 2267 2273 aegritudo
2289 2199 2538 2254 insidens
2560 2198 2746 2252 animo
2775 2196 2969 2259 semel,
2995 2195 3063 2249 ab
3081 2208 3158 2248 eo
3186 2193 3473 2264 aegerrime

1897 2313 1956 2352 se
1983 2296 2116 2352 sinit
2145 2293 2330 2357 avelli,
2371 2307 2497 2346 cum
2535 2290 2626 2345 fur
2653 2289 2863 2352 credat,
2897 2285 3256 2356 cupiditatem
3294 2283 3475 2341 aliena

1899 2387 2200 2457 suppilare,
2221 2400 2340 2440 rem
2375 2398 2499 2438 esse
2531 2395 2866 2452 magnopere
2891 2377 3253 2448 expetendam
3287 2389 3352 2429 ac
3374 2373 3474 2428 de-

1897 2478 2208 2534 lectabilem
2245 2493 2259 2528 :
2297 2473 2424 2528 inde
2449 2472 2509 2526 ﬁt
2529 2482 2608 2536 ut,
2636 2485 2761 2526 cum
2791 2469 3014 2524 videtur
3043 2483 3154 2521 non
3180 2481 3280 2521 sua
3303 2477 3475 2520 vena-

1899 2579 2079 2626 torum
2121 2581 2275 2622 more
2311 2562 2638 2628 consectari,
2661 2577 2784 2631 quae
2827 2561 2910 2615 sui
2949 2567 3080 2614 sunt
3111 2557 3253 2629 juris
3281 2553 3478 2626 perdat

1900 2663 2086 2716 miser.
2117 2657 2286 2712 Furto
2317 2654 2665 2710 mendacium
2692 2660 2858 2722 atque
2886 2649 3163 2706 calumnia
3191 2648 3310 2718 pari
3344 2647 3477 2717 jugo

1901 2751 2354 2808 confmderantur
2392 2765 2406 2800 :
2460 2745 2736 2815 siquidem
2775 2745 2864 2798 lex
2893 2743 2972 2796 ait
3004 2761 3017 2796 :
3051 2759 3069 2792 ι
3107 2741 3229 2795 Non
3265 2739 3477 2794 furtum

1901 2842 2092 2900 facies,
2111 2854 2222 2893 non
2246 2835 2554 2901 mentieris,
2578 2850 2690 2888 non
2715 2831 3147 2888 calumniaberis
3163 2829 3478 2900 proximum

1906 2941 2061 2986 tuum
2090 2929 2158 2982 ".
2203 2946 2222 2978 ι
2256 2925 2438 2980 Achar
2477 2924 2568 2978 ille
2603 2922 2828 2976 sanciue
2868 2921 3004 2990 legis
3033 2920 3190 2975 istius
3227 2932 3293 2972 ac
3322 2920 3480 2970 man-

223 3013 400 3068 δίδοτε
433 3015 596 3070 τόπον
631 3016 707 3088 τῷ
737 3018 1000 3088 διαϐόλῳ’
1037 3021 1065 3074 6
1113 3021 1386 3085 κλέπτων,
1436 3023 1634 3093 μηκέτι
1672 3021 1797 3075 κλε-

1907 3021 2021 3076 dati
2077 3017 2466 3090 praevaricator
2512 3013 2708 3078 factus,
2759 3012 2974 3065 furatus
3005 3018 3092 3064 est
3139 3025 3208 3063 ex
3245 3007 3480 3062 anathe-

227 3105 430 3171 πτέτω,
475 3107 672 3175 μᾶλλον
701 3109 758 3162 δέ
784 3111 1050 3176 κοπιάτω,
1091 3111 1460 3182 ἐργαζόμενος
1491 3115 1612 3174 ταῖς
1645 3111 1797 3173 ἰδίαις

1905 3118 2050 3166 male
2087 3107 2326 3161 militare
2372 3103 2598 3174 pallium
2634 3110 2692 3155 et
2737 3100 2978 3170 linguam
3019 3113 3242 3155 auream
3273 3106 3332 3151 et
3378 3095 3482 3150 du-

226 3200 417 3268 χερσὶν
455 3199 514 3252 τὸ
541 3200 784 3268 ἀγαθὸν,
845 3200 929 3256 ἵνα
965 3202 1064 3273 ἔχῃ
1116 3203 1458 3273 μεταδιδόναι
1497 3200 1574 3273 τῷ
1613 3203 1804 3274 χρείαν

225 3289 428 3362 ἔχοντι.
478 3309 498 3342 ι
541 3292 648 3344 Kal
697 3291 873 3355 αὖθιςο
927 3310 945 3344 ι
1008 3293 1190 3361 Ἔγνω
1239 3293 1443 3364 Κύριος
1480 3293 1605 3358 τοὺς
1648 3293 1806 3356 ὄντας

227 3381 420 3436 αὐτοῦ.
453 3401 472 3434 ι
499 3383 626 3436 Καί⁸
655 3402 673 3435 ι
698 3383 1016 3454 Ἀποστήτω
1049 3385 1157 3437 ἀπὸ
1182 3385 1396 3448 ἀδικίας
1420 3386 1530 3448 πᾶς
1559 3387 1587 3438 6
1609 3383 1807 3453 ὀνομά-

229 3471 343 3536 ζων
366 3473 428 3526 τὸ
457 3473 628 3544 ὄνομα
662 3475 894 3546 Κυρίου.
936 3494 955 3528 ι
1007 3475 1118 3528 Kal
1145 3475 1400 3545 ἐπιφέρει
1420 3491 1435 3506 ⁶
1481 3493 1500 3526 ι
1561 3474 1688 3528 Ἐὰν
1713 3474 1806 3526 οὖν

229 3563 516 3636 ἐκκαθάρῃ
560 3582 645 3628 τις
671 3567 867 3620 ἐαυτὸν
895 3566 1005 3620 ἀπὸ
1042 3564 1250 3620 τούτων
1269 3607 1284 3632 ,
1322 3566 1477 3619 ἐσται
1506 3564 1697 3629 σκεῦος
1730 3565 1810 3627 εἰς

229 3654 399 3725 τιμὴν
427 3657 783 3726 ἡγιασμένον.
821 3675 840 3709 ι
876 3658 984 3711 Kal
1010 3657 1314 3711 ἐπιστέλλει
1339 3655 1416 3727 τῷ
1439 3657 1602 3722 Τίτῳ⁶
1633 3674 1652 3706 ι
1680 3654 1810 3706 Δού-

233 3745 364 3808 λους
390 3745 682 3811 δεσπόταις
716 3747 866 3810 ἰδίοις
896 3747 1303 3800 ὑποτάσσεσθαι
1328 3749 1384 3800 ἐν
1409 3747 1596 3810 πᾶσιν,
1616 3745 1811 3815 εὐαρέ-

231 3855 396 3902 στους
428 3835 589 3904 εἶναι,
637 3857 656 3891 ι
705 3840 778 3911 μὴ
820 3839 1222 3908 ἀντιλέγοντας,
1258 3838 1332 3910 μὴ
1361 3838 1807 3907 νοσφιζομένους,

232 3931 374 3984 ἀλλά
412 3933 593 3984 πᾶσαν
639 3930 822 3984 πίστιν
874 3931 1316 4001 ἐνδεικνυμένους
1345 3929 1575 4000 ἀγαθήν.
1607 3931 1670 3984 El
1701 3929 1810 4001 γὰρ

235 4026 306 4077 ἐκ
337 4023 447 4076 τῶν
489 4023 708 4077 οἰκείων
745 4023 1136 4094 νοσφισάμενοι
1157 4063 1172 4086 ,
1207 4022 1450 4078 τοιοῦτον
1482 4022 1640 4086 τέλος
1667 4022 1811 4092 ἀπη-

234 4115 524 4183 νέγκαντο,
580 4113 828 4177 ’Δνανίας
860 4114 956 4166 καὶ
987 4114 1277 4185 Σάπφειρα
1307 4114 1378 4186 (οἰ
1403 4115 1460 4166 ἐν
1487 4114 1612 4176 ταῖς
1659 4113 1813 4184 Πράο

1906 3210 2095 3258 centas
2135 3196 2490 3252 didrachmas
2522 3212 2534 3247 :
2573 3203 2739 3262 atque
2770 3191 2842 3245 ob
2879 3191 2986 3243 hoc
3025 3195 3315 3258 peccatum
3348 3200 3481 3256 per-

1908 3297 2048 3349 ierat
2098 3289 2360 3361 populus,
2429 3285 2538 3341 nisi
2605 3285 2772 3340 Josue
2824 3282 3065 3336 famulus
3118 3278 3338 3334 Domini
3410 3276 3480 3332 ad

1906 3386 2079 3440 Deum
2130 3381 2361 3450 supplex
2401 3378 2781 3432 exclamasset.
2812 3374 2883 3428 At
2928 3373 3021 3428 hic
3071 3371 3280 3426 furtum
3319 3384 3482 3425 suum

1907 3471 2154 3544 prodidit
2203 3469 2391 3529 Josue,
2427 3467 2523 3535 qui
2567 3476 2623 3519 et
2669 3464 2851 3518 dixit:
2892 3481 2910 3514 ι
2949 3462 3019 3518 Ut
3059 3460 3194 3531 quid
3243 3457 3482 3512 turbasti

1908 3564 2042 3619 nos?
2091 3560 2351 3616 exturbet
2403 3565 2454 3612 te
2514 3553 2863 3609 Dominus“.
2907 3571 2926 3604 ι
2973 3552 3214 3620 Ecquem
3275 3547 3485 3616 recepit

1909 3637 2152 3709 fructum
2178 3651 2246 3704 de
2298 3648 2446 3702 furto
2496 3641 3009 3715 praevaricationis?
3055 3640 3192 3695 Cum
3225 3640 3484 3694 universo

1911 3746 2184 3817 siquidem
2211 3723 2428 3812 peculio
2462 3738 2579 3807 ipse
2616 3734 2919 3801 intercidit,
2949 3747 3012 3786 ac
3039 3741 3291 3785 mortuus
3313 3739 3420 3794 est,
3451 3745 3484 3783 a

1911 3839 2117 3911 populo
2165 3832 2448 3904 appetitus
2522 3826 2820 3896 lapidibus.
2851 3823 3146 3878 Zacharias
3189 3822 3481 3891 propheta,

1911 3932 1979 3987 de
2005 3925 2275 3999 ejusmodi
2299 3942 2313 3977 :
2347 3942 2364 3974 ι
2395 3923 2463 3976 Ει
2486 3917 2827 3990 ingredietur
2847 3913 3160 3968 maledictio
3182 3913 3238 3966 in
3261 3912 3485 3966 domum

1913 4022 2070 4085 furis,
2097 4028 2154 4073 et
2189 4018 2246 4072 in
2281 4017 2505 4070 domum
2530 4008 2789 4083 jurantis,
2829 4015 2885 4062 et
2913 4005 3129 4061 eversio
3160 4004 3251 4059 (iet
3281 4004 3339 4057 in
3367 4017 3487 4057 me-

1914 4115 2006 4170 dio
2027 4113 2223 4168 domus
2252 4109 2470 4163 illorum
2484 4107 2551 4159 ⁸⁵.
2590 4123 2610 4157 ›
2638 4102 2813 4157 Habet
2836 4099 2983 4155 enim
3008 4098 3096 4152 fur
3111 4099 3487 4169 juramentum

239 4208 413 4274 ξεσιν,
445 4205 633 4277 φημὶ),
663 4206 814 4274 πόσῳ
849 4205 1050 4274 μᾶλλον
1075 4206 1124 4257 ot
1146 4206 1212 4259 ἐκ
1235 4206 1346 4258 τῶν
1373 4204 1666 4276 ἀλλοτρίων
1691 4221 1706 4271 ;
1742 4203 1797 4256 Τί

1914 4221 2025 4277 quo
2070 4219 2130 4260 se
2159 4201 2316 4257 fulcit
2346 4214 2411 4254 ac
2453 4197 2652 4251 ﬁrmat.
2688 4194 2874 4263 Itaque
2904 4192 3114 4246 furtum
3157 4205 3320 4245 omne
3364 4205 3491 4244 ana-

239 4299 351 4367 γὰρ
405 4297 631 4368 κλέμμα
683 4295 954 4366 σύμϐολόν
1000 4297 1148 4350 ἐστιν
1197 4296 1293 4351 τοῦ
1348 4295 1680 4364 ἀφίστασθαι
1715 4297 1797 4364 τῆς

1916 4301 2098 4354 thema
2125 4297 2238 4351 "est.
2284 4289 2668 4347 Parmmiastes
2708 4304 2721 4339 :
2763 4304 2781 4336 ι
2813 4284 2892 4339 Ad
2922 4284 3039 4338 vias
3076 4283 3373 4352 impiorum
3415 4297 3486 4336 ne

241 4388 505 4460 ἀληθείας
528 4405 541 4418 ·
581 4387 783 4460 μᾶλλον
806 4389 862 4442 δέ
885 4389 978 4441 καὶ
1008 4389 1108 4458 τῆς
1141 4388 1466 4458 δεσποτικῆς
1496 4388 1797 4458 προδοσίας.

1919 4386 2238 4451 accesseris,
2269 4382 2366 4438 sed
2411 4378 2628 4435 declina
2661 4376 2729 4431 ab
2755 4375 2837 4430 eis
2863 4384 2918 4428 et
2945 4373 3167 4430 discede
3193 4373 3257 4425 ’°.
3296 4392 3314 4424 ι
3345 4371 3486 4426 Sane

243 4484 286 4537 Γ
289 4483 560 4551 έγραπτα.
614 4480 724 4550 γὰρ
777 4481 836 4532 ἐν
875 4481 953 4551 τῷ
991 4479 1135 4534 κατά
1173 4480 1430 4549 Ἰωάννην
1471 4479 1792 4550 Εὐαγγελίῳ

1915 4476 2216 4548 impietatis
2241 4481 2327 4528 est
2357 4471 2462 4526 sibi
2507 4468 2788 4522 vindicare
2825 4481 2946 4535 quae
2984 4464 3148 4519 alieni
3178 4463 3487 4533 suntjuris.

251 4591 272 4624 ι
313 4573 478 4640 Λέγει
504 4566 598 4624 οὖν
640 4566 721 4633 εἷς
745 4571 810 4624 ἐκ
853 4570 961 4624 τῶν
991 4570 1283 4640 μαθητῶν,
1335 4569 1535 4633 Ἰούδας
1581 4570 1797 4641 Σίμωνι

1917 4570 1974 4625 Si
2003 4569 2151 4624 enim
2196 4565 2286 4620 isti
2330 4570 2476 4617 recta
2512 4559 2742 4630 ingressi
2782 4557 3036 4617 fuissent,
3087 4554 3346 4608 nimirum
3399 4553 3488 4606 in-

259 4659 635 4730 Ἰσκαριώτης·
689 4659 788 4713 Διά
843 4659 897 4712 τί
946 4660 1106 4714 τοῦτο
1145 4659 1207 4713 τὸ
1257 4658 1428 4730 μύρον
1457 4660 1559 4712 οὐκ
1604 4657 1797 4729 ἐπράθη

1916 4657 2196 4713 venissent
2253 4651 2476 4708 semitas
2535 4647 2781 4719 iustitiae.
2833 4646 2963 4701 Jure
3013 4643 3180 4713 igitur
3230 4641 3487 4695 admonet

245 4751 578 4820 τριακοσίων
620 4751 893 4821 δηναρίων
921 4792 934 4814 ,
972 4751 1066 4806 καὶ
1111 4751 1266 4821 ἐδόθη
1325 4754 1598 4821 πτωχοϊς;
1650 4745 1797 4803 Εἶπεε

1918 4750 2122 4805 Paulus
2151 4764 2164 4800 :
2202 4765 2221 4796 ί
2274 4744 2353 4799 Ne
2391 4741 2655 4798 dederitis
2684 4741 2864 4794 locum
2895 4735 3113 4790 diabolo
3145 4754 3159 4786 :
3194 4732 3288 4802 qui
3334 4731 3486 4786 fura-
3554 4793 3562 4811 Δ

244 4845 306 4899 δέ
344 4843 537 4907 τοῦτο,
581 4843 678 4913 οὐχ
707 4843 789 4896 ὅτι
817 4845 947 4915 περὶ
979 4843 1088 4896 τῶν
1136 4843 1365 4914 πτωχῶν
1407 4841 1598 4914 ἔμελεν
1645 4842 1796 4912 αὑτῷ

1920 4839 2105 4903 batur,
2136 4837 2246 4907 jam
2276 4849 2346 4887 ne
2377 4832 2618 4894 furetur;
2657 4828 2831 4898 magis
2856 4835 3036 4880 autem
3087 4824 3322 4886 laboret,
3355 4835 3489 4890 ope-

247 4933 367 4989 anc
395 4934 478 4986 ὅτι
517 4932 760 5002 κλέπτης
787 4929 876 5005 ἦν,
897 4913 1000 4988 καὶ
1029 4935 1089 4988 τὸ
1113 4913 1500 5006 γλωσσόκομον
1532 4934 1695 5005 ἔχων,
1730 4952 1797 4989 κα

1923 4945 2052 4985 rans
2081 4928 2198 4984 suis
2225 4927 2481 4981 manibus
2504 4923 2651 4994 quod
2671 4923 2875 4977 bonum
2903 4928 3008 4984 cst,
3040 4927 3099 4973 ut
3121 4918 3318 4972 habeat
3349 4913 3494 4968 unde

247 5025 322 5080 τὰ
348 5023 652 5095 βαλλόμενα
678 5023 998 5090 ἐϐάσταζεν.
1038 5045 1056 5078 ι
1107 5027 1171 5079 Ὃ
1199 5025 1254 5078 δέ
1283 5025 1487 5094 Κύριος
1546 5025 1794 5096 μακροθύ

1923 5023 2130 5077 tribuat
2182 5018 2568 5074 necessitatem
2611 5015 2920 5070 habenti”.
2971 5033 2990 5065 ι
3034 5013 3287 5067 Rursus:
3333 5008 3492 5063 Novit

257 5135 374 5189 μως
415 5117 594 5172 πάντα
633 5118 848 5188 ἔφερεν.
879 5119 1036 5190 Αὐτῷ
1075 5121 1107 5190 ἡ
1157 5120 1284 5184 δόξα
1311 5121 1389 5184 εἰς
1424 5121 1552 5184 τοὺς
1596 5120 1797 5183 αἰῶνας

1922 5114 2191 5170 Dominus
2230 5111 2326 5181 qui
2371 5118 2500 5164 sunt
2537 5109 2658 5180 ejus
2675 5108 2743 5160 ³⁸.
2787 5107 2854 5160 Et
2888 5123 2902 5158 :
2942 5125 2960 5157 ε
2996 5103 3268 5160 Abscedat
3297 5101 3365 5155 ab
3393 5099 3508 5153 ini-

268 5209 323 5261 Ἀ
335 5208 462 5278 μήν.

1923 5206 2134 5277 quitate
2156 5203 2337 5259 omnis
2363 5201 2459 5272 qui
2494 5200 2741 5256 nominat
2770 5213 2972 5253 nomen
3017 5195 3234 5251 Domini
3253 5195 3319 5248 θ’.
3357 5213 3374 5244 ι
3430 5192 3496 5246 Ει

363 5360 603 5432 ηλΕΧοιΙ.
628 5372 720 5432 xx,
742 5355 932 5427 i5,16.
956 5361 1000 5393 ⁸⁵⁵
1029 5362 1193 5419 Iosue
1215 5381 1303 5432 vn,
1340 5364 1428 5421 25.

1531 5365 1575 5396 ’⁵
1615 5363 1842 5419 Zachar.
1877 5379 1930 5428 v,
1977 5361 2032 5415 5.

261 5430 370 5484 "ll
406 5430 544 5484 Tim.
587 5445 620 5482 ιι
654 5431 782 5492 ,19.
859 5433 904 5464 ⁹⁹
939 5432 1074 5486 ibid.

2129 5362 2176 5392 "
2202 5360 2364 5416 Prov.
2419 5374 2493 5425 tv,
2538 5357 2624 5424 Μ,
2668 5356 2756 5411 l5.
2872 5355 2918 5388 ⁸⁷
2945 5352 3147 5423 Ephes.
3174 5367 3245 5416 tv,
3279 5350 3369 5416 9.7,
3401 5348 3494 5404 ‘28.

1544 5539 1774 5596 VARIJE
1818 5536 2219 5595 LECTIONES.

338 5634 364 5675 δ
401 5633 600 5704 Ἄχαρ,
633 5633 743 5700 dic,
773 5635 992 5690 Acham.
