4030 6296
571 240 603 301 1
617 242 720 304 563
1811 242 2176 305 ANTIOCHI

2279 247 2559 308 ONACHI
3749 244 3884 308 1564

579 352 748 406 Infert
784 369 796 405 :
827 370 846 403 ι
877 349 934 407 Si
963 349 1092 421 quis
1119 348 1286 421 igitur
1311 363 1370 405 se
1407 347 1791 405 emundaverit
1849 351 1920 407 ab
1944 352 2052 416 his,
2083 353 2190 408 erit
2227 367 2322 410 vas
2365 356 2420 410 in
2469 355 2738 431 honorem
2800 356 3201 412 sanctiﬁcatum
3227 357 3270 411 ⁸.
3326 373 3348 409 ι
3389 357 3512 412 Per
3551 353 3879 424 Epistulam

575 441 732 512 jubet
761 454 819 498 et
853 443 978 500 Tito
1025 461 1039 498 :
1079 461 1097 494 ι
1129 442 1287 498 Servi
1321 449 1383 495 ut
1405 440 1518 496 sint
1543 440 1786 497 dominis
1824 445 1941 498 suis
1965 446 2202 516 subjecti
2231 449 2276 512 ³,
2307 466 2326 498 ι
2363 455 2531 519 utque
2559 448 2615 502 in
2682 450 2942 505 omnibus
3007 451 3120 505 sint
3152 450 3318 521 grati,
3385 464 3506 503 non
3571 449 3725 501 item
3752 464 3876 502 con-

579 535 936 598 tradicentes,
964 551 1078 591 non
1102 536 1370 600 furantes,
1409 533 1506 589 sed
1531 542 1592 588 ut
1615 549 1833 590 omnem
1859 535 2021 590 ﬁdem
2051 535 2431 592 demonstrent
2460 541 2680 597 bonam.
2713 543 2768 598 Si
2799 545 2947 598 enim
3011 545 3105 614 qui
3166 561 3237 600 ex
3301 544 3542 616 prsidiis
3619 544 3873 613 propriis

577 628 964 697 suppilarunt,
1005 627 1171 682 talem
1219 631 1574 694 reportaruut
1614 639 1684 681 ex
1732 625 1882 680 furto
1937 625 2147 679 exitum
2184 626 2473 697 (Ananiam
2503 630 2631 686 dico
2695 639 2753 685 et
2813 631 3165 701 Saphiram';
3213 641 3276 687 ut
3315 633 3374 686 in
3408 633 3871 702 apostolicorum

577 719 816 775 Actuum
863 720 1093 774 historia
1146 718 1425 788 proditum
1470 719 1602 789 est),
1649 729 1859 788 quanto
1907 718 2150 773 atrocius
2187 719 2312 774 illos
2342 731 2527 776 manet
2584 723 2937 793 supplicium,
2974 724 3070 793 qui
3109 740 3178 779 ex
3233 723 3420 778 alieno
3445 723 3787 791 compilant
3823 733 3870 776 et

579 809 850 864 arrodunt
883 809 1146 879 peculio?
1182 808 1466 880 Ejusmodi
1529 809 1678 863 enim
1731 807 1935 862 furtiva
1967 807 2284 876 compilatio
2321 811 2538 878 pararia
2572 821 2658 867 est
2705 811 2922 868 consilii
2957 829 3068 882 quo
3123 813 3193 867 ab
3225 813 3344 882 ipsa
3407 813 3661 867 deﬁcias
3729 814 3873 868 veri-

579 911 717 963 tate.
765 905 937 974 magis
979 912 1164 960 autem
1205 913 1402 960 auctor
1453 903 1754 959 Dominicae
1792 903 2144 974 proditionis.
2189 902 2467 974 Scriptum
2493 909 2698 978 quippe
2731 919 2815 964 est
2875 910 2928 964 in
2988 909 3214 965 Joannis
3242 909 3554 979 Evangelio
3592 928 3604 963 :
3655 911 3873 982 1095

587 1015 609 1049 ι
648 997 791 1052 Dicit
820 999 989 1069 igitur
1013 1013 1158 1054 unus
1176 1013 1243 1053 ex
1265 998 1553 1068 discipulis
1611 999 1785 1067 ipsius
1845 998 2015 1054 ludas
2045 997 2288 1052 Simonis
2321 998 2412 1054 ille
2449 1000 2740 1058 lscariotes
2771 1021 2785 1057 :
2812 1023 2829 1055 ι
2871 1004 3073 1073 Ulqnid
3112 1011 3452 1074 unguentum
3535 1003 3708 1057 istud
3768 1020 3870 1058 non

586 1090 758 1144 veniit
792 1090 1052 1145 trecentis
1073 1091 1334 1156 denariis,
1359 1091 1622 1145 etdatum
1659 1099 1745 1144 est
1765 1087 2151 1160 pauperibus?
2191 1089 2339 1144 Dixit
2359 1102 2541 1146 autem
2569 1094 2698 1158 hoc,
2733 1108 2847 1148 non
2914 1095 3041 1164 quia
3081 1094 3150 1149 de
3205 1095 3562 1164 pauperibus
3606 1111 3762 1150 cura
3797 1097 3868 1150 illi

579 1190 722 1247 erat,
773 1183 867 1238 sed
904 1183 1033 1252 quia
1070 1182 1160 1236 fur
1198 1193 1319 1238 erat
1355 1191 1411 1238 et
1483 1183 1696 1238 loculos
1763 1181 2023 1244 habebat,
2064 1189 2121 1235 et
2159 1195 2223 1235 ea
2261 1197 2382 1250 quae
2410 1186 2807 1250 mittebantur,
2839 1186 3163 1256 exportabat
3193 1187 3236 1241 ⁸.
3286 1205 3304 1238 ι
3337 1187 3628 1243 Dominus
3680 1199 3868 1243 autem

583 1273 727 1329 nihil
773 1289 882 1328 non
925 1273 1240 1345 perferebat
1274 1273 1679 1344 longanimiter.
1705 1272 1822 1342 .lpsi
1877 1270 2050 1342 gloria
2102 1270 2159 1323 in
2197 1275 2396 1326 saecula
2429 1275 2778 1330 saeculorum.
2808 1277 3002 1330 Amen.

1138 1383 1424 1441 HOMILIA
1453 1383 1615 1439 XLII.

2859 1390 3078 1443 ΛΟΓΟΣ
3113 1391 3248 1444 MB'.

1173 1496 1250 1551 De
1283 1497 1576 1551 mendacio.

665 1610 1011 1666 Mendacium
1045 1625 1273 1680 prorsus
1311 1609 1669 1664 interdictum
1700 1609 2029 1665 Christianis
2055 1615 2164 1663 est.

593 1702 666 1759 Ut
691 1702 840 1756 enim
867 1718 992 1756 vera
1026 1703 1123 1771 qui
1169 1702 1434 1771 loquitur,
1472 1703 1628 1757 verbi
1654 1701 1904 1756 veritatis
1928 1716 1987 1755 se
2027 1698 2166 1754 nihil

592 1792 830 1846 obscure
863 1791 1108 1846 declarat
1129 1807 1252 1848 esse
1274 1809 1530 1860 servum;
1555 1793 1629 1848 ita
1657 1793 1752 1862 qui
1777 1807 1872 1848 ore
1895 1792 2032 1846 nihil
2059 1791 2166 1846 du-

595 1883 735 1938 bitat
779 1883 1065 1939 mendacia
1093 1884 1439 1954 depromere,
1489 1885 1796 1955 mancipem
1829 1899 1887 1939 se
1919 1899 2040 1939 esse
2065 1883 2168 1938 de-

595 1984 864 2030 monstrat
889 1977 1044 2031 verbi
1081 1969 1398 2044 mendacis;
1430 1980 1604 2050 magis
1634 1992 1767 2033 vero
1813 1979 1986 2048 patris
2013 1993 2167 2032 men-

595 2066 748 2122 dacis
784 2085 798 2124 τ
855 2088 873 2120 ι
911 2070 957 2125 Α
983 2086 1093 2140 quo
1144 2074 1291 2127 enim
1317 2073 1443 2143 quis
1475 2073 1653 2128 victus
1705 2080 1810 2136 est,
1843 2073 1975 2127 huic
2003 2081 2060 2127 et
2111 2073 2169 2127 in

596 2161 918 2216 servitutem
954 2163 1222 2235 redigitur
1250 2168 1292 2230 ⁵,
1335 2185 1353 2218 ι
1382 2167 1460 2219 ait
1484 2165 1700 2220 Petrus.
1743 2164 1883 2219 Sunt
1904 2164 2052 2219 enim
2079 2164 2166 2218 in-

599 2259 683 2306 ter
712 2252 908 2308 anima:
939 2254 1166 2310 vitiosas
1199 2255 1520 2310 atl‘ectiones
1548 2257 1824 2326 pleraeque
1855 2257 1996 2322 aliae,
2029 2272 2169 2326 quas

597 2343 683 2398 vel
716 2342 834 2412 ipso
867 2355 1078 2400 naturae
1113 2361 1280 2401 sensu
1322 2347 1788 2416 deprehendimus
1823 2363 1946 2403 esse
1968 2361 2169 2416 pecca-

598 2443 692 2498 ta;
735 2434 1087 2491 mendacium
1131 2445 1314 2493 autem
1341 2477 1357 2501 ,
1401 2437 1494 2492 ubi
1547 2437 1866 2493 assiduitate
1910 2438 2170 2494 occalluit

595 2533 764 2592 atque
808 2525 1102 2590 induruit,
1135 2541 1204 2581 ne
1235 2541 1379 2581 unus
1419 2527 1641 2596 quidem
1688 2528 1966 2600 intelligit,
2003 2544 2168 2599 quam

600 2615 672 2670 sit
716 2615 832 2672 haec
891 2616 1060 2672 animi
1110 2618 1378 2688 agritudo
1425 2618 1687 2685 molesta,
1739 2619 1850 2675 imo
1907 2621 2166 2678 exitialis.

2815 1503 2956 1570 Περὶ
2989 1502 3280 1570 ψεύδους.

2337 1611 2411 1665 Τὸ
2431 1611 2625 1680 ψεῦδος
2645 1613 2814 1684 ἄρδην
2836 1615 3211 1685 ἀπηγόρευται
3226 1615 3616 1686 Χριστιανοίς.
3650 1616 3864 1687 Ὠσπερ

2266 1702 2377 1772 γὰρ
2401 1703 2432 1754 ό
2470 1703 2850 1773 ἀληθινολάλος
2897 1705 3084 1767 δοῦλός
3137 1707 3286 1757 ἐστιν
3327 1703 3427 1757 τοῦ
3467 1705 3750 1773 ἀληθινοῦ
3779 1707 3860 1759 λό-

2267 1809 2364 1861 γου
2388 1810 2400 1823 ·
2434 1794 2605 1858 οὕτως
2622 1795 2714 1847 καὶ
2737 1795 3102 1865 ὁψευδολόγος
3123 1795 3217 1847 τοῦ
3243 1793 3476 1863 ψευδοῦς
3499 1795 3701 1863 λόγου,
3732 1798 3863 1865 p11-

2268 1883 2358 1937 λον
2386 1885 2444 1939 δὲ
2472 1884 2564 1938 τοῦ
2585 1886 2792 1956 πατρὸς
2821 1885 2913 1940 τοῦ
2929 1885 3178 1956 ψεύδουςο
3214 1903 3234 1936 ‹
3268 1879 3338 1955 Ὦ
3368 1888 3481 1955 γάρ
3511 1902 3607 1949 τις
3625 1928 3641 1948 ,
3675 1889 3858 1955 φησιν,

2267 1978 2534 2048 ἥττηται,
2603 1979 2780 2049 τούτῳ
2843 1979 2942 2032 καὶ
2990 1978 3334 2032 δεδούλωται.
3381 1997 3401 2030 ι
3437 1979 3525 2031 Τὰ
3604 1979 3713 2047 μὲν
3759 1979 3858 2048 rip

2269 2069 2491 2122 πλείονα
2524 2069 2633 2123 τῶν
2659 2070 2837 2124 ἄλλων
2868 2068 3058 2123 παθῶν
3087 2069 3461 2138 αἰσθανόμεθα
3485 2069 3578 2122 ὅτι
3611 2071 3857 2139 ἁμαρτία

2267 2160 2440 2226 ἐστὶν,
2466 2161 2527 2214 τὸ
2559 2161 2615 2214 δὲ
2657 2161 2852 2230 ψεῦδος
2882 2163 2948 2214 ὲκ
2979 2160 3073 2214 τοῦ
3103 2161 3270 2214 αὐτοῦ
3312 2160 3689 2230 ὲνδελεχίζειν
3739 2162 3856 2213 οὐδὶ

2271 2252 2432 2320 ίσμεν
2457 2267 2470 2282 ·
2509 2252 2592 2305 ὅτι
2639 2250 2876 2320 χαλεπὸν
2924 2253 3020 2305 καὶ
3055 2252 3298 2322 ὀλέθριόν
3339 2254 3515 2305 ἔστιν.
3566 2255 3726 2306 Πάνυ
3756 2253 3856 2322 γὰρ

2271 2341 2425 2412 παρά
2456 2345 2522 2412 τῇ
2557 2343 2680 2411 θείᾳ.
2712 2343 2907 2412 Γραφῆ
2938 2343 3336 2413 ἀπηγόρευται,
3360 2344 3462 2396 καὶ
3500 2344 3661 2396 ἐστιν
3697 2349 3855 2415 χαλε-

2273 2431 2520 2502 πώτερον
2547 2433 2763 2488 πάντων
2789 2432 2899 2487 τῶν
2930 2434 3140 2487 παθῶν.
3176 2434 3392 2500 ’Ὠσπερ
3418 2434 3537 2504 γὰρ
3585 2435 3648 2488 τδ
3687 2436 3854 2506 στόμα

2271 2522 2366 2579 τοῦ
2409 2524 2680 2594 ἀψεύστου
2708 2526 2996 2595 ἁγιάζεται
3037 2526 3104 2580 ὲκ
3152 2525 3250 2594 τῆς
3282 2524 3548 2595 ἀληθείας
3593 2529 3612 2594 (
3650 2546 3671 2578 ι
3722 2526 3854 2595 Ἐγὼ

2273 2619 2382 2688 γάρ
2420 2620 2535 2688 είμι
2570 2620 2604 2688 ή
2641 2618 2890 2687 ἀλήθεια,
2930 2619 3095 2687 φησὶν
3117 2620 3144 2671 ό
3173 2615 3378 2688 Κύριος
3413 2636 3432 2669 ι
3463 2618 3521 2686 )·
3551 2618 3735 2681 οὕτως
3766 2635 3854 2688 μο-

601 2704 833 2760 Prorsus
872 2709 1157 2764 sanctione
1192 2710 1394 2764 divinae
1434 2711 1732 2780 Scriptura:
1783 2713 2170 2769 interdicimur

2279 2710 2489 2762 lﬁvstat
2527 2711 2557 2762 ὁ
2591 2708 2921 2779 ψευδόμενος
2950 2711 3016 2762 ἔκ
3054 2708 3148 2762 τοῦ
3175 2708 3383 2778 πατρὸς
3414 2708 3590 2761 αὐτοῦ
3619 2709 3722 2762 τοῦ
3745 2709 3852 2762 δια-

601 2795 910 2850 mendacio.
952 2797 1050 2852 Est
1077 2798 1225 2852 enim
1272 2800 1482 2854 caeteris
1512 2803 2020 2870 perturbationibus
2049 2807 2170 2860 ani-

602 2902 704 2942 mae
727 2903 834 2942 non
855 2889 1014 2957 paqu
1040 2889 1164 2959 plus
1186 2889 1424 2944 aﬂerens
1441 2893 1706 2946 molestia:
1728 2902 1891 2962 atque
1917 2896 2168 2963 periculi.

610 2999 628 3030 ι
679 2980 790 3050 Ego
819 2981 967 3036 enim
999 2997 1142 3046 sum,
1174 2982 1252 3036 ait
1273 2983 1560 3046 Dominus.
1596 2985 1802 3039 veritas
1823 2995 1879 3039 et
1910 2987 2018 3040 vita
2042 2990 2062 3020 ⁸
2090 3006 2104 3041 :
2147 3008 2165 3041 ι

586 3071 740 3126 :adeo
775 3086 834 3126 se
857 3071 1109 3142 inquinat
1137 3089 1202 3128 ac
1219 3074 1465 3131 defoedat
1481 3076 1730 3145 quisquis
1757 3079 1930 3146 patris
1969 3080 2173 3136 diaboli

551 3207 553 3209 .
603 3165 964 3232 persuasione
1015 3164 1216 3219 falsum
1244 3165 1350 3220 sibi
1382 3177 1599 3236 arrogat
1637 3184 1838 3222 nomen
1864 3188 1878 3223 :
1904 3187 1993 3225 res
2024 3173 2172 3227 enim

592 3253 720 3322 “ipsa
757 3255 1068 3312 luculenter
1111 3257 1273 3310 docet
1317 3257 1664 3313 mendacium
1731 3275 1761 3313 a
1801 3262 1944 3315 malo
2005 3263 2174 3331 proﬁ-

593 3345 758 3398 ‘cisci.
786 3344 891 3411 Qui
917 3346 1082 3416 igitur
1101 3347 1387 3401 veritatem
1419 3348 1616 3419 diligit,
1649 3350 1787 3403 nihil
1818 3351 2054 3406 obscure
2084 3353 2176 3408 hic

601 3435 896 3491 Dominum
924 3446 980 3491 et
1012 3437 1209 3507 diligit.
1244 3439 1355 3492 Lex
1386 3439 1478 3493 illa
1505 3441 1660 3508 prior
1686 3441 1867 3496 edicto
1903 3453 2079 3506 cavet,
2105 3458 2176 3498 ne

605 3529 729 3598 quis
753 3529 1018 3584 adversus
1036 3530 1350 3598 proximum
1375 3531 1571 3586 falsum
1594 3533 1740 3588 dicat
1765 3535 2134 3589 testimonium
2159 3551 2172 3589 :

597 3618 910 3688 eademque
955 3621 1134 3690 jubet,
1173 3621 1404 3676 verbum
1429 3637 1591 3676 omne
1654 3622 1904 3692 iniquum
1941 3636 2002 3678 ut
2022 3640 2177 3678 aver-

602 3725 751 3766 sere.
783 3709 890 3766 Sed
913 3720 969 3767 et
993 3711 1272 3782 Sapientia
1307 3731 1319 3767 :
1349 3731 1368 3764 ι
1400 3713 1473 3770 Os
1497 3714 1643 3784 quod
1668 3715 1953 3780 mentitur,
1974 3715 2178 3772 occidit

607 3799 846 3855 animam
875 3802 918 3855 ⁷.
957 3820 976 3854 ι
1025 3803 1238 3857 Rursus
1275 3819 1288 3856 :
1335 3821 1353 3853 ι
1405 3803 1484 3858 Ne
1536 3819 1730 3858 exares
1770 3813 1827 3858 et
1878 3804 2178 3861 concinnes

607 3891 956 3947 mendacium
998 3893 1264 3949 adversus
1309 3893 1534 3950 fratrem
1584 3903 1764 3958 tuum,
1811 3905 1869 3950 et
1908 3911 1979 3950 ne
2038 3897 2178 3952 velis

608 3983 832 4038 mentiri
883 3998 1046 4038 omne
1096 3984 1485 4051 mendacium;
1533 3985 1826 4040 assiduitas
1873 3987 2019 4041 enim
2058 3989 2178 4058 ejus

608 4087 720 4127 non
771 4072 915 4128 cedit
944 4074 1151 4129 bonum
1175 4076 1216 4127 ⁸.
1259 4093 1278 4127 ι
1323 4076 1574 4130 Rursus:
1609 4094 1628 4126 ι
1661 4077 1931 4132 Accendit
1959 4079 2178 4134 menda-

609 4164 755 4217 cium
787 4165 944 4219 testis
975 4165 1198 4234 iniquus
1219 4165 1260 4230 ',
1301 4184 1320 4216 ι
1355 4167 1526 4222 mittit
1557 4167 1941 4224 accusationes
1979 4168 2034 4223 in
2065 4185 2179 4226 me-

611 4252 766 4306 dium
819 4253 1071 4309 fratrum.
1115 4255 1282 4310 Isaias
1322 4257 1451 4311 item
1495 4257 1563 4313 de
1610 4258 1704 4313 illo
1732 4275 2012 4329 nunquam
2068 4277 2180 4318 non

611 4341 873 4404 mendaci
896 4344 1099 4413 populo
1115 4344 1183 4400 ad
1206 4344 1348 4400 hanc
1371 4346 1617 4416 loquitur
1636 4347 1930 4402 formulam
1959 4368 1972 4402 :
2007 4370 2025 4400 ι
2049 4350 2184 4408 Pro-

612 4441 736 4499 pter
767 4433 1028 4488 malitiam
1063 4434 1335 4490 labiorum
1355 4479 1370 4502 ,
1398 4452 1497 4506 per
1525 4438 1768 4508 linguam
1791 4439 2022 4495 alteram
2050 4443 2118 4495 “.
2157 4461 2176 4494 ι
2220 4484 2222 4486 .

615 4521 826 4577 Rursus
910 4542 928 4574 ‹
962 4524 1031 4579 Ει
1058 4526 1344 4595 posuimus
1369 4528 1714 4582 mendacium
1736 4545 1889 4599 spem
1913 4541 2178 4598 nostram,

613 4621 671 4667 et
703 4614 987 4669 mendacio
1017 4618 1248 4685 protecti
1283 4634 1473 4674 sumus
1503 4620 1569 4673 “.
1602 4638 1620 4670 ι
1659 4619 1765 4675 Sed
1790 4629 1847 4676 et
1873 4623 2140 4680 Jeremias
2169 4643 2181 4678 :

624 4724 641 4756 ι
673 4705 813 4772 Quia
843 4706 1189 4762 mendacium
1217 4719 1273 4764 et
1297 4725 1406 4764 non
1437 4709 1573 4765 ﬁdes
1609 4711 1850 4770 invaluit.
1869 4729 2037 4784 super
2073 4725 2186 4772 ter-

617 4811 734 4850 ram
767 4798 830 4851 ³⁸.
859 4798 1029 4852 David
1058 4815 1278 4869 quoque
1311 4818 1325 4854 :
1365 4819 1382 4853 ι
1412 4801 1536 4856 Filii
1560 4803 1725 4857 alieni
1749 4804 2035 4862 inveterati
2059 4819 2188 4865 sunt

607 4895 672 4940 ,ει
702 4886 1152 4942 claudicaverunt
1175 4905 1206 4943 a
1239 4891 1449 4946 semitis
1481 4892 1596 4949 suis
1627 4894 1694 4949 ’³.
1729 4914 1746 4946 ι
1783 4895 2066 4965 Siquidem
2094 4901 2188 4970 qui

607 4979 784 5034 alieni
817 4996 849 5034 a
893 4982 1125 5037 veritate
1157 4992 1288 5038 sunt
1330 4985 1521 5054 utique
1560 4987 1894 5055 claudicant,
1925 5006 2124 5060 nempe
2156 5008 2188 5047 a

618 5070 957 5127 rectitudine
995 5072 1096 5128 viae
1148 5073 1305 5144 (qua:
1350 5075 1601 5133 Christus
1624 5081 1742 5147 est)
1793 5083 2096 5137 transversi
2126 5099 2189 5138 ac

610 5161 818 5218 detorti
854 5182 867 5218 :
897 5182 914 5214 ι
944 5165 1057 5235 Ego
1080 5167 1228 5221 enim
1255 5167 1344 5221 via
1372 5184 1492 5224 sum
1511 5179 1567 5225 et
1595 5171 1800 5227 veritas
1823 5172 1886 5238 ¹⁶,
1927 5191 1944 5224 ι
1975 5173 2052 5228 ait
2083 5175 2188 5231 Do-

531 5273 540 5282 -
615 5253 823 5309 minus.
877 5255 946 5310 Et
971 5256 1104 5311 illud
1149 5275 1160 5312 :
1219 5278 1235 5309 ι
1293 5259 1509 5316 Inimici
1548 5263 1765 5316 Domini
1797 5265 2012 5320 mentiti
2059 5275 2188 5320 sunt

2270 2801 2451 2855 δόλου.
2493 2799 2566 2853 Τὸ
2592 2801 2700 2872 γὰρ
2725 2800 2920 2869 ψεῦδος
2947 2801 3012 2854 ὲκ
3037 2799 3133 2853 τοῦ
3165 2797 3405 2868 πονηροῦ
3449 2794 3596 2851 εἶναι
3625 2799 3851 2867 eaq-25x6

2271 2893 2476 2963 Κύριος
2502 2893 2763 2946 διδάσκει.
2798 2893 2856 2946 '0
2878 2889 2970 2946 οὖν
2995 2890 3223 2960 ἀγαπῶν
3252 2891 3348 2960 τὴν
3378 2889 3670 2960 ἀλήθειαν,
3702 2890 3852 2960 δῆλτν

2270 2984 2353 3037 ὅτι
2384 2983 2476 3036 τὸν
2509 2981 2711 3051 Κύριον
2745 2981 2969 3052 ἀγαπᾷο
2999 2982 3096 3034 καὶ
3129 2983 3158 3033 ὁ
3192 2981 3402 3051 χαίρων
3433 2980 3515 3045 τῷ
3554 2979 3766 3048 ψεύδει,
3796 2980 3852 3031 τὸ

2274 3075 2486 3144 θέλημα
2510 3073 2603 3126 τοῦ
2625 3073 2922 3142 δυσμενοῦς
2944 3073 3152 3141 ἀγαπᾷ.
3179 3072 3400 3141 Πρῶτος
3424 3074 3452 3124 ὁ
3482 3071 3652 3140 νόμος
3685 3087 3853 3138 napa-

2275 3163 2557 3217 κελεύεται
2577 3179 2590 3194 ·
2614 3163 2690 3217 Οὐ
2722 3161 3269 3231 ψευδομαρτυρήσεις
3311 3159 3456 3212 κατὰ
3487 3157 3588 3211 τοῦ
3632 3159 3852 3228 πλησίον

2277 3271 2370 3308 σου
2413 3255 2718 3325 μαρτυρίαν
2742 3253 2914 3324 ψευδῆ
2948 3267 2962 3282 ³
2997 3253 3104 3307 ἀπὸ
3139 3251 3337 3315 παντὸς
3380 3253 3632 3322 ῥήματος
3669 3252 3850 3305 ἀδίκου

2276 3345 2586 3415 ἀποστήσῃ.
2629 3345 2740 3399 Καὶ
2773 3346 2806 3416 ὴ
2843 3343 3033 3411 Σοφία·
3073 3361 3093 3395 ι
3155 3343 3338 3410 Στόμα
3375 3342 3851 3412 καταψευδόμενον

2276 3437 2493 3506 ἀναιρεῖ
2517 3436 2717 3506 ψυχήν.
2765 3454 2784 3486 ι
2828 3436 2937 3488 Kal
2987 3435 3172 3487 πάλιν·
3205 3452 3226 3486 ι
3262 3434 3357 3504 Μὴ
3392 3434 3629 3505 ἀροτρία
3658 3433 3851 3502 ψεῦδος

2277 3529 2368 3580 ἐπὶ
2391 3529 2620 3597 ἀδελφόν
2644 3545 2760 3592 σου,
2789 3529 2885 3580 καλ⁸
2921 3527 2996 3597 μὴ
3021 3527 3144 3579 θέλε
3172 3525 3405 3595 ψεύδεσθ
3416 3543 3468 3579 1t
3498 3529 3610 3579 πᾶν
3638 3526 3847 3596 ψεῦδος.

2289 3618 2346 3671 Ὀ
2376 3619 2487 3689 γὰρ
2532 3619 2912 3689 ἑνδελεχισμδς
2960 3617 3126 3672 αὐτοῦ
3157 3619 3257 3670 οὐκ
3291 3620 3372 3681 εἰς
3411 3617 3643 3684 ἀγαθόν.
3683 3637 3704 3668 ι
3743 3620 3848 3671 Kal

2279 3709 2463 3774 πάλιν,
2531 3728 2550 3761 ι
2600 3709 2844 3764 Ἐκκαίει
2903 3707 3099 3778 ψεῦδος
3157 3709 3368 3777 μάρτυς
3423 3708 3634 3769 ἄδικος,
3691 3727 3710 3758 ι
3761 3710 3851 3760 καὶ

2280 3800 2584 3870 ἐπιπέμπει
2607 3799 2817 3869 κρίσεις
2844 3800 2946 3852 ἀνὰ
2974 3799 3139 3867 μέσον
3161 3799 3426 3867 ἀδελφῶν.
3467 3799 3527 3852 Ὀ
3556 3799 3614 3852 δὲ
3630 3800 3851 3864 Ἡσαΐας

2279 3891 2408 3960 περὶ
2435 3889 2529 3942 τοῦ
2558 3888 2882 3959 ἀειψεύστου
2909 3887 3039 3940 λαοῦ
3089 3886 3264 3950 οὕτως
3294 3888 3483 3957 φησίν·
3519 3905 3539 3939 ι
3577 3889 3675 3940 Διὰ
3715 3906 3851 3957 φαν-

2280 3981 2471 4051 λισμδν
2501 3982 2743 4050 χειλέων.
2777 3982 2872 4034 καὶ
2892 3981 2981 4035 διὰ
3017 3978 3267 4050 γλώσσης
3303 3981 3519 4049 ἑτέρας.
3565 3998 3585 4031 ι
3614 3981 3727 4033 Kal
3765 3976 3853 4034 αὖ·

2282 4070 2368 4133 θις
2387 4087 2401 4101 ·
2444 4089 2463 4122 ι
2497 4073 2608 4126 Kal
2630 4071 2911 4140 ἐθήκαμεν
2949 4069 3145 4139 ψεῦδος
3171 4070 3268 4140 τὴν
3314 4071 3504 4124 ἐλπίδα
3527 4071 3687 4140 ἡμῶν
3715 4113 3729 4135 ,
3767 4072 3856 4123 καὶ

2281 4159 2358 4231 τῷ
2405 4160 2596 4231 ψεύδει
2641 4159 3161 4228 σκεπασθησόμεθα.
3233 4178 3252 4210 ι
3316 4160 3426 4212 Kal
3484 4161 3513 4211 ὁ
3553 4159 3849 4227 Ἱερεμίας,

2289 4272 2307 4304 ι
2345 4254 2466 4307 Ὅτι
2522 4251 2757 4322 ψεῦδος,
2811 4253 2902 4306 καὶ
2955 4252 3018 4304 οὐ
3061 4252 3246 4314 πίστις
3298 4251 3582 4319 ἐνίσχυσεν
3628 4251 3721 4302 ἐπὶ
3761 4252 3853 4319 τῆς

2283 4345 2405 4414 γῆς.
2445 4363 2464 4396 ι
2502 4346 2560 4397 ὐ
2588 4345 2645 4398 δὲ
2671 4345 2832 4398 Δαυῖδ
2851 4363 2865 4378 ο
2903 4363 2922 4397 ι
2960 4345 3081 4398 Υίοὶ
3111 4343 3381 4412 ἀλλότριοι
3406 4341 3706 4410 acassam
3737 4359 3852 4411 μοι·

2285 4439 2389 4491 υίο).
2439 4436 2710 4506 ἀλλότριοι
2757 4435 3178 4507 ὲπαλαιώθησαν
3210 4454 3223 4467 ·
3277 4435 3372 4488 καὶ
3419 4434 3700 4504 ἐχὼλαναν
3755 4435 3856 4487 ἀπὸ

2283 4528 2394 4582 τῶν
2413 4528 2614 4600 τρίϐων
2642 4528 2842 4582 αὐτῶν.
2881 4547 2900 4580 ι
2923 4531 2985 4581 Ui
3002 4528 3112 4600 γὰρ
3147 4527 3420 4597 ἀλλότριοι
3451 4526 3553 4594 τῆς
3583 4525 3852 4594 ἀληθείας,

2287 4619 2637 4691 χωλαίνουσιν
2676 4619 3044 4689 ἐκτραπέντες
3063 4620 3163 4690 τῆς
3183 4619 3394 4680 εὐθείας
3411 4617 3554 4681 ὀδοῦ,
3589 4619 3855 4670 τουτέστιν

2287 4712 2398 4766 ἀπὸ
2414 4712 2642 4783 Κυρίου.
2665 4712 2716 4782 (ι
2740 4711 2882 4781 Ἐγὼ
2908 4712 3014 4783 γάρ
3034 4714 3151 4782 εἰμι
3175 4713 3208 4781 ἡ
3236 4711 3352 4774 ὁδὸς
3378 4709 3474 4762 καὶ
3499 4712 3533 4778 ἡ
3562 4709 3808 4778 ἀλήθεια,
3832 4728 3848 4759 i

2289 4803 2454 4873 φησὶν
2491 4805 2520 4856 ὁ
2572 4802 2796 4875 Κύριος.
2832 4805 2850 4874 )
2883 4803 3031 4856 Καί·
3071 4823 3091 4854 ‹
3133 4803 3197 4855 Ol
3226 4801 3414 4872 ἐχθροὶ
3458 4800 3670 4871 Κυρίου
3709 4800 3856 4868 ederi-

2292 4912 2454 4949 σαντο
2486 4895 2664 4966 αὐτῷ·
2712 4915 2733 4949 ι
2763 4897 2859 4950 καὶ
2901 4896 2989 4949 διὰ.
3019 4895 3179 4949 τοῦτο
3214 4895 3480 4964 ἐμίσησεν
3501 4893 3707 4953 πάντας
3738 4894 3855 4953 τοὺς

2290 4987 2693 5058 ἐργαζομένους
2719 4988 2816 5058 τὴν
2860 4987 3114 5057 ἀνομίαν.
3140 4986 3283 5038 Καί·
3325 5005 3343 5037 ι
3385 4985 3632 5046 Ἀπολείς
3659 4984 3855 5046 πάντας

2288 5082 2416 5143 τοὺς
2471 5080 2766 5144 λαλοῦντας
2811 5081 2872 5133 τὺ
2918 5079 3132 5149 ψεῦδος.
3173 5096 3194 5128 ι
3218 5107 3289 5118 -
3318 5096 3338 5130 ‹
3377 5077 3504 5130 Ὀτι
3530 5076 3790 5145 ἐψεύσατο
3825 5077 3852 5144 ἡ

2293 5173 2475 5226 ἀδικία
2500 5172 2690 5242 ἑαυτῇ.
2735 5172 2906 5240 Χείλη
2935 5172 3044 5242 γὰρ
3075 5171 3225 5225 δόλια
3253 5173 3309 5224 ἐν
3351 5169 3553 5239 καρδίᾳ
3600 5168 3853 5238 ἐλάλησαν

2291 5263 2485 5334 ψευδῆ.
2528 5282 2545 5314 ι
2588 5265 2644 5317 Ὀ
2672 5265 2729 5317 δὲ
2760 5264 3069 5333 σοφώτατος
3092 5263 3346 5332 Σολομῶν
3373 5278 3388 5291 ⁸
3423 5281 3441 5313 ι
3473 5259 3579 5313 Δύο
3612 5259 3850 5328 αἰτοῦμαι

614 5345 669 5399 ei
689 5345 751 5398 ".
782 5364 800 5396 ι
831 5344 1173 5418 Quapropter
1195 5345 1326 5403 odio
1354 5351 1520 5406 habet
1546 5367 1739 5407 omnes
1769 5353 1861 5422 qui
1890 5364 2176 5423 operantul

2299 5355 2438 5425 πρὸς
2465 5354 2617 5422 Θεὸν,
2655 5355 2818 5424 φησίν
2842 5371 2858 5386 ο
2888 5356 2980 5424 Μὴ
3008 5353 3211 5424 ἀφέλῃς
3241 5351 3338 5406 ἀπ’
3372 5350 3508 5422 ἐμοῦ
3544 5351 3646 5422 “np?
3673 5349 3759 5404 τοῦ
3792 5348 3849 5420 μὶ

698 5479 785 5532 ¹1ῐ
815 5478 957 5534 Tim.
987 5500 1046 5543 ιι.
1078 5482 1168 5536 21.

627 5549 710 5597 ΙΙ.
809 5549 830 5580 ⁸
863 5550 1030 5597 Ennii.
1057 5568 1147 5597 vn-

623 5618 870 5682 “11,46.
949 5622 989 5652 ³⁵
1019 5622 1177 5676 Joan.
1221 5639 1329 5684 xn',
1369 5625 1420 5677 6.
1502 5628 1543 5657 ”
1590 5628 1920 5694 [‘sal.1.xxx,
1957 5629 2035 5682 lb'.

1247 5484 1266 5512 ²
1296 5483 1406 5537 Tit.
1435 5503 1492 5546 ll,
1530 5487 1582 5540 9.
1662 5487 1682 5518 ³
1711 5488 1832 5541 Act.
1862 5504 1914 5552 ν,
1960 5488 2012 5540 1.
2089 5489 2176 5546 ⁸1(

2279 5507 2401 5549 .xn,
2432 5488 2551 5543 4-6.
2629 5490 2649 5521 ³
2676 5489 2720 5543 11
2751 5491 2898 5545 Petr.
2931 5505 2988 5552 ιι.
3018 5488 3101 5542 l9.
3143 5488 3336 5543 ’Joan.
3362 5504 3476 5551 xlv,
3500 5487 3558 5542 6.
3634 5488 3790 5553 'Sap.
3813 5499 3848 5545 τ.

809 5549 846 5625 ⁸.
863 5550 1147 5625 Eccli._vn.
1191 5553 1276 5614 15,
1313 5555 1398 5607 14.
1474 5557 1494 5587 θ
1520 5556 1679 5609 Prov.
1707 5573 1776 5617 vr,
1814 5549 1910 5611 i9.
1978 5560 2019 5590 ¹⁰
2051 5560 2152 5616 lsn.

2279 5577 2372 5625 'Itl,
2399 5561 2482 5615 ll.
2566 5561 2604 5592 “
2641 5560 2772 5615 ibid.
2800 5560 2883 5616 l5.

2965 5561 3004 5592 ”
3056 5559 3174 5614 lino
3209 5558 3348 5615 Osce
3393 5574 3467 5624 iv,
3495 5559 3551 5612 2.
3653 5559 3695 5588 “
3723 5557 3840 5611 Psal.
