4030 6296
232 260 367 329 ἱ565

1152 277 1482 340 HOMILIA
1521 279 1742 338 XLIII.
1781 305 1851 314 —
1890 281 1988 340 DE
2036 282 2253 341 [NANI
2295 283 2605 342 GLORIA.

3351 276 3495 342 I566
3538 245 3566 260 ’

220 380 511 434 ἀποθανεῖν
547 395 561 410 '
624 383 858 451 μάταιον
887 383 1064 454 λόγον,
1101 391 1197 442 καὶ
1225 391 1419 462 ψευδῆ,
1456 395 1676 464 μακρὰν
1702 393 1796 447 ἀπ’

1925 397 2269 466 iniquitatem.
2294 398 2395 453 Et:
2421 417 2438 449 ι
2463 397 2667 452 Perdes
2686 411 2877 453 omnes
2893 397 2986 468 qui
3010 397 3313 466 loquuntur
3334 412 3488 450 meu-

215 473 354 542 ἐμοῦ
395 472 644 544 ποίησον.
673 474 962 548 Βδέλυγμα
999 481 1106 553 γὰρ
1130 483 1323 555 Κυρίῳ
1348 486 1500 557 χείλη
1528 485 1699 557 ψευδῆ
1731 501 1746 516 '
1776 488 1810 540 ό·

213 565 272 617 δὲ
309 565 482 619 ποιῶν
515 567 750 632 πίστεις,
779 571 969 636 δεκτὸς
999 576 1131 646 παρ’
1161 577 1350 633 αὐτοῦ.
1397 599 1416 632 ι
1462 611 1533 622 -—
1563 601 1582 635 ι
1619 586 1716 647 Ὃς
1747 584 1806 637 δέ

217 656 490 724 ἐρείδεται
525 658 621 711 ἐπὶ
650 659 922 728 ψεύδεσιν,
967 659 1122 730 οὗτος
1156 672 1414 738 ποιμανεῖ
1448 671 1704 742 ἀνέμους.
1740 674 1804 727 Ἦ

216 747 331 815 γάρ
353 746 558 835 ψευδὴς
583 749 807 817 γλῶσσα
866 758 1018 824 μισεῖ
1047 757 1326 828 ἀλήθειαν.
1369 779 1387 812 ›
1419 763 1530 816 Καί
1559 780 1574 795 ·
1605 783 1624 815 ι
1651 767 1806 835 Μάρ-

216 852 318 894 τυς
360 834 564 907 ψευδὴς
603 839 704 892 οὐκ
759 841 1108 915 ἀτιμώρητος
1149 847 1304 903 ἔσται
1333 867 1348 883 ε
1372 852 1410 903 .6
1466 853 1521 904 δὲ
1555 834 1806 920 ἐγκαλῶν

217 923 446 990 ἀδίκως,
501 927 562 980 οὐ
605 931 679 999 μὴ
730 931 990 1006 διασωθῇ.
1037 957 1054 988 ι
1097 938 1244 992 Καί·
1286 958 1306 993 ι
1337 941 1567 1013 Μάρτυς
1598 942 1807 1015 ψευδὴς

219 1017 531 1074 ἀπολεῖται.
569 1021 732 1093 ’Δνὴρ
763 1025 820 1078 δὲ
852 1027 1090 1098 ὑπήκοος
1119 1031 1552 1103 φυλασσόμενος,
1583 1034 1808 1106 λαλήσει

219 1108 507 1181 ἀλήθειαν.
548 1133 568 1166 ι
609 1116 718 1170 Καὶ
753 1119 917 1174 πάλιν
943 1138 956 1152 ·
1004 1140 1022 1173 t
1059 1123 1151 1194 Μὴ
1187 1123 1296 1177 ἴσθι
1337 1123 1539 1196 ψευδὴς
1597 1127 1811 1198 μάρτυς

223 1202 325 1257 ἐπὶ
358 1204 450 1259 σδν
490 1207 738 1280 πολίτην,
774 1230 794 1264 ι
842 1214 1140 1280 τουτέστιν,
1189 1215 1282 1269 ἐπὶ
1332 1216 1423 1270 σὺν
1462 1219 1758 1288 όμόπιστον
1793 1237 1807 1250 ·

230 1312 248 1344 ι
283 1294 437 1363 Μηδὲ
470 1296 744 1350 πλατύνου
777 1299 872 1352 ἐπὶ
911 1302 1026 1364 σοῖς
1080 1302 1337 1371 χείλεσιν.
1373 1322 1390 1355 ι
1443 1304 1554 1359 Καὶ
1611 1305 1769 1368 ἀλλος
1793 1319 1808 1336 ·

229 1403 250 1437 ι
293 1386 484 1457 μῶμος
524 1389 785 1468 πονηρὸς,
813 1390 1013 1461 ψεῦδος
1043 1394 1100 1445 ἐν
1122 1394 1416 1467 ἀνθρώπῳ.
1453 1396 1512 1449 '0
1534 1397 1587 1450 δὲ
1622 1398 1813 1462 πιστὸς

229 1477 440 1546 μάρτυς
481 1479 541 1532 ού
592 1479 868 1549 ψεύδεται.
936 1501 955 1534 ι
1004 1484 1114 1536 Καὶ
1151 1484 1313 1539 πάλιν
1339 1499 1356 1516 ⁶
1400 1503 1418 1537 ι
1449 1487 1690 1550 Ἀκακος
1723 1505 1814 1540 πι-

225 1565 410 1620 στεύει
443 1568 608 1622 παντὶ
639 1567 804 1638 λόγῳ,
855 1571 1162 1643 πανοῦργος
1206 1575 1262 1628 δὲ
1295 1573 1514 1646 ἔρχεται
1539 1577 1619 1639 είς
1645 1577 1811 1647 μετά-

1906 485 2127 541 dacium
2151 487 2213 541 ¹⁶.
2242 507 2260 538 ι
2286 487 2390 541 Et:
2427 506 2445 538 ι
2471 486 2606 554 Quia
2634 486 2863 541 mentita
2892 496 2976 540 est
2999 484 3259 555 iniquitas
3286 483 3390 538 sibi
3420 483 3484 549 ι’,

1904 578 2049 633 labia
2075 579 2220 633 enim
2245 579 2433 633 dolosa
2458 580 2517 633 in
2531 579 2698 633 corde
2711 586 2767 632 et
2784 579 2838 632 in
2859 577 3219 632 cordelocuta
3236 582 3366 630 sunt
3389 574 3432 606 ¹⁶
3462 599 3480 626 ο

1905 671 2440 740 mendacium.Quin
2471 671 2917 742 sapientissimus
2942 670 3200 724 Salomon
3227 669 3341 723 Deo
3371 669 3448 722 ait
3472 686 3484 720 :

1912 783 1931 817 ‹
1958 765 2078 820 Duo
2103 777 2232 821 sunt
2257 781 2381 836 quae
2410 774 2558 836 peto,
2588 783 2656 822 ne
2683 767 2919 836 deneges
2941 765 3058 819 sive
3085 763 3302 817 auferas
3325 779 3354 816 a
3378 777 3503 827 me,.

1907 859 2230 926 priusquam
2251 859 2473 912 moriar.
2503 858 2825 913 Sermonem
2853 872 3055 910 vanum
3079 871 3141 910 ac
3169 854 3503 908 mendacem

1913 947 2124 1017 1095
2141 948 2301 1017 longe
2321 948 2406 1002 fac
2430 963 2458 1001 a
2481 963 2566 1001 me
2583 947 2647 999 ¹’.
2663 945 3018 1001 Abominatio
3042 943 3187 997 enim
3213 939 3356 1010 apud
3381 939 3506 993 Do-

1908 1037 2118 1091 minum
2140 1037 2285 1091 labia
2310 1037 2630 1102 mendacia;
2658 1037 2753 1105 qui
2782 1047 2967 1089 autem
3002 1032 3179 1087 fidelis
3198 1038 3303 1094 est,
3333 1044 3491 1083 acce-

1910 1133 2040 1196 ptus
2062 1135 2146 1181 est
2163 1126 2309 1196 apud
2347 1127 2520 1180 Deum
2548 1125 2616 1177 ὀ.
2655 1143 2672 1174 ι
2704 1124 2772 1177 Ει
2807 1141 2820 1176 :
2863 1143 2880 1173 ι
2904 1121 3008 1188 Qui
3037 1119 3235 1173 nititur
3263 1115 3492 1170 menda-

1911 1218 2034 1280 ciis,
2070 1217 2162 1272 hic
2179 1227 2366 1288 pascet
2394 1226 2589 1272 ventos
2619 1219 2699 1282 ";
2730 1214 2967 1270 mendax
2995 1214 3141 1268 enim
3170 1211 3352 1279 lingua
3375 1207 3492 1263 odit

1910 1311 2201 1365 veritatem
2219 1312 2317 1364 ²¹.»
2338 1310 2439 1364 Et:
2465 1328 2482 1360 ‹
2519 1308 2698 1363 Testis
2717 1305 2952 1361 mendax
2975 1319 3081 1358 non
3106 1311 3228 1357 erat
3255 1299 3494 1370 impuni-

1912 1407 2028 1463 tus;
2053 1400 2147 1469 qui
2169 1408 2352 1454 autem
2375 1399 2555 1454 defert
2576 1399 2799 1468 injuste,
2819 1411 2932 1450 non
2948 1391 3329 1450 salvabitur”.
3346 1412 3362 1442 ι
3384 1391 3451 1451 Ει
3474 1408 3486 1443 :

1918 1503 1937 1540 ι
1974 1488 2156 1544 Testis
2212 1489 2447 1543 mendax
2492 1487 2698 1558 peribit
2733 1487 2819 1552 ";
2859 1487 2945 1539 vir
2997 1492 3180 1538 autem
3227 1481 3492 1538 obediens

1910 1577 2005 1647 qui
2040 1577 2145 1632 sibi
2169 1586 2344 1642 cavet,
2369 1578 2628 1647 loquetur
2651 1576 2943 1631 veritatem
2983 1574 3049 1626 ”.
3091 1591 3108 1622 ι
3146 1571 3253 1626 Et:
3289 1570 3370 1626 Ne
3416 1569 3494 1624 sis

233 1673 398 1713 ιοιαν.
429 1677 448 1710 ι
502 1661 614 1714 Καὶ
651 1663 855 1717 πάλινο
919 1682 938 1715 ι
968 1665 1080 1734 οὐχ
1125 1665 1356 1736 ἁρμόσει
1409 1669 1604 1738 ἄφρονι
1655 1667 1808 1740 χείλη

1918 1670 2072 1724 testis
2103 1669 2338 1724 mendax
2373 1669 2640 1723 adversus
2679 1667 2965 1722 concivem
3012 1673 3167 1718 tuum
3215 1663 3279 1726 “,
3319 1679 3338 1712 ι
3389 1661 3491 1716 hoc

225 1749 418 1812 πιστά,
449 1751 566 1804 οὐδὲ
591 1752 786 1824 δικαίῳ
803 1755 957 1824 χείλη
982 1755 1174 1826 ψευδῆ.
1213 1777 1231 1809 ι
1266 1758 1377 1812 Καὶ
1399 1737 1624 1828 ἐπάγει·
1714 1737 1809 1811 Ai;

1918 1774 1997 1819 est
2019 1763 2285 1818 adversus
2318 1760 2667 1826 conﬁdelem,
2729 1777 2746 1810 ι
2783 1767 2838 1814 et
2900 1773 2968 1812 ne
3030 1755 3276 1811 dilateris
3332 1751 3498 1807 labiis

229 1839 536 1910 ρετώτερον
572 1843 813 1908 κλέπτης
860 1845 893 1916 ἢ
935 1848 962 1898 6
993 1846 1343 1917 ἐνδελεχίζων
1373 1847 1566 1918 ψευδῆ.
1608 1869 1624 1900 ι
1669 1849 1726 1902 '0
1755 1849 1811 1902 δὲ

223 1928 528 1993 ἀπόστολος
581 1932 796 1997 Παῦλος
827 1947 842 1963 ⁸
902 1958 921 1988 ι
960 1936 1052 2005 Μὴ
1098 1936 1358 2006 ψεύδεσθε
1402 1941 1483 2001 είς
1525 1939 1808 2010 ἀλλήλους,

223 2019 370 2074 ἀλλὰ
402 2020 735 2091 ἀποθέμενοι
773 2027 834 2079 τὸ
878 2025 1095 2095 ψεῦδος,
1131 2027 1345 2082 λαλεῖτε
1374 2029 1652 2098 ἀλήθειαν,
1679 2031 1812 2083 ἕκα-

227 2127 360 2174 στος
393 2113 529 2181 μετά
565 2114 660 2167 τοῦ
693 2116 922 2186 πλησίον
951 2118 1138 2172 αὐτοῦ.
1177 2138 1195 2170 ι
1231 2120 1340 2171 Καὶ
1370 2121 1426 2172 ἐν
1453 2123 1572 2184 ταῖς
1601 2121 1812 2191 Πράξε-

229 2219 322 2256 σιν
346 2204 373 2255 6
401 2202 606 2274 Πέτρος
639 2206 718 2276 τῷ
754 2207 975 2279 Ἀνανίᾳ
1002 2227 1016 2240 ·
1056 2227 1074 2261 ι
1110 2210 1208 2264 Διά
1234 2211 1308 2273 τί,
1341 2211 1527 2281 φησιν,
1556 2212 1813 2281 ἐπλήρω-

228 2308 331 2344 σεν
361 2293 663 2359 ὁΣατανᾶς
711 2296 812 2366 τὴν
852 2297 1083 2369 καρδίαν
1137 2315 1232 2351 σου
1283 2299 1589 2368 ψεύσασθαί
1640 2317 1699 2354 σε
1754 2301 1815 2354 τὸ

230 2384 462 2454 Πνεῦμα
488 2387 549 2438 τὸ
602 2385 781 2455 ἅγιον,
821 2389 916 2441 καὶ
950 2389 1308 2460 νοσφίσασθαι
1347 2391 1456 2444 ἀπὸ
1519 2392 1622 2461 τῆς
1648 2395 1815 2464 τιμῆς

228 2477 332 2529 τοῦ
361 2478 561 2547 χωρίου
582 2495 597 2541 ;
619 2496 639 2532 ι
671 2481 779 2533 Καὶ
799 2482 1029 2550 ἐπάγει·
1062 2501 1080 2534 ι
1108 2483 1221 2538 Οὐκ
1249 2483 1462 2554 ἐψεύσω
1486 2485 1810 2555 ἀνθρώποις,

229 2568 373 2620 ἀλλά
424 2568 501 2640 τῷ
549 2569 688 2640 Θεῷ.
726 2590 744 2622 ι
804 2571 914 2626 Καὶ
940 2576 968 2627 ὁ
1009 2575 1264 2637 Ἰάκωϐος
1293 2591 1308 2607 ο
1370 2594 1389 2627 ι
1429 2577 1588 2630 Ἐπεὶ.
1620 2579 1814 2648 μικρὸν

229 2656 399 2726 ζῆλον
427 2658 579 2727 ἔχετε
610 2663 668 2714 ἐν
707 2664 818 2725 ταῖς
844 2664 1091 2734 καρδίαις
1117 2666 1290 2735 ὑμῶν,
1338 2666 1413 2737 μὴ
1446 2669 1810 2737 καταυχᾶσθε,

234 2747 340 2800 xui.
375 2747 639 2817 ψεύδεσθε
698 2751 841 2805 κατά
874 2753 972 2822 τῆς
1011 2753 1289 2824 ἀληθείας.
1329 2773 1348 2806 ι
1417 2755 1474 2808 '0
1515 2755 1570 2808 δὲ
1610 2757 1815 2828 Κύριος

231 2834 490 2908 περὶτοῦ
529 2841 942 2912 Ἀντιχρίστου⁶
1010 2864 1029 2898 ι
1089 2847 1264 2900 Ὅταν
1323 2848 1496 2912 λαλεῖ,
1549 2849 1703 2919 φησὶ,
1754 2849 1815 2902 τὸ

229 2929 453 2998 ψεῦδος,
478 2933 542 2984 ἐκ
570 2933 678 2986 τῶν
710 2931 855 2988 ίδίων
897 2936 1067 3002 λαλεῖ,
1101 2938 1182 2990 ὅτι
1223 2938 1466 3009 ψεύστης
1516 2941 1686 3006 ἐστὶν,
1739 2940 1816 3004 ὡς

1916 1855 2025 1909 tuis
2057 1854 2124 1908 ’⁷.
2157 1873 2175 1904 ι
2219 1853 2376 1907 Alius
2411 1853 2541 1907 item
2578 1868 2592 1905 :
2646 1871 2663 1904 ι
2703 1849 3085 1920 Reprehensio
3121 1846 3284 1908 mala,
3335 1857 3489 1897 men-

1913 1940 2132 1999 dacium
2168 1944 2224 1998 in
2255 1943 2521 2007 homine;
2555 1941 2651 2010 qui
2710 1947 2895 1994 autem
2945 1935 3124 1990 ﬁdelis
3178 1939 3262 1988 est
3313 1932 3491 1997 testis,

1913 2053 2024 2091 non
2052 2035 2316 2090 mentitur
2345 2035 2411 2088 ’⁸.
2452 2052 2470 2084 ι
2516 2033 2694 2087 Item:
2749 2050 2767 2081 ι
2803 2029 3076 2084 Innocens
3117 2023 3297 2080 credit
3343 2025 3497 2079 omni

1913 2127 2105 2192 verbo,
2134 2133 2500 2181 veteratorem
2528 2133 2711 2177 autem
2736 2129 2792 2175 et
2815 2127 3056 2174 astutum
3082 2115 3369 2186 paenitebit
3389 2115 3483 2166 ".t

1913 2218 2023 2271 Et:
2057 2236 2075 2267 ι
2106 2216 2223 2272 Νοη
2254 2213 2596 2269 conveniunt
2651 2211 2823 2266 stulto
2872 2209 3017 2262 labia
3067 2205 3272 2268 fidelia,
3314 2218 3490 2271 neque

1909 2309 2061 2379 justo
2085 2306 2251 2360 verba
2299 2303 2589 2358 mendacia
2638 2302 2704 2354 ³ο.
2733 2318 2751 2351 ι
2810 2298 3073 2354 lnducit:
3134 2317 3152 2347 ι
3188 2292 3494 2364 Eligibilius

1914 2395 2046 2466 quid
2079 2403 2163 2450 est
2192 2394 2300 2459 fur,
2334 2408 2499 2462 quam
2533 2393 2628 2462 qui
2658 2390 2880 2446 assidue
2910 2385 3178 2442 mentitur
3199 2387 3265 2440 ⁸¹.
3301 2404 3319 2436 ι
3345 2384 3495 2454 Apo-

1916 2486 2090 2541 stolus
2115 2486 2248 2540 item
2290 2486 2496 2540 Paulus
2527 2503 2541 2538 :
2587 2503 2604 2535 ι
2639 2479 2959 2552 Loquimini
2993 2479 3285 2534 veritatem
3327 2493 3500 2532 unus-

1915 2577 2155 2650 quisque
2179 2592 2302 2631 cum
2326 2576 2578 2646 proximo
2607 2590 2708 2629 suo
2745 2574 2810 2625 ”.
2853 2592 2871 2624 ι
2902 2573 2964 2627 In
2998 2571 3227 2626 Actibus
3275 2582 3497 2639 quoque

1915 2669 2110 2723 Petrus
2143 2667 2368 2722 Anania:
2399 2666 2538 2720 dixit
2573 2684 2586 2720 :
2629 2685 2646 2716 ι
2681 2665 2752 2720 Ut
2789 2663 2924 2733 quid
2969 2662 3220 2732 implevit
3261 2659 3493 2714 Satanas

1914 2769 2011 2812 eor
2047 2748 2224 2820 tuum,
2263 2755 2485 2810 mentiri
2530 2765 2582 2810 te
2628 2753 2863 2824 Spiritui
2913 2758 3127 2816 sancto,
3161 2760 3217 2806 et
3246 2749 3498 2804 fraudare

1915 2848 1983 2903 de
2006 2848 2184 2917 pretio
2215 2846 2330 2916 agri
2357 2847 2438 2899 u?
2475 2865 2493 2896 ι
2524 2844 2745 2899 Inducit
2779 2863 2789 2898 :
2830 2863 2847 2895 ‹
2877 2843 3075 2898 Nones
3099 2840 3368 2896 mentitus
3393 2841 3498 2894 ho-

1915 2937 2179 3000 minibus,
2228 2935 2326 2990 sed
2371 2935 2484 2990 Deo
2525 2936 2588 2989 ³⁸.
2627 2954 2644 2986 ι
2690 2935 2964 2989 Iacobus:
3019 2952 3037 2984 ι
3075 2931 3213 2988 Cum
3252 2946 3500 2986 amarum

234 3022 338 3074 καὶ
369 3025 397 3074 6
426 3023 608 3094 πατὴρ
649 3025 835 3080 αὑτοῦ.
873 3045 892 3078 ι
955 3028 1311 3092 Ἀκούσαντες
1352 3025 1466 3092 οὖν.
1512 3031 1811 3100 ἀγαπητοὶ,

1918 3028 2094 3082 zelum
2134 3027 2386 3082 habeatis
2421 3027 2475 3080 in
2518 3025 2783 3081 cordibus
2815 3024 3041 3089 vestris,
3070 3024 3241 3077 nolite
3271 3021 3499 3092 gloriari

232 3113 333 3166 τὸν
387 3114 622 3183 πονηρὸν
650 3116 817 3185 ψόγον
863 3117 960 3171 τοῦ
1000 3118 1307 3172 διαϐολικοῦ
1351 3120 1599 3189 ψεύδους,
1659 3119 1812 3195 πάσῃ

1918 3128 1973 3175 et
1997 3119 2219 3175 mentiri
2244 3118 2509 3174 adversus
2540 3118 2832 3173 veritatem
2847 3109 3029 3170 ".Sed
3047 3114 3400 3179 etDominus,
3431 3113 3501 3169 de

236 3201 444 3273 σπουδῇ
478 3203 738 3274 φύγωμεν
769 3207 863 3260 ἀπ’
905 3207 1094 3272 αὑτοῦ,
1126 3209 1221 3262 καὶ
1265 3209 1703 3281 προσδράμωμεν
1745 3213 1812 3283 τῇ

234 3291 490 3364 ἀληθείᾳ,
545 3296 605 3358 ὃς
656 3295 804 3351 ἐστιν
849 3299 1087 3368 Χριστὸς
1116 3300 1144 3351 ὁ
1189 3299 1441 3370 ἀληθινὸς
1470 3301 1602 3364 Θεὸς
1632 3302 1808 3372 ἡμῶν.

235 3383 397 3453 Αὐτῷ
422 3389 452 3454 ἡ
484 3386 610 3450 δόξα
641 3389 720 3449 είς
744 3390 873 3452 τοὺς
907 3390 1131 3452 αἰῶνας.
1155 3385 1364 3460 ’Ἃμήνα

1918 3209 2264 3267 Antichristo
2295 3229 2307 3263 :
2353 3230 2370 3262 ‹
2399 3209 2537 3266 Cum
2571 3209 2716 3265 enim
2748 3207 2995 3278 loquitur
3020 3205 3392 3269 mendacium,
3431 3220 3502 3260 ex

1921 3301 2162 3370 propriis
2189 3301 2474 3371 loquitur;
2527 3302 2654 3372 quia
2688 3299 2924 3356 mendax
2970 3307 3075 3362 est,
3131 3305 3192 3351 ut
3236 3305 3292 3352 et
3343 3305 3502 3366 pater

1924 3391 2044 3460 ejus
2070 3391 2136 3443 ³⁸.
2167 3409 2185 3440 ι
2214 3390 2416 3445 Audita
2441 3391 2632 3460 igitur,
2662 3388 2999 3452 charissimi,
3043 3385 3306 3441 diabolici
3343 3400 3502 3438 men-

235 3475 386 3530 dacii
409 3479 762 3549 vituperabili
795 3483 1155 3553 malignitate,
1183 3499 1349 3554 quam
1385 3483 1705 3556 longissime
1743 3486 1814 3541 ab
1853 3486 1950 3540 illo
1973 3484 2298 3539 secedamus
2333 3501 2348 3549 ;
2412 3484 2480 3538 ad
2516 3485 2864 3554 complexum
2900 3499 3033 3538 vero
3098 3479 3349 3536 veritatis
3388 3487 3504 3533 stu-

236 3566 337 3622 dio
380 3571 531 3625 omni
575 3573 973 3629 contendamus
1019 3576 1356 3647 pertingere,
1410 3579 1507 3648 qui
1555 3575 1813 3640 Christus
1849 3587 1933 3632 est
1963 3577 2110 3632 Deus
2141 3584 2330 3630 noster
2358 3591 2545 3630 verus.
2572 3574 2680 3644 Ipsi
2737 3574 2909 3646 gloria
2962 3575 3020 3628 in
3060 3572 3280 3628 saecula.
3304 3570 3498 3626 Amen.

838 3687 1057 3741 ΛΟΓΟΣ
1095 3691 1226 3744 Ml".

757 3801 896 3868 Περὶ
937 3801 1310 3870 κενοδοξίας.

333 3910 391 3966 '0
418 3913 693 3978 κενόδοξος
740 3914 892 3985 δηλοῖ
951 3916 1033 3969 ὅτι
1089 3917 1413 3987 πρόσκειται
1464 3920 1530 3988 τῇ
1584 3919 1822 3990 μισοθέῳ

241 4002 395 4074 δόξῃ.
456 4004 688 4059 Ἥδιστα
732 4005 842 4076 γὰρ
897 4005 1118 4076 θηρεύει
1148 4008 1277 4072 τοὺς
1309 4008 1564 4072 ἐπαίνους
1588 4010 1700 4063 τῶν
1728 4011 1824 4064 ἀν·

245 4091 504 4162 θρώπων,
542 4095 636 4146 καὶ
664 4095 747 4157 εἰς
789 4095 990 4158 αὐτοὺς
1036 4097 1394 4167 ἐναϐρύνεται
1440 4097 1582 4170 ὑπὲρ
1637 4100 1822 4169 ἐσμῶν

246 4183 566 4246 ἑστιάσεως.
599 4184 658 4237 '0
696 4185 937 4248 τοιοῦτος
965 4186 1040 4248 ὡς
1061 4187 1521 4259 ἀνθρωπάρεσκος
1551 4189 1822 4261 κρίνεται,

244 4275 332 4327 ὅτι
355 4275 545 4344 ἀγαπᾷ
564 4275 664 4345 τὴν
689 4274 848 4339 δόξαν
876 4276 985 4330 τῶν
1018 4277 1320 4348 ἀνθρώπων
1373 4280 1513 4350 ὑπὲρ
1537 4281 1636 4352 τὴν
1669 4281 1825 4346 δόξαν

245 4363 344 4418 τοῦ
396 4363 551 4428 Θεοῦ,
586 4368 725 4419 κατά
757 4366 847 4419 τὸν
902 4367 1294 4440 εύαγγελιστὴν
1351 4369 1603 4442 Ἰωάννην
1636 4387 1650 4402 ·
1711 4372 1826 4426 ἀλλ’

2453 3686 2741 3742 HOMILIA
2768 3685 2956 3740 XLIII.

2470 3798 2548 3853 De
2574 3799 2726 3852 inani
2752 3797 2948 3868 gloria.

1986 3913 2340 3986 Vaniglorius
2382 3913 2568 3982 reipsa
2594 3909 2841 3965 declarat
2859 3922 3081 3964 exosam
3099 3922 3158 3961 se
3181 3905 3385 3960 habere
3406 3906 3504 3960 Dei

1918 4005 2148 4078 gloriam
2187 4023 2201 4058 :
2238 4004 2308 4058 ab
2333 4001 2659 4058 hominibus
2687 4000 2835 4055 enim
2872 3998 3065 4053 laudes
3090 4004 3274 4066 captat
3308 4010 3370 4050 ac
3405 4011 3505 4050 ve-

1914 4105 2080 4152 natur
2105 4110 2372 4166 perquam
2398 4093 2664 4149 suaviter.
2700 4091 2840 4145 Hinc
2869 4091 2938 4144 ad
2973 4105 3070 4145 eas
3099 4104 3284 4144 secum
3329 4087 3505 4142 ambi-

1919 4188 2113 4244 tiosius
2147 4186 2422 4242 subsultat
2450 4201 2514 4240 ac
2543 4183 2825 4256 praegestit
2855 4181 3150 4254 gloriosius
3197 4195 3368 4250 quam
3418 4179 3507 4233 vel

1918 4279 2289 4348 coepulonum
2315 4275 2690 4346 quantuslibet
2728 4285 2926 4329 coetus.
2963 4272 3110 4327 Talis
3168 4280 3228 4326 ut
3280 4271 3508 4325 humani

1919 4370 2124 4426 favoris
2149 4378 2403 4439 captator
2425 4366 2742 4438 judicatur:
2770 4365 2838 4419 ab
2868 4363 3188 4419 hominibus
3216 4362 3374 4416 enim.
3398 4361 3506 4416 sibi

247 4456 443 4528 ὥσπερ
482 4457 571 4510 διὰ
610 4457 841 4526 θλίψεως
879 4458 950 4512 τὰ
992 4459 1175 4529 ἀγαθά
1203 4463 1315 4525 τοῖς
1344 4462 1652 4533 ἀνθρώποις
1679 4465 1815 4534 ήτοί‹

1924 4463 2223 4518 exhibitam
2273 4460 2525 4531 gloriam,
2581 4474 2693 4528 pra:
2745 4457 2916 4528 gloria
2967 4455 3064 4510 Dei
3110 4455 3307 4525 diligit,
3352 4455 3509 4524 juxta

253 4565 480 4619 μασται,
528 4548 704 4613 οὕτως
753 4551 850 4604 καὶ
909 4551 976 4606 τά
1037 4553 1182 4607 κακά
1248 4554 1338 4608 διὰ
1381 4556 1682 4621 κενοδοξίας
1732 4559 1828 4612 καὶ

250 4640 466 4709 ἡδονῆς.
513 4641 664 4705 Ῥίξα
690 4641 799 4714 γὰρ
849 4646 1084 4716 αἰσχρᾶς
1137 4647 1434 4717 ἐπιθυμίας
1483 4648 1828 4720 ἀνθρώπινος

249 4730 474 4795 ἔπαινος
508 4747 522 4761 ⁸
558 4735 657 4804 οὐχ
680 4735 810 4788 ὅταν
841 4736 1131 4806 ἀκούωμεν
1162 4738 1324 4802 αὐτὰ,
1357 4740 1472 4793 ἀλλ’
1525 4741 1654 4795 ὅταν
1688 4741 1828 4796 αὐτὰ

251 4821 688 4892 καταδεχώμεθα
718 4826 912 4896 ἡδέως.
957 4827 1022 4880 Ἥ
1061 4828 1172 4899 γάρ
1203 4830 1500 4899 κενοδοξία,
1529 4833 1622 4886 καὶ
1638 4833 1823 4905 ἡδονὴ,

251 4909 405 4966 αἴτια
437 4913 674 4985 ὑπάρχει
723 4917 906 4988 πάσης
940 4919 1157 4983 κακίας.
1201 4921 1272 4973 T6
1311 4923 1482 4986 πάθος
1531 4923 1689 4977 τοῦτο
1728 4925 1832 4995 τῆς

257 5002 564 5069 κενοδοξίας
591 5006 732 5060 πάνυ
763 5009 1117 5082 πολύμορφόν
1155 5012 1306 5064 ἐστιν
1349 5013 1446 5066 καὶ
1485 5013 1826 5081 λεπτότατον,

255 5091 355 5146 καὶ
381 5093 440 5147 ού
467 5097 698 5165 ταχέως,
721 5099 830 5152 οὐδ’
857 5101 948 5153 ὑπ’
973 5101 1138 5154 αὐτοῦ
1177 5100 1272 5155 τοῦ
1305 5105 1700 5175 πειραζομένου
1735 5124 1836 5161 κα-

253 5184 756 5257 ταλαμϐανόμενον.
814 5190 939 5245 Ἐπὶ
988 5193 1097 5264 γάρ
1147 5192 1258 5246 τῶν
1307 5195 1483 5249 ἄλλων
1530 5197 1714 5252 παθῶν
1777 5201 1834 5252 αἱ

256 5278 562 5348 προσϐολαὶ
610 5283 987 5355 φανερώτεραι
1032 5287 1435 5356 τυγχάνουσιν·
1485 5289 1581 5342 καὶ
1627 5289 1836 5363 ἡψυχὴ

327 5438 376 5508 1⁸
402 5439 546 5493 Psal.
579 5455 634 5493 v.
665 5441 719 5494 7.
797 5441 1006 5508 "gPsal.
1045 5457 1190 5506 xxvr,
1228 5442 1316 5496 12.
1395 5443 1438 5475 ¹⁸
1464 5441 1608 5505 Psal.
1641 5458 1715 5506 XI.
1741 5443 1796 5499 5-

260 5509 306 5541 “
333 5507 491 5563 Prov.
527 5525 674 5574 xxvr,
709 5509 797 5565 28.
842 5507 847 5508 ί
878 5511 923 5543 ’⁸
957 5511 1114 5565 Prov.
1148 5523 1260 5570 xtx.
1299 5513 1385 5564 15.

259 5580 304 5649 τέ’
333 5578 494 5649 Prov.
520 5595 631 5642 xiv,
664 5580 754 5649 75.7
820 5581 865 5610 "
899 5580 1033 5634 ibid.
1068 5581 1155 5635 15.
1234 5582 1279 5612 ³⁰
1331 5583 1497 5636 Ριον.
1532 5597 1664 5649 xvn,
1726 5582 1779 5637 4.

259 5647 302 5678 ³⁵
329 5647 461 5703 ibid.
501 5649 555 5702 4.
635 5648 701 5680 ³⁸³
729 5648 841 5704 Jac.
881 5666 957 5715 ut,
995 5650 1078 5704 H.
1158 5650 1202 5681 "
1228 5651 1382 5705 Joan.
1420 5667 1531 5714 vttt,
1568 5647 1654 5705 il.

1873 5445 1915 5476 "
1945 5445 2103 5502 Prov.
2140 5464 2267 5510 xxx,
2300 5447 2355 5510 ’1,
2393 5445 2445 5499 8.
2523 5449 2567 5479 ⁸⁸
2595 5448 2753 5502 Prov.
2787 5463 2881 5504 xzt.
2912 5446 3004 5502 22.

1464 5513 1509 5544 “
1541 5513 1673 5568 ibid.
1704 5513 1756 5566 9.
1842 5517 1886 5548 "
1921 5517 2081 5570 Prov.
2118 5534 2229 5581 χιι,
2266 5518 2356 5570 28.

1860 5585 1900 5615 ³¹
1955 5585 2112 5641 Prov.
2175 5603 2282 5652 xix,
2320 5587 2411 5643 ‘22.
2493 5590 2536 5619 ³³
2570 5587 2768 5656 Ephes.
2806 5604 2879 5653 tv,
2915 5589 3009 5645 9.5.

1925 4554 2314 4626 evangelistam
2333 4553 2601 4608 Joannem
2629 4568 2643 4605 :
2673 4565 2805 4605 sane
2837 4557 2898 4603 ut
2921 4557 3048 4603 sunt
3072 4547 3388 4601 hominibus
3414 4561 3512 4614 ap-

1926 4654 2114 4716 parata
2143 4646 2286 4700 bona
2317 4659 2416 4714 per
2435 4643 2795 4698 aﬂlictionum
2822 4639 3193 4705 tolerantiam,
3221 4631 3295 4693 ita
3323 4647 3379 4692 et
3413 4651 3513 4706 per

1926 4735 2143 4790 inanem
2188 4735 2414 4805 gloriam
2458 4743 2622 4804 atque
2650 4733 2964 4788 illecebram
2998 4730 3296 4800 voluptatis
3327 4729 3515 4782 conci-

1925 4828 2130 4882 liantur
2159 4829 2321 4882 mala.
2355 4827 2531 4882 Radix
2559 4827 2794 4896 proinde
2815 4825 3071 4880 obscena:
3094 4839 3158 4878 ac
3183 4821 3361 4891 turpis
3381 4835 3512 4874 con-

1927 4918 2285 4988 eupiseentia:
2317 4926 2403 4972 est
2450 4933 2518 4972 ex
2567 4916 2888 4971 hominibus
2943 4913 3204 4984 aucupari
3261 4910 3512 4974 Iaudem,

1928 5025 2038 5065 non
2059 5009 2282 5078 quidem
2312 5009 2431 5074 ipso
2466 5008 2651 5062 statim
2712 5007 2948 5062 articulo
3005 5005 3349 5066 tentationis,
3412 5001 3512 5057 sed

1929 5108 2062 5155 tunc
2076 5115 2201 5154 cum
2220 5108 2480 5168 exceptas
2503 5099 2649 5152 illam
2675 5107 2731 5152 et
2756 5114 3018 5167 perquam
3050 5097 3291 5152 suaviter
3310 5093 3512 5148 admit-

1933 5192 2021 5246 tis.
2052 5192 2218 5247 Plane
2257 5191 2480 5245 malitiae
2520 5191 2704 5246 omnis
2741 5189 2940 5244 artifex
2985 5203 3124 5242 vana
3185 5195 3269 5241 est
3315 5184 3514 5255 gloria,

1934 5292 2097 5346 simul
2133 5300 2189 5347 et
2222 5292 2498 5361 voluptas.
2537 5289 2751 5359 1096
2792 5287 3031 5342 Affectio
3064 5285 3294 5357 proinde
3337 5282 3514 5338 ambi-

3077 5448 3118 5478 “
3155 5447 3314 5501 Prov.
3345 5463 3399 5513 ι,
3435 5447 3496 5501 ι.

2435 5517 2482 5546 ⁸⁸
2512 5519 2674 5571 Prov.
2707 5534 2850 5579 utv,
2884 5519 2978 5572 28.
3054 5518 3100 5549 ³⁷
3131 5516 3292 5569 Prov.
3327 5533 3401 5581 v1,
3435 5518 3496 5573 9.

3109 5587 3153 5620 ³³
3185 5588 3303 5644 Act.
3333 5604 3386 5650 v,
3436 5585 3498 5640 3.
