4030 6296
547 213 684 278 1587

1802 219 2172 280 ANTIOCHI
2213 217 2559 278 MONACHI

3705 209 3869 273 i563

543 328 736 384 tiosior
764 326 950 396 gloriae
983 325 1142 380 istius
1166 324 1362 388 inanis,
1389 338 1550 393 quam
1589 330 1675 378 est
1722 321 2106 376 multiformis!

2233 322 2394 393 Βᾴδιον
2438 321 2794 390 ἐπιγινώσκει
2828 324 2919 376 τὸν
2957 325 3092 393 πρὸς
3126 324 3262 376 αύτᾶ
3294 322 3572 392 πόλεμον,
3616 319 3723 372 καὶ
3757 323 3857 374 διὰ

543 432 708 489 quam
737 425 824 472 est
857 415 1061 470 malum
1092 415 1329 470 subtile!
1369 413 1519 468 Adeo
1548 413 1695 468 enim
1730 413 1920 481 nequit
1957 411 2116 481 plane

542 507 868 572 internosci,
924 515 985 562 ut
1035 522 1106 560 ne
1155 505 1238 560 vel
1275 505 1342 559 ab
1392 520 1460 558 eo
1488 504 1582 573 qui
1620 510 1888 568 tentatur,
1918 501 2116 570 depre-

546 599 714 654 hendi
773 597 932 654 facile
981 597 1197 667 possint
1242 596 1628 665 impressiones
1678 594 1826 648 illius
1875 593 1955 648 sic
1986 593 2118 646 insi—

545 691 732 746 diosas.
765 691 1015 745 Attamen
1047 705 1169 758 qua:
1193 688 1484 743 adversum
1531 702 1590 741 se
1645 685 1843 741 instrui
1888 685 2116 750 bellum,

547 784 707 838 initio
739 782 857 850 ipso
881 781 1035 835 novit
1092 782 1295 845 anima,
1352 778 1623 850 ejusmodi
1676 780 1932 834 incursus
1975 791 2006 830 a
2058 790 2117 830 se

547 874 707 928 facile
739 873 1046 928 remollitur
1083 887 1147 928 ac
1176 873 1421 942 depellit,
1454 873 1498 926 si
1545 870 1769 939 quidem
1800 868 1868 924 ad
1903 869 2118 938 asylum

546 961 836 1032 suffugerit
904 963 1187 1016 orationis.
1261 963 1328 1016 Et
1402 961 1624 1030 quidem
1668 960 1858 1015 isthaac
1913 957 2119 1012 malitia

546 1067 672 1107 cum
701 1060 783 1106 tot
820 1052 1011 1106 induat
1045 1051 1270 1116 formas,
1321 1050 1428 1104 dici
1472 1051 1561 1103 vix
1607 1049 1781 1118 possit
1831 1062 1993 1117 quam
2035 1056 2121 1100 est

547 1143 786 1198 difficilis
829 1153 1162 1214 expugnato.
1200 1143 1261 1196 In
1302 1142 1451 1197 omni
1488 1156 1658 1211 prope
1682 1139 1900 1210 negotio
1929 1137 2120 1206 irrepit

548 1236 707 1301 clam,
744 1236 799 1290 in
825 1235 1038 1298 habitu,
1072 1235 1128 1289 in
1175 1233 1446 1304 elegantia
1488 1233 1698 1296 formae,
1747 1233 1807 1285 in
1859 1231 1978 1300 ipso
2031 1229 2118 1283 in-

548 1343 728 1390 cessu,
767 1328 822 1381 in
852 1342 986 1380 voce
1017 1341 1082 1379 ac
1111 1339 1384 1390 sermone,
1431 1325 1485 1377 in
1530 1322 1769 1386 silentio,
1824 1321 1881 1374 in
1930 1334 2118 1390 opere,

551 1417 606 1470 in
649 1415 872 1486 vigiliis,
907 1415 964 1468 in
1015 1415 1258 1494 jejunjis,
1303 1416 1359 1468 in
1386 1414 1655 1476 oratione,
1689 1412 1744 1465 in
1772 1410 2029 1471 lectione,
2063 1409 2121 1463 in

547 1506 758 1576 quiete,
794 1507 848 1560 in
879 1507 1175 1574 longanimi
1212 1505 1525 1559 tolerantia.
1548 1505 1653 1558 Per
1673 1503 1789 1556 haec
1811 1502 1996 1556 omnia
2021 1501 2123 1554 ho-

2219 411 2526 484 προσευχῆς
2553 409 2742 464 τοῦτον
2767 412 3084 483 ἀνατρέπει.
3131 413 3206 466 Ἦν
3233 412 3291 464 δὲ
3332 411 3439 480 τῆς
3498 410 3852 474 κενοδοξίας

2218 502 2409 567 κακία,
2453 502 2528 564 ὡς
2569 497 2702 555 οῦσα
2731 502 3099 573 πολύμορφος.
3129 500 3681 568 δυσκαταγώνιστος
3709 517 3850 568 τυτ-

2219 595 2390 662 χάνει.
2436 593 2525 646 Ἐν
2551 594 2715 646 παντὶ
2741 592 2850 663 γὰρ
2903 593 3302 662 ἐπιτηδεύματι
3359 591 3845 662 παρυφίσταται,

2219 683 2275 735 ἐν
2329 699 2388 735 τε
2444 684 2683 752 σχήματι
2744 683 2842 737 καὶ
2896 685 2954 736 ὲν
3005 685 3188 754 μορφῇ
3234 683 3328 735 καὶ
3364 685 3423 735 ὲν
3484 681 3844 752 βαδίσματι,

2219 774 2316 826 καὶ
2345 775 2402 826 ἐν
2433 776 2605 844 φωνῇ,
2635 775 2728 826 καὶ
2775 775 2832 827 ἐν
2861 774 3024 844 λόγῳ,
3074 775 3169 826 καὶ
3223 773 3283 825 ὲν
3336 776 3548 842 σιωπῇ,
3619 773 3732 824 καὶ
3787 775 3848 823 ὲν

2220 861 2385 932 ἔργῳ,
2415 863 2508 916 καὶ
2539 865 2596 915 ἐν
2621 863 2974 932 ἀγρυπνίαις,
3008 863 3103 916 καὶ
3131 864 3189 915 ὲν
3237 864 3542 934 νηστείαις,
3610 864 3724 914 καὶ
3786 865 3846 914 ἐν

2220 955 2375 1025 εὐχῇ,
2416 954 2510 1007 καὶ
2551 955 2608 1006 ὲν
2644 954 2970 1022 ἀναγνώσει,
3003 955 3098 1007 καὶ
3124 956 3181 1006 ἐν
3218 955 3441 1025 ἡσυχίᾳ,
3482 953 3594 1006 καὶ
3636 955 3706 1006 ὲν
3737 972 3846 1023 μιν

2221 1045 2491 1114 κροθυμία
2525 1060 2538 1074 ·
2568 1044 2658 1098 διὰ
2701 1044 2905 1098 τούτων
2962 1045 3181 1098 πάντων
3235 1045 3518 1113 ἐπιχειρεῖ
3575 1044 3692 1096 τὸν
3742 1043 3842 1096 τοῦ

2220 1131 2356 1185 Θεοῦ
2412 1132 2701 1202 ἄνθρωπον
2741 1132 3148 1196 κατατοξεύειν.
3205 1134 3375 1186 Ὅταν
3418 1132 3538 1202 γὰρ
3613 1133 3704 1202 μὴ
3756 1134 3850 1185 δτι-

2221 1223 2358 1293 νηθῇ
2379 1221 2467 1275 διὰ
2493 1224 2799 1277 πολυτελῶν
2828 1225 3142 1295 ἐνδυμάτων
3165 1223 3301 1294 πρὸς
3325 1225 3669 1288 κενοδοξίαν
3695 1227 3844 1277 ἀπδ-

2223 1314 2442 1383 στῆσαι,
2473 1315 2542 1367 δι’
2579 1315 2812 1368 εὐτελῶν
2833 1317 3102 1388 ἐπιχειρεῖ
3133 1317 3438 1387 πειράζειν.
3469 1317 3592 1369 Καὶ
3632 1317 3702 1370 ὃν
3733 1319 3844 1370 οὐκ

2221 1405 2459 1476 ἠδυνήθη
2500 1407 2590 1460 διὰ
2641 1409 2807 1478 τιμῆς
2851 1409 3075 1479 ἐπᾶραι,
3127 1408 3312 1462 τοῦτον
3364 1409 3455 1462 διὰ
3510 1409 3578 1461 τὸ
3635 1411 3848 1476 φέρειν

2221 1497 2383 1566 δῆθεν
2412 1498 2658 1567 ἀτιμίαν,
2690 1500 2771 1562 είς
2803 1499 3060 1552 ἀπόνοιαν
3099 1498 3266 1569 αἴρει.
3296 1499 3410 1552 Καὶ
3439 1498 3506 1553 ὃν
3536 1499 3660 1552 οὐκ
3713 1500 3842 1568 ἠδυ-

549 1595 754 1650 minem
787 1593 880 1649 Dei
940 1609 1270 1664 magnopere
1323 1591 1508 1646 studet
1557 1589 1730 1660 gloria
1785 1587 1965 1642 inanis
2007 1585 2122 1640 suis

2233 1588 2364 1658 νήθη
2396 1592 2584 1642 πεῖσαι
2616 1589 2682 1642 δι’
2723 1591 3031 1661 ἐπιστήμην
3058 1590 3232 1658 λόγων
3258 1589 3592 1655 κενοδοξεῖν,
3633 1590 3840 1644 τοῦτον

547 1683 817 1739 conficere
854 1683 996 1737 telis.
1033 1659 1091 1737 ἐξ
1129 1659 1352 1751 quando
1378 1659 1718 1749 perspexerit
1741 1688 1849 1728 non
1876 1671 2123 1741 potuisse

2233 1678 2311 1732 διὰ
2360 1680 2574 1749 σιωπῆς
2620 1679 2696 1743 ώς
2739 1659 2942 1750 ῆσυχον
2973 1659 3133 1752 δῆθεν
3157 1680 3400 1745 δελεάζει
3433 1699 3452 1714 ο
3490 1682 3598 1734 καὶ
3629 1682 3700 1734 ὃν
3734 1683 3838 1734 οὒκ

548 1798 608 1840 se
632 1799 731 1853 per
761 1773 1216 1838 vestimentorum
1243 1781 1430 1834 luxum
1458 1776 1818 1848 profusiorem
1846 1772 2124 1828 hominem

549 1875 818 1944 prolicere
847 1873 913 1928 ad
941 1874 1024 1928 sui
1047 1886 1399 1931 consensum,
1427 1869 1581 1923 illum
1609 1866 1880 1930 adoritur,
1917 1871 1977 1916 ut
2002 1870 2124 1916 ten-

551 1971 628 2018 tet
641 1979 740 2033 per
759 1962 928 2017 vestis
950 1961 1256 2016 sorditiem.
1275 1959 1446 2028 Cujus
1460 1957 1705 2013 animum
1722 1952 2035 2022 nequiverit
2055 1949 2124 2004 ad

549 2065 877 2106 consensum
907 2051 1165 2105 elationis
1206 2047 1497 2103 deflectere
1528 2045 1838 2116 objectione
1874 2040 2122 2105 honoris,

551 2142 699 2196 hunc
719 2157 786 2195 eo
810 2141 970 2206 tollit,
1006 2149 1064 2195 ut
1095 2141 1178 2194 vel
1199 2141 1309 2209 jam
1326 2139 1637 2192 consentiat
1657 2133 2002 2206 arrogantiae,
2026 2146 2126 2200 per

551 2230 657 2284 hoc
678 2230 826 2300 quod
845 2245 1003 2299 aequo
1019 2229 1324 2284 fertanimo
1337 2243 1395 2283 se
1415 2226 1712 2297 ignominia
1730 2225 1963 2294 aspergi.
1985 2223 2128 2277 Rur-

551 2336 665 2384 sus,
702 2320 749 2375 si
778 2320 1000 2390 quando
1027 2319 1362 2390 persuadere
1396 2317 1729 2387 nequiverit,
1759 2324 1822 2370 ut
1850 2313 1977 2382 quis
2006 2327 2124 2367 ma-

550 2408 744 2480 gnifice
776 2409 1043 2480 glorietur
1075 2409 1220 2479 quod
1243 2408 1316 2464 sit
1339 2408 1624 2476 eloquens,
1658 2403 1913 2458 eumdem
1934 2417 2125 2472 aggre-

551 2501 702 2556 ditur
724 2501 883 2571 quasi
911 2502 1005 2572 qui
1038 2502 1322 2572 requietus
1346 2499 1496 2555 sitet
1523 2499 1853 2560 taciturnus,
1900 2509 1964 2549 ac
1997 2507 2128 2564 pro-

551 2593 843 2662 pemodum
909 2592 1119 2648 inescat
1170 2602 1226 2647 et
1289 2590 1508 2662 prolicit
1551 2588 1619 2643 ad
1651 2599 1981 2642 consensum
2029 2598 2130 2653 per

553 2681 1007 2736 taciturnitatem.
1059 2683 1232 2746 Quem
1260 2697 1367 2735 non
1403 2680 1646 2750 potuerit
1669 2679 1738 2732 ad
1771 2676 2128 2732 ambitionem

551 2772 737 2844 gloriae
759 2773 1006 2826 emollire
1038 2788 1137 2840 per
1168 2771 1481 2824 eduliorum
1506 2778 1757 2837 sumptus
1789 2766 2125 2836 magnificos,

554 2862 704 2917 hunc
724 2861 975 2917 dissolvit
996 2860 1145 2915 laudi
1176 2860 1411 2930 propriae
1439 2867 1500 2913 ut
1541 2857 1851 2913 consentiat
1901 2872 1998 2927 per
2044 2858 2130 2926 je-

2185 1803 2190 1805 -
2223 1770 2468 1840 ἠδυνήθη
2501 1770 2590 1825 διὰ
2618 1770 2968 1835 πολυτελείας
3003 1772 3306 1844 βρωμάτων
3335 1773 3669 1842 χαυνῶσαι,
3699 1771 3833 1825 105-

2221 1875 2313 1912 τον
2331 1858 2417 1912 διὰ
2457 1861 2712 1931 νηστείας
2735 1860 2871 1931 πρὸς
2905 1861 3125 1915 ἔπαινον
3180 1863 3384 1918 ἐκλύει.
3437 1862 3562 1916 Kal
3631 1863 3832 1925 ἁπλῶς

2224 1953 2333 2005 πᾶν
2373 1952 2714 2023 ἐπιτήδευμα
2755 1954 3028 2022 πρόφασιν
3053 1955 3283 2026 παρέχει
3311 1954 3564 2024 πολέμου
3604 1954 3696 2023 τῷ
3733 1971 3831 2008 πο-

2225 2042 2376 2113 νηρῷ
2405 2044 2579 2114 τούτῳ
2609 2043 2845 2113 δαίμονι.
2882 2046 3081 2099 Λοιπὸν
3111 2047 3427 2115 εὑρίσκεται
3459 2047 3492 2098 ό
3527 2045 3829 2108 κενόδοξος

2230 2132 2457 2202 μοναχὸς
2481 2132 2556 2196 ὡς
2579 2133 2819 2205 ἐργάτης
2848 2133 3097 2203 ἄμισθος.
3125 2134 3228 2188 Τὸν
3247 2136 3356 2206 γὰρ
3383 2135 3556 2188 πόνον
3575 2136 3822 2204 ὑπέστη,

2227 2224 2321 2278 καὶ
2345 2223 2440 2277 τὸν
2473 2224 2663 2293 μισθὸν
2691 2226 2791 2279 ούκ
2820 2226 3032 2281 ἐλαϐεν.
3073 2226 3138 2280 Ἦ
3168 2226 3278 2297 γὰρ
3306 2227 3594 2293 κενοδοξία
3654 2227 3828 2282 ἀπόλ-

2227 2314 2380 2367 λυσιν
2437 2315 2665 2384 μισθοὺς
2718 2316 2947 2386 ἀρετῶν.
3001 2315 3111 2370 Καὶ
3142 2316 3333 2388 ὥσπερ
3383 2317 3545 2372 λίθου
3585 2318 3729 2390 βολὴ
3762 2319 3823 2372 ού

2229 2405 2407 2477 φθάντι
2433 2407 2514 2469 εἰς
2543 2406 2793 2477 οὐρανὸν,
2826 2408 3001 2472 οὕτως
3047 2409 3170 2463 οὐδὲ
3209 2411 3495 2479 προσευχὴ
3547 2412 3824 2479 ἀνθρωπ-

2229 2499 2468 2570 αρέσκου
2485 2500 2822 2569 ἀναϐήσεται
2847 2500 2984 2571 πρὸς
3003 2500 3095 2554 τὸν
3119 2500 3271 2554 Θεόν.
3295 2501 3355 2554 ’0
3372 2502 3657 2572 φρόνιμος
3679 2503 3820 2573 ἀνὴρ

2228 2588 2460 2660 κρύπτει
2483 2589 2774 2661 θησαυρὸν,
2806 2591 2902 2644 καὶ
2937 2591 3139 2661 ἀρετῆς
3167 2591 3326 2645 πόνον
3357 2607 3372 2622 ·
3426 2591 3663 2657 συνετὸς
3725 2610 3822 2662 μο-

2230 2680 2392 2751 ναχὸς
2421 2680 2517 2751 τὴν
2547 2681 2813 2751 μέλισσαν
2844 2684 3115 2752 μιμεῖται,
3165 2682 3363 2748 ἔξωθεν
3416 2683 3608 2754 φέρων
3653 2684 3815 2755 ἄνθη,

2231 2773 2322 2824 καὶ
2369 2770 2571 2825 ἔσωθεν
2617 2771 2807 2840 κηρίον
2841 2772 3228 2843 ἐργαζόμενος.
3258 2774 3350 2843 Μή
3384 2774 3662 2846 πωλήσῃς
3691 2778 3818 2839 τοὺς

2233 2865 2430 2927 πόνους
2492 2880 2586 2916 σου
2641 2863 2767 2934 δόξῃ
2810 2863 3142 2936 ἀνθρωπίνῃ,
3205 2865 3338 2934 μηδὲ
3366 2865 3468 2936 τὴν
3507 2866 3830 2936 μέλλουσαν,

551 2955 768 3026 junium
803 2964 860 3008 et
891 2954 1022 3008 vitae
1051 2953 1442 3022 frugalitatem.
1465 2951 1644 3020 thue
1671 2948 1997 3018 compendio
2035 2947 2131 3001 ab-

2233 2955 2390 3020 δόξαν
2415 2951 2626 3024 προδῷς
2650 2952 2715 3005 δι’
2742 2953 2931 3023 εὐτελῆ
2963 2953 3259 3024 εὐφημίαν.
3283 2954 3425 3019 Δόξα
3454 2956 3571 3026 γάρ
3597 2957 3816 3025 ἀνθρώ-η

556 3047 788 3111 solvam,
819 3046 1033 3100 nullum
1073 3061 1182 3098 non
1210 3059 1384 3114 genus
1431 3039 1846 3097 exercitationis
1894 3038 2130 3092 ἀπεωοηί

2235 3045 2366 3114 πίνη
2403 3044 2482 3106 είς
2511 3043 2642 3112 χοῦν
2664 3045 3020 3113 κατασκηνοῖ,
3053 3045 3146 3098 καὶ
3173 3045 3237 3099 τὸ
3268 3044 3425 3108 κλέος
3451 3047 3634 3116 αὐτῆς
3660 3047 3816 3102 σϐἐν·

557 3135 688 3189 huic
719 3134 955 3204 reprobo
997 3133 1342 3188 occasionem
1398 3129 1642 3199 suggerit
1695 3125 1986 3182 conciendi
2032 3125 2133 3179 ad-

555 3241 776 3280 versum
802 3242 902 3280 nos
943 3225 1093 3279 belli.
1136 3224 1383 3291 Denique
1434 3219 1738 3274 monachus
1795 3216 2135 3286 comperitur

559 3317 790 3372 honoris
827 3331 948 3372 esse
1005 3315 1412 3378 ambitiosulus,
1461 3320 1524 3366 ut
1581 3311 1673 3382 qui
1724 3308 2010 3365 beneficus
2062 3307 2135 3362 sit

559 3409 698 3462 citra
733 3407 1058 3477 condignam
1098 3404 1406 3460 mercedem
1440 3421 1452 3457 :
1489 3403 1733 3458 laborem
1768 3401 1918 3456 enim
1971 3400 2137 3455 susti-

562 3495 704 3561 nuit,
757 3511 862 3550 nec
921 3495 1116 3564 recipit
1162 3493 1248 3548 sui
1312 3492 1621 3547 mercedem
1663 3491 1889 3545 laboris.
1941 3488 2136 3544 Isthaec

563 3587 749 3657 gloriae
805 3594 1085 3640 momento
1140 3583 1519 3641 evanescentis
1569 3581 1880 3652 cupiditas,
1934 3579 2134 3634 misere

564 3675 747 3745 perdit
777 3675 1060 3730 mercedes
1083 3674 1299 3729 debitas
1331 3671 1543 3726 virtuti.
1575 3672 1642 3726 Et
1668 3668 2133 3740 quemadmodum

566 3767 706 3836 lapis
747 3767 802 3822 in
853 3781 979 3821 aera
1039 3774 1345 3828 contortus,
1395 3763 1463 3818 ad
1503 3763 1629 3818 coeli
1668 3776 1842 3830 usque
1894 3774 2136 3814 convexa

566 3873 845 3927 nunquam
893 3857 1175 3928 pertingit,
1224 3857 1298 3910 ita
1341 3870 1444 3910 nec
1470 3853 1711 3909 hominis
1740 3853 1916 3907 oratio
1944 3852 2140 3906 buma-

566 3963 668 4004 nos
691 3947 904 4003 favores
925 3948 1195 4018 captantis
1242 3947 1310 4002 ad
1358 3962 1520 4002 aures
1561 3946 1659 4000 Dei
1717 3959 1958 4014 unquam
2007 3958 2142 3998 con-

567 4039 811 4094 scendet.
838 4040 950 4104 Vir,
994 4039 1240 4109 prudens
1273 4039 1319 4093 si
1364 4021 1469 4102 est,
1531 4037 1870 4098 thesaurum,
1913 4051 2138 4105 suaeque

571 4130 791 4184 virtutis
839 4129 1085 4184 laborem
1140 4129 1343 4184 occulit
1390 4144 1456 4183 ac
1510 4127 1780 4182 recondit.
1844 4127 2143 4183 Monachus

571 4220 883 4291 intelligens
933 4220 1270 4291 ingeniosam
1313 4227 1370 4274 et
1393 4220 1650 4274 solertem
1679 4218 1925 4272 imitatur
1951 4219 2142 4287 apicu-

2233 3151 2408 3189 νυται.
2456 3134 2519 3186 Ἡ
2544 3133 2602 3188 δὲ
2635 3134 2730 3204 τῆς
2756 3134 2957 3204 ἀρετῆς
2989 3134 3117 3200 δόξα
3164 3135 3315 3206 μένει
3361 3139 3444 3200 είς
3487 3138 3586 3191 τὸν
3615 3139 3814 3195 αἰῶνα.

2245 3223 2437 3294 Ἡμεῖς
2467 3218 2581 3288 οῦν,
2634 3224 2931 3293 ἀγαπητοὶ,
2986 3225 3061 3296 μή
3108 3227 3290 3297 δῶμεν
3339 3227 3529 3298 χώραν
3577 3228 3725 3283 ὥστε
3757 3230 3815 3283 τὸ

2234 3315 2402 3377 πάθος
2428 3314 2584 3368 τοῦτο
2615 3315 2902 3385 κυριεῦσαι
2953 3317 3112 3386 ήμῶν
3145 3334 3160 3348 ο
3213 3318 3548 3388 φοϐούμενοι
3587 3321 3683 3375 τὸν
3731 3320 3815 3374 λέ-

2234 3421 2421 3475 γοντα·
2453 3425 2472 3457 ι
2521 3406 2580 3458 '0
2601 3405 2733 3468 Θεὸς
2758 3407 3085 3478 ὲσκόρπισεν
3109 3408 3245 3462 ὀστᾶ
3265 3409 3804 3479 ἀνθρωπαρέσκων..

2246 3497 2533 3563 Ἐπόμενοι
2574 3497 2632 3550 δὲ
2675 3497 2876 3567 μᾶλλον
2909 3499 2987 3570 τῷ
3009 3500 3354 3572 ἀποστολικῷ
3385 3502 3540 3572 ῥητῷ
3569 3504 3812 3574 είιτωμιν

2235 3589 2546 3659 εἰλικρινῶς
2580 3606 2593 3619 ο
2641 3609 2660 3640 ι
2702 3590 2861 3660 "Amr.
2886 3590 2993 3660 γὰρ
3023 3591 3343 3662 ἀνθρώπους
3380 3595 3580 3657 πείθω,
3637 3597 3672 3665 ἢ
3725 3597 3809 3650 τὸν

2235 3678 2406 3744 Θεὸν,
2468 3677 2501 3748 ἢ
2559 3678 2706 3749 ζητῶ
2754 3679 3062 3750 ἀνθρώποις
3116 3683 3412 3751 ἀρέσκεινς
3465 3684 3529 3736 Εἰ
3587 3685 3697 3753 γὰρ
3735 3686 3807 3739 ἔτι

2237 3767 2548 3840 ἀνθρώποις
2578 3770 2835 3839 ἤρεσκον,
2865 3769 3104 3839 Χριστοῦ
3136 3771 3319 3835 δοῦλος
3341 3775 3445 3827 ούκ
3476 3774 3546 3826 ἂν
3577 3777 3745 3845 ήμην.
3785 3794 3802 3827 ι

2238 3862 2350 3916 Καὶ
2381 3857 2539 3924 αὖθις
2565 3877 2581 3892 ·
2617 3880 2636 3912 ι
2671 3861 2857 3924 Οὕτως
2888 3860 3181 3932 λαλοῦμεν,
3210 3864 3310 3933 οὐχ
3359 3865 3437 3928 ὡς
3486 3866 3806 3937 ἀρέσκοντες

2239 3950 2564 4021 ἀνθρώποις,
2591 3950 2726 4004 ἀλλά
2746 3951 2826 4022 τῷ
2847 3950 2966 4021 Θεῷ
2984 3952 3062 4021 τῷ
3087 3952 3433 4024 δοκιμάζοντι
3463 3956 3566 4020 τὰς
3588 3957 3805 4027 καρδίας

2239 4042 2419 4112 ήμῶν.
2456 4040 2592 4094 Οῦτε
2614 4041 2723 4111 γὰρ
2751 4042 2962 4110 (φησὶν)
2990 4043 3048 4095 ὲν
3071 4043 3214 4113 λόγῳ
3241 4045 3530 4108 κολακείας
3556 4047 3806 4119 ἐγενήθη-

2245 4148 2344 4203 μεν
2365 4131 2506 4203 πρὺς
2525 4133 2695 4202 ὑμᾶς,
2721 4131 2903 4196 καθὼς
2927 4134 3126 4197 οἴδατε,
3158 4132 3284 4187 οὔτε
3311 4135 3587 4206 προφάσει
3625 4138 3802 4192 πλεονο

2243 4227 2392 4292 εξίας
2418 4225 2570 4297 (Θεὸς
2604 4223 2856 4295 μάρτυς),
2909 4222 3032 4276 οὔτε
3083 4223 3373 4293 ζητοῦντες
3403 4224 3464 4288 ὲξ
3513 4226 3801 4296 ἀνθρώπων

569 4310 699 4365 lam.
751 4310 900 4378 Quos
949 4321 1177 4366 externe
1229 4311 1486 4381 selegerit
1533 4309 1810 4376 flosculos,
1861 4309 2040 4364 defert
2089 4309 2132 4364 in

2244 4317 2422 4382 δόξαν.
2445 4335 2464 4369 ι
2486 4345 2555 4357 --
2579 4333 2597 4364 ι
2623 4317 2698 4368 Οὐ
2728 4313 2839 4385 γὰρ
2863 4316 2892 4368 ὁ
2919 4313 3110 4369 ἑαυτὸν
3132 4316 3485 4381 συνιστάνων,
3508 4317 3713 4378 tum;
3729 4317 3804 4370 δό-

571 4401 894 4464 alvearinm,
938 4404 1150 4458 interne
1185 4403 1519 4457 mellificium
1543 4403 1839 4475 favumque
1862 4401 2150 4472 operosius

572 4493 812 4549 conficit.
832 4493 908 4548 Ne
931 4493 1147 4548 labores
1167 4494 1377 4563 1097
1396 4502 1518 4547 tuos
1532 4494 1784 4547 humanae
1800 4493 1886 4546 isti
1906 4493 2148 4562 gloriolae

572 4601 812 4654 exponas
852 4585 1038 4646 venui,
1065 4601 1202 4640 neve
1227 4585 1469 4639 futuram
1506 4585 1737 4654 gloriam
1787 4584 1989 4653 prodas
2035 4593 2143 4638 tam

573 4676 667 4731 vili
693 4675 1023 4741 mercedula,
1047 4692 1243 4745 nempe
1269 4677 1340 4730 ob
1375 4675 1814 4745 qualemcunque
1859 4675 2144 4728 hominum

574 4768 838 4824 favorem.
867 4767 1115 4823 Humana
1153 4767 1326 4837 gloria
1364 4767 1622 4821 deorsum
1645 4766 1699 4820 in
1725 4767 1949 4836 pulvere
1991 4782 2152 4821 suum

577 4860 688 4930 figit
719 4859 1134 4914 tabernaculum
1165 4875 1178 4914 :
1217 4873 1389 4929 quare
1425 4859 1543 4928 ejus
1577 4859 1696 4914 laus
1732 4867 2010 4913 momento
2060 4874 2156 4913 ex-

577 4951 874 5022 stinguitur
893 4967 958 5005 ac
978 4949 1232 5020 deperit;
1280 4966 1403 5020 qua:
1457 4960 1641 5006 autem
1690 4951 1881 5005 virtuti
1925 4950 2157 5006 debetur

579 5036 770 5106 gloria,
809 5036 964 5091 nullo
1008 5036 1388 5108 intercipietur
1416 5054 1554 5094 aevo.
1591 5039 1700 5094 Nos
1728 5039 1917 5110 igitur,
1942 5039 2157 5094 charis-

581 5127 727 5190 simi,
759 5127 888 5183 huic
914 5129 1110 5184 animas
1139 5120 1543 5199 pert'urbationi
1567 5131 1748 5185 locum
1779 5146 1849 5185 ne
1871 5131 2150 5196 cedamus,

584 5234 651 5273 ne
681 5219 900 5288 quando
957 5222 1130 5275 nostri
1186 5221 1520 5277 dominetur.
1577 5223 1715 5277 Cum
1769 5223 1965 5276 timore
2024 5236 2151 5275 eum

583 5309 940 5365 exaudiamus
979 5313 1072 5380 qui
1119 5311 1255 5366 dicit
1285 5332 1296 5364 :
1357 5331 1375 5363 ι
1414 5314 1558 5367 Deus
1589 5313 1874 5383 dissipavit
1904 5328 2026 5366 ossa
2060 5327 2154 5368 co-

588 5411 708 5452 rum
738 5399 832 5468 qui
859 5400 1175 5458 hominibus
1202 5405 1417 5473 placent
1439 5407 1502 5458 ⁸⁸.
1536 5426 1552 5458 ι
1581 5407 1946 5477 Λροειοιίοειιη
1970 5405 2152 5476 potius

663 5574 710 5604 "
751 5576 890 5630 Psal.
937 5594 1028 5644 LII,
1062 5580 1114 5632 6.

2247 4425 2431 4478 κιμος,
2456 4405 2568 4459 ἀλλ’
2589 4405 2648 4458 ὃν
2667 4407 2694 4459 ὁ
2719 4405 2923 4477 Κύριος
2951 4405 3286 4474 συνίστησινο
3318 4425 3336 4456 ι
3367 4405 3550 4469 καθώς
3585 4424 3745 4477 φησιν
3770 4410 3798 4476 ή

2251 4499 2500 4571 μακαρία
2532 4500 2700 4551 ’Ἄννα
2729 4498 2762 4568 ή
2789 4497 2884 4550 τοῦ
2908 4498 3165 4567 Σαμουὴλ
3198 4513 3213 4529 ·
3256 4516 3275 4549 ι
3309 4497 3404 4567 Μὴ
3442 4499 3736 4568 καυχάσθω
3776 4502 3799 4551 6

2250 4590 2510 4660 φρόνιμος
2559 4591 2617 4641 ὲν
2667 4590 2733 4658 τῇ
2785 4588 3048 4659 φρονήσει
3088 4587 3278 4652 αὐτοῦ,
3305 4594 3399 4642 καὶ
3439 4590 3469 4641 ό
3503 4589 3724 4654 δυνατὸς
3751 4593 3797 4641 ἐν

2249 4683 2316 4750 τῇ
2340 4679 2568 4750 δυνάμει
2611 4679 2796 4739 αὑτοῦ,
2829 4679 2923 4733 καὶ
2975 4681 3004 4733 ὁ
3057 4679 3311 4742 πλούσιος
3358 4681 3414 4732 ὲν
3469 4679 3548 4749 τῷ
3602 4681 3798 4751 πλούτῳ

2251 4769 2415 4824 αὑτοῦ
2449 4787 2464 4802 ο
2493 4769 2605 4824 ἀλλ’
2633 4771 2690 4823 ἐν
2730 4767 2810 4839 τῷ
2840 4768 3100 4830 συνιέναι,
3144 4769 3238 4822 καὶ
3284 4770 3456 4822 ποιεῖν
3507 4772 3679 4839 κρῖμα
3714 4770 3797 4821 καὶ

2249 4861 2619 4932 δικαιοσύνην.
2660 4881 2679 4914 ι
2734 4862 2792 4914 ’0
2819 4862 2876 4913 δὲ
2919 4860 3175 4930 βασιλεὺς
3221 4859 3488 4924 Ἐζεκίας,
3529 4863 3629 4929 τὴν
3659 4861 3798 4925 δόξαν

2251 4953 2358 5008 τῶν
2388 4953 2688 5024 ἀνθρώπων
2723 4949 3060 5022 θηρώμενος,
3093 4951 3186 5004 καὶ
3228 4950 3556 5020 περιχαρείςι
3592 4950 3798 5020 κρατού-

2257 5061 2435 5116 μενος,
2471 5043 2640 5108 ἔδειξε
2670 5043 2783 5105 τοῖς
2822 5041 3112 5105 Χαλδαίοις
3139 5041 3264 5103 τοὺς
3295 5041 3602 5112 θησαυροῦς
3630 5043 3791 5095 αὐτοῦ.

2258 5137 2368 5190 Καὶ
2421 5132 2706 5189 ἀπέστειλε
2761 5133 2966 5203 Κύριος
3010 5134 3103 5187 τὸν
3159 5132 3390 5186 Ἡσαΐαν
3418 5173 3433 5196 ,
3480 5133 3616 5199 πρὸς
3658 5133 3794 5186 αὐτὸν

2259 5225 2473 5292 λέγων·
2515 5243 2532 5275 ι
2577 5222 2706 5277 Ἰδοὺ
2746 5223 2955 5294 ἡμέραι
2987 5223 3259 5294 ἔρχονται,
3307 5225 3403 5277 καὶ⁵
3455 5223 3792 5293 ληφθήσονται

2259 5318 2437 5370 πάντα
2481 5315 2517 5369 ἀ
2559 5313 2688 5380 ἴδον,
2731 5315 2810 5376 είς
2852 5313 3169 5368 Βαϐυλῶνα.
3212 5332 3229 5365 ι
3291 5314 3381 5376 Ὡς
3437 5314 3533 5366 καὶ
3564 5312 3644 5381 ἐφ’
3682 5314 3790 5380 ἡμῖν

2259 5403 2352 5462 νῦν
2379 5404 2619 5473 γέγονεν.
2664 5399 3080 5472 Ἐπαχύνθημεν
3104 5400 3209 5472 γὰρ
3240 5401 3337 5454 καὶ
3359 5400 3788 5469 ἀπελακτίσαμιν,
