4030 6296
255 316 384 387 1569

1268 322 1596 388 ΗΟΜΙΙᾸΑ
1635 330 1837 393 XLIV.
1865 355 1934 365 -
1965 333 2060 391 DE
2102 332 2498 412 SDPERBIA.

3362 339 3498 408 1570

249 437 338 491 καὶ
361 435 681 508 παρέδωκεν
716 436 923 508 Κύριος
968 437 1068 508 τὴν
1113 437 1264 508 ἰσχὺν
1306 442 1484 512 ἡμῶν,
1515 443 1604 496 τὸν
1639 443 1808 513 τίμιοι

1921 446 2159 500 aemulati
2221 447 2550 501 sententiam
2603 447 2817 502 sincero
2868 455 3092 518 pectore
3142 435 3496 519 promamus:

249 525 498 594 σταυρὸν,
534 526 646 588 τοῖς
677 524 991 590 Χαλδαίοις,
1037 527 1134 580 καὶ
1161 528 1232 581 τά
1262 529 1391 596 ἅγια
1421 530 1577 600 ἡμῶν
1601 531 1821 601 ἐρήμω-

249 631 362 668 σαν.
399 613 596 678 Καλῶς
625 610 722 669 οὖν
745 616 773 668 6
815 617 1231 688 Παροιμιαστὴς
1257 618 1406 685 λέγει
1429 633 1444 648 °
1484 638 1502 670 ι
1537 620 1820 690 Κρείσσων

245 705 378 776 ἀνὴρ
431 708 490 758 ὲν
548 707 742 776 ἀτιμίαι¹
791 707 971 777 ἑαυτῷ
1012 707 1297 773 δουλεύων,
1334 710 1420 780 ἢὸ
1448 711 1615 782 τιμὴν
1645 711 1819 780 ἑαυτῷ

246 796 505 866 περιθεὶς,
533 797 628 849 καὶ
656 796 972 866 ἐνδεόμενος
1001 796 1190 868 ἄρτου.
1214 817 1233 850 ι
1271 799 1381 851 Καὶ
1409 799 1572 852 πάλιν
1594 816 1607 829 ο
1642 819 1660 851 ι
1696 801 1819 868 Ἐγ·-

245 888 569 957 κωμιαζέτω
601 905 658 940 σε
682 889 709 940 6
753 888 942 952 πέλας,
965 891 1058 942 καὶ
1101 888 1177 960 μὴ
1209 889 1270 941 τὸ
1304 889 1394 942 σὸν
1423 891 1622 959 στόμα’
1658 891 1817 944 ἀλλό-

241 992 406 1046 τριος,
439 978 533 1029 καὶ
557 977 631 1048 μὴ
654 977 720 1031 τά
755 979 824 1030 σὰ
850 978 1029 1048 χείλη.
1069 998 1090 1032 ι
1129 979 1186 1032 Ὀ
1214 979 1270 1032 δὲ
1295 980 1604 1052 Ψαλμῳδός
1635 999 1651 1014 ο
1687 999 1706 1032 ι
1755 978 1813 1033 ’0

239 1065 368 1129 Θεὸς
386 1066 771 1137 διεσκόρπισεν
805 1067 939 1122 ὀστᾶ
959 1069 1442 1143 ἀνθρωπαρέσκων
1458 1087 1474 1102 ·
1501 1071 1814 1141 κατῃσχύν-

240 1157 406 1228 οησαν
439 1159 522 1211 ὅτι
554 1161 582 1211 6
604 1159 738 1222 Θεὸς
769 1159 1132 1224 ὲξουδένωσεν
1161 1163 1377 1226 αὐτούς.
1416 1181 1435 1214 ι
1465 1164 1622 1217 Καὶὸ
1656 1163 1814 1216 Ἀπό·

240 1253 422 1314 στολος
441 1265 454 1278 ·
496 1271 514 1304 ι
549 1252 615 1304 Τί
647 1253 756 1322 γὰρ
781 1251 946 1322 ἔχεις,
983 1252 1012 1304 ὃ
1033 1253 1131 1305 οὐκ
1162 1253 1354 1316 ἔλαϐες
1381 1269 1396 1318 ;
1431 1255 1480 1306 εί
1510 1253 1567 1307 δὲ
1598 1253 1808 1317 ἔλαϐες,

236 1341 288 1395 τί
305 1343 574 1412 καυχᾶσαι
598 1341 674 1405 ὡς
699 1343 775 1412 μὴ
795 1342 1007 1401 λαϐών;
1037 1361 1054 1394 ι
1081 1343 1192 1396 Καὶ
1218 1345 1330 1406 τοῖς
1351 1345 1409 1398 ὲν
1429 1344 1645 1416 Κρήτῃο
1670 1362 1690 1395 ι
1717 1343 1810 1415 Μὴ

238 1433 294 1484 ὲν
315 1430 778 1502 ὀφθαλμοδουλείᾳ
798 1473 812 1497 ,
849 1432 924 1496 ὼς
975 1432 1451 1503 ἀνθρωπάρεσκοι,
1507 1434 1624 1488 ἀλλ’
1654 1435 1682 1486 ὃ
1715 1437 1810 1488 ἐὰν

235 1526 458 1586 ποιεῖτε.
492 1527 556 1576 ὲκ
583 1524 758 1596 ψυχῆς
793 1525 1116 1596 ἐργάζεσθε,
1150 1526 1225 1590 ὡς
1245 1527 1325 1596 τῷ
1355 1527 1564 1599 Κυρίῳ,
1587 1528 1679 1581 καὶ
1708 1528 1808 1582 οῦκ

233 1615 538 1686 ἀνθρώποις
563 1617 923 1680 δουλεύοντες.
960 1637 979 1670 ι

1923 553 1942 584 ι
1982 536 2141 590 Modo
2167 538 2318 592 enim
2355 539 2674 592 hominibus
2699 540 2919 602 suadeo,
2955 555 3023 594 an
3045 541 3194 595 Deo?
3217 557 3286 596 an
3314 559 3498 613 quaero

1918 625 2236 682 hominibus
2265 629 2522 698 placere?
2556 628 2614 683 Si
2643 629 2790 682 enim
2823 630 3003 685 adhuc
3033 631 3352 689 hominibus
3377 637 3496 705 plao’

1915 731 2119 783 cerem,
2159 718 2365 773 Christi
2417 734 2610 774 servus
2659 735 2768 773 non
2819 736 2997 774 essem
3049 723 3112 773 ".
3157 743 3174 773 ι
3226 724 3440 780 Rursus
3480 749 3492 780 :

1921 824 1938 855 ι
1980 806 2071 860 Sic
2096 808 2375 876 loquimur
2393 824 2506 862 non
2539 809 2697 877 quasi
2719 809 3039 864 hominibus
3067 811 3366 880 placentes,
3398 815 3494 869 sed

1914 895 2047 962 Deo,
2080 899 2175 966 qui
2211 899 2411 968 probat
2438 899 2608 953 corda
2643 909 2831 954 nostra
2860 918 2875 967 ;
2909 917 3090 970 neque
3118 903 3288 966 enim,
3316 904 3412 967 ait,
3440 907 3496 960 in

1914 1004 2168 1044 sermone
2190 989 2523 1045 adulationis
2547 991 2754 1045 fuimus
2778 993 2922 1062 apud
2944 1008 3061 1058 vos,
3087 994 3232 1048 sicut
3251 1003 3306 1048 et
3321 996 3492 1061 scitis,

1909 1095 2092 1149 neque
2126 1082 2181 1135 in
2213 1082 2500 1137 occasione
2549 1083 2832 1136 avaritia}:
2864 1084 3009 1137 Deus
3064 1085 3257 1138 testis:
3317 1101 3496 1154 neque

1909 1182 2218 1242 quaerentes
2244 1173 2313 1227 ab
2343 1173 2660 1228 hominibus
2685 1172 2992 1243 gloriam”.
3019 1193 3037 1226 ι
3059 1205 3127 1213 -
3151 1195 3169 1224 ι
3194 1175 3314 1229 Non
3347 1177 3493 1230 enim

1911 1265 2006 1333 qui
2029 1265 2271 1334 seipsum
2301 1265 2671 1329 commendat,
2693 1265 2785 1318 ille
2806 1265 3072 1333 probatus
3089 1275 3192 1330 est,
3214 1265 3308 1320 sed
3329 1282 3493 1335 quem

1914 1356 2181 1410 Dominus
2212 1357 2563 1410 commendat
2594 1357 2658 1409 ³⁸.
2695 1375 2712 1406 ι
2758 1355 2816 1409 ln
2859 1356 3007 1410 hunc
3051 1358 3218 1411 etiam
3269 1358 3492 1412 modum

1912 1445 2159 1514 loquitur
2188 1447 2346 1501 beata
2379 1447 2470 1500 illa
2496 1446 2768 1502 Samuelis
2791 1456 2965 1501 mater
2988 1448 3144 1501 Anna
3176 1465 3188 1501 :
3220 1468 3237 1499 ι
3267 1449 3345 1502 Ne
3378 1449 3495 1519 glo-

1913 1534 2091 1589 rietur
2133 1537 2376 1606 prudens
2415 1537 2469 1590 in
2515 1537 2811 1606 prudentia
2840 1548 2961 1605 Sua,
2989 1549 3044 1592 et
3074 1548 3269 1608 potens
3301 1540 3354 1594 in
3391 1554 3493 1608 po-

1914 1626 2087 1679 tentia
2129 1641 2247 1690 sua,
2285 1635 2341 1681 et
2370 1627 2525 1681 dives
2548 1627 2604 1680 in
2642 1627 2853 1681 divitiis
2877 1629 3012 1694 suis,
3041 1629 3138 1683 sed
3171 1630 3225 1683 in
3251 1630 3357 1684 hoc
3378 1631 3493 1700 glo-

236 1713 428 1778 rietur,
455 1714 502 1768 si
526 1713 784 1784 intelligit
815 1714 1314 1787 etfacitjudicium
1339 1725 1398 1770 et
1437 1717 1705 1788 justitiam
1741 1717 1808 1771 ⁸ο.
1857 1737 1876 1770 ι
1920 1719 2037 1774 Rex
2077 1721 2380 1775 etiamnum
2416 1721 2684 1776 Ezechias
2732 1722 3020 1776 hominum
3068 1725 3294 1793 gloriam
3335 1728 3491 1794 quasi

231 1804 462 1874 quadam
495 1806 884 1859 venatiuncula
920 1813 1167 1875 captans,
1217 1822 1281 1861 ac
1321 1807 1638 1877 profusiore
1671 1807 2095 1878 gaudiuvictus,
2139 1825 2270 1864 suos
2327 1825 2522 1864 oumes
2576 1810 2869 1864 thesauros
2897 1810 3171 1865 Chaldaeis
3237 1812 3491 1866 visendos

231 1897 493 1966 explicuit
508 1896 550 1928 “
575 1897 873 1952 :eteccein
888 1898 1120 1968 vestigio
1136 1897 1804 1962 misitDominuslsaiam,
1847 1898 1942 1968 qui
1980 1899 2235 1954 diceret:
2273 1918 2290 1950 ι
2325 1901 2468 1955 Ecce
2490 1901 2613 1978 dies
2634 1902 2862 1955 venient
2893 1909 2947 1954 et
2978 1911 3198 1955 sument
3231 1917 3353 1971 qua:
3405 1903 3490 1958 vi-

233 1989 437 2045 derunt
470 1989 676 2056 omnia,
712 1991 769 2044 in
810 1990 1148 2062 Babylonem
1174 1992 1241 2058 ",
1277 2012 1296 2044 ι
1329 1993 1474 2048 sicut
1523 1993 1682 2056 nobis
1715 2008 1937 2062 quoque
1975 2008 2124 2047 nunc
2163 1994 2416 2063 contigit;
2462 1993 2744 2049 Dedecore
2792 2003 2956 2063 atque
3002 1995 3304 2065 ignominia
3359 2011 3485 2065 per-

228 2086 336 2140 fusi
368 2101 580 2150 sumus,
619 2093 677 2140 et
717 2100 845 2141 ecce
877 2086 1198 2143 rebellionis
1232 2089 1411 2143 calces
1449 2088 1820 2144 obtrudimus.
1865 2087 2116 2142 Tradidit
2159 2089 2426 2142 Dominus
2471 2088 2597 2143 ﬁdei
2655 2098 2856 2144 nostrae
2897 2088 3070 2144 robur
3109 2091 3489 2145 venerabilem

227 2189 287 2236 et
323 2181 532 2236 honore
563 2180 842 2250 praecipuo
881 2180 1103 2250 dignam
1154 2197 1373 2236 crucem
1423 2182 1714 2248 Chaldaeis,
1765 2183 2079 2237 sanctuaria
2125 2191 2315 2236 nostra
2367 2181 2422 2234 in
2465 2181 2820 2236 solitudinem
2873 2183 3094 2238 redacta
3158 2191 3306 2236 sunt.
3359 2181 3490 2236 Pul-

227 2277 361 2330 chre
413 2275 585 2346 igitur
619 2275 1007 2330 Parcemiastes
1035 2275 1208 2331 dicit:
1245 2296 1263 2328 ι
1318 2276 1511 2331 Melior
1543 2278 1629 2332 vir
1656 2277 1750 2346 qui
1776 2277 1833 2331 in
1870 2275 2169 2346 ignominia
2205 2291 2304 2330 sua
2359 2275 2549 2341 servit,
2595 2290 2757 2344 quam
2816 2276 2912 2345 qui
2963 2275 3184 2330 asciscit
3227 2274 3330 2329 sibi
3389 2274 3490 2328 ali-

227 2370 406 2426 cunde
453 2371 740 2435 honorem,
800 2378 856 2426 et
909 2370 1119 2441 indiget
1170 2387 1312 2440 pane
1367 2371 1431 2425 ¹⁶⁸.
1471 2390 1489 2422 ι
1546 2371 1800 2426 Rursus:
1851 2370 2106 2424 «Laudet
2128 2377 2179 2424 te
2211 2370 2512 2439 proximus,
2561 2361 2622 2423 et
2667 2385 2778 2423 non
2807 2385 2868 2424 os
2904 2365 3102 2434 tuum;
3153 2369 3388 2434 alienus,
3431 2375 3490 2423 et

225 2477 339 2517 non
364 2462 507 2516 labia
537 2469 631 2516 tua
685 2460 754 2514 “.
794 2479 814 2512 ι
873 2461 1085 2516 Psaltes
1138 2461 1270 2517 item
1327 2461 1554 2532 regius:
1619 2480 1636 2512 ι
1665 2462 1811 2516 Deus
1846 2461 2135 2529 dissipavit
2171 2475 2297 2514 ossa
2336 2476 2529 2514 eorum
2587 2460 2682 2530 qui
2720 2461 3040 2515 hominibus
3067 2462 3304 2531 placent,
3355 2475 3487 2516 con-

227 2557 337 2615 fusi
357 2565 486 2612 sunt
507 2556 767 2626 quoniam
788 2557 935 2611 Deus
957 2559 1165 2627 sprevit
1191 2573 1289 2614 eos
1313 2560 1379 2611 ".
1421 2577 1441 2611 ι
1484 2558 1815 2627 Apostolus:
1860 2575 1878 2608 ‹
1909 2557 2052 2623 Quid
2091 2557 2240 2611 enim
2285 2556 2456 2610 habes
2488 2557 2635 2626 quod
2662 2573 2773 2611 non
2807 2557 3068 2626 accepisti
3099 2559 3121 2610 ?
3183 2557 3326 2626 quid
3367 2559 3485 2627 glo-

227 2650 410 2715 riaris,
440 2651 599 2719 quasi
625 2665 737 2704 non
765 2652 1042 2720 acceperis
1091 2650 1178 2704 “1?
1205 2671 1224 2703 ι
1275 2650 1633 2708 Colossenses
1671 2650 1803 2705 item
1841 2650 2146 2705 admonens
2176 2667 2189 2703 :
2226 2667 2244 2699 ι
2292 2651 2413 2703 Non
2443 2649 2510 2703 ad
2546 2651 2766 2704 oculum
2793 2651 3099 2705 servientes
3119 2651 3275 2719 quasi
3303 2650 3485 2704 homi-

223 2743 390 2800 nibus
417 2743 716 2814 placentes,
755 2744 853 2799 sed
881 2745 1250 2815 quodcunque
1287 2744 1490 2812 facitis,
1529 2760 1597 2800 ex
1628 2743 1812 2800 animo
1849 2743 2196 2816 operemini,_
2231 2742 2388 2812 quasi
2437 2743 2671 2796 Domino
2717 2751 2773 2796 et
2825 2757 2937 2794 non
2986 2741 3305 2796 hominibus
3350 2755 3472 2795 ser-

224 2839 442 2894 viantes
469 2840 534 2893 “.
571 2859 591 2892 ι

295 2934 479 2986 Δεινὸν
502 2928 595 2987 οὖν
618 2934 787 2998 ἔστιν,
825 2933 902 2998 ὡς
949 2934 1185 3006 εἴρηται,
1244 2935 1306 2989 τὸ
1349 2935 1450 3004 τῆς
1500 2933 1808 2999 κενοδοξίας

1980 2928 2108 2983 Haec
2141 2928 2322 2982 inanis
2351 2927 2540 2997 gloria:
2564 2926 2783 2980 allectio
2811 2931 2947 2980 sane
2978 2941 3142 2994 quam
3194 2927 3490 2986 vehemens

220 3023 398 3087 πάθος
425 3039 440 3053 °
473 3025 568 3078 καὶ
591 3025 770 3089 πάσας
795 3026 893 3089 τὰς
923 3027 1129 3098 ἀρετὰς
1181 3026 1249 3092 ἃς
1281 3027 1576 3098 ἐργάζεται
1628 3028 1657 3079 6
1709 3026 1806 3080 άν-

1911 3027 1968 3074 et
1988 3018 2248 3088 perplexa
2282 3027 2386 3082 est,
2409 3019 2566 3088 juxta
2597 3015 2938 3085 superiorem
2967 3017 3298 3072 sententiam
3324 3038 3335 3072 :
3361 3021 3489 3075 nul-

220 3115 461 3186 θρωπος,
496 3115 867 3186 παρεμϐάλλει
916 3118 1094 3188 ἑαυτῷ
1115 3133 1131 3148 ·
1157 3118 1253 3171 καὶ
1289 3119 1582 3183 σπουδάζει
1611 3119 1806 3188 ἀχρει-

217 3208 361 3259 ὦσαι
404 3208 529 3270 τοὺς
584 3209 833 3278 καρποὺς
881 3207 977 3263 τοῦ
1033 3208 1294 3280 μοναχοῦ.
1327 3211 1436 3264 Καὶ
1467 3210 1528 3264 τὸ
1557 3209 1806 3280 χαλεπώ-

215 3313 379 3368 τερον
409 3314 424 3331 ο
455 3298 540 3351 ὅτι
597 3298 694 3351 ἐπὶ
740 3298 839 3369 μὲν
892 3299 1001 3352 τῶν
1063 3299 1237 3353 ἄλλων
1283 3299 1496 3361 παθῶν.
1545 3301 1805 3370 πορνείας

217 3385 390 3456 φημὶ,
413 3388 506 3440 καὶ
535 3387 726 3458 ὀργῆς,
763 3389 1082 3459 λυποῦμεθα
1121 3390 1290 3455 εἰκὸς,
1335 3391 1430 3443 καὶ⁵
1466 3389 1801 3459 θρηνοῦμεν,

216 3480 318 3534 καὶ
349 3479 622 3549 εὐχόμεθα
647 3481 1032 3551 ἀπαλλαγῆναι
1058 3499 1072 3512 ·
1112 3482 1206 3534 ἐπὶ
1247 3481 1305 3534 δὲ
1347 3483 1446 3551 τῆς
1497 3481 1804 3546 κενοδοξίας

212 3567 343 3622 οὔτε
375 3570 665 3638 πονοῦμεν,
707 3571 832 3624 οὔτε
872 3571 1216 3643 λυπούμεθα,
1253 3571 1379 3624 οῦτε
1405 3573 1499 3624 τὸν
1535 3571 1665 3624 Θεὸν
1693 3587 1802 3623 πα-

218 3661 568 3730 ρακαλοῦμεν
621 3662 1062 3732 ἐλευθερωθῆναι
1114 3664 1172 3730 ἐξ
1211 3663 1402 3732 αὐτῆς.
1462 3663 1803 3733 Μισήσωμεν

211 3745 335 3811 οὖν,
384 3748 630 3818 ἀδελφοὶ,
669 3749 731 3802 τὸ
777 3750 986 3803 τέλειον
1030 3753 1206 3820 μῖσος,
1253 3750 1315 3803 τὸ
1351 3749 1453 3820 τῆς
1493 3749 1800 3814 κενοδοξίας

211 3837 411 3903 πάθος,
436 3838 525 3891 ἵνα
545 3837 618 3908 μὴ
639 3839 1002 3908 ἀπολέσωμεν
1037 3839 1163 3902 τοὺς
1190 3838 1471 3909 καμάτους
1491 3837 1648 3909 ἡμῶν
1667 3853 1682 3869 σ
1703 3837 1801 3908 τῆς

208 3931 327 4002 γὰρ
358 3929 450 3984 τοῦ
475 3930 717 4002 Χριστοῦ
739 3931 987 3995 δουλείας
1011 3932 1104 3985 καὶ
1139 3932 1239 4003 τῆς
1265 3932 1344 3994 είς
1381 3931 1516 3983 Θεὸν
1560 3929 1798 3991 πίστεως

207 4023 511 4094 ἀφίστησιν
528 4023 619 4076 τὸν
637 4023 944 4093 ἄνθρωπον,
962 4022 1146 4086 καθώς
1160 4039 1322 4091 φησιν
1339 4024 1367 4075 6
1383 4021 1604 4091 Κύριος⁸
1632 4038 1650 4070 ι
1675 4019 1800 4082 Πῶς

205 4112 448 4166 δύνασθε
475 4113 761 4166 πιστεύειν
795 4115 874 4190 είς
897 4112 1018 4183 ἐμὲ,
1039 4109 1196 4176 δόξαν
1223 4111 1354 4180 παρ’
1379 4110 1627 4178 ἀλλήλων
1652 4107 1794 4177 λαμ-

1908 3109 2019 3164 lam
2069 3108 2214 3162 enim
2248 3108 2514 3177 relinquit
2539 3107 2806 3159 virtutum
2837 3121 2974 3174 quas
3003 3115 3266 3175 Operetur
3299 3109 3486 3175 homo,

1907 3197 1997 3252 cui
2031 3213 2143 3250 non
2166 3197 2543 3266 impudentius
2566 3195 2902 3259 obluctetur,
2938 3210 3109 3264 seque
3144 3197 3390 3265 objiciat.
3425 3199 3486 3253 ln

1905 3287 2012 3342 hoc
2035 3302 2254 3356 operam
2279 3297 2441 3341 navat
2461 3287 2948 3351 accuratissimam,
2982 3285 3196 3340 fructus
3226 3289 3481 3342 monachi

1907 3379 2240 3447 intercipere
2285 3388 2344 3431 ut
2389 3379 2564 3446 possit
2615 3387 2670 3432 et
2699 3378 2927 3432 reddere
2962 3377 3206 3432 inutiles.
3233 3379 3486 3434 Habetin

1903 3484 1961 3523 se
1997 3469 2185 3523 ethoc
2242 3469 2458 3521 czcteris
2505 3470 2891 3536 periculosius.
2955 3469 3104 3524 lnter
3156 3471 3291 3525 alias
3337 3471 3485 3526 enim

1904 3559 2072 3612 animi
2124 3558 2566 3628 perturbationes
2615 3561 2915 3615 constituta
2968 3562 3121 3632 (puta
3156 3563 3212 3616 in
3247 3563 3488 3618 fornica-

1905 3651 2078 3714 tione,
2118 3658 2176 3704 et
2211 3649 2313 3720 ira)
2363 3664 2601 3702 mcerore
2643 3652 2990 3716 conﬂcimur,
3023 3653 3373 3722 necinjuria,
3404 3654 3488 3707 lu-

1902 3754 2096 3809 gemus
2149 3753 2390 3807 quoque,
2443 3753 2666 3792 oramus
2719 3740 2944 3807 insuper
2981 3741 3144 3795 eximi
3178 3757 3368 3797 earum
3409 3744 3490 3798 la-

1903 3831 2110 3903 queis:
2165 3831 2431 3885 adversus
2485 3831 2705 3886 inanem
2763 3833 2992 3902 gloriam
3044 3849 3114 3887 ne
3169 3834 3487 3890 laboramus

1902 3924 2148 3994 quidem,
2198 3921 2335 3976 nihil
2387 3937 2489 3976 nos
2529 3923 2859 3978 contristant
2887 3924 3125 3994 pellaces
3172 3925 3321 3980 illius
3367 3927 3487 3982 illc-

1902 4017 2104 4083 cebrae,
2137 4015 2234 4070 sed
2268 4029 2372 4068 nec
2397 4014 2569 4069 Deum
2595 4015 2967 4078 obsecramus,
2992 4031 3093 4070 nos
3125 4024 3185 4070 ut
3210 4017 3408 4072 liberet
3429 4029 3485 4072 et

1898 4105 2172 4161 subducat
2210 4103 2359 4158 illius
2399 4105 2552 4174 jugo.
2578 4103 2721 4158 Sane
2768 4104 3178 4160 blandissimam
3215 4108 3356 4162 hanc
3386 4110 3482 4163 sed

205 4202 492 4264 ὕάνοντες.
530 4203 626 4256 καὶ
657 4201 758 4272 τὴν
782 4201 940 4266 δόξαν
964 4202 1062 4271 τὴν
1105 4201 1260 4271 παρὰ
1301 4199 1396 4253 τοῦ
1449 4200 1610 4270 μόνου
1657 4196 1794 4251 Θεοῦ

1909 4205 1955 4252 et
1981 4197 2378 4252 veteratoriam
2413 4195 2801 4264 intemperiem
2835 4196 3028 4267 gloria:
3076 4198 3259 4254 inanis
3301 4199 3484 4254 oderi-

203 4293 276 4347 οὐ
319 4292 652 4365 ζητοῦντεςς
692 4312 710 4345 ι
766 4293 928 4364 Αὐτῷ
978 4293 1012 4364 ὴ
1059 4292 1186 4358 δόξα
1249 4293 1328 4356 είς
1383 4292 1511 4354 τοὺς
1558 4290 1785 4352 αἰῶνας.

1909 4303 2041 4353 mus,
2073 4301 2281 4357 quaeso,
2313 4286 2534 4350 fratres,
2566 4285 2695 4340 odio
2722 4301 2953 4354 prorsus
2985 4287 3253 4358 perfecto,
3308 4298 3368 4344 ut
3413 4306 3482 4344 ne

203 4385 396 4454 Αμήν.
1887 4395 1986 4450 per
2011 4393 2132 4433 eam
2176 4377 2591 4447 quanticunque
2619 4379 2794 4432 nostri
2828 4377 3048 4434 labores
3081 4390 3210 4434 eant
3230 4396 3475 4450 pessum,

204 4475 437 4547 sintQue
464 4477 624 4532 vacui
647 4484 704 4532 et
725 4477 916 4532 inanes
941 4475 1114 4549 frugis
1151 4477 1330 4533 bonae.
1371 4476 1660 4532 Hominem
1702 4474 1852 4530 enim
1911 4475 2028 4544 ipsa
2061 4481 2309 4528 evocata
2337 4471 2541 4527 Christi
2577 4473 2879 4527 servitute:
2932 4473 3169 4543 denique
3210 4485 3265 4531 et
3299 4492 3331 4531 a
3371 4476 3479 4536 ﬁde

201 4584 323 4637 qua
371 4569 428 4623 in
463 4569 634 4624 Deum
713 4570 1010 4636 credimus,
1058 4571 1398 4642 transfugam
1445 4571 1632 4626 reddit
1697 4578 1754 4624 et
1814 4568 2179 4633 desertorem,
2230 4567 2318 4620 vel
2369 4575 2510 4621 teste
2568 4567 2802 4620 Domino
2837 4585 2851 4622 :
2886 4586 2904 4618 ι
2935 4566 3241 4633 Quomodo.
3279 4571 3476 4640 inquit.

202 4659 446 4728 potestis
493 4659 719 4716 credere
764 4661 820 4715 in
853 4676 962 4727 me,
996 4663 1091 4731 qui
1120 4663 1350 4733 gloriam
1379 4663 1678 4732 vobisipsis
1744 4660 1967 4729 capitis,
2030 4668 2086 4714 et
2150 4657 2378 4730 gloriam
2424 4673 2548 4728 qua:
2595 4674 2626 4712 a
2676 4658 2796 4712 solo
2844 4658 2958 4713 Deo
3005 4668 3111 4725 est,
3162 4676 3273 4716 non
3323 4677 3480 4731 qua.

201 4749 338 4805 ritis
362 4750 449 4806 "Y
479 4769 497 4801 ι
521 4749 628 4820 Ipsi
660 4749 833 4822 gloria
863 4753 921 4806 in
949 4754 1167 4808 saacula.
1199 4754 1398 4808 Amen.

811 4865 1031 4918 ΛΟΓΟΣ
1060 4865 1190 4918 MA’.

2423 4860 2706 4915 HOMILIA
2770 4861 2954 4918 XLIV.

691 4976 829 5043 Περὶ
869 4979 1306 5046 ὑπερηφανίας.

2363 4972 2580 5043 1098
2611 4972 2688 5026 De
2731 4974 2996 5042 superbia.

280 5085 360 5137 Τὸ
384 5085 481 5154 τῆς
504 5084 885 5155 ὑπερηφανίας
915 5086 1131 5157 νόσημα
1161 5090 1341 5158 χεῖρον
1364 5087 1624 5156 τυγχάνει
1653 5085 1788 5139 ὅλων

1967 5081 2256 5154 Superbia:
2316 5085 2586 5154 aegritudo
2661 5087 2928 5156 gravitate
2984 5088 3206 5143 malitia:
3254 5101 3483 5146 exteras

192 5177 322 5231 τῶν
350 5177 560 5242 παθῶν,
594 5177 691 5230 καὶ
712 5177 1074 5247 θεοστῦγητον
1113 5182 1256 5232 πάνυ
1294 5183 1388 5233 xal.
1435 5179 1511 5252 μὴ
1549 5180 1789 5248 ἁρμόζον

1909 5178 2062 5232 mimi
2127 5180 2477 5234 turbulentas
2529 5180 2852 5234 aﬂ‘ectiones
2908 5181 3068 5252 longe
3144 5192 3479 5251 exsuperat:

192 5268 348 5330 ὅλως
381 5266 711 5338 ἀνθρώποις,
749 5266 866 5320 ἀλλ’
902 5267 1052 5337 αὐτῷ
1096 5269 1240 5339 μόνῳ
1275 5269 1352 5338 τῷ
1386 5269 1644 5338 δυσμενεῖ
1670 5269 1787 5322 δια-

1909 5287 2056 5341 ιιιιιηι
2106 5282 2162 5326 et
2216 5273 2358 5327 Deus
2410 5271 2528 5326 odit
2559 5271 2950 5336 infensissime,
2991 5289 3094 5328 nec
3126 5276 3220 5329 ulli
3256 5291 3484 5345 prorsus

191 5359 374 5432 σόλῳ,
409 5358 545 5428 πρὸς
572 5359 672 5430 τὴν
700 5357 866 5414 αὐτοῦ
908 5360 1128 5425 κακίαν,
1163 5359 1239 5429 τῷ
1287 5360 1354 5412 δι’
1407 5359 1784 5432 ὑπερηφανίαν

1909 5364 2180 5417 nominum
2215 5370 2583 5418 consentanea
2617 5371 2703 5417 est
2729 5371 2824 5416 aut
2865 5379 3195 5434 congruens.
3244 5365 3479 5420 Pulchre

2936 5543 2978 5574 “
3011 5544 3078 5598 IV
3102 5540 3236 5612 Reg.
3273 5560 3362 5606 xx,
3393 5543 3480 5596 l3.

2134 5543 2180 5573 ‘°
2216 5541 2419 5598 Jerem.
2469 5559 2544 5605 rx,
2597 5543 2686 5607 25,
2743 5543 2834 5597 24.
2936 5543 2978 5574 “
3011 5544 3078 5598 IV
3102 5541 3236 5612 Reg.
3273 5560 3362 5606 xx,
3393 5543 3480 5596 13.

2134 5625 2205 5680 .ιι,
2231 5614 2284 5666 6.
2397 5613 2443 5644 ⁸⁸
2473 5611 2495 5666 l
2532 5611 2658 5668 Cor.
2693 5630 2764 5680 Iv,
2798 5616 2848 5669 7.
2962 5617 3004 5646 ⁸⁷
3035 5611 3254 5673 Coloss.
3282 5629 3366 5681 ιιι,
3387 5613 3481 5667 22.

863 5537 908 5569 ³⁸
940 5537 961 5590 1
993 5537 1187 5593 Thess.
1225 5555 1286 5603 ιι,
1319 5539 1436 5593 4-6.
1543 5539 1586 5572 ³⁸
1612 5538 1658 5593 ll
1687 5539 1808 5595 Cor.

863 5622 968 5662 rov.
996 5623 1090 5669 xu,
1121 5609 1174 5664 9.
1281 5608 1326 5640 “
1355 5609 1514 5663 Prov.
1547 5626 1711 5669 xxvu,
1746 5612 1798 5665 2.

1946 5541 2031 5594 18.
2134 5543 2180 5573 "°
2216 5541 2419 5598 Jerem.
2469 5559 2544 5605 rx,
2597 5543 2686 5607 25,
2743 5543 2828 5597 24.

1909 5611 2084 5666 'Psal.
2114 5625 2205 5669 ιιι.
2231 5614 2284 5666 6.
2397 5613 2443 5644 ⁸⁸
2473 5611 2495 5666 l
2532 5611 2658 5668 Cor.
2693 5630 2764 5669 Iv.
2798 5616 2828 5669 7

316 5539 360 5571 ιν

395 5538 568 5596 Galat.
603 5554 644 5602 ι,
671 5536 755 5591 l0.
863 5537 908 5569 ³⁸
940 5537 961 5590 1
993 5537 1187 5593 Thess.
1225 5555 1286 5603 ιι,
1319 5539 1436 5593 4-6.
1543 5539 1586 5572 ³⁸
1612 5538 1658 5593 ll
1687 5539 1813 5595 Cor.
1849 5557 1905 5599 x.
1946 5541 2031 5594 18.
2134 5543 2180 5573 ⁸ο
2216 5541 2284 5598 Je‘

397 5613 449 5667 ιι.
487 5609 607 5680 17.-
737 5607 784 5638 ⁸³
809 5607 968 5662 Prov.
996 5623 1090 5672 xu,
1121 5609 1174 5664 9.
1281 5608 1326 5640 “
1355 5609 1514 5663 Prov.
1547 5626 1711 5673 xxvu,
1746 5612 1798 5665 2.
1879 5612 1923 5643 “
1946 5611 2084 5666 Psal.
2114 5625 2205 5680 LII,
2231 5614 2284 5666 6.

195 5612 251 5642 δ’
315 5610 449 5667 ibid.
487 5609 573 5662 17.
737 5607 784 5638 ⁸³
809 5607 968 5662 Prov.
996 5623 1090 5672 xu,
1121 5609 1174 5664 9.

192 5682 250 5714 δ’
283 5680 444 5736 Joau.
475 5695 527 5742 v,
549 5677 638 5730 M.
689 5715 694 5720 ρ
