4030 6296
581 316 722 384 1571
1856 313 2221 376 ANTIOCHI

2264 311 2606 375 MONACHI

3740 310 3772 373 1
3784 311 3887 374 572

582 427 664 482 illi
685 423 946 496 competit
974 432 1030 478 et
1056 423 1157 478 soli
1193 423 1286 494 qui
1314 431 1515 480 nostra:
1557 434 1645 480 est
1675 426 1906 482 annulus
1927 402 2156 494 salutis,

2268 425 2317 491 ἐξ
2345 425 2576 498 οὐρανοῦ
2607 439 2847 477 πεσοντι.
2891 423 2951 476 Ὀ
2993 423 3100 494 γὰρ
3143 420 3617 492 καυχησάμενος,
3659 425 3766 479 καὶ
3797 424 3886 480 λέ-

580 531 778 586 nempe
801 516 1046 576 diabolo,
1066 515 1133 568 ad
1159 530 1311 569 suam
1339 515 1511 584 ipsius
1525 518 1849 586 explendam
1867 518 2154 584 malitiam,

580 625 706 664 cum
740 623 838 678 per
858 623 978 662 eam
1014 607 1342 661 deturbatus
1362 607 1434 660 sil.
1456 624 1624 678 regno
1648 610 1933 664 malorum.
1961 610 2013 664 Is
2031 625 2156 663 cum

580 699 876 769 gloriosius
941 696 1314 757 subsultaret,
1373 712 1437 749 ac
1471 699 1827 767 praegeStiens
1889 699 2149 753 diceret:

586 803 605 836 ι
644 786 846 840 ίόηειιη
880 785 1136 837 thronum
1172 797 1357 836 meum
1415 799 1584 853 super
1647 795 1795 839 astra
1843 787 1965 840 οωιί
2025 786 2092 849 δ’,
2133 804 2151 838 ι

579 885 856 931 momento
881 876 1136 929 inventus
1152 882 1235 928 est
1259 891 1368 929 non
1399 876 1609 930 habens
1643 878 1813 929 ullum
1848 877 2159 946 tranquillae

589 967 794 1036 quietis
818 970 1024 1025 locum.
1060 967 1155 1020 sed
1188 967 1342 1036 quasi
1374 982 1518 1020 unus
1543 968 1742 1036 aliquis
1776 982 2034 1039 manceps
2057 967 2160 1020 mi-

579 1057 826 1113 serrima:
862 1057 1231 1126 captivitatis,
1278 1056 1474 1127 quovis
1506 1058 1754 1111 locorum
1791 1059 2160 1127 triumphatus

581 1157 892 1203 ostentatur
921 1149 988 1201 ad
1019 1149 1245 1217 gloriam
1287 1149 1486 1202 summi
1520 1150 1635 1202 Dei.
1675 1150 1853 1220 Atque
1889 1151 1962 1204 ita
1993 1166 2161 1220 pecu-

579 1240 731 1319 liaris
758 1240 850 1293 hic
889 1238 1105 1292 daemon
1133 1239 1426 1306 superbiae,
1457 1254 1579 1292 cum
1613 1248 2056 1318 pneterczeteras
2081 1239 2162 1293 af-

578 1315 845 1384 fectiones
867 1332 1107 1385 animam
1158 1329 1470 1384 miserrime
1529 1330 1753 1384 alilictct
1806 1315 1862 1384 et
1910 1330 2158 1397 cruciet;

580 1437 677 1478 eos
707 1432 888 1477 tamen
914 1425 1161 1477 omnium
1199 1423 1435 1475 maxime
1465 1422 1767 1492 impugnat,
1796 1435 1851 1476 et
1881 1432 1938 1476 ut
1969 1423 2160 1476 detur-

583 1515 676 1570 bet
703 1523 866 1583 atque
894 1522 1128 1575 evertat,
1159 1513 1498 1584 aggreditur,
1555 1516 1650 1583 qui
1695 1515 1946 1583 profectu
1983 1518 2161 1572 virtu-

582 1612 697 1658 tum
727 1605 1091 1673 aliquousque
1112 1605 1224 1673 jam
1275 1614 1688 1672 promoverunt.
1729 1606 1996 1676 Superbia
2035 1625 2162 1678 per-

581 1695 710 1749 inde
759 1705 845 1750 est
893 1711 958 1749 ac
1006 1696 1235 1750 morbus
1270 1696 1490 1764 quidam
1518 1699 1780 1766 pestilens
1802 1707 1858 1752 et
1888 1701 2158 1763 tabiﬁcus,

2259 533 2397 584 γων·
2440 533 2458 566 ι
2490 515 2653 586 Θήσω
2685 513 2779 567 τὸν
2816 513 3006 584 θρόνον
3037 529 3137 583 μου
3182 512 3271 565 ἐπ’
3319 512 3438 565 άνω
3479 510 3598 565 τῶν
3656 513 3879 584 ἇστριιῑδ

2258 606 2352 660 τοῦ
2378 605 2631 675 οὐρανοῦ,
2666 624 2683 656 ι
2725 605 2929 676 εὑρέθη
2961 604 3037 674 μὴ
3074 603 3210 674 ἔχων
3237 603 3430 675 χώραν
3467 605 3875 671 ἀναπαύσεως,

2261 699 2376 752 ἀλλ’
2408 700 2484 763 ὡς
2524 698 2871 767 αἰχμάλωτος
2913 694 3190 764 πανταχοῦ
3220 694 3667 765 θριαμϐεὑεται.
3704 691 3876 760 Οὖτςς

2259 791 2287 843 ὁ
2343 789 2443 858 τῆς
2496 786 2877 858 ὑπερηφανίας
2930 786 3141 855 δαίμων
3187 785 3594 854 χαλεπώτατος
3648 789 3876 839 πάντων

2259 878 2370 930 τῶν
2398 878 2585 931 παθῶν
2611 877 2892 947 ὑπάρχων,
2921 876 3062 929 πάνυ
3087 874 3211 938 τοὺς
3233 877 3292 927 ὲν
3317 879 3582 945 προκοπῇ
3613 876 3869 944 πολεμεῖ,

2260 971 2354 1024 καὶ
2381 971 2652 1040 ἐπιχειρεῖ
2679 970 3104 1040 καταστρέφειν.
3137 969 3249 1023 Kal
3279 969 3546 1040 καθάπερ
3574 973 3744 1034 νόσος
3769 974 3875 1024 λοι-

2263 1061 2399 1131 μικὴ
2457 1063 2553 1114 καὶ
2583 1061 2909 1132 φθοροποιδς
2938 1061 3045 1131 οὐχ’
3083 1060 3142 1112 ἓν
3196 1060 3360 1130 μέλος
3414 1061 3519 1114 τοῦ
3576 1062 3872 1134 σώματος,

2259 1151 2373 1204 ἀλλ’
2403 1152 2524 1204 ὅλον
2563 1151 2884 1222 διαφθείρει,
2919 1152 3066 1203 οὕτω
3098 1151 3189 1204 καὶ
3226 1151 3287 1204 τὸ
3319 1151 3500 1214 πάθος
3534 1153 3736 1206 τοῦτο.
3765 1157 3874 1208 Kal

2261 1241 2326 1292 τά
2352 1241 2450 1312 μὲν
2481 1241 2616 1296 ἄλλα
2646 1241 2794 1311 πάθη
2818 1243 2882 1294 ἐκ
2922 1242 3122 1312 μέρους
3145 1242 3503 1295 ὲπισκοτοῦσι
3525 1243 3635 1312 τὴν
3666 1244 3869 1315 ψυχὴν,

2260 1331 2293 1400 ἢ
2325 1334 2420 1385 καὶ
2458 1334 2827 1402 ταράσσουσιν
2871 1332 3044 1402 αὑτήν
3068 1347 3082 1362 ο
3136 1332 3198 1385 τὸ
3229 1332 3287 1384 δὲ
3323 1333 3425 1401 τῆς
3466 1335 3871 1404 ὑπερηφανίας

2261 1422 2436 1484 πάθος
2467 1423 2648 1476 πᾶσαν
2677 1423 2852 1494 αὐτὴν
2890 1426 3094 1490 σκοτεῖ,
3127 1423 3222 1477 καὶ
3249 1425 3329 1486 είς
3355 1423 3619 1492 μεγάλην
3659 1426 3871 1476 πτῶσιν

2261 1511 2511 1582 κατάγει.
2569 1509 2633 1562 Ἢ
2667 1511 2775 1580 γὰρ
2832 1510 2980 1582 ψυχὴ
3024 1509 3118 1563 τοῦ
3165 1508 3528 1577 ὑπερηφάνου
3587 1510 3680 1570 είς
3735 1508 3868 1574 ὕψος

2265 1600 2413 1670 μέγα
2443 1600 2724 1653 ἀναϐαίνει
2743 1617 2757 1632 ·
2786 1601 3043 1655 κάκεῖθεν
3065 1599 3254 1656 ἑαυτὸν
3279 1601 3359 1662 είς
3383 1598 3553 1668 βυθὸν
3583 1599 3870 1653 καταϐάλ-

2263 1689 2365 1744 λει.
2419 1691 2631 1761 ’Ὠσπερ
2660 1692 2782 1761 εγὰρ
2831 1693 2996 1762 βάρος
3050 1689 3284 1757 κατέαξε
3322 1691 3515 1744 κλῶνα
3547 1693 3864 1762 ἔγκαρπον.

581 1784 678 1854 qui
703 1801 811 1839 non
839 1800 1010 1838 unum
1035 1785 1201 1838 modo
1224 1785 1471 1855 corporis
1493 1787 1822 1850 membrum,
1841 1789 1934 1843 sed
1967 1805 2166 1859 corpus

2268 1779 2441 1843 οὕτως
2480 1781 2831 1850 ὑπερηφανία
2858 1782 3032 1851 ψυχὴν
3066 1781 3318 1850 ἐνάρετον
3349 1781 3725 1834 καταϐάλλει.
3762 1782 3868 1834 Kal

581 1874 764 1946 ipsum
803 1875 925 1929 dira
973 1875 1306 1943 putrilagine
1349 1875 1687 1944 depascitur,
1717 1877 1895 1941 vitiat,
1919 1881 2159 1934 coniicit.

579 1964 720 2020 Alite
771 1966 921 2020 enim
988 1973 1424 2035 quantacunque
1477 1953 1760 2036 passiones
1815 1969 1946 2032 sint,
1997 1985 2162 2024 unam

581 2057 822 2126 aliquam
850 2058 1160 2126 portionem
1187 2057 1382 2110 animae
1419 2057 1534 2111 suis
1562 2057 1855 2112 oﬂ‘undunt
1896 2059 2160 2125 tenebris,

582 2158 746 2218 atque
764 2164 882 2202 eam
907 2148 1207 2202 obturbant
1231 2165 1242 2199 :
1273 2149 1547 2216 superbia:
1574 2149 1926 2220 intemperies
1954 2152 2162 2205 nullam

583 2254 695 2292 non
726 2239 924 2294 anima:
948 2238 1057 2290 vim
1085 2237 1361 2291 horrenda
1387 2237 1615 2307 caligine
1647 2238 2058 2304 circumfundit,
2084 2241 2167 2294 in-

583 2345 691 2399 que
709 2345 816 2383 non
845 2329 1150 2397 simplicem
1175 2330 1393 2382 ruinam
1420 2330 1532 2398 agit
1577 2330 1932 2400 praecipitem.
1971 2332 2165 2387 Anima

582 2421 733 2474 enim
779 2419 1005 2488 superbi
1039 2419 1094 2472 in
1128 2419 1448 2489 praecelsum
1471 2419 1694 2489 aliquod
1729 2436 1793 2474 ac
1819 2421 2053 2476 sublime
2083 2422 2165 2475 fa-

583 2510 806 2579 stigium
845 2509 1045 2564 sinitur
1080 2508 1473 2574 conscendere,
1522 2508 1668 2563 unde
1704 2510 2046 2564 commodius
2078 2511 2169 2565 de-

585 2601 840 2655 turbetur
883 2600 940 2653 in
996 2599 1299 2670 subiectam
1348 2599 1582 2653 foveam.
1639 2599 1710 2654 Ut
1756 2616 1964 2654 ramum
2011 2602 2167 2669 cepia

586 2692 869 2745 fructuum
902 2690 1294 2743 exuberantem
1354 2691 1528 2744 moles
1565 2705 1798 2744 onerosa
1848 2691 2165 2761 dill‘ringere

587 2782 751 2846 solet,
814 2781 895 2834 sic
944 2780 1182 2832 animam
1242 2796 1562 2850 generosam
1617 2783 2018 2852 multiplicique
2050 2783 2164 2838 fetu

587 2872 854 2925 virtutum
895 2869 1246 2939 praefertilem
1298 2872 1622 2940 plerumque
1673 2873 1926 2940 superbia
1981 2874 2168 2944 dejicit

587 2961 783 3032 gradu.
813 2960 1285 3028 Quemadmodum
1343 2961 1558 3016 fruetus
1603 2979 1852 3018 marcore
1885 2973 1977 3018 aut
2019 2966 2167 3019 carie

590 3053 815 3106 vitiatus
844 3053 1043 3107 cultori
1071 3066 1172 3105 suo
1201 3053 1339 3106 nihil
1365 3052 1526 3107 aﬂert
1553 3055 1846 3119 commodi,
1889 3055 1962 3109 ita
1991 3064 2047 3110 et
2068 3071 2164 3110 su-

586 3144 745 3213 perbi
778 3144 954 3197 oratio
976 3143 1112 3196 nihil
1143 3158 1210 3196 ex
1231 3143 1344 3196 Deo
1397 3143 1638 3196 relatura
1669 3151 1753 3196 est
1784 3142 1957 3213 frugis
1983 3144 2163 3199 bonae.

587 3230 668 3284 Ne
713 3232 932 3285 dederis
987 3231 1261 3299 superbia:
1304 3229 1541 3283 animam
1579 3238 1770 3297 tuam;
1811 3242 1867 3286 et
1900 3233 2166 3303 imagines

588 3322 893 3376 horrendas
919 3329 1084 3390 atque
1108 3322 1296 3390 plenas
1325 3321 1630 3376 formidinis
1666 3339 1774 3376 non
1803 3325 2015 3395 cogeris
2043 3341 2169 3394 per-

590 3413 846 3482 spicere;
906 3412 1088 3464 anima
1148 3411 1295 3464 enim
1347 3410 1570 3478 superbi
1619 3411 1806 3467 divino
1849 3413 2170 3476 destituitur

592 3502 885 3572 praesidio:
926 3516 1035 3570 quo
1062 3500 1143 3561 fit,
1181 3508 1242 3554 ut
1276 3501 1330 3554 in
1365 3500 1674 3556 daemonum
1729 3512 1976 3558 vertatur
2023 3505 2168 3558 ludi-

591 3587 772 3641 brium
829 3602 895 3641 ae
943 3587 1303 3641 deridiculam
1368 3590 1816 3658 gratulationem.
1870 3592 2170 3648 Monachus

592 3677 867 3746 superbus
890 3677 1056 3730 arbor
1080 3692 1309 3746 prorsus
1335 3678 1654 3749 infrugil'era
1674 3688 1788 3734 est:
1817 3681 2018 3751 quippe
2046 3698 2168 3751 quae

591 3767 833 3822 radicem
866 3783 976 3821 non
1007 3768 1192 3830 habet,
1237 3783 1414 3836 eoque
1460 3770 1734 3824 violentas
1779 3771 2169 3840 impressiones

591 3865 885 3912 ventorum
923 3856 1285 3910 assilientium
1335 3871 1613 3925 nunquam
1678 3859 1838 3913 feret.
1893 3859 2169 3925 Quemad-

591 3951 816 4006 modum
859 3950 1183 4005 inundantis
1217 3967 1371 4020 aqua:
1405 3952 1574 4016 bulla,
1612 3969 1736 4006 mox
1773 3961 1834 4008 ut
1872 3955 2168 4025 rumpitur,

593 4058 720 4097 mox
750 4041 1050 4103 evanescit,
1090 4041 1163 4094 ita
1209 4042 1432 4110 superbi
1465 4044 1730 4097 memoria
1779 4061 1810 4098 a
1860 4055 2037 4100 morte
2083 4049 2170 4102 vel

592 4136 872 4196 momento
903 4128 1120 4198 deperit
1140 4139 1303 4197 atque
1326 4131 1676 4198 intercipitur
1697 4132 1991 4202 oblivione.
2019 4135 2172 4192 Sicut

594 4219 830 4274 modesti
868 4220 982 4273 sive
1005 4220 1232 4274 humilis
1258 4220 1436 4274 oratio
1483 4221 1580 4274 Dei
1622 4221 1850 4277 inflectit
1885 4224 2047 4289 iram,
2096 4226 2170 4280 ita

585 4309 821 4379 superbi
873 4308 1190 4378 deprecatio
1245 4309 1538 4364 exacerbat
1594 4311 1788 4366 Deum.
1845 4312 2171 4383 Quicunque

2193 3097 2237 3157 C

2262 1868 2450 1940 ὥσπερ
2499 1873 2708 1942 καρπὸς
2753 1871 3009 1940 σεσηπὼς
3059 1873 3336 1942 ἄχρηστος
3379 1871 3654 1944 γεωργῷ,
3691 1873 3866 1937 οὕτως

2261 1958 2432 2030 ἀρετὴ
2480 1961 2830 2031 ὑπερηφάνου
2874 1962 2935 2014 οὑ
2976 1960 3304 2032 χρησιμεύει
3337 1961 3418 2031 τῷ
3445 1962 3596 2034 Θεῷ.
3634 1964 3735 2031 Μὴ

2265 2051 2614 2122 ὑπερηφανίᾳ
2646 2052 2742 2123 σὴν
2779 2052 2981 2123 ψυχὴν,
3016 2055 3112 2105 καὶ
3142 2054 3200 2105 οὑ
3248 2051 3322 2122 μή
3373 2052 3512 2116 ἴδοις
3552 2055 3864 2122 φαντασίας

2265 2143 2518 2211 φρικτάς.
2574 2143 2736 2212 Ψυχὴ
2788 2145 2895 2214 γάρ
2950 2143 3300 2214 ὑπερηφάνου
3370 2143 3860 2214 καταλιμπάνεται

2265 2235 2371 2290 ὑπὸ
2421 2235 2514 2286 τοῦ
2569 2233 2726 2300 Θεοῦ,
2792 2239 2888 2288 καὶ
2941 2235 3155 2303 γίνεται
3207 2234 3484 2304 δαιμόνων
3537 2236 3859 2304 ὲπίχαρμα.

2275 2321 2656 2396 ’Υπερήφανος
2683 2327 2911 2397 μοναχδς
2939 2328 3157 2398 δένδρον
3177 2327 3451 2398 ἄκαρπον,
3482 2329 3582 2380 καὶ
3607 2329 3857 2400 ἄρριζον,

2265 2415 2361 2467 και)⁹
2414 2415 2476 2467 οὑ
2533 2415 2608 2486 μὴ
2661 2417 2862 2488 ἐνέγκῃ
2925 2419 3057 2472 ποτὲ
3117 2417 3424 2488 προσϐολὴν
3475 2420 3719 2488 ἀνέμου.
3753 2419 3861 2472 Kal

2265 2504 2454 2576 ὥσπερ
2503 2508 2788 2576 πομφόλυξ
2815 2511 3044 2578 ραγεῖσα
3077 2507 3399 2575 ἀφανίζεται
3429 2522 3443 2537 ⁸
3483 2508 3639 2560 οὕτω
3673 2512 3856 2579 μνήμη

2267 2593 2620 2665 ὑπερηφάνου
2654 2597 2794 2666 μετὰ
2820 2596 3049 2650 θάνατον
3071 2597 3290 2650 ὄλλυται
3310 2613 3326 2628 ·
3352 2597 3449 2650 καὶ
3472 2597 3678 2668 ὥσπερ
3704 2615 3858 2669 προσ-

2265 2684 2400 2753 ευχὴ
2431 2685 2690 2737 ταπεινοῦ
2750 2687 2989 2755 κάμπτει
3025 2687 3181 2750 Θεὸν,
3209 2685 3355 2739 οὕτω
3388 2688 3708 2758 παροξύνει
3729 2689 3855 2743 Θεὸν

2265 2773 2450 2843 δέησις
2478 2776 2851 2846 ὑπερηφάνου.
2885 2777 2995 2829 Kal
3025 2777 3139 2830 ὅσοι
3180 2777 3248 2830 δι’
3285 2779 3688 2848 ὑπερηφανίαν
3751 2782 3858 2849 ἀφ-

2267 2865 2551 2934 ηνιάζουσι
2580 2868 2671 2919 τὸν
2701 2865 2949 2935 ἀδελφὸν,
2997 2866 3075 2938 τῷ
3117 2868 3344 2938 διαϐόλῳ
3377 2870 3757 2939 ἁμιλλῶνται.
3783 2873 3852 2924 οι

2266 2958 2377 3024 γὰρ
2423 2959 2630 3029 φυσική
2678 2960 2825 3010 ἐστιν
2857 2961 2890 3029 ὴ
2929 2961 3299 3028 ὑπερηφανία,
3345 2960 3466 3013 ἀλλ’
3498 2962 3740 3031 ἶνδαλμα
3761 2961 3852 3015 τοῦ

2268 3048 2603 3116 ἀφηνιαστοῦ
2653 3050 2944 3118 δαίμονος·
2997 3051 3178 3114 καθὼς
3235 3055 3523 3122 μαρτυρεῖ.
3553 3055 3589 3124 ή
3636 3054 3851 3126 Γραφῇ

2267 3139 2437 3206 Φησὶν
2478 3138 2588 3208 γάρ
2614 3155 2628 3170 ·
2673 3158 2690 3191 ι
2727 3141 2802 3194 Οὑ
2839 3141 3187 3194 συνέκτισται
3214 3141 3534 3211 ἀνθρώποις
3565 3145 3854 3216 ὑπερηφα·

2267 3231 2374 3282 νία.
2414 3250 2433 3280 ι
2480 3231 2585 3284 Καὶ
2612 3227 2765 3296 αὖθις
2794 3247 2808 3262 ⁶
2857 3249 2875 3282 ι
2903 3232 3140 3302 Θρόνους
3171 3234 3446 3303 ἀρχόντων
3475 3234 3853 3305 ὑπερηφάνων

2269 3321 2487 3373 καθεῖλε
2517 3321 2744 3392 Κύριος.
2785 3342 2803 3374 ι
2865 3322 3035 3394 Ἀρχὴ
3085 3323 3195 3393 γὰρ
3233 3325 3625 3394 ὑπερηφανίας
3646 3326 3856 3397 ἀνθρὼ-

2269 3429 2370 3464 που
2391 3413 2693 3483 ἀποστῆναι
2725 3414 2833 3468 ἀπὸ
2860 3416 3104 3486 Κυρίου,
3160 3419 3242 3471 ὅτι
3291 3435 3311 3468 ε
3359 3416 3530 3486 Ἀρχὴ
3571 3417 3854 3486 ἁμαρτίας

2268 3503 2622 3572 ὑπερηφανία
2653 3521 2668 3535 ⁸
2706 3505 2803 3558 καὶ
2845 3506 2872 3558 ό
2906 3505 3125 3575 κρατῶν
3156 3505 3347 3574 αὐτὴν,
3374 3505 3700 3575 ἐξομϐρίσει
3736 3507 3849 3576 βδέ-

2268 3593 2473 3664 λυγμα,
2499 3597 2592 3649 καὶ
2627 3598 3145 3667 καταστραφήσεται
3173 3597 3254 3659 είς
3283 3597 3455 3660 τέλος.
3485 3615 3508 3647 ο
3544 3598 3660 3650 Kal
3693 3599 3751 3649 ὲν
3775 3597 3849 3667 τῷ

2268 3687 2421 3756 νόμῳ
2447 3686 2503 3739 δὲ
2539 3687 2849 3758 γέγραπται
2877 3705 2890 3716 '
2924 3707 2943 3740 ι
2971 3687 3133 3758 Ψυχὴ
3171 3689 3293 3757 ἣτις
3323 3689 3584 3758 ἐποίησεν
3609 3693 3674 3743 ὲν
3711 3692 3850 3761 χειρὶ

2271 3775 2675 3846 ὑπερηφανίας,
2721 3775 3108 3846 ἐκτριϐήσεται
3148 3780 3211 3830 ἐκ
3255 3777 3349 3828 τοῦ
3399 3779 3556 3832 λαοῦ.
3590 3797 3610 3829 ι
3671 3781 3780 3833 Kal
3825 3783 3850 3833 ὁ

2283 3862 2554 3925 Ἡσαΐας*
2629 3880 2649 3914 ι
2682 3864 2792 3916 Kal
2859 3864 3046 3916 ἀπολῶ
3103 3865 3311 3927 πάντας
3368 3865 3779 3936 ὑπερηφάνους.
3827 3887 3844 3919 ι

2273 3953 2383 4007 Kal
2441 3954 2470 4004 ὀ
2502 3951 2805 4022 Ψαλμῳδός
2831 3969 2842 3983 ·
2903 3972 2922 4004 ι
2952 3953 3053 4006 Διὰ
3098 3953 3259 4006 τοῦτο
3305 3955 3614 4023 ἐκράτησεν
3653 3958 3850 4020 αὑτοὺς

2273 4042 2624 4112 ὑπερηφανία
2661 4043 2742 4106 είς
2790 4042 2963 4108 τέλος,
3023 4045 3106 4096 ὅτι
3156 4044 3580 4112 περιεϐάλλοντο
3637 4049 3848 4102 ἀδικίαν

2273 4131 2368 4182 καὶ
2392 4131 2650 4184 ἀσέϐειαν
2713 4131 2914 4186 αὐτῶν.
2957 4152 2976 4184 ι
3020 4135 3170 4186 Καί·
3221 4153 3239 4184 ι
3289 4133 3570 4198 Ἐξέλιπον
3606 4137 3710 4189 καὶ
3745 4138 3846 4189 ἁπ-

2273 4221 2472 4274 ώλοντο
2499 4222 2586 4275 διὰ
2619 4224 2718 4293 τὴν
2753 4224 2983 4293 ἀνομίαν
3034 4224 3232 4277 αὐτῶν.
3264 4243 3282 4276 ι
3322 4224 3435 4280 Kal
3466 4220 3630 4288 αὖθις
3664 4243 3680 4256 ·
3721 4247 3741 4279 ι
3787 4229 3846 4281 Ἦ

2275 4309 2625 4381 ὑπερηφανία
2659 4311 2766 4365 τῶν
2790 4312 3095 4381 μισούντων
3132 4329 3192 4370 σε
3223 4313 3389 4382 ἀνέϐη
3421 4313 3512 4366 διά
3558 4315 3788 4385 παντός.
3821 4335 3840 4368 ›

587 4407 885 4468 turgentes
911 4399 1188 4468 superbia:
1228 4407 1441 4455 tumore
1466 4415 1530 4454 ac
1562 4401 1891 4458 dissidentes
1914 4419 2037 4459 cum
2061 4405 2166 4460 fra-

2277 4402 2443 4455 ’Όθεν
2477 4403 2626 4474 πάσῃ
2655 4404 2854 4474 σπουδῇ
2887 4405 3181 4474 κέχρηνται
3210 4405 3277 4457 τά
3306 4405 3425 4474 ίερά
3455 4421 3553 4459 σου
3578 4407 3841 4472 καθελεῖν,

599 4489 775 4554 tribus
809 4489 1120 4543 detrectant
1161 4489 1477 4558 imperium,
1509 4493 1756 4547 eamdem
1794 4510 1917 4548 cum
1952 4495 2166 4552 diabolo

2276 4491 2372 4544 καὶ
2410 4492 2478 4545 τά
2512 4492 2647 4560 ama
2686 4510 2780 4546 σου
2810 4495 3124 4565 ἐρημῶσαι.
3184 4493 3323 4547 Ἀλλ’
3358 4493 3564 4564 έπαρον
3601 4497 3707 4560 τὰς
3740 4502 3845 4568 χεῖ-

595 4589 892 4635 conserunt
938 4596 1198 4651 pugnam.
1241 4580 1428 4649 Neque
1465 4583 1613 4635 enim
1663 4587 1928 4640 naturalis
1970 4597 2054 4642 est
2079 4605 2174 4643 su-

596 4668 814 4738 perbia,
858 4667 953 4720 sed
993 4666 1460 4720 contumacissimi
1509 4667 1773 4724 daemonis
1796 4673 2172 4740 simulacrum,

593 4762 890 4810 atlestanle
918 4753 1203 4821 Scriptura
1235 4769 1247 4804 :
1285 4771 1301 4802 ι
1341 4753 1461 4806 Non
1511 4765 1799 4808 concreata
1843 4766 1928 4811 est
1964 4759 2173 4815 homini

592 4845 878 4915 superbia.
907 4865 925 4896 ι
956 4845 1203 4899 Rursus:
1237 4863 1254 4894 ε
1285 4843 1456 4898 Sedes
1475 4846 1787 4916 principum
1811 4851 2173 4919 superborum

595 4936 868 4988 destruxit
896 4932 1161 4986 Dominus
1189 4931 1254 4984 ⁸ο.
1296 4950 1314 4984 ι
1369 4931 1705 5002 Principium
1754 4935 1903 4988 enim
1951 4939 2173 5006 superbi

597 5023 838 5078 hominis
888 5031 972 5075 est
1018 5020 1278 5074 recedere
1328 5037 1359 5075 a
1412 5021 1664 5087 Domino,
1717 5027 1845 5093 quia
1898 5029 2170 5082 «Initium

598 5117 806 5187 peccati
842 5113 1098 5185 superbia
1127 5131 1141 5180 ;
1176 5124 1233 5168 et
1265 5115 1357 5184 qui
1399 5117 1636 5170 tenuerit
1677 5116 1850 5181 illam,
1883 5119 2175 5176 inundabit

599 5207 653 5260 in
685 5208 837 5260 illum
865 5206 1225 5269 abominatio,
1268 5215 1324 5261 et
1375 5207 1430 5260 in
1485 5207 1591 5261 line
1637 5209 1992 5264 subvertetur
2038 5213 2106 5265 ⁸¹.
2147 5233 2166 5265 ι

599 5297 655 5352 In
702 5299 818 5367 lege
858 5299 987 5351 item
1040 5298 1304 5367 scriptum
1341 5307 1469 5352 est:
1517 5317 1534 5348 ι
1565 5299 1758 5353 Anima
1800 5317 1920 5370 quae
1953 5301 2173 5370 quidvis

603 5388 795 5442 fecerit
824 5390 877 5440 in
907 5406 1068 5442 manu
1105 5390 1396 5459 superbia,
1422 5399 1702 5444 exteretur
1736 5391 1804 5445 de
1833 5393 2034 5460 populo
2063 5394 2165 5446 δ’.»

607 5480 819 5550 1099
871 5483 928 5534 In
971 5482 1109 5535 lsaia
1149 5499 1162 5534 :
1230 5502 1247 5533 ι
1278 5483 1346 5536 Ει
1399 5483 1711 5553 disperdam
1756 5500 1947 5539 omnes
1981 5501 2172 5556 super-

672 5648 716 5678 "
745 5650 846 5703 lsa.
872 5669 979 5718 xw,
1015 5655 1100 5707 Μ.
1181 5656 1226 5687 ³⁰
1255 5657 1424 5711 Eccli.
1461 5675 1514 5724 χ,
1545 5660 1634 5714 22.
1713 5663 1753 5693 ⁵¹
1783 5660 1921 5716 ibid.
1949 5662 2032 5718 l5.
2111 5665 2158 5696 "

2275 4583 2377 4652 ράς
2410 4599 2502 4635 σου
2530 4584 2626 4636 ἐπὶ
2657 4583 2756 4644 τὰς
2785 4586 3165 4656 ὑπερηφανίας
3195 4584 3371 4638 αὐτῶν
3398 4586 3478 4648 εἱς
3501 4587 3684 4650 τέλος,
3709 4591 3845 4652 ὅπως

2272 4673 2696 4744 αἰσχυνθείησαν
2739 4676 2790 4727 οἱ
2822 4675 3182 4746 ὑπερήφανοι,
3219 4678 3299 4730 ὅτι
3332 4677 3534 4740 ἀδίκως
3567 4681 3840 4750 ὴνόμησαν

2272 4767 2352 4826 είς
2383 4767 2552 4836 ήμᾶς.
2607 4767 2719 4818 ‘Asl
2749 4767 2856 4838 γὰρ
2891 4769 3236 4837 ὑπερήφανοι
3269 4769 3344 4831 ὡς
3370 4760 3426 4822 οἱ
3454 4772 3513 4824 ἐν
3551 4773 3621 4841 τῇ
3661 4772 3840 4844 ἐρήμῳ

2274 4856 2511 4925 πατέρες
2542 4857 2721 4909 αὐτῶν
2745 4859 3098 4929 παρηνόμουν
3118 4859 3222 4922 ἕως
3244 4859 3468 4928 σφόδρα.
3507 4859 3571 4913 Ὀ
3588 4862 3644 4913 δὲ
3666 4862 3840 4926 δοῦλός

2275 4963 2367 4998 σου
2398 4947 2560 4999 Δαυῒδ
2590 4949 2697 5001 ἀπὸ
2723 4948 2815 5000 τοῦ
2863 4950 3030 5019 νόμου
3073 4967 3166 5002 σου
3211 4953 3314 5003 οὐκ
3373 4949 3620 5014 ἐξέκλινε
3649 4970 3665 4982 ·
3729 4955 3838 5006 οὔτε

2276 5055 2294 5087 ι
2335 5038 2670 5110 ὑπερηφάνῳ
2699 5040 2960 5111 ὀφθαλμῷ
2988 5042 3081 5094 καὶ
3123 5040 3388 5112 ἀπλήστῳ
3430 5043 3632 5113 καρδίᾳ
3666 5062 3685 5094 ι
3729 5061 3840 5098 συν-

2275 5128 2484 5198 ήσθιεν,
2516 5131 2624 5183 οὐδ’
2671 5132 2806 5195 ὅλως
2845 5133 3085 5202 κατῴκει
3130 5151 3148 5184 ι
3185 5135 3242 5185 ὲν
3290 5135 3442 5202 μέσῳ
3476 5135 3580 5202 τῆς
3616 5138 3790 5198 οἰκίας
3818 5156 3833 5187 ι

2277 5218 2464 5283 αὑτοῦ,
2491 5221 2752 5292 λογισμὸς
2782 5223 2951 5276 ποιῶν
3005 5225 3406 5293 ὑπερηφανίαν.
3462 5229 3576 5280 Καὶ
3601 5229 3630 5280 ὁ
3657 5231 3839 5301 H190:-

2283 5311 2514 5380 μιαστής
2537 5325 2550 5340 ·
2586 5331 2604 5362 ι
2639 5313 2806 5375 Φόϐος
2828 5312 3033 5384 Κύριου
3062 5317 3212 5382 μισεῖ
3236 5317 3456 5381 κακίαν,
3493 5316 3654 5387 ὕϐριν
3676 5337 3732 5372 τε
3761 5321 3838 5372 καὶ

2281 5399 2683 5471 ὑπερηφανίαν,
2712 5401 2804 5454 καὶ
2833 5402 2982 5464 ὁδοὺς
3008 5403 3268 5473 πονηράς.
3289 5421 3308 5454 ι
3355 5405 3588 5473 Ἑπάγει
3613 5424 3628 5438 ο
3661 5428 3678 5459 ι
3710 5409 3838 5476 Ὄσῳ

2285 5491 2455 5560 μέγας
2489 5486 2561 5558 εί,
2613 5493 2867 5546 τοσοῦτον
2915 5493 3144 5557 ταπείνα
3184 5494 3436 5561 σεαυτὸν,
3473 5498 3570 5551 καὶ
3610 5501 3836 5572 εὑρήσεις

2280 5665 2438 5724 Num.
2474 5684 2565 5736 xv,
2600 5668 2689 5730 30.
