3916 6304
105 329 263 399 1573

617 333 949 394 HOMILIA
981 333 1152 396 XLV.
1182 358 1252 370 —
1274 333 1480 406 QUOD
1517 333 1672 396 NON
1711 335 1832 399 SIT
1871 336 1969 398 DE
2007 338 2096 402 SE
2131 337 2323 411 ALTE
2361 335 2881 400 SENTIENDUM.

3218 334 3356 402 157i

58 473 67 480 -
104 447 284 517 χάριν
320 443 498 502 ἔναντι
529 443 756 515 Κυρίου.
791 461 809 493 ι
847 442 959 496 Καί
992 459 1006 472 -
1049 461 1068 494 ι
1097 442 1190 514 Μὴ
1222 442 1418 512 ἑξύψου
1453 443 1690 497 σεαυτὸν

1798 445 1892 500 bos
1920 445 1988 499 ⁸³.
2018 464 2036 496 ι
2073 445 2285 500 Psaltes
2317 444 2502 513 regius
2536 461 2549 496 :
2585 461 2600 493 ι
2632 443 2760 498 Ideo
2805 444 2982 500 tenuit
3027 459 3122 503 eos
3156 461 3354 518 super-

106 535 206 590 ῖνα
244 536 319 607 μὴ
355 534 548 606 πέσῃς,
582 536 664 589 ὅτι
705 532 928 604 μισητδς
957 531 1136 585 ἔναντι
1184 533 1388 600 Κυρίου
1452 533 1547 587 κα)⁵
1593 533 1689 587 ἁν-

103 627 340 697 θρώπου
373 626 480 688 πᾶς
509 625 879 695 ὑπερήφανος.
919 641 937 674 ι
973 622 1131 680 Καὶὸ
1171 621 1464 684 Ἰάκωϐος·
1501 623 1693 694 ’Υπερ-

102 717 348 784 ηφάνοις
377 713 584 786 Κύριος
617 711 1022 776 ἀντιτάσσεται,
1064 713 1343 773 ταπεινοῖς
1375 711 1558 766 δίδωσι
1604 714 1695 783 χά.

109 822 230 874 ριν.
273 823 292 854 ι
330 806 436 856 Καὶ
477 804 770 872 ἐπιφέρει·
812 819 832 854 ι
865 800 1252 872 Ἰάπεινώθητε
1294 798 1388 855 οὖν
1443 802 1550 856 ὑπὸ
1594 806 1692 873 τὴν

107 892 392 963 κραταιὰν
421 895 579 961 χεῖρα
611 890 704 945 τοῦ
730 890 888 956 Θεοῦ,
921 891 1006 943 ἵνα
1043 890 1232 961 ὑψώσῃ
1264 892 1428 961 ὑμᾶς.
1466 911 1485 944 ι
1517 891 1690 963 Φοὸηο

109 982 310 1052 θῶμεν
345 976 460 1043 οὖν,
501 981 741 1049 ἀδελφοὶ,
787 980 881 1034 καὶ
928 980 1078 1053 πάσῃ
1123 981 1334 1050 φυλακῇ
1363 982 1694 1054 τηρήσωμεν

105 1071 216 1140 τὴν
243 1070 450 1124 ἑαυτῶν
473 1069 704 1141 καρδίαν
723 1071 832 1123 ἀπὸ
861 1069 955 1122 τοῦ
983 1070 1356 1141 θανατηφόρου
1387 1072 1694 1143 πνεύματος

106 1161 220 1228 τῆς
282 1159 684 1230 ὑπερηφανίας.
740 1159 908 1212 ’Ὅταν
960 1160 1069 1230 γὰρ
1121 1161 1531 1233 κατακυριεὺσῃ
1594 1162 1694 1231 τῆς

107 1251 315 1312 ἀθλίας
344 1251 546 1320 ψυχῆς,
572 1249 765 1319 ὥσπερ
785 1267 867 1312 τις
896 1249 1280 1319 χαλεπώτατος
1309 1253 1571 1322 τύραννος
1595 1270 1694 1323 με·

107 1343 297 1410 γάλην
329 1341 482 1394 πόλιν
533 1340 627 1394 καὶ
683 1339 894 1409 ὑψηλὴν
943 1340 1296 1411 παραλαϐὼν,
1348 1341 1478 1412 ὃλην
1525 1343 1695 1413 αὑτὴν

108 1433 486 1502 καταστρέφει
525 1431 619 1484 καὶ
652 1429 1048 1484 κατασκάπτει.
1087 1433 1195 1486 Καὶ
1221 1432 1282 1485 τὸ
1315 1434 1693 1501 ἑλεεινότατον,

108 1523 200 1575 ὅτι
237 1518 390 1585 οὗτος
415 1523 441 1574 6
472 1521 878 1592 ἑπικατάρατος
913 1521 1123 1591 δαίμων
1156 1524 1281 1586 τοὺς
1321 1523 1580 1589 τελείους,
1621 1524 1696 1588 ὡς

108 1611 362 1681 εἴρηται,
405 1614 660 1682 μάλιστα,
687 1612 781 1664 καὶ
821 1613 901 1674 είς
922 1611 982 1664 τὸ
1022 1610 1156 1682 ὕψος
1182 1612 1293 1666 τῶν
1324 1613 1536 1684 ἀρετῶν
1567 1617 1698 1669 ἁνα-

107 1699 428 1769 6ε6ηκότας
476 1701 746 1770 ἐπιχειρεῖ
791 1702 1231 1769 καταστρέφεινο
1279 1703 1372 1754 καὶ
1403 1703 1525 1755 οὑδὲ
1559 1704 1696 1774 πρὸς

1791 535 1878 592 bia
1914 537 1970 590 in
1999 534 2183 601 ﬁnem,
2211 536 2340 604 quia
2361 535 2539 604 Operti
2571 542 2700 589 sunt
2726 533 3014 604 iniquitate
3061 544 3117 594 et
3152 537 3358 607 impie-

1790 636 1900 684 tate
1931 645 2030 684 sua
2063 629 2130 684 “.
2163 647 2182 679 ι
2221 628 2325 684 Et:
2363 645 2382 678 ι
2410 626 2739 682 Defecerunt
2784 636 2841 682 et
2885 629 3172 697 perierunt
3222 644 3354 700 pro-

1789 729 1912 790 pter
1940 719 2278 788 impietatem
2311 732 2465 771 suam
2501 717 2569 770 ".
2610 737 2628 768 ι
2655 717 2724 770 Ει
2752 735 2765 769 :
2805 737 2821 768 ι
2863 717 3134 788 Superbia
3161 735 3353 776 eorum

1789 811 1884 880 qui
1909 817 1961 864 te
1985 810 2240 872 oderunt,
2269 808 2516 862 ascendit
2542 823 2760 876 semper
2789 808 2857 865 ".
2877 827 2894 859 ι
2933 808 3089 864 Unde
3121 818 3180 865 et
3206 810 3358 866 omni

1790 901 1975 956 studio
2008 900 2091 954 usi
2123 908 2270 964 sunt,
2299 906 2485 954 sancta
2529 905 2622 953 tua
2651 907 2710 952 ut
2759 898 3175 963 demolirentur,
3232 915 3356 956 san-

1791 995 2000 1052 ctuaria
2023 1005 2115 1049 tua
2144 994 2200 1048 in
2227 992 2578 1048 solitudinem
2604 991 2935 1062 redigerent.
2975 990 3266 1055 Caeterum,
3298 1001 3356 1048 tu

1791 1087 1963 1140 alleva
1989 1100 2185 1139 manus
2207 1093 2328 1138 tuas
2357 1084 2412 1138 in
2459 1083 2743 1152 superbias
2771 1098 2966 1138 eorum
3001 1082 3058 1136 in
3094 1082 3259 1137 linem
3288 1083 3356 1148 ",

1793 1186 1854 1230 ut
1882 1174 2290 1230 confundantur
2337 1174 2584 1242 superbi,
2630 1174 2759 1243 quia
2806 1173 3006 1244 injuste
3055 1181 3112 1228 et
3173 1173 3359 1243 inique

1791 1269 2025 1331 egerunt
2047 1268 2238 1314 contra
2263 1274 2366 1314 nos
2408 1259 2476 1313 ⁸⁸.
2515 1259 2742 1328 Semper
2787 1261 2936 1315 enim
2978 1261 3200 1329 superbi
3245 1261 3356 1326 isti,

1793 1349 2252 1419 quemadmodum
2279 1357 2463 1418 patres
2486 1364 2677 1412 eorum
2702 1350 2756 1403 in
2779 1364 2986 1414 eremo,
3011 1351 3175 1405 nimis
3197 1336 3359 1420 quam

1793 1438 2132 1508 praevaricati
2181 1447 2311 1494 sunt
2367 1439 2540 1508 legem
2576 1448 2745 1494 tuam.
2799 1440 2966 1510 Atqui
3003 1455 3196 1496 servus
3237 1450 3363 1497 tuus

1797 1528 1966 1584 David
1997 1544 2106 1582 non
2135 1529 2428 1584 declinavit
2453 1545 2484 1584 a
2509 1530 2626 1600 lege
2649 1541 2758 1594 tua,
2792 1547 2898 1586 nec
2924 1546 3048 1586 cum
3079 1550 3097 1582 ι
3123 1531 3361 1600 superbo

1795 1620 1957 1676 oculo
1983 1628 2039 1674 et
2065 1619 2360 1676 insatiabili
2391 1621 2558 1675 corde
2593 1623 2638 1654 ⁸³
2677 1641 2695 1673 ι
2735 1623 2898 1677 simul
2925 1622 3142 1687 edebat,
3173 1631 3230 1677 et
3259 1637 3363 1678 nec

1796 1709 2021 1764 omnino
2055 1709 2178 1765 talis
2206 1711 2488 1766 habitabat
2516 1731 2532 1762 ι
2570 1713 2625 1768 in
2652 1713 2834 1768 medio
2859 1713 3055 1768 domus
3078 1715 3150 1765 δ’»
3175 1715 3358 1779 illius;

115 1791 419 1862 μετάνοιαν
468 1792 668 1853 αὑτοὺς
714 1794 990 1861 συγχωρεῖ
1037 1792 1382 1861 ἐπιστρέψαι.
1433 1793 1560 1856 Πῶς
1587 1795 1695 1864 γὰρ

1798 1803 2055 1872 cogitatio
2099 1802 2356 1862 videlicet
2383 1803 2492 1857 ulla
2517 1803 2786 1872 resipiens
2814 1803 3150 1872 Superbiam.
3179 1804 3364 1859 Parce-

116 1882 538 1951 μετανοήσωσιν
580 1883 629 1934 oi
668 1881 786 1934 ὅλον
813 1881 1058 1936 διάὸολον
1087 1882 1367 1952 δεχόμενοι
1398 1885 1455 1936 ἑν
1483 1885 1696 1948 ἑαυτοῖς

112 1973 214 2027 διὰ
239 1972 338 2041 τῆς
365 1972 770 2042 ὑπερηφανίας,
810 1973 904 2026 καὶ
939 1971 1030 2023 τὸν
1069 1970 1200 2023 Θεὸν
1243 1972 1697 2041 ἀντιτασσόμενον

114 2065 313 2125 αὐτοῖς
354 2063 756 2128 καθιστῶντεςὶ
799 2063 992 2131 Ἠμεῖς
1027 2060 1120 2113 οὑν
1151 2060 1238 2112 διὰ
1294 2060 1393 2130 τῆς
1447 2077 1698 2114 ταπεινο-

117 2153 404 2224 φροσύνης
441 2150 915 2223 ἀποκρουσώμεθα
939 2150 1032 2203 τὸν
1069 2151 1418 2220 ὑπερήφανον
1445 2151 1692 2220 δαίμονα·

116 2244 473 2310 ἐπιλέγοντες
512 2243 722 2305 ἑαυτοῖς
749 2242 812 2294 τὸ
830 2241 926 2294 τοῦ
969 2240 1312 2304 Ἀποστόλου,
1342 2242 1469 2294 ὅταν
1499 2242 1697 2312 ἀρετήν

116 2352 247 2389 τινα
295 2334 736 2405 κατορθώσωμεν
770 2349 785 2364 ο
847 2351 866 2385 ι
910 2333 1023 2386 Οὐκ
1073 2331 1184 2400 ἑγὼ
1204 2331 1280 2397 δὲ,
1314 2330 1505 2401 anas
1539 2331 1698 2401 χάρις

116 2425 222 2482 τοῦ
259 2425 396 2478 Θεοῦ
440 2427 474 2495 ἡ
517 2425 616 2477 σὺν
647 2423 771 2494 ὲμοί
808 2439 824 2454 ο
872 2440 890 2473 ι
935 2423 1030 2475 καὶ
1074 2421 1237 2474 πάλιν
1270 2437 1283 2452 ο
1330 2438 1348 2471 ι
1381 2419 1455 2474 Οὐ
1484 2421 1577 2474 τοῦ
1613 2421 1700 2474 θέ-

117 2515 315 2578 λοντος
339 2515 457 2568 οὐδὲ
479 2514 576 2567 τοῦ
597 2516 911 2583 τρέχοντος,
935 2511 1070 2565 ἀλλὰ
1089 2510 1184 2564 τοῦ
1203 2509 1477 2573 ἐλεοῦντος
1493 2509 1650 2564 Θεοῦ.
1675 2530 1694 2564 ι

120 2607 240 2658 Καὶ
275 2607 336 2656 τὸ
375 2603 480 2657 ὑπὸ
515 2603 610 2657 τοῦ
666 2603 873 2673 Κυρίου
915 2601 1208 2670 εἰρημένον
1233 2615 1247 2629 ·
1281 2617 1300 2651 ι
1342 2601 1526 2670 Χωρὶς
1565 2599 1698 2671 ἐμοῦ

118 2699 183 2752 οὑ
215 2697 445 2751 δύνασθε
490 2698 664 2748 ποιεῖν
701 2695 872 2748 οὐδέν.
912 2711 932 2745 ι
983 2691 1169 2756 Οὕτως
1217 2691 1326 2762 γὰρ
1361 2691 1701 2762 δυνησόμεθα

122 2789 292 2844 πάλιν
322 2787 553 2842 ἀκοῦσαι
579 2786 748 2840 αὑτοῦ
777 2785 872 2838 τοῦ
901 2783 1106 2854 Κυρίου
1135 2782 1381 2850 λέγοντος
1401 2799 1414 2812 ο
1445 2800 1464 2834 ι
1507 2783 1700 2836 Ἐθεὼ-

127 2896 262 2951 ρουν
309 2879 398 2932 τὸν
439 2879 687 2932 Σατανᾶν
711 2875 786 2938 ὠς
815 2874 1104 2946 ἀστραπὴν
1135 2875 1200 2926 ἑκ
1225 2871 1318 2924 τοῦ
1346 2871 1574 2943 οὐρανοῦ
1607 2889 1702 2928 πε-

1798 1892 2022 1947 miastes
2057 1909 2071 1945 :
2106 1909 2125 1943 ι
2165 1891 2352 1946 Timor
2383 1892 2598 1952 Domini
2623 1893 2740 1947 odit
2768 1893 3052 1959 malitiam,
3083 1899 3366 1948 contume-

1797 1981 2062 2050 liamque,
2089 1988 2146 2037 et
2174 1981 2510 2051 superbiam,
2535 1997 2598 2036 ac
2618 1982 2735 2036 vias
2759 1996 2954 2050 pravas
2980 1981 3045 2036 ⁶¹.
3076 1999 3093 2031 ι
3125 1981 3361 2036 lndueit:

1805 2087 1823 2120 ι
1860 2068 2074 2136 Quanto
2100 2071 2272 2140 major
2301 2084 2381 2135 es,
2410 2076 2560 2124 tanto
2590 2070 2820 2125 humilia
2843 2070 3098 2140 teipsum,
3132 2078 3188 2124 et
3213 2070 3365 2124 inve-

1797 2159 1918 2214 nies
1945 2161 2173 2230 gratiam
2202 2159 2258 2214 in
2294 2167 2596 2228 conspectu
2628 2159 2844 2213 Domini
2889 2161 2954 2211 “.
2985 2177 3004 2211 ι
3062 2158 3130 2212 Ει
3160 2175 3172 2210 :
3233 2177 3251 2209 ι
3283 2157 3362 2212 Ne

1797 2249 2003 2304 exaltes
2043 2250 2299 2319 teipsum,
2339 2259 2401 2303 ut
2439 2265 2508 2304 ne
2540 2250 2706 2304 cadas
2737 2250 2802 2316 ⁸³,
2832 2249 2959 2319 quia
2989 2249 3211 2304 odibilis
3235 2256 3364 2308 ante

1798 2337 2088 2392 Dominum
2119 2347 2173 2393 et
2203 2338 2456 2392 homines
2487 2339 2668 2393 omnis
2712 2339 2982 2408 superbus
3039 2337 3104 2390 “.
3136 2355 3155 2388 ι
3209 2337 3365 2393 Jaco-

1802 2429 1944 2484 bus:
1972 2447 1990 2479 ι
2021 2428 2286 2482 Dominus
2309 2428 2562 2497 superbis
2591 2428 2817 2492 resistit,
2848 2428 3150 2482 humilibus
3179 2436 3363 2483 autem

1799 2517 1894 2572 dat
1913 2517 2142 2586 gratiam
2180 2519 2247 2569 ⁸⁸.
2281 2535 2300 2566 ι
2337 2517 2506 2571 Infert
2541 2534 2553 2568 :
2604 2535 2622 2568 ι
2653 2517 3029 2572 Humiliamini
3062 2517 3230 2585 igitur
3261 2515 3364 2570 sub

1799 2607 2012 2676 potenti
2041 2621 2204 2660 manu
2226 2605 2346 2669 Dei,
2378 2613 2438 2660 ut
2475 2621 2573 2660 vos
2620 2605 2824 2661 e‘xaltet
2871 2605 2936 2658 “.
2967 2623 2985 2655 ι
3050 2604 3366 2658 Timeamus

1801 2695 2008 2764 itaque,
2046 2694 2264 2755 fratres.
2303 2704 2360 2749 et
2393 2696 2541 2748 omni
2573 2695 2824 2750 custodia
2857 2709 2953 2748 cor
2983 2694 3087 2748 hoc
3113 2701 3364 2748 nostrum

1799 2785 2038 2839 liberum
2063 2799 2474 2849 conservemus,
2495 2800 2559 2838 ac
2585 2799 2784 2853 purum
2810 2784 3046 2838 exitialis
3083 2792 3140 2838 et
3169 2783 3366 2837 morti-

1799 2875 1902 2930 feri
1930 2875 2155 2944 spiritus
2175 2857 2464 2944 superbiae.
2501 2874 2557 2929 Si
2581 2874 2799 2944 quando
2819 2874 2966 2928 enim
3002 2873 3147 2928 illius
3180 2880 3364 2944 tyran-

125 2971 292 3023 σὸντα
319 2986 333 3001 ο
377 2970 508 3032 ἰδοὺ,
533 2969 708 3021 ἔδωκα
739 2968 866 3037 ὑμῖν
886 2965 983 3036 τὴν
1019 2964 1266 3027 ἐξουσίαν
1297 2966 1488 3018 πατεῖν
1518 2965 1696 3020 ὲπάνω

1800 2966 1858 3020 ni
1903 2966 2166 3021 adversus
2205 2966 2573 3021 miserabilem
2600 2980 2826 3035 prorsus
2850 2965 3085 3020 animam
3117 2965 3365 3018 invalue~

123 3059 306 3128 ὄφεων
339 3060 434 3112 καὶ
462 3059 740 3129 σκορπίων
770 3057 866 3110 καὶ
893 3056 986 3108 ἐπὶ
1016 3057 1196 3119 πᾶσαν
1221 3055 1320 3126 τὴν
1348 3054 1575 3128 δύναμιν
1603 3053 1696 3108 τοῦ

1802 3055 1896 3118 rit,
1927 3055 2072 3110 haud
2096 3071 2256 3110 secus
2279 3055 2407 3110 facit
2439 3071 2502 3110 ac
2528 3056 2574 3109 si
2606 3064 2880 3126 tyrannus
2901 3055 3170 3124 quispiam
3202 3068 3366 3124 supra

125 3121 350 3222 ἐχθροῦ.
397 3171 414 3201 ι
449 3121 608 3220 Αὑτῷ
635 3149 712 3220 τῷ
741 3147 930 3219 ἀγαθῷ
975 3147 1174 3220 πρέπει
1221 3147 1256 3216 ὴ
1277 3121 1422 3212 τδόξα
1457 3121 1536 3210 είς
1571 3147 1696 3211 τοὺς

1804 3147 2025 3202 modum
2059 3146 2208 3202 ferox
2231 3155 2288 3201 et
2321 3147 2593 3210 immanis,
2626 3161 2790 3200 unam
2823 3135 3060 3214 aliquam
3091 3145 3366 3198 civitatem

129 3241 358 3304 αἰῶνας.
420 3242 612 3310 Ἀμήν.

1806 3246 1863 3293 et
1904 3237 2264 3308 amplitudine
2296 3237 2402 3291 loci
2437 3249 2494 3293 et
2537 3237 2674 3292 situs
2713 3237 3046 3292 Sublimitate
3093 3236 3364 3290 celebrem

130 3332 288 3388 velut
339 3348 436 3403 per
468 3347 664 3388 manus
710 3338 925 3400 captam
967 3346 999 3385 a
1057 3328 1430 3386 fundamentis
1464 3337 1634 3385 totam
1679 3327 1920 3397 sub'ruit,
1973 3339 2245 3400 aequatum
2282 3331 2422 3395 solo,
2451 3330 2695 3386 sun‘odit.
2724 3327 2907 3399 Longe
2956 3336 3012 3384 et
3057 3329 3162 3383 hoc
3215 3331 3364 3384 omni

128 3425 561 3492 comploratione
591 3424 1012 3494 dignissimum;
1066 3423 1418 3478 exsecrabilis
1463 3423 1734 3492 siquidem
1773 3425 1986 3480 daemon
2037 3424 2150 3485 hic.
2204 3424 2374 3490 viros,
2408 3433 2470 3478 ιιι
2514 3425 2647 3478 mihi
2690 3424 2898 3480 dictum
2936 3431 3039 3489 est,
3085 3423 3140 3476 in
3189 3421 3369 3492 perfe-

128 3515 330 3570 ctionis
377 3515 615 3570 culmine
673 3514 786 3583 jam
829 3514 1188 3576 constitutos,
1225 3528 1288 3567 ac
1327 3512 1583 3576 maxime,
1631 3514 1735 3582 qui'
1765 3513 2020 3568 sublimis
2058 3512 2285 3567 theoriaa
2327 3514 2524 3568 merito
2561 3515 2628 3568 ad
2672 3514 2939 3568 cmlorum
2983 3526 3158 3581 usque
3215 3510 3369 3566 fasti-

131 3610 282 3681 gium
345 3607 732 3660 conscendisse
796 3604 1164 3670 videbantur,
1218 3604 1399 3660 modis
1452 3603 1710 3659 omnibus
1746 3604 2044 3659 admolitur
2099 3611 2160 3664 ιιι
2204 3603 2436 3658 subruat
2485 3619 2548 3657 ac
2591 3606 2914 3673 praecipitet.
2973 3603 3080 3659 Sed
3127 3618 3197 3657 ne
3243 3601 3367 3656 illos

132 3701 356 3770 quidem
395 3706 520 3767 post
561 3698 775 3766 lapsum
822 3695 955 3750 sinit
999 3695 1066 3750 ad
1107 3695 1443 3765 paenitentiae
1481 3703 1702 3764 portum
1772 3710 1874 3750 ceu
1932 3694 2269 3766 postliminio
2315 3694 2537 3750 reverti.
2580 3693 2700 3758 Quo
2757 3694 2906 3747 enim
2947 3701 3107 3761 pacto
3159 3693 3248 3746 isti
3296 3689 3364 3745 ad

133 3789 497 3862 pmnitudinis
520 3803 584 3842 ac
627 3787 1021 3857 resipiscentize
1054 3789 1235 3842 sinum
1296 3803 1355 3843 se
1400 3788 1704 3851 conferant,
1744 3788 1840 3856 qui
1901 3796 2076 3842 totum
2124 3788 2403 3842 diabolum
2443 3788 2499 3842 in
2540 3803 2597 3842 se
2632 3787 2970 3856 excipientes
3015 3800 3113 3854 per
3167 3801 3366 3854 super-

137 3881 305 3943 biam,
340 3881 515 3935 Deum
538 3894 636 3948 per
662 3878 772 3932 hoc
812 3879 1228 3934 colluctatorem
1279 3879 1385 3932 sibi
1404 3881 1745 3935 constituere
1781 3886 1839 3933 et
1885 3879 2308 3934 adversarium?
2354 3879 2465 3933 Nos
2507 3877 2676 3946 igitur
2716 3873 3046 3928 humilitatis
3109 3873 3366 3942 praesidio

129 3971 377 4038 subnixi,
411 3969 723 4040 principem
770 3968 921 4023 hunc
975 3968 1255 4038 superbiae
1303 3969 1484 4023 omnis
1521 3983 1549 4022 a
1602 3968 1764 4022 nobis
1802 3983 1966 4038 quam
2021 3967 2338 4038 longissime
2383 3965 2736 4036 proﬂigemus
2777 3971 2831 4016 et
2875 3961 3222 4025 amoliamur,
3261 3977 3366 4018 no-

133 4065 351 4122 biscum
382 4064 536 4119 taciti
573 4063 935 4118 mussitantes
965 4062 1103 4118 illud
1139 4062 1388 4131 Apostoli
1445 4061 1708 4133 elegium,
1748 4077 1875 4116 eum
1905 4061 2189 4133 quidpiam
2213 4061 2400 4139 operis
2444 4058 2848 4114 confecerimus
2875 4055 3094 4110 virtutis
3141 4059 3365 4111 nomine

133 4156 402 4227 dignum:
470 4176 489 4208 ι
525 4157 646 4211 Non
701 4169 804 4226 ego
859 4163 1066 4219 autem,
1131 4154 1228 4209 sed
1259 4155 1435 4225 gratia
1457 4155 1556 4210 Dei
1588 4155 1898 4210 mecum".
1933 4173 1952 4206 ι
1987 4153 2192 4208 lterum
2238 4169 2252 4206 :
2300 4172 2318 4203 ι
2347 4153 2467 4206 Non
2510 4149 2767 4208 volentis,
2822 4161 3002 4218 neque
3063 4148 3363 4213 currentis,

131 4249 230 4304 sed
288 4249 610 4305 miserantis
660 4249 760 4304 Dei
821 4248 888 4302 “.
937 4267 956 4298 ι
1007 4247 1114 4304 Sed
1161 4257 1218 4304 et
1285 4249 1424 4305 illud
1461 4250 1756 4306 aDomino
1793 4249 2005 4306 dictum
2068 4263 2269 4303 arcana
2330 4247 2666 4317 cogitatione
2738 4246 3031 4301 adversum
3096 4243 3368 4314 superbia:

135 4341 500 4395 tentationem
552 4338 1090 4393 admurmurandum
1143 4339 1342 4394 venit:
1381 4358 1399 4393 ι
1432 4339 1564 4396 Sine
1608 4355 1708 4395 me
1742 4341 1886 4394 nihil
1914 4338 2152 4409 potestis
2197 4338 2382 4392 facere
2415 4338 2482 4389 σθ.
2516 4355 2534 4388 ι
2605 4335 2680 4390 Ita
2712 4337 2860 4391 enim
2889 4335 2960 4389 ab
3009 4335 3202 4389 eodem
3262 4335 3362 4390 Do-

133 4437 285 4490 mino
327 4433 774 4506 promerebimur
831 4433 1027 4488 audire
1076 4442 1134 4488 et
1166 4434 1304 4489 illud
1348 4452 1360 4487 :
1401 4454 1419 4486 ι
1453 4434 1722 4492 Videbam
1761 4434 2021 4490 Satanam
2060 4441 2320 4501 tanquam
2349 4431 2531 4500 fulgur
2576 4429 2644 4486 de
2690 4432 2830 4485 ccelo
2875 4430 3207 4487 cadentem:
3239 4444 3368 4483 ecce

133 4529 262 4585 dedi
300 4530 463 4584 vobis
497 4536 829 4598 potestatem
860 4526 1111 4586 calcandi
1137 4543 1305 4596 super
1343 4537 1630 4598 serpentes
1657 4535 1713 4581 et
1751 4527 2103 4595 scorpionem
2134 4534 2189 4580 et
2210 4540 2379 4594 super
2406 4539 2625 4579 omnem
2673 4524 2934 4577 virtutem
2960 4521 3171 4576 inimici
3202 4521 3274 4574 ’°.
3339 4538 3366 4572 ι

132 4620 474 4676 Clementem
524 4630 582 4675 et
619 4621 921 4693 benignum
959 4621 1134 4675 Deum
1181 4621 1412 4675 addecet
1445 4621 1618 4690 gloria
1663 4620 1718 4674 in
1755 4618 1955 4675 saecula
1993 4618 2345 4674 saeculorum.
2368 4617 2564 4671 Arnen.

727 4731 946 4784 ΛΟΓΟΣ
970 4732 1104 4786 ME'.

2226 4728 2440 4796 ιιοο
2474 4725 2760 4782 HOMILIA
2796 4727 2956 4783 XLV.

551 4845 691 4913 Περὶ
743 4841 1286 4914 ὑψηλοζσροσύνης.

1802 4839 1881 4894 De
1908 4841 2080 4912 specie
2105 4839 2381 4910 superbire,
2421 4856 2526 4909 qua
2559 4841 2674 4910 quis
2718 4840 2782 4892 de
2825 4856 2880 4892 se
2925 4855 3086 4908 quam
3135 4837 3202 4890 sit
3245 4854 3368 4906 par,
3413 4895 3437 4914 I

2372 4911 2532 4963 sentit
2570 4911 2794 4963 altiora.

212 5019 270 5072 Ὀ
299 5016 627 5089 ὑψηλόφρων
655 5017 844 5087 ἕτερος
879 5016 979 5086 μέν
1011 5017 1160 5069 ἑστιν
1181 5015 1277 5068 τοῦ
1321 5014 1702 5086 ὑπερηφάνου·

134 5111 512 5180 παρήλλακται
551 5108 606 5162 δὲ
640 5109 775 5177 πρδς
804 5108 895 5159 τὸν
925 5107 1220 5170 κενόδοξον.
1268 5105 1418 5169 Ἐνὺς
1451 5107 1558 5176 γὰρ
1588 5107 1702 5160 δέν-

1869 5021 1973 5088 Qui
1995 5021 2064 5076 de
2092 5037 2172 5086 se,
2212 5037 2374 5092 quam
2404 5039 2622 5092 acquum
2655 5023 2748 5087 sit,
2783 5021 2949 5076 sentit
2971 5021 3185 5082 altiora,
3216 5035 3372 5074 com-

1797 5110 2166 5181 plexutique
2213 5114 2438 5182 superbi
2485 5122 2590 5177 est,
2639 5121 2695 5168 et
2731 5114 2927 5166 eodem
2956 5111 3255 5180 conspirat.
3288 5111 3370 5165 Ad

132 5199 257 5270 δρου
288 5200 469 5254 κλάδοι
501 5201 656 5264 είσὶν,
679 5201 707 5252 6
736 5199 792 5253 δὲ
812 5199 1022 5270 καρπὸς
1051 5196 1450 5268 ὲνηλλαγμένος
1479 5213 1494 5228 °
1533 5199 1561 5250 6
1597 5197 1696 5266 μὲν

1798 5203 2164 5271 vaniglorium
2228 5212 2411 5258 tamen
2469 5204 2704 5258 collatus
2756 5203 3004 5257 nonnihil
3055 5202 3266 5256 evariat
3313 5213 3371 5258 et

132 5291 206 5360 τῷ
233 5291 410 5344 δοκεῖν
437 5291 712 5360 κεκυφὼς,
751 5293 780 5345 6
811 5291 868 5345 δὲ
902 5289 1360 5361 μετεωρόκλαδος.
1396 5289 1505 5342 Καὶ
1533 5290 1561 5341 6
1595 5289 1695 5360 μὲν

1800 5292 1918 5346 abit
1947 5293 2222 5348 diversus.
2250 5295 2315 5349 Et
2338 5295 2560 5364 quidem
2610 5295 2777 5350 unius
2821 5295 3036 5350 arboris
3075 5309 3199 5348 cum
3259 5293 3370 5347 sint

136 5381 545 5452 πιρτακοκενὸς,
607 5385 636 5435 6
691 5382 749 5435 δὲ
801 5382 1213 5452 καρυόκουφος·
1281 5380 1581 5452 ἀμφότεροι
1640 5381 1696 5434 δὲ

1803 5383 1962 5449 rami,
1991 5383 2208 5440 fructus
2241 5387 2564 5457 utriusque,
2619 5387 2827 5443 habent
2865 5385 3220 5440 discerniculi
3269 5385 3370 5438 ali-

213 5539 260 5570 ⁵³
297 5538 416 5610 ,ιδεμ
450 5555 509 5610 ιι,
543 5539 655 5610 12.ίῄ
736 5540 781 5610 ’ξ
813 5539 955 5610 Psal.
984 5553 1177 5610 ιρωιιι,Δ
1212 5537 1265 5610 (j.
1377 5538 1422 5572 ⁸⁸
1455 5537 1696 5610 ἰιιὶἀᾼθ

1826 5541 1871 5572 ⁸⁸
1901 5541 2045 5596 Psal.
2091 5558 2277 5606 LXXIII,
2310 5543 2397 5596 ‘25.
2497 5544 2542 5575 "’
2579 5543 2714 5597 ibid.
2757 5545 2811 5598 5.
2921 5543 2966 5575 ³⁸
2997 5543 3137 5598 Psal.
3172 5559 3360 5610 cxvm,

135 5605 218 5660 78.
249 5676 262 5679 _
294 5608 338 5640 ³⁹
369 5609 511 5679 Psal.
552 5624 602 5665 ο.
627 5608 680 5662 5.
751 5607 799 5679 ξ’
832 5607 1047 5679 ibid._7‘.
1139 5607 1182 5639 ⁶¹
1216 5607 1376 5679 Prov.
1410 5625 1525 5679 vin,
1570 5609 1656 5662 13.

1803 5611 2200 5674 Eccli.m,20.
2266 5605 2713 5676 “Eccli.x,29.
2792 5613 2997 5668 “ibid.
3031 5615 3082 5667 7.
3162 5605 3360 5679 "Jac;

133 5687 204 5744 tv,
236 5676 287 5732 6.
367 5679 414 5710 “
438 5678 458 5731 Ι
484 5679 628 5732 Petr.
662 5693 714 5744 v,
743 5677 796 5732 6.
872 5678 914 5710 "
957 5677 976 5731 l
1002 5677 1127 5732 Cor.
1158 5692 1246 5742 xv,
1275 5676 1360 5730 10.
1440 5678 1485 5710 ⁸³
1507 5679 1665 5733 Rom.

1817 5681 1900 5734 16.
1977 5683 2198 5738 “Joan.
2225 5698 2312 5747 xv,
2345 5682 2397 5738 5.
2479 5683 2520 5714 7°
2544 5683 2676 5738 Luc.
2710 5699 2762 5748 χ,
2799 5682 2885 5750 18,
2921 5684 3009 5740 19.
