4030 6296
579 311 725 376 1575

1843 304 2212 366 ANTIOCHI
2247 303 2587 365 MONACHI

3759 292 3897 358 13.75

577 419 736 492 quid.
760 415 896 473 Nam
923 414 1036 481 hic,
1059 423 1124 471 ιιι
1145 429 1215 472 ne
1243 414 1516 480 videatur,
1547 415 1854 485 propendet
1881 415 1935 470 in
1960 425 2161 470 terram

2266 414 2550 484 ἄχρηστοι.
2587 413 2650 466 Οί
2682 413 2739 466 δὲ
2766 412 3050 484 μισοῦντες
3069 414 3169 476 τὰς
3200 412 3394 482 ψυχὰς
3419 411 3598 480 ἡμῶν
3621 410 3889 480 δαίμονες

577 507 854 574 declivis;
897 507 991 561 ille
1025 521 1160 560 vero
1184 520 1339 560 vanae
1364 503 1553 574 gloriae
1612 520 1798 558 ramus
1849 505 1906 558 in
1953 505 2157 559 caelum

579 615 756 671 usque
785 606 1130 672 prospectat.
1150 596 1271 660 llic,
1302 595 1467 651 ﬁdem
1517 604 1578 649 ut
1611 595 1928 650 commodet
1978 595 2156 658 vanis,

578 692 717 746 mire
768 691 948 744 alacer
980 703 1043 742 ac
1094 687 1407 752 credulus;
1469 688 1584 753 ille,
1653 687 1724 741 ad
1785 686 2161 742 consectanda

577 783 720 853 gula:
770 781 1116 835 irritamenta
1168 779 1330 848 agilis
1365 779 1665 834 admodum
1700 787 1756 833 et
1778 786 2159 848 expromptus.

577 874 674 928 Vis
702 871 928 925 dicam?
957 871 1125 924 Plane
1164 868 1370 938 infrugi
1406 869 1498 922 isti
1543 869 1760 923 fructus
1808 878 1866 922 et
1912 867 2159 921 inutiles.

576 962 682 1027 Qui
705 961 853 1014 enim
879 961 1096 1014 animas
1124 968 1345 1012 nostras
1373 958 1588 1013 infense
1610 957 2159 1019 oderuntdaemoues,

578 1050 914 1120 quibusdam
984 1050 1339 1103 insusurrant
1381 1063 1449 1102 ac
1481 1055 1807 1118 suggerunt,
1844 1047 2002 1117 quasi
2036 1063 2162 1116 gra-

578 1142 709 1196 tuiti
754 1141 1010 1197 beneficii
1053 1143 1175 1194 loco
1223 1140 1388 1193 nobis
1429 1153 1552 1193 eam
1595 1139 1867 1194 instillent
1891 1148 1948 1192 et
1976 1137 2164 1192 confe-

578 1242 704 1289 rant
772 1233 943 1288 animi
995 1232 1358 1286 inﬂationem.
1415 1229 1626 1285 Deinde
1674 1239 1736 1284 ut
1786 1229 2163 1298 indulgentius

577 1327 744 1380 solito
769 1341 870 1380 nos
923 1325 1075 1394 ipsos
1121 1324 1390 1387 laxemus,
1447 1321 1840 1376 adhortantur.
1903 1320 2061 1386 Quod
2114 1320 2161 1374 si

575 1419 764 1470 animo
800 1415 1138 1485 praamolliti,
1162 1414 1346 1467 locum
1393 1413 1728 1467 cesserimus
1767 1412 1948 1466 stultae
1979 1412 2070 1465 isti
2093 1410 2163 1465 de

576 1508 739 1563 nobis
764 1503 1164 1561 existimationi
1194 1521 1210 1568 ;
1255 1501 1395 1556 nihil
1430 1512 1515 1556 est
1553 1501 1701 1571 quod
1735 1501 2003 1569 deinceps
2054 1500 2162 1554 ini-

577 1599 709 1652 mici
761 1597 1016 1650 laborent
1065 1603 1127 1648 ut
1175 1607 1279 1646 nos
1319 1593 1376 1646 in
1425 1592 1804 1661 captivitatem
1860 1592 2161 1646 abducant.

579 1687 988 1744 Providendum
1016 1686 1185 1756 igitur
1221 1698 1292 1737 ne
1337 1683 1420 1737 vel
1456 1693 1704 1752 tempore
1747 1682 2016 1737 orationis
2066 1697 2165 1736 no-

2265 508 2612 562 ὑποτίθενταί
2650 526 2796 562 τισιν
2819 508 2961 561 ὥστε
2986 508 3107 562 τι·δά
3143 509 3431 577 φυσίωσιν
3469 507 3616 575 ἡμῖν
3651 507 3892 576 χαρίσα·

2266 601 2390 654 σθαι
2423 618 2436 632 ⁸
2481 597 2598 653 εἷτα
2648 602 2786 672 πρὸς
2827 599 3032 668 ταύτην
3064 601 3215 670 ἡμᾶς
3259 599 3607 668 διαλυθῆναι
3648 600 3888 668 προτρέ-

2265 709 2481 746 πουσιν.
2535 692 2662 746 Ἐὰν
2709 693 2893 745 τοίνυν
2939 690 3310 762 χαυνωθέντες
3343 693 3409 760 τῇ
3447 691 3668 760 οίήσει,
3699 691 3886 759 δῶμεν

2265 782 2428 836 τόπον
2461 784 2528 852 τῇ
2581 780 3029 850 ὑψηλοφροσύνῃ,
3085 781 3146 832 ού
3213 779 3536 850 κάμνουσιν
3605 778 3812 832 λοιπὸν
3840 782 3885 831 οἱ

2267 873 2454 943 ἐχθροὶ
2481 874 2636 943 ήμῶν
2669 872 3074 942 αἰχμαλωτίσαι
3101 873 3272 941 ἡμᾶς.
3315 871 3408 940 Μὴ
3436 869 3539 924 οὖν
3572 870 3883 939 γενώμεεα

2265 964 2594 1034 δοξοχαρεῖς,
2637 965 2733 1018 καὶ
2770 964 3164 1034 ὑψηλόφρονες,
3207 963 3294 1014 ’ίνα
3343 963 3418 1032 μὴ
3467 962 3532 1013 ού
3583 962 3766 1030 μόνον
3793 964 3882 1013 ἐπὶ

2267 1055 2362 1108 τοῦ
2394 1057 2587 1119 νώτου,
2621 1055 2757 1107 ἀλλὰ
2795 1057 2888 1108 καὶ
2923 1057 2980 1108 ὲν
3014 1054 3090 1124 τῷ
3121 1053 3403 1124 προσώπῳ
3436 1052 3613 1122 ήμῶν
3650 1054 3880 1105 τεκταί-

2267 1164 2428 1201 νωσιν
2451 1149 2502 1199 οί
2525 1147 2858 1216 ἁμαρτωλοὶ,
2887 1147 2984 1198 καὶ
3011 1144 3301 1214 γενώμεθα
3340 1142 3650 1212 ὲπξχαρμα
3687 1143 3884 1204 αύτοξ

2268 1238 2410 1290 κατά
2449 1237 2540 1289 τὸν
2582 1237 2770 1305 καιρὸν
2809 1237 2908 1305 τῆς
2948 1234 3276 1306 προσευχῆς,
3332 1233 3731 1302 ὲξελκόμενοι,
3785 1234 3882 1284 καὶ

2269 1325 2644 1394 δελεαζόμενοι
2683 1326 2776 1378 ὑπ’
2835 1325 3015 1378 αὐτῶν
3061 1327 3118 1376 ὲν
3158 1323 3445 1392 λογισμοῖς
3490 1323 3831 1384 ἀλλοκότοις
3863 1340 3875 1349 ·

2262 1416 2452 1478 καθὼς
2509 1417 2605 1470 καὶ
2659 1418 2688 1468 ὁ
2736 1414 3150 1484 Παροιμιαστὴς
3191 1415 3437 1467 διδάσκει
3475 1415 3688 1483 math:
3729 1432 3754 1464 ‹
3785 1413 3879 1479 Mi;

2269 1504 2654 1576 ὑψηλοφρόνει,
2683 1507 2872 1574 φησὶν,
2900 1504 2994 1557 καὶ
3025 1503 3098 1574 μὴ
3134 1504 3282 1571 γίνου
3309 1504 3526 1566 δίκαιος
3555 1503 3729 1566 πολὺ,
3783 1505 3878 1555 καὶ

2272 1595 2346 1664 μὴ
2379 1594 2599 1664 σοφίξου
2638 1596 2894 1666 περισσὰ,
2944 1598 3156 1666 μήποτε
3194 1595 3475 1667 ἐκκλίνῃς.
3524 1595 3648 1647 Καί
3677 1612 3694 1626 ·
3752 1614 3775 1646 ι
3817 1594 3878 1649 ’0

2270 1683 2474 1752 ὑψηλὸν
2518 1684 2687 1736 ποιῶν
2733 1685 2825 1737 τὸν
2873 1685 3066 1738 ἑαυτοῦ
3108 1679 3279 1748 οἷκον,
3315 1683 3479 1753 ζητεῖ
3506 1685 3828 1756 συντρισήν
3859 1701 3872 1713 ·

578 1781 828 1850 ειτιοίρςί
857 1779 1201 1834 occasionem
1224 1777 1387 1829 ullam
1423 1774 1728 1830 insultandi
1763 1773 1926 1828 nobis
1955 1771 2160 1828 demus

2265 1773 2289 1825 ὁ
2318 1771 2375 1824 δὲ
2413 1772 2716 1835 σκολιάζων
2743 1774 2839 1827 τοῦ
2887 1775 3103 1844 μαθεῖν,
3147 1777 3476 1845 ἐμπεσεῖται
3506 1777 3598 1839 είς
3630 1777 3809 1828 κακά.
3850 1795 3868 1826 ι

580 1869 810 1924 inimico
857 1885 872 1921 :
915 1867 1064 1937 quod
1107 1868 1168 1922 fit
1203 1867 1336 1922 dum
1363 1867 1706 1922 extrahimur
1739 1877 1945 1932 mente,
1973 1875 2029 1922 et
2059 1881 2160 1936 per

579 1977 774 2016 eorum
826 1963 1232 2030 suggestionem
1272 1960 1526 2015 absurdis
1549 1975 1806 2029 prorsum
1839 1969 1895 2012 et
1915 1958 2161 2013 externis

581 2049 898 2102 inescamur
921 2047 1372 2117 cogitationibus,
1393 2047 1854 2117 quemadmodum
1873 2045 2034 2101 docet
2055 2046 2160 2100 Pa-

579 2139 922 2195 rmmiastes:
972 2157 991 2189 ι
1026 2138 1147 2192 Noli
1195 2139 1368 2192 altum
1418 2153 1636 2207 sapere,
1670 2145 1726 2192 et
1766 2151 1835 2191 ne
1879 2138 1953 2191 sis
1981 2137 2162 2207 justus

579 2229 857 2292 multum;
888 2235 943 2280 et
973 2242 1042 2282 ne
1071 2227 1253 2296 sapias
1300 2227 1599 2296 superﬂua,
1655 2241 1725 2280 ne
1785 2226 1927 2278 forte
1979 2224 2160 2278 decli-

580 2333 680 2372 nes
722 2318 792 2370 '".
833 2337 852 2369 ›
911 2318 1026 2371 Et:
1075 2337 1094 2369 ‹
1127 2318 1304 2371 Altam
1357 2317 1450 2386 qui
1515 2317 1650 2371 facit
1702 2317 1926 2371 domum
1980 2331 2159 2379 suam,

581 2409 784 2482 quarit
815 2409 1207 2464 contritionem
1239 2426 1253 2474 ;
1278 2408 1373 2478 qui
1400 2417 1586 2462 autem
1611 2407 1798 2462 renuit
1819 2405 2054 2469 discere,
2081 2405 2162 2458 in-

583 2503 732 2558 cidet
765 2502 822 2556 in
846 2502 986 2555 mala
1007 2503 1076 2553 7'.
1109 2519 1128 2552 ι
1175 2501 1458 2555 Rursum:
1501 2518 1520 2552 ι
1555 2498 1877 2554 lmmundus
1909 2506 1995 2552 est
2017 2496 2161 2566 apud

580 2593 878 2650 Dominum
907 2592 1088 2646 omnis
1108 2592 1203 2660 qui
1240 2592 1350 2645 alto
1396 2600 1482 2645 est
1511 2590 1676 2645 corde
1731 2591 1796 2643 ".
1831 2609 1850 2641 ι
1909 2591 2113 2644 lterum
2143 2605 2157 2640 :

588 2706 606 2738 ι
641 2687 719 2740 Ne
745 2686 1022 2755 gloriosus
1048 2698 1315 2752 appareas
1352 2697 1538 2736 coram
1593 2697 1745 2752 rege,
1797 2690 1854 2735 et
1910 2681 1966 2734 in
2027 2678 2163 2734 locis

581 2774 897 2845 principum
918 2789 988 2826 ne
1013 2774 1270 2837 steteris;
1294 2773 1494 2826 melius
1514 2772 1666 2840 enim
1691 2781 1752 2825 ut
1778 2772 1996 2825 dicatur
2027 2771 2159 2824 tibi:

581 2864 830 2920 Ascende
859 2863 927 2918 ad
959 2879 1068 2926 me,
1095 2877 1258 2932 quam
1292 2870 1352 2915 ut
1383 2862 1639 2916 humiliet
1669 2869 1721 2915 te
1749 2877 1932 2915 coram
1959 2862 2166 2930 princi-

583 2956 750 3029 pibus
774 2956 842 3010 τδ.
886 2974 904 3006 ι
937 2955 1092 3009 Alius
1121 2973 1134 3006 :
1177 2974 1194 3004 ς
1223 2955 1300 3009 Ne
1328 2953 1644 3025 gloriemini
1673 2963 1730 3009 et
1761 2969 1831 3007 ne
1859 2953 2163 3022 loquamini

583 3048 844 3104 sublimia
879 3046 947 3101 ad
981 3046 1206 3111 fastum,
1251 3061 1432 3115 neque
1471 3045 1789 3115 egrediatur
1820 3045 2053 3098 verbum
2083 3045 2156 3113 ja-

583 3140 806 3197 ctantia:
834 3139 902 3194 de
925 3154 1022 3193 ore
1053 3147 1261 3192 vestro.
1301 3157 1319 3190 ι
1356 3137 1558 3191 Paulus
1602 3151 1823 3205 quoque
1871 3135 2163 3189 Timotheo

583 3231 704 3284 ait:
745 3249 762 3281 ι
796 3229 1042 3282 Dominis
1071 3228 1236 3297 hujus
1274 3226 1462 3280 saeculi
1510 3226 1743 3294 praecipe
1776 3241 1886 3279 non
1929 3225 2166 3281 sublime

584 3337 801 3392 sapere,
836 3336 1014 3390 neque
1037 3335 1259 3388 sperare
1283 3318 1338 3371 in
1369 3319 1581 3372 incerto
1608 3317 1950 3382 divitiarum,
1984 3318 2078 3372 sed
2110 3317 2164 3370 in

583 3409 698 3464 Deo
723 3411 816 3478 qui
851 3416 1072 3478 prastat
1096 3408 1150 3460 in
1175 3407 1336 3460 nobis
1362 3406 1546 3460 omnia
1569 3405 1789 3460 abunde
1821 3407 1886 3459 ⁷⁸.
1930 3426 1948 3457 ι
1981 3406 2162 3461 Alibi:

591 3520 610 3551 ι
647 3499 893 3561 Fratres,
937 3511 1047 3549 non
1093 3497 1202 3550 alta
1248 3497 1549 3564 sapientes,
1579 3495 1674 3549 sed
1707 3494 2008 3550 humilibus
2031 3511 2165 3550 con-

584 3589 976 3645 sentientes".
1011 3606 1029 3639 ›
1073 3588 1338 3642 Romanis
1369 3589 1498 3642 item
1532 3604 1546 3639 ε
1580 3606 1599 3637 ‹
1633 3587 1778 3641 Dicis
1809 3602 1942 3658 ergo
1972 3587 2105 3642 mihi
2145 3605 2161 3642 :

584 3677 766 3736 Fracti
821 3686 952 3733 sunt
1011 3677 1150 3732 rami
1189 3685 1249 3731 ut
1295 3693 1398 3747 ego
1457 3677 1690 3731 inserar.
1745 3677 1892 3731 Bene
1961 3695 1976 3730 :
2037 3693 2164 3748 pro-

583 3780 709 3843 pter
733 3769 1176 3825 incredulitatem
1204 3769 1364 3824 fracti
1389 3777 1556 3833 sunt,
1582 3777 1643 3823 tu
1672 3779 1858 3823 autem
1890 3769 1996 3824 fide
2026 3779 2162 3838 stas,

583 3860 698 3916 noli
729 3861 898 3916 altum
928 3875 1144 3930 sapere,
1183 3859 1281 3914 sed
1316 3859 1445 3913 time
1474 3877 1488 3924 ;
1527 3858 1575 3913 si
1599 3859 1743 3913 enim
1770 3859 1914 3913 Deus
1939 3868 2164 3914 natura-

582 3952 731 4006 libus
749 3951 916 4006 ramis
932 3967 1044 4006 non
1063 3951 1336 4020 pepercit,
1352 3966 1420 4004 ne
1435 3950 1574 4005 forte
1591 3967 1694 4005 nec
1723 3951 1818 4005 tibi
1848 3959 2036 4021 parcat
2056 3953 2122 4006 ⁷⁷.
2135 3969 2156 4006 ι

581 4043 694 4097 Nos
725 4043 894 4113 igitur
928 4043 1222 4098 sinceriter
1259 4057 1322 4095 ea
1381 4042 1498 4110 ipsa
1557 4057 1680 4110 qua
1721 4057 1887 4111 opere
1931 4043 2165 4112 perfecit

583 4134 755 4190 David
786 4174 800 4198 ,
838 4134 1035 4188 melico
1063 4141 1336 4187 concentu
1382 4132 1808 4187 emodulemur:
1854 4150 1873 4184 ι
1911 4133 2161 4199 Domine,

2261 1863 2370 1914 Kal
2434 1865 2598 1917 πάλιν
2625 1879 2640 1895 ⁸
2696 1883 2716 1916 ‹
2765 1865 3102 1937 ’Δκάθαρτος
3128 1867 3278 1938 παρὰ
3304 1869 3516 1938 Κυρίου
3553 1870 3677 1930 πᾶς
3725 1870 3870 1938 6:14-

2261 1953 2565 2025 λοκάρδιος.
2603 1973 2622 2007 ι
2663 1958 2773 2009 Kal
2810 1955 2967 2022 αὖθις
3001 1974 3016 1988 ο
3067 1976 3086 2009 ι
3113 1960 3204 2028 Μὴ
3239 1959 3582 2023 ἀλαζονεύου
3631 1961 3870 2014 ἐνώπιον

2264 2044 2552 2114 βασιλέως,
2607 2049 2701 2100 καὶ
2743 2049 2803 2100 ἐν
2859 2051 3047 2112 τόποις
3096 2049 3378 2103 δυναστῶν
3436 2051 3519 2121 μὴ
3575 2054 3866 2120 ἐφίστασο.

2262 2141 2530 2208 Κρεῖσσον
2562 2140 2671 2210 γάρ
2710 2156 2792 2191 σοι
2821 2140 3072 2210 ῥηθῆναι,
3107 2141 3367 2212 Ἀνάὀηθι
3397 2144 3544 2213 πρός
3576 2145 3734 2214 με,ῆ
3773 2162 3863 2196 τι·

2263 2230 2529 2283 πεινῶσαί
2559 2247 2616 2282 σε
2643 2229 2877 2283 ἐνώπιον
2909 2231 3203 2285 δυναστῶν.
3240 2249 3260 2281 ι
3292 2232 3404 2284 Καὶ
3454 2233 3627 2294 ἄλλος
3664 2247 3680 2258 ⁸
3726 2251 3746 2283 ι
3780 2233 3867 2300 Mi;

2263 2323 2564 2392 καυχᾶσθε,
2601 2323 2695 2375 καὶ
2729 2322 2804 2393 μὴ
2824 2322 3034 2376 λαλεῖτε
3065 2323 3243 2393 ὑψηλά
3277 2327 3358 2387 είς
3387 2324 3706 2394 ὑπεροχὴν,
3733 2324 3866 2392 μηδὲ

2263 2414 2526 2481 ἐξελθέτω
2569 2414 3061 2484 μεγαλορημοσύνη
3097 2417 3159 2469 ὲκ
3186 2414 3282 2468 τοῦ
3311 2415 3596 2485 στόματος
3629 2417 3808 2486 ὑμῶν.
3841 2435 3855 2465 ι

2263 2504 2372 2558 Kal
2395 2505 2423 2557 ὁ
2457 2503 2671 2568 Παῦλος
2700 2506 2952 2576 Τιμοθέῳ
2992 2506 3155 2574 φησίν
3188 2523 3202 2538 ο
3253 2526 3271 2556 ι
3309 2507 3439 2567 Τοῖς
3476 2508 3773 2570 πλουσίοις
3809 2509 3860 2558 ἐν

2261 2594 2339 2664 τῷ
2358 2595 2452 2648 νῦν
2474 2596 2629 2648 αίῶνι
2653 2597 3005 2667 παράγγελλε
3036 2598 3108 2667 μὴ
3139 2597 3563 2668 ὑψηλοφρονεῖν,
3595 2599 3739 2668 μηδὲ
3764 2599 3856 2665 ἡλ-

2264 2694 2486 2746 πικέναι
2514 2695 2606 2747 ἐπὶ
2636 2694 2868 2748 πλούτου
2901 2695 3210 2765 ἀδηλότητι,
3238 2695 3354 2748 ἀλλ’
3372 2698 3473 2749 ἐπὶ
3502 2695 3583 2765 τῷ
3618 2697 3762 2764 Θεῷ,
3781 2695 3854 2762 τῷ

2265 2779 2562 2848 παρέχοντι
2631 2782 2812 2834 πάντα
2861 2781 2992 2851 ἡμῖν
3029 2781 3318 2844 πλουσίως.
3356 2800 3373 2831 ι
3423 2783 3543 2835 Kal
3574 2781 3809 2851 ἑτέρωθε
3838 2797 3852 2810 ·

2271 2889 2288 2921 ι
2334 2869 2600 2939 Ἀδελφοί,
2641 2872 2715 2941 μὴ
2750 2871 2817 2924 τά
2849 2872 3030 2943 ὑψηλά
3064 2871 3407 2942 φρονοῦντες,
3441 2873 3588 2924 ἀλλὰ
3612 2875 3730 2934 τοῖς
3768 2889 3856 2924 ταο

2266 2964 2474 3023 πεινοῖς
2502 2961 2955 3031 συνεπαγόμενοι.
2992 2981 3010 3015 ι
3052 2963 3164 3016 Kal
3213 2964 3517 3032 Ῥωμαίοις
3548 2980 3564 2994 ·
3614 2982 3637 3016 ι
3685 2966 3853 3036 Ἐρεῖς

2268 3052 2362 3105 οὖν
2393 3068 2505 3121 μοι,
2549 3051 2984 3121 Ἐξεκλάσθησαν
3013 3052 3221 3118 κλάδοι,
3271 3053 3361 3106 ἵνα
3402 3054 3520 3122 ἐγὼ
3567 3058 3853 3125 ἐγκεντρί-

2267 3143 2399 3196 σθῶ.
2441 3143 2658 3209 Καλῶς,
2687 3145 2752 3214 τῇ
2792 3145 3023 3214 ἀπιστίᾳ
3060 3144 3470 3215 ἐξεκλάσθησαν
3506 3162 3522 3177 ο
3573 3151 3646 3200 σὺ
3690 3148 3747 3201 δὲ
3789 3151 3849 3214 τῇ

2262 3235 2444 3286 πίστει
2483 3234 2723 3302 ἕστηκας
2757 3249 2772 3265 ο
2819 3234 2893 3304 μὴ
2931 3234 3334 3303 ύψηλοφρόνει,
3384 3235 3528 3288 ἀλλά
3559 3236 3757 3302 φοϐοῦ.
3793 3237 3852 3288 Ei

2261 3320 2370 3390 γὰρ
2399 3321 2428 3371 ὁ
2457 3319 2591 3381 Θεὸς
2631 3319 2742 3372 τῶν
2781 3319 2925 3373 κατὰ
2973 3320 3134 3387 φύσιν
3180 3320 3390 3374 κλάδων
3425 3322 3530 3374 οὐκ
3568 3323 3846 3391 ἐφείσατο,

2265 3416 2338 3482 μή
2370 3427 2485 3472 πως
2511 3411 2634 3464 οὐδὲ
2676 3411 2770 3463 σοῦ
2824 3411 3096 3480 φείσεται.
3128 3429 3148 3463 ι
3209 3412 3404 3482 Ἡμεῖς
3438 3409 3537 3466 οὖν
3582 3414 3726 3482 μετὰ
3759 3413 3846 3465 τοῦ

2261 3499 2426 3552 Δαυῒδ
2473 3499 2909 3571 διαπράξωμεν,
2966 3501 3279 3571 εἰλικρινῶς
3330 3502 3472 3572 μετά
3534 3503 3636 3556 τοῦ
3691 3502 3847 3556 Δαυῒό

2261 3588 2556 3658 ψάλλωμεν
2584 3605 2600 3622 ο
2637 3607 2657 3638 ι
2689 3590 2884 3660 Κύριε,
2921 3590 3019 3660 οὐχ
3049 3591 3237 3662 ὑψώθη
3278 3593 3310 3662 ή
3336 3592 3537 3663 καρδία
3571 3609 3703 3661 μου,
3731 3593 3842 3645 οὐδὲ

2262 3681 2571 3752 ἐπορεύθην
2622 3683 2682 3734 έν
2735 3683 3016 3752 μεγάλοις,
3071 3682 3194 3736 οὐδὲ
3240 3684 3299 3735 ὲν
3337 3683 3674 3752 θαυμασίοις
3709 3685 3841 3752 ὑπὲρ

2261 3769 2362 3840 ὲμέ
2392 3785 2406 3798 ο
2439 3769 2556 3822 ἀλλ’
2585 3770 3070 3841 ὲταπεινοφρόνουν
3101 3769 3178 3832 ὡς
3209 3771 3269 3822 τὸ
3295 3772 3843 3842 ἁπογεγαλακτισμέ-

2263 3876 2354 3912 νον
2390 3861 2484 3913 ἐπὶ
2519 3859 2618 3930 τήν
2665 3863 2879 3931 μητέρα
2921 3862 3109 3917 αὑτοῦ.
3151 3881 3170 3914 ι
3234 3862 3508 3927 Ὡσαύτως
3555 3867 3652 3918 καὶ
3711 3865 3837 3933 μετά

2265 3951 2375 4005 τῶν
2399 3951 2567 4021 τριῶν
2589 3952 2796 4005 παίδων
2822 3967 2838 3983 '
2881 3971 2901 4006 ι
2931 3953 3076 4020 Ὀτι,
3099 3954 3362 4017 Δέσποτα,
3389 3954 3837 4026 ὲσμικρύνθημεν

2267 4043 2420 4114 παρά
2441 4043 2620 4097 πάντα
2646 4042 2716 4096 τά
2737 4042 2886 4114 ἔθνη,
2917 4045 3013 4098 καὶ
3043 4045 3209 4114 ἐσμὲν
3237 4047 3484 4098 ταπεινοὶ
3505 4047 3568 4099 ἐν
3591 4050 3748 4119 πάσῃ
3778 4050 3833 4114 τῇ

2267 4139 2338 4204 γῇ
2369 4135 2632 4205 σήμερον,
2658 4133 2744 4187 διὰ
2759 4134 2856 4197 τάς
2882 4135 3159 4206 ἁμαρτίας
3177 4136 3354 4206 ἡμῶν.
3395 4156 3414 4190 ι

583 4243 696 4284 non
732 4236 816 4282 est
836 4228 1138 4282 exaltatum
1163 4241 1260 4280 cor
1285 4242 1490 4292 meum,
1517 4243 1697 4297 neque
1720 4227 1848 4281 elati
1874 4237 2004 4282 sunt
2022 4229 2167 4283 oculi
2201 4230 2308 4282 mei
2343 4246 2357 4295 ;
2395 4245 2576 4300 neque
2601 4228 2877 4284 ambulavi
2931 4231 2986 4284 in
3013 4235 3246 4303 magnis,
3279 4249 3458 4303 neque
3492 4235 3554 4288 in
3617 4236 3832 4291 mirabi—

581 4321 729 4376 libus
751 4335 921 4388 super
943 4335 1049 4381 me,
1076 4319 1172 4373 sed
1199 4318 1491 4372 humiliter
1547 4319 1876 4384 sentiebam,
1939 4320 2081 4374 sicut
2102 4321 2408 4376 ablactatus
2439 4336 2606 4390 super
2628 4328 2858 4374 matrem
2891 4338 3045 4376 suam
3068 4323 3137 4377 ".
3166 4345 3184 4377 ι
3209 4325 3566 4380 Consimilem
3599 4327 3658 4381 in
3723 4341 3832 4382 mo-

581 4415 712 4468 dum
794 4429 920 4468 cum
976 4413 1154 4468 tribus
1205 4413 1316 4468 illis
1373 4413 1602 4482 pueris:
1662 4432 1680 4464 ί
1753 4412 1927 4478 Quia,
1971 4412 2223 4479 Domine,
2266 4414 2544 4468 imminuti
2590 4428 2783 4468 sumus
2840 4429 3008 4484 super
3051 4431 3244 4471 omnes
3297 4424 3510 4488 gentes,
3553 4429 3612 4474 et
3656 4435 3828 4475 sumus

579 4505 818 4563 humiles
845 4505 1009 4559 hodie
1034 4513 1259 4575 propter
1291 4515 1512 4575 peccata
1535 4517 1719 4561 nostra
1748 4507 1814 4558 ’⁸.
1851 4524 1868 4558 ι

656 4597 864 4666 ιιοι
899 4615 916 4646 ‹
948 4595 1082 4661 Quis
1105 4597 1253 4650 enim
1304 4597 1632 4667 gloriabitur
1685 4597 1950 4652 mundum
1978 4613 2036 4652 se
2071 4597 2160 4650 ha-

2345 4613 2362 4644 ι
2410 4593 2507 4656 Τίς
2550 4593 2660 4661 γὰρ
2712 4595 3048 4663 καυχήσεται
3079 4595 3250 4664 ἀγνὴν
3271 4595 3416 4665 ἔχειν
3441 4598 3542 4666 τὴν
3577 4603 3826 4669 καρδίαν,

579 4687 714 4744 bere
759 4685 1037 4739 cor7Aut
1089 4687 1214 4756 quis
1268 4686 1625 4755 profitebitur
1683 4702 1879 4756 purum
1929 4703 1987 4741 se
2045 4701 2164 4741 esse

581 4793 610 4831 a
643 4775 886 4846 peccatis
910 4773 990 4826 δοῖ
1017 4773 1073 4828 Si
1101 4775 1249 4827 enim
1287 4774 1604 4842 iniquitates
1632 4775 2036 4842 observaveris,
2061 4774 2166 4826 Do-

582 4869 753 4926 mine,
784 4865 1034 4929 Domine,
1070 4866 1192 4933 quis
1234 4865 1532 4919 sustinebit
1560 4867 1581 4918 ?
1611 4867 1739 4935 quia
1775 4863 1916 4934 apud
1963 4872 2013 4917 te
2037 4878 2165 4932 pro-

2267 4686 2337 4737 Ἦ
2369 4685 2454 4747 τίς
2477 4685 2916 4755 παρῤησιάσεται
2936 4687 3174 4755 καθαρὸς
3193 4684 3334 4740 εἷναι
3365 4689 3474 4741 ἀπὸ
3505 4691 3788 4763 ἁμαρτιῶν
3812 4713 3825 4759 ;

2289 4774 2398 4827 Εάν
2433 4775 2542 4842 γὰρ
2571 4775 2803 4844 ἀνομίας
2846 4780 3263 4849 παρατηρήσῃς,
3302 4778 3496 4849 Κύριε,
3529 4782 3726 4854 Κύριε,
3756 4788 3827 4846 τίς

2261 4867 2627 4936 ύποστήσεται
2665 4867 2746 4920 σοί
2779 4884 2794 4933 ;
2824 4869 2905 4920 ὅτι
2954 4869 3105 4938 παρά
3149 4871 3231 4920 col
3271 4870 3298 4921 ὁ
3339 4869 3573 4941 ἱλασμός
3613 4877 3818 4932 ἐστιν.»

580 4957 794 5029 pitiatio
817 4965 900 5010 est
929 4957 994 5007 “.
1025 4975 1040 5006 ι
1083 4956 1152 5010 Ut
1184 4957 1325 5010 hanc
1358 4958 1516 5026 plane
1541 4958 1788 5012 melicam
1819 4955 2159 5010 harmoniam

2265 4957 2476 5026 Ταύτην
2510 4952 2603 5010 οὖν
2650 4959 2706 5011 ὲν
2751 4957 3034 5029 εἰλικρινεῖ
3070 4959 3268 5030 καρδίᾳ
3308 4961 3720 5030 ἀναμέλποντες
3757 4966 3823 5036 τῷ

579 5053 890 5108 recincntes
935 5049 1099 5104 corde
1145 5050 1382 5112 sincero,
1427 5051 1495 5104 ab
1536 5053 1656 5120 ipso
1697 5052 1928 5105 Domino
1970 5047 2161 5101 audire

2265 5048 2376 5116 θεῷ
2402 5049 2500 5117 τὴν
2528 5048 2690 5118 ᾠδὴν,
2731 5047 3020 5116 ἀκούωμεν
3061 5051 3194 5118 παρ’
3227 5049 3412 5111 αὐτοῦ,
3458 5051 3543 5102 ὅτι
3593 5071 3613 5102 ι
3654 5053 3712 5107 '0
3740 5072 3820 5107 τα-

580 5157 992 5215 promcreamur
1030 5159 1042 5193 :
1085 5161 1102 5190 ι
1130 5141 1232 5206 Qui
1273 5157 1333 5195 se
1367 5141 1639 5206 humiliat,
1667 5141 1994 5195 exaltabitur
2016 5140 2097 5190 θέε
2135 5156 2154 5188 ι

2265 5136 2458 5190 πεινῶν
2479 5137 2692 5202 ἑαυτὸν,
2717 5136 3083 5207 ὑψωθήσεται,
3106 5157 3124 5188 ι
3155 5139 3204 5190 oi
3229 5138 3283 5190 δὲ
3311 5139 3817 5211 ὑψηλοφρονοῠντες,

579 5245 631 5290 et
669 5235 760 5304 qui
794 5233 860 5287 de
883 5247 939 5287 se
969 5248 1132 5300 quam
1157 5249 1254 5301 par
1285 5233 1374 5296 sit,
1415 5233 1707 5287 sublimius
1759 5229 1966 5299 aliquid
2023 5242 2150 5281 scn-

2258 5229 2705 5299 ὲλεγχθήσονται.
2758 5229 2843 5292 Ὠς
2871 5231 2918 5280 οί
2947 5230 3229 5297 Φαρισαῖοι
3255 5231 3406 5301 παρά
3430 5232 3527 5284 τοῦ
3561 5235 3813 5306 Σωτῆρος,

579 5324 746 5382 tiunt.
766 5330 1152 5390 coarguentur.
1173 5322 1239 5376 lit
1263 5332 1316 5375 et
1340 5323 1595 5377 Pharisaei
1626 5323 1693 5376 ab
1719 5323 1836 5393 ipso
1867 5321 2147 5376 Salvatore

2265 5322 2504 5388 λέγοντος
2536 5321 2672 5390 πρὸς
2693 5321 2888 5383 αὐτούς
2914 5339 2928 5352 ο
2957 5339 2975 5369 ι
3031 5322 3216 5391 Ὑμεῖς
3270 5324 3390 5375 ἐστε
3423 5327 3471 5377 οἱ
3499 5325 3813 5390 δικαιοῦντες

580 5422 790 5477 nostro,
824 5412 917 5480 qui
951 5420 1003 5467 et
1037 5411 1144 5465 illis
1173 5413 1347 5466 dixit:
1379 5434 1396 5464 ί
1431 5415 1537 5468 Vos
1561 5415 1694 5468 estis
1721 5414 1813 5482 qui
1837 5411 2146 5482 justificatis

2265 5412 2479 5473 ἑαυτοὺς
2508 5410 2735 5463 ἐνώπιον
2765 5411 2872 5463 τῶν
2904 5410 3229 5481 ἀνθρώπων.
3263 5431 3281 5463 ι
3336 5415 3394 5467 '0
3428 5415 3485 5468 δὲ
3512 5417 3648 5479 Θεὸς
3677 5419 3810 5484 γινώ-

684 5530 727 5558 ⁷¹
755 5528 932 5580 Eccle.
963 5542 1054 5590 vn,
1090 5529 1174 5581 l7.

1256 5531 1295 5558 ⁷²
1323 5530 1482 5586 Prov.
1524 5530 1759 5592 xvrt,16.
1834 5530 1879 5560 ⁷³
1907 5530 2065 5582 Prov.
2097 5545 2206 5587 xvr.
2237 5529 2289 5581 5.

2365 5529 2411 5560 7‘
2443 5527 2602 5582 Prov.
2635 5543 2756 5593 xxv,
2794 5527 2846 5586 6.
2883 5527 2934 5579 '7.
3010 5526 3107 5581 ’⁸1
3147 5526 3288 5581 Tim.
3321 5545 3396 5592 vr,
3434 5531 3522 5583 l7.
3604 5532 3650 5563 "
3675 5533 3804 5585 Rom.

581 5613 675 5668 xu,
706 5597 787 5649 l6.
864 5597 906 5626 "
940 5597 1090 5668 llom.
1129 5615 1198 5664 xl,
1229 5600 1289 5653 l9
1319 5601 1407 5655 21.
1487 5602 1528 5633 ⁷⁸
1554 5601 1693 5655 Psal.
1727 5616 1883 5662 cxxx,
1915 5601 1964 5663 1,
1996 5599 2048 5652 Ξ.
2129 5601 2161 5630 ⁷⁵

2265 5614 2334 5652 ιη.
2370 5614 2446 5663 m,
2483 5598 2571 5654 57.
2647 5597 2694 5628 ⁸⁸
2719 5598 2876 5652 Prov.
2915 5612 3002 5662 xx,
3043 5596 3095 5651 9.
3170 5599 3214 5630 ⁸¹
3248 5598 3392 5652 Psal.
3430 5616 3613 5668 cxxnx,
3653 5602 3707 5668 3,
3733 5605 3777 5656 4.

577 5667 624 5699 ⁸⁸
650 5666 782 5721 Luc.
813 5681 920 5731 xlv,
947 5667 1030 5719 Η.
