3916 6304
93 297 252 367 1593

697 290 1025 365 HOMILIA
1064 304 1193 364 ιιι.
1221 331 1289 339 —-
1331 304 1604 365 MALUM
1644 304 1791 364 Ριιο
1826 306 2029 366 MALO
2069 278 2223 367 NON
2262 294 2764 366 REDDENDUM.

3223 292 3363 360 1594

88 415 400 488 θελήματά
436 433 560 488 μου,
586 434 605 470 ι
643 416 894 489 περὶτοῦ
933 419 1319 487 ἀμνησικὰκου
1365 419 1550 482 Δαυῒδ,
1586 424 1683 474 καὶ

1790 422 1972 476 bimur
2001 420 2311 489 leuitatem,
2342 427 2401 472 ut
2438 424 2494 472 et
2538 429 2641 469 nos
2671 408 2941 482 quiddam
2984 410 3231 466 assimile
3264 426 3359 465 au—

86 508 204 562 καὶ
246 508 379 578 περὶ
422 508 650 579 ἐχθροὺς
682 508 914 577 ἀγαθοῦ.
951 510 1062 563 Καὶ
1091 512 1254 580 ἡμεῖς
1292 510 1385 563 οὖν
1415 511 1490 581 μὴ
1524 513 1690 580 ποιή-

91 597 299 668 σωμέν
317 613 370 650 τι
399 598 538 670 πρὸς
562 601 773 670 ἄμυναν
803 600 1036 669 ἀδελφοῦ
1058 598 1489 672 κατηδικηκότος
1516 603 1685 681 ἡμᾶς,

92 686 195 739 ἵνα
230 688 310 759 μὴ
336 687 558 741 ᾶπαντα
586 690 717 760 ἡμῖν
750 689 940 743 σκολιὰ
963 689 1190 761 γένηται
1220 692 1279 744 ὲν
1298 693 1481 763 καιρῷ
1510 710 1687 764 προσ-

100 778 311 849 ευχῆς.
368 780 425 833 '0
458 780 622 850 νόμος
656 781 1095 852 παρακελεύεται
1121 786 1369 854 προνοεῖν
1390 785 1454 836 τὸ
1487 785 1688 848 ὑποζύ-

91 886 227 937 γιον
257 870 351 923 τοῦ
385 872 584 943 ἐχθροῦ
607 889 620 902 ·
653 874 749 925 καὶ
779 875 808 927 ὁ
854 872 999 940 Ἰὼϐ,
1029 875 1107 938 ὡς
1139 877 1402 946 ἐχόμενος
1451 877 1558 930 ἀπὸ
1591 895 1689 931 κα-

93 962 235 1024 κίας
284 963 436 1030 παρὰ
483 962 577 1015 τοῦ
623 964 760 1021 Θεοῦ
813 967 1203 1036 ἐμαρτυρεῖτο.
1253 968 1364 1021 Καὶ
1394 969 1420 1019 ό
1464 968 1685 1038 Ἰωσὴφ,

93 1053 239 1115 τοὺς
272 1053 593 1118 ἐπισούλους
638 1055 902 1125 ἀδελφοὺς
940 1058 1040 1111 οὐκ
1076 1058 1343 1135 ἠμύνατο.
1376 1060 1487 1135 Kal.
1523 1060 1688 1113 'A6s).

96 1145 306 1207 ἁπλῶς
353 1148 444 1200 καὶ
492 1148 820 1211 ἀνυπόπτως
885 1151 1278 1223 συνεπορεύετο
1338 1150 1415 1221 τῷ
1463 1152 1689 1219 ἀδελφο-

97 1237 293 1307 κτόνῳ
336 1239 494 1291 Κάῖν.
524 1239 637 1323 Kal
662 1240 881 1302 πάντως
900 1240 1088 1303 ἁπλῶς
1121 1243 1489 1313 ἁνακηρύττει
1516 1245 1548 1312 ἡ
1572 1242 1687 1295 θεοο

95 1325 273 1394 λογία
308 1328 435 1389 τοὺς
463 1331 520 1382 ἐν
554 1331 759 1402 ἀκακία
789 1332 1242 1402 πολιτευομένους
1276 1333 1486 1401 ἁγίους.
1519 1334 1687 1405 Φησὶν

91 1418 155 1469 δέ
186 1436 297 1481 τις,
332 1438 350 1471 ι
387 1423 480 1482 Ὃς
514 1421 941 1476 ἀνταποδίδωσιν
982 1424 1155 1477 κακὸν
1203 1426 1324 1479 ἀντὶ
1350 1425 1591 1492 ἀγαθῶν,
1623 1426 1685 1495 οῦ

95 1509 472 1578 κινηθήσεται
504 1506 653 1562 κακά
684 1512 747 1563 ἐκ
772 1508 1052 1581 τοῦΙοῖκου
1084 1513 1272 1567 αὐτοῦ.
1300 1533 1319 1564 ι
1365 1516 1472 1567 Kal.
1502 1515 1685 1578 πάλιν,

98 1617 121 1649 ι
147 1598 213 1652 '0
248 1598 429 1669 βαλὼν
445 1601 595 1654 λίθον
626 1604 707 1666 είς
736 1602 889 1670 ὕψος,
912 1605 1005 1658 ἐπὶ
1037 1605 1135 1673 τὴν
1162 1604 1404 1676 κεφαλὴν
1432 1605 1529 1676 τὴν
1562 1607 1687 1659 ἐαυ-

93 1691 198 1741 τοῦ
252 1691 459 1760 βάλλει.
492 1711 510 1743 ι
552 1695 683 1757 Καὶ,
715 1712 733 1745 ι
758 1694 815 1747 '0
834 1694 1081 1765 ὀρύσσων
1110 1695 1189 1765 τῷ
1221 1696 1436 1771 πλησίῳ
1468 1696 1682 1766 βόθρον,

95 1784 438 1850 ἐμπεσεῖται
466 1786 548 1847 είς
574 1786 758 1839 αὐτόν.
786 1806 802 1836 ι
832 1787 991 1849 Καὶ,ι
1022 1784 1080 1841 Ὀ
1114 1770 1277 1841 ἱστῶν
1299 1789 1528 1856 παγίδα,
1549 1787 1689 1842 ἀλώ-

90 1892 266 1928 σετοιι
304 1879 361 1929 ὲν
416 1878 578 1949 αὐτῇ,
610 1879 705 1931 καὶ
750 1879 995 1932 ποιοῦντι
1028 1880 1262 1952 πονηρὰ,
1287 1881 1375 1934 ἐπ’
1407 1868 1570 1935 αὑτὸν
1593 1899 1687 1934 κυ-

93 1965 447 2036 λισθήσεται.
475 1988 494 2019 ι
549 1969 606 2023 '0
630 1969 687 2039 δε
730 1952 1399 2043 Ἰερεμίας,.ὲντυγχάνων
1437 1972 1515 2043 τῷ
1545 1973 1683 2044 Θεῷ,

96 2059 251 2110 κατὰ
296 2059 389 2110 τὸν
435 2058 653 2129 Ἰσραὴλ
702 2059 849 2134 λέγει
877 2062 903 2089 ·’
949 2079 967 2111 ι
998 2062 1059 2113 Et
1104 2062 1525 2121 ἀνταποδίδοται
1566 2061 1688 2114 ἀντὶ

97 2149 331 2216 ἀγαθῶν
385 2152 553 2214 κακά,
613 2151 890 2221 μνήσθητι
945 2151 1021 2215 ὡς
1056 2152 1293 2224 ἐλάλησα
1330 2153 1473 2223 ὑπὲρ
1504 2152 1687 2206 αὐτῶν

98 2242 313 2307 ἀγαθά.
342 2260 361 2292 ι
400 2241 587 2304 Οῦτως
636 2244 663 2295 6
719 2241 948 2307 δὶκαιος,
998 2244 1195 2306 νυκτός
1241 2261 1302 2296 τε
1351 2245 1445 2297 καὶ
1469 2243 1687 2314 ἡμέρας

99 2334 253 2403 ὑπὲρ
299 2334 481 2386 αὐτῶν
517 2334 609 2386 τὸν
635 2334 768 2386 Θεὸν
798 2332 1073 2400 ὲξιλεοῦτο
1098 2349 1109 2362 ·
1144 2334 1265 2387 ὅθεν
1292 2336 1389 2388 καὶ
1419 2334 1567 2399 ἆπαξ
1593 2335 1688 2388 καὶ

98 2424 188 2485 δὶς
223 2425 458 2494 ἤκουσεν
499 2425 651 2495 παρά
691 2425 785 2478 τοῦ
823 2424 980 2489 Θεοῦ,
1011 2426 1092 2478 ὅτι
1126 2424 1203 2497 μὴ
1240 2414 1389 2492 ἁξίὸυ
1425 2426 1564 2496 ὑπὲρ
1589 2425 1683 2478 αὐ-

100 2515 240 2581 τῶν,
274 2514 353 2568 ὃτι
417 2535 435 2567 ι
468 2516 581 2567 Οὐκ
626 2516 1026 2586 είσακούσομαί
1082 2533 1208 2569 σου’
1266 2518 1419 2570 αὐτοὶ
1463 2516 1521 2569 δὲ
1570 2518 1691 2569 ἀντ-

99 2623 138 2675 η
149 2609 416 2676 μείψαντο
444 2608 629 2687 αὑτὸν,
656 2626 673 2659 ι
696 2608 1034 2679 χαλάσαντες
1055 2609 1217 2662 αὑτὸν
1239 2610 1293 2661 ὲν
1335 2608 1411 2679 τῷ
1442 2600 1689 2680 βορϐόρῳ

102 2700 205 2751 τοῦ
237 2699 468 2753 λάκκου.
509 2696 747 2753 Τοιαῦτα
781 2700 888 2770 γὰρ
915 2700 1004 2753 ἀεὶ
1049 2700 1159 2753 τῶν
1193 2700 1466 2754 Ἰουδαίων
1498 2700 1567 2755 τὰ
1596 2702 1690 2756 ἀν·

104 2785 539 2859 δραγαθήματα.
581 2792 689 2843 Καὶ
737 2791 936 2859 Ἰωσὴφ
977 2791 1056 2853 δὲ,
1093 2792 1152 2844 οὐ
1193 2791 1355 2861 μόνον
1408 2794 1509 2847 οὐκ
1545 2792 1690 2862 ἠμύ-

106 2898 241 2934 νατο
261 2884 381 2942 τοὺς
407 2882 671 2951 ἀδελφοὺς
688 2883 875 2947 αὐτοῦ,
902 2882 1036 2936 ἀλλά
1065 2883 1159 2936 καὶ
1189 2883 1452 2937 ἔκλαυσεν
1486 2885 1577 2938 ἐπὶ
1598 2884 1689 2938 τὸν

106 2971 384 3040 τράχηλον
406 2972 585 3023 αὐτῶν
612 2972 669 3037 ἐξ
695 2972 919 3041 ἀγάπης
937 2972 1159 3043 πολλῆς·
1190 2974 1283 3027 καὶ
1304 2973 1510 3044 ἔλεγεν,
1551 2994 1569 3027 ι

1789 517 1909 571 dire
1936 532 1966 569 a
1991 508 2107 569 Deo
2139 525 2575 583 promereamur,
2611 506 2763 577 quod
2801 511 2857 560 et
2893 503 2964 559 de
2995 503 3117 574 ipso
3151 503 3363 558 Davide

1790 606 2187 679 pronuntiavit.
2225 604 2345 657 viro
2389 599 2717 671 injuriarum
2750 595 3075 651 immemore
3110 610 3361 665 prorsus,

1788 713 1845 758 et
1869 716 1998 770 erga
2030 692 2285 754 inimicos
2314 708 2578 767 perquam
2602 692 2866 763 benigno,
2891 690 3158 744 nimirum
3187 687 3359 743 illud:

1797 814 1814 846 ι
1841 794 2035 847 Inveni
2125 790 2306 845 virum
2338 786 2641 843 secundum
2691 798 2787 839 cor
2819 798 3027 845 meum,
3065 781 3160 851 qui
3195 780 3365 835 faciet

1788 900 1982 939 omnes
2040 883 2354 935 voluntates
2407 878 2685 933 nteasi’n
2739 876 2809 930 Et
2858 890 2961 929 nos
3004 873 3173 943 igitur
3224 872 3360 926 tanti

1788 978 1977 1033 herois
2015 972 2298 1045 provocati
2353 971 2626 1038 exemplo,
2671 966 2928 1023 nonnihil
2973 965 3166 1021 auxilii
3216 978 3363 1032 prae-

1788 1081 1996 1127 stemus
2037 1084 2102 1122 ac
2150 1067 2518 1135 suﬂ‘ragemur
2555 1058 2731 1125 fratri,
2763 1076 2793 1113 a
2838 1074 2949 1129 quo
2983 1057 3361 1127 qualicunque

1788 1163 1989 1233 injuria
2031 1158 2233 1230 pulsati
2280 1171 2513 1212 sumus:
2546 1169 2616 1208 ne
2667 1152 2755 1207 vel
2801 1159 3049 1219 tempore
3093 1145 3363 1202 orationis

1788 1252 2087 1323 postulatio
2121 1249 2303 1304 omnis
2338 1254 2527 1302 nostra
2563 1242 2910 1314 repudietur,
2953 1255 3153 1308 resque
3198 1237 3361 1291 abeat

1788 1345 1843 1400 in
1882 1342 2161 1397 diversum
2211 1336 2376 1407 quam
2426 1335 2688 1405 petimus.
2720 1334 2888 1389 Jubet
2933 1333 3023 1387 lex
3071 1330 3360 1402 subjugale

1787 1434 2024 1491 animale
2054 1430 2265 1486 inimici
2305 1427 2623 1501 [ipsissimis
2660 1424 2849 1479 verbis
2886 1422 3078 1478 eadem
3132 1437 3363 1492 prorsus

1788 1523 2028 1596 Dionysii
2061 1516 2540 1591 Areopaepistola
2562 1514 2643 1588 8.]
2677 1515 2744 1587 (si
2779 1515 2894 1569 fors
2917 1512 3027 1567 labi
3053 1509 3359 1582 contingat)

1789 1614 2132 1686 ut‘proinde
2174 1612 2517 1668 subleves".
2568 1607 2672 1663 Job
2714 1604 3121 1679 testimonium
3168 1618 3199 1657 a
3248 1602 3363 1656 Deo

1788 1690 2074 1778 reportare
2115 1702 2446 1776 promeruit,
2493 1700 2642 1770 quod
2678 1713 2835 1754 suam
2876 1697 3058 1752 adhuc
3092 1695 3362 1749 retineret

1789 1816 1852 1858 ac
1885 1804 2139 1855 tueretur
2175 1794 2571 1849 innocentiam.
2594 1788 2799 1858 Joseplt
2841 1788 2909 1842 de
2940 1785 3208 1840 fratribus
3232 1784 3363 1838 nul-

1788 1891 1895 1945 lam
1931 1886 2198 1958 expetivit
2229 1885 2518 1949 ultionem,
2544 1886 2689 1952 'quos
2722 1879 2930 1950 alioqui
2962 1879 3091 1934 vita:
3133 1876 3366 1932 insidia-

1790 1993 1941 2039 tores
1973 1996 2087 2036 sua:
2121 1980 2301 2033 fuerat
2332 1992 2548 2047 passus.
2576 1964 2715 2039 Abel
2754 1962 2983 2026 amabili
3008 1969 3363 2039 simplicitate

1787 2075 2053 2148 praeditus
2088 2087 2194 2126 nec
2230 2070 2399 2125 ullius
2447 2068 2704 2136 suspicax
2741 2065 2798 2120 in
2834 2079 2893 2118 se
2929 2063 3166 2133 injuriae,
3194 2060 3363 2116 simul

1787 2180 1912 2224 eum
1946 2162 2233 2221 fratricida
2261 2159 2536 2218 concessit
2557 2158 2612 2213 in
2639 2171 2852 2227 agrum.
2880 2154 2939 2209 ιιι
2966 2167 3168 2225 genere
3195 2160 3363 2221 quot-

1787 2265 1923 2327 quot
1979 2262 2201 2309 Sanctus
2244 2244 2446 2327 divinat
2509 2246 2909 2303 concelebrant
2976 2244 3222 2305 Litterae,
3265 2256 3365 2298 eos

1788 2356 2046 2403 astruunt
2100 2362 2198 2415 per
2230 2324 2561 2398 innocentiae
2600 2339 2796 2394 callem
2842 2337 3009 2391 vitam
3055 2335 3363 2389 instituisse

1788 2454 1966 2497 suam.
2004 2437 2109 2491 Sed
2147 2444 2204 2489 et
2232 2449 2377 2488 unus
2418 2429 2621 2501 aliquis
2670 2430 2749 2483 ait
2783 2444 2797 2482 :
2857 2446 2874 2478 ι
2901 2425 3003 2493 Qui
3052 2422 3367 2479 reddiderit

1790 2509 1930 2584 maia
1981 2544 2082 2598 pro
2124 2525 2309 2591 bonis,
2357 2540 2467 2577 non
2522 2520 2893 2576 movebuntur
2936 2517 3076 2572 mala
3100 2516 3167 2570 de
3197 2516 3365 2568 domo

1788 2618 1991 2692 ejus“.
2021 2638 2038 2668 ι
2082 2618 2287 2672 lterum
2324 2634 2337 2669 :
2376 2614 2516 2681 «Qui
2553 2611 2688 2685 jacit
2714 2611 2952 2681 lapidem
2987 2610 3043 2662 in
3075 2607 3272 2670 altum,
3306 2606 3365 2659 in

1789 2724 1951 2764 suum
1979 2715 2145 2777 caput
2167 2706 2303 2776 jacit
2324 2706 2392 2760 ⁷⁸.
2419 2723 2436 2753 ι
2459 2703 2528 2757 Ει
2562 2720 2617 2755 :c
2646 2700 2747 2766 Qui
2770 2699 2909 2753 fodit
2941 2698 3152 2753 foveam
3180 2697 3367 2767 proxi-

1790 2815 1900 2873 mo,
1935 2797 2144 2851 incidet
2168 2797 2222 2849 in
2252 2796 2448 2857 cam".
2481 2813 2499 2843 ι
2535 2793 2601 2846 Et
2632 2810 2644 2844 :
2680 2810 2696 2841 ι
2720 2789 2823 2856 Qui
2856 2789 3048 2844 statuit
3079 2790 3362 2858 laqueum,

1790 2890 2039 2960 capietur
2063 2888 2116 2942 in
2141 2903 2232 2952 eo,
2263 2894 2319 2940 et
2347 2884 2440 2954 qui
2469 2883 2601 2937 facit
2636 2882 2799 2960 mala,
2832 2882 2887 2935 in
2912 2895 3038 2935 cum
3068 2878 3373 2933 devolven-

1792 2991 1884 3037 tur
1904 2982 1974 3034 ⁷⁸.
1999 3001 2017 3032 ι
2043 2979 2313 3036 Jeremias
2329 2991 2552 3047 quoque
2583 2974 2758 3028 Deum
2779 2956 3141 3041 interpellans
3168 2969 3367 3024 adver-

113 3061 397 3128 φοόεῐεθε,
448 3061 562 3136 ἐγὼ
613 3062 889 3133 διαθρέψω
939 3065 1142 3134 ὑμᾶς.»
1180 3063 1411 3135 Ἰδωμεν
1456 3066 1511 3119 τί
1544 3066 1688 3120 καὶὸ

1790 3089 1886 3130 sus
1922 3071 2091 3127 lsrael
2131 3070 2308 3129 dicit:
2353 3087 2371 3119 ι
2399 3066 2455 3122 Si
2497 3065 2812 3143 redduntur
2844 3077 2945 3133 pro
2992 3062 3153 3116 bonis
3199 3060 3367 3125 mala,

111 3154 278 3205 Δαυῖδ
328 3156 646 3224 ἐντυγχάνει
703 3155 781 3235 τῷ
838 3155 979 3225 Θεῷ’
1042 3155 1505 3227 ιΚύριε,ὁΘεός
1565 3175 1689 3229 μου,

112 3245 306 3313 φησιν,
348 3247 393 3297 εί
429 3246 663 3316 ἐποίησα
695 3246 879 3311 τοῦτο,
926 3248 975 3300 εί
1032 3248 1179 3300 ἔστιν
1222 3248 1405 3302 ἀδικία
1447 3251 1504 3302 ἐν
1534 3249 1692 3320 χερσί

115 3353 244 3405 μου,
280 3339 330 3389 εἰ
362 3337 718 3391 ἀνταπέδωκα
775 3341 889 3401 τοῖς
936 3338 1355 3391 ἀνταποδιδοῦσί
1390 3356 1483 3410 μοι
1517 3342 1689 3404 κακά,

111 3431 449 3499 ἀποπέσοιμι
506 3428 616 3500 ἄρα
680 3430 786 3482 ἀπὸ
834 3429 941 3482 τῶν
1008 3429 1217 3501 ἐχθρῶν
1268 3447 1372 3499 μου
1434 3430 1611 3493 κενός.
1665 3449 1685 3482 ι

118 3518 188 3572 -'0
246 3520 303 3572 δὲ
366 3523 568 3591 Πέτρος
607 3519 892 3592 παραινῶν
952 3519 1128 3589 λέγει·
1168 3539 1188 3571 ι
1213 3521 1305 3591 Μὴ
1348 3520 1693 3583 ἀποδιδόντες

114 3614 284 3665 κακὸν
332 3614 451 3665 ἀντὶ
512 3612 717 3675 κακοῦ,
773 3612 805 3682 ἢ
863 3612 1133 3684 λοιδορίαν
1199 3614 1324 3667 ἀντὶ
1379 3612 1688 3684 λοιδορίας*

115 3704 423 3756 τούναντίον
483 3704 539 3757 δὲ
577 3703 945 3770 εὐλογοῦντες,
994 3705 1076 3757 ὅτι
1121 3706 1201 3769 είς
1249 3705 1409 3758 τοῦτο
1451 3705 1687 3776 ἐκλήθη-

114 3811 198 3856 τε,
269 3795 353 3847 ἶνα
399 3795 647 3863 εὐλογίαν
722 3786 1231 3868 κληρονομήσητε.)
1294 3798 1409 3851 Καὶ
1464 3798 1493 3850 ὁ
1548 3799 1693 3852 Παῦ-

116 3886 243 3951 λος,
303 3908 322 3939 ι
354 3889 569 3958 Ὁρᾶτε,
628 3888 815 3957 φησὶν,
865 3889 939 3959 μή
981 3905 1065 3952 τις
1112 3888 1285 3942 κακὸν
1339 3890 1461 3943 ἀντὶ
1517 3890 1690 3944 κακοῦ

117 3995 224 4033 τινι
252 3979 458 4050 ἀποδῷ,
490 3978 629 4032 ἀλλὰ
666 3974 905 4032 ’πάντοτε
948 3978 1011 4032 τὸ
1055 3979 1261 4049 ἀγαθὸν
1310 3978 1556 4046 διώκετε,
1594 3982 1691 4035 καὶ

118 4073 197 4134 είς
252 4071 537 4140 ἀλλήλους,
595 4072 687 4124 καὶ
732 4072 814 4135 είς
875 4071 1105 4134 πάντας.
1135 4090 1155 4123 ι
1191 4072 1301 4125 Kal.
1334 4064 1525 4143 αὖθιςο
1558 4091 1576 4123 ι
1598 4071 1690 4144 Μὴ

119 4162 257 4215 νικῶ
287 4163 391 4215 ὑπὸ
439 4162 534 4215 τοῦ
579 4162 775 4229 κακοῦ,
820 4162 959 4217 ἀλλά
1001 4163 1129 4237 νίκας
1168 4165 1228 4216 ὲν
1260 4161 1337 4234 τῷ
1384 4163 1578 4233 ἀγαθῷ
1631 4162 1691 4218 τὸ

122 4255 313 4307 κακόν.
347 4274 364 4306 ι
416 4254 475 4306 '0
522 4254 577 4307 δὲ
615 4253 840 4324 Κύριος,
892 4272 911 4306 ι
949 4240 1229 4323 Ἀγαπᾶτε
1288 4255 1416 4315 τοὺς
1462 4255 1691 4324 ἐχθροὺς

122 4347 302 4416 ὑμῶν·
355 4346 537 4409 καλῶς
578 4350 786 4409 ποιεῖτε
832 4349 947 4409 τοῖς
1006 4346 1258 4415 μισοῦσιν
1309 4330 1690 4415 ὑμᾶς.Ἐύλοι-

121 4413 262 4505 γείτε
294 4440 422 4501 τοὺς
453 4438 876 4519 καταρωμένους
912 4413 1075 4508 ὑμᾶς.
1124 4437 1234 4491 Kal.
1260 4413 1406 4501 ὅστις
1441 4454 1499 4489 σε
1528 4437 1693 4507 ῥαπί-
1725 4413 1766 4468 θ

125 4548 204 4585 σει
249 4535 329 4594 εἰς
353 4532 451 4602 τὴν
493 4529 673 4595 δεξιὰν
711 4530 963 4598 σιαγόνα,
1001 4528 1232 4601 στρέψον
1275 4529 1425 4601 αὐτῷ
1462 4531 1557 4583 καὶ
1590 4529 1689 4601 τὴν

124 4625 306 4694 ἄλλην.
336 4624 449 4676 Καὶ
469 4622 547 4692 τῷ
578 4622 785 4675 θέλοντί
817 4639 901 4674 σοι
930 4622 1212 4693 κριθῆναι,
1255 4621 1355 4691 καὶ,
1373 4622 1464 4675 τὸν
1487 4620 1694 4692 χιτῶνά

127 4732 216 4768 σου
263 4715 467 4779 λαϐεῖν,
520 4700 657 4782 ἄφες
702 4711 852 4783 αὐτῷ
893 4712 1079 4767 καὶτὸ
1114 4712 1327 4782 ίμάτιόν
1358 4729 1473 4765 σου.
1501 4731 1521 4764 ι
1557 4711 1689 4777 Kal,

76 4830 81 4835 ·
131 4830 148 4860 ι
179 4809 241 4889 is}!
261 4794 344 4873 τις
379 4826 437 4861 σε
469 4808 794 4880 ἀγγαρεύσει
840 4802 1018 4875 μίλιον
1043 4805 1122 4869 ἓν,
1150 4804 1331 4873 ὕπαγε
1373 4807 1492 4876 μετ’
1525 4804 1691 4860 αὐτοῦ

125 4902 237 4954 δύο.
260 4921 276 4951 ι
313 4902 444 4963 Ka‘t,
482 4899 743 4952 ιΓίνεσθε
781 4898 1130 4969 οἰκτίρμονες
1162 4897 1259 4951 καὶ
1297 4897 1516 4962 τέλειοι,
1565 4896 1641 4960 ὡς
1666 4899 1696 4950 ὁ

129 4992 311 5063 Πατὴρ
357 4991 511 5061 ὑμῶν
566 4993 595 5044 ὁ
638 4991 911 5061 οὐράνιος.
938 5009 958 5042 ι
1011 4989 1171 5060 Αὐτῷ
1212 4989 1404 5060 ήδόξα
1442 4991 1522 5051 είς
1570 4989 1695 5052 τοὺς

129 5083 342 5146 αἰῶνας.
381 5083 575 5154 Ἀμήν.

1788 3163 2108 3226 recordare,
2158 3170 2366 3232 quanta
2408 3159 2639 3213 locutus
2687 3155 2791 3209 sim
2837 3168 2937 3223 pro
2975 3153 3057 3206 eis
3090 3152 3318 3205 bona".
3343 3170 3364 3203 ι

1788 3252 1942 3311 Adeo
1970 3256 2156 3327 justus
2187 3253 2299 3315 hic,
2338 3250 2568 3321 perdius
2599 3256 2655 3302 ct
2682 3260 2895 3316 pernox
2920 3244 3043 3299 istis
3075 3232 3155 3300 sic
3182 3243 3371 3312 ingra-

1791 3348 1862 3403 tis
1899 3347 2241 3402 exorabilem
2273 3344 2369 3399 Dei
2435 3341 2788 3399 clementiam
2857 3337 3122 3395 studebat
3182 3335 3373 3391 conci-

1787 3437 1949 3500 liare,
1980 3444 2039 3491 et
2069 3434 2295 3488 ﬂectere
2330 3432 2471 3485 iram
2501 3449 2515 3483 :
2553 3426 2768 3499 1110
2802 3426 2950 3483 unde
3008 3434 3066 3481 et
3114 3424 3282 3480 semel
3314 3431 3372 3478 et

1792 3525 2039 3591 secundo
2088 3523 2275 3578 divina
2320 3537 2457 3577 voce
2499 3521 2717 3589 accepit
2758 3532 3088 3589 responsum
3134 3532 3151 3569 :
3202 3512 3370 3569 rNoli

1792 3606 1966 3673 orare‘
1998 3632 2099 3686 pro
2148 3615 2250 3680 eis,
2286 3629 2393 3668 non
2447 3612 2597 3667 enim
2629 3610 2922 3665 exaudiam
2941 3618 2996 3663 te
3017 3609 3115 3661 ⁷⁸.»
3155 3603 3371 3675 Ecquid

1792 3708 2019 3765 tandem
2055 3705 2277 3777 excepit
2309 3704 2490 3775 dignae
2522 3700 2955 3756 retributionis?
2989 3698 3224 3769 Utrique
3258 3708 3371 3754 tam

1791 3801 1935 3857 bene
1976 3800 2044 3855 de
2088 3815 2148 3853 se
2188 3804 2495 3853 merentem
2538 3793 2887 3849 demiserunt
2924 3792 2981 3846 in
3010 3793 3189 3845 lacum
3229 3790 3373 3845 fetu-

1791 3894 2004 3948 lentum
2040 3905 2105 3945 ac
2150 3904 2309 3945 emno
2350 3886 2655 3942 madidum.
2680 3883 2814 3941 Haec
2854 3891 3126 3955 perpetuo
3152 3881 3374 3937 Judaaos

1791 3984 2049 4039 comitata
2098 3989 2185 4036 est
2223 3979 2367 4038 male
2416 3985 2573 4049 grata
2614 3976 2943 4042 strenuitas,
2985 3974 3068 4029 sic
3099 3988 3159 4028 se
3196 3973 3375 4027 fortes

1791 4074 2189 4146 praestiterunt.
2224 4070 2428 4139 Joseph
2479 4077 2750 4140 praeterea
2788 4067 2929 4122 adeo
2997 4065 3139 4120 nihil
3200 4064 3375 4119 inter-

1792 4165 2034 4219 minatus
2085 4171 2171 4217 est
2226 4159 2444 4215 ultricis
2464 4158 2725 4213 vindictae
2758 4156 3049 4219 fratribus,
3085 4161 3146 4208 ut
3171 4167 3374 4208 unum-
3436 4190 3445 4205 .

1794 4270 2071 4327 quemque
2109 4253 2433 4323 complexus
2466 4251 2724 4327 seorsim,
2764 4250 2908 4305 colla
2937 4249 3156 4302 illorum
3183 4246 3373 4316 opple-

1794 4348 1940 4403 verit
1968 4344 2290 4417 lacrymis"
2326 4361 2339 4397 :
2377 4350 2527 4398 tanta
2560 4357 2691 4412 erga
2721 4340 2849 4395 illos
2878 4337 3383 4411 liquescebatcha:

1798 4438 1981 4492 ritate.
2009 4435 2116 4492 Sed
2137 4443 2194 4490 et
2217 4434 2437 4490 dicebat
2464 4450 2477 4486 :
2515 4451 2533 4485 ι
2565 4433 2749 4489 Nolite
2780 4432 2994 4497 timere,
3026 4445 3128 4500 ego
3151 4442 3372 4499 pascam

1796 4530 1983 4585 vos".
2010 4548 2029 4580 ι
2071 4529 2215 4595 Quid
2258 4527 2495 4598 proinde
2540 4524 2841 4596 postularit
2874 4522 3102 4598 Davida
3118 4514 3254 4587 Deo,
3281 4535 3379 4576 ex-

1798 4620 2153 4692 pendendum
2206 4594 2355 4676 nunc
2388 4635 2400 4672 :
2440 4594 2731 4680 «Domine,
2766 4615 2915 4670 Deus
2976 4594 3153 4679 metus,
3188 4611 3235 4667 si
3266 4611 3372 4667 feci

1797 4712 1968 4779 istud,
1991 4713 2088 4777 ait,
2118 4712 2163 4768 si
2194 4723 2279 4768 est
2300 4711 2577 4782 iniquitas
2610 4710 2664 4763 in
2696 4709 2956 4764 manibus
2981 4707 3141 4770 meis,
3173 4706 3219 4761 si
3242 4705 3373 4760 red-

1798 4804 1914 4861 didi
1952 4803 2394 4860 retribuentibus
2422 4802 2558 4856 mihi
2594 4801 2759 4864 mala,
2792 4800 3042 4855 decidam
3088 4798 3282 4867 utique
3304 4796 3373 4853 ab

1801 4897 2041 4951 inimicis
2079 4895 2219 4950 meis
2267 4893 2528 4948 inanis".
2557 4911 2575 4943 ι
2616 4893 2813 4949 Petrus
2865 4893 2995 4946 item
3047 4889 3374 4951 admonens,

1799 4988 1876 5043 ait
1909 5007 1922 5042 :
1958 5007 1973 5034 σ
1998 4988 2118 5042 Non
2156 4986 2449 5041 rcddentcs
2494 4985 2696 5038 malum
2736 5000 2834 5054 pro
2877 4984 3041 5048 malo,
3074 4990 3170 5036 aut
3202 4980 3375 5035 male-

1801 5080 2008 5135 dictum
2041 5094 2141 5148 pro
2176 5078 2491 5138 maledicto.
2525 5077 2622 5132 sed
2654 5093 2684 5131 e
2718 5076 2997 5131 contrario
3037 5073 3376 5129 benedicen-

132 5180 242 5238 tes;
285 5176 411 5243 quia
460 5174 515 5226 in
553 5172 677 5227 -boc
732 5170 914 5226 vocati
964 5170 1118 5234 estis,
1150 5177 1212 5225 ut
1254 5166 1696 5224 benedictionem
1735 5167 2053 5223 haereditate
2120 5167 2575 5236 possideatis'°.'»
2638 5166 2841 5221 Paulus
2865 5165 3211 5220 etiamnum:
3244 5162 3379 5218 «γε.

130 5265 248 5321 dcte
280 5282 348 5320 ne
390 5267 515 5335 quis
559 5264 758 5319 malum
790 5280 891 5333 pro
936 5264 1099 5346 .malo
1131 5262 1345 5327 reddat,
1385 5261 1482 5317 sed
1546 5276 1763 5332 semper
1800 5261 1947 5331 quod
1977 5262 2182 5315 bonum
2216 5270 2323 5324 est,
2355 5261 2640 5315 sectemini
2662 5268 2718 5314 et
2747 5260 2801 5314 in
2823 5259 3057 5313 invicem
3082 5265 3145 5312 ct
3174 5258 3230 5311 in
3258 5271 3377 5311 om-

129 5358 306 5415 nes“.
338 5379 356 5409 ι
400 5358 641 5413 Rursum
673 5374 685 5409 :
721 5375 740 5412 ι
768 5358 891 5413 Noli
937 5345 1085 5412 vinci
1132 5372 1164 5411 a
1209 5358 1377 5422 malo,
1410 5355 1538 5419 .sed
1574 5356 1732 5412 vince
1768 5356 1822 5410 in
1858 5356 2005 5411 bono
2038 5355 2243 5410 malum
2266 5354 2332 5408 ⁶².
2361 5374 2378 5405 ι
2412 5353 2552 5420 Quid
2619 5351 2923 5408 Dominus?
2958 5370 2977 5401 ‹
3008 5350 3230 5420 Diligitc
3263 5345 3374 5403 ini-

202 5563 242 5594 "
274 5562 291 5616 Ι
323 5563 458 5632 Reg.
496 5577 610 5622 xm.
643 5561 729 5632 14ἔ
806 5562 851 5592 ⁷ο
873 5560 1046 5615 Exod.
1074 5577 1225 5632 mn,
1249 5560 1303 5619 4.
1334 5561 1387 5632 5.
1475 5560 1520 5593 τί
1551 5558 1688 5614 Prov

1790 5576 1892 5632 ιἰι,
1920 5559 2006 5632 1-5.
2092 5557 2138 5587 ⁷⁸
2166 5560 2514 5632 Prov_._xxvn_,
2538 5547 2625 5632 ‘2_7.
2714 5555 2759 5586 ⁷³
2792 5553 2928 5632 ibid.

625 5633 669 5663 ⁷⁸
697 5631 900 5685 Jerem.
932 5647 1078 5693 xvm,
1114 5630 1203 5684 9.0.
1278 5633 1324 5663 ⁷⁸
1352 5631 1557 5685 Jerem.
1584 5647 1655 5691 XI,
1688 5630 1771 5683 Μ.
1848 5630 1893 5661 ⁷⁷
1922 5628 2061 5683 Gen.
2101 5645 2250 5695 nm,
2285 5628 2374 5683 50.

625 5705 743 5753 'etr.
774 5716 852 5753 ιιι.
891 5700 943 5753 9.
1019 5702 1064 5733 ⁸¹
1098 5702 1117 5753 l
1150 5702 1344 5753 Thess.
1377 5718 1430 5753 v.
1468 5702 1549 5753 15.
1656 5703 1701 5733 ⁸¹
1733 5700 1890 5753 Rom.
1920 5715 2013 5753 xu.
2048 5699 2138 5753 9-1.

1780 5716 1890 5755 οιιι.
1920 5715 2013 5764 xu,
2048 5715 2138 5753 τι.

133 5649 289 5691 xxvu.
313 5632 402 5695 ‘29,
435 5632 522 5686 30.

137 5720 223 5768 vu,
252 5705 302 5767 4,
342 5705 390 5756 5.
480 5704 524 5733 3°
556 5700 743 5757 lPetr.
774 5716 852 5768 ιιι,
891 5700 943 5755 9.
1019 5702 1064 5733 ⁸¹
1098 5702 1117 5755 1
1150 5702 1344 5756 Thess.
1377 5718 1430 5765 v,
1468 5702 1549 5755 15.

3126 5552 3173 5583 ⁷⁸
3200 5550 3371 5607 Eccli.

2470 5626 2516 5658 ⁷⁸
2541 5628 2678 5682 Gen.
2708 5640 2831 5692 ην,
2875 5624 2929 5693 5,
2967 5623 3055 5678 il.
3146 5625 3189 5655 "
3226 5622 3370 5677 Psal.
