4030 6296
564 232 704 303 1595

1832 244 2200 307 ANTIOCHI
2240 246 2604 308 MONACIII'

3728 250 3874 316 1596

561 350 736 402 mices
792 355 1025 411 vestros,
1081 347 1387 407 benef-urite
1475 347 1562 404 his
1642 345 1737 418 qui
1797 349 2036 406 oderunt
2089 367 2206 416 vos,
2247 351 2563 408 benedicite
2607 353 3070 412 maledicentibus
3127 357 3703 432 vobis:quicnnque
3743 379 3867 433 pcr-

567 440 954 501 cusserittejn
976 441 1260 496 dexteram
1287 441 1583 508 maxillam,
1617 443 1801 513 praebe
1825 442 1878 498 ei
1911 452 1968 499 et
1995 445 2264 512 alteram;
2292 453 2349 500 et
2395 447 2447 502 ei
2493 447 2588 516 qui
2659 447 2776 502 vult
2828 456 3009 507 tecum
3078 453 3424 510 contendere
3467 454 3562 509 -in
3629 454 3863 526 judicia.

559 542 612 588 et
675 535 915 590 tunicam
970 544 1120 590 tuam
1176 535 1392 602 tollere,
1443 536 1660 592 dimitte
1702 537 1754 593 ci
1807 547 1866 594 et
1919 538 2147 608 pallium
2187 547 2343 594 tuum
2363 541 2431 594 ⁸⁸.
2465 561 2484 592 ι
2525 541 2595 595 Et
2657 559 2671 594 ε

2742 561 2760 594 ι
2789 540 2846 596 Si
2895 544 3022 614 quis
3061 547 3439 616 angariaverit
3501 557 3560 605 te
3629 549 3864 604 milliare

563 643 755 692 unum,
793 626 932 686 vade
981 642 1106 682 cum
1139 643 1208 684 eo
1235 636 1293 684 et
1327 629 1434 684 alia
1472 630 1581 685 duo
1620 631 1687 686 ⁸⁸.
1727 652 1746 683 ι
1783 633 1852 688 Et
1883 651 1896 686 :
1936 653 1954 684 ι
1981 633 2170 688 Estote
2212 633 2610 691 misericordes
2645 644 2702 691 et
2746 636 3006 706 perfecti,
3042 637 3188 695 sicut
3233 641 3402 698 Pater
3451 652 3656 699 vester
3701 643 3863 700 carie-

499 729 504 732 '
562 718 661 772 stis
679 727 748 772 υ.
772 737 792 771 ι
832 718 940 788 Ipsi
972 718 1144 788 gloria
1174 720 1232 773 in
1265 719 1490 776 saecula.
1525 719 1722 776 Amen.

1131 830 1416 888 HOMlLlA
1450 832 1586 888 ωηο

922 943 999 997 De
1025 946 1280 1000 memoria
1310 955 1537 1016 acceptus
1564 947 1798 1018 injuriae.

635 1057 904 1112 Absoluto
961 1069 1246 1130 utcunque
1305 1076 1578 1126 sermone,
1629 1061 1698 1117 de
1743 1077 1810 1116 eo
1853 1059 1999 1132 quod
2047 1071 2148 1132 pro

565 1149 712 1203 malo
755 1149 1073 1222 neutiquam
1123 1151 1539 1222 rependendum
1567 1153 1638 1208 sit
1663 1153 1888 1218 malum,
1919 1153 1986 1224 ad
2019 1169 2146 1210 eum

566 1241 1044 1304 transcendamus,
1085 1244 1180 1313 qui
1234 1247 1319 1299 est
1369 1244 1438 1309 de
1483 1247 1754 1300 memoria
1789 1231 2030 1316 accepta:
2059 1243 2149 1301 in-

559 1328 742 1398 jnriae.
767 1330 888 1384 Non
917 1333 1101 1396 modo,
1133 1331 1354 1401 fratres,
1390 1351 1498 1390 non
1526 1336 1792 1392 debemus
1829 1338 2150 1394 meminisse

566 1415 738 1474 ullius
780 1419 909 1474 mali
957 1436 988 1476 a
1039 1423 1454 1480 contribulibus
1498 1433 1596 1480 aut
1627 1423 1888 1482 affinitate
1915 1428 2149 1498 prepin-

565 1509 694 1578 quis
722 1513 970 1581 accepti;
1005 1511 1103 1568 sed
1130 1529 1200 1569 ex
1231 1513 1454 1570 diverso
1484 1517 1668 1571 cuncti
1705 1518 1940 1572 veniunt
1986 1517 2151 1574 Chri-

564 1600 744 1656 stiana
769 1602 1184 1674 longanimitate
1225 1603 1522 1674 tolerandi,
1551 1625 1618 1664 ac
1642 1608 1772 1664 mali
1800 1618 1988 1666 nostra
2021 1619 2150 1674 sunt

565 1691 896 1750 sublevandi
937 1694 1280 1768 benignitate
1307 1717 1320 1754 :
1342 1714 1447 1756 nec
1470 1705 1774 1773 utcunque,
1799 1712 1995 1758 Verum
2019 1721 2150 1776 erga

563 1785 706 1841 tales
749 1798 954 1845 nostra:
989 1789 1448 1862 conduplicemus
1485 1803 1814 1866 argumenta
1847 1795 2151 1852 liberalita-

565 1871 660 1944 tis,
689 1887 750 1934 ut
774 1879 861 1934 vel
889 1877 1109 1951 piorum
1139 1897 1370 1954 operum
1394 1879 1637 1941 eﬂicacia
1659 1901 1762 1942 nos
1781 1887 1932 1957 ipsos
1961 1887 2147 1944 decla-

562 1979 752 2024 remus
781 1969 1050 2041 ingenuos
1085 1968 1296 2028 Christi
1325 1989 1447 2030 esse
1490 1975 1798 2046 discipulos
1823 1995 1836 2030 :
1863 1978 1978 2049 ipse
1999 1979 2148 2033 enim

561 2055 824 2118 Christus
869 2063 922 2118 in
972 2062 1146 2120 malbs
1195 2076 1364 2138 atque
1428 2068 1656 2124 inutiles
1704 2085 1860 2126 suam
1907 2069 2148 2127 effundit

2852 836 3072 908 Aere);
3108 835 3237 892 Nl".

2599 946 2741 1017 Περὶ
2781 948 2888 1004 τοῦ
2912 950 2999 1020 μὴ
3025 953 3458 1020 μνησικακεῖν.

2321 1055 2426 1114 Τὸν
2463 1062 2593 1134 περὶ
2624 1062 2719 1116 τοῦ
2761 1062 2838 1134 μὴ
2868 1065 3265 1121 ἀνταποδοῦναι
3292 1071 3470 1122 κακὸν
3522 1072 3658 1124 ἀντὶ
3690 1075 3861 1128 κακοῦ

2250 1147 2409 1218 λόγον
2437 1151 2784 1217 τελέσαντες,
2829 1154 3178 1227 μετέλθωμεν
3209 1159 3305 1212 καὶ
3329 1161 3425 1224 εείς
3456 1162 3552 1234 τὴν
3585 1163 3691 1233 τῆς
3727 1182 3862 1234 pLV-1;.

2253 1241 2538 1308 σικακίας.
2593 1244 2667 1298 Οὐ
2707 1245 2875 1315 μόνον
2921 1243 3050 1318 γᾶρ,
3107 1247 3350 1318 ἀδελφοὶ,
3403 1231 3534 1306 οὐκΓ
3561 1231 3862 1326 ὀφείλομεν

2253 1337 2622 1406 μνησικακεῖν
2649 1337 2785 1399 ’τοῖς
2838 1339 3161 1408 ὁμογενέσιν
3185 1343 3283 1394 καὶ
3319 1345 3696 1415 ὁμοσάρκοις,
3727 1350 3862 1404 ἀλλὰ

2249 1424 2592 1492 τούναντίον,
2644 1425 3062 1500 Χριστιανικῶς
3102 1432 3416 1504 φερόμενοι,
3454 1438 3552 1489 καὶ
3597 1439 3862 1500 τοὺς-,κα-

2251 1517 2382 1580 κοὺς
2435 1516 2850 1587 ἀγαθύνοντες,
2893 1521 2994 1575 καὶ
3045 1523 3426 1591 ἐφαπλοῦντες
3496 1529 3592 1581 ἐπ’
3656 1533 3860 1596 αὖτοὺς

2251 1606 2454 1679 πολλὴν
2481 1608 2822 1694 ἀγαθοτητα,
2852 1611 2952 1668 καὶ
2975 1613 3382 1681 ἐπιδεικνύντες
3404 1617 3502 1672 διὰ
3531 1620 3654 1674 τῶν
3680 1622 3858 1694 ἔργων

2251 1698 2482 1762 ἑαυτοὺς
2515 1689 2814 1772 ἀληθινοὺς
2845 1701 3098 1775 μαθητὰς
3135 1705 3231 1760 τοῦ
3261 1708 3532 1779 Χριστοῦ,
3567 1713 3662 1765 ὅτι
3695 1689 3860 1778 alata;

2252 1789 2496 1858 χρηστός
2530 1789 2682 1842 ἐστιν
2722 1791 2819 1844 ἐπὶ
2847 1792 2976 1857 τοὺς
3018 1795 3294 1866 πονηροὺς
3341 1798 3439 1850 καὶ
3489 1799 3856 1872 ἀχαρίστους.

2251 1875 2444 1948 Οὕτως
2467 1879 2564 1934 οὖν
2606 1880 2702 1936 καὶ
2731 1882 2893 1953 ἡμεῖς
2928 1881 3242 1956 ὀφείλομεν,
3273 1888 3332 1940 ἑν
3371 1886 3579 1957 ἅπασι,
3619 1893 3770 1947 κατὰ
3801 1893 3857 1946 τὸ

2251 1969 2487 2024 δυνατὸν
2540 1973 2697 2040 ἡμῖν,
2754 1974 3102 2044 μιμήσασθαι
3145 1974 3238 2030 τὸν
3287 1976 3500 2049 Κύριον
3543 1982 3744 2050 ἡμῶν.
3796 1983 3858 2037 Et

2252 2058 2438 2114 τοίνυν
2473 2059 2855 2132 ἐπιθυμοῦμεν
2874 2061 2970 2116 τοῦ
2996 2053 3350 2134 μακαρισμοῦ
3378 2067 3576 2135 αὑτοῦ,
3603 2071 3671 2126 οὗ
3699 2073 3861 2142 μόναν

566 2148 986 2221 benignitatem.
1044 2151 1126 2210 Ad
1183 2170 1314 2214 eum
1365 2159 1593 2214 modum
1640 2160 1729 2231 pia
1791 2159 2146 2218 contentione

2256 2152 2351 2222 τὴν
2380 2153 2506 2206 κατ’
2531 2153 2819 2224 ἐνέργειαν
2861 2151 3033 2224 ὀργὴν
3079 2155 3320 2210 κωλῦσαι
3353 2157 3687 2230 ὀφείλομεν,
3721 2164 3860 2216 ἀλλὰ

563 2236 770 2296 imitari
805 2240 1101 2300 Dominum
1151 2247 1444 2311 debemus.
1475 2260 1755 2320 quatenus
1786 2253 1980 2310 sinunt
2017 2255 2154 2309 viri-

564 2337 704 2393 culae
730 2347 953 2394 nostrae.
994 2340 1138 2396 Sane
1165 2343 1344 2414 siqua
1385 2345 1620 2401 incessit
1665 2347 1868 2418 cupido
1899 2348 2159 2404 obtinen-

563 2423 648 2483 dae
677 2429 976 2501 aliquando
1000 2432 1386 2500 beatitudinis,
1415 2437 1536 2506 ejus
1576 2453 1802 2494 necesse
1825 2439 1897 2494 sit
1927 2439 2064 2494 iram
2095 2449 2157 2495 ut

563 2535 876 2584 arceamus,
899 2539 1012 2579 non
1049 2525 1117 2580 ab
1138 2541 1312 2596 opere
1359 2529 1559 2602 solum,
1596 2530 1692 2586 sed
1724 2546 1830 2585 nec
1856 2531 1912 2585 in
1949 2531 2152 2587 mentis

563 2611 907 2668 domicilium
938 2616 1184 2673 sinamus
1209 2619 1468 2676 alicunde
1495 2621 1761 2692 irrepere.
1791 2623 1980 2694 Neque
2007 2625 2156 2679 enim

565 2705 703 2757 tanti
728 2714 815 2759 est
839 2706 896 2759 in
919 2706 1040 2777 ipso
1079 2709 1528 2768 incandescentis
1559 2714 1652 2768 ine
1677 2714 1914 2770 articulo
1937 2714 2158 2772 frenare

561 2810 646 2858 os,
673 2810 776 2877 nec
809 2797 982 2851 ullum
1018 2798 1350 2870 depromere
1375 2803 1607 2859 verbum
1639 2807 1897 2876 concepti
1948 2807 2154 2864 furoris

562 2887 731 2943 index
761 2906 772 2942 :
806 2891 1016 2962 ιιι]
1046 2893 1242 2962 quanti
1282 2902 1367 2950 est
1398 2911 1706 2967 expurgare
1735 2913 1833 2952 cor
1874 2898 1945 2953 ab
1984 2900 2135 2954 omni

561 2990 803 3050 acceptae
837 2981 1056 3054 injuria:
1108 2984 1385 3042 inamoena
1419 2988 1488 3042 'et
1514 2988 1734 3042 insuavi
1774 2990 2064 3056 memoria,
2096 2997 2158 3046 ut

561 3084 633 3124 ne
663 3081 846 3126 tecum
888 3073 1158 3130 adversus
1183 3075 1410 3131 fratrem
1452 3077 1756 3148 quidpiam'
1778 3078 2034 3151 malignae
2063 3096 2158 3136 co-

561 3164 852 3234 gitationis
899 3166 1069 3222 tacita
1115 3179 1299 3224 mente
1342 3169 1628 3224 obverses.
1661 3169 1949 3242 Siquidem
1983 3187 2156 3228 evan-

561 3254 734 3324 gelica
765 3254 1018 3312 doctrina
1051 3272 1176 3312 cum
1220 3258 1416 3328 primis
1469 3259 1631 3330 jubet
1671 3259 1740 3315 ab
1791 3259 1978 3318 radice
2035 3277 2158 3333 pec-

561 3357 686 3404 cata
734 3350 1006 3406 exscindi.
1039 3351 1140 3407 Ira:
1189 3351 1340 3416 enim
1375 3352 1618 3408 radicem
1658 3369 1890 3424 prorsus
1918 3355 2174 3434 acorde-

562 3440 608 3495 si
653 3441 954 3506 excideris,
1001 3443 1112 3514 jam
1157 3459 1266 3498 non
1301 3443 1492 3510 odium
1535 3434 1665 3511 erit,
1700 3461 1812 3501 non
1844 3445 2054 3504 invidia
2080 3447 2152 3503 ad

2257 2246 2354 2297 καὶ
2381 2245 2483 2316 τὴν
2515 2245 2657 2299 κατὰ
2699 2245 2962 2301 διάνοιαν.
2997 2245 3136 2302 Οὔτε
3168 2249 3276 2320 γὰρ
3319 2237 3588 2306 τοσοῧτόν
3617 2253 3776 2308 ἐστιν
3803 2257 3858 2308 τε)

2259 2339 2485 2408 κρατεῖν
2530 2335 2627 2392 τοῦ
2675 2331 2949 2412 στόματος
2995 2341 3054 2393 ὲν
3077 2339 3257 2412 καιρῷ
3288 2339 3494 2411 θυμοῦ,
3524 2344 3630 2396 καὶ
3663 2346 3741 2414 μὴ
3767 2349 3856 2399 ὲκ-

2259 2431 2454 2501 φέρειν
2497 2432 2718 2503 ῥήματα
2766 2431 3012 2502 μανιώδη
3029 2447 3059 2483 ο.
3083 2432 3208 2486 ὅσον
3251 2431 3311 2486 τὸ
3359 2432 3705 2506 καθαρίζειν
3758 2437 3858 2506 τὴν

2257 2521 2485 2594 καρδίαν
2517 2522 2630 2578 ἀπὸ
2655 2511 3047 2595 μνησικακίας,
3072 2525 3166 2577 καὶ
3189 2523 3269 2594 μὴ
3297 2525 3684 2596 ἀναστρέφειν
3710 2529 3771 2581 ὲν
3792 2531 3855 2598 τῇ
3919 2526 3930 2536 ’

2256 2613 2474 2687 διανοίᾳ
2508 2614 2652 2668 κατὰ
2679 2614 2776 2669 τοῦ
2806 2613 3039 2686 ἀδελφοῦ
3077 2616 3351 2687 πονηροὺς
3379 2617 3720 2690 λογισμούς.
3747 2622 3855 2683 Τὰς

2261 2707 2416 2780 ῥίζας
2457 2705 2568 2778 γὰρ
2607 2707 2719 2762 τῶν
2765 2706 3194 2780 ἁμαρτημάτων
3221 2710 3602 2765 ὲκκόπτεσθαι
3635 2728 3854 2784 παραγ-

2256 2799 2439 2870 γέλλει
2474 2801 2507 2870 ή
2542 2799 2874 2871 εὐαγγελικὴ
2913 2799 3254 2855 διδασκαλία.
3293 2801 3408 2870 Τῆς
3434 2802 3605 2872 ῥίζης
3629 2805 3744 2876 γὰρ
3770 2808 3856 2860 ἐκ·

2257 2890 2526 2958 κοπείσης
2559 2888 2655 2941 τοῦ
2683 2887 2861 2959 θυμοῦ
2907 2889 3017 2943 ἀπὸ
3067 2889 3168 2959 τῆς
3203 2891 3452 2962 καρδίας,
3503 2891 3639 2948 οὗτε
3677 2897 3852 2965 μῖσος,

2257 2981 2381 3036 οὕτε
2425 2980 2623 3050 φθόνος
2667 2983 2749 3044 εἰς
2798 2979 2963 3052 ἔργον
3010 2981 3444 3054 προαχθήσεταιξ
3477 2984 3706 3058 Ὠσπερ
3765 2981 3854 3041 οὖν

2259 3071 2502 3137 σκοτίζει
2540 3069 2694 3142 ἥλιον
2741 3070 3058 3142 ὒποδραμδν
3103 3071 3287 3140 νέφος,
3326 3070 3510 3136 οὕτως
3549 3074 3688 3128 νοῦν
3707 3076 3856 3142 107t-

2259 3164 2397 3234 σμὸς
2445 3161 2838 3234 μνησικακίας.
2880 3161 2970 3217 Ἐν
3004 3165 3338 3235 μνησικάκῳ
3365 3163 3480 3236 γὰρ
3511 3165 3671 3238 ψυχῇ
3714 3168 3855 3221 ἁλώ-

2257 3269 2427 3331 graus;
2453 3253 3006 3325 κατασκηνὼσουσιν,
3053 3255 3238 3308 καῖεν
3273 3259 3681 3331 τεταραγμένῃ
3713 3278 3852 3330 καρ-

2255 3327 2346 3418 δίᾳ
2393 3345 2560 3418 θηρία
2618 3345 3019 3415 φωλεύσουσιν.
3054 3345 3166 3400 Καὶ
3215 3346 3404 3416 ὥσπερ
3441 3349 3593 3420 ἀνὴρ
3652 3327 3851 3422 ξεμνξδς

2256 3439 2602 3508 καταγώγιον
2631 3436 2856 3508 αἰσχρὸν
2879 3436 3095 3506 φεύγει,
3128 3434 3306 3502 οὕτως
3335 3440 3430 3494 καὶ
3454 3443 3484 3494 ὀ
3517 3441 3681 3508 Θεὸς,
3713 3461 3850 3512 μνη-

562 3549 704 3602 opus
743 3549 918 3604 usque
949 3535 1358 3605 progredietur.
1395 3537 1586 3610 Itaque
1617 3546 1679 3594 ut
1712 3536 2152 3596 radiosissimum

2261 3531 2486 3586 σίκακον
2527 3529 2791 3603 καρδίαν·
2821 3529 2914 3584 καὶ
2944 3528 3021 3610 ⁵ὃν
3070 3531 3273 3602 τρόπον
3315 3533 3530 3598 καπνὸς
3574 3523 3850 3607 ταράσσει

563 3625 697 3680 solis
722 3625 890 3697 jubar
931 3627 1362 3686 subtercurrens
1402 3631 1700 3686 obumbrat
1736 3637 1793 3687 et
1820 3629 2026 3688 occulit
2055 3649 2159 3689 nu-

563 3719 685 3782 bes,
716 3720 791 3774 ita
819 3732 874 3775 et
905 3721 1076 3776 menti
1120 3731 1328 3779 nostra:
1357 3723 1446 3778 vel
1477 3723 1594 3778 sola
1642 3732 1885 3794 acceptae
1939 3724 2158 3797 injuriae

562 3809 825 3882 cogitatio
889 3797 1116 3867 densam
1177 3814 1445 3882 oppandit
1493 3813 1806 3884 caliginem.
1859 3813 1920 3870 In
1971 3816 2156 3872 anima

561 3901 712 3958 enim
781 3903 862 3960 sic
944 3905 1125 3960 tenaci
1207 3907 1536 3978 injuriarum
1622 3906 1903 3963 insidiosa:
1959 3905 2156 3979 vulpes

561 4007 725 4047 suum
760 3994 865 4048 sibi
902 3993 1077 4066 ﬁgunt
1121 4005 1292 4068 atque
1337 3996 1684 4054 exazdificant
1731 3998 2028 4054 umbratile
2070 4007 2155 4054 ta-

563 4083 950 4153 bernaculum,
999 4087 1169 4155 inque
1251 4088 1525 4160 ejusmodi
1580 4088 1750 4152 corde
1803 4089 2148 4158 turbulento,

563 4185 823 4246 tanquam
858 4176 917 4232 in
948 4178 1167 4248 spelmis
1202 4179 1598 4237 retrusissimis
1648 4181 1984 4237 delitescunt
2016 4181 2152 4238 ferae

562 4265 854 4323 immanes.
887 4267 960 4324 Ut
988 4269 1226 4340 quisque
1255 4269 1391 4325 casti
1445 4270 1677 4341 pudoris
1710 4271 2148 4336 amantissimus,

563 4357 886 4429 longissime
933 4375 991 4416 se
1043 4361 1336 4418 submovet
1377 4363 1448 4418 ab
1481 4363 1808 4420 obsceno‘et
1839 4362 2033 4418 infami
2062 4363 2146 4418 di-

563 4451 836 4505 verticulo
887 4453 1265 4518 meretricum,
1297 4455 1370 4508 ita
1405 4469 1628 4525 quoque
1665 4455 1812 4510 Deus
1856 4469 1953 4508 cor
1985 4469 2151 4508 aver-

563 4551 718 4598 satur
747 4553 804 4597 et
833 4539 1044 4614 defugit
1076 4545 1196 4616 ejus
1223 4546 1314 4614 qui
1345 4545 1504 4600 fixius
1524 4546 1794 4601 memoria
1821 4555 1972 4610 tenet
2007 4545 2152 4614 irro-

563 4647 746 4706 gatam
778 4637 884 4693 sibi
915 4639 1196 4710 injuriam.
1219 4639 1700 4706 Quemadmodum
1734 4639 1922 4696 fumus
1956 4639 2150 4696 obtur-

564 4728 662 4784 bat
687 4740 744 4784 et
773 4731 1170 4786 circumfundit
1224 4731 1532 4802 quamlibet
1563 4733 1937 4802 perspicacem
1972 4732 2146 4788 aciem

562 4823 878 4889 oculorum,
907 4825 988 4878 sic
1016 4832 1072 4879 et
1105 4823 1380 4879 orationis
1408 4833 1657 4894 tempore
1699 4825 1964 4906 memoria
2013 4841 2146 4880 con-

2257 3622 2597 3693 ὀφθαλμοὺς,
2626 3619 2803 3686 οὕτως
2835 3621 3179 3692 μνησίκακος
3207 3623 3268 3675 ἑν
3300 3623 3486 3694 καιρῷ
3509 3625 3845 3700 προσευχῆς.

2269 3713 2620 3786 Ἀκούσωμεν
2649 3711 2744 3767 οὖν
2787 3714 2842 3768 τί
2886 3713 3200 3769 ἐντέλλεται
3227 3717 3362 3786 ἡμῖν
3386 3717 3457 3770 δι’
3497 3717 3727 3784 ἑαυτοῦ,
3753 3719 3852 3775 καὶ

2255 3804 2374 3860 τῶν
2395 3805 2602 3860 δούλων
2639 3805 2804 3874 αὐτοῦ
2848 3805 2878 3858 ὁ
2918 3807 3148 3877 Κύριος.
3183 3806 3498 3879 Τοιγαροῦν
3532 3809 3848 3885 διαμαρτύ-

2255 3917 2408 3972 ρεται
2439 3901 2630 3972 ἡμῖνρ
2664 3901 2956 3970 προφήτης
2991 3899 3292 3972 Ζαχαρίας,
3337 3902 3540 3973 λέγων,
3589 3925 3611 3957 ι
3635 3907 3850 3960 Κακξαν

2253 3991 2484 4058 ἕκαστος
2512 3991 2592 4064 τῷ
2629 3991 2846 4062 ἀδελφῷ
2883 3992 3048 4046 αὑτοῦ
3081 3993 3155 4066 μὴ
3185 3995 3610 4066 μνησικακείτω
3647 3999 3708 4051 ὲν
3733 4000 3849 4061 ταῖς

2255 4083 2502 4156 καρδίαις
2527 4082 2704 4154 ὑμῶν.
2737 4103 2756 4136 ι
2787 4113 2859 4124 -
2880 4103 2900 4136 ‹
2927 4085 3204 4148 Ἕκαστος
3224 4086 3328 4157 τὴν
3349 4087 3550 4140 κακίαν
3575 4087 3678 4142 τοῦ
3711 4089 3848 4159 πλη-

2253 4175 2369 4228 σίον
2412 4175 2578 4255 αὐτοῦ
2629 4175 2706 4255 μὴ
2755 4173 3062 4244 λογιζέσθω
3089 4176 3148 4229 ὲν
3176 4178 3302 4242 ταῖς
3319 4177 3586 4248 καρδίαις
3617 4179 3802 4250 ὑμῶν.
3827 4200 3844 4230 ι

2250 4263 2363 4320 Καὶ
2385 4266 2566 4332 ἄλλος,
2607 4284 2627 4318 ι
2657 4267 2753 4328 Ὃς
2789 4267 3147 4338 μνησικακεῖ,
3180 4267 3558 4338 παράνομος.)
3596 4268 3718 4323 Kal.
3746 4273 3850 4325 πᾶ.-

2248 4357 2352 4422 λιν,
2389 4375 2408 4408 ‹
2449 4357 2510 4410 Ὀ
2571 4355 2838 4428 κρύπτων
2880 4355 3107 4426 ἔχθραν,
3165 4357 3487 4427 συνίστησιν
3532 4358 3714 4416 δόλον.
3765 4362 3848 4414 Ἐν

2251 4448 2413 4503 παντὶ
2431 4445 2730 4518 ἀδικήματι
2745 4445 2821 4518 μὴ
2844 4447 3266 4520 μνησικακήσῃς
3276 4449 3370 4502 τὸν
3393 4449 3653 4522 πλησίον.
3669 4472 3688 4503 ι
3710 4453 3846 4506 Ἀλλ’

2254 4561 2275 4594 ι
2310 4543 2437 4596 Ἐὰν
2477 4539 2642 4613 πεινᾷ
2672 4543 2700 4595 δ
2728 4539 2924 4611 ἐχθρός
2987 4553 3106 4604 σου,
3153 4541 3321 4611 τρέφε
3384 4535 3586 4596 αὐτόν·
3623 4544 3724 4597 καὶ
3754 4547 3846 4597 ἐὰν

2247 4633 2398 4704 διψᾷ,
2412 4631 2598 4697 πότιζε
2620 4630 2803 4686 αὐτόν.
2819 4651 2837 4685 ι
2854 4627 2968 4685 Καὶ
2987 4628 3172 4698 πάλιν,
3202 4651 3222 4684 ι
3236 4633 3408 4703 Ἀφες
3423 4633 3488 4687 τὸ
3506 4633 3760 4704 ἀδίκημα
3774 4636 3846 4705 τῷ

2248 4725 2466 4798 πλησίῳ
2489 4719 2604 4780 σου.
2626 4723 2740 4778 Kal;
2764 4725 2890 4779 τότε
2931 4724 3218 4797 δεηθέντος
3244 4724 3339 4779 σοῦ
3365 4726 3424 4779 ai
3443 4727 3722 4797 ἁμαρτίαι
3759 4746 3844 4780 σου

2249 4816 2639 4886 λυθήσονται.)
2689 4814 2804 4868 Kal.
2849 4815 3084 4884 ἐπαγεισ
3137 4833 3157 4866 ι
3199 4815 3525 4886 Ἀνθρωπος
3569 4815 3845 4884 ἀνθρώπῳ

563 4915 809 4972 tumelia:
860 4924 1104 4970 mentem
1166 4931 1266 4971 sua
1326 4916 1655 4988 intemperie
1703 4901 1964 4990 exagitat.
1999 4917 2144 4986 Quid

2256 4884 2512 4978 συντηρεί
2561 4905 2756 4978 ὀργὴν,
2789 4904 2883 4960 καλ⁴
2920 4906 3074 4980 παρὰ
3089 4897 3240 4960 ’Θεοῦ
3280 4884 3442 4977 ζητεῖ
3467 4907 3643 4960 ἴασιν.
3676 4907 3844 4968 Avi-2h;

563 5009 754 5079 itaque
837 5007 1153 5078 faciendum
1216 5007 1378 5064 nobis
1459 5010 1785 5079 praescribat
1857 5011 2147 5085 Dominus,

562 5115 664 5171 per
689 5115 750 5156 se
788 5115 1034 5170 suosque
1075 5116 1288 5168 servos,
1319 5102 1532 5157 intenta
1573 5102 1950 5174 percipiamus
1991 5119 2148 5158 aure.

563 5188 624 5246 in
679 5191 881 5262 primis
931 5207 1035 5247 suo
1070 5192 1393 5249 testimonio
1434 5194 1812 5264 prrescriptam
1860 5193 2152 5249 confirmat

567 5284 905 5339 sententiam
963 5285 1258 5340 Zacharias
1297 5286 1568 5357 propheta
1623 5304 1636 5340 :
1694 5305 1712 5337 ς
1742 5285 2028 5352 Malitiam,
2079 5286 2156 5340 in-

568 5375 712 5444 quit,
747 5393 818 5431 nc
850 5377 1168 5432 meminerit
1215 5376 1597 5448 unusquisque
1645 5377 1918 5434 adversus
1969 5378 2155 5448 proxi-

571 5479 722 5520 mum
773 5483 936 5522 suum
994 5468 1048 5523 in
1103 5469 1372 5525 cordibus
1400 5471 1602 5525 vestris
1617 5469 1682 5524 3‘.
1715 5489 1733 5521 ι
1768 5469 1926 5525 Alius
1955 5469 2148 5526 eodem

2257 5001 2395 5070 σὰρξ
2442 4999 2540 5060 ὢν.
2569 4999 2824 5070 διατηρεῖ
2867 4999 3049 5075 μῆνιν..
3095 4999 3196 5052 καὶ
3243 4999 3327 5062 τίς
3377 4998 3694 5064 eamme:
3747 5000 3840 5062 τὰς

2257 5093 2536 5166 ἁμαρτίας
2571 5093 2768 5158 αὐτοῦ;
2797 5112 2816 5146 ι
2865 5093 2977 5148 Καὶ
3025 5092 3318 5164 ὲπιφέρειυ
3380 5093 3725 5166 «Μνήσθητι
3779 5095 3842 5147 vi

2259 5187 2466 5260 ἔσχατὰ
2513 5205 2633 5252 σου,
2685 5186 2786 5242 καὶ
2825 5186 3033 5241 παῦσαι
3077 5185 3451 5258 ὲχθραίνων.»
3519 5187 3640 5242 Καὶ
3672 5185 3839 5250 αὖθις,

2268 5301 2286 5334 ε
2323 5280 2591 5350 ’Δπόσχου
2625 5281 2734 5334 ἀπὸ
2775 5280 2980 5351 μάχης,
3013 5278 3108 5332 καὶ
3138 5277 3476 5342 ἐλαττώσεις
3501 5280 3835 5353 ἁμαρτίας.»

2264 5375 2374 5427 Καὶ
2403 5376 2429 5426 ὁ
2465 5371 2904 5446 Παροιμιαστὴς,
2941 5391 2960 5422 ι
2981 5371 3152 5434 Φόϐος
3177 5369 3413 5442 Κυρίου,
3450 5374 3608 5440 μισεί
3631 5371 3836 5432 κακίει.

2261 5468 2420 5540 ὕϐριν
2451 5485 2511 5522 τε
2559 5467 2656 5522 καὶ
2705 5464 3111 5536 ὑπερηφανεαν,
3171 5464 3268 5517 καὶ
3311 5462 3469 5528 ὀδοὺς
3519 5465 3830 5540 πονηρῶνΛ

675 5663 718 5693 ³³
755 5662 946 5716 Matth.
980 5681 1030 5729 γ,
1072 5667 1156 5730 59,
1191 5668 1276 5733 40,
1315 5669 1390 5720 Η.
1471 5669 1513 5698 ⁸³
1549 5669 1680 5723 ibid.
1714 5669 1799 5724 Η.
1904 5671 1948 5700 κδ
1977 5669 2109 5723 Luc.
2142 5685 2152 5712 π

2256 5668 2340 5722 36.
2421 5669 2464 5699 “
2495 5667 2659 5732 Zach.
2700 5684 2817 5724 vm.
2848 5668 2932 5720 l7.
