3916 6304
138 256 167 331 1
182 258 307 333 597

1208 256 1540 329 HOMlLlA
1582 254 1730 357 Liv.
1754 292 1822 306 —
1854 256 1952 332 DE
1990 256 2461 332 lNlMIClTIIS.

3316 252 3455 334 1598
3490 242 3493 243 ί

143 381 283 436 Καὶ
340 379 528 447 πάλιν,
579 400 598 433 ι
626 381 719 452 Μὴ
751 380 934 455 εἴπῃς,
968 368 1302 451 Ὃντρόπον
1351 381 1624 452 ἐχρήσατὸ
1654 398 1769 450 μοι,

1883 383 2139 452 respicrt:
2171 402 2189 433 σ
2217 382 2612 452 Unusquisque
2657 369 2925 437 malitiam
2977 378 3216 450 proximi
3265 381 3354 434 sui
3385 396 3459 437 ne

144 475 462 544 χρήσομαι
483 472 666 544 αὐτῷ·
693 472 748 544 ἢ,
780 472 1017 543 Τίσομαι
1067 470 1322 539 αὐτὸν,-ᾶ
1354 488 1420 541 με
1447 471 1756 540 ἠδίκησεν.»

150 564 289 618 Καὶ
346 560 524 630 αὖθις,
570 584 586 617 ι
615 566 707 636 Μὴ
735 564 927 635 εἴπῃς,
962 563 1199 634 Τίσομαι
1255 563 1348 616 τὸν
1397 563 1590 634 ἐχθρόν
1625 558 1761 633 μου·

153 659 291 711 ἀλλ’
361 640 656 727 ὑπόμεινον
707 658 798 711 τὸν
838 658 1049 728 Κύριον
1104 657 1191 711 ἵνα
1244 673 1328 710 σοι
1368 656 1635 727 βοηθήσῃ.
1680 657 1767 708 Ἐν

157 751 321 813 ὁδοῖς
354 752 464 821 γὰρ
510 749 857 820 δικαιοσύνης
901 749 1037 820 ζωὴ,
1073 748 1186 802 ὁδοὶ
1213 746 1271 801 δὲ
1306 747 1664 818 μνησικάκων
1689 748 1770 808 εἰς

161 843 480 897 θάνατον.»
516 844 623 896 Καὶ
656 847 683 896 ὁ
730 842 1020 917 Ἰάκωβος·
1069 861 1088 894 ι
1126 840 1480 910 ’Δποθέμενοι
1526 835 1618 892 οὖν
1669 840 1772 891 πᾶ-

167 954 281 990 σαν
327 936 626 1008 ῥυπαρίαν,
660 936 763 990 καὶ
820 934 1145 1006 περισσείαν
1202 933 1424 996 κακίας,
1484 933 1543 984 ὲν
1576 931 1772 1001 ,πραό-

167 1046 309 1099 τητι
356 1028 582 1094 δέξασθε
632 1029 726 1082 τὸν
783 1028 1033 1125 ἕμιρυτον¹
1090 1026 1270 1094 λόγον,
1334 1023 1634 1093 δυνάμενον
1664 1021 1773 1073 σῶ-

177 1134 277 1174 σαι.
302 1122 405 1184 τὰς
435 1120 612 1190 ψυχᾶς
664 1120 840 1191 ὑμῶν,
868 1113 913 1175 ἰ,
935 1120 997 1173 '0
1031 1119 1090 1172 δὲ
1128 1116 1362 1179 Παῦλος,
1401 1135 1419 1166 ι
1446 1114 1539 1186 Μὴ
1587 1113 1775 1169 παιδία

174 1213 409 1282 γίνεσθε
446 1216 568 1276 ταῖς
608 1215 792 1283 φρεσὶ,
825 1212 959 1266 ἀλλὰ
985 1214 1051 1282 τῇ
1084 1210 1255 1280 κακίᾳ
1275 1207 1595 1278 νηπιάζετε.
1623 1220 1641 1257 t
1666 1205 1775 1258 Φύέ

174 1320 381 1373 γωμεν
415 1301 528 1369 οὖν,
552 1302 803 1372 ἀδελφοὶ,
825 1304 888 1357 τὸ
913 1303 1156 1373 ὀλέθριον
1183 1303 1356 1364 πάθος
1377 1302 1487 1368 τῆς
1507 1306 1775 1370 μνησικαει-

178 1396 336 1458 κίας,
373 1395 460 1448 ἵνα
512 1396 586 1466 μὴ
642 1395 1064 1467 ἁπαλλοτριὼσῃ
1111 1395 1258 1463 ἡμᾶς
1312 1392 1413 1460 τῆς
1460 1391 1599 1461 πρὸς
1645 1391 1777 1445 Θεὸν

183 1484 546 1554 παρρησίαςδ
594 1485 656 1537 οὐ
698 1484 807 1554 γὰρ
834 1485 1127 1554 ³τολμήσει
1170 1500 1275 1548 τις,
1304 1499 1480 1536 νοσων
1520 1483 1682 1534 τοῦτο
1717 1480 1778 1533 τὸ

180 1577 412 1646 νόσημα
461 1576 560 1646 τῆς
618 1578 1014 1647 μνησικακίας,
1046 1576 1406 1651 παραστῆναι,
1438 1574 1517 1645 τῷ
1557 1573 1676 1642 Θεῷ
1722 1575 1785 1625 ὲν

186 1668 412 1738 καθαρᾷ
460 1670 762 1738 προσευχῇ.
820 1658 1108 1729 Κωλύεται
1150 1668 1261 1738 γᾶρ
1309 1666 1402 1719 ὕπ’
1460 1663 1624 1717 αὑτοῦ
1679 1662 1774 1717 τοῦ

1870 472 2125 543 cogitetis
2150 473 2206 526 in
2236 471 2498 527 cordibus
2513 470 2716 534 vestris
2736 472 2804 523 ετξ
2836 489 2855 522 ›
2884 469 3100 524 Rursus
3126 486 3142 524 :
3165 487 3183 519 ι
3209 468 3315 534 Qui
3336 484 3453 524 mc-

1869 563 2030 616 minit
2050 552 2287 633 injuriae,
2311 563 2537 633 iniquus
2557 560 3050 627 “alterumziQui
3079 560 3323 614 occultat
3346 557 3458 613 lni-

1870 650 2157 720 micitiam:
2208 655 2502 710 concinnat
2549 655 2831 719 dolum”;
2869 654 2929 708 in
2979 653 3129 708 omni
3167 652 3460 724 iniustitia,

1869 763 1943 802 ne
1960 749 2037 801 sis
2062 763 2274 805 memor
2296 736 2757 819 ihjnrimproximi
2778 748 2859 813 9°;
2891 764 2910 797 ›
2934 744 3029 801 sed
3052 763 3095 798 τι
3125 746 3182 800 Si
3201 744 3462 800 esurierit

1872 840 2043 894 frater
2070 848 2216 901 tuus.
2239 840 2360 897 ciba
2388 840 2575 907 illum;
2597 840 2643 896 si
2670 840 2808 902 sitit,
2838 848 3029 909 potum
3061 838 3129 892 da
3148 838 3280 892 ei".
3306 856 3325 888 ι
3349 838 3417 891 Et
3446 857 3458 891 :

1882 952 1899 983 ‹
1921 928 2146 987 Dimitte
2177 933 2437 1004 injuriam
2476 934 2749 1004 proximo,
2776 940 2831 989 et
2864 946 2996 987 tunc
3021 932 3352 1000 deprecante
3386 937 3461 993 te,

1873 1031 2102 1092 peccata
2134 1030 2225 1077 tua
2254 1025 2540 1079 solventur
2556 1020 2625 1080 θ’.
2656 1044 2673 1077 ι
2704 1024 2971 1079 ΔῙιιάιιοὶιε
3006 1043 3023 1074 ι
3047 1023 3224 1077 Homo
3252 1021 3463 1075 homini

1876 1121 2169 1168 conservat
2194 1114 2353 1180 iram,
2374 1123 2431 1170 et
2448 1131 2476 1171 a
2501 1116 2613 1171 Deo
2625 1116 2824 1186 quaerit
2847 1113 3118 1170 medelam
3134 1112 3315 1167 ?Ta1is
3335 1126 3464 1165 caro

1877 1218 2002 1257 cum
2052 1204 2144 1266 sit,
2179 1213 2424 1260 reservat
2452 1206 2625 1272 iram;
2656 1213 2713 1261 et
2737 1206 2864 1276 quis
2886 1202 3210 1275 prOpitiahit
3241 1208 3465 1272 peccata

1830 1362 1831 1365 η
1878 1296 2029 1350 illius
2044 1296 2128 1349 "?
2156 1316 2175 1347 ι
2207 1296 2415 1351 infert:
2448 1316 2466 1349 ι
2491 1297 2769 1353 Memento
2797 1296 3253 1356 novissimorum,
3283 1302 3340 1347 et
3368 1291 3466 1345 de-

1878 1388 1999 1442 sine
2027 1387 2324 1450 inimicari,
2350 1389 2566 1444 abstine
2591 1390 2760 1454 alite,
2786 1398 2839 1444 ct
2866 1389 3086 1444 minues
3117 1395 3341 1454 peccata
3358 1382 3423 1435 οἳ.
3440 1402 3458 1433 ι

1879 1481 2261 1534 Paroemiastes
2289 1499 2302 1532 :
2333 1499 2351 1530 ‹
2371 1479 2558 1534 Timor
2576 1480 2791 1534 Domini
2814 1478 2934 1533 odit
2948 1476 3247 1537 .malitiam,
3264 1481 3464 1528 contus

1881 1573 2120 1635 meliam,
2167 1572 2502 1641 superbiam,
2525 1579 2582 1626 et
2600 1571 2721 1626 vias
2745 1558 3040 1641 pravorum
3057 1569 3126 1622 ⁸⁸.
3148 1587 3166 1620 ι
3205 1565 3417 1620 Rursus
3447 1573 3463 1617 :

1891 1661 1996 1716 «Ne
2015 1662 2219 1717 dixeris
2240 1679 2254 1719 :
2276 1661 2563 1729 Quomodo
2578 1663 2708 1719 fecit
2729 1663 2885 1720 mihi.
2908 1662 3104 1717 faciam
3122 1659 3174 1715 ei
3192 1675 3313 1729 quzc
3329 1656 3465 1711 mihi

188 1757 429 1828 Κυρίου,
462 1757 734 1824 λέγοντος,
790 1772 808 1808 ι
847 1756 974 1810 Ἐὰν
1021 1756 1342 1826 προσφέρῃς
1378 1755 1439 1808 τὸ
1464 1754 1637 1822 δῶρόν
1672 1770 1768 1806 σου

1883 1753 2006 1811 fecit
2057 1755 2346 1824 injuste".
2387 1774 2407 1806 ι
2438 1754 2542 1809 Et:
2585 1774 2603 1806 ι
2632 1755 2713 1810 Ne
2756 1755 2966 1809 dixeris
3011 1746 3353 1806 :Vindicabo
3378 1762 3466 1802 me

189 1847 289 1905 ἐπὶ
352 1850 414 1903 τὸ
470 1849 884 1921 θυσιαστήριον,
931 1848 1092 1900 κάκεῖ
1141 1844 1402 1917 μνησθεὶς
1460 1838 1543 1897 ὅτι
1596 1843 1709 1914 ἔχει
1748 1846 1777 1897 ὁ

1883 1845 1950 1901 de
1979 1846 2211 1917 inimiCo
2265 1861 2426 1913 meo;
2466 1847 2562 1902 sed
2618 1848 2831 1903 sustine
2882 1845 3203 1911 Dominum,
3240 1849 3304 1897 ut
3364 1840 3467 1895 tibi

188 1941 425 2008 ἀδελφός
456 1940 550 1993 σού
583 1957 638 1993 τι
679 1940 824 1993 κατὰ
856 1938 975 2001 σοῦ,
1006 1938 1146 2008 ἄφες
1197 1940 1315 1990 ἐκεῖ
1346 1934 1407 2003 τὸ
1455 1937 1629 2008 δῶρόν
1684 1946 1778 1988 σου

1883 1936 2179 1991 auxilietur
2195 1939 2240 1970 ’⁷
2267 1954 2282 1991 ι
2311 1938 2367 1992 in
2398 1937 2503 1993 viis
2524 1939 2674 1994 enim
2696 1939 2949 2010 iustitiae,
2973 1936 3117 2003 vita;
3145 1935 3250 1989 viae
3278 1930 3466 1988 aute’m

193 2032 511 2101 ἔμπροσθεν
557 2031 653 2083 τοῦ
703 2031 1118 2101 θυσιαστηρίου,
1140 2028 1248 2093 ,καὶ
1300 2029 1502 2097 ὕπαγε,
1564 2027 1778 2095 πρῶτον

1886 2030 2362 2095 reminiscentium
2384 2014 2641 2102 injuriae,
2674 2031 2740 2086 ad
2772 2039 3006 2085 mortem
3029 2029 3097 2081 ³⁸.
3129 2046 3148 2079 ι
3180 2024 3421 2083 Jacobus
3448 2040 3467 2077 :

190 2123 520 2194 διαλλάγηθι
568 2106 647 2193 τῷ
691 2122 908 2192 ἀδελφῷ
939 2139 1057 2187 σου,
1105 2121 1203 2174 καὶ
1232 2121 1357 2177 τότε
1396 2119 1569 2174 ἐλθὼν
1612 2118 1778 2190 πρόσδ-

1892 2138 1911 2173 t
1940 2118 2291 2191 Deponentes
2320 2120 2491 2193 igitur
2524 2135 2743 2178 omnem
2765 2120 3173 2177 immunditiam
3194 2124 3252 2173 et
3273 2116 3468 2171 abun-

194 2232 329 2284 φερε
364 2216 426 2269 τὸ
450 2214 627 2286 δῶρόν
653 2220 766 2268 σου.
799 2232 818 2266 ι
849 2210 1012 2284 Αὐτῷ
1040 2213 1225 2284 ἠδόξει
1265 2215 1347 2278 εἰς
1386 2211 1516 2276 τοὺς
1554 2210 1778 2274 αἰῶνας.

1884 2213 2132 2269 dantiam
2154 2215 2398 2281 malitim,
2441 2216 2496 2270 in
2549 2199 2974 2271 mansuetudine
3027 2210 3297 2281 suscipite
3326 2207 3464 2262 insi-

206 2308 407 2377 Ἀμήν.
722 2290 769 2332 4‘
1163 2332 1175 2339 -
1314 2372 1317 2375 η

1887 2312 2003 2358 tum
2021 2305 2250 2360 verbum
2274 2307 2418 2376 quod
2442 2309 2629 2376 potem
2652 2308 2866 2362 salvare
2891 2305 3104 2361 animas
3119 2308 3336 2356 vestras
3356 2299 3457 2354 θ’.»

194 2399 402 2454 Paulus
454 2398 587 2454 item
627 2417 640 2452 :
684 2416 702 2450 ‹
732 2398 912 2454 Nolite
958 2392 1119 2468 pueri
1174 2394 1314 2452 είΗοί
1358 2395 1638 2462 sensibus,
1679 2392 1774 2451 sed
1816 2390 2135 2454 innocentia
2156 2401 2371 2469 parvuli
2397 2400 2633 2456 estote‘.
2665 2419 2683 2451 ι
2718 2397 2846 2454 Haec
2907 2399 3093 2467 itaque
3151 2394 3464 2465 perniciosa

200 2494 564 2565 perturbatio,
602 2495 882 2549 memoriae
933 2508 1131 2561 nempe
1174 2490 1492 2546 retentricis
1542 2490 1894 2563 iniuriarum,
1929 2492 2112 2557 nobis,
2164 2492 2406 2559 'fratres,
2479 2506 2812 2565 magnopere
2877 2492 3103 2549 vitanda
3165 2500 3268 2554 est,
3296 2499 3358 2544 ut
3395 2506 3467 2545 ne

201 2603 305 2642 nos
333 2602 363 2641 a
393 2586 594 2641 fiducia
620 2586 898 2641 abalienct
924 2600 1090 2654 quam
1128 2600 1249 2654 erga
1284 2584 1455 2638 Deum
1487 2566 1779 2638 habemus.
1817 2584 2008 2654 Neque
2044 2585 2195 2641 enim
2250 2587 2346 2656 qui
2388 2587 2497 2649 hoc,
2537 2592 2768 2657 :egrotet
2827 2601 3029 2657 genere
3076 2582 3278 2648 morbi,
3353 2574 3467 2637 Deo

202 2694 263 2736 se
298 2679 445 2734 ausit
470 2687 805 2749 praesentare
839 2693 964 2733 cum
1010 2679 1328 2747 sinceritate
1367 2676 1659 2741 orationis,
1702 2691 1825 2732 .nec
1859 2679 2009 2733 enim
2066 2687 2268 2749 potest.
2308 2680 2520 2750 1112
2593 2680 2883 2735 Dominico
2932 2680 3141 2734 etenim
3196 2678 3289 2733 illo
3336 2692 3469 2746 prae-

204 2778 364 2841 cepto
412 2778 704 2825 revocatur
761 2779 816 2825 et
868 2778 1134 2836 arcetur:
1177 2789 1195 2820 ι
1232 2769 1289 2824 Si
1342 2768 1511 2823 offers
1574 2785 1776 2824 munus
1814 2777 1968 2825 tuum
2013 2779 2143 2826 ante
2186 2772 2386 2836 altare,
2455 2780 2512 2827 et
2567 2772 2644 2826 ibi
2704 2770 3030 2826 recordatus
3076 2769 3269 2831 fueris,
3337 2768 3467 2837 quia

204 2859 374 2916 habet
408 2861 617 2931 aliquid
650 2860 821 2917 frater
865 2868 994 2917 tuus
1029 2862 1322 2919 adversum
1370 2870 1444 2927 te,
1511 2862 1763 2932 relinque
1829 2864 1905 2919 ibi
1972 2878 2178 2921 munus
2214 2874 2373 2921 tuum
2408 2876 2535 2921 ante
2564 2862 2772 2931 ’altare,
2803 2872 2861 2919 et
2900 2865 3039 2920 vade
3086 2864 3246 2934 prius
3278 2873 3338 2916 ut
3375 2875 3469 2915 re—

205 2950 514 3009 concilieris
555 2952 715 3009 fratri
764 2962 880 3019 tuo,
923 2962 978 3010 ct
1034 2959 1168 3010 tunc
1207 2954 1304 3010 ubi
1353 2944 1609 3023 redieris,
1646 2954 1787 3011 oli‘er
1813 2972 2017 3013 munus
2041 2961 2262 3013 tuum’.
2286 2976 2306 3010 ι
2337 2958 2445 3029 Ipsi
2484 2958 2657 3029 gloria
2685 2956 2743 3011 in
2772 2956 2993 3013 saecula.
3016 2955 3220 3023 ,Amen.

798 3056 1018 3123 ΛΟΓΟΣ
1056 3067 1179 3125 ΝΔί

585 3170 725 3253 Περὶ
766 3182 874 3237 τοῦ
909 3182 997 3253 μὴ
1046 3184 1408 3259 ἐχθραίνεινι

279 3295 353 3349 Τὸ
383 3293 690 3368 ἐχθραίνειν
741 3297 1056 3369 ἀνθρώποις
1095 3296 1390 3366 ὁμοφύλοις
1445 3296 1540 3351 καὶ
1581 3296 1783 3366 6y.an-

208 3402 373 3454 στοις,
424 3388 686 3460 ἀθέμιτον
731 3390 829 3443 καὶ
881 3388 1224 3458 ἀνάρμοστον
1261 3390 1378 3447 τοῖς
1425 3384 1785 3456 φοϐουμένοις

205 3479 298 3535 τὸν
333 3481 494 3546 Θεὸν,
539 3481 636 3534 καὶ
675 3480 1175 3549 ἐπαγγελλομένοις
1201 3479 1539 3533 θεοσέὸειαν.
1587 3468 1645 3532 Ὅ
1676 3479 1784 3550 γὰρ

207 3572 340 3636 Θεὸς
395 3571 596 3643 ἔχθραν
635 3564 741 3624 οὒκ
782 3571 1181 3641 ἐνομοθέτησεν
1230 3570 1566 3641 ἀνθρώποις,
1624 3572 1673 3623 εί
1709 3569 1784 3642 μὴ

214 3663 373 3733 μόνον
416 3662 556 3732 πρὸς
578 3662 675 3715 τὸν
712 3661 859 3730 ὅφιν,
886 3662 1060 3731 ἤγουν
1106 3661 1245 3732 πρὸς
1293 3662 1383 3714 τὸν
1420 3659 1688 3714 δι”αύτοῦ
1726 3661 1785 3727 ἐξ

207 3753 382 3826 ἀρχῆς
425 3754 807 3824 ἀπατήσαντα,
841 3753 940 3806 καὶ
967 3752 1309 3820 ἐξαγαγόντα
1350 3754 1415 3807 ἐκ
1455 3751 1786 3822 παραδείσω

207 3848 299 3900 τὸν
349 3846 661 3918 ἄνθρωπον,
717 3846 1170 3918 ἀνθρωποκτόνον
1226 3832 1507 3900 διάϐολον(
1549 3845 1788 3916 Ὁμοίως

209 3937 267 3992 δὲ
293 3937 386 3992 καὶ
416 3936 726 4009 ὲχθραίνειν
771 3934 1232 4008 προσετάχθημεν
1259 3936 1372 4005 τοῖς
1406 3934 1783 4005 Μαδιηναίοις,

212 4030 510 4097 τουτέστιν,
549 4031 671 4094 τοῖς
691 4028 1025 4100 ἀκαθάρτοις
1067 4027 1505 4097 πνεύμασινντῆς
1530 4026 1789 4098 πορνείας

212 4119 305 4172 καὶ
343 4117 660 4187 ἀσελγείας,
705 4119 820 4181 τοῖς
857 4116 1177 4189 σπείρουσιν
1220 4116 1351 4180 τοὺς
1395 4116 1666 4186 πονηροὺς
1694 4115 1788 4169 καὶ

2462 3066 2749 3123 HOMILIA
2788 3062 2922 3122 LIV.

1986 3170 2304 3240 Inimicitias
2330 3176 2385 3238 in
2422 3180 2629 3238 nullum
2657 3196 2873 3253 prorsus
2897 3178 3129 3234 exerceri
3158 3177 3361 3234 debere.

1951 3297 2171 3354 Infense
2201 3306 2366 3368 atque
2400 3296 2704 3355 inimiciter
2733 3292 2996 3366 persequi
3020 3307 3193 3346 unum
3227 3290 3471 3360 aliquem

1882 3389 1978 3459 qui
2002 3390 2101 3444 tibi
2126 3391 2197 3447 sit
2240 3390 2593 3457 contribulis,
2623 3396 2721 3444 aut
2755 3389 2885 3443 fidei
2916 3402 3177 3458 germana
3224 3400 3475 3440 commu-

1883 3480 2050 3535 nione
2067 3481 2391 3545 laederetur,
2417 3481 2692 3536 nefarium
2705 3495 2958 3551 prorsus,
2988 3495 3091 3535 nec
3112 3479 3213 3534 ulli
3235 3493 3473 3534 consen—

1887 3578 2108 3626 taneum
2156 3572 2253 3641 qui
2301 3572 2476 3627 Deum
2549 3578 2830 3636 vereatur,
2895 3587 3067 3642 seque
3089 3585 3160 3627 ex
3219 3569 3474 3640 professo

1885 3664 2063 3720 cultui
2092 3665 2281 3720 divino
2318 3663 2670 3734 manciparit.
2700 3664 2893 3732 Neque
2919 3665 3068 3718 enim
3098 3664 3247 3719 Deus
3284 3662 3473 3719 inimi-

1885 3754 2049 3809 citias
2068 3754 2169 3809 ulli
2218 3753 2509 3808 hominum
2555 3755 2899 3809 exercendas
2937 3768 3036 3807 sua
3084 3752 3269 3808 sanxit
3329 3754 3474 3824 lege,

1884 3854 2252 3917 praeterquam
2298 3843 2569 3899 adversus
2602 3843 2760 3898 illum
2806 3842 3145 3899 homicidam
3190 3842 3476 3898 diabolum

1885 3938 1981 4008 qui
2009 3937 2130 4004 ipso
2163 3935 2350 3992 statim
2387 3935 2550 3995 initio
2592 3935 2747 3991 orbis
2775 3935 2988 3991 conditi
3024 3933 3311 3988 hominem
3338 3933 3475 3990 illici

1885 4029 2162 4087 lenocinio
2192 4031 2497 4083 inescatum
2523 4027 2768 4098 decepit,
2798 4020 2966 4097 atque
2987 4026 3130 4081 adeo
3155 4025 3474 4095 deceptum,

1874 4120 2205 4177 ammnitate
2225 4120 2411 4191 exegit
2460 4119 2726 4190 paradisi.
2780 4118 2947 4174 Haud
3004 4134 3169 4175 secus
3206 4118 3478 4189 iubemur

214 4212 471 4283 βεϐήλους
506 4202 805 4282 λογισμοὺς
854 4212 935 4272 είς
987 4211 1090 4280 τὴν
1135 4208 1388 4278 καρδίαν.
1425 4208 1666 4274 Τούτους
1715 4209 1778 4280 δὴ

1885 4211 2212 4267 Madianitas
2261 4211 2538 4267 exsecrari
2570 4219 2629 4266 et
2654 4211 2863 4277 odisse,
2915 4210 3477 4281 nimirunrimpuros

213 4305 356 4378 πάσῃ
374 4358 385 4377 __
405 4305 634 4375 δυνάμει
683 4303 991 4375 ὲχθραίνειν
1036 4302 1134 4357 καὶ
1179 4302 1647 4374 ἀποστρέφεσθαι,
1697 4304 1778 4359 ἴνα

1886 4302 2012 4358 illos
2033 4302 2263 4371 spiritus
2285 4296 2673 4357 fornicationis
2696 4288 2864 4372 atque
2891 4302 3201 4358 omnifarite
3223 4302 3478 4357 libidinis

216 4392 289 4465 μὴ
319 4394 545 4465 ἐχθροὺς
575 4394 722 4464 ἡμᾶς
749 4393 1052 4463 ποιήσωσιν
1083 4390 1176 4445 τοῦ
1212 4391 1349 4446 Θεοῦ
1393 4394 1459 4446 ἐκ
1510 4393 1610 4463 τῆς
1644 4395 1778 4464 πρὸς

1885 4394 2238 4459 incentorcs,
2281 4393 2380 4463 qui
2435 4394 2723 4464 improbas
2754 4394 3126 4465 cogitationes
3184 4403 3241 4449 et
3279 4393 3474 4449 nimis-

215 4486 405 4548 αὐτοὺς
434 4484 662 4554 φιλικῆς
704 4484 945 4555 ὁμιλίας,
979 4486 1121 4539 κατὰ
1163 4486 1225 4539 τὸ
1268 4484 1578 4558 εἰρημένον,
1614 4484 1778 4555 «Duxi

1891 4500 2053 4559 quam
2119 4485 2389 4541 obscenas
2441 4485 2599 4556 quasi
2649 4486 2866 4540 semina
2912 4485 3179 4542 cordibus
3238 4486 3476 4542 inseruit

214 4573 337 4637 τοὺς
386 4572 682 4643 μισοῦντας
731 4590 815 4637 σε,
872 4572 1064 4646 Κύριε,
1104 4575 1367 4646 ἐμίσησα,
1401 4573 1500 4629 καὶ
1548 4574 1643 4627 ἐπὶ
1670 4577 1778 4638 τοῖς

1888 4580 2119 4651 nostris.
2149 4579 2260 4634 Hos
2292 4594 2395 4648 pro
2433 4578 2582 4633 virili
2610 4579 2871 4648 portione
2900 4586 2963 4633 ut
2993 4577 3204 4644 oderis,
3247 4592 3475 4634 necesse

216 4666 422 4738 ἐχθροῖς
457 4682 550 4718 σου
580 4665 952 4736 ὲξετηκύμηνς
985 4665 1192 4721 τέλειον
1229 4668 1386 4738 μῖσος
1432 4654 1658 4737 ἑμίσουν
1686 4665 1778 4719 αὐ-

1888 4669 1984 4736 sit,
2014 4685 2221 4741 eosque
2247 4670 2495 4726 declines
2525 4682 2694 4740 quam
2746 4669 3026 4734 ocissime,
3052 4668 3350 4740 nequando
3370 4682 3477 4724 nos

158 4751 189 4816 ελ
217 4759 354 4824 τοὺς,
391 4759 470 4822 εἰς
500 4757 728 4829 ἐχθροὺς
759 4757 1014 4825 ἐγένοντό
1048 4773 1160 4829 μοι.
1192 4776 1212 4810 ι
1241 4757 1389 4826 Πρὸς
1417 4757 1474 4812 δὲ
1495 4756 1785 4828 ἄνθρωπον

1890 4760 2129 4816 reddant
2161 4761 2369 4817 invisos
2402 4763 2514 4817 Deo
2541 4777 2640 4832 per
2676 4761 2952 4830 impuram
2987 4776 3115 4816 cum
3152 4760 3293 4830 ipsis
3327 4774 3469 4814 con-
3548 4764 3560 4771 ‘

216 4850 276 4903 οὐ
308 4848 411 4919 χρὴ
444 4848 647 4919 ἐχθρὰν
677 4848 857 4919 ἔχειν·
894 4849 1137 4921 μάλιστα
1170 4848 1305 4920 περὶ
1352 4849 1560 4921 ζημίας
1594 4865 1785 4921 σωμα-

218 4940 389 5010 τικῆς,
442 4940 476 5010 ἦ
509 4940 867 5005 καταλαλιᾶς,
911 4940 1231 5012 ἢιῦὁρεως,
1276 4942 1311 5014 ἢ
1363 4942 1467 4996 ὅσα
1514 4941 1784 5013 τῷ,αίῶνι

216 5032 381 5104 τούτῳ
405 5032 659 5105 ἁρμόζει.
688 5034 763 5088 Οὐ
793 5034 903 5106 χρὴ
932 5033 1001 5087 δι’
1028 5033 1168 5088 αὐτὰ
1194 5033 1451 5105 ἀπεχθῶς
1479 5034 1784 5097 διακεῖσθαι

219 5125 345 5195 πρὸς
383 5125 824 5196 τὸνὸμὸφυλον,
859 5125 1000 5180 ἀλλὰ
1046 5125 1249 5198 μᾶλλον
1301 5126 1671 5199 εὐχαριστεῖν,
1702 5126 1787 5178 ὅτι

220 5216 460 5287 πρόξενοι
510 5218 643 5289 ἡμῖν
692 5217 935 5285 γίνονται
986 5216 1289 5288 σωτηρίας.
1328 5217 1394 5283 Ἡ
1450 5219 1561 5289 γὰρ
1590 5216 1784 5283 κακία,

220 5312 310 5379 τῆς
336 5311 433 5380 μὲν
467 5311 548 5375 εἰς
592 5310 726 5363 Θεὸν
777 5311 1079 5381 συναφείας
1133 5310 1467 5382 ἀπέστησεν,
1522 5311 1620 5364 καὶ
1661 5310 1788 5373 τοὺς

220 5398 530 5471 ἀνθρώπους
584 5401 839 5472 ἀλλήλων
884 5402 1190 5471 διέστησεν.
1258 5402 1476 5472 Ταύτην
1532 5396 1627 5455 οὖν
1681 5401 1788 5473 πρὸ

285 5520 329 5573 ⁸⁵⁷
352 5542 519 5596 Eccli.
551 5558 658 5607 xix,
694 5542 776 5596 l0.
852 5544 896 5576 ⁸⁸
917 5544 1084 5598 Eccli.
1107 5562 1160 5609 χ,
1188 5544 1241 5598 ϐ.
1316 5544 1360 5576 ⁸⁸
1385 5544 1528 5598 Psul.
1557 5559 1698 5598 xux.
1720 5543 1806 5598 l9.

225 5611 263 5641 δ’
290 5611 415 5665 ibid.
456 5614 509 5677 5,
544 5616 596 5668 Il.
699 5612 743 5643 9s
769 5613 907 5667 ibid.
949 5615 1002 5677 8,
1039 5614 1125 5669 10.
1221 5615 1266 5645 ³⁵
1304 5614 1465 5668 Prov.
1496 5630 1604 5670 vm.
1644 5614 1726 5667 15.

1889 4852 2251 4909 ﬂictationem
2274 4863 2331 4908 et
2365 4854 2690 4917 amicitiam,
2723 4855 2877 4923 juxta
2913 4852 3246 4908 sententiam
3284 4851 3470 4907 illam:

1897 4964 1916 4997 ι
1941 4946 2138 5001 Nonne
2169 4946 2265 5016 qui
2295 4946 2537 5001 oderunt
2575 4955 2648 5012 te,
2676 4946 2929 5010 Domine,
2959 4944 3207 5012 oderam,
3232 4950 3288 5000 et
3305 4958 3474 5013 super

1888 5036 2146 5093 inimicos
2177 5046 2304 5092 tuos
2354 5038 2708 5099 tabescebam
2733 5038 2756 5091 ?
2779 5036 3033 5093 Perfecto
3075 5036 3208 5092 odio
3245 5035 3471 5091 oderam

1883 5128 2032 5193 illos,
2068 5128 2279 5186 inimici
2321 5128 2453 5185 facti
2489 5137 2620 5185 sunt
2658 5129 2794 5184 mihi
2821 5129 2855 5161 ’³
2881 5168 2894 5180 .
2931 5148 2949 5180 ι
2979 5128 3259 5183 Adversus
3288 5135 3474 5182 autem

1884 5220 2373 5291 alium'quemvis,
2418 5222 2604 5276 locum
2654 5222 2872 5276 nullum
2931 5220 3109 5291 habet.
3156 5212 3473 5278 inimicitia.

1888 5310 2198 5380 prtesertim
2238 5310 2284 5367 si
2317 5311 2387 5367 de
2425 5311 2628 5368 damno
2663 5313 2847 5385 agitur
2877 5313 3175 5384 corporali,
3197 5312 3267 5368 de
3289 5312 3472 5367 detra-

1890 5402 2099 5467 ctione,
2138 5403 2227 5459 vel
2291 5404 2657 5469 contumelia,
2697 5413 2795 5459 aut
2835 5418 3184 5475 quaecunque
3249 5402 3472 5459 tandem

1881 5544 1927 5578 ὀ
1948 5544 2117 5598 Eccli.
2150 5560 2205 5607 x,
2230 5543 2283 5597 6.
2360 5544 2401 5575 ἰ
2429 5543 2587 5598 Prov.
2623 5560 2745 5607 xxv,
2765 5544 2854 5598 2|.
2932 5546 2978 5575 θ’
3007 5544 3175 5599 Eecli.
3212 5557 3394 5597 χχι-ιιι.
3415 5540 3466 5591 ‘2.

1831 5613 1877 5646 "
1904 5616 2061 5668 I‘rov.
2096 5631 2239 5676 xvlv,
2277 5614 2364 5667 Ξῖ).
2444 5615 2487 5644 ³⁷
2516 5615 2678 5669 Prov.
2711 5613 2901 5680 xx,.‘2‘2.
2980 5616 3023 5647 9“
3049 5616 3208 5669 Prov.
3245 5629 3338 5673 xu,
3378 5610 3464 5663 ‘23.

227 5681 391 5735 "Jac.
436 5684 585 5748 1,2l.
669 5685 681 5714 ²
718 5683 734 5736 l
770 5683 894 5737 Cor.
926 5701 1035 5751 xlv,
1068 5685 1157 5738 20.
1233 5687 1252 5715 '
1286 5685 1474 5737 Matth.
1538 5701 1584 5747 ν,
1615 5684 1703 5747 ‘25,
1738 5685 1825 5739 ill.
1907 5686 1924 5716 ³
1949 5686 2088 5739 Psal.
2126 5701 2379 5751 cxxxvm,
2408 5685 2609 5751 21,222.
