3916 6304
136 297 285 367 1609
813 313 1139 377 HOMILIA
1178 321 1390 380 LVIII.
1430 347 1494 357 --
1534 321 1898 385 AFFLICTO
1938 328 2092 388 NON
2135 329 2705 399 INSULTANDUM.
3241 350 3368 414 161ζῖ

127 414 354 483 στόλου,
400 419 462 471 οὐ
499 421 661 489 μόνον
704 423 759 477 δὲ
811 427 871 479 τὸ
903 429 1232 501 ἐπιχαίρειν,
1268 434 1380 487 ἀλλ’
1411 436 1532 489 οὐδὲ
1561 437 1664 489 ὅλω

129 504 363 534 ιυ...ζ-.ι.
413 508 701 534 £...._-_.!_..
759 516 773 534 1
820 517 845 534 Α
906 517 919 534 ρ
1123 524 1173 534 ..-
1274 525 1285 534 .
1404 526 1428 534 ..
1634 527 1656 534 ._

1766 441 2119 524 .emplastro,
2160 446 2583 514 pedimedetur.
2617 452 2902 522 Siquidem
2948 473 3117 513 unum
3173 476 3375 534 corpus

126 504 364 560 ἀκούειν
411 508 703 582 δυστυχίαν
748 516 1059 589 ἀνθρώπου.
1115 524 1176 575 Ol
1228 525 1336 594 γὰρ
1374 526 1546 589 οὕτως
1590 527 1664 580 τῶ

126 596 397 624 --.ΑΛ--.η
435 603 689 624 ι..-,ρ.ι-.ην
722 608 734 624 ο
832 608 843 622 ο
1078 612 1103 624 .-
1203 615 1215 624 .
1292 612 1306 624 ι
1504 616 1523 624 Α
1546 618 1558 624 -

1892 504 1909 509 -
2105 504 2113 508 .
2160 504 2178 514 .
2632 504 2902 522 -.τη-ν---
2951 504 3117 513 -.......
3175 504 3371 534 νων...

1804 546 2015 600 sumus,
2048 514 2186 590 nihil
2207 539 2388 594 minus
2410 552 2838 601 consentaneum
2872 550 3070 605 rationi
3093 553 3184 617 sit,
3210 569 3371 624 quam

121 596 397 653 τοιούτων
426 603 690 673 ῥημάτων
711 608 1025 676 ἀκούοντες,
1045 612 1145 681 τῆς
1167 612 1375 680 οἰκείας
1394 616 1664 685 προθέσεω

2002 596 2009 600 ,
2872 596 3070 605 __---...
3093 596 3184 617 -.η
3210 596 3371 624 νη...

1804 636 1972 677 unum
2026 627 2247 697 aliquod
2269 634 2519 701 corporis
2562 637 2868 692 membrum
2928 642 3075 710 quod
3121 646 3372 701 nonnihil

123 690 264 753 τοὺς
287 695 540 763 καρποὺς
576 701 872 768 τρυγῶσιν.
898 704 1009 757 Kal
1055 706 1130 775 μὴ
1156 707 1344 777 νόμιζε
1378 709 1561 763 πᾶσαν
1589 704 1664 763 θλί

1801 690 2345 783 θΐαίοιειυτίιιιιὺετθ
2367 690 2608 790 derisui,
2637 742 2699 782 ac
2728 690 2961 797 proinde
2997 733 3176 789 eidem
3200 736 3375 791 insul-

118 777 220 847 ψιν
268 783 338 834 δι’
375 785 655 856 ἁμαρτίαν
688 791 1016 862 ἐπέρχεσθαι
1047 799 1159 859 τοῖς
1193 798 1501 869 ἀνθρώποις
1524 817 1537 830 ’
1564 802 1664 853 εἰσὶ

2105 777 2114 783 _
2392 777 2395 778 ν
2429 777 2441 778 ,
2638 777 2696 782 η
2728 777 2958 797 ,_-_--_-
2999 777 3176 789 mw...
3200 777 3371 791 ...ουν

1801 812 1936 860 tare.
1986 809 2176 866 Potius
2217 814 2372 869 enim
2412 819 2783 874 conveniebat
2814 822 2894 875 sic
2935 823 3134 879 misere
3168 827 3371 884 afﬂicto

117 867 239 938 γάρ
273 887 415 935 τινες
462 875 890 945 εὖαρεστοῦντες
921 884 1014 936 καὶ
1043 867 1454 956 πειραζόμενοι”
1482 889 1664 942 ἀσεϐεῖ

117 961 231 986 -.ιρ
264 965 353 986 --.Α
389 964 511 986 κη-..
562 985 567 986 ,
616 970 628 986 ι
683 969 707 986 δ
817 972 873 986 Α.
1144 976 1193 986 .Δ
1291 982 1300 986 -
1512 980 1522 986 .
1640 984 1657 986 -

1800 893 1890 962 pio
1921 902 2319 967 compassionis
2340 904 2540 961 ati‘ectu
2571 908 2913 966 indolescere
2968 920 3024 968 et
3060 920 3369 986 congemis-

116 961 237 1031 γὰρ
263 965 359 1016 καὶ
381 964 574 1035 ἄνομοι
612 969 1101 1043 ὲκδιωχθήσονται.
1144 976 1416 1043 Ὡσαύτως
1438 980 1534 1033 καὶ
1569 1000 1588 1033 ‹
1627 984 1690 1035 Οἱ

117 1054 376 1118 εὐσεϐῶς
413 1056 662 1123 θέλοντες
691 1062 793 1132 ζῇν
833 1065 891 1115 ἐν
937 1065 1179 1137 Χριστῷ,
1218 1067 1633 1139 διωχθήσονται,
1673 1092 1691 1124 ι

114 1141 311 1206 καθὼς
362 1147 458 1199 καὶ
511 1149 617 1201 ὑπὸ
670 1152 766 1204 τοῦ
819 1156 1230 1225 Παροιμιαστοῦ
1290 1158 1692 1230 παιδευόμεθαο

112 1232 262 1300 φησὶ
294 1234 422 1306 γὰρ,
466 1256 485 1289 ι
530 1239 654 1293 Ἐὰν
693 1243 835 1314 πέσῃ
874 1246 901 1296 6
940 1245 1132 1317 ἐχθρός
1165 1265 1279 1312 σου,
1318 1248 1392 1318 μὴ
1426 1250 1694 1321 ἐπιχειρῇς

109 1320 293 1390 αὐτῷ.
339 1324 427 1376 Ἐν
455 1325 512 1378 δὲ
545 1327 619 1397 τῷ
651 1330 1083 1401 ὑποσκελίσματι
1122 1335 1287 1388 αὐτοῦ
1329 1337 1404 1406 μὴ
1437 1339 1691 1407 ἐπαίρου.

111 1410 335 1479 μήποτε
370 1414 534 1486 ἐπίδῃ
567 1418 800 1488 Κύριος,
834 1422 930 1474 καὶ
968 1424 1067 1477 οὐκ
1111 1425 1283 1495 ἀρέσῃ
1316 1427 1483 1496 αὐτῷ.
1526 1447 1545 1481 ι
1581 1430 1693 1481 Kal

104 1499 292 1554 ταῦτα
329 1503 426 1572 μὲν
446 1505 576 1576 περὶ
606 1509 824 1580 ἐχθροῦ.
861 1512 991 1577 Καὶ,
1032 1532 1049 1564 ι
1106 1515 1161 1568 '0
1191 1517 1492 1587 ἐπικαίρων
1521 1520 1690 1573 ἀπολ-

102 1592 337 1663 λυμένῳ
386 1597 488 1648 οὐκ
534 1597 951 1671 ἁθωωθήσεται.
1001 1622 1019 1654 ι
1058 1604 1166 1657 Kal
1196 1606 1380 1673 πάλιν,
1415 1626 1433 1658 ι
1465 1600 1601 1663 Οὖαὶ
1638 1613 1687 1664 οἱ

101 1683 535 1755 εὐφραινόμενοι
584 1688 684 1742 ἐπὶ
716 1696 941 1758 κακοῖς,
991 1696 1087 1748 καὶ
1126 1698 1409 1767 χαίροντες
1436 1698 1531 1754 ἐπὶ
1560 1702 1677 1755 δια-

1796 1000 1946 1054 cere,
1998 991 2153 1059 juxta
2226 993 2471 1063 Apostoli
2515 1000 2764 1055 verbum.
2811 1003 2925 1058 [\ec
2961 1005 3141 1059 solum
3178 1002 3370 1064 alie’na:

1795 1076 2099 1135 iufelicitati
2127 1083 2500 1143 insultandum
2528 1106 2635 1145 non
2670 1102 2774 1157 est,
2795 1094 2889 1148 sed
2914 1111 2982 1150 ne
3004 1098 3117 1151 ullo
3148 1099 3366 1167 quidem

1793 1178 1953 1237 pacto
2000 1173 2294 1233 calamitati
2355 1178 2549 1234 aliena":
2597 1182 2880 1238 insultanti
2960 1188 3368 1243 commodandm

1792 1273 1956 1314 aures
2023 1273 2170 1318 sunt.
2234 1266 2337 1332 Qul
2381 1271 2554 1326 .enim
2602 1280 2708 1327 tam
2757 1277 2854 1329 toti
2906 1278 3249 1347 propendent
3298 1280 3363 1333 ad

1790 1351 2165 1409 exaudiendas
2203 1357 2506 1414 delationes
2531 1364 2824 1430 ejusmodi,
2858 1369 2943 1421 sui
2963 1369 3073 1439 jam
3094 1370 3361 1440 propositi

1788 1438 2122 1497 vindemiant
2166 1444 2402 1503 fructus.
2447 1451 2610 1520 Atqui
2655 1454 2821 1509 nolim
2865 1438 3042 1525 putes,
3093 1438 3363 1530 quidquid

1787 1531 2028 1587 adversae.
2052 1543 2105 1589 et
2127 1535 2401 1594 afﬂictivae
2428 1542 2507 1596 rei
2529 1545 2801 1616 contingit
2822 1547 3142 1606 hominibus
3163 1553 3361 1606 ascribi

1787 1615 2013 1674 debere
2041 1637 2259 1694 semper
2290 1627 2530 1696 ipsorum
2560 1615 2800 1702 peccatis
2842 1653 2857 1702 ;
2889 1639 3154 1707 quosdam
3211 1643 3359 1696 enim

1784 1708 2057 1780 invenias,
2113 1712 2205 1781 qui
2240 1716 2342 1769 etsi
2379 1716 2490 1773 Deo
2520 1723 2741 1790 gratiosi
2779 1725 2910 1791 sint,
2941 1736 3224 1784 tentantur
3281 1740 3361 1785 ta-

102 1776 325 1846 στροφῇ
369 1781 534 1850 κακῇ.
581 1798 597 1831 ι
647 1782 759 1836 Kal
794 1783 973 1851 αὖθις,
1016 1805 1033 1836 ι
1076 1788 1268 1857 Παγίδι
1305 1791 1664 1862 ἁλωθήσονται

102 1865 604 1892 ,,,,.,,,,,,,,ι,,,,,,,
671 1870 755 1892 ια.
908 1876 919 1892 .
1107 1878 1120 1892 .
1203 1880 1266 1892 ..-
1450 1883 1462 1892 .
1522 1885 1597 1892 η.

1780 1812 1926 1852 men.
1992 1800 2277 1859 Diversum
2318 1809 2587 1881 contingit
2640 1812 2760 1868 istis
2799 1832 2829 1869 a
2894 1818 3097 1886 pietate
3133 1836 3196 1873 ac
3240 1821 3358 1892 lege

97 1865 150 1917 οἱ
182 1866 609 1938 εὐφραινόμενοι
668 1870 764 1926 ἐπὶ
817 1876 1022 1930 πτώσει
1069 1878 1332 1947 εὐσεϐῶν,
1379 1883 1473 1936 καὶ
1511 1885 1675 1955 ὀδύνη

97 1955 477 2011 ἀνταναλὼσει
500 1960 699 2024 αὐτοὺς
733 1964 842 2034 πρὸ
869 1966 961 2017 τοῦ
993 1967 1223 2022 θανάτου
1251 1971 1451 2026 αὐτῶν.
1489 1991 1506 2024 ι
1541 1973 1673 2041 Kal,

104 2061 124 2092 ι
148 2043 446 2115 Μνήσθητε
464 2045 563 2110 τὰς
589 2048 800 2118 ἡμέρας
817 2051 909 2103 τοῦ
940 2054 1184 2120 σκότους,
1200 2055 1282 2109 ὅτι
1311 2056 1500 2110 πολλαὶ
1523 2058 1676 2112 ἔσονέ

94 2149 213 2189 ται.
252 2153 272 2184 ι
316 2135 375 2188 Ὁ
416 2136 472 2188 δὲ
508 2137 801 2209 ἄμεμπτος
843 2142 982 2205 Ἰὼϐ,
1022 2162 1040 2195 ι
1084 2146 1142 2198 Εἰ
1187 2147 1244 2199 δὲ
1274 2149 1369 2201 καὶ
1406 2149 1675 2221 ἐπιχαρὴς

93 2227 411 2295 ἐγενόμην,
457 2230 643 2299 φησὶν,
699 2233 792 2285 ἐπὶ
837 2234 1094 2306 πτώματι
1152 2238 1360 2310 ἐχθρῶν
1412 2259 1545 2311 μου,
1578 2240 1675 2297 καὶ

94 2311 259 2369 εἶπεν
283 2317 316 2387 ἡ
341 2319 538 2389 καρδία
565 2338 687 2391 μου,
742 2319 900 2394 Εὖγε.
948 2345 966 2377 ι
1020 2328 1129 2381 Kal
1158 2331 1185 2382 6
1213 2331 1483 2417 μακάριος
1526 2334 1677 2388 Παῦ-

91 2411 199 2474 λος
231 2453 247 2477 ,
301 2413 633 2468 ἐπιστέλλων
673 2411 965 2487 Ῥωμαίοις
1011 2421 1217 2490 ἔλεγεν,
1265 2442 1284 2476 ι
1324 2426 1387 2479 El
1433 2411 1488 2480 δέ
1529 2443 1675 2491 τινες

91 2500 210 2553 τῶν
263 2498 473 2553 κλάδων
503 2502 935 2576 ἐξεκλάσθησαν,
986 2511 1051 2563 σὺ
1102 2511 1158 2563 δέ
1204 2514 1519 2583 ἀγριέλαιος
1573 2514 1670 2582 ὢν,

98 2590 526 2662 ἐνεκεντρίσθης
564 2596 622 2648 ἐν
655 2597 857 2663 αὐτοῖς,
883 2600 976 2655 καὶ
1005 2607 1363 2670 συγκοινωνὸς
1394 2609 1491 2678 τῆς
1520 2608 1674 2680 ῥίζης
1772 2603 1785 2657 i

94 2682 195 2735 καὶ
230 2682 334 2754 τῆς
359 2685 618 2757 πιότητος
645 2686 747 2758 τῆς
772 2690 957 2756 ἐλαίας
979 2695 1189 2762 ἐγένου,
1233 2698 1308 2769 μὴ
1340 2703 1672 2774 κατακαυχῶ

90 2775 210 2828 τῶν
242 2774 484 2831 κλάδων·
515 2781 564 2832 εί
611 2781 667 2834 δὲ
714 2789 1155 2857 κατακαυχᾶσαι,
1186 2790 1247 2842 οὐ
1291 2791 1355 2844 σὺ
1387 2792 1484 2863 τὴν
1516 2793 1670 2865 ῥίζαν

94 2865 417 2933 βαστάζεις,
447 2869 564 2923 ἀλλ’
600 2873 632 2943 ἡ
665 2874 790 2942 ῥίζα
823 2876 902 2929 σέ.
948 2878 1123 2949 Ἐρεῖς
1145 2876 1259 2949 οὖν,
1298 2881 1670 2959 Ἐξεκλάσθη-

91 2970 199 3007 σαν
228 2956 278 3007 οί
307 2956 514 3022 κλάδοι,
546 2959 630 3013 ἵνα
661 2962 773 3031 ἐγὼ
803 2967 1200 3039 ἐγκεντρισθῶ,
1237 2974 1420 3039 καλῶς
1445 2978 1511 3048 τῇ
1542 2956 1670 3033 ἀπι-

91 3042 231 3156 ῗῖίῗ
273 3042 708 3156 ἑξεῗλάσθζλᾶῗψ
742 3052 806 3156 δὲ
843 3053 1017 3156 Pili
1062 3058 1259 3156 ῗτίστεξ
1295 3042 1557 3156 imm",
1589 3068 1664 3138 μὴ
1692 3094 1740 3156 c

89 3129 484 3198 ὐψηλοφρόνει,
528 3134 665 3188 ἀλλὰ
701 3137 892 3205 φοϐοῦ.
926 3143 990 3196 El
1016 3142 1125 3216 γὰρ
1153 3148 1182 3200 6
1223 3148 1354 3213 Θεὸς
1380 3129 1663 3210 τῶνκατά

88 3217 258 3283 φύσιν
301 3218 512 3272 κλάδων
558 3222 656 3275 οὐκ
693 3224 969 3295 ἐφείσατο,
1018 3229 1141 3284 οὐδὲ
1182 3233 1278 3286 σοῦ
1324 3236 1587 3304 φείσεται.
1638 3259 1657 3291 ι

90 3307 206 3361 Kal
244 3309 517 3377 ἐπιφέρει,
555 3331 573 3364 ι
621 3313 686 3366 Ἦ
716 3316 906 3389 ἀγάπη
935 3320 996 3373 οὐ
1026 3321 1204 3393 χαίρει
1234 3325 1330 3378 ἐπὶ
1354 3330 1419 3397 τῇ
1455 3329 1660 3402 ἀδικίᾳ,

88 3398 381 3467 συγχαίρει
410 3398 467 3451 δὲ
508 3402 574 3471 τῇ
618 3402 867 3475 ἀληθείᾳ.
929 3426 948 3457 ι
1002 3409 1095 3480 Μὴ
1135 3411 1228 3464 οὖν
1273 3398 1658 3486 ἀνασχώμεθα,

87 3488 393 3558 ἀγαπητοὶ,
422 3489 513 3542 τοῦ
542 3491 942 3560 ὑποϐάλλοντος
968 3500 1100 3568 ἡμῖν
1127 3500 1325 3572 ἐχθροῦ
1351 3505 1662 3580 ἐπιχαίρειν

85 3581 205 3641 τοῖς
242 3580 337 3633 τοῦ
371 3581 599 3652 πλησίον
629 3586 842 3652 κακοῖς,
873 3587 960 3642 ἵνα
990 3589 1066 3659 μὴ
1098 3592 1193 3644 καὶ
1224 3593 1385 3664 ἡμεῖς
1424 3599 1534 3661 τοῖς
1560 3600 1660 3653 αὒ-

84 3673 204 3731 τοῖς
244 3674 657 3741 περιπέσωμεν.
700 3674 866 3744 Ἀτὰρ
910 3679 1019 3749 γάρ
1050 3696 1215 3750 φησιν
1250 3684 1280 3735 6
1316 3683 1456 3738 Ἰὼϐ·
1490 3705 1508 3738 ι
1548 3689 1658 3743 Kal

87 3762 253 3828 ὑμεῖς
299 3761 534 3830 ὲπέϐητέ
581 3779 672 3831 μοι
724 3764 1140 3838 ἁνελεημόνως,
1175 3769 1315 3825 ὥστε
1349 3774 1551 3839 ἰδόντες
1595 3779 1656 3832 τὸ

86 3850 228 3918 ἐμὸν
258 3851 507 3921 τραῦμα,
541 3853 870 3925 ὲφοϐἠθητε.
924 3876 943 3909 ι
989 3859 1183 3929 Ἡμεῖς
1226 3859 1321 3916 οὖν
1347 3865 1653 3937 εὐξώμεθα,

88 3940 232 4009 μετὰ
270 3941 364 3994 τοῦ
401 3943 564 3996 Δαυῖδ
604 3945 873 4014 λέγοντες,
925 3967 943 3998 ι
990 3949 1080 4020 Μὴ
1127 3951 1438 4026 ἁπορῤίψῃς
1484 3974 1552 4026 με
1577 3961 1658 4021 είς

82 4031 279 4100 καιρὸν
313 4033 516 4103 γήρους
571 4036 627 4087 ἐν
665 4036 744 4107 τῷ
782 4037 1055 4092 ἐκλείπειν
1080 4042 1182 4112 τὴν
1217 4044 1372 4113 ἰσχύν
1416 4064 1550 4116 μουο
1583 4049 1656 4121 μὴ

80 4120 488 4192 ἐγκαταλείπῃς
520 4141 609 4193 με,
638 4125 719 4178 ὅτι
761 4122 922 4180 εἶπαν
947 4131 995 4181 οἱ
1031 4130 1222 4202 ἐχθροί
1253 4150 1356 4203 μου
1382 4137 1529 4206 ἐμοὶ,
1558 4120 1655 4192 καὶ

80 4209 133 4262 οἱ
157 4210 521 4277 φυλάσσοντες
549 4215 650 4285 τὴν
684 4215 865 4289 ψυχήν
894 4235 997 4288 μου
1026 4220 1426 4280 ἐϐουλεύσαντο
1469 4228 1561 4282 ἐπὶ
1594 4232 1656 4285 τὸ

86 4300 244 4362 αὐτὸ,
284 4302 555 4370 λέγοντες·
604 4307 661 4359 Ὀ
703 4308 834 4372 Θεὸς
877 4311 1235 4379 ἐγκατέλιπεν
1267 4319 1450 4385 αὑτὸν,
1484 4338 1656 4377 κατα-

78 4387 330 4455 διώξιτε,
372 4391 466 4445 καὶ
518 4393 858 4448 καταλάόετε
912 4399 1095 4467 αὐτὸν,

80 4477 345 4547 ῥυόμενος
367 4498 380 4512 ·
409 4482 546 4535 ἀλλὰ
573 4485 660 4551 σὺ,
709 4487 737 4539 6
773 4486 905 4551 Θεός
933 4507 1059 4559 μου,
1109 4493 1183 4564 μὴ
1226 4498 1514 4570 μακρύνῃς
1553 4503 1651 4556 ἀπ’

77 4571 239 4638 ἐμοῦ,
292 4573 377 4626 ἵνα
430 4575 504 4644 μὴ
556 4578 857 4648 ἐπιχαρῶσί
910 4598 998 4650 μοι
1047 4586 1095 4636 οἱ
1134 4586 1511 4657 ἐχθραίνοντες
1560 4612 1653 4664 μοι

77 4658 303 4723 ἀδίκως,
345 4662 441 4714 xal
482 4664 532 4715 οἱ
566 4665 847 4734 μισοῦντές
876 4685 943 4738 με
970 4670 1199 4742 δωρεάν.
1239 4693 1257 4726 ›
1296 4678 1454 4733 Ἀλλὰ
1487 4658 1648 4755 τῇτσῇ

76 4749 308 4819 δυνάμει
367 4770 385 4803 ι
432 4753 970 4828 Ἀποστραφήτωσαν
995 4765 1305 4832 παραυτίκα
1329 4749 1652 4844 αἰσχυνόμεί

75 4858 180 4902 νοι,
214 4844 262 4894 οἱ
293 4843 542 4910 λέγοντές
572 4864 684 4917 μοι,
712 4846 872 4917 Εὖγε,
898 4846 1045 4920 εὖγε.
1089 4873 1108 4906 ι
1139 4855 1212 4908 Τὸ
1233 4843 1638 4928 καταγελᾶσθαι

73 4929 253 4983 τοίνυν
284 4933 379 4985 καὶ
410 4934 813 5006 ὲπιχαίρεσοαι,
842 4940 998 5010 ἡμῶν
1027 4945 1173 4997 ἐστιν
1193 4962 1208 4977 ο
1238 4949 1297 5001 τὸ
1321 4949 1377 5004 δὲ
1423 4954 1640 5025 ἐπιχαί-

76 5033 213 5085 ρειν,
248 5020 355 5072 τῶν
394 5022 773 5093 Γραμματέων
816 5030 909 5080 καὶ
946 5030 1250 5103 ἀρχιερέων
1308 5040 1476 5097 ἐστίν.
1518 5020 1643 5101 "'Ev-

73 5109 297 5174 ἔπαιζον
331 5111 457 5183 γὰρ,
508 5116 695 5186 φησὶν,
743 5119 792 5169 οἱ
844 5121 1123 5191 ἀρχιερεῖς
1175 5127 1309 5195 πρὸς
1356 5131 1665 5205 ἁλλήλουςΓ

76 5202 212 5267 μετὰ
240 5204 347 5256 τῶν
380 5205 763 5276 Γραμματέων
791 5212 1060 5280 λέγοντες.
1093 5234 1112 5266 ί
1154 5218 1380 5286 ’Ἄλλους
1411 5202 1636 5301 ἕσίυσεὶί,

68 5293 261 5346 ἑαυτὸν
276 5297 336 5348 οὐ
353 5297 572 5352 δύναται
624 5301 834 5369 σῶσαι;
873 5306 901 5357 6
929 5306 1163 5375 Χριστὸς
1203 5313 1231 5363 6
1261 5313 1512 5384 βασιλεὺς
1541 5293 1634 5377 τοῦ

81 5383 338 5457 Ἰσραὴλ,
404 5392 696 5445 καταϐάτω
760 5395 855 5448 νῦν
917 5397 1023 5449 ἀπὸ
1079 5401 1171 5454 τοῦ
1218 5411 1490 5481 σταυροῦ,
1549 5418 1634 5472 ἵνα

75 5648 118 5681 ,ὅ
218 5601 419 5691 llTim.
450 5611 679 5691 nixl‘l.“
710 5615 751 5691 ‘_‘
783 5617 944 5691 _P.rov.
998 5612 1140 5681 xxiv,
1183 5623 1267 5684 l7,

143 5667 320 5726 Ecclc.
356 5692 406 5728 XI
455 5719 469 5738 ,
508 5681 559 5731 8.
638 5683 681 5711 ⁸⁸
715 5667 1110 5753 Ιιιίῖκλξςμ-ἶέω.

418 5773 687 5835 ΡΑτιιοι..
739 5781 852 5840 CR.
907 5783 1223 5847 LXXXlX.

1311 5627 1388 5679 l8.
1467 5633 1509 5662 "
1542 5636 1699 5689 Prov.
1743 5656 1875 5697 xv".
1937 5643 1969 5695 5

1187 5693 1231 5723 ⁸⁷
1266 5695 1419 5752 Rom.
1460 5718 1538 5766 Μ,
1582 5707 1755 5760 Ποὲι.

1775 1887 2085 1948 Christiana
2105 1896 2471 1969 alienis,quos
2493 1903 2770 1976 credimus
2793 1908 3087 1977 relegatum
3112 1912 3175 1963 iri
3195 1927 3224 1964 a
3247 1927 3361 1981 reg-

1777 1992 1869 2042 no,
1899 1982 2199 2050 etproinde
2220 1987 2529 2054 puniendos
2547 1988 2787 2064 .1118
2808 1995 2887 2048 Ad
2914 1996 3060 2073 hunc
3094 1998 3316 2053 modum
3340 2056 3354 2072 ,

1784 2087 1801 2118 ι
1830 2067 1935 2135 Qui
1969 2071 2058 2140 pie
2092 2072 2284 2129 volunt
2333 2077 2518 2133 vivere
2557 2080 2609 2135 in
2649 2081 2887 2148 Christo,
2917 2067 3354 2155 persecutionem

1775 2157 2055 2226 patientur
2086 2161 2150 2227 ‘°,
2188 2182 2207 2214 ›
2249 2168 2714 2234 quemadmodum
2760 2173 2945 2230 verbis
2987 2175 3355 2233 Parmmiasta:

1774 2244 2078 2304 erudimur.
2105 2250 2153 2306 is
2174 2252 2319 2307 enim
2344 2255 2421 2309 ait
2447 2274 2460 2309 :
2493 2276 2511 2308 ι
2541 2256 2597 2312 Si
2626 2261 2889 2316 ceciderit
2913 2264 3171 2321 inimicus
3202 2275 3350 2331 tuus,

1773 2348 1843 2388 ne
1870 2335 2108 2404 gaudeas
2140 2353 2308 2409 super
2339 2357 2425 2408 eo,
2452 2353 2508 2399 et
2543 2342 2599 2401 in
2652 2350 3097 2419 supplantatione
3129 2356 3251 2426 ejus
3280 2372 3351 2411 nc

1772 2423 2002 2479 extollas
2030 2433 2104 2493 te,
2142 2444 2212 2483 ne
2258 2428 2401 2486 forte
2437 2432 2624 2490 videat
2661 2437 2949 2506 Dominus,
2986 2450 3041 2496 et
3087 2423 3196 2497 non
3229 2443 3349 2512 pla-

1773 2708 1933 2749 rum:
1978 2716 1996 2748 ‹
2031 2698 2120 2754 Vae
2154 2701 2311 2757 vobis
2330 2704 2422 2774 qui
2457 2706 2715 2762 laetamini
2741 2724 2906 2781 super
2930 2711 3105 2775 malis,
3129 2723 3188 2767 et
3217 2730 3348 2785 gau-

1771 2785 1913 2843 detis
1935 2803 2101 2860 super
2124 2794 2391 2861 pravitate
2407 2797 2548 2851 mala
2567 2798 2631 2852 ⁶³.
2649 2818 2665 2849 ι
2682 2796 2751 2854 Et
2773 2816 2787 2853 :
2821 2820 2839 2852 ι
2868 2800 3090 2871 Laqueo
3117 2806 3344 2875 capien-

1772 2883 1882 2942 tur,
1913 2878 2006 2947 qui
2032 2879 2286 2936 ltetantur
2308 2899 2476 2955 super
2494 2887 2651 2943 ruina
2676 2890 2921 2960 piorum,
2945 2907 3000 2953 et
3020 2893 3179 2949 dolor
3197 2914 3343 2954 mer—

1771 2968 1922 3024 cedis
1953 2969 2074 3025 loco
2103 2976 2481 3042 apprehendet
2507 2994 2603 3035 eos
2640 2992 2767 3038 ante
2792 2996 3025 3045 mortem
3057 2991 3124 3049 “.
3164 3015 3180 3045 ι
3219 2997 3285 3052 Et
3323 3017 3333 3050 :

1777 3076 1796 3107 ι
1822 3058 2122 3118 Memorare
2136 3060 2256 3118 dies
2270 3068 2653 3139 tenebrarum,
2671 3075 2800 3143 quia
2834 3060 2999 3135 multi
3027 3095 3195 3140 erunt
3224 3090 3289 3143 ⁸⁸.
3318 3111 3334 3140 ι

1767 3150 1875 3206 Sed
1932 3161 1989 3208 et
2039 3156 2350 3228 inculpatus
2398 3162 2541 3218 Job:
2577 3184 2595 3216 ι
2629 3165 2683 3221 Si
2721 3169 2885 3225 etiam
2945 3175 3159 3234 laetatus
3217 3197 3337 3237 sum

1765 3258 1931 3314 super
1984 3248 2144 3303 ruina
2205 3251 2554 3310 inimicorum
2599 3274 2870 3328 meorum,
2941 3275 2996 3321 et
3049 3268 3186 3326 dixit
3243 3290 3340 3330 cor

1765 3348 1969 3401 meum,
2000 3336 2152 3411 Euge
2167 3340 2233 3395 ".
2256 3360 2275 3392 ι
2316 3342 2515 3401 Beatus
2549 3347 2677 3403 item
2709 3350 2910 3411 Paulus
2932 3373 3028 3428 per
3050 3362 3338 3431 epistolam

1763 3423 1958 3478 scribit
1986 3425 2248 3483 Romanis
2278 3449 2290 3482 :
2324 3451 2342 3482 ‹
2366 3432 2521 3499 Quod
2539 3437 2585 3491 si
2611 3440 2705 3509 qui
2724 3457 2789 3496 ex
2817 3423 2984 3503 ramis
3006 3423 3163 3507 fracti
3184 3467 3333 3525 sunt,

1764 3520 1823 3568 tu
1862 3524 2047 3572 autem
2073 3534 2199 3575 cum
2232 3521 2469 3580 oleaster
2516 3543 2688 3599 esses,
2737 3534 2978 3596 insertus
3011 3558 3073 3599 es
3109 3545 3165 3600 in
3206 3548 3334 3619 illis,

1761 3616 1817 3661 et
1839 3609 2020 3664 socius
2044 3608 2245 3667 radicis
2267 3622 2321 3667 et
2338 3615 2689 3686 pinguedinis
2718 3626 2877 3683 olivae
2916 3631 3096 3690 factus
3118 3652 3202 3705 es,
3221 3608 3335 3698 noli

1761 3697 1984 3766 gloriari
2018 3700 2282 3759 adversus
2324 3722 2505 3764 ramos
2542 3714 2724 3781 :quod
2757 3717 2802 3771 si
2826 3720 3097 3792 gloriaris,
3130 3745 3240 3786 non
3277 3743 3333 3789 tu

1762 3788 2000 3844 radicem
2047 3800 2254 3861 portas,
2290 3798 2385 3851 sed
2434 3801 2587 3856 radix
2639 3813 2709 3859 te.
2747 3806 2894 3865 Dicis
2939 3788 3113 3884 ergo:
3154 3788 3332 3879 Fracti

1761 3887 1891 3933 sunt
1913 3882 2045 3935 rami
2086 3892 2146 3938 ut
2172 3900 2274 3957 ego
2296 3887 2527 3945 inserar.
2559 3891 2705 3951 Bene
2734 3917 2745 3950 :
2775 3882 3331 3971 propter—increduli-

1762 3977 1925 4027 tatem
1978 3971 2136 4029 t‘raeti
2181 3986 2424 4035 suntrtu
2464 3990 2649 4040 autem
2686 3982 2790 4044 [ide
2840 4001 2989 4062 stas;
3018 3999 3129 4053 noli
3160 4002 3329 4058 altum

1758 4072 1972 4129 sapere,
1999 4064 2094 4118 sed
2120 4064 2270 4122 time.
2304 4068 2361 4125 Si
2395 4072 2544 4127 enim
2584 4072 2730 4133 Deus
2775 4086 3117 4145 naturalibus
3162 4096 3330 4150 ramis

1756 4163 1867 4203 non
1902 4155 2171 4232 pepercit,
2205 4174 2275 4213 ne
2304 4159 2445 4216 forte
2473 4178 2575 4219 nec
2611 4167 2706 4222 tibi
2742 4182 2930 4240 parcat
2958 4177 3021 4229 ⁸⁷.
3052 4197 3070 4228 ι
3117 4180 3283 4236 Infert
3312 4227 3323 4237 .

1765 4257 1783 4290 ι
1820 4240 2072 4301 Charitas
2103 4262 2213 4301 non
2241 4251 2439 4319 gaudet
2471 4269 2637 4325 super
2668 4258 2977 4332 iniquitate,
3020 4275 3327 4341 congaudtt

1755 4341 1938 4387 autem
1977 4337 2195 4392 veritati
2235 4340 2297 4393 ⁸⁸.
2346 4362 2364 4392 ι
2406 4342 2484 4398 Ne
2533 4347 2718 4416 igitur,
2761 4337 3153 4428 dilectissimi;
3178 4381 3321 4420 com-

1153 4403 1236 4455 ὃτι
1296 4407 1396 4459 οὐκ
1442 4410 1594 4463 ἐστιν
1623 4414 1650 4464 6

1153 4493 1182 4525 ὃ.
1228 4498 1514 4525 ..-ηιητμμα
1558 4503 1651 4525 λ.-ς

2552 4403 2581 4416 ν
2706 4403 2717 4414 ,
2768 4403 3122 4428 ___.,--.--.....,
3179 4403 3321 4420 νυ...-

1766 4425 2060 4495 mittamus,
2090 4437 2150 4483 ut
2193 4446 2521 4503 suggerente
2571 4440 2793 4499 inimico
2844 4448 2950 4504 hoc
2983 4464 3194 4525 nostro,
3220 4461 3321 4515 ali-

1752 4517 1972 4585 quando
2014 4519 2340 4579 insultemus
2385 4529 2757 4596 proximorum
2805 4539 2981 4607 malis,
3014 4553 3075 4600 ut
3116 4563 3185 4603 ne
3223 4566 3321 4605 nos

1751 4607 1804 4661 in
1826 4609 2044 4663 easdem
2095 4611 2240 4667 sinat
2276 4615 2368 4670 Dei
2406 4620 2753 4686 providentia
2802 4632 2971 4686 semel
3017 4644 3071 4689 et
3118 4639 3317 4696 iterum

1749 4698 1967 4754 devolvi
1991 4701 2352 4762 calamitates.
2407 4709 2533 4766 Haac
2565 4715 2711 4769 enim
2759 4719 2836 4773 ait
2876 4722 2981 4779 Job
3028 4745 3040 4780 :
3072 4748 3090 4778 ι
3127 4731 3195 4785 Ει
3223 4750 3319 4789 vos

1747 4791 2054 4846 accessistis
2068 4794 2134 4847 ad
2171 4812 2257 4852 me
2288 4799 2406 4855 sine
2438 4804 2830 4878 misericordia,
2859 4813 3043 4885 itaque
3070 4821 3317 4881 videntes

1746 4881 1944 4936 vulnus
1973 4898 2154 4939 meum
2179 4889 2512 4948 extimuistis
2536 4897 2599 4949 “9.
2619 4917 2636 4947 ι
2672 4899 2782 4955 Nos
2803 4881 2972 4974 igitur
3000 4924 3123 4965 cum
3154 4913 3315 4971 beato

1749 4970 1918 5026 David
1949 4988 2191 5042 oremus,
2235 4978 2483 5038 dicentes
2529 4987 2682 5042 Deo:
2720 4970 3090 5069 «Nevabjicias
3139 5020 3225 5061 me
3258 5007 3311 5062 in

1747 5068 1993 5132 tempore
2020 5071 2340 5132 senectutis,
2366 5088 2489 5127 cum
2538 5076 2803 5138 defecerit
2838 5068 3014 5146 virtus
3057 5109 3195 5158 mea,
3243 5114 3311 5154 ne

1745 5153 2095 5227 liderenquas
2127 5177 2251 5228 me;
2280 5167 2404 5233 quia
2427 5167 2685 5230 dixerunt
2718 5177 2924 5237 inimici
2956 5187 3113 5251 mihi,
3138 5199 3192 5243 et
3214 5194 3307 5263 qui

1742 5246 2127 5303 custodiebant
2174 5254 2409 5310 animam
2474 5277 2671 5333 meam,
2724 5274 3014 5330 consilium
3057 5246 3304 5339 fecerdnt

1741 5336 1796 5389 in
1825 5353 1994 5392 unum
2026 5381 2040 5404 ,
2077 5341 2361 5401 dicentes:
2407 5351 2551 5407 Deus
2600 5357 2894 5431 dereliquit
2937 5381 3085 5435 eum,
3121 5388 3304 5440 perse-

1739 5428 1968 5496 quimini
2012 5442 2067 5486 ct
2110 5439 2558 5506 comprehendite
2584 5463 2732 5516 eum,
2773 5455 2900 5523 quia
2946 5473 3053 5515 non
3099 5470 3303 5536 estqui

2068 5647 2111 5678 ⁸³
2152 5648 2451 5715 Eecli.xrx,
2483 5657 2534 5711 5.
2650 5661 2696 5693 “
2734 5665 2898 5722 Eccli.

2978 5688 3116 5730 sxw
3148 5717 3166 5743 ,
3210 5685 3297 5739 si.

1835 5714 1877 5742 εδ
1913 5713 2203 5780 lCor.'tm,
2242 5724 2291 5774 6.
2369 5726 2412 5755 ⁶⁹
2445 5713 2549 5781 Joh
2579 5746 2660 5784 xrx
2685 5775 2696 5795 ,

2950 5848 3009 5906 51
