4030 6296
619 326 752 395 1011
1888 328 2199 389 ANTIOCI:

2304 327 2632 388 iION'AClII
3772 321 3912 386 1612

615 447 816 518 eripiat
857 446 997 514 ;sed
1034 456 1113 513 tu,
1131 447 1276 502 Deus
1300 415 1480 510 meus:
1521 460 1589 500 ne
1639 444 1910 514 elongcris
1947 461 1977 498 ιι
2005 459 2091 498 me
2126 443 2192 508 ⁷⁸,

2304 443 2500 512 ἴδωμεν
2535 446 2628 498 καὶ
2665 444 3045 514 πιστεύσωμεν
3077 445 3154 508 είς
3187 443 3376 499 αὐτόν.
3428 462 3449 494 ι
3505 443 3566 498 Ὀ
3599 441 3658 497 δὲ
3691 446 3905 515 μακρό-

619 553 690 592 ne
711 538 983 609 gaudeant
1010 553 1176 608 super
1203 554 1286 594 me
1313 540 1408 608 qui
1434 537 1796 593 adversantur
1823 535 1954 590 mihi
1981 535 2188 605 inique,

2304 534 2470 606 θυμο;
2512 535 2717 610 Κύριος
2744 536 2938 608 ἔφερεν
2972 538 3066 606 τὴν
3117 539 3386 591 ἀπόνοιαν
3429 535 3650 602 αὑτῶν,
3673 537 3760 600 ib;
3787 538 3901 604 φιλ·

618 630 713 698 qui
743 629 981 684 oderunt
1014 645 1102 684 me
1137 630 1306 701 gratis
1331 630 1398 682 ".
1441 648 1459 680 ι
1485 629 1551 684 Ει
1584 627 1808 699 quidem
1857 635 1948 682 tua
1986 626 2190 680 virtute

2304 625 2604 696 ἅνθρωπος.
2655 627 2815 696 Δὺτῷ
2862 631 2896 699 ἠ
2948 626 3073 693 δόξα
3118 629 3198 694 είς
3240 629 3373 690 τοὺς
3406 629 3651 688 αἰῶνας.
3704 629 3895 698 ’Δμιξι

627 742 646 773 ι
679 721 1082 776 Convertantur
1141 728 1440 776 retrorsum
1478 720 1769 776 confestim
1814 718 2027 774 confusi
2068 717 2163 788 qui
2202 716 2554 773 dicuntmihi
2583 737 2595 774 :
2620 719 2791 790 Euge,
2854 734 2992 791 euge
3023 721 3090 774 ".
3122 739 3140 771 ι
3213 719 3432 775 Nostra:
3472 719 3652 789 igitur
3715 727 3897 788 partes

620 821 771 878 sunt,
799 820 856 868 ut
902 822 1155 883 optemus
1207 812 1414 867 mundo
1471 813 1560 868 isti
1609 827 1730 867 esse
1777 808 2090 876 deridiculi,
2136 816 2196 861 ut
2233 807 2394 864 nobis
2439 810 2554 865 suis
2612 811 2836 868 insultet
2864 811 3072 875 sannis,
3114 826 3244 866 cum
3280 811 3513 866 interim
3587 809 3810 865 Scriba
3845 825 3896 865 et

621 906 912 977 pontifices
947 920 1048 961 suo
1087 905 1182 960 illo
1215 919 1370 960 more
1414 903 1679 958 insultant
1705 901 1944 957 miseris.
1984 897 2292 954 llludehant
2323 899 2492 962 enim,
2529 901 2646 966 ait,
2678 903 2966 972 pontiﬁces
3025 904 3093 958 ad
3153 903 3390 958 invicem
3457 917 3593 957 cum
3659 900 3891 961 Scribis

617 998 904 1053 dicentes:
943 1015 960 1048 ι
992 996 1144 1050 Alios
1185 995 1363 1050 salvos
1409 991 1560 1056 fecit,
1613 993 1854 1062 seipsum
1905 1004 2016 1045 non
2071 994 2250 1058 potest
2318 986 2528 1042 salvum
2591 989 2772 1045 facere
2817 1009 2830 1045 :
2901 989 3166 1050 Christus
3197 1008 3295 1046 rex
3350 992 3522 1047 Israel
3588 991 3896 1047 descendat

617 1103 767 1145 nunc
813 1089 882 1142 de
923 1103 1122 1150 cruce,
1172 1093 1233 1141 ut
1281 1085 1565 1139 videamus
1607 1091 1664 1138 et
1713 1081 2002 1136 credamus
2055 1078 2122 1130 ".
2151 1094 2172 1128 ι
2254 1073 2404 1131 Hanc
2481 1077 2698 1132 illorum
2738 1079 3112 1134 vesanientem
3155 1079 3578 1135 insultationem
3623 1082 3892 1152 longani-

615 1182 784 1237 miter
811 1180 1078 1236 tolerabat
1122 1179 1394 1249 benignus
1441 1175 1727 1231 hominum
1763 1181 1976 1228 amator
2014 1167 2298 1224 Dominus.
2333 1167 2437 1237 Ipsi
2472 1169 2644 1240 gloria
2680 1170 2734 1225 in
2769 1171 2965 1227 saacula
3021 1171 3370 1227 saeculorum.
3403 1172 3614 1229 Amen.

1048 1289 1265 1361 1119
1300 1287 1587 1345 HOMILIA
1621 1288 1760 1354 ιιι.

619 1381 818 1436 Aliena:
871 1378 1113 1449 {cficitati
1174 1375 1626 1500 aggzatuéandum
1683 1391 1791 1429 esse
1846 1383 1895 1428 et
1959 1388 2191 1444 congau-

1321 1462 1383 1498 eu
1427 1462 1535 1498 um.

1321 1462 1535 1498 cuaum.

690 1541 902 1598 Eximia
930 1554 1061 1595 sane
1091 1539 1268 1593 virtus
1297 1551 1360 1591 ac
1384 1534 1505 1590 Deo
1547 1533 1650 1605 ipsi
1683 1547 1808 1588 cum
1848 1531 2042 1602 primis
2065 1546 2190 1602 gra-

2893 1287 3114 1340 ΔΟΓΟΣ
3142 1287 3268 1340 NG’.

2733 1374 2870 1444 Περὶ
2904 1375 3013 1430 τοῦ
3046 1377 3426 1446 συγχαίρειν.

2361 1529 2602 1602 Μεγάλη
2636 1532 2804 1604 ἀρετὴ
2841 1531 2990 1586 ἔστιν
3022 1533 3116 1587 καὶ
3142 1532 3440 1604 θεάρεστος
3461 1533 3526 1586 τδ
3555 1535 3888 1606 συγχαίρειν

618 1635 759 1690 tiosa
776 1642 882 1697 est,
897 1641 955 1686 ut
977 1629 1044 1685 iis
1067 1626 1416 1700 congaudeas
1433 1636 1490 1683 et
1507 1624 1868 1698 aggratulere,
1889 1623 1983 1694 qui
2005 1631 2194 1678 tenore

2304 1628 2410 1690 τοῖς
2434 1623 2494 1682 εὖ
2533 1626 2762 1697 βιοῦσιν,
2805 1627 2898 1682 καὶ
2924 1628 2982 1680 ἑν
3022 1629 3143 1692 ταῖς
3172 1627 3417 1692 ἐντολαῖς
3445 1627 3545 1682 τοῦ
3572 1627 3720 1683 Θεοῦ
3753 1649 3887 1702 προ-

620 1723 866 1794 Iegitimo
899 1720 1067 1776 vitam
1100 1718 1396 1774 instituunt
1425 1731 1603 1782 suam,
1635 1715 1840 1785 quique
1871 1713 2194 1784 quotidiana

620 1813 938 1870 accessione
967 1817 1292 1882 promovent
1319 1808 1389 1866 ad
1415 1807 1857 1864 observationem
1896 1807 1995 1861 Dei
2038 1821 2195 1860 man-

619 1905 906 1966 datorum,
957 1901 1174 1957 tametsi
1222 1916 1288 1956 ea
1343 1916 1431 1956 res
1487 1898 1632 1970 apud
1687 1899 1977 1968 plerosque
2037 1896 2195 1950 nihili

621 1994 944 2049 :estimetur.
979 1991 1252 2049 Utrumne
1309 1990 1600 2046 slnceritcr
1630 1989 1791 2045 alteri
1827 1989 2192 2060 congaudeas,

624 2087 741 2156 ipsa
780 2084 1010 2156 vestigia
1036 2083 1224 2139 vultus
1251 2083 1328 2137 tui
1359 2081 1495 2137 nihil
1535 2081 1773 2136 obscure
1817 2079 2077 2150 produnt.
2107 2078 2195 2134 Si-

621 2173 846 2244 quidem
906 2173 1001 2228 irae
1065 2179 1163 2226 aut
1225 2169 1429 2225 furoris
1490 2167 1930 2224 incandescentia
1993 2167 2198 2222 insedit

622 2264 798 2328 cordi,
831 2264 914 2318 vel
952 2262 1052 2332 ipsi
1085 2261 1229 2317 oculi
1261 2260 1517 2336 omnibus
1550 2259 1786 2315 reddunt
1817 2258 2195 2329 perspicuum,

622 2359 774 2429 iuxta
825 2354 1128 2426 Scriptura:
1170 2352 1502 2410 sententiam
1549 2370 1562 2406 :
1627 2371 1646 2403 ι
1691 2349 1870 2407 Corde
1919 2350 2198 2406 exhilara-

622 2462 711 2514 to,
765 2446 1053 2504 revirescit
1105 2444 1276 2502 facies
1316 2443 1383 2498 ".
1440 2463 1458 2496 ι
1512 2441 1776 2498 Perfecta:
1825 2450 2011 2498 autem
2064 2443 2196 2498 cha-

625 2541 806 2594 ritatis
853 2538 1065 2608 insigne
1101 2537 1205 2592 hoc
1245 2545 1364 2602 est,
1398 2535 1442 2591 si
1477 2535 1543 2590 ad
1577 2535 1948 2607 proximorum
1979 2550 2198 2606 promo-

625 2632 831 2685 tioncm
854 2628 1228 2692 exhtlarescis,
1252 2642 1353 2684 nec
1385 2626 1570 2681 fucato
1601 2626 1950 2696 perfunderis
1976 2624 2196 2696 gaudio.

627 2722 767 2776 Sunt
795 2721 942 2774 enim
973 2719 1241 2789 plerique,
1265 2717 1358 2787 qui
1389 2717 1614 2787 quidem
1636 2715 1740 2770 etsi
1772 2715 1825 2770 in
1857 2713 2200 2784 promotione

627 2813 758 2876 sint,
794 2810 1144 2878 habeantque
1187 2815 1433 2862 mutuam
1459 2806 1607 2860 illam
1636 2820 1765 2875 erga
1787 2803 1984 2858 fratres
2015 2803 2198 2857 chari-

629 2907 824 2965 tatem;
858 2897 950 2952 ubi
989 2904 1168 2950 tamen
1202 2893 1437 2965 primum
1466 2893 1738 2964 contingit
1762 2907 1932 2946 unum
1960 2892 2200 2964 aliquem

2298 1717 2616 1781 κόπτουσιν,
2654 1716 2757 1770 κᾶν
2791 1716 2942 1785 παρὰ
2973 1733 3120 1770 τισιν
3161 1716 3316 1770 οὐδὲν
3351 1716 3696 1784 λελόγισται.
3723 1719 3801 1771 To
3833 1719 3886 1772 δὲ

2297 1807 2511 1878 ἀληθῶς
2535 1808 2879 1878 συγχαίρειν,
2912 1807 3054 1862 αὑτὰ
3089 1808 3159 1862 τὰ
3196 1808 3316 1879 ἴχνη
3343 1807 3447 1877 τῆς
3476 1808 3664 1877 ὅψεως
3693 1811 3885 1880 amas-

2267 1895 2400 1958 ολως
2437 1894 2730 1950 δείκνυσιν.
2768 1895 2842 1949 Τὸ
2887 1895 2996 1966 γὰρ
3034 1897 3320 1968 θυμοειδὲς
3366 1900 3470 1968 τῆς
3519 1899 3764 1969 καρδίας
3795 1901 3886 1968 διι-

2295 1986 2472 2042 λοῦσιν
2505 1988 2558 2040 οί
2609 1986 2903 2057 ὀφθαλμοὶ,
2941 1988 3082 2042 κατὰ
3117 1987 3180 2040 τδ
3217 1989 3641 2059 γεγραμμένον,
3677 2009 3699 2041 ι
3731 1992 3886 2061 Καρ-

2295 2079 2415 2144 δίας
2466 2078 2902 2150 εὑφραινομένης
2961 2079 3253 2150 πρόσωπον
3283 2079 3490 2136 θάλλει.
3538 2099 3561 2134 ι
3603 2081 3788 2135 Τοῦτο
3831 2083 3885 2135 δὲ

2294 2168 2397 2239 τῆς
2428 2169 2638 2232 τελείας
2689 2169 2913 2240 ἀγάπης
2957 2169 3127 2234 ἐστὶν,
3183 2169 3246 2223 τδ
3295 2171 3632 2242 συγχαίρειν
3687 2173 3792 2226 ἐπὶ
3821 2173 3883 2241 τῇ

2297 2262 2549 2332 προκοπῇ
2585 2259 2682 2314 τοῦ
2723 2260 2977 2329 πλησίου.
3017 2261 3212 2315 Πολλοὶ
3239 2260 3350 2332 γὰρ
3382 2263 3443 2314 ὲν
3480 2265 3590 2333 μιᾷ
3627 2267 3883 2331 προκοπῇ

2298 2347 2470 2412 ὅντες,
2501 2349 2595 2402 καὶ
2629 2349 2846 2420 ἔχοντες
2881 2351 3022 2420 πρὸς
3062 2350 3327 2421 ἀλλήλους
3370 2351 3630 2422 ἀγάπην,
3661 2354 3884 2406 ἐπειδὴ

2299 2440 2497 2510 συνέϐη
2539 2441 2638 2494 ἕνα
2680 2441 2743 2506 ἐξ
2773 2441 2954 2494 αὑτῶν
2989 2443 3384 2514 περισσοτέρας
3437 2447 3639 2514 τυχεῖν
3683 2461 3883 2516 προπω-

2297 2533 2426 2602 πῆς,
2471 2535 2500 2586 ὁ
2535 2532 2724 2605 ἕτερος
2751 2536 2830 2598 είς
2864 2533 2924 2588 τὸ
2963 2533 3058 2586 τοῦ
3091 2535 3288 2603 φθόνου
3324 2533 3613 2605 βάραθρον
3651 2541 3880 2590 κατέπ-

2300 2640 2409 2677 σεν·
2434 2624 2462 2676 ὁ
2494 2623 2551 2678 δὲ
2576 2625 2892 2696 συγχαίρων
2915 2623 3136 2695 ἀληθῶς
3161 2625 3238 2696 τῷ
3258 2626 3655 2696 κατορθοῦντι,
3691 2631 3879 2698 ἐκτενῆ

2297 2714 2462 2786 εὐχὴν
2493 2715 2851 2780 ἀδιαλείπτως
2891 2717 3036 2785 ὑπὲρ
3083 2717 3248 2772 αὑτοῦ
3292 2719 3606 2791 προσφέρει
3631 2719 3717 2792 τῷ
3747 2723 3878 2791 Θεῷ.

2299 2805 2496 2871 Καθὼς
2533 2807 2628 2861 καὶ
2664 2809 2693 2862 ὁ
2726 2809 3004 2880 μακάριος
3035 2808 3268 2873 Παῦλος,
3325 2813 3656 2884 συγχαίρων
3699 2819 3879 2876 τισ’;ν.

2299 2899 2505 2967 ἐλεγενο
2545 2918 2562 2952 ι
2603 2899 2769 2953 Ὥστε
2803 2901 2952 2971 ἡμᾶς
2997 2901 3196 2965 αὐτοὺς
3253 2904 3573 2973 καυχᾶσθαι
3639 2909 3705 2959 ὲν
3767 2909 3882 2970 ταῖς

625 3009 693 3048 ex
731 2991 866 3062 ipsis
901 2987 1170 3060 ampliore
1202 2985 1412 3058 perfrui
1441 2986 1807 3056 promotione,
1851 2984 1942 3038 ille
1970 2984 2110 3039 alter
2141 2983 2196 3039 in

2313 2987 2662 3062 Ἑκκλησίαις
2715 2989 2810 3044 τοῦ
2861 2990 3000 3044 Θεοῦ
3059 2992 3188 3062 περὶ
3237 2992 3340 3062 τῆς
3383 2993 3678 3064 ὑπομονῆς
3739 2999 3884 3067 ὑμῶν

628 3088 866 3142 immane
908 3100 1004 3156 per
1039 3083 1146 3138 hoc
1184 3079 1427 3136 concidit
1465 3079 1684 3135 invidiae
1720 3077 2066 3134 barathrum.
2099 3075 2198 3144 Qui

627 3187 810 3232 autem
859 3176 997 3231 citra
1039 3173 1222 3228 fucum
1265 3173 1434 3228 ullum
1482 3169 1734 3241 proximo
1782 3167 2202 3240 congratulatur

627 3280 780 3324 recte
825 3265 1072 3338 fungenti
1120 3263 1320 3329 oﬁicio,
1368 3277 1469 3333 pro
1521 3261 1614 3316 illo
1661 3275 1883 3334 quoque
1932 3261 2202 3316 intentam

630 3360 743 3413 Deo
784 3367 841 3413 et
893 3356 1223 3412 indivulsam
1279 3355 1444 3410 offert
1498 3355 1833 3420 orationem,
1889 3358 2202 3427 exemplum

629 3460 854 3507 secutus
923 3447 1068 3502 beati
1136 3446 1291 3502 Pauli
1361 3445 1692 3516 quibusdam
1741 3447 2199 3518 congratulantis,

633 3551 795 3610 atque
816 3539 1092 3594 dicentis:
1123 3557 1141 3589 ι
1164 3538 1245 3592 Ita
1277 3546 1338 3592 ut
1365 3546 1420 3593 et
1455 3553 1558 3592 nos
1592 3537 1696 3608 ipsi
1735 3538 1791 3592 in
1821 3538 1978 3594 vobis
2003 3538 2204 3610 glorie-

633 3649 758 3688 mur
803 3632 857 3686 in
903 3631 1166 3686 Ecclesiis
1198 3629 1293 3684 Dei
1337 3645 1440 3702 pro
1475 3629 1740 3700 patientia
1771 3641 1976 3694 vestra,
2009 3638 2066 3684 et
2097 3629 2202 3685 fide

634 3727 687 3780 in
716 3725 975 3780 omnibus
989 3722 1470 3794 persecutionibus
1494 3723 1715 3786 vestris,
1738 3736 1876 3792 quas
1890 3722 2200 3788 sustinetis,

631 3819 686 3874 in
719 3817 1030 3888 exemplum
1059 3814 1194 3887 justi
1233 3815 1430 3887 judicii
1472 3814 1680 3884 ipsius,
1717 3822 1776 3869 ut
1808 3813 1957 3885 digni
1995 3814 2198 3870 habea-

629 3912 768 3967 mini
807 3925 980 3980 regno
1007 3907 1103 3963 Dei
1129 3907 1198 3962 ".
1239 3925 1257 3958 ι
1301 3892 1411 3962 Nec
1440 3922 1599 3961 secus
1644 3905 1712 3960 ad
1765 3906 2150 3976 Philippenscs
2187 3925 2198 3960 :

636 4021 654 4054 ι
687 3999 794 4055 Sed
825 3997 930 4054 etsi
959 3995 1212 4051 immolor
1233 4009 1399 4064 supra
1428 3993 1758 4049 sacrificium
1789 4002 1844 4048 et
1875 3993 2203 4063 obsequium

634 4092 763 4146 fidei
788 4099 1006 4148 vestrae.
1033 4087 1244 4158 gaudeo
1273 4095 1329 4140 et
1358 4085 1712 4155 congratulot‘
1735 4084 1992 4138 omnibus
2025 4083 2199 4140 vobis.

628 4183 873 4252 ldipsum
946 4188 1130 4234 autem
1191 4185 1248 4232 et
1313 4192 1410 4230 vos
1467 4174 1698 4245 gaudete
1753 4183 1808 4229 ct
1865 4173 2202 4245 congaudete

629 4275 769 4329 mihi
789 4274 835 4306 "
865 4291 876 4324 :
907 4269 1370 4342 quemadmodum
1401 4269 1548 4322 enim
1584 4266 1849 4331 membra,
1885 4267 1982 4330 ait,
2009 4281 2109 4336 pro
2141 4283 2198 4321 se

630 4365 867 4421 invicem
907 4361 1141 4416 sollicita
1175 4369 1334 4424 sunt,
1363 4365 1420 4412 et
1449 4357 1564 4412 sive
1591 4357 1790 4428 gaudet
1829 4372 1997 4410 unum
2028 4371 2200 4412 mem-

631 4457 826 4518 brum,
880 4451 1228 4522 congaudent
1279 4449 1462 4502 omnia
1509 4447 1788 4513 membra;
1835 4446 1950 4501 sive
1993 4448 2202 4516 patitur

634 4562 802 4602 unum
839 4545 1168 4606 membrum,
1204 4540 1616 4610 compatiuntur
1643 4537 1827 4592 omnia
1859 4537 2198 4604 membra";

631 4638 712 4692 sic
735 4645 792 4691 et
818 4650 921 4690 nos
944 4633 1182 4705 gaudere
1213 4646 1336 4686 cum
1360 4629 1746 4700 gaudentibus,
1773 4627 1904 4681 flere
1929 4643 2054 4682 cum
2076 4627 2204 4682 ﬂen-

631 4730 783 4784 tibus
823 4727 1089 4782 debemus
1117 4723 1183 4779 ⁷⁸.
1215 4742 1232 4774 ο
1265 4723 1373 4776 Et:
1412 4741 1428 4772 ι
1463 4721 1682 4775 llonore
1718 4720 1954 4776 invicem
1997 4737 2206 4790 praeve-

631 4822 849 4876 nientcs
871 4819 951 4871 τέ
985 4837 1002 4868 ι
1035 4831 1132 4871 eos
1168 4814 1432 4869 nimirum
1464 4813 1557 4883 qui
1594 4813 1754 4867 nobis
1783 4813 1917 4881 ipsis
1948 4815 2200 4883 ιιι-ιοθωὶ-

633 4921 786 4966 nent.
824 4909 931 4964 Sed
962 4919 1018 4962 et
1045 4905 1347 4962 Corinthiis
1369 4906 1478 4959 ait:
1513 4922 1532 4954 ι
1566 4903 1685 4958 Νοιι
1728 4902 1875 4957 enim
1915 4903 2023 4956 alia
2066 4903 2202 4958 scri-

634 5005 816 5058 bimus
840 4999 998 5055 vobis
1024 5005 1222 5069 przcter
1247 5011 1312 5052 ea
1339 5011 1462 5066 qua:
1493 5003 1548 5049 et
1579 4993 1761 5064 legitis
1789 5002 1845 5048 et
1869 4994 2200 5065 agnoscitis;

633 5109 798 5164 spero
827 5099 1032 5158 autem,
1065 5088 1193 5158 quia
1239 5096 1297 5142 et
1323 5101 1500 5156 usque
1545 5084 1599 5138 in
1641 5083 1803 5138 finem
1838 5085 2202 5154 cognoscetis,

635 5187 780 5240 sicut
825 5192 882 5238 et
931 5179 1268 5253 cognovistis
1307 5193 1374 5234 ex
1409 5185 1595 5248 parte,
1641 5175 1768 5246 quia
1806 5175 1976 5246 gloria
2007 5173 2204 5229 ’vestra

584 5292 589 5297 '
637 5289 848 5338 sumus,
896 5273 1039 5326 sicut
1081 5279 1136 5325 et
1175 5283 1276 5324 vos
1314 5275 1501 5321 nostra
1552 5265 1605 5318 in
1644 5264 1734 5319 die
1779 5264 1997 5320 Domini
2031 5263 2205 5318 nostri

2304 3083 2396 3136 καὶ
2429 3081 2662 3146 πίστεως
2709 3082 2767 3134 ὲν
2799 3083 2937 3136 πᾶσι
2983 3085 3096 3146 τοῖς
3149 3083 3415 3155 διωγμοῖς
3455 3085 3640 3155 ὑμῶν,
3671 3081 3763 3152 οἷς
3803 3090 3885 3142 ἇν-

2305 3169 2528 3242 έχεσθε,
2565 3171 2830 3243 ἔνδειγμα
2875 3171 2974 3242 τῆς
3008 3172 3408 3244 δικαιοκρισίας
3465 3175 3662 3240 αὑτοῦ,
3699 3180 3788 3242 εἰς
3831 3178 3886 3232 τὸ

2304 3263 2713 3334 καταξιωθῆναι
2753 3265 2854 3336 τῆς
2905 3263 3180 3336 βασιλείας
3235 3265 3328 3318 τοῦ
3369 3266 3532 3322 Θεοῦ.
3587 3287 3610 3320 ι
3654 3267 3886 3340 Ὁμοίως

2305 3356 2399 3410 καὶ
2427 3355 2840 3430 Φιλιππησίοις,
2886 3375 2904 3409 ι
2948 3356 3088 3409 Ἀλλ’
3115 3359 3165 3410 εί
3199 3357 3294 3410 καὶ
3333 3358 3668 3427 σπένδομαι,
3701 3365 3883 3433 qna-iv.

2304 3445 2398 3500 ἐπὶ
2423 3447 2490 3516 τῇ
2516 3445 2677 3516 θυσίᾳ
2710 3445 2808 3499 καὶ
2825 3445 3140 3517 λειτουργίᾳ
3161 3446 3258 3517 τῆς
3283 3446 3522 3511 πίστεως
3555 3450 3743 3520 ὑμῶν,
3769 3453 3886 3523 καί-

2307 3554 2386 3608 ρω
2421 3537 2516 3590 καὶ
2549 3537 2835 3610 συγχαίρω
2865 3540 3033 3591 πᾶσιν
3059 3539 3209 3609 ὑμῖν.
3243 3539 3318 3592 To
3355 3539 3491 3592 αὐτὸ
3512 3539 3576 3594 δὲ
3602 3542 3704 3594 καὶ
3730 3543 3884 3614 opai;

2305 3629 2526 3701 χαίρετε
2573 3631 2671 3684 καὶ⁵
2707 3629 3035 3700 συγχαίρετέ
3087 3647 3202 3700 μοι.
3235 3631 3451 3704 Ὠσπερ
3491 3633 3608 3704 γὲρ
3642 3635 3714 3688 τὰ
3750 3635 3883 3706 μέλη

2307 3719 2646 3790 μεριμνῶσιν
2673 3719 2815 3790 ὑπὲρ
2843 3719 3110 3790 ἀλλήλων*
3147 3721 3242 3774 καὶ
3268 3722 3380 3774 εἴτε
3405 3723 3598 3794 χαίρει
3625 3723 3686 3776 ἓν
3701 3727 3882 3795 μέλος,

2307 3809 2594 3883 συγχαίρει
2637 3810 2822 3864 πάντα
2861 3809 2929 3865 τὰ
2966 3811 3134 3882 μέλη·
3188 3813 3299 3865 είτε
3352 3814 3560 3886 πάσχει
3595 3819 3665 3872 ἓν
3701 3817 3879 3886 μέλος.

2307 3903 2621 3971 συμπάσχει
2654 3903 2835 3956 πάντα
2868 3901 2936 3955 τὰ
2971 3901 3132 3973 μέλη·
3156 3901 3330 3967 οὑτως
3357 3905 3454 3958 καὶ
3480 3907 3649 3976 ἡμεῖς
3671 3909 3883 3978 χαίρειν

2306 3991 2444 4061 μετὰ
2473 3992 2791 4062 χαιρόντων,
2822 3992 2918 4046 κα)⁸
2945 3992 3159 4047 κλαίειν
3207 3995 3348 4064 μετὰ
3385 3995 3697 4052 κλαιόντων
3740 3999 3882 4068 ὀρεί-

2304 4083 2489 4156 λομεν.
2520 4084 2653 4151 Καὶ,
2684 4103 2704 4137 ι
2745 4085 2826 4157 Τῇ
2878 4089 3010 4156 τιμῇ
3057 4087 3324 4158 ἀλλήλους
3361 4091 3818 4162 προηγούμενοι.
3855 4110 3875 4144 ι

2305 4171 2676 4243 ὑπερέχοντας
2713 4173 2946 4230 ἑαυτῶν.
2983 4175 3145 4228 ’Δλλὰ
3178 4176 3274 4228 καὶ
3324 4176 3646 4246 Κορινθίοις
3695 4182 3874 4251 φησίν·

2314 4281 2332 4315 ι
2368 4265 2442 4317 Οὑ
2473 4263 2581 4334 γὰρ
2613 4263 2746 4316 ἄλλα
2779 4265 3066 4336 γράφομεν
3095 4267 3242 4334 ὑμῖν,
3283 4266 3401 4322 ἀλλ’
3452 4269 3486 4338 ἢ
3533 4270 3573 4322 a
3605 4273 3874 4340 ἀναγινὼ-

2307 4371 2489 4419 σκετε,
2521 4355 2618 4408 καὶ
2640 4354 3053 4424 ἐπιγινώσκετε.
3111 4357 3348 4422 Ἐλπίζω
3394 4359 3454 4411 δὲ
3486 4360 3573 4415 ὅτι
3627 4365 3728 4417 καὶ
3779 4367 3876 4427 ἕως

2305 4445 2490 4509 τέλους
2521 4445 2914 4515 ἐπιγνώσεσθε,
2948 4447 3130 4510 καθὼς
3156 4449 3250 4502 καὶ
3283 4449 3566 4516 ἐπέγνωτε
3597 4453 3752 4522 ἡμᾶς
3778 4455 3876 4508 ἀπὺ

2311 4537 2541 4610 μέρους,
2583 4538 2666 4591 ὅτι
2715 4536 2977 4608 καύχημα
3029 4538 3182 4610 ὑμῶν
3233 4541 3419 4609 ἐσμεν·
3472 4543 3736 4612 καθάπερ
3789 4547 3877 4599 καὶ

2310 4629 2468 4698 ὑμεῖς
2498 4627 2654 4699 ἡμῶν
2703 4629 2762 4681 ὲν
2805 4630 2872 4699 τῇ
2914 4627 3096 4700 ἡμέρᾳ
3128 4629 3222 4684 τοῦ
3257 4629 3463 4701 Κυρίου
3506 4635 3672 4702 ἡμῶν
3709 4635 3876 4706 Ἰησοῦ

2311 4718 2568 4790 Χριστοῦ.
2599 4720 2709 4774 Καὶ
2732 4720 2906 4790 ταύτῃ
2935 4724 3002 4792 τῇ
3031 4721 3351 4792 πεποιθήσει
3377 4721 3689 4796 ὲὸουλόμην
3709 4727 3878 4780 ἐλθεῖν

2306 4807 2369 4862 τδ
2400 4811 2665 4881 πρότερον
2691 4810 2829 4881 πρὸς
2855 4811 3024 4879 ὑμᾶς,
3059 4811 3144 4864 ἵνα
3173 4811 3435 4884 δευτέραν
3472 4814 3654 4884 χαρὰν
3693 4817 3876 4886 σχῆτε,

2309 4901 2584 4965 πεποιθὼς
2612 4901 2706 4954 ἐπὶ
2731 4903 2932 4964 πάντας
2968 4902 3136 4970 ὑμᾶς,
3171 4903 3255 4956 ὅτι
3277 4905 3311 4973 ὴ
3342 4903 3450 4974 ἐμὴ
3483 4905 3634 4976 χαρά
3667 4909 3877 4962 πάντων

2311 4993 2465 5064 ὑμῶν
2502 4995 2668 5047 ἐστιν.
2711 5012 2729 5045 ι
2759 4994 3073 5064 Γέγραπται
3097 4994 3153 5048 δὲ
3185 4994 3281 5047 καὶ
3306 4996 3366 5047 ὲν
3387 4994 3468 5065 τῷ
3497 4996 3648 5050 κατὰ
3669 4998 3879 5054 Λουκᾶν

2285 5086 2648 5156 .Εὑαγγελίῳ,
2687 5104 2706 5137 ι
2761 5087 2848 5148 Ὠς
2880 5086 2937 5139 δὲ
2978 5085 3333 5156 ἐπλήσθησαν
3366 5089 3422 5142 αἱ
3452 5089 3660 5159 ἡμέραι
3683 5091 3784 5144 τοὺ
3809 5108 3878 5142 τε.

2312 5176 2429 5228 κεῖν
2463 5174 2564 5244 τὴν
2612 5173 2914 5239 Ἐλιοαὸὲτ,
2948 5175 3044 5228 καὶ
3076 5175 3370 5245 ἐγέννησεν
3417 5177 3560 5240 υίὺν,
3591 5175 3877 5249 καὶἸικουι

2315 5281 2412 5318 σαν
2445 5266 2494 5318 οἱ
2524 5265 2816 5336 περίοικοι.
2849 5265 2944 5318 καὶ
2973 5265 3023 5318 οί
3062 5269 3347 5334 συγγενεῖς
3381 5266 3574 5338 αὐτῆς,
3613 5269 3710 5322 καὶ
3759 5286 3874 5322 συν·

635 5365 766 5420 Jesu
809 5361 1016 5418 Christi
1053 5379 1066 5414 :
1103 5369 1158 5414 et
1211 5358 1315 5412 hac
1359 5355 1691 5412 confidentia
1743 5353 1995 5408 volebam
2054 5353 2199 5424 prius

2315 5355 2534 5427 ἐχαιρον
2560 5357 2721 5427 αὐτῇ.
2757 5374 2776 5407 ι
2815 5355 2971 5409 Οὕτω
3009 5357 3123 5430 γὰρ
3164 5357 3401 5427 νομίμου
3446 5358 3638 5426 φιλίας
3665 5358 3873 5430 θεσμὸς.

637 5457 829 5514 venire
876 5455 943 5510 ad
977 5469 1076 5508 vos
1121 5461 1180 5506 ut
1213 5449 1511 5505 secundam
1551 5447 1783 5518 gratiam
1821 5446 2098 5502 haberetis
2130 5445 2198 5514 ⁶⁹,

1401 5581 1443 5612 ⁷¹
1470 5580 1611 5634 Psal.
1645 5596 1824 5643 χχχιιι,
1850 5580 1936 5634 19.

1325 5649 1368 5682 ⁷⁸
1398 5649 1635 5720 Philipp.
1701 5655 1770 5715 tt,‘
1818 5651 1904 5716 17,
1951 5649 2036 5704 18.

741 5593 789 5624 ’θ
820 5587 962 5642 l'sal.
992 5601 1112 5648 Lxx,
1147 5583 1297 5638 9-12.

636 5665 682 5701 ⁷⁵
711 5660 750 5714 ιι
787 5660 983 5711 Thess.
1018 5672 1054 5717 ι,
1077 5656 1132 5715 Δ,
1161 5653 1214 5706 5.

631 5733 679 5770 εὐ
711 5730 748 5782 tl
779 5729 908 5784 Cor.
937 5723 1186 5794 .,|5-15.

2047 5580 2094 5613 "
2132 5580 2274 5635 Psai.
2305 5596 2484 5641 χχχιι,
2521 5580 2606 5635 16.

2154 5651 2194 5682 ⁷⁷
2227 5650 2248 5703 l
2276 5650 2402 5704 Cor.
2438 5666 2531 5717 xu,
2561 5649 2652 5716 25,
2686 5649 2774 5706 26.

2317 5448 2413 5503 καὶ
2441 5449 2598 5502 κοινὰ
2645 5448 2914 5502 ποιεῖσθαι
2949 5448 3018 5502 τὰ
3053 5448 3162 5504 τῶν
3188 5449 3556 5520 φιλουμένων.
3589 5453 3701 5504 Ka‘t
3727 5452 3874 5512 asa,-

2717 5581 2760 5613 ⁷³
2795 5580 2984 5637 Matth.
3035 5595 3202 5645 um,
3234 5579 3323 5634 Β.
3429 5582 3480 5614 ⁷⁸
3511 5583 3674 5637 Prov.
3705 5578 3866 5641 “1,3.
3911 5562 3920 5576 ’

2892 5651 2936 5682 ⁷⁸
2975 5651 3133 5704 Rom.
3201 5665 3292 5715 xu,
3353 5650 3442 5704 15.
3553 5653 3757 5708 "ibid.
3794 5649 3867 5704 t0.
