3916 6304
136 304 270 368 1613

840 309 1164 369 HOMILIA
1207 310 1715 371 LX.-NEMINI
1753 311 2150 373 INGERERE
2190 313 2673 382 TRISTITIAM.

3235 315 3369 379 16H

130 413 284 484 οὗτος
313 420 342 473 6
377 420 588 492 τεχθεὶς
634 422 892 492 Ἰωάννης
926 422 1110 490 ἔλεγεν
1152 425 1265 487 τοῖς
1302 424 1572 494 μαθηταῖς
1598 426 1698 480 αὺ-

1813 427 2087 483 :oniidens
2137 442 2265 500 erga
2316 444 2510 484 omnes
2559 444 2658 483 vos
2706 429 2833 499 quia
2884 444 3065 484 meum
3114 432 3373 502 gaudium

131 514 247 577 τοῦ,
279 532 297 566 ι
355 512 400 566 0
426 513 580 582 φίλος
606 512 699 567 τοῦ
729 512 984 582 νυμφίου,
1007 512 1326 583 ὁὲστηκὼς,
1362 516 1455 568 καὶ
1486 514 1704 569 ἁκούων

133 604 325 668 αὑτοῦ,
368 606 515 676 χαρᾷ
546 604 727 675 χαίρει
773 604 863 659 διά
898 603 996 673 τὴν
1031 605 1216 675 φωνὴν
1248 606 1344 659 τοῦ
1387 607 1642 677 νυμφίου.
1682 627 1700 660 ι

132 695 281 765 Αὕτη
314 691 411 750 οὖν
441 698 473 766 ή
504 696 649 767 χαρὰ
683 696 716 767 ἡ
747 694 1266 767 ἐμὴ-πεπλήρωται,
1293 714 1310 747 ι
1359 697 1598 752 Ἐκεῖνον
1624 696 1706 749 δεῖ

133 786 409 853 αὐξάνειν,
437 789 536 859 ἐμὲ
555 789 613 842 δὲ
643 788 1020 844 ἐλαττοῦσθαι.
1056 810 1075 843 ι
1099 791 1157 845 '0
1181 792 1291 860 γὰρ
1319 792 1457 862 ἔχων
1479 793 1697 847 τελείαν

1802 520 2052 575 omnium
2100 530 2346 577 vestrum
2379 531 2465 575 est
2492 521 2557 574 3‘.
2589 540 2608 572 ι
2647 520 2929 590 Scriptum
2976 531 3161 578 autem
3205 533 3292 579 est
3321 535 3378 580 et

1804 612 1858 666 in
1910 612 2073 668 Lucae
2125 613 2473 684 Evangelio:
2517 632 2535 663 ι
2582 609 2878 683 Postquam
2933 622 3120 671 autem
3165 616 3378 687 impleti

1807 711 1937 759 sunt
1960 703 2080 759 dies
2109 704 2363 774 pariendi
2393 704 2699 768 Elisabeth,
2733 714 2790 760 et
2818 706 2935 775 ipsa
2964 706 3154 776 genuit
3178 706 3375 773 ﬁlium,

1804 804 1861 849 et
1881 793 2182 849 audierunt
2217 794 2387 850 vieini
2427 802 2485 850 et
2527 795 2742 865 cognati
2771 796 2912 866 ejus,
2943 802 3002 850 et
3028 797 3379 866 congratula-

133 879 376 948 ἀγάπην,
411 879 602 933 ἑαυτὸν
653 879 913 935 ἐλάττονα
945 882 1160 952 ἡγεῖται
1184 898 1198 912 ο
1231 881 1322 935 τὸν
1365 881 1424 935 δὲ
1450 881 1701 953 πλησίον,

134 969 474 1041 ὑπερέχοντα
519 970 736 1026 ἑαυτοῦ.
777 972 936 1043 Αύτῷ
985 974 1018 1043 ἡ
1063 971 1190 1040 δόξα
1221 974 1304 1037 είς
1338 973 1465 1037 τοὺς
1496 973 1702 1037 αίῶνας

1805 881 2009 936 bantur
2033 882 2086 937 ei
2107 882 2173 937 ⁸⁸.
2211 901 2230 933 ι
2263 882 2415 937 Adeo
2446 898 2570 953 qua:
2594 884 2896 939 amicorlun
2926 892 3057 938 sunt
3082 884 3379 953 peculiari-

1805 979 1912 1038 ter,
1948 972 2263 1028 communia
2299 970 2468 1028 efﬁcit
2492 974 2774 1029 vinculum
2804 974 3064 1044 legitima:
3102 975 3376 1030 amicitiae.

132 1061 240 1114 τῶν
270 1062 503 1117 αἰώνων.
550 1064 609 1116 ’Λ
617 1064 746 1134 μήν.

1813 1063 1945 1129 Quin
1969 1071 2025 1116 et
2056 1064 2168 1129 hic,
2201 1064 2342 1134 ipse,
2385 1064 2632 1134 inquam,
2657 1065 2920 1130 Joannes,
2962 1066 3079 1120 suis
3103 1066 3380 1122 disserens

131 1152 445 1221 discipulis,
476 1154 737 1208 dicebat:
777 1175 796 1206 ι
842 1155 1065 1210 Amicus
1099 1155 1285 1225 sponsi
1318 1164 1490 1218 stans,
1528 1163 1584 1209 et
1644 1153 1878 1209 audiens
1924 1154 2124 1223 ipsum,
2164 1155 2365 1225 gaudio
2406 1155 2609 1226 gaudet
2667 1165 2897 1226 propter
2958 1171 3148 1213 vocem
3212 1173 3382 1228 spon-

132 1244 175 1297 si
201 1244 269 1295 ⁸³.
306 1262 324 1294 ι
367 1243 541 1312 igitur
582 1246 689 1302 hoc
725 1262 907 1301 meum
946 1246 1208 1315 gaudium
1252 1246 1537 1315 impletum
1580 1251 1707 1299 est:
1751 1264 1769 1296 ι
1801 1244 1959 1298 Illum
1987 1253 2206 1314 oportet
2235 1261 2509 1311 crescere,
2538 1262 2627 1301 me
2689 1257 2873 1303 autem
2935 1249 3109 1304 minui
3133 1248 3200 1305 ⁸⁸.
3231 1269 3249 1300 ι
3275 1252 3380 1315 Qui

130 1334 277 1387 enim
328 1335 395 1389 ad
455 1335 748 1403 perfectam
797 1352 970 1406 usque
1020 1335 1291 1406 promovit
1337 1335 1694 1398 cbaritatem,
1734 1349 1793 1388 se
1836 1333 2061 1402 quidem
2110 1334 2383 1390 minorem
2433 1335 2612 1401 ducit,
2666 1337 2977 1406 proximum
3050 1354 3184 1394 vero
3233 1340 3383 1409 inge-

130 1440 241 1479 nue
282 1425 577 1493 proﬁtetur
612 1424 1057 1479 eminentiorem.
1087 1423 1193 1492 Ipsi
1223 1422 1394 1493 gloria
1428 1422 1485 1476 in
1515 1422 1713 1477 secula
1751 1422 2098 1477 saeculorum.
2127 1423 2323 1478 Amen.

756 1537 973 1591 ΛΟΓΟΣ
1013 1537 1089 1590 Ξν.

504 1651 640 1719 Περὶ
674 1649 780 1704 τοῦ
803 1649 889 1719 μὴ
921 1649 1139 1704 λυπεῖν
1178 1667 1329 1703 τινα.

201 1764 267 1818 Ei
293 1765 322 1816 6
347 1761 576 1831 ἀγαπῶν
604 1760 694 1814 τὸν
725 1760 953 1830 ἀδελφὸν
992 1759 1180 1823 αὐτοῦ,
1206 1759 1298 1813 τὸν
1328 1758 1462 1813 Θεὸν
1494 1760 1701 1831 ἀγαπᾷ,

2259 1540 2472 1610 1120
2499 1538 2779 1594 HOMILIA
2820 1539 2931 1597 LX.

2214 1646 2294 1701 Ne
2331 1649 2413 1701 cui
2432 1649 2644 1718 ingeras
2675 1649 2963 1703 tristitiam.

1879 1755 1982 1823 Qui
2010 1755 2191 1826 diligit
2220 1756 2449 1813 fratrem
2499 1773 2684 1822 suum,
2716 1758 2890 1813 Deum
2934 1759 3128 1831 utique
3165 1761 3379 1834 diligit;

130 1855 228 1909 καὶ
270 1858 300 1908 6
347 1856 422 1924 μὴ
451 1850 680 1922 ἀγαπῶν
719 1851 809 1905 τὸν
836 1848 1063 1919 ἀδελφὺν
1089 1850 1277 1918 αὐτοῦ,
1304 1850 1424 1904 οὐδὲ
1461 1849 1552 1904 τὸν
1575 1850 1708 1905 Θεὸν

1813 1855 2034 1913 contra,
2095 1848 2350 1919 quisquis
2415 1849 2644 1903 fratrem
2714 1865 2875 1905 suum
2936 1852 3260 1922 neutiquam
3316 1871 3384 1911 ex

129 1947 348 2015 ἀγαπᾷ,
379 1944 522 1998 κατά
548 1943 641 1997 τὸν
682 1941 980 1996 ἀπόστολον
1017 1941 1273 2012 Ἰωάννην
1296 1980 1313 2005 ,
1342 1939 1504 2009 δῆλόν
1532 1940 1701 2006 ἐστιν,

128 2039 214 2092 ὃτι
240 2037 338 2089 καὶ
370 2038 399 2090 6
421 2035 606 2090 λυπῶν
634 2035 722 2088 τὸν
754 2033 983 2102 ἀδελφὸν
1005 2031 1193 2096 αὐτοῦ,
1224 2031 1316 2085 τὸν
1356 2032 1489 2086 Θεὸν
1517 2031 1700 2086 λυπεῖ.

133 2148 154 2181 ι
194 2128 541 2198 Μὴρλυπεῖτε
584 2125 715 2198 γὰρ,
747 2125 934 2196 φησὶν,
963 2123 1025 2176 τὸ
1054 2122 1278 2193 Πνεῦμα
1298 2122 1360 2175 τὸ
1388 2120 1543 2191 ἆγιον
1577 2124 1635 2175 ἐν
1661 2114 1706 2190 ᾧ

128 2218 562 2291 ἐσφραγίσθητε.
617 2238 636 2270 ι
690 2216 801 2271 Καὶ
842 2216 923 2284 τὸ,
964 2233 982 2267 ι
1038 2214 1171 2284 Ἐμὲ
1206 2213 1507 2284 ἐλύπησαν,
1559 2213 1706 2283 λέγει

127 2311 360 2382 Κύριος.
391 2329 411 2363 ι
468 2309 576 2363 Καὶ
629 2304 805 2372 αὖθις,
862 2325 881 2358 ι
949 2304 1069 2373 Ἐφ’
1100 2306 1226 2358 ὅσον
1283 2304 1575 2374 ἐποιήσατε
1629 2304 1708 2357 ἑνὶ

128 2403 340 2455 τούτων
408 2401 517 2455 τῶν
566 2399 810 2468 ἀδελφῶν
882 2414 982 2469 μου
1038 2394 1146 2449 τῶν
1222 2394 1542 2465 ἐλαχίστων,
1585 2396 1710 2464 ἐμοὶ

129 2492 451 2561 ἐποιήσατε.
496 2509 516 2542 ι
550 2489 684 2554 Καὶ,
722 2505 741 2539 ι
795 2486 911 2554 Ἐφ’
967 2486 1088 2538 ὅσον
1145 2483 1247 2537 οὐκ
1275 2486 1566 2555 ἐποιήσατε
1631 2485 1710 2536 ἑνὶ

127 2584 379 2645 τούτων,
435 2580 559 2634 οὐδὲ
629 2580 753 2648 ἐμοὶ
836 2578 1154 2646 ἐποιήσατε.
1225 2596 1245 2630 ι
1303 2577 1710 2630 Ἀποδέδεικται

127 2673 315 2725 τοίνυν
384 2670 476 2724 διὰ
517 2669 626 2722 τῶν
675 2669 1107 2738 προειρημένων,
1153 2671 1236 2724 ὅτι
1301 2669 1331 2721 6
1402 2667 1496 2720 τὸν
1553 2666 1709 2719 ἁδελ-

131 2765 234 2833 φὸν
259 2762 423 2816 αὑτοῦ
468 2760 811 2831 θεραπεύων,
857 2760 950 2813 τὸν
1007 2761 1140 2814 Θεὸν
1185 2757 1494 2832 θεραπεύει.
1544 2757 1712 2811 Γινώ-

134 2874 356 2920 σκοντες
392 2850 505 2921 οὖν,
545 2856 836 2925 ἀγαπητοὶ,
869 2856 950 2907 ὅτι
986 2857 1045 2907 ὲν
1100 2853 1283 2924 τούτῳ
1314 2853 1404 2905 τὸν
1435 2852 1566 2905 Θεὸν
1621 2849 1714 2903 θε-

133 2948 474 3019 ραπεύομεν,
522 2945 580 2998 ὲν
624 2945 702 3015 τῷ
739 2944 813 3016 μὴ
841 2943 1034 2997 λυπεῖν
1080 2943 1138 2997 ἐν
1191 2960 1299 3029 τινι
1328 2946 1420 2996 τον
1465 2940 1712 3012 πλησίον,

133 3040 413 3102 παντοίως
446 3037 843 3108 ἀγωνισώμεθα
896 3035 974 3108 μὴ
1000 3035 1184 3089 δοῦναι
1252 3035 1528 3106 πρόφασιν
1553 3033 1587 3103 ἢ
1628 3032 1715 3084 αἱ·

133 3132 262 3184 τίαν
323 3132 431 3182 τινὶ
497 3129 590 3182 τοῦ
657 3128 942 3181 λυπεῖσθαι
1010 3126 1131 3180 καθ’
1180 3126 1339 3197 ἡμῶν
1398 3121 1707 3192 εύλόγωςῆ

132 3224 350 3290 ἀλόγως
376 3238 388 3250 ·
424 3221 511 3273 ἵνα
559 3221 635 3291 μὴ
679 3218 1049 3290 ἁπρόσδεκτος
1082 3218 1308 3290 γένηται
1344 3217 1379 3287 ἡ
1427 3213 1706 3287 προσευχὴ

134 3315 319 3388 ἡμῶν,
350 3311 424 3375 ὡς
454 3310 725 3383 πρόϐατον
770 3313 862 3365 ἐπὶ
894 3310 1094 3381 βωμόν.
1150 3328 1168 3361 ι
1219 3303 1312 3373 Εἷς
1354 3308 1484 3377 γὰρ,
1520 3306 1704 3376 φησὶν,

134 3406 456 3478 εὐχόμενος,
509 3406 602 3458 καὶ
637 3398 718 3467 εἷς
752 3400 1161 3472 καταρώμενος,
1200 3399 1342 3461 τίνος
1382 3397 1565 3466 φωνὴν
1590 3397 1709 3447 είσι-

134 3497 432 3551 ἀκούσεται
477 3496 505 3548 6
542 3493 861 3561 Δεσπότης;
906 3510 924 3541 ι
958 3490 1138 3551 καθὼς
1175 3489 1232 3540 ὲν
1257 3489 1324 3556 τῇ
1355 3485 1526 3556 Σοφίᾳ
1560 3481 1709 3551 δεδή-

133 3588 328 3640 λωται.
370 3607 388 3639 ι
419 3586 530 3639 Καὶ
560 3580 738 3647 αὖθις,
763 3601 780 3632 ι
815 3576 906 3645 Εἷς
928 3578 1246 3648 οἰκοδομῶν,
1276 3577 1369 3629 καὶ
1398 3570 1476 3638 εἷς
1514 3572 1709 3627 καθαι-

139 3675 277 3747 ρῶν,
305 3674 357 3726 τί
389 3672 766 3740 ὠφελήσουσιν
794 3668 980 3731 πλέον,
1020 3666 1054 3738 ἣ
1103 3664 1342 3728 mino-oc;
1381 3659 1713 3732 βαπτιζόμε-

136 3783 232 3828 νος
266 3766 373 3817 ἀπὸ
406 3762 621 3833 νεκροῦ,
657 3762 754 3814 καὶ
786 3759 951 3813 πάλιν
977 3756 1303 3826 ἁπτόμενος,
1336 3753 1388 3806 τί
1430 3751 1710 3822 ὠφέλησεν

132 3858 198 3911 τὸ
233 3854 461 3923 λουτρὸν
491 3851 695 3915 αὑτοῦ,
736 3868 754 3901 ι
794 3846 981 3909 Οὕτως
1008 3844 1282 3916 νηστεύων
1305 3842 1588 3911 ἄνθρωπος
1620 3840 1712 3891 ἐπὶ

131 3950 247 4002 τῶν
293 3942 580 4018 ἁμαρτιῶν
612 3940 802 4005 αὐτοῦ,
840 3939 934 3992 καὶ
964 3937 1131 3991 πάλιν
1162 3928 1711 4013 πορνευόμενος,καὶ

133 4043 210 4095 τὰ
246 4041 383 4093 αὐτὰ
416 4037 609 4101 ποιῶν,
653 4036 751 4104 τῆς
780 4029 1094 4105 προσευχῆς
1136 4026 1299 4079 αὐτοῦ
1340 4024 1424 4087 τίς
1458 4020 1710 4076 εἰσακού-

137 4146 328 4197 σεται;
364 4128 460 4182 καὶ
492 4127 544 4179 τί
573 4123 855 4194 ὠφέλησεν
898 4123 955 4173 ὲν
984 4119 1063 4188 τῷ
1104 4113 1490 4170 ταπεινοῦσθαι
1516 4111 1706 4174 αὐτόν;

136 4223 255 4277 Καὶ
284 4223 513 4288 ὲπᾴγει,
553 4237 570 4268 ι
623 4216 714 4287 Μὴ
765 4215 1016 4267 τὲκταινε
1067 4209 1160 4262 ἐπὶ
1207 4208 1300 4261 σὺν
1340 4205 1493 4276 φίλον
1540 4205 1707 4268 κακᾶ,

136 4302 534 4383 παροικοῦντα,
586 4310 679 4360 καὶ
711 4304 1007 4358 πεποιθότα
1035 4302 1130 4354 ἐπὶ
1167 4299 1274 4354 σοί.
1321 4300 1415 4350 Ἐκ
1445 4297 1710 4366 στόματος

134 4410 250 4476 γὰρ
290 4407 518 4475 ἄφρονος
588 4400 925 4466 ἐξελεύσεται
966 4396 1236 4479 βακτηρία
1280 4392 1488 4479 ὕϐρεως
1513 4409 1526 4420 ·
1556 4390 1707 4460 χείλη

1806 1939 1992 1994 animo
2061 1939 2282 2010 diligit,
2342 1956 2524 2010 neque
2597 1940 2645 1996 is
2709 1941 2887 2013 diligit
2950 1943 3164 2009 Deum,
3228 1946 3384 2016 juxta

1803 2028 2030 2085 Joannis
2083 2029 2318 2100 apostoli
2377 2029 2707 2085 sententiam
2755 2031 2824 2084 ⁸⁸.
2887 2031 3034 2086 Nulli
3084 2034 3383 2089 obscurum

1805 2134 1927 2175 esse
1976 2129 2202 2189 putem,
2261 2121 2523 2190 quoniam
2559 2121 2814 2192 quisquis
2864 2123 3092 2179 fratrem
3148 2141 3385 2182 maerere

1808 2208 1964 2271 facit.
2021 2209 2165 2265 idem
2205 2212 2496 2266 contristat
2542 2220 2599 2267 et
2645 2213 2843 2269 Deum.
2883 2233 2902 2265 ι
2942 2216 3123 2271 Nolite
3172 2219 3385 2272 contri-

1808 2310 1957 2358 stare
2028 2303 2293 2373 Spiritum
2362 2314 2653 2374 sanetum,
2708 2308 2821 2373 ait,
2885 2308 2940 2363 in
3007 2325 3120 2380 quo
3182 2311 3379 2382 signati

1808 2393 1943 2448 estis
1976 2390 2044 2446 ⁸⁸.
2083 2413 2101 2444 ι
2140 2394 2209 2448 Ει
2242 2410 2255 2446 :
2296 2412 2315 2445 ι
2351 2394 2434 2449 Me
2481 2395 2975 2463 contristaverunt,
3029 2399 3165 2455 dicit
3201 2404 3387 2457 Domi-

1809 2496 1917 2536 nus
1942 2483 2008 2538 ⁸⁷.
2042 2501 2060 2533 ι
2094 2484 2331 2538 Rursum
2362 2501 2376 2538 :
2410 2504 2427 2535 ι
2465 2484 2724 2552 Quandiu
2773 2487 2983 2543 fecistis
3027 2492 3123 2544 uni
3148 2507 3233 2557 ex
3274 2494 3387 2547 fra-

1812 2574 1989 2629 tribus
2007 2575 2142 2629 meis
2158 2575 2420 2640 minimis,
2446 2577 2582 2631 mibi
2606 2577 2815 2633 fecistis
2832 2580 2896 2634 ⁸⁸.
2921 2600 2938 2631 ι
2964 2581 3066 2636 Et:
3089 2602 3105 2633 ι
3130 2583 3387 2650 Quandiu

1812 2680 1923 2720 non
1967 2664 2176 2721 fecistis
2214 2666 2308 2720 uni
2354 2682 2424 2721 ex
2471 2668 2578 2734 bis,
2621 2684 2801 2739 neque
2844 2671 2979 2725 mihi
3026 2673 3237 2729 fecistis
3266 2676 3334 2730 ⁸⁸.
3364 2696 3381 2725 ι

1814 2753 1911 2809 ilis
1928 2755 2096 2825 igitur
2114 2756 2392 2825 praedictis
2414 2756 2613 2811 idonee
2634 2758 2771 2813 satis
2789 2758 3156 2816 demonstrari
3176 2772 3384 2833 putem,

1814 2846 2075 2917 quoniam
2107 2847 2202 2917 qui
2233 2846 2301 2901 de
2338 2846 2506 2902 fratre
2535 2846 2675 2903 bene
2715 2851 2950 2906 meritus
2974 2853 3201 2909 exhibet
3228 2857 3389 2912 obsc-

1812 2938 2026 3008 quium,
2055 2938 2379 3008 obsequitur
2405 2947 2460 2993 et
2487 2938 2619 2994 Deo.
2661 2938 2798 2995 Cum
2836 2941 3025 3013 igitur,
3049 2944 3383 3009 charissimi,

1814 3026 1988 3096 probe
2040 3029 2151 3097 jam
2202 3027 2541 3093 noverimus,
2596 3044 2698 3084 nos
2753 3029 2809 3083 in
2863 3030 2972 3086 hoc
3022 3033 3255 3104 obsequi
3322 3053 3387 3092 ac

1817 3116 2085 3172 inservire
2123 3117 2258 3182 Deo,
2300 3117 2346 3171 si
2377 3117 2527 3172 nulla
2562 3118 2619 3172 in
2663 3134 2722 3174 re
2751 3121 3062 3189 proximum
3090 3126 3386 3182 eontristc-
3450 3108 3457 3117 ’

1812 3223 1972 3263 mus:
1995 3207 2175 3263 modis
2200 3209 2460 3265 omnibus
2476 3209 2809 3276 adnitamur,
2832 3227 2900 3266 ne
2924 3229 3031 3283 qua
3054 3214 3108 3269 in
3135 3232 3194 3271 re
3221 3218 3384 3273 ullam

1812 3314 2170 3369 suggeramus
2205 3300 2553 3357 occasionem
2581 3302 2696 3356 sive
2731 3317 2949 3358 causam
2998 3307 3246 3375 proximo
3284 3310 3382 3363 tri-

1813 3390 1978 3445 stitiae
2019 3397 2076 3444 et
2102 3390 2381 3455 mmroris,
2414 3389 2530 3446 sive
2570 3407 2660 3447 res
2692 3392 2832 3447 ferat
2872 3395 3068 3450 rationi
3101 3406 3384 3470 utcunque

1812 3489 2217 3543 consentanea,
2272 3481 2386 3534 sive
2438 3480 2673 3535 minus:
2714 3492 2774 3537 ut
2833 3500 2904 3538 ne
2959 3495 3146 3541 nostra
3205 3490 3385 3543 oratio

1817 3570 2043 3640 perinde
2085 3585 2150 3625 ac
2204 3570 2473 3640 rcjectitia
2520 3573 2792 3641 quaepiam
2835 3575 2954 3629 ovis
3000 3585 3057 3631 et
3114 3581 3383 3648 reproba,

1816 3664 1928 3717 Deo
1956 3663 2167 3733 ingrata
2206 3661 2319 3717 fiat.
2353 3682 2370 3712 ι
2400 3662 2552 3717 Unus
2581 3663 2727 3716 enim
2762 3678 2947 3731 orans,
2981 3667 3059 3721 ait
3095 3668 3307 3736 Sit-acii,
3331 3682 3388 3728 et

1817 3768 1963 3808 unus
2017 3752 2387 3816 maledicens,
2444 3752 2601 3821 cujus
2659 3768 2852 3808 vocem
2897 3757 3156 3812 exaudiet
3203 3760 3387 3816 Domi-

1816 3860 1922 3900 nus
1948 3845 2027 3897 ”?
2058 3864 2075 3896 ι
2113 3843 2580 3913 quemadmodum
2617 3845 2671 3899 in
2707 3844 2990 3914 Sapientia
3019 3847 3150 3903 Jesu
3189 3849 3384 3908 Siracli

1816 3937 2123 3992 luculenter
2147 3949 2468 4005 expressum
2498 3944 2602 3991 est.
2634 3935 2874 3990 Rursum
2909 3953 2923 3990 :
2966 3955 2985 3989 ι
3014 3939 3168 3996 Unus
3212 3941 3387 3996 aedifi-

1816 4044 1947 4084 cans
1996 4037 2052 4083 et
2100 4042 2244 4081 unus
2294 4026 2620 4092 destruens,
2665 4027 2796 4097 quid
2837 4030 3112 4086 commodi
3157 4031 3388 4089 afferent

1816 4127 2017 4189 praeter
2036 4118 2289 4173 labores?
2318 4118 2419 4183 Qui
2451 4118 2668 4172 lavatur
2691 4134 2721 4172 a
2750 4120 3064 4186 morticine,
3095 4131 3152 4177 et
3183 4123 3385 4179 iterum

1817 4211 1988 4282 tangit
2017 4211 2388 4276 morticinum,
2416 4227 2538 4281 quae
2567 4212 2777 4267 utilitas
2800 4212 2853 4267 in
2880 4214 3098 4269 lavacro
3123 4216 3337 4287 ejus”?
3362 4238 3380 4267 ι

1817 4303 1910 4358 Sic
1929 4302 2024 4372 qui
2048 4302 2261 4373 jejunat
2285 4303 2451 4357 homo
2485 4319 2585 4372 pro
2614 4305 2857 4373 peccatis
2883 4306 3018 4366 suis.
3039 4319 3094 4362 ct
3117 4309 3162 4362 is
3187 4308 3384 4363 iterum

1816 4391 2142 4458 fornicatur,
2188 4409 2252 4447 ac
2299 4394 2491 4448 eadem
2532 4394 2663 4449 facit
2704 4410 2826 4463 quae
2870 4394 3049 4464 prius,
3079 4398 3385 4453 orationem

134 4501 199 4554 δὲ
260 4497 437 4565 σοφῶν
497 4493 827 4563 φυλάξουσιν
877 4488 1101 4550 αὐτούς.
1161 4506 1179 4539 ι
1244 4486 1303 4539 Ὀ
1346 4483 1706 4555 πορευόμενος

1819 4481 1979 4537 istius
2022 4481 2147 4555 quis
2194 4481 2488 4537 exaudiet?
2528 4481 2738 4551 Ecquid
2779 4481 3012 4551 profecit
3045 4483 3387 4538 bumiliaudo

134 4585 344 4659 ὀρθῶς,
378 4584 624 4653 φοϐεῖται
676 4581 765 4634 τὸν
797 4578 1034 4649 Κύριονο
1088 4579 1115 4628 6
1160 4575 1218 4628 δὲ
1260 4571 1562 4635 σκολιάζων
1586 4572 1708 4632 ταῖς

135 4678 287 4741 ὁδοῖς
317 4674 504 4740 αὑτοῦ,
544 4672 1000 4745 ἀτιμασθήσεται.
1050 4670 1157 4723 Καὶ
1202 4669 1231 4721 6
1279 4667 1566 4734 προφήτης
1605 4665 1710 4717 Μι-

135 4765 305 4838 χαίας
331 4763 693 4833 ποτνιώμενος
721 4760 863 4815 κατά
891 4760 983 4812 τοῦ
1001 4756 1219 4829 Ἰσραὴλ
1245 4756 1451 4824 ἔλεγεν,
1490 4773 1509 4805 ι
1541 4753 1710 4806 Ἕκα-

139 4873 273 4920 στος
301 4856 392 4910 τὺν
422 4855 649 4924 πλησίον
696 4852 861 4907 αὐτοῦ
903 4851 1162 4913 ἐκθλίϐει,
1200 4851 1280 4913 εἰς
1311 4847 1371 4901 τὸ
1404 4847 1573 4901 κακὸν
1610 4845 1711 4908 τὰς

138 4949 339 5020 χεῖρας
370 4943 548 4998 αὐτῶν
578 4939 977 5012 ἐτοιμάζοντες.
1019 4958 1037 4991 ι
1059 4940 1116 4991 '0
1145 4939 1202 4990 δὲ
1232 4935 1569 4999 Ἀπόστολος,
1593 4954 1612 4986 ι
1646 4936 1706 4987 Ei

137 5039 254 5110 γὰρ
305 5039 334 5091 6
367 5034 591 5103 ἁδελφός
627 5050 720 5086 σου
766 5028 1038 5093 λυπεῖται,
1075 5028 1271 5099 φησιν,
1300 5026 1398 5079 οὐκ
1444 5024 1526 5078 ἔτι
1570 5025 1710 5077 κατά

137 5128 368 5198 ἀγάπην
399 5126 742 5195 περιπατεῖς.
780 5142 798 5172 ι
828 5121 989 5188 Λέγει
1018 5120 1074 5172 δὲ
1102 5119 1195 5172 καὶ
1222 5118 1250 5169 6
1282 5116 1506 5188 Κύριος,
1543 5132 1562 5166 ι
1596 5115 1712 5177 Πᾶς

136 5222 169 5273 6
214 5217 570 5289 ὀργιζόμενος
613 5212 689 5282 τῷ
731 5210 943 5280 ἀδελφῷ
995 5207 1182 5271 αὑτοῦ,
1236 5204 1417 5275 ἔνοχος
1463 5204 1614 5257 ἔσται
1645 5206 1711 5274 τῇ

138 5308 352 5380 κρίσει·
411 5306 467 5369 ὃς
509 5305 552 5357 δ’
607 5303 673 5356 ἀν
725 5302 854 5373 εἴπῃ
890 5296 966 5368 τῷ
1006 5294 1221 5364 ἀδελφῷ
1251 5292 1441 5359 αὐτοῦ,
1481 5292 1712 5355 Ῥακκὰ,

140 5402 331 5470 ἔνοχος
363 5398 517 5451 ἔσται
541 5395 619 5467 τῷ
652 5393 945 5464 συνεδρίῳ·
974 5390 1068 5443 καὶ
1096 5387 1155 5474 ὃς
1173 5386 1217 5440 δ’
1250 5385 1317 5439 ἂν
1354 5384 1503 5455 εἴπῃ,
1528 5385 1718 5455 Μωρὲ,

217 5536 263 5571 ⁸⁸
293 5538 339 5592 li
362 5534 490 5593 Cor.
522 5551 581 5599 ιι,
608 5533 662 5587 ὅ.
736 5533 782 5565 θ’
814 5531 946 5585 Luc.
983 5546 1021 5593 ι,
1046 5529 1134 5590 57,
1162 5527 1248 5599 58.

1815 4573 1916 4628 se?
1944 4572 2161 4627 lnducit
2191 4590 2204 4625 :
2239 4593 2257 4623 ‹
2297 4572 2370 4627 Ne
2399 4573 2733 4628 maehineris
2761 4574 2901 4628 maia
2943 4573 3204 4630 adversus
3247 4578 3387 4629 ami-

1815 4679 1940 4717 cum
1979 4672 2132 4717 tuum
2177 4663 2270 4732 qui
2316 4664 2469 4741 juxta
2511 4673 2562 4718 te
2617 4664 2849 4729 habitat,
2903 4672 2961 4718 et
3012 4664 3181 4719 habet
3225 4666 3280 4719 in
3334 4673 3388 4720 te

1814 4754 2070 4810 fiduciam
2102 4757 2146 4787 θ’
2172 4773 2186 4821 ;
2222 4771 2289 4811 ex
2318 4770 2413 4809 ore
2450 4755 2595 4810 enim
2627 4757 2941 4822 stultorum,
2970 4755 3152 4812 baculi
3190 4767 3387 4812 contu-

1816 4845 1993 4900 meliae
2020 4846 2384 4914 cxpellentur,
2428 4845 2573 4899 labia
2604 4855 2789 4900 autem
2839 4844 3171 4915 sapientium
3199 4858 3388 4903 custo-

1818 4935 1972 4990 dient
1994 4951 2091 4991 eos
2113 4936 2178 4989 ".
2210 4955 2227 4985 ι
2261 4936 2424 4997 Sane,
2459 4937 2554 5006 qui
2589 4945 2737 4991 recte
2768 4937 2994 5004 incedit,
3027 4938 3182 4994 timet
3204 4939 3388 4994 Domi-

1819 5042 1985 5104 num;
2020 5027 2113 5095 qui
2148 5036 2330 5081 autem
2362 5026 2480 5082 vias
2512 5043 2640 5082 suas
2674 5028 2958 5097 depravat,
2984 5029 3387 5100 ignominiosus

1806 5117 1942 5177 erit.
1985 5118 2258 5187 Pmpheta
2307 5118 2534 5188 insuper
2571 5118 2827 5173 Micba-ms
2868 5120 3189 5189 suppliciter
3226 5121 3385 5175 obte-

1819 5219 1970 5263 stans
2014 5210 2275 5265 adversus
2318 5210 2485 5265 Israel
2527 5228 2539 5263 :
2579 5230 2596 5261 ι
2642 5210 3029 5280 Unusquisque
3072 5212 3385 5280 proximum

1818 5314 1978 5353 suum
2029 5301 2295 5355 tribulant
2335 5300 2691 5355 tribulatione
2725 5300 2792 5365 9*,
2823 5300 2891 5354 ad
2941 5303 3145 5356 malum
3193 5316 3390 5358 manus

1818 5406 1948 5445 suas
1979 5400 2291 5461 przeparant
2317 5393 2380 5446 9”.
2421 5412 2439 5442 ι
2472 5392 2766 5462 Apostolus
2792 5407 3010 5461 quoque
3037 5410 3051 5446 :
3086 5411 3103 5442 ι
3134 5392 3188 5447 Si
3220 5393 3389 5447 frater

1359 5527 1405 5559 ⁸³
1430 5527 1587 5583 Joan.
1624 5545 1704 5594 ιιι,

1813 5571 1818 5582 .
1890 5527 1937 5561 ⁸⁸
1968 5529 2104 5584 ibid.
2131 5531 2219 5585 50.
2295 5530 2338 5562 "
2369 5529 2390 5584 ι
2420 5530 2653 5589 Joan.n,
2676 5526 2927 5581 10.1l.“
2959 5528 3159 5597 Eph-es.
3192 5545 3264 5594 ιν,
3296 5528 3385 5584 το.

136 5608 187 5643 ⁸⁷
224 5609 428 5663 Jerem.
463 5597 590 5667 μή.
668 5603 713 5633 ⁸⁸
742 5602 928 5655 Matth.
966 5616 1091 5660 xxv,
1118 5598 1204 5652 40.
1279 5598 1322 5629 ⁸⁸
1353 5597 1488 5652 ibid.
1535 5598 1625 5651 43.
1700 5603 1708 5632 ¹

1813 5599 1945 5653 lccii.
1974 5616 2150 5662 xxxw,
2178 5600 2267 5655 ‘29.
2343 5602 2385 5632 ⁹¹
2414 5600 2546 5654 ibid.
2574 5602 2666 5662 ‘28,
2697 5602 2785 5653 30.
2861 5600 2907 5631 "
2944 5599 3109 5654 ECCJ.
3150 5615 3259 5664 xx,
3294 5598 3386 5655 10.

144 5680 196 5714 9⁸
230 5682 387 5732 Prov.
424 5692 529 5730 xlv.
555 5676 606 5726 3.
683 5671 727 5703 9"
770 5670 936 5723 iit‘t'ii.
976 5685 1081 5725 xw,
1117 5670 1202 5721 ιδ.

1282 5669 1325 5699 9"
1359 5668 1516 5720 Iiich.
1552 5684 1643 5726 vn,
1676 5669 1727 5720 5.
