4030 6296
585 311 726 376 ιβιδ
1861 318 2224 380 ANTIOCHI
2265 317 2611 380 MONACHI
3751 305 3886 372 .5615

583 429 712 476 tuus
757 429 984 492 propter
1024 430 1076 477 te
1121 423 1501 491 contristatur,
1545 440 1656 480 non
1700 427 1811 498 jam
1851 429 2156 482 secundum

2290 444 2446 498 νοχος
2478 427 2634 480 ἔσται
2666 427 2744 489 εἰς
2770 425 2866 496 τὴν
2895 424 3116 493 γέενναν
3162 419 3260 474 τοῦ
3323 417 3540 490 πυρός.
3582 437 3604 470 ι
3643 417 3754 470 Καὶ
3783 423 3879 472 ἐπ-

579 515 906 569 charitatem
955 516 1206 571 ambulas
1238 517 1304 569 ’°.
1348 538 1366 568 ι
1401 517 1546 572 Dicit
1594 527 1780 575 autem
1835 521 2100 574 Dominus
2141 537 2153 572 :

2286 517 2409 584 ὶγει,
2447 535 2465 568 ι
2493 517 2618 569 Ἐὰν
2635 511 2730 569 οὖν
2763 514 3078 584 προσφέρῃς
3102 512 3164 565 τὸ
3194 510 3380 580 δῶρόν
3408 526 3518 563 σου
3563 508 3664 561 ἐπὶ
3689 507 3752 560 τὸ
3787 507 3877 560 Ba-

587 624 605 656 c
644 605 838 660 Umnis
864 606 960 676 qui
992 605 1251 662 irascitur
1274 606 1430 662 fratri
1463 623 1586 677 suo,
1620 626 1752 666 reus
1777 611 1886 667 erit
1913 610 2158 682 judicio;

2286 610 2620 679 ιιαστήριονῖ
2643 609 2808 661 κάκεῖ
2839 605 3102 676 μνησθεὶς
3131 604 3213 656 ὅτι
3246 601 3364 672 ἔχει
3411 619 3476 656 τι
3523 599 3682 654 κατὰ
3716 597 3812 652 σοῦ
3851 599 3877 648 ὸ

579 696 673 765 qui
733 705 918 751 autem
977 696 1181 752 dixerit
1235 697 1392 753 fratri
1444 715 1574 766 suo,
1632 701 1806 768 Raca,
1867 717 1998 757 reus
2051 701 2159 756 erit

2281 699 2486 768 ιδελφός
2517 717 2632 766 σου,
2665 700 2801 768 ἄφες
2833 699 2954 750 ἐκεῖ
2971 697 3031 750 τὸ
3059 695 3236 766 δῶρόν
3275 711 3378 747 σου
3414 691 3758 764 ἔμπροσθεν
3783 691 3872 743 τοῦ

579 788 816 843 concilio
837 805 850 852 ;
876 785 970 856 qui
995 804 1127 843 vero
1145 789 1366 855 dixerit,
1389 790 1578 854 Fatue,
1599 807 1726 848 reus
1748 793 1856 848 erit
1875 793 1931 847 in
1953 793 2160 864 gehen-

2280 791 2684 862 ιυσιαστηρίου,
2736 790 2834 844 καὶ
2885 789 3089 858 ὕπαγε,
3138 787 3367 859 πρῶτον
3415 785 3772 854 διαλλάγηθι
3801 786 3871 850 τῷ

579 894 705 933 nam
744 879 888 948 ignis
915 880 981 934 ⁵⁷.
1020 899 1040 932 ι
1076 881 1293 938 inducit
1325 901 1338 936 :
1379 904 1396 934 ι
1425 885 1482 940 Si
1527 885 1699 953 igitur
1727 883 1928 939 offeras
1957 899 2158 938 munus

2274 882 2474 954 ἱδελφῷ
2498 899 2612 948 σου,
2639 883 2735 936 καὶ
2761 882 2882 934 τότε
2909 879 3078 932 ἐλθὼν
3098 880 3382 949 πρόσφερε
3414 878 3484 930 τὸ
3505 876 3694 946 δῶᾠν
3715 892 3833 926 σου.
3851 894 3865 922 ι

580 978 736 1024 tuum
783 980 914 1025 ante
945 971 1150 1037 .altare,
1198 981 1251 1026 ct
1299 973 1412 1028 illic
1455 974 1774 1028 recordatus
1797 973 1990 1027 Fueris
2026 972 2155 1040 quia

1826 973 1990 1027 'ueris
2026 972 2155 1040 quia
2255 975 2414 1044 Λύτῷ
2443 977 2477 1044 ἠ
2513 973 2640 1038 δόξα
2667 974 2748 1036 εἰς
2779 973 2904 1035 τοὺς
2937 971 3158 1034 αἰῶνας.
3213 971 3417 1041 Ἀμήν.

577 1061 747 1116 habet
773 1061 980 1131 aliquid
1023 1061 1316 1116 adversum
1352 1073 1405 1118 te
1441 1065 1614 1118 frater
1678 1074 1827 1127 tuus,
1893 1063 2112 1118 dimitte
2153 1065 2228 1118 ibi
2267 1081 2472 1120 munus
2499 1073 2655 1120 tuum
2679 1075 2806 1119 ante
2849 1063 3043 1128 altare,
3071 1071 3128 1125 et
3156 1061 3295 1115 vade
3326 1061 3496 1130 prius
3525 1069 3590 1112 ut
3621 1058 3870 1113 recond-

577 1153 734 1208 lieris
783 1152 938 1207 fratri
998 1161 1116 1218 tuo,
1174 1163 1228 1207 et
1280 1163 1410 1210 tunc
1467 1157 1699 1210 veniens
1761 1155 1900 1209 otior
1957 1171 2160 1209 munus
2199 1165 2352 1211 tuum
2373 1157 2488 1210 κ.»
2549 1156 2723 1212 Deum
2749 1163 2998 1210 nostrum
3030 1153 3260 1209 addecet
3316 1153 3530 1222 gloria,
3572 1153 3634 1204 in
3671 1151 3868 1204 saecula

579 1246 930 1302 saeculorum.
961 1245 1156 1301 Amen.

1008 1358 1052 1426 l
1065 1359 1218 1428 121
1263 1357 1552 1414 .HOMILIA
1593 1359 1728 1416 LXI.

1654 1361 1728 1416 Π.
2849 1363 3074 1418 ΛΟΓΟΣ
3125 1362 3245 1418 ΞΑ’.

984 1467 1128 1535 Vide,
1161 1469 1253 1523 tibi
1283 1470 1382 1539 ipsi
1415 1477 1472 1521 ut
1495 1467 1764 1522 attendas.
2181 1522 2183 1525 .

2181 1522 2183 1525 .
2615 1476 2752 1542 Περὶ
2786 1475 3249 1546 τοῦπροσέχειν
3273 1477 3496 1544 ἐαυτῷ.

651 1591 810 1645 Nulla
845 1605 954 1644 non
990 1589 1046 1644 in
1079 1605 1140 1645 re
1189 1599 1452 1646 attentam
1487 1589 1569 1646 sui
1619 1590 1796 1661 ipsius
1831 1605 2022 1662 gerere
2062 1606 2163 1646 eu-

2336 1587 2410 1640 Τὸ
2450 1587 2746 1657 προσέχειν
2803 1587 2982 1658 ἑαυτῷ
3041 1592 3100 1643 ὲν
3149 1589 3359 1655 ἅπασι,
3418 1591 3578 1661 μέγα
3625 1595 3866 1665 πρᾶγμεὶ

584 1699 722 1746 ram,
774 1698 863 1736 res
903 1680 1125 1751 quidem
1181 1696 1446 1751 perquam
1492 1679 1684 1744 ardua,
1731 1679 1828 1734 sed
1877 1681 2158 1744 salutaris,

2270 1679 2380 1733 ἐστι
2405 1679 2504 1734 καὶ
2533 1681 2826 1752 σωτήριον,
2859 1683 2954 1734 καὶ
2982 1682 3104 1752 Θεῷ
3130 1683 3448 1753 εὐάρεστον.
3481 1685 3650 1737 Ἐστι
3679 1685 3739 1738 δὲ
3769 1688 3861 1739 καὶ

589 1777 810 1846 Dcoque
856 1775 942 1828 vel
1001 1775 1057 1828 in
1104 1771 1298 1843 primis
1353 1779 1596 1842 accepta.
1647 1772 1788 1825 Sane
1845 1770 2162 1826 mandatum

2270 1769 2603 1842 γενικωτάτη
2631 1771 2840 1841 ἐντολή.
2884 1771 2942 1825 ’0
2967 1771 3208 1835 τοιοῦτος
3243 1772 3508 1842 ἐκφεύγει
3537 1775 3650 1845 μὲν
3683 1778 3861 1829 πᾶσαν

583 1872 689 1926 hoc
743 1871 797 1924 in
847 1884 1047 1940 genere
1107 1883 1302 1922 omnes
1359 1867 1666 1922 concernit.
1715 1864 1864 1921 Talis
1910 1866 2004 1937 qui
2054 1875 2157 1934 est,

2270 1859 2560 1932 ἁμαρτίαν,
2595 1863 2776 1915 πᾶσαν
2801 1862 2857 1914 δὲ
2883 1863 3084 1934 ἀρετὴν
3111 1863 3203 1916 καὶ
3229 1863 3451 1934 ἐντολὴν
3477 1863 3624 1918 Θεοῦ
3663 1883 3861 1938 κατερ-

583 1972 871 2032 peccatum
919 1976 1082 2016 omne
1131 1958 1470 2014 vitabundus
1525 1959 1687 2030 fugit,
1750 1973 1969 2014 omnem
2029 1973 2161 2013 vero

2270 1949 2512 2020 γάζεται·
2543 1955 2572 2006 ὁ
2601 1951 2840 2018 τοιοῦτος
2878 1955 2944 2008 τὰ
2977 1954 3088 2007 τῶν
3111 1954 3284 2009 ἄλλων
3311 1957 3677 2028 ὁμοιόμορςια
3708 1961 3861 2012 ἐλατ-

581 2055 868 2118 virtutem,
911 2067 1090 2122 neque
1149 2067 1261 2106 non
1315 2051 1571 2105 mandata
1630 2049 1726 2104 Dei
1775 2049 2011 2120 perficit.
2063 2049 2162 2106 llic

2270 2042 2489 2112 πώματα
2520 2046 2766 2116 παρορᾷ,
2802 2045 2896 2100 καὶ
2930 2045 2998 2098 τὰ
3045 2045 3238 2100 ἑαυτοῦ
3273 2051 3558 2118 μεριμνᾷ,
3599 2052 3861 2122 μονότρο-

582 2145 818 2200 aliorum
845 2142 1096 2198 defectus
1123 2139 1427 2212 quamlibet
1457 2139 1825 2194 multiformes
1861 2141 2015 2210 quasi
2049 2155 2158 2196 non

2267 2148 2362 2184 πον
2406 2131 2497 2186 τὸν
2526 2131 2651 2186 νοῦν
2681 2133 2819 2205 πρὸς
2849 2132 2982 2187 Θεὸν
3024 2135 3382 2206 κεκτημένος·
3417 2137 3447 2188 ὁ
3482 2137 3740 2202 τοιοῦτος
3767 2157 3858 2192 σε-

581 2236 785 2299 τίιιθιιι,
819 2235 1110 2303 neglectim
1157 2233 1480 2287 transmittit
1515 2249 1528 2285 :
1562 2231 1767 2300 quippe
1798 2232 1891 2300 qui
1927 2231 2160 2285 aliorum

2264 2221 2472 2275 στέλλει
2507 2223 2698 2276 ἑαυτὸν
2743 2223 2854 2278 ἀπὸ
2901 2223 3038 2277 ὅλων
3088 2225 3195 2278 τῶν
3229 2227 3436 2295 γηΐνων
3471 2229 3851 2298 πραγμάτων,

581 2341 836 2391 securus,
881 2325 967 2378 sui
1012 2332 1224 2379 tantum
1265 2323 1440 2392 ipsius
1487 2330 1752 2376 attentam
1803 2335 1991 2376 curam
2021 2319 2158 2388 obit,

2262 2311 2354 2364 καὶ
2403 2311 2698 2382 μετάρσιος
2736 2312 2951 2380 γίνεται
2983 2313 3120 2383 πρὸς
3150 2314 3219 2366 τὰ
3258 2315 3496 2384 οὐράνια
3554 2320 3660 2370 καὶ
3692 2319 3853 2373 ito-.1.

583 2425 822 2470 ruentem
877 2415 1090 2468 habens
1120 2429 1224 2483 per
1255 2413 1361 2467 hoc
1387 2411 1454 2466 ad
1491 2413 1662 2467 Deum
1703 2411 2052 2468 uniformiter
2075 2427 2163 2466 ar-

2261 2403 2573 2474 Πανηγύρει
2593 2405 2702 2475 γὰρ
2718 2404 2862 2458 ἔοικε
2895 2407 3045 2458 πᾶσα
3075 2404 3363 2476 σύμϐασις·
3391 2408 3420 2459 ὁ
3461 2408 3633 2471 εξδμὶις
3669 2427 3851 2479 :93:-

583 2522 812 2567 rectam.
862 2511 1010 2566 Talis
1065 2509 1173 2566 sibi
1228 2516 1495 2578 temperat
1539 2523 1711 2578 seque
1755 2508 2042 2563 remolitur
2089 2506 2160 2562 ab

2266 2494 2657 2565 ματεύσασθαι,
2701 2496 2974 2568 κερδαίνει
3051 2495 3248 2549 πολλά·
3275 2499 3308 2550 ὁ
3336 2498 3392 2550 δὲ
3427 2501 3509 2569 μὴ
3541 2501 3733 2564 εἰδὼς,
3766 2503 3857 2570 ζη-

583 2604 861 2659 universis
903 2613 1245 2658 terrenarum
1281 2617 1467 2656 rerum
1498 2601 1754 2672 negotiis,
1798 2616 1976 2671 eoque
2009 2615 2164 2655 men-

2265 2583 2393 2656 μίας
2424 2585 2709 2658 ὑποφέρει.
2753 2586 3014 2656 Μεγάλης
3061 2585 3156 2640 οὖν
3197 2588 3289 2640 καὶ
3337 2587 3639 2657 θεοφιλοῦς
3680 2591 3854 2660 ψυχῆς

585 2707 696 2750 tem
741 2693 1056 2748 sublimiter
1112 2692 1315 2746 attollit
1371 2691 1439 2746 ad
1496 2692 1741 2747 coelestia
1802 2703 1859 2746 et
1891 2701 2161 2746 aeternum

2263 2677 2378 2730 ἐστι
2408 2679 2470 2731 τὸ
2499 2678 2787 2748 προσέχειν
2811 2679 2899 2732 ἀεὶ
2920 2679 3178 2750 ἀσφαλῶς
3207 2681 3406 2752 ἑαυτῷ.
3455 2683 3518 2736 Ὀ
3541 2683 3663 2754 γὰρ
3683 2686 3853 2738 τοιοῦ-

581 2787 873 2840 duratura.
900 2781 1221 2836 Comentus
1261 2781 1353 2834 hic
1384 2789 1593 2847 noster,
1623 2781 1843 2847 fratres,
1900 2796 2163 2852 perquam

2261 2785 2352 2832 τος
2383 2767 2452 2822 τὰ
2481 2769 2727 2840 παρόντα
2761 2770 2994 2840 ἀνόνητα
3031 2770 3404 2842 λογιζόμενος,
3432 2777 3508 2827 τὰ
3537 2775 3603 2828 δὲ
3641 2778 3849 2846 μέλλον-

583 2873 842 2932 assimilis
887 2873 1108 2926 videtur
1167 2869 1452 2925 nundinis.
1492 2869 1597 2949 Qui
1656 2871 1928 2940 negotiari
1985 2871 2160 2937 novit,

2262 2877 2333 2914 τα
2377 2860 2647 2937 ἀνέφικτα
2700 2862 2794 2914 καὶ
2839 2863 3202 2932 ἀκατάληπτα
3231 2865 3588 2936 καραδοκῶν,
3618 2873 3718 2922 καὶ
3740 2872 3853 2923 ἐπι-

582 2979 695 3018 non
730 2960 1009 3016 mediocre
1055 2960 1207 3028 capit
1230 2975 1295 3013 ex
1346 2956 1744 3012 nundinatione
1773 2957 2034 3013 lucrum:
2070 2959 2162 3029 qui

2264 2949 2472 3022 θυμῶν,
2517 2953 2618 3025 τὴν
2664 2953 2882 3022 εωεῖαν
2919 2955 3036 3008 ὁδὸν
3063 2954 3296 3024 βαδίζει,
3329 2959 3426 3010 καὶ
3470 2961 3554 3021 εἷς
3581 2961 3681 3012 τὸν
3707 2963 3853 3032 ᾶχείο

502 3114 512 3127 ο
584 3053 720 3108 artis
751 3051 1094 3106 mercatorne
1121 3047 1275 3103 rudis
1301 3057 1406 3114 est,
1452 3047 1591 3102 adeo
1637 3047 1774 3102 nihil
1821 3047 1990 3103 refert
2013 3063 2093 3104 con

2269 3057 2473 3110 μαστον
2492 3041 2684 3112 λιμένα
2712 3043 2806 3096 τοῦ
2833 3045 3070 3114 Χριστοῦ
3092 3048 3359 3118 καταντᾷ.
3389 3049 3515 3120 Χρὴ
3545 3046 3650 3104 οὖν
3675 3069 3841 3121 προσ-

584 3143 794 3216 pendii,
831 3153 893 3196 ut
921 3139 1222 3212 plurimum
1243 3110 1406 3194 etiam
1432 3137 1707 3208 dispendii
1735 3139 2019 3194 sustineat.
2051 3138 2160 3194 Ge-

2264 3131 2410 3202 έχειν
2458 3110 2703 3205 ἀκριϐῶς
2731 3135 2799 3189 τὰ
2831 3110 3182 3208 συμφέροντα
3217 3110 3326 3191 καὶ.
3351 3110 3456 3210 μὴ.
3477 3110 3849 3214 συμφέροντα.

584 3249 796 3290 nerosae
822 3245 1051 3304 prorsus
1083 3246 1148 3285 ac
1181 3231 1352 3284 Deum
1387 3229 1679 3284 sinceriter
1705 3229 1938 3285 amantis
1967 3231 2162 3286 anima:

2263 3221 2370 3275 Δύο
2412 3225 2522 3295 γάρ
2551 3226 2688 3278 εἰσιν
2715 3225 2942 3296 ἄγγελοι
2978 3227 3116 3296 μετὰ
3147 3228 3242 3283 τοῦ
3277 3230 3605 3300 ἀνθρώπου,
3645 3231 3730 3300 εἷς
3757 3237 3853 3306 τῆς

586 3337 690 3392 est,
721 3327 828 3382 sibi
857 3325 962 3396 ipsi
987 3339 1180 3393 magna
1213 3339 1339 3378 cum
1390 3322 1644 3378 cautione
1675 3323 1982 3378 attendere.
2015 3324 2164 3380 Talis

2264 3314 2631 3388 δικαιοσύνης.
2661 3311 2742 3382 εἷς
2773 3317 2876 3388 τῆς
2914 3319 3203 3390 πονηρίας.
3257 3323 3368 3376 Καὶ
3401 3324 3431 3376 ὀ
3475 3325 3581 3394 μὲν
3627 3329 3730 3398 τῆς
3780 3329 3855 3382 δι-

586 3419 872 3491 praesentia
907 3418 1023 3471 haec
1065 3430 1191 3470 cum
1239 3415 1512 3470 inamoena
1561 3415 1789 3484 deputet
1840 3425 2004 3485 atque
2035 3415 2160 3470 inu-

2264 3406 2558 3478 καιοσύνης
2585 3407 2816 3476 ἄγγελος
2845 3410 3210 3482 αἱσχυντηρδς
3239 3412 3332 3466 καὶ
3358 3413 3547 3484 πραῢς
3601 3419 3701 3470 καὶ
3725 3418 3853 3488 ἡσύ-

585 3507 726 3566 tilia,
758 3506 942 3558 futura
966 3517 1099 3556 vero
1149 3503 1539 3558 inenarrabilia
1566 3503 1754 3559 credat
1777 3513 1831 3558 et
1855 3520 1978 3574 qure
2006 3520 2159 3560 com-

2264 3497 2378 3568 χιὸς
2400 3500 2568 3553 ἐστιν.
2601 3499 2769 3552 Ὅταν
2799 3497 2892 3554 οὖν
2925 3495 3082 3566 οὗτος
3109 3503 3204 3556 ἐπὶ
3237 3505 3340 3574 τὴν
3372 3508 3611 3576 καρδίαν
3636 3512 3735 3565 τοῦ
3765 3515 3855 3567 ἀν-

587 3593 856 3666 prehendi
891 3608 999 3648 non
1054 3601 1280 3662 queant.
1328 3607 1393 3647 ea
1435 3601 1614 3648 tamen
1668 3595 2014 3664 praestolatur
2067 3610 2161 3665 spe

2265 3588 2488 3661 θρώπου
2520 3591 2718 3662 ἀναϐῇ,
2748 3591 2947 3656 εὐθέως
2963 3593 3123 3648 λαλεῖ
3143 3597 3260 3664 μετ’
3283 3597 3452 3650 αὑτοῦ
3486 3603 3624 3670 περὶ
3655 3605 3856 3658 δικαιο-

587 3685 726 3742 nihil
781 3686 972 3750 dubia,
1017 3685 1432 3755 cupientissime
1474 3701 1542 3740 eo
1581 3686 1799 3740 interim
1855 3687 2159 3756 suspirans,

2265 3681 2452 3750 σύνης,
2487 3683 2616 3752 περὶ
2655 3684 2897 3751 ἁγνείας,
2935 3687 3065 3758 περὶ⁴
3094 3689 3448 3760 σεμνότητος,
3486 3695 3621 3764 περὶ
3651 3697 3852 3770 αύταρ·

586 3787 738 3834 recta
778 3772 1084 3848 ingreditur
1111 3776 1220 3842 via,
1255 3776 1432 3832 donec
1453 3779 1521 3832 ad
1564 3777 2072 3848 tranquillissimum
2106 3789 2164 3833 et

2263 3773 2436 3838 κείας,
2469 3775 2602 3845 περὶ
2645 3777 2844 3842 παντὸς
2877 3778 3042 3848 ἔργον
3077 3778 3310 3844 δικαίου,
3343 3785 3478 3855 περὶ
3507 3787 3706 3859 πάσης
3729 3793 3854 3860 ἀρε-

586 3871 658 3925 ab
675 3871 824 3924 omni
856 3870 1224 3940 procellarum
1275 3869 1599 3938 intemperie
1629 3871 1941 3938 requietum
1967 3869 2163 3924 obvius

2261 3862 2360 3932 τῆς
2388 3862 2628 3929 εύδόξον.
2659 3865 2828 3919 Ὅταν
2862 3863 2954 3921 οὖν
2992 3867 3165 3921 ταῦτα
3201 3870 3380 3925 πάντα
3425 3875 3528 3927 ἐπὶ
3569 3877 3676 3947 τὴν
3723 3895 3852 3951 καρ-

586 3963 827 4033 appellat
850 3961 1058 4018 Christi
1096 3970 1335 4030 portum.
1363 3960 1555 4030 Opera:
1585 3960 1754 4031 igitur
1792 3963 2030 4031 pretium
2056 3971 2159 4027 est,

2261 3951 2378 4004 δίαν
2439 3953 2534 4008 τοῦ
2579 3954 2866 4024 ἀνθρώπου
2918 3959 3114 4029 ἀναϐῇ,
3171 3961 3424 4032 ἀρίδηλόν
3486 3965 3647 4020 ἐστιν
3706 3969 3851 4021 δτιὲ

587 4051 822 4120 quisque
859 4059 918 4104 ut
945 4049 1194 4104 attendat
1216 4063 1280 4103 ac
1317 4049 1612 4118 diligenter
1634 4049 1902 4120 exploret,
1945 4065 2067 4120 qua:
2095 4066 2162 4106 eo

2262 4045 2490 4112 ἄγγελος
2527 4046 2627 4116 τῆς
2670 4047 3018 4120 δικαιοσύνης
3067 4051 3186 4120 μετ’
3220 4053 3384 4106 αὐτοῦ
3432 4056 3612 4111 ἐστιν.
3648 4059 3758 4112 Τοῦ
3796 4059 3849 4112 δὲ

587 4141 1054 4197 contendentibus
1091 4139 1430 4194 conducunt.
1477 4139 1595 4194 Duo
1636 4140 1785 4194 enim
1821 4141 2000 4212 angeli
2049 4142 2160 4196 dati

2262 4135 2494 4204 ἀγγέλου
2519 4137 2617 4208 τῆς
2646 4139 2913 4210 πονηρίας
2939 4142 3006 4194 τὰ
3039 4141 3196 4210 ἔργα·
3231 4143 3450 4214 πρῶτον
3475 4147 3711 4202 πάντων
3737 4149 3853 4216 ὀξύ-

589 4243 721 4290 sunt
736 4235 946 4289 homini
971 4249 1305 4288 assessores:
1325 4249 1466 4287 unus
1488 4232 1952 4303 quidemjustitiae
1977 4249 2162 4288 aman-

2262 4226 2414 4296 χολός
2437 4227 2575 4292 ἐστι,
2594 4229 2690 4281 καὶ
2717 4231 2934 4300 πικρὸς,
2956 4233 3050 4285 καὶ
3077 4231 3284 4304 ἄφρων,
3307 4235 3405 4288 καί
3425 4235 3496 4289 τὰ
3519 4237 3667 4307 ἔργα
3689 4241 3845 4294 αὐτοῦ

592 4323 858 4388 tissimus,
889 4322 1028 4376 alter
1065 4337 1196 4376 vero
1239 4322 1461 4376 malitia:
1494 4321 1675 4376 omnis
1712 4321 1962 4377 incentor
2005 4323 2162 4377 mali-

2263 4318 2498 4388 πονηρὰ,
2519 4321 2966 4390 καταστρέφοντα
2989 4324 3113 4387 τοὺς
3131 4323 3349 4388 δούλους
3374 4327 3469 4380 τοῦ
3493 4327 3664 4384 Θεοῦ.
3687 4333 3845 4386 Ὅταν

589 4413 905 4483 gnissimus.
942 4411 1010 4466 Et
1031 4411 1254 4482 quidem
1281 4412 1507 4483 iustitia:
1539 4412 1784 4482 angelus,
1817 4413 2162 4468 verecundia:

2263 4405 2357 4464 οὖν
2391 4403 2548 4474 οὗτος
2575 4411 2670 4466 ἐπὶ
2699 4413 2927 4482 καρδίαν
2960 4408 3248 4484 ἀνθρώπου
3294 4419 3494 4490 ἀναϐῇ.
3525 4421 3613 4474 δεῖ
3652 4425 3843 4491 γνῶναι

589 4511 752 4574 atque
801 4503 1109 4558 intemerati
1141 4503 1366 4573 pudoris
1400 4503 1872 4573 cupientissimus,
1903 4520 2158 4560 mansue-

2268 4500 2430 4554 αὑτὸν
2461 4501 2569 4554 ἀπὸ
2608 4502 2716 4554 τῶν
2754 4503 2932 4572 ἔργων
2967 4505 3154 4560 αὐτοῦ’
3183 4509 3311 4562 ὅταν
3341 4507 3451 4579 γὰρ
3487 4510 3750 4582 ὀξύχολΞα
3773 4517 3846 4578 τίς

592 4603 680 4646 tus
714 4593 940 4662 insuper
971 4601 1055 4647 est
1097 4603 1154 4647 et
1187 4591 1534 4660 tranquillus.
1567 4591 1667 4646 Hic
1694 4593 1786 4646 ubi
1821 4594 2055 4662 primum
2091 4594 2160 4649 ad

2266 4608 2374 4644 τινι
2408 4592 2702 4666 προσέλθῃ,
2733 4596 2765 4666 ἢ
2797 4595 3012 4667 πικρία,
3052 4599 3304 4668 φανερῶς
3344 4601 3372 4653 ὁ
3412 4601 3668 4667 τοιοῦτος
3696 4609 3751 4658 ἐν
3778 4607 3843 4668 τῷ

590 4701 686 4738 cor
739 4684 980 4738 hominis
1010 4683 1343 4743 ascenderit.
1385 4698 1509 4737 cum
1564 4699 1631 4737 eo
1680 4701 1804 4738 mox
1851 4701 2158 4740 sermonem

2267 4661 2539 4756 ἀνθρώπῳ
2562 4661 2728 4739 ἐστίν·
2754 4661 3466 4760 ἐἶτα-ἐπιουμῑαπράξεων
3491 4661 3731 4758 πολλῶν,
3762 4661 3844 4750 καὶ

591 4776 729 4830 texit
781 4776 1124 4830 familiariter
1161 4775 1230 4830 de
1263 4775 1494 4847 justitia,
1527 4776 1596 4830 de
1621 4775 1889 4832 munditia
1911 4788 1967 4832 et
1995 4777 2160 4852 casti-

2269 4775 2592 4830 πολυτέλεια
2644 4776 2958 4847 ἐδεσμάτων
2993 4778 3224 4844 πολλῶν,
3279 4781 3373 4834 καὶ
3422 4785 3700 4840 ποικξλιυν
3726 4804 3841 4858 τρυε

589 4873 721 4931 tate,
753 4865 822 4920 de
857 4866 1130 4936 probitate
1161 4881 1396 4932 morum,
1446 4866 1513 4922 de
1541 4865 1848 4938 frugalitate
1896 4868 2009 4922 sive
2039 4885 2163 4939 par-

2269 4866 2407 4936 φῶν,
2469 4869 2561 4920 καὶ
2617 4868 2884 4940 ἐπιθυμία
2939 4873 3218 4938 γυναικῶν
3252 4873 3347 4926 καὶ
3375 4873 3730 4944 πλεονεξιῶν,
3760 4879 3840 4932 καὶ

589 4956 828 5011 cimonia
863 4958 1060 5021 victus,
1119 4956 1187 5010 de
1233 4957 1554 5026 operatione
1599 4973 1720 5027 quae
1759 4959 1904 5028 justa
1934 4959 2025 5024 sit,
2069 4960 2167 5014 de-

2268 4958 2370 5010 ύπε
2381 4960 2766 5028 ρηφανεῑα-καὶ
2789 4961 3101 5026 ἀλαζονεία,
3134 4963 3228 5017 καὶ
3245 4963 3346 5018 ὅσα
3366 4965 3581 5028 τούτοις
3603 4971 3728 5022 ἐστὶ
3749 4986 3833 5023 παρ

589 5043 760 5114 nique
784 5044 853 5100 de
881 5045 1086 5099 virtute
1109 5046 1258 5099 omni
1287 5045 1476 5116 gloriae
1510 5046 1749 5102 caelestis
1775 5036 2166 5101 con'eihatrice.

2270 5049 2545 5120 ραπλήσια
2607 5053 2702 5104 καὶ
2751 5054 2931 5122 ὃμοια.
2979 5053 3138 5108 Ἀλλὰ
3191 5055 3285 5108 καὶ
3324 5059 3380 5109 αἱ
3417 5062 3664 5130 πονηραὶ
3707 5060 3841 5113 ἐνθυ-

591 5135 767 5192 Simul
798 5145 964 5208 atque
995 5136 1115 5192 htec
1145 5145 1342 5191 cuncta
1379 5136 1446 5190 ad
1491 5152 1588 5191 cor
1627 5136 1868 5192 hominis
1901 5136 2164 5191 ascende-

2271 5139 2465 5209 μήσεις
2502 5140 2668 5194 αὐτοῦ
2708 5143 2843 5194 εἰσιν
2875 5145 3067 5198 πᾶσαι.
3110 5145 3450 5216 Πρόσχωμεν
3475 5143 3571 5201 οὖν
3607 5151 3833 5222 ἀκριϐῶς

591 5233 724 5298 rint,
757 5230 1050 5301 perspicue
1081 5231 1317 5284 sentitur
1357 5229 1646 5299 praesentia
1697 5228 1871 5300 angeli
1914 5228 2164 5300 justitiae.

2269 5231 2502 5296 ἑαυτοῖς,
2538 5232 2632 5286 καὶ
2679 5231 2759 5304 τῷ
2803 5235 3020 5304 ἀγγέλῳ
3048 5234 3124 5305 τῷ
3154 5237 3382 5310 πονηρῷ
3418 5240 3830 5313 damage-311.201.

589 5322 814 5386 Contra,
846 5321 1024 5392 angeli
1071 5320 1293 5374 malitiae
1322 5319 1626 5374 administri
1655 5335 1821 5389 opera
1855 5319 1969 5374 haec
2001 5328 2162 5373 sunt:

2269 5321 2346 5392 τῷ
2377 5322 2593 5395 ἀγγέλῳ
2629 5325 2729 5396 τῆς
2758 5325 3104 5396 δικαιοσύνης
3132 5327 3618 5402 ἀκολουθήσωμεν.
3657 5333 3832 5392 Καθὼς

592 5413 844 5469 Primum
892 5411 1140 5467 omnium
1207 5411 1492 5466 acerrimae
1541 5421 1628 5466 est
1677 5410 1822 5473 bilis,
1869 5421 1926 5463 et
1959 5410 2023 5464 ad
2059 5409 2168 5464 ira-

2270 5415 2364 5467 καὶ
2390 5416 2418 5468 ὀ
2451 5416 2614 5484 νόμος
2641 5416 3096 5486 παρακελεύεται,
3122 5417 3318 5485 λέγων,
3357 5441 3374 5471 ι
3417 5423 3663 5495 ιῐρόσεχε
3695 5442 3831 5477 σεαυ-

593 5505 850 5559 cundiam
875 5503 1180 5576 propendet
1205 5512 1371 5570 totus,
1403 5503 1778 5559 amarulentus
1805 5517 1869 5556 ac
1897 5501 2160 5557 stolidus:

2269 5503 2366 5573 τῷ,
2397 5507 2492 5560 καὶ
2524 5507 2759 5574 φύλαξον
2785 5509 2883 5579 τὴν
2907 5508 3083 5578 ψυχήν
3114 5523 3210 5561 σου
3237 5511 3448 5583 σφόδρα
3470 5531 3484 5545 ·
3519 5515 3595 5586 μὴ
3617 5515 3829 5586 iit-115013

595 5593 760 5664 hujus
793 5595 1028 5666 maligna
1056 5608 1222 5665 opera
1258 5593 1710 5664 tranquillitatem
1747 5607 2034 5648 servorum
2064 5592 2160 5646 Dei

2269 5593 2476 5664 Κυρίου
2512 5595 2607 5648 τοῦ
2630 5595 2765 5649 Θεοῦ
2795 5612 2887 5648 σου
2907 5613 2918 5625 ’
2951 5596 3046 5648 καὶ
3091 5594 3167 5665 μὴ
3194 5598 3604 5672 ἀποστήτωσαν
3624 5605 3677 5658 οἱ
3703 5603 3825 5672 λόγοι

661 5751 710 5788 9°
741 5751 897 5804 ltom.
931 5765 1038 5813 xiv,
1079 5749 1162 5802 15.
1238 5749 1282 5780 ’⁷
1309 5747 1496 5804 Matth.
1525 5763 1579 5814 ι’,
1611 5747 1700 5802 ‘29..
1778 5749 1822 5779 "
1862 5747 1998 5801 ibid.
2035 5747 2122 5813 ‘25,
2155 5749 2246 5803 ΞΗ.
