3916 6304
106 327 232 395 1617

968 336 1292 397 110mm
1334 333 1484 394 LXI.
1514 339 1582 366 —‘—
1622 333 1772 391 SIBI
1816 330 1960 390 lPSI
2002 306 2477 389 ATTENDERE.

3191 312 3329 374 1618

104 448 262 500 οι)τοῦ
294 447 403 500 ἀπὸ
431 448 529 519 τῆς
577 448 804 521 καρδίας
847 465 941 503 σου
982 452 1161 512 πάσας
1189 448 1287 511 τὰς
1324 446 1662 517 ἡμέραςτῆς

1776 448 2132 499 intervertunt
2163 456 2227 495 ac
2270 439 2563 494 subruunt.
2611 433 2781 488 Nosse
2812 430 2855 485 si
2914 428 3081 491 voles,
3113 425 3331 497 quando

106 538 246 609 ζωῆς
274 556 396 592 σουο
433 540 564 594 an"
590 542 896 611 ἀγαπήσεις
944 543 1147 611 Κύριον
1186 541 1277 594 τὸν
1305 540 1439 592 Θεὸν
1473 553 1566 591 σου
1606 538 1665 602 ἐξ

90 629 228 700 ὅλης
257 631 359 700 τῆς
390 631 575 702 ἰσχύος
605 650 722 696 σου,
742 635 833 686 τὸν
859 635 923 688 ὲκ
945 633 1176 704 καμίνου
1210 632 1433 702 σιδηρᾶς
1467 629 1662 696 ἐξαγα·
1713 656 1717 660 ι

102 718 265 786 γόντα
295 737 354 774 σε
378 724 441 775 ὲκ
461 726 556 793 τῆς
575 722 817 788 δουλείας
841 724 951 778 τῶν
970 724 1282 790 Αἰγυπτίων
1303 739 1317 753 ·
1350 743 1366 773 ι
1398 721 1662 781 τουτέστι,

99 808 192 862 τοῦ
221 814 667 886 κοσμοκράτορος
694 812 786 868 τοῦ
817 814 1058 878 σκότους.
1082 813 1357 881 Αἴγυπτος
1388 811 1495 880 γὰρ
1515 811 1662 863 σ’κό-

100 916 202 965 τος
224 901 608 972 ἑρμηνεύεται.
642 923 667 957 c
697 905 938 976 Πρόσεχε
968 904 1200 976 σεαυτῷ,
1243 903 1317 973 μὴ
1356 900 1548 970 φαγὼν
1572 900 1666 954 καὶ

100 991 432 1061 ἐμπλησθεὶς
478 995 708 1068 ἐπιλάϐῃ
753 996 961 1067 Κυρίου
1004 994 1099 1050 τοῦ
1142 994 1278 1049 Θεοῦ
1324 1008 1454 1047 σου·
1505 1011 1522 1042 ι
1572 991 1667 1044 καὶ

100 1080 462 1156 ἀπολακτίσῃς
503 1082 580 1147 ὣς
621 1101 751 1138 ποτε
791 1084 820 1137 ὁ
864 1084 1224 1156 ἠγαπημένοις
1261 1082 1421 1146 λαὸς,
1469 1080 1564 1133 νῦν
1608 1079 1667 1132 δὲ

99 1167 419 1243 θεοστυγὴς.
452 1173 564 1227 Καὶ
609 1173 869 1245 ἐμϐαλεῖς
918 1175 988 1229 τὰ
1035 1173 1255 1245 ῥήματά
1305 1189 1405 1241 μου
1452 1174 1531 1235 εἱς
1568 1171 1668 1240 τὴν

98 1261 329 1330 καρδίαν
354 1279 471 1330 σου,
502 1266 597 1318 καὶ
620 1264 773 1319 ἔσται
804 1266 1075 1320 άσάλευτα
1099 1264 1203 1336 πρὸ
1228 1263 1520 1334 ὀφθαλμῶν
1550 1279 1664 1316 σου.

97 1349 339 1424 Πρόσεχε
390 1355 626 1426 σεαυτῷ,
676 1356 885 1427 μήποτε
952 1355 1262 1429 καταλίπῃς
1301 1355 1393 1407 τὸν
1436 1355 1668 1422 Λευῖτην

96 1443 277 1507 πάσας
312 1444 412 1509 τὰς
440 1446 653 1517 ἡμέρας
683 1447 786 1517 τῆς
814 1447 961 1517 ζωῆς
996 1464 1112 1511 σου,
1140 1447 1387 1501 τουτέστι
1415 1448 1541 1507 τοὺς
1573 1445 1668 1497 νῦν

93 1528 446 1600 λειτουργοὺς
475 1533 701 1604 Κυρίου.
738 1534 802 1588 Oi
833 1534 944 1605 γὰρ
987 1536 1153 1605 ἱερεῖς
1183 1536 1277 1588 καὶ
1317 1532 1540 1588 Λευῖται
1572 1533 1666 1602 ἐγ-

95 1621 302 1691 γυηταί
327 1622 422 1676 σού
457 1625 615 1679 εἰσιν.
648 1623 813 1678 Αὐτοὶ
842 1624 951 1695 γὰρ
1000 1624 1214 1695 αἴρουσι
1260 1624 1358 1687 τὰς
1395 1614 1668 1695 ἁμαρτίας

92 1710 191 1763 τοῦ
222 1711 352 1765 λαοῦ
373 1731 386 1746 ο
425 1732 444 1766 ι
485 1716 727 1788 Πρόσεχε
762 1717 997 1789 σεαυτῷ,
1030 1718 1236 1788 μήποτε
1263 1717 1487 1788 γένηται
1518 1717 1669 1787 ῥῆμα

1767 535 1833 588 ad
1854 549 1949 588 cor
1977 531 2212 587 hominis
2233 527 2563 590 ascenderit,
2597 525 2782 593 utique
2805 521 2989 577 licebit
3014 534 3079 574 ex
3103 531 3329 586 operum

1766 624 2048 694 qualitate.
2080 622 2219 678 Cum
2252 615 2727 677 enim-acrimonia
2772 613 2902 668 bilis
2938 608 3227 665 excitatior
3258 614 3329 694 et

1766 693 1833 769 ad
1858 712 2198 770 iracundiam
2221 709 2522 780 devergens
2542 704 2857 768 accesserit,
2883 710 2976 756 aut
3001 693 3330 754 amaritudo.
3353 760 3360 768 ι

1768 800 2120 871 perspicuum
2167 796 2372 861 evadit,
2423 795 2480 850 in
2525 792 2746 847 homine
2775 791 2884 861 jam
2930 801 3073 841 esse.
3122 782 3331 839 Deinde

1768 888 2152 960 intempestiva
2209 886 2482 957 cupiditas
2511 881 2896 952 multiplicium
2930 874 3334 947 operationem,

1767 982 2080 1037 eduliorum
2111 979 2275 1034 luxus
2307 975 2607 1048 profusior,
2637 971 2884 1040 studium
2916 967 3195 1025 sordentis
3216 981 3337 1020 cra-

1768 1074 1937 1145 pulre,
1986 1072 2329 1141 voluptatum
2386 1084 2495 1123 non
2553 1064 2910 1121 uniformium
2970 1056 3337 1145 consectatio,

1769 1141 2217 1234 concupiscentia
2265 1160 2599 1223 mulierum,
2651 1141 3341 1220 immoderata'cupiditas

1768 1254 2002 1326 augendi
2052 1252 2278 1323 peculii,
2334 1249 2615 1321 superbia,
2643 1246 2998 1318 superciliosa
3027 1251 3084 1299 et
3110 1254 3341 1312 pompa-

1767 1347 1877 1402 tica
1900 1345 2232 1415 arrogantia,
2270 1352 2325 1399 et
2343 1357 2683 1413 quacunque
2711 1339 2933 1394 tandem
2956 1336 3077 1391 istis
3105 1330 3341 1389 confinia

1769 1444 1898 1493 sunt
1929 1444 1985 1493 et
2016 1436 2233 1491 similia.
2267 1433 2375 1490 Sed
2406 1440 2462 1488 et
2481 1420 2870 1501 conceptiones
2892 1425 3059 1481 animi
3091 1422 3344 1493 maligme

1769 1544 1961 1585 omnes
2007 1528 2115 1584 hoc
2165 1527 2451 1582 incentore
2495 1522 2895 1580 accenduntur.
2944 1517 3123 1574 Nobis
3156 1516 3344 1585 itaque

1770 1617 2210 1688 circumspectim
2252 1615 2622 1677 attendamus,
2654 1627 2718 1667 ac
2748 1611 2869 1665 vale
2900 1620 3222 1679 supremum
3261 1603 3345 1659 di-

1771 1725 1960 1766 camus
1993 1709 2083 1764 isti
2119 1708 2200 1764 sic
2236 1707 2488 1778 improbo
2514 1704 2769 1775 spiritui;
2814 1700 3064 1772 angelum
3097 1713 3229 1753 vero
3258 1697 3345 1767 ju-

95 1803 155 1855 ὲν
181 1806 247 1873 τῇ
282 1805 477 1877 καρδίᾳ
507 1824 600 1860 σου
631 1787 872 1879 κρύπτον
900 1787 1179 1879 ἀνόμημα,
1215 1826 1233 1860 δ
1270 1787 1538 1867 τουτέστι.
1580 1807 1672 1879 Μὴ

1776 1802 1941 1857 stitia:
2010 1795 2574 1855 individuumnobis
2634 1792 2972 1848 asciscamus
3021 1789 3125 1845 vim
3178 1787 3345 1858 hujus

95 1891 416 1962 περιέργοις
460 1895 860 1968 ἐνθυμήμασιν,
915 1897 1031 1951 ἀλλ’
1065 1897 1356 1959 ἀπλάστως
1397 1897 1664 1968 παρόδευε

91 1982 196 2047 τὰς
225 1984 324 2054 τῆς
354 1985 500 2055 ζωῆς
527 2005 619 2042 σου
648 1990 882 2062 ἡμέρας.
926 1989 1123 2055 Καθὼς
1152 1990 1246 2044 καὶ
1273 1988 1361 2043 διὰ
1401 1989 1664 2065 Ἱερεμίου

92 2072 404 2144 διαγορεύει
427 2078 454 2128 ὁ
487 2077 650 2146 Θεὸς,
689 2080 884 2149 λέγων,
919 2100 936 2131 ι
958 2080 1092 2134 Ἰδοὺ
1120 2079 1329 2134 δέδωκα
1366 2080 1474 2150 πρὸ
1501 2096 1668 2151 προσ-

94 2164 254 2217 ώπου
311 2165 467 2236 ὑμῶν
522 2167 622 2239 τὴν
654 2169 770 2222 ὁδὸν
808 2170 909 2241 τῆς
939 2169 1084 2238 ζωῆς
1110 2168 1206 2223 καὶ
1241 2170 1334 2223 τοῦ
1367 2169 1618 2232 θανάτου,
1642 2187 1661 2219 ι

91 2253 368 2320 τουτέστι,
397 2256 496 2328 τὴν
522 2258 765 2315 δουλείαν
789 2261 885 2316 καὶ
911 2261 1011 2332 τὴν
1041 2261 1389 2332 ἐλευθερίανο
1424 2279 1442 2312 ι
1478 2262 1540 2314 Οἱ
1561 2261 1669 2331 γάρ

93 2360 232 2397 ποτε
268 2346 454 2411 σκότος
483 2348 654 2416 ὄντες,
682 2352 777 2405 νῦν
815 2352 873 2406 δὲ
931 2352 1047 2421 φῶς
1075 2355 1132 2408 ὲν
1173 2352 1382 2423 Κυρίῳ.
1422 2370 1442 2403 ι
1491 2352 1668 2424 Προσ-

91 2434 255 2505 έχετε
308 2438 518 2503 ἑαυτοῖς
564 2441 828 2511 ἀκριϐῶς,
877 2445 1087 2514 μήποτε
1141 2442 1513 2516 παραρῤυῆτε.
1562 2443 1670 2497 Τοῦ

92 2526 209 2598 γὰρ
238 2530 502 2598 φαγόντος
531 2533 622 2587 τὸν
646 2533 869 2604 ὄμφακα
923 2534 1328 2605 αἱμοδιάσουσιν
1365 2537 1415 2590 οἱ
1441 2536 1669 2600 ὀδόντεςο

92 2618 329 2684 ἕκαστος
352 2624 416 2692 τῇ
449 2623 695 2695 ἁμαρτίᾳ
735 2625 900 2678 αὐτοῦ
944 2626 1313 2680 ἀποθανεῖται.
1346 2628 1456 2680 Καὶ
1491 2630 1519 2680 ὁ
1545 2628 1672 2680 Ἐκ-

93 2710 434 2784 κλησιαστής
470 2731 623 2784 φησι,
667 2733 685 2768 ι
720 2716 972 2788 Τρίϐολοι
1026 2719 1122 2771 καὶ
1168 2718 1397 2782 παγίδες
1437 2720 1496 2772 ἐν
1534 2719 1673 2783 ὁδοῖς

96 2800 368 2866 σκολιαῖς.
412 2803 472 2858 Ὀ
494 2804 551 2858 δὲ
580 2806 867 2874 φυλάσσων
899 2808 997 2880 τὴν
1024 2808 1216 2862 ἑαυτοῦ
1248 2808 1448 2880 ψυχὴν,
1475 2808 1673 2878 ἀφέξε-

93 2907 193 2944 ται
223 2891 319 2946 ἀπ’
350 2895 551 2951 αὐτῶν.
583 2914 604 2949 ι
640 2898 746 2950 Kai.
790 2894 966 2962 αὖθις,
1016 2917 1035 2951 ι
1067 2899 1222 2973 Πάσῃ
1261 2888 1474 2972 φυλακῇ
1516 2902 1675 2972 τήρει

96 2981 207 3050 σὴν
234 2984 484 3054 καρδίαν.
528 2987 624 3041 Ἐκ
675 2988 784 3059 γὰρ
829 2988 1035 3043 τούτων
1083 2989 1252 3058 ἔξοδοι
1296 2990 1464 3061 ζωῆς.
1497 3010 1516 3043 ι
1565 2993 1675 3045 Καὶ

94 3072 291 3136 πάλιν,
324 3092 343 3127 ι
379 3075 698 3148 Ἑτοίμασον
718 3081 798 3143 είς
828 3080 925 3151 τὴν
953 3080 1131 3146 ἔξοδον
1158 3081 1225 3135 τὰ
1267 3082 1405 3154 ἔργα
1444 3100 1558 3148 σου,
1584 3084 1675 3138 καὶ

1771 1892 2049 1948 comitem.
2106 1891 2188 1945 lta
2240 1888 2390 1944 enim
2443 1887 2768 1942 adhortatur
2819 1897 2920 1939 nos
2950 1881 3040 1937 lex
3081 1878 3343 1949 :1122

1780 2004 1796 2036 ι
1823 1983 2078 2047 Attende,
2100 1982 2196 2048 ait,
2222 1978 2320 2035 tibi
2340 1977 2440 2051 ipsi
2472 1985 2529 2033 et
2556 1973 3026 2032 custodi-animam
3044 1978 3195 2026 tuam
3228 1968 3345 2023 val-

1772 2078 1860 2143 de;
1890 2092 1957 2130 ne
1994 2072 2334 2130 obliviscaris
2361 2069 2576 2127 Domini
2616 2067 2714 2123 Dei
2750 2066 2851 2130 tui,
2896 2072 3042 2121 etne
3083 2061 3348 2117 recedant

1773 2180 2056 2224 sermones
2073 2166 2193 2237 ejus
2210 2179 2241 2219 a
2273 2161 2440 2218 corde
2466 2169 2562 2216 tuo
2582 2158 2843 2215 omnibus
2856 2155 3053 2211 diebus
3065 2153 3192 2208 vita:
3217 2161 3343 2216 tuae,

1774 2259 1869 2315 sed
1899 2257 2095 2328 diliges
2110 2255 2403 2311 Dominum
2421 2253 2594 2308 Deum
2626 2260 2780 2306 tuum
2796 2264 2864 2304 ex
2886 2253 3000 2303 tota
3022 2243 3346 2301 fortitudine

1777 2361 1889 2415 tua,
1908 2350 2002 2420 qui
2022 2364 2053 2404 e
2075 2348 2299 2403 fornace
2324 2345 2502 2400 ferrea
2521 2343 2714 2400 eduxit
2733 2351 2785 2397 te
2802 2340 2870 2396 de
2891 2338 3159 2396 servitute
3185 2335 3348 2407 Egy-

1775 2439 2017 2510 ptiorum
2036 2438 2081 2470 ”
2104 2453 2118 2491 :
2145 2454 2163 2488 ι
2191 2436 2420 2501 hoeest,
2463 2434 2644 2506 ejugo
2682 2430 2951 2503 principis
2995 2427 3346 2483 tenebrarum

1777 2529 1969 2587 mundi
2004 2529 2189 2598 hujus.
2239 2526 2506 2598 Egyptus
2555 2525 2705 2580 enim
2751 2539 2849 2580 sua
2896 2519 3353 2590 interpretatione

1778 2622 2021 2680 insinuat
2052 2620 2324 2677 tenebras.
2364 2637 2382 2670 ‹
2418 2616 2651 2673 Attende
2684 2615 2784 2672 tibi
2817 2614 2943 2686 ipsi,
2973 2627 3043 2668 ne
3064 2617 3350 2681 postquam

1778 2713 2086 2770 comederis
2116 2720 2172 2769 et
2199 2721 2479 2768 saturatus
2510 2709 2704 2774 fueris,
2749 2703 3093 2761 obliviscaris
3134 2699 3351 2756 Domini

1778 2804 1877 2861 Dei
1912 2804 1993 2859 tui
2030 2806 2071 2871 ί,
2104 2822 2123 2856 ›
2161 2812 2218 2859 et
2239 2802 2555 2858 recalcitres
2585 2807 2646 2854 ut
2671 2794 2970 2868 aliquando
2998 2794 3235 2849 dilectus
3261 2791 3354 2847 ille

1779 2898 2038 2968 populus,
2070 2909 2220 2951 nunc
2245 2903 2430 2951 autem
2461 2893 2572 2948 Deo
2600 2888 2825 2947 odibilis
2861 2905 2876 2942 :
2910 2886 3006 2944 sed
3028 2885 3206 2941 verba
3236 2886 3354 2955 ejus

1780 2989 1993 3045 inseres
2038 2988 2191 3045 cordi
2225 2997 2339 3050 tuo,
2388 2995 2444 3042 et
2482 2993 2648 3041 erunt
2673 2983 2998 3039 inconcussa
3054 2989 3219 3050 atque
3248 2979 3355 3032 im-

1783 3090 1928 3137 mota
1982 3091 2111 3137 ante
2141 3081 2332 3137 oculos
2362 3088 2503 3135 tuos.
2525 3098 2538 3131 ι
2558 3076 2791 3133 Attende
2839 3075 2937 3130 tibi
2969 3074 3069 3145 ipsi
3098 3087 3167 3127 ne
3197 3072 3356 3126 dere-

96 3167 532 3236 παρασκευάζου
560 3171 641 3233 είς
682 3171 775 3224 τὸν
807 3171 995 3243 ἀγρόν.
1034 3191 1054 3225 ι
1097 3173 1209 3227 Kal.
1254 3173 1485 3246 πορεύου
1540 3193 1674 3230 κατ-

1776 3174 1992 3244 linquas
2025 3173 2265 3229 Levitam
2287 3171 2545 3227 omnibus
2567 3168 2765 3225 diebus
2793 3168 2918 3223 vitae
2939 3165 3084 3231 tuae',
3099 3162 3228 3220 ιίιοο
3248 3173 3353 3225 est,

92 3255 331 3311 όπισθέν
367 3275 488 3329 μου.
516 3261 627 3315 Καὶ
668 3261 1105 3333 ἀνοικοδομήσεις
1133 3264 1225 3317 τδν
1249 3260 1397 3318 οἶκόν
1443 3282 1537 3319 σου
1581 3264 1673 3320 τὸν

94 3344 194 3399 διὰ
225 3345 326 3417 τῆς
352 3348 716 3420 παραϐάσεως
758 3350 852 3405 τοῦ
892 3352 1065 3423 Ἀδάμ
1111 3351 1476 3423 σαθρωθέντα,
1507 3354 1565 3408 ὲν
1596 3354 1675 3423 τῷ

98 3434 446 3506 βαπτίσματι
474 3437 533 3493 δὲ
569 3440 1040 3497 ἀνακαινισθέντα.
1077 3443 1187 3497 Καὶ
1230 3444 1257 3496 ὁ
1284 3443 1579 3507 ἀπόστολος
1618 3442 1675 3496 δὲ

98 3524 342 3592 Παῦλος,
375 3549 394 3581 ι
431 3529 667 3585 Βλέπετε
694 3531 814 3596 πῶς
846 3535 1223 3602 περιπατεῖτε,
1260 3533 1336 3605 μὴ
1358 3533 1434 3598 ὠς
1462 3536 1674 3602 ἄσοφοι,

94 3616 223 3671 ἀλλ’
266 3619 343 3682 ὡς
397 3620 573 3687 σοφοὶ,
600 3620 1053 3692 ἐξαγοραζόμενοι
1111 3624 1203 3677 τὸν
1238 3623 1450 3696 καιρὸν,
1498 3625 1579 3678 ὅτι
1622 3626 1678 3677 αἱ

98 3705 316 3781 ἡμέραι
330 3709 565 3779 πονηραί
591 3712 718 3765 είσι.
751 3730 771 3763 ι
803 3712 910 3765 Καὶ
934 3713 994 3766 ὲν
1013 3714 1131 3776 ταῖς
1159 3713 1419 3785 Πράξεσι,
1454 3734 1473 3766 ι
1497 3715 1677 3785 Προσ-

94 3800 261 3869 έχετε
312 3801 527 3866 ἑαυτοῖς
565 3803 661 3856 καὶ
725 3804 889 3857 παντὶ
928 3804 1007 3876 τῷ
1043 3807 1302 3878 ποιμνίῳ,
1339 3808 1399 3859 ὲν
1438 3798 1484 3875 ᾧ
1528 3806 1682 3859 ἔθετο

95 3889 256 3958 ὑμᾶς
278 3888 338 3942 τὸ
370 3890 595 3962 Πνεῦμα
615 3892 678 3946 τὸ
707 3894 860 3962 ἀγιον
892 3895 1200 3966 ποιμαίνειν
1225 3895 1323 3967 τὴν
1352 3895 1682 3967 Ἐκκλησίαν

93 3982 203 4037 τοῦ
245 3981 439 4037 Θεοῦ.»
481 3984 590 4038 Καὶ
636 3987 665 4038 ὁ
691 3986 1012 4058 Ἰωάννης,‹
1056 3986 1274 4052 Παιδία,
1309 3987 1510 4058 ἐσχάτη
1563 3986 1684 4058 ὥρα

91 4073 226 4129 est!
243 4092 259 4108 ο
288 4076 380 4129 καὶ
409 4076 592 4141 καθὼς
616 4077 887 4148 ἠκούσατε
921 4080 1047 4150 περὶ
1075 4078 1172 4133 τοῦ
1206 4079 1573 4151 Ἀντιχρίστου
1602 4079 1681 4133 ὅτι

94 4165 330 4234 ἔρχεται
357 4206 372 4230 ,
432 4168 527 4221 καὶ
591 4168 686 4222 νῦν
737 4169 1072 4239 ἀντίχριστοι
1128 4170 1315 4224 πολλοὶ
1373 4170 1691 4241 γεγόνασινε

1776 3265 2063 3321 ministros
2103 3264 2320 3319 Domini
2355 3281 2369 3317 ε
2408 3262 2727 3318 sacerdotes
2761 3259 2909 3315 enim
2943 3257 3145 3313 Levitze
3166 3256 3360 3311 etiam—

1775 3373 1907 3413 num
1972 3364 2143 3421 sunt;
2209 3357 2312 3426 ipsi
2373 3356 2521 3409 enim
2580 3359 2804 3425 portant
2857 3360 3083 3422 peccata
3141 3350 3353 3421 populi.
3406 3386 3411 3391 ν

1840 3446 2077 3501 Attende
2115 3445 2215 3500 tibi
2247 3444 2347 3514 ipsi
2382 3459 2450 3499 ne
2495 3444 2635 3499 forte
2676 3443 2768 3498 fiat
2812 3443 2874 3497 in
2918 3441 3085 3497 corde
3118 3449 3357 3495 tuo-ver-

1779 3537 1909 3591 bum
1956 3576 1970 3599 ,
2035 3533 2184 3605 quod
2207 3534 2450 3589 occultet
2478 3533 2759 3603 quidpiam
2780 3532 3008 3603 ﬂagitii,
3039 3531 3145 3585 hoe
3168 3537 3272 3593 est,
3292 3544 3359 3582 ne

1781 3628 1997 3684 curiose
2018 3634 2074 3682 et
2093 3640 2499 3694 supervacanea
2519 3623 2773 3680 confictis
2789 3623 3126 3695 argumentis
3142 3621 3240 3693 tibi
3257 3622 3359 3690 ipsi

1781 3718 2105 3783 blandiaris,
2129 3716 2300 3788 magis
2323 3727 2505 3772 autem
2531 3715 2652 3773 dies
2676 3715 3035 3771 transmittito
3055 3715 3181 3770 vitae
3203 3713 3362 3768 istius

1782 3818 1891 3865 tute
1948 3808 2083 3864 citra
2142 3808 2309 3862 ullius
2366 3806 2736 3862 simulationis
2793 3806 2978 3861 fucum
3032 3824 3046 3859 :
3116 3818 3217 3859 ceu
3263 3819 3361 3873 per

1781 3897 2074 3954 Jeremiam
2105 3897 2261 3967 jubet
2292 3896 2559 3950 Dominus
2585 3913 2599 3949 :
2629 3913 2646 3946 ι
2677 3895 2818 3950 Ecce
2852 3894 2977 3949 dedi
3010 3902 3136 3949 ante
3168 3893 3361 3947 faciem

1783 3999 2022 4046 vestram
2073 3989 2216 4043 viam
2276 3989 2405 4044 vitae
2456 3996 2513 4044 et
2554 3988 2699 4043 viam
2747 3985 2944 4042 mortis
2976 3987 2997 4018 ⁸
3030 4005 3045 4040 :
3081 4006 3098 4038 ι
3151 3985 3257 4040 hoc
3281 3992 3364 4038 est

1785 4081 2108 4136 servitutem
2158 4087 2214 4134 et
2258 4079 2596 4134 libertatem.
2629 4096 2649 4129 ι
2709 4077 2816 4144 Qui
2867 4076 3014 4132 enim
3067 4075 3364 4146 aliquando

1786 4187 2005 4230 eramus
2037 4173 2298 4238 tenebrae,
2341 4187 2489 4227 nunc
2532 4180 2718 4226 autem
2775 4170 2869 4224 lux
2904 4169 2959 4223 in
3005 4167 3238 4224 Domino
3266 4167 3306 4221 ‘.
3339 4186 3357 4218 ι

94 4256 274 4311 Ὅθεν
311 4257 657 4329 γινώσκομεν
707 4262 790 4314 ὅτι
849 4262 1050 4332 ἐσχάτη
1100 4261 1219 4333 ὥρα
1272 4264 1410 4316 ἐστί.
1442 4281 1460 4314 ι
1515 4262 1624 4315 Καὶ
1657 4262 1687 4315 ὁ

1786 4261 2023 4318 Attende
2075 4261 2144 4317 iis
2178 4277 2301 4331 quae
2348 4260 2571 4316 suntin
2604 4259 2857 4325 Domino,
2891 4258 3187 4330 nequando
3227 4274 3364 4328 pra:-

93 4347 313 4417 Κύριος
335 4388 350 4413 ,
409 4367 430 4401 ι
466 4350 767 4421 Προσέχετε
818 4352 1030 4416 ἑαυτοῖς
1073 4353 1182 4407 ἀπὸ
1222 4352 1358 4406 τῶνι
1384 4352 1689 4424 ψευδοπροο

1789 4352 2068 4417 terﬂuant,
2098 4353 2409 4408 comedenti
2433 4352 2579 4407 enim
2601 4366 2763 4406 uvam
2791 4351 3045 4405 acerbam
3068 4350 3361 4420 obstupes-

93 4437 317 4509 φητῶν,
392 4440 589 4506 οἵτινες
631 4441 882 4513 ἔρχονται
937 4444 1072 4513 πρὸς
1116 4445 1263 4516 ὑμᾶς
1315 4447 1374 4499 ἐν
1418 4444 1689 4515 ἐνδύμασι

1792 4454 1925 4500 cunt
1971 4444 2182 4499 dentes.
2241 4442 2629 4514 Unusquisque
2680 4450 2908 4512 peccato
2938 4456 3040 4496 suo
3069 4442 3358 4497 morietur.

94 4504 422 4599 προϐάτων,
454 4504 744 4589 ἔσωθενδε
774 4535 879 4586 είσι
917 4504 1070 4590 λύκοι
1113 4504 1362 4607 ἅρπαγες
1382 4555 1395 4569 ·
1429 4504 1682 4591 ἀπὸ-τῶν

1786 4535 2145 4591 Ecclesiastes
2167 4535 2243 4590 ait
2269 4553 2283 4589 ε
2317 4556 2336 4587 ‹
2370 4504 2584 4591 Tribuli
2608 4543 2664 4590 et
2681 4504 2871 4604 laquei
2892 4535 2949 4589 in
2969 4535 3075 4589 viis
3097 4534 3357 4604 obliquis.

92 4621 338 4691 καρπῶν
377 4623 557 4677 αὐτῶν
604 4626 878 4694 γνώσεσθε
910 4628 1143 4691 αὐτούς.
1178 4647 1197 4680 ι
1265 4626 1424 4698 Αὐτῷ
1475 4629 1508 4698 ἠ
1552 4627 1678 4694 δόξα

1787 4627 1880 4697 qui
1912 4635 2097 4681 autem
2126 4626 2366 4683 custodit
2399 4627 2639 4682 animam
2670 4642 2824 4682 suam
2854 4625 3081 4697 effugiet
3099 4640 3163 4680 ea
3185 4626 3226 4679 '.
3261 4645 3366 4677 ι--

90 4710 180 4782 τῷ
208 4712 576 4787 φιλανθρώπῳ
612 4718 731 4790 Θεῷ
760 4721 840 4783 είς
871 4721 996 4781 τοὺς
1025 4721 1247 4782 αἰῶνας.
1291 4720 1483 4792 Ἀμήν.

1796 4737 1814 4769 ι
1836 4716 1995 4772 Omni
2020 4717 2268 4773 custodia
2294 4733 2453 4773 serva
2480 4727 2777 4784 cor-tuum,
2805 4733 2871 4773 ex
2900 4732 2969 4774 eo
3007 4717 3153 4773 enim
3183 4716 3366 4771 exitus

89 4805 236 4859 vitae
283 4805 324 4857 ⁸.
357 4826 374 4857 ι
408 4807 613 4863 lterum
648 4828 662 4864 :
700 4830 718 4862 ‹
745 4813 994 4882 Praepara
1049 4812 1115 4867 ad
1170 4812 1378 4868 exitum
1417 4828 1585 4885 opera
1639 4823 1751 4879 tua,
1788 4820 1844 4867 et
1878 4826 2188 4881 praeparare
2219 4812 2274 4866 in
2307 4828 2499 4884 agrum
2533 4815 2574 4877 ⁷,
2619 4833 2636 4864 ι
2681 4822 2749 4867 et
2775 4812 2914 4868 vade
2966 4823 3091 4882 post
3146 4827 3255 4876 me,
3307 4821 3364 4863 et

90 4896 471 4953 remdiiicabis
521 4903 745 4956 domum
798 4911 973 4966 tuam,
1025 4919 1148 4974 qua:
1191 4904 1413 4974 quidem
1448 4920 1561 4976 prae
1598 4905 1808 4960 cariosa
1837 4911 2110 4961 vetustate
2136 4905 2588 4975 transgressionis
2643 4904 2811 4959 Adam
2850 4906 3085 4975 collapsa
3125 4911 3272 4967 erat,
3309 4901 3381 4954 itr

90 4984 437 5056 baptismate
467 4995 648 5043 autem
680 4989 979 5046 instaurata
1035 5001 1137 5047 est.
1166 4991 1459 5062 Apostolus
1480 4993 1609 5047 item
1641 4992 1841 5048 Paulus
1875 5011 1889 5046 :
1927 5012 1947 5045 ι
1981 4993 2175 5050 Videte
2223 4993 2499 5064 quomodo
2541 4994 2852 5060 ambuletis,
2886 5010 2994 5049 non
3028 4993 3185 5066 quasi
3226 4991 3367 5047 insi-

88 5080 345 5151 pientes,
402 5079 498 5135 sed
531 5090 593 5136 ut
635 5084 915 5150 sapientes
986 5085 1324 5142 redimentes
1393 5094 1610 5156 tempus
1634 5126 1648 5150 ,
1678 5086 1939 5152 quoniam
1965 5086 2086 5142 dies
2113 5086 2242 5142 mali
2277 5095 2408 5142 sunt
2445 5088 2486 5141 ⁸.
2524 5106 2542 5137 ι
2572 5088 2642 5143 Ει
2707 5088 2763 5143 in
2832 5088 3152 5159 apostolicis
3212 5087 3365 5141 Acti-

91 5174 211 5227 bus
243 5188 258 5225 :
297 5191 316 5224 ‹
355 5173 633 5229 Attendite
661 5176 818 5231 vobis
848 5176 983 5247 ipsis
1021 5184 1078 5230 et
1136 5178 1395 5234 universo
1425 5178 1595 5248 gregi,
1632 5179 1685 5232 in
1725 5193 1836 5248 quo
1879 5180 2084 5249 posuit
2111 5195 2210 5235 vos
2242 5179 2482 5250 Spiritus
2517 5176 2741 5236 sanctus
2790 5196 3018 5251 pascere
3060 5181 3373 5237 Ecclesianr

90 5265 200 5321 Dei
250 5266 292 5319 ’.
329 5285 346 5317 ι
418 5267 482 5320 Et
544 5267 831 5323 Joannes:
901 5288 920 5321 ι
980 5270 1169 5333 Pueri,
1208 5270 1507 5326 novissima
1565 5271 1699 5325 hora
1761 5279 1876 5335 est,
1927 5271 2071 5326 sicut
2099 5272 2329 5327 audistis
2366 5272 2437 5327 de
2494 5272 2868 5340 Antichristo,
2925 5274 3054 5345 quia
3091 5273 3264 5338 venit,
3306 5286 3374 5328 (ιι-

88 5370 256 5413 nunc
285 5357 597 5413 antichristi
644 5359 801 5414 multi
874 5369 1023 5425 sunt,
1057 5360 1201 5416 unde
1266 5361 1469 5417 scimus
1497 5362 1626 5431 quia
1671 5361 1969 5417 novissima
2007 5361 2140 5418 hora
2168 5372 2255 5419 est
2284 5363 2348 5417 ὀ.
2374 5383 2391 5414 ι
2439 5364 2701 5421 Dominus
2740 5381 2997 5437 quoque:
3030 5384 3049 5417 ι
3083 5366 3375 5421 Attenditc

168 5537 223 5568 ”
269 5536 425 5591 Deut.
481 5555 550 5602 iV,
600 5541 650 5603 9,
690 5541 777 5593 ΞΟ.
895 5542 908 5571 ⁸
963 5543 1120 5598 Deut.
1175 5561 1265 5604 vi,
1328 5543 1549 5604 12,15.

82 5606 324 5727 ‘Ecitglc.
357 5623 448 5672 vn,
504 5609 592 5662 27.
701 5612 720 5639 “
772 5613 927 5666 l‘rov.
971 5630 1039 5677 tv,
1095 5614 1182 5667 25.

84 5696 150 5737 ιλ.

1662 5546 1680 5579 ²
1711 5545 1871 5619 Deut.
1929 5544 2143 5619 $1,749.
2262 5547 2282 5578 ³
2314 5548 2515 5603 Jerem.
2554 5564 2666 5609 XXI,
2712 5548 2763 5601 8.
2876 5550 2896 5580 ⁸
2925 5550 3125 5619 Ephes.
3180 5567 3210 5601 v
3241 5591 3253 5611 ,
3307 5549 3358 5603 ὃ.

1297 5615 1315 5643 ⁷
1353 5614 1512 5667 Prov.
1572 5631 1691 5669 xxrv

1776 5615 1843 5668 Π.
1958 5617 1977 5649 ⁸
2011 5618 2214 5686 Ephes.
2248 5634 2300 5681 ν,
2354 5618 2434 5672 15.
2514 5620 2532 5649 ¹⁵
2564 5618 2683 5671 Act.
2731 5634 2822 5685 xx,
2873 5614 2987 5673 28f
3082 5620 3123 5653 "
3155 5620 3373 5677 Unam
