4030 6296
598 308 733 372 2619
1853 317 2179 378 ANTIOCH

2277 320 2598 380 rIONAClII
3737 319 3868 385 Ῑϐῗί

595 423 753 477 vobis
785 421 916 492 ipsis
939 437 970 476 a
1011 421 1163 478 falsis
1185 426 1488 494 prophetis,
1529 425 1624 495 qui
1655 427 1887 482 veniunt
1923 428 1990 482 ad
2015 444 2111 484 vos
2155 429 2209 484 in
2244 432 2588 486 vestimentis
2624 432 2831 495 ovium,
2861 431 3196 488 intrinsecus
3227 440 3422 486 autem
3460 441 3606 487 sunt
3635 433 3747 501 lupi
3787 449 3861 488 ra-

596 529 802 582 paces:
855 529 884 568 a
930 514 1203 569 fructibus
1244 531 1435 570 eorum
1475 519 1818 587 cognoscetis
1855 534 1951 575 eos
1991 522 2054 571 ι’.
2080 539 2097 570 ι
2138 520 2246 590 lpsi
2278 523 2451 592 gloria
2489 525 2542 578 in
2592 525 2807 579 saecula.
2837 526 3025 579 Amen.

1037 648 1080 716 ι
1093 649 1246 718 I23
1283 649 1562 704 llOMlLlA
1591 651 1748 707 LXII.
2193 637 2241 690 Α

1636 653 1748 707 xu.
2193 637 2241 690 Α
2862 661 3076 712 ΛΟΓΟΣ
3111 662 3227 714 EB’.

935 760 1010 814 De
1034 760 1256 832 benigna
1279 771 1326 815 et
1345 765 1478 817 comi
1505 763 1843 819 allocutione.

1795 783 1843 819 e.
2736 773 2871 841 Περὶ
2911 777 3383 845 χρηστολογίας.

670 871 909 939 Benigna
967 880 1022 925 et
1055 873 1242 927 suavis
1286 873 1546 928 allocutio
1577 891 1606 929 e
1638 875 1782 929 bono
1830 876 2016 931 cordis
2048 877 2164 930 the-

2378 881 2442 934 ἰι
2503 887 2858 954 χρηστολογία
2907 891 2970 940 ὲκ
3017 889 3111 942 τοῦ
3157 888 3365 958 ἀγαθοῦ
3418 889 3722 960 θησαυροῦ
3767 889 3861 956 τῆς

597 975 761 1013 sauro
787 961 990 1013 exserit
1021 976 1078 1014 se
1110 977 1174 1016 ac
1198 963 1421 1031 promit.
1442 965 1554 1017 Nisi
1577 965 1724 1018 enim
1747 965 1869 1034 quis
1894 981 2054 1020 suum
2084 967 2168 1034 ip-

2268 972 2491 1042 καρδίας
2521 976 2866 1046 προέρχεται.
2909 980 3038 1032 Ἐὰν
3066 981 3138 1050 μή
3161 997 3245 1043 τις
3267 981 3498 1052 καθάρῃ
3536 982 3642 1049 τὴν
3670 980 3859 1034 ἑαυτοῦ

601 1052 716 1104 sius
745 1068 839 1106 cor
883 1053 952 1118 al)
1000 1054 1182 1107 inutili
1227 1057 1460 1124 garrulae
1515 1057 1812 1111 locutionis
1845 1059 2166 1126 expurgarit

2268 1063 2491 1130 καρδίαν
2531 1066 2637 1118 ἀπὸ
2667 1069 3080 1136 χρηστολογὶας,
3127 1073 3458 1142 ἑγρηγορεῖν
3508 1074 3573 1124 οὐ
3611 1073 3858 1125 δύναται.

600 1143 800 1203 abusu,
825 1143 1146 1210 neutiquam
1168 1145 1214 1197 is
1238 1145 1479 1211 potuerit
1497 1145 1830 1213 compellare
1851 1147 2048 1199 fratres
2074 1146 2169 1198 be-

2269 1155 2387 1207 Κᾶν
2424 1156 2531 1223 γὰρ
2559 1156 2708 1209 δοκεῖ
2752 1158 2926 1226 λέγειν
2969 1164 3082 1223 τοῖς
3110 1163 3425 1230 ἀκροαταῖς,
3485 1163 3859 1232 ἀπρόσδεκτοε

599 1233 764 1300 uigno
789 1233 980 1286 aifatu.
1005 1234 1243 1288 Tametsi
1277 1235 1455 1290 videri
1490 1236 1660 1304 possit
1687 1237 1933 1304 quasdam
1990 1237 2164 1290 disse-

2269 1245 2406 1294 εἱσιν
2452 1245 2500 1295 οἱ
2546 1244 2695 1311 λόγοι
2750 1247 2937 1310 αὑτοῦ,
3000 1254 3093 1301 καὶ
3142 1251 3467 1319 ἀπόϐλητοι,
3523 1253 3602 1321 μὴ
3646 1251 3860 1319 ἔχοντες

602 1341 719 1380 rere
751 1325 1119 1389 auditoribus,
1154 1326 1350 1395 ingrati
1376 1336 1558 1381 tamen
1589 1326 1759 1380 futuri
1793 1336 1924 1381 sunt
1958 1343 2170 1382 sermo-

2273 1335 2472 1404 ῐκμάδα
2495 1336 2594 1404 τῆς
2619 1337 2836 1404 χάριτος
2860 1339 2953 1391 τοῦ
2986 1340 3299 1410 ῐΙνεύματος
3320 1342 3413 1393 τοῦ
3445 1344 3640 1408 ἁγίου.
3681 1343 3739 1394 Ὀ
3769 1342 3861 1394 θέ-

600 1433 697 1470 nes
730 1430 792 1471 ac
813 1416 961 1486 digni
995 1418 1089 1486 qui
1121 1417 1500 1486 repudientur,
1527 1434 1704 1486 neque
1738 1419 1884 1472 enim
1917 1420 2170 1473 rorulen-

2270 1424 2374 1476 λων
2407 1420 2500 1477 οὖν
2529 1423 2807 1493 ὠφελῆσαι
2847 1445 2966 1479 τινα
3007 1431 3064 1480 ἐν
3103 1429 3270 1499 λόγῳ,
3311 1432 3536 1500 αἰτήσει
3575 1433 3734 1502 παρὰ
3768 1430 3859 1484 τοῦ

600 1520 708 1560 tam
741 1509 887 1561 illam
928 1508 1132 1562 habent
1169 1509 1510 1577 asperginem
1543 1510 1732 1576 gratia:
1763 1509 2006 1576 Spiritus
2036 1525 2168 1563 san-

2269 1513 2401 1564 Θεοῦ
2448 1514 2622 1581 Λόγου
2667 1515 2826 1583 λόγον
2871 1517 2928 1568 ὲν
2975 1519 3174 1584 ἀνοίξει
3210 1520 3303 1572 τοῦ
3347 1522 3631 1589 στόματος
3672 1522 3859 1590 αὑτοῦ,

599 1601 693 1655 cti.
723 1600 984 1670 Quisquis
1012 1601 1164 1670 cupit
1192 1601 1445 1654 nonnihil
1475 1602 1736 1670 prodesse
1761 1601 1932 1656 verbo
1983 1617 2108 1667 suo,
2139 1618 2171 1656 a

2268 1605 2447 1668 καθὼς
2480 1609 2508 1659 ὁ
2547 1607 2774 1672 Ἡσαΐας
2823 1608 3161 1678 διαγορεύει·
3209 1629 3228 1661 ι
3267 1612 3479 1681 Κύριος
3517 1616 3659 1683 γὰρ,
3703 1618 3857 1681 φησὶ,

598 1694 710 1747 Deo
737 1693 918 1748 Verbo
953 1693 1183 1762 supplex
1220 1693 1458 1762 postulet
1501 1693 1728 1747 verbum
1766 1693 1820 1746 in
1881 1695 2168 1763 apertione

2268 1695 2478 1748 δίδωσίν
2527 1714 2617 1766 μοι
2672 1698 2924 1766 γλῶσσαν
2972 1701 3221 1764 παιδείας
3267 1703 3364 1756 τοῦ
3411 1705 3652 1768 εἰδέναι,
3701 1707 3859 1773 ﬂvit:

596 1788 710 1840 oris
750 1787 834 1841 sui
874 1803 887 1839 :
920 1785 1382 1855 quemadmodum
1417 1797 1473 1839 et
1505 1787 1669 1840 Isaias
1691 1787 1765 1840 ait
1797 1805 1810 1840 :
1853 1806 1870 1838 ι
1906 1788 2170 1842 Dominus

2267 1786 2344 1839 δεῖ
2376 1789 2551 1840 εἰπεῖν
2580 1790 2757 1856 λόγον.
2787 1809 2805 1842 ι
2836 1792 2944 1843 Kal
2970 1793 3184 1858 ἐπάγει,
3226 1813 3244 1844 «ι
3268 1793 3572 1847 Ἀκούσατέ
3609 1813 3738 1864 μου,
3769 1798 3858 1848 καὶ

597 1875 690 1928 dat
714 1876 847 1930 mihi
872 1876 1112 1946 linguam
1135 1876 1432 1940 eruditam,
1453 1886 1512 1930 ut
1543 1877 1790 1930 noverim
1818 1893 1980 1946 quem
2005 1895 2170 1948 opor-

2269 1878 2491 1946 ζήσεται
2527 1881 2584 1931 ὲν
2615 1880 2838 1946 ἀγαθοῖς
2865 1883 2897 1951 ἡ
2925 1883 3070 1950 ψυχὴ
3095 1884 3268 1953 ὑμῶν.
3295 1905 3312 1935 ι
3339 1885 3397 1937 'U
3441 1886 3499 1938 δὲ
3539 1889 3855 1956 Παροιμια-

599 1977 704 2021 teat
741 1967 986 2035 proferre
1016 1981 1330 2022 sermonem
1360 1968 1425 2018 ¹².
1453 1985 1470 2016 ι
1503 1967 1719 2021 lnducit
1746 1987 1760 2020 -.
1787 1987 1803 2018 ι
1838 1967 2038 2023 Audite
2055 1983 2164 2034 me,

2271 1969 2419 2038 στὴς,
2474 1987 2493 2020 ι
2535 1971 2742 2040 Κηρίον
2777 1973 3011 2042 μέλιτος,
3037 1975 3185 2042 λόγοι
3229 1977 3404 2030 καλοί.
3457 1978 3775 2048 Γλύκασμα
3802 1980 3852 2030 δὲ

595 2067 652 2113 et
687 2059 831 2111 vivet
882 2058 937 2111 in
963 2057 1124 2112 bonis
1149 2057 1330 2111 anima
1371 2067 1553 2111 vestra
1576 2057 1642 2108 ¹³.
1679 2077 1694 2106 ι
1727 2057 2112 2112 Ρατωηιὶδειεε
2146 2074 2160 2110 :

2267 2059 2446 2112 αὐτῶν
2492 2061 2651 2127 ἀκοὴ,
2696 2063 2790 2114 καὶ
2847 2063 2989 2126 ῐασις
3035 2064 3232 2136 ψυχῆς.
3273 2085 3290 2118 ι
3327 2067 3486 2119 Ὅσοι
3547 2069 3668 2137 γὰρ
3719 2069 3853 2135 πρὸς

602 2171 619 2202 ι
654 2151 830 2206 Favus
865 2151 1044 2205 mellis
1082 2165 1366 2205 sermones
1386 2150 1538 2214 boni,
1561 2150 1840 2204 edulcatio
1861 2159 2042 2203 autem
2065 2164 2162 2203 eo-

2267 2151 2542 2220 σωτηρέαν
2573 2151 2840 2219 λέγονται,
2877 2155 3170 2225 γλύκασμα
3212 2158 3307 2209 καὶ
3351 2158 3500 2210 τασιν
3526 2159 3851 2226 ἐμποιοῦσιν

595 2258 716 2296 rum
741 2242 974 2308 auditio,
1025 2251 1080 2298 et
1111 2241 1316 2296 sanitas
1360 2241 1556 2295 animae
1589 2241 1652 2294 ”.
1697 2262 1713 2290 ι
1743 2240 2165 2309 Quanticuuque

2265 2244 2329 2309 τῇ
2355 2239 2524 2310 ψυχῇ.
2555 2242 2780 2308 Συνετὸς
2806 2244 2862 2296 δὲ
2895 2248 2950 2297 ἐν
2979 2246 3301 2316 πράγμασιν
3339 2248 3574 2317 εὑρετὴς
3607 2249 3846 2316 ἀγαθῶν.

593 2334 739 2387 enim
767 2332 831 2386 ad
858 2331 1156 2401 parandam
1178 2333 1410 2387 salutem
1441 2332 1782 2400 pertinentes
1830 2331 2167 2399 depromun-

2266 2332 2373 2384 Καὶ
2407 2333 2558 2403 χείλη
2595 2334 2912 2402 φιλήσουσιν
2946 2339 3354 2408 ἁποκρινόμενα
3393 2339 3597 2405 λόγους
3628 2341 3845 2402 καλούς.

594 2435 702 2488 tur,
744 2440 1008 2495 perquam
1031 2439 1252 2480 suavem
1281 2423 1632 2477 dulcedinem
1665 2431 1829 2492 atque
1870 2422 2162 2477 sanitatem

2266 2423 2396 2486 Kal,
2445 2442 2462 2473 ι
2504 2423 2673 2494 Χείλη
2725 2425 2842 2478 λεῖα
2916 2427 3180 2481 καλύπτει
3233 2430 3464 2498 καρδίαν
3515 2431 3794 2501 λυπηρὰν.
3825 2451 3841 2484 ι

593 2518 882 2587 ingignunt
911 2519 1122 2572 animae.
1151 2517 1256 2571 Sed
1301 2527 1358 2572 et
1395 2517 1634 2587 prudens
1685 2515 1742 2570 in
1775 2516 2031 2586 negotiis,
2080 2515 2164 2569 in-

2266 2517 2375 2570 Kal
2408 2517 2589 2581 πάλιν,
2633 2517 2833 2587 «Λόγος
2871 2519 3111 2589 λυπηρὸς
3153 2521 3355 2591 ἐγείρει
3383 2523 3559 2592 ὀργάς
3585 2541 3602 2554 ·
3630 2524 3848 2590 γλῶσπ

591 2616 790 2662 ventor
818 2608 1109 2664 bonorum.
1131 2607 1300 2662 Labia
1325 2607 1584 2662 amabilia
1611 2616 1762 2671 sunt,
1795 2623 1916 2676 quae
1941 2621 2166 2674 respon—

2265 2607 2320 2659 δὲ
2353 2608 2553 2674 σοφῶν,
2601 2609 2742 2662 καλὰ
2784 2610 3110 2664 ἐπίσταται·
3153 2630 3169 2662 ι
3206 2614 3350 2675 ῐασις
3401 2614 3515 2683 γάρ
3569 2614 3843 2685 γλώσσης,

591 2702 725 2755 dent
755 2716 1037 2755 sermones
1071 2701 1266 2754 bonos.
1290 2701 1358 2754 Et
1401 2718 1414 2752 :
1450 2718 1467 2749 ι
1505 2699 1672 2752 Labia
1711 2699 1857 2753 lenia
1884 2697 2166 2753 occultant

2263 2696 2476 2766 δένδρον
2503 2695 2669 2764 ζωῆς.
2704 2699 2813 2750 Kal
2843 2698 3022 2762 πάλιν,
3054 2718 3072 2750 ι
3103 2699 3284 2768 Στόμα
3305 2700 3520 2752 δικαίου
3545 2702 3846 2763 ἀποστάζει

591 2791 869 2846 tristitiam
902 2791 1088 2844 cordis
1117 2793 1182 2842 ’⁵.
1220 2810 1237 2840 ι
1296 2791 1509 2843 Rursus
1537 2807 1550 2841 :
1591 2809 1608 2838 σ
1642 2789 1835 2843 Sermo
1859 2791 2038 2845 tristis
2062 2806 2163 2845 ex-

2267 2787 2481 2856 σοφεαν,
2514 2787 2612 2840 καὶ
2651 2787 2805 2856 χείλη
2841 2788 3066 2841 δικαίων
3121 2790 3530 2854 ἀποστάζουσιν
3560 2793 3842 2862 χάριτας..

591 2882 728 2935 citat
757 2880 886 2943 iras,
913 2880 1099 2950 lingua
1129 2888 1317 2934 autem
1357 2880 1690 2949 sapientium
1723 2880 1868 2934 bona
1910 2883 2099 2946 scit",
2137 2905 2156 2936 ι

2266 2880 2392 2941 Καὶ,
2428 2895 2446 2927 ι
2484 2877 2665 2948 Στόμα
2713 2879 2990 2942 ταπεινὸν,
3038 2879 3240 2950 μελετᾷ
3292 2882 3508 2949 σοφίαν.
3543 2900 3564 2932 ι
3605 2884 3721 2935 Καὶ
3749 2882 3847 2936 πάη

592 2972 804 3026 medela
841 2973 987 3027 enim
1031 2972 1259 3042 linguae,
1296 2971 1462 3026 arbor
1518 2972 1664 3025 vitm.
1715 2971 1920 3026 lterum
1965 2991 1978 3025 :
2020 2992 2038 3023 ι
2091 2973 2164 3028 Os

2264 2969 2367 3032 λιν,
2402 2987 2422 3019 ι
2463 2969 2594 3021 Ἀπὸ
2621 2969 2850 3040 καρπῶν
2881 2971 3170 3040 στόματος,
3203 2973 3349 3042 ψυχὴ
3381 2973 3582 3043 ἀνδρὸς
3611 2974 3847 3042 πληθυν-

589 3063 723 3134 justi
757 3061 986 3117 distillat
1007 3061 1352 3131 sapientiam,
1382 3071 1437 3115 et
1483 3061 1628 3114 labia
1671 3063 1947 3130 justorum
1981 3061 2163 3116 distil-

2267 3057 2493 3127 θήσεται
2523 3058 2773 3125 ἀγαθῶν
2821 3059 3173 3128 ἀνταπόδομα
3203 3061 3260 3113 δὲ
3290 3061 3519 3129 χειλέων
3541 3062 3742 3124 αὑτοῦ,
3765 3063 3847 3114 δο-

593 3157 708 3210 lant
737 3155 962 3225 gratias.
993 3173 1014 3206 ι
1045 3155 1148 3208 Et:
1186 3174 1201 3204 σ
1240 3152 1314 3207 Os
1360 3152 1568 3205 humile
1595 3152 1890 3206 meditatur
1946 3154 2166 3223 sapien-

2266 3149 2492 3220 θήσεται
2519 3149 2720 3220 αὐτῷ.»
2752 3151 2858 3204 Kal
2877 3151 3052 3215 αὖθις,
3074 3171 3092 3203 ι
3115 3153 3280 3221 Χειλη
3307 3153 3542 3221 ἀληθινὰ
3594 3155 3848 3224 κατορθοῖ

593 3247 724 3303 tiam
756 3250 820 3299 ”.
871 3267 889 3298 ι
934 3247 1184 3301 Rursus:
1221 3264 1238 3295 ι
1294 3245 1338 3298 Α
1371 3244 1642 3298 fructibus
1693 3245 1810 3298 oris
1833 3247 2014 3300 anima
2055 3247 2159 3300 viri

2273 3239 2595 3311 μαρτυρίαν.
2630 3242 2692 3293 Οἱ
2724 3240 2778 3293 δὲ
2813 3241 3124 3312 βουλόμενοι
3157 3243 3490 3313 εἰρηνεύειν,
3527 3247 3847 3317 εὐφρανθή-

593 3340 896 3410 replebitur
930 3339 1090 3394 bonis
1115 3356 1130 3402 ;
1154 3337 1449 3392 retributio
1474 3337 1745 3391 labiorum
1771 3339 1891 3407 ejus
1941 3338 2163 3393 dabitur

2269 3348 2466 3386 σονται.
2500 3351 2519 3383 ι
2558 3333 2615 3384 Ὀ
2662 3332 2722 3384 δὲ
2761 3333 3034 3403 ’Υμνῳδός
3063 3351 3076 3364 ·
3127 3354 3146 3385 ι
3187 3335 3551 3406 Ἐξηρεύξατο
3587 3340 3620 3406 ἡ

592 3433 643 3485 ei
673 3428 736 3483 ¹⁸.
783 3449 800 3480 ι
832 3429 1042 3482 Rursus
1083 3444 1095 3478 :
1129 3445 1146 3476 ι
1185 3425 1352 3480 Labia
1383 3426 1599 3480 veracia
1628 3441 1894 3496 prospere
1916 3427 2163 3497 dirigunt

2265 3441 2365 3494 μου
2397 3424 2555 3492 λόγον
2587 3424 2811 3492 ἀγαθόν.
2853 3445 2872 3477 ι
2910 3427 3039 3489 Kal,
3073 3446 3092 3479 ι
3125 3427 3331 3498 Κύριος
3361 3429 3524 3481 δώσει
3551 3433 3711 3502 ῥῆμα
3741 3434 3846 3494 τοίς

594 3519 993 3580 testimonium,
1034 3518 1128 3587 qui
1158 3529 1340 3571 autem
1367 3516 1560 3572 volunt
1591 3517 1791 3572 habere
1814 3534 2001 3587 pacem
2021 3561 2036 3583 ,
2073 3521 2164 3573 lte-

2261 3513 2773 3584 εύαγγελιζομένοις
2810 3513 3039 3584 δυνάμει
3099 3516 3291 3586 πολλῇ.
3328 3535 3347 3566 ι
3402 3518 3532 3579 Καὶ,
3596 3539 3615 3568 ε
3655 3519 3844 3589 Κύριε,

594 3613 860 3670 tabuntur
915 3613 974 3663 ”.
1053 3629 1070 3660 ι
1141 3608 1366 3664 Melicus
1423 3608 1752 3679 hymnorum
1804 3620 2158 3664 concentor:

2261 3605 2329 3658 τὰ
2359 3605 2514 3676 χείλη
2567 3623 2669 3676 μου
2723 3605 2974 3670 ἀνοίξεις,
3033 3606 3128 3661 καὶ
3174 3606 3236 3660 τὸ
3287 3607 3464 3676 στόμα
3525 3627 3633 3678 μου
3685 3612 3841 3675 dar;-

601 3721 620 3752 ι
655 3700 937 3756 Eructavit
990 3715 1084 3754 cor
1123 3714 1302 3753 meum
1357 3697 1584 3752 verbum
1639 3698 1843 3752 bonum
1872 3700 1938 3752 ’°.
1976 3719 1994 3752 ι
2048 3700 2159 3754 Et:

2261 3697 2407 3766 γελεῖ
2455 3696 2551 3767 τὴν
2573 3697 2782 3750 αῐνεσεν-
2811 3714 2923 3752 σου,
2955 3716 2974 3748 ι
3004 3697 3342 3751 Ἐπιστέλλει
3371 3699 3428 3751 δὲ
3454 3700 3548 3751 καὶ
3574 3702 3605 3751 ὁ
3638 3699 3843 3764 Παῦλος

600 3815 618 3844 ε
655 3794 922 3848 Dominus
951 3792 1353 3846 dabitverbum
1403 3792 1910 3861 evangelizantibus
1955 3793 2160 3849 virtute

2263 3788 2459 3855 λέγων,
2500 3807 2520 3840 ι
2568 3789 2626 3841 '0
2656 3789 2812 3856 λόγος
2845 3789 3000 3857 ὑμῶν
3030 3791 3261 3844 πάντοτε
3311 3793 3372 3843 ἐν
3420 3792 3634 3860 χάριτι,
3689 3792 3841 3845 ἅλατι

592 3887 765 3940 multa
792 3884 858 3938 “.
895 3903 914 3936 ι
945 3885 1011 3938 Ει
1047 3901 1060 3936 :
1107 3901 1125 3933 ι
1159 3882 1569 3945 Domine,labia
1603 3899 1720 3937 mea
1745 3884 1978 3952 aperies,
2006 3892 2064 3938 et
2101 3901 2163 3940 os

2262 3881 2585 3951 ἠρτυμένος,
2619 3883 2818 3936 εἰδέναι
2850 3882 2968 3945 πῶς
3001 3883 3081 3935 δεῖ
3107 3883 3325 3953 ἑκάστῳ
3355 3885 3500 3954 ὑμᾶς
3536 3885 3839 3954 ἀποκρίνε-

594 3993 777 4033 meum
799 3975 1150 4030 atutuntiabit
1185 3973 1403 4028 laudem
1453 3982 1600 4028 tuam
1635 3975 1701 4026 ".
1742 3994 1758 4024 ι
1787 3974 1894 4029 Sed
1928 3984 1983 4030 et
2016 3977 2160 4032 Pau-

2264 3973 2406 4027 σθαι.
2443 3992 2462 4024 ι
2499 3973 2609 4027 Καὶ
2660 3973 2990 4042 Ῥωμαίοις·
3057 3994 3074 4026 ι
3105 3975 3382 4028 Ἐπιποθῶ
3439 3975 3548 4044 γὰρ
3575 4017 3591 4040 ,
3646 3979 3839 4044 φησὶν,

591 4070 679 4124 lus
701 4085 796 4138 per
815 4068 1108 4137 epistolam
1143 4066 1314 4120 dicit:
1348 4084 1365 4116 ‹
1415 4064 1606 4119 Sermo
1644 4075 1826 4119 vester
1851 4082 2068 4137 semper
2102 4070 2160 4122 in

2265 4065 2391 4118 ἱδετν
2425 4066 2589 4136 ὑμᾶς,
2621 4065 2706 4119 ἵνα
2730 4082 2782 4117 τι
2829 4066 3047 4134 μεταδῶ
3081 4066 3328 4135 χάρισμα
3361 4065 3491 4134 ὑμῖν
3532 4083 3838 4137 πνευματι-

591 4159 765 4229 gratia
791 4158 904 4212 sale
943 4157 1016 4212 sit
1048 4156 1328 4217 conditus,
1374 4165 1432 4210 ut
1456 4155 1642 4210 sciatis
1675 4157 1952 4226 quomodo
1995 4175 2162 4228 opor-

2262 4157 2378 4218 κὸν,
2414 4159 2492 4220 εἰς
2533 4157 2593 4209 τὸ
2619 4157 2978 4227 στηριχθῆναι
3009 4157 3176 4226 ὑμᾶς.
3204 4157 3372 4210 Τοῦτο
3397 4157 3456 4210 δέ
3496 4161 3670 4220 ἐστιν,
3704 4177 3837 4227 συμ-

593 4258 706 4305 teat
757 4263 860 4304 vos
888 4248 1186 4317 unicuique
1234 4247 1567 4316 respondere
1599 4249 1664 4300 ".
1719 4267 1737 4298 ι
1769 4250 1835 4303 Et
1862 4251 1930 4304 ad
1963 4251 2163 4306 Roma-

2263 4249 2684 4320 παρακληθῆναι
2714 4251 2770 4302 ἐν
2792 4249 2917 4318 ὑμῖν
2946 4249 3034 4302 διὰ
3065 4247 3167 4317 τῆς
3196 4251 3254 4300 ὲν
3291 4248 3544 4318 ἀλλήλοις
3581 4251 3837 4314 πίστεως,

592 4358 734 4398 nos:
777 4362 794 4392 ι
829 4340 1093 4396 Desidero
1141 4340 1288 4393 enim
1328 4339 1518 4394 videre
1547 4356 1666 4404 vos,
1697 4349 1756 4394 ut
1810 4343 2015 4411 aliquid
2057 4343 2161 4396 im-

2261 4338 2418 4408 ὑμῶν
2453 4354 2513 4390 τε
2569 4336 2660 4390 καὶ
2695 4335 2852 4407 ἐμοῦ.
2899 4356 2917 4388 ι
2971 4336 3081 4389 Καὶ
3115 4335 3297 4400 πάλιν,
3335 4355 3354 4389 ι
3384 4337 3836 4406 Ιῐαρακαλοῦιιστεε¹

591 4433 800 4502 pertiar
837 4430 1000 4485 vobis
1043 4428 1227 4499 gratiae
1279 4428 1604 4497 spiritualis,
1653 4429 1720 4483 ad
1752 4431 2160 4486 confirmandos

2263 4429 2358 4483 ἕνα
2385 4430 2615 4483 ἕκαστον
2647 4428 2822 4499 ὑμῶν,
2853 4428 2946 4481 καὶ
2973 4428 3461 4499 παραμυθούμενοι
3489 4430 3570 4490 εἰς
3598 4431 3662 4481 τὸ
3686 4447 3830 4500 περι-

590 4540 711 4589 vos,
742 4524 796 4578 id
815 4530 920 4588 est,
953 4521 1118 4574 simul
1163 4520 1437 4574 consolari
1478 4521 1536 4574 in
1563 4522 1720 4575 vobis
1767 4540 1864 4591 per
1893 4539 2012 4578 eam
2040 4540 2161 4592 quae

2265 4525 2458 4576 πατεῖν
2521 4520 2687 4585 ἀξίως
2736 4521 2830 4574 τοῦ
2893 4519 3049 4572 Θεοῦ.
3090 4539 3108 4572 ι
3154 4519 3220 4572 Εἴ
3261 4539 3342 4583 τις
3382 4517 3477 4573 οὖν
3520 4521 3833 4574 αἰσθάνεται

590 4617 829 4672 invicem
874 4623 980 4678 est,
1023 4613 1186 4666 ﬁdem
1215 4611 1280 4663 ".
1325 4629 1343 4661 ι
1409 4611 1617 4665 lterum
1661 4629 1674 4664 :
1727 4631 1744 4662 ι
1793 4614 2158 4684 Deprecantes

2264 4617 2453 4670 ἑαυτὸν
2517 4615 2778 4684 εἰληφότα
2833 4614 3082 4685 χάρισμα
3135 4614 3477 4676 διδασκαλίας
3529 4615 3688 4683 παρὰ
3751 4613 3836 4665 τοῦ

593 4720 1063 4775 unumquemque-
1087 4710 1327 4757 vestrum
1365 4709 1422 4755 et
1447 4703 1813 4768 consolantes,
1871 4713 1929 4758 ut
1967 4706 2159 4760 ambu—

2265 4707 2421 4766 Θεοῦ.
2448 4707 2670 4777 λαλήσει
2700 4708 2840 4776 μετὰ
2863 4707 3383 4776 ταπεινοφροσύνης,
3409 4707 3498 4758 ἵνα
3529 4708 3627 4758 καὶ
3651 4706 3833 4768 ἅλλους

590 4801 717 4856 letis
742 4799 902 4869 digne
929 4796 1040 4850 Deo
1067 4797 1134 4849 “.
1164 4815 1182 4845 ι
1215 4794 1482 4862 Quisquis
1503 4793 1670 4863 igitur
1701 4796 1868 4850 sentit
1903 4813 1962 4852 se
1984 4813 2012 4851 a
2046 4799 2158 4852 Deo

2263 4799 2620 4872 οἰκοδομήσῃ,
2677 4800 2889 4868 μήποτε
2929 4799 3022 4851 καὶ
3075 4798 3314 4867 ὲγκληθῇ
3360 4798 3434 4859 ὡς
3466 4799 3496 4849 ὁ
3533 4797 3753 4867 κρύψας
3779 4797 3832 4850 τὸ

589 4891 864 4960 accepisse
885 4888 1148 4944 doctrina:
1169 4885 1393 4949 donum,
1416 4885 1674 4954 loquatur
1692 4888 1841 4942 omni
1895 4905 2018 4943 cum
2043 4905 2158 4942 mo-

2263 4891 2543 4943 τάλαντον.
2591 4890 2648 4942 'O
2685 4889 2740 4942 δὲ
2774 4891 2941 4959 μήπω
2987 4888 3228 4957 εἰληφὼς
3274 4889 3523 4958 χάρισμα
3573 4890 3830 4951 τοιοῦτον,

590 4983 788 5046 destia,
814 4989 875 5036 ut
905 4980 1026 5035 aliis
1055 4980 1519 5045 sitaediﬁcationi,
1547 4996 1614 5034 ne
1639 4979 1779 5034 forte
1808 4981 1888 5036 illi
1913 4989 2159 5036 vertatur

2264 4982 2492 5046 σιγάτω,
2511 4981 2607 5034 καὶ
2630 4980 2703 5050 μὴ
2725 4979 3136 5052 προ[σ]φερέτω
3152 4982 3372 5049 ῥήματα
3402 4981 3549 5050 ἀργὰ
3574 4981 3686 5032 ἀπὸ
3706 4998 3826 5050 καρ-

590 5075 810 5132 crimini
839 5073 996 5145 quasi
1021 5071 1116 5142 qui
1154 5072 1420 5126 talentum
1451 5073 1795 5127 Dominicum
1829 5073 2154 5127 occuluerit.

2263 5072 2380 5134 δίας
2400 5069 2587 5135 αὐτοῦ,
2621 5071 2832 5139 μήποτε
2852 5070 3082 5142 ἀκούσῃ·
3100 5090 3118 5121 ι
3139 5071 3229 5139 Τῷ
3259 5071 3316 5123 δὲ
3345 5069 3663 5139 ἁμαρτωλῷ
3689 5065 3828 5121 εἶπεν

591 5169 695 5238 Qui
730 5176 914 5222 autem
941 5164 1186 5220 nondum
1215 5163 1420 5218 donum
1457 5165 1562 5220 tale
1595 5165 1828 5234 accepit,
1862 5166 2022 5219 sileat
2071 5166 2156 5218 in-

2264 5168 2292 5217 ὁ
2327 5164 2494 5226 Θεός·
2527 5165 2646 5216 Ἵνα
2705 5164 2758 5215 τί
2809 5166 2872 5216 σὺ
2930 5163 3157 5233 ὲκδιηγῇ
3206 5163 3273 5216 τὰ
3312 5162 3664 5232 δικαιώματά
3714 5179 3828 5232 μου,

589 5262 771 5323 terim,
795 5272 897 5311 nec
917 5271 947 5310 e
972 5254 1137 5310 corde
1159 5269 1260 5308 suo
1275 5253 1614 5323 prosilientia
1644 5255 1812 5310 verba
1839 5255 2043 5308 nullius
2064 5255 2160 5308 bo-

2267 5256 2361 5308 καὶ
2392 5254 2800 5324 ἀναλαμὸἀνεις
2841 5254 2940 5324 τὴν
2968 5253 3233 5324 διαθήκην
3286 5271 3389 5323 μου
3437 5253 3531 5306 διὰ
3570 5253 3823 5322 στόματός

590 5368 672 5406 me
703 5350 876 5420 frugis
900 5345 1166 5417 proferat,
1197 5362 1265 5399 ne
1297 5345 1438 5400 forte
1469 5346 1523 5400 in
1543 5363 1601 5402 se
1625 5346 1813 5400 audiat
1839 5345 2158 5414 detorqueri

2270 5363 2360 5398 σου
2389 5361 2402 5375 ·
2434 5347 2498 5398 σὺ
2542 5345 2598 5399 δὲ
2636 5347 2906 5416 ἐμίσησας
2937 5345 3210 5407 παιδείαν,
3267 5345 3360 5397 καὶ
3405 5345 3665 5411 ἐξέϐαλες
3714 5346 3824 5402 τοὺς

666 5564 704 5595 ¹¹
763 5561 954 5616 Matth.
1007 5580 1100 5631 vn,
1161 5566 1246 5630 15,
1297 5565 1382 5618 16.
1497 5562 1538 5592 ¹¹
1567 5561 1822 5622 lsa.L,4.
1937 5559 2112 5631 "lsa.
2147 5573 2254 5631 tv,

2223 5559 2314 5617 ,5.
2385 5627 2396 5631 _
2434 5557 2474 5589 “
2497 5559 2657 5612 Prov.
2693 5574 2800 5621 va,
2862 5557 2949 5610 24.
3068 5557 3109 5587 ’⁸
3152 5553 3312 5608 PrOV.
3338 5567 3404 5631 ξ,
3443 5552 3530 5631 l9.
3605 5560 3650 5589 ¹⁸
3673 5559 3814 5631 Prov.

592 5652 703 5696 κη,
762 5633 842 5685 18.
948 5632 989 5662 ¹⁷
1034 5627 1192 5688 Prov.
1237 5627 1332 5696 αν,
1400 5633 1486 5685 9.8.
1602 5632 1643 5661 ⁸³
1679 5631 1836 5684 Prov.
1895 5629 2104 5689 xm”.

2222 5627 2419 5680 |"lhid.
2457 5628 2544 5680 9.0.
2619 5629 2663 5657 ὐ
2697 5628 2835 5681 Psal.
2895 5643 3014 5680 κων
3043 5667 3057 5690 ,
3097 5629 3150 5680 2.
3263 5629 3300 5657 "
3337 5627 3478 5680 Psal.
3532 5644 3710 5692 um,
3743 5629 3813 5680 ιτ.

591 5704 636 5734 ¹¹
691 5700 832 5756 Psal.
873 5714 920 5761 L.,
961 5702 1044 5753 l7.
1158 5706 1202 5734 “
1230 5703 1440 5757 Coloss.
1484 5718 1556 5767 tv,
1585 5701 1636 5752 6.
1715 5703 1758 5730 ’⁸
1818 5701 1974 5753 Rom.
2017 5716 2054 5763 I,
2106 5697 2182 5762 11,

1340 5720 1440 5757 oss.
1484 5718 1556 5767 tv,
1585 5701 1636 5752 6.
1715 5703 1758 5730 "
1818 5701 1974 5753 Rom.
2017 5716 2054 5763 I,
2106 5697 2192 5762 il,
2240 5699 2320 5750 l2.
2384 5701 2441 5751 ,³⁵
2495 5697 2702 5752 Coloss.
2759 5714 2796 5760 ι,
2851 5698 2931 5753 10.
