3916 6304
94 268 220 336 1621

925 277 1253 338 HOMILIA
1296 279 1514 340 LXIII.
1542 278 1783 341 —NON
1826 281 2007 342 ESSE
2047 280 2497 342 JURANDUM’.

3208 268 3344 334 1622

79 384 270 454 λόγους
304 401 405 455 μου
435 387 514 450 είς
532 384 600 440 τὰ
625 386 798 441 ὀπίσω
819 403 838 454 ',
860 406 878 439 ι
902 417 970 429 --
1002 389 1060 443 Ὀ
1084 389 1191 462 γὰρ
1222 390 1424 459 ἀγαθὸς
1456 389 1668 461 ἄνθρω-

1770 393 1917 462 quod
1945 393 2387 464 peccatoridivit
2409 394 2555 448 Deus
2593 410 2605 445 :
2652 410 2669 443 ι
2705 390 2888 458 Quare
2929 398 2986 444 tu
3017 387 3343 456 enarrasju-

80 494 202 541 πος.
236 478 400 548 φησὶν
428 482 457 533 6
504 478 729 551 Κύριος,
761 481 827 533 ὲκ
881 480 975 534 τοῦ
1011 480 1215 551 ἀγαθοῦ
1254 482 1530 554 θησαυροῦ
1561 484 1665 554 τῆς

78 569 308 639 καρδίας
359 570 557 637 αὐτοῦ,
605 570 852 624 τουτέστι
932 571 1032 641 τῆς
1077 572 1301 642 χάριτος
1348 572 1442 625 τοῦ
1497 573 1655 641 ἁγίου

78 657 418 730 Πνεύματος,
456 680 472 712 ι
507 659 857 734 προ[σ]φέρει
891 661 950 715 τὸ
985 661 1209 729 ἀγαθόν.
1235 681 1252 713 ι
1285 661 1444 731 Αὐτῷ
1466 665 1499 733 ἡ
1528 663 1655 728 δόξα

77 755 159 814 είς
185 754 310 815 τοὺς
349 752 572 817 αἰῶνας.
620 754 815 825 Ἀμήν.

685 1030 905 1093 ΛΟΓΟΣ
941 1031 1058 1086 ΞΡ.

534 1119 673 1188 Περὶ
707 1119 814 1174 τοῦ
839 1120 925 1191 μὴ
957 1123 1220 1191 ὀμνύειν.

148 1229 284 1299 Περὶ
314 1229 408 1284 τοῦ
438 1231 512 1302 μὴ
541 1231 784 1300 ὀμνύειν,
821 1235 850 1285 6
884 1234 984 1303 μὲν
1012 1235 1239 1298 παλαιὸς
1268 1237 1453 1303 νόμος,
1482 1238 1577 1292 ἆτε
1600 1238 1662 1308 δὴ

74 1323 294 1392 νηπίοις
330 1324 660 1394 νομοθετῶν,
705 1326 1033 1392 ἐντέλλεται,
1081 1328 1156 1399 μὴ
1204 1330 1478 1400 ἀκαίρως,
1525 1331 1661 1401 μηδὲ

73 1413 169 1466 ἐπὶ
203 1413 341 1485 δόλῳ
383 1415 463 1485 τῷ
504 1415 718 1487 πλησίῳ
757 1419 998 1487 ὀμνύειν.
1061 1414 1221 1490 Ἡμῖν
1269 1421 1323 1474 δὲ
1364 1423 1391 1474 ὀ
1450 1422 1657 1492 Κύριος

70 1504 233 1573 ἡμῶν
287 1506 380 1559 καὶ
432 1505 625 1579 Σωτὴρ
676 1509 1005 1576 ἐντέλλεται,
1067 1513 1203 1581 μήτε
1252 1512 1387 1575 ὅλως
1435 1512 1652 1583 ὀμόσαι,

75 1593 216 1664 μήτε
248 1595 549 1666 εὐκαίρως,
585 1599 720 1668 μήτε
750 1599 1016 1670 ἀκαίρως.
1051 1620 1068 1652 ι
1105 1603 1258 1655 Ἤτω
1290 1605 1421 1673 γὰρ,
1468 1605 1653 1673 φησὶν,

71 1683 130 1735 ὲν
156 1684 286 1754 ὑμῖν
308 1686 388 1751 τὸ,
410 1686 519 1752 ναὶ,
544 1689 651 1752 ναὶ,
680 1688 774 1740 καὶ
796 1689 879 1753 τὸ,
905 1689 989 1754 οὒ,
1016 1689 1099 1745 οὔ.
1130 1691 1203 1744 Τὸ
1225 1691 1281 1744 δὲ
1308 1693 1650 1762 περισσεῦον,

70 1776 139 1827 ὲκ
175 1774 273 1828 τοῦ
307 1776 544 1848 πονηροῦ
572 1780 738 1831 ἐστιν.
776 1797 795 1829 ι
832 1780 936 1832 Καὶ
970 1781 1045 1850 τῷ
1079 1780 1301 1854 πρώτῳ,
1334 1783 1518 1853 φησὶν,
1540 1782 1654 1853 λαῷ

71 1867 147 1930 ὡς
189 1868 657 1940 σκληροτραχήλῳ
690 1872 1064 1943 ἐνετειλάμην,
1093 1890 1112 1923 ι
1140 1874 1253 1926 Οὐκ
1284 1875 1653 1943 ἐπιορκήσεις,

72 1958 382 2023 ἀποδώσεις
428 1959 485 2013 δὲ
540 1961 732 2031 Κυρίῳ
764 1962 892 2026 τοὺς
933 1962 1131 2031 ὅρκους
1162 1980 1290 2017 σου·
1328 1983 1346 2015 ι
1386 1964 1461 2028 ὡς
1494 1966 1659 2035 σκλη-

73 2049 387 2120 ροκαρδίοις
416 2052 510 2104 καὶ
537 2051 859 2106 ἀπειθοῦσιν
884 2071 996 2125 μοι.
1038 2055 1197 2124 ’Υμῖν
1215 2056 1272 2109 δὲ
1297 2058 1413 2120 τοῖς
1437 2057 1658 2110 πιστεύ-

73 2157 233 2193 σασιν
266 2143 347 2203 είς
378 2142 498 2211 ἐμὲ,
527 2136 609 2206 οἷς
643 2142 853 2199 δέδωκα
878 2144 1128 2209 ἐξουσίαν
1149 2146 1314 2201 τέκνα
1343 2148 1480 2204 Θεοῦ
1508 2151 1661 2218 γενέ-

72 2232 221 2295 σθαι,
244 2235 359 2297 τοῖς
388 2235 723 2307 ἁναγεγεννη
735 2237 918 2306 μένοις
935 2240 1003 2292 ἐκ
1018 2240 1112 2291 τοῦ
1134 2241 1290 2308 ἁγίου
1316 2242 1654 2314 Πνεύματος,

72 2325 530 2397 παρακελεύομαι
567 2329 778 2399 μήποτε
820 2329 958 2393 ὅλως
988 2331 1186 2402 ὀμόσαι
1219 2332 1311 2386 τὸν
1343 2335 1655 2407 οίονδήποτε

74 2415 274 2483 μικρὸν
301 2414 333 2484 ἢ
364 2416 542 2485 μέγαν
573 2417 756 2488 ὅρκον,
808 2418 894 2470 ἵνα
928 2418 1111 2490 δειχθῇ
1153 2419 1212 2472 τὸ
1251 2420 1506 2491 διάφορον
1547 2424 1657 2476 τῶν

71 2504 245 2559 νόθων
287 2506 380 2558 καὶ
422 2507 531 2559 τῶν
599 2508 840 2576 γνησίων
895 2525 997 2575 μου
1042 2509 1268 2564 τέκνων.
1311 2510 1657 2582 Αίδεσθῶμεν

70 2592 187 2657 οὖν,
217 2594 513 2663 ἀγαπητοὶ,
543 2593 636 2647 τὸν
665 2593 838 2657 οὕτως
876 2595 1186 2666 τιμήσαντα
1217 2598 1360 2667 ἡμᾶς
1379 2597 1657 2666 Δεσπότην

71 2686 166 2738 καὶ
196 2684 435 2753 Πατέρα,
462 2686 556 2738 καὶ
594 2685 734 2755 μετὰ
768 2685 969 2750 παντὸς
1007 2687 1173 2756 φόὄου
1209 2691 1285 2753 ὡς
1322 2688 1498 2744 δοῦλοι
1526 2691 1657 2762 γνή-

74 2794 179 2830 σιοι
207 2777 533 2846 φυλάξωμεν
567 2778 667 2847 τὴν
719 2777 940 2849 ἐντολὴν
985 2780 1151 2833 αὐτοῦ
1203 2781 1297 2834 τοῦ
1355 2781 1478 2852 μηδ’
1519 2783 1658 2845 ὅλως

76 2868 302 2939 ὀμνύειν
327 2885 341 2901 ·
376 2869 591 2939 μήποτε
623 2869 717 2922 καὶ
753 2870 880 2940 περὶ
906 2871 1065 2940 ἡμῶν
1089 2870 1239 2945 εἴπῃ,
1273 2892 1290 2925 ι
1324 2874 1484 2939 Υίοὺς
1508 2875 1657 2944 ἐγέν-

72 2977 213 3030 νησα
270 2962 365 3015 καὶ
411 2959 626 3030 ὕψωσα,
688 2963 843 3017 αὐτοὶ
897 2963 953 3016 δέ
1009 2981 1075 3034 με
1129 2964 1420 3036 ἠθέτησαν.
1450 2987 1468 3019 ι
1521 2968 1652 3031 Καὶ,

79 3069 95 3100 ι
132 3051 545 3122 Υίοὶδὰλλότριοι
581 3052 879 3121 ἐψεύσαντό
912 3071 1021 3125 μοι.
1062 3074 1081 3107 ι
1126 3056 1216 3127 Μὴ
1246 3053 1339 3111 οὖν
1367 3058 1655 3130 γενώμεθα

76 3143 264 3210 ἰταμοὶ
292 3142 387 3195 καὶ¹
424 3144 833 3215 καταφρονινιτα)⁹
859 3143 962 3215 τῆς
993 3145 1214 3216 ἐντολῆς
1248 3146 1343 3200 τοῦ
1378 3149 1653 3204 Δεσπότου
1682 3174 1725 3230 C

76 3233 253 3303 ἡμῶν.
285 3232 366 3285 Τὰ
399 3232 509 3304 γὰρ
549 3234 720 3305 χωρὶς
760 3235 925 3305 ὅρκου
974 3236 1242 3306 γενόμενα
1298 3237 1330 3309 ἢ
1363 3238 1652 3312 λεγόμενα,

75 3322 477 3395 εὐπειθέστερά
524 3326 673 3378 ἐστιν
721 3327 832 3388 τοῖς
886 3325 1219 3397 ἀνθρώποις,
1270 3327 1365 3380 καὶ
1417 3327 1496 3398 τῷ
1537 3326 1656 3397 Θεῷ

77 3416 369 3485 εὐάρεστα.
401 3415 598 3480 Καλῶς
628 3411 722 3471 οὖν
755 3418 787 3488 ἡ
831 3417 1003 3485 Σοφία
1045 3417 1376 3486 διαγγέλλει,
1412 3437 1430 3469 ι
1468 3420 1657 3491 Ὅρκῳ

79 3506 153 3577 μὴ
186 3505 376 3578 ἐθίσῃς
399 3506 462 3559 τὸ
492 3507 669 3577 στόμα
701 3524 821 3571 σου,
850 3508 945 3561 καὶ
982 3509 1249 3579 ὀνομασίᾳ
1270 3508 1364 3562 τοῦ
1392 3510 1548 3576 ἁγίου
1582 3513 1656 3581 μὴ

77 3597 386 3667 συνεθίσῃς.
438 3597 498 3649 '0
545 3598 654 3667 γὰρ
708 3596 925 3668 ὀμνύων
972 3598 1032 3651 οὐ
1089 3597 1164 3669 μὴ
1196 3598 1503 3671 καθαρισθῇ
1549 3602 1658 3655 ἀπὸ

76 3686 378 3757 ἁμαρτίας.
410 3706 429 3738 ι
462 3688 573 3739 Καὶ
603 3688 787 3753 πάλιν,
816 3706 839 3739 ι
863 3689 1031 3758 Ἀνὴρ
1063 3688 1366 3761 πολύορκος
1414 3692 1658 3764 πλησθή-

78 3795 233 3831 σεται
292 3778 551 3848 ἀνομίας,
607 3779 702 3832 καὶ
768 3779 868 3831 οὐκ
918 3781 1289 3851 ἀποστήσεται
1341 3784 1437 3837 ἀπ’
1492 3785 1657 3839 αὐτοῦ

79 3868 299 3937 μάστιξ.
329 3888 348 3921 ›
374 3869 539 3925 Ἀλλὰ
570 3871 665 3924 καὶ
693 3872 726 3941 ἡ
757 3869 917 3925 λαλιὰ
947 3870 1044 3925 τοῦ
1071 3873 1374 3945 πολυόρκου
1405 3876 1464 3930 οὐ
1497 3877 1660 3947 μόνον

78 3962 275 4031 τρίχας
309 3962 548 4033 ἁνορθοί.
593 3963 732 4019 ἁλλὰ
771 3964 867 4017 καὶ
895 3964 1084 4028 ἀκοαῖς
1122 3965 1378 4037 πολεμία.
1409 3969 1580 4040 Φησϊν
1603 3971 1660 4023 δὲ

78 4054 172 4105 καὶ
198 4055 226 4107 6
244 4056 428 4126 νόμος,
461 4073 479 4106 ι
509 4056 623 4109 Οὐκ
648 4055 874 4125 ὀμεῖσθε
899 4056 961 4110 τδ
988 4056 1160 4129 ὄνομά
1187 4075 1287 4130 μου
1313 4060 1409 4113 ἐπὶ
1428 4060 1616 4133 ἀδίκῳ.
1634 4082 1653 4115 ι

78 4146 188 4198 Καὶ
237 4148 266 4199 ὀ
320 4148 607 4219 προφήτης
667 4149 963 4220 Ζαχαρίας,
1031 4170 1050 4203 ι
1084 4153 1289 4224 Ὅρκον
1339 4154 1511 4227 ψευδῆ
1583 4156 1657 4229 μὴ

76 4236 326 4302 όγαπᾶτε
353 4254 367 4268 ο
397 4238 500 4310 τὴν
533 4238 793 4308 ἀλήθειαν
824 4240 901 4306 δὲ,
927 4243 1021 4294 καὶ
1050 4241 1149 4314 τὴν
1178 4243 1405 4315 εἰρήνην
1439 4246 1659 4314 ἁγαπᾶ-

76 4341 157 4380 τε.
196 4346 213 4377 ι
249 4329 413 4398 Λέγει
450 4329 509 4383 δὲ
534 4331 628 4382 καὶ
658 4333 686 4384 ὀ
711 4331 895 4401 Ὠσηὲ,
934 4351 952 4384 σ
982 4334 1092 4387 Καὶ
1125 4334 1201 4406 μὴ
1233 4334 1463 4406 ὀμνύετε
1486 4337 1660 4404 ζῶντα

80 4419 307 4491 Κύριον.
349 4440 368 4474 ι
415 4421 474 4476 Ὀ
519 4423 575 4476 δὲ
627 4424 889 4494 Μιχαίας,
947 4444 966 4477 ι
1004 4427 1115 4480 Καὶ
1166 4426 1402 4500 ἔσομαι,
1459 4432 1658 4502 φησὶν,

1767 483 1949 538 stitias
1971 500 2142 548 meas,
2164 493 2221 540 et
2252 485 2489 539 assumis
2524 490 2913 537 testamentum
2950 494 3129 533 meum
3156 491 3254 547 per
3284 491 3345 529 os

1764 577 1961 629 tuum?
1992 583 2050 631 tu
2082 592 2213 632 vero
2237 576 2403 631 odisti
2443 573 2889 644 disciplinam,et
2921 570 3197 641 projeeisti
3226 585 3344 622 ser-

1762 681 1956 722 mones
2006 684 2159 722 meos
2216 677 2521 722 retrorsum
2548 666 2616 721 ’⁸.
2655 685 2672 716 ι
2717 695 2779 705 --
2830 664 3016 718 Bonus
3070 660 3341 730 siquidem

1761 756 1926 813 homo
1977 757 2192 831 1124
2223 759 2290 813 de
2321 759 2467 813 bono
2505 757 2763 812 thesauro
2812 753 2997 808 cordis
3047 751 3153 815 sui,
3188 769 3205 800 ι
3239 750 3344 803 hoc

1758 854 1865 914 est,
1920 849 2067 904 dono
2110 850 2353 920 Spiritus
2395 849 2607 913 sancti,
2663 866 2679 897 ι
2718 845 2928 916 profert
2973 842 3177 897 bonum
3205 841 3272 893 ⁵⁷.
3317 860 3335 891 ι

1759 935 1867 1006 Ipsi
1895 939 2067 1010 gloria
2091 939 2146 994 in
2169 939 2389 995 saecula.
2423 939 2615 993 Amen.

2294 1030 2577 1089 HOMILIA
2619 1029 2805 1084 LXIII.

2247 1122 2367 1176 Non
2401 1120 2854 1191 esseljurandum.

1830 1233 1948 1287 Jam
1978 1233 2126 1303 quod
2146 1233 2449 1303 jurandum
2478 1247 2589 1287 non
2612 1232 2702 1287 sit.
2738 1232 2809 1285 Et
2831 1232 3055 1301 quidem
3092 1240 3252 1285 vetus
3277 1230 3342 1284 il-

1761 1323 1811 1376 la
1847 1322 1956 1389 lex,
1982 1324 2141 1393 quasi
2166 1339 2264 1379 sua
2310 1322 2552 1378 sanciret
2590 1321 2813 1377 decreta
2856 1320 3207 1390 pusionibus,
3242 1321 3341 1392 qui

1760 1412 1999 1468 necdum
2057 1423 2245 1470 essent
2278 1430 2376 1483 per
2426 1421 2646 1468 aetatem
2702 1411 2994 1467 sanctioris
3034 1410 3341 1482 disciplinae

1761 1519 2012 1574 capaces,
2047 1515 2257 1561 tantum
2283 1505 2421 1560 illud
2458 1512 2637 1570 cavet,
2671 1512 2732 1558 ut
2756 1503 2953 1573 nequis
3003 1518 3102 1573 per
3136 1503 3339 1559 intem-

1760 1595 2026 1664 pestivam
2055 1595 2428 1660 occasionem,
2459 1609 2566 1650 neu
2596 1609 2696 1664 per
2715 1593 2904 1647 dolum
2923 1592 3341 1663 joretproximo

1760 1701 1897 1752 suo;
1933 1687 2094 1741 nobis
2146 1699 2331 1742 autem
2377 1698 2581 1742 nostra:
2604 1685 2853 1742 omnium
2895 1684 3100 1739 vindex
3143 1684 3339 1739 salutis

1761 1776 2030 1832 Dominus
2061 1777 2221 1841 dicit,
2259 1778 2488 1833 omnino
2522 1784 2584 1831 ut
2613 1792 2683 1832 ne
2720 1777 2996 1848 iuremus.
3025 1773 3117 1829 Ait
3137 1774 3285 1829 enim
3320 1790 3335 1827 :

1768 1888 1785 1919 ι
1821 1869 1901 1924 Sit
1926 1886 2109 1925 sermo
2158 1879 2363 1935 vester,
2395 1877 2607 1935 estest,
2637 1885 2748 1924 non
2797 1884 2933 1933 non,
2968 1866 3115 1937 quod
3150 1874 3340 1921 autem

1757 1956 2134 2012 abundantius
2160 1966 2265 2022 est,
2299 1974 2329 2012 a
2353 1959 2497 2013 malo
2521 1966 2607 2012 est
2628 1955 2698 2011 ".
2740 1977 2759 2008 ι
2793 1959 2872 2010 Ac
2907 1956 2952 2010 si
2990 1954 3223 2019 diceret,
3256 1953 3337 2007 illi

1756 2049 1960 2118 populo
1978 2049 2151 2119 priori
2176 2050 2392 2106 callosa:
2428 2049 2723 2105 admodum
2749 2047 2984 2104 cervicis
3021 2063 3084 2101 ac
3115 2045 3335 2115 prredu-
3392 2064 3403 2073 ·

1756 2155 1851 2203 r33,
1888 2139 2143 2195 mandavi
2166 2141 2247 2196 sic
2283 2161 2293 2195 :
2347 2161 2365 2193 ι
2397 2142 2519 2196 Νοιι
2573 2141 2872 2212 pejerabis,
2917 2140 3120 2195 reddes
3153 2147 3339 2193 autem

1757 2230 1994 2285 Domino
2016 2232 2332 2302 juramenta
2361 2243 2461 2288 tua
2484 2234 2529 2266 η
2565 2217 2596 2285 τ’
2620 2252 2638 2283 ι
2674 2231 2881 2302 populo
2912 2246 3112 2301 nempe
3144 2230 3223 2284 illi
3245 2230 3343 2284 cui

1757 2337 1854 2375 cor
1875 2337 2054 2391 usque
2110 2322 2252 2377 adeo
2285 2322 2643 2387 occalluerat,
2684 2330 2745 2376 ut
2771 2331 3067 2377 contumax
3115 2335 3337 2391 semper

1755 2413 1927 2467 fuerit
1970 2429 2073 2469 nec
2101 2414 2364 2469 credulus
2404 2415 2590 2471 verbis
2643 2415 2804 2469 meis.
2838 2414 2948 2470 Vos
2995 2420 3181 2468 autem
3236 2412 3334 2483 qui

1757 2505 1924 2561 tidem
1955 2522 2078 2576 quae
2112 2507 2170 2561 in
2223 2523 2312 2562 me
2351 2514 2457 2573 est,
2509 2508 2648 2563 nihil
2701 2508 2966 2579 gravatim
3015 2506 3153 2561 estis
3188 2521 3339 2560 com-

1758 2596 1927 2666 plexi,
1960 2596 2164 2667 quibus
2185 2608 2243 2653 et
2276 2598 2401 2654 dedi
2443 2608 2772 2670 potestatem
2807 2599 2948 2654 ﬁlios
2973 2598 3068 2654 Dei
3127 2598 3244 2654 ﬁeri
3268 2599 3334 2661 ³⁸,

1756 2688 2095 2757 regeneratis
2134 2690 2247 2759 jam
2277 2704 2345 2744 ex
2407 2690 2620 2761 Spiritu
2664 2694 2898 2747 sancto:
2931 2706 3049 2755 vos,
3084 2690 3332 2759 inquam,

1756 2778 2043 2845 adhortor,
2077 2781 2304 2837 omnino
2328 2790 2388 2836 ut
2423 2798 2490 2837 ne
2513 2783 2718 2854 juretis
2744 2782 2870 2855 [nisi
2903 2782 3015 2837 iure
3041 2783 3219 2837 adsint
3246 2797 3336 2835 co—

1757 2873 1906 2925 mites
1938 2889 1956 2926 :
1984 2873 2197 2936 veritas,
2213 2873 2478 2943 judicium
2499 2882 2548 2928 et
2568 2873 2830 2945 justitia],
2887 2882 2947 2929 ut
2973 2874 3058 2929 vel
3090 2873 3196 2928 hoc
3220 2872 3336 2927 dis-

1756 2964 2043 3019 cerniculo
2067 2971 2124 3019 et
2150 2966 2355 3037 insigni
2378 2966 2712 3031 declaretur,
2756 2966 2861 3036 qui
2885 2967 3198 3036 degeneres
3225 2967 3340 3021 sint

1757 3057 1923 3126 quive
1951 3057 2183 3129 legitimi
2216 3059 2324 3113 mei
2357 3058 2476 3113 filii.
2506 3059 2909 3124 Revereamur,
2958 3059 3335 3118 dilectissimi,

1755 3162 1883 3202 eum
1908 3148 2001 3219 qui
2030 3164 2133 3204 nos
2172 3156 2329 3204 tanto
2347 3149 2606 3222 dignatus
2649 3150 2865 3205 honore
2884 3158 2990 3217 est,
3042 3149 3332 3203 Dominum

1756 3239 1904 3306 dico,
1944 3248 2002 3296 et
2031 3242 2209 3312 ipsius
2234 3242 2475 3297 Patrem.
2521 3242 2629 3298 Scd
2660 3251 2716 3297 et
2761 3242 2910 3297 omni
2941 3256 3066 3297 eum
3116 3240 3336 3303 timore,

1761 3338 2018 3399 tanquam
2045 3331 2269 3402 ingenui
2297 3347 2363 3387 ac
2394 3347 2617 3387 veraces
2644 3334 2788 3388 servi
2816 3333 2924 3387 hoc
2948 3334 3072 3403 ejus
3100 3333 3334 3388 verbum

1757 3421 1951 3476 sedulo
2006 3422 2389 3489 observemus,
2427 3434 2489 3480 ut
2541 3441 2612 3481 ne
2650 3428 2905 3499 juremus
2948 3426 3172 3482 omnino
3218 3445 3231 3480 :
3266 3442 3337 3481 ne

1757 3513 1981 3582 quando
2020 3515 2077 3569 in
2108 3530 2211 3571 nos
2237 3516 2375 3570 illud
2404 3517 2759 3588 intorqueat:
2800 3538 2820 3570 ‹
2861 3519 3224 3590 Filios-genui
3282 3531 3341 3574 et

1758 3607 2017 3674 exaltavi,
2078 3608 2182 3680 ipsi
2238 3617 2425 3664 autem
2481 3620 2814 3681 spreverunt
2870 3627 2957 3667 me
3014 3613 3079 3666 ".
3149 3632 3166 3664 ι
3199 3612 3267 3667 Et
3321 3630 3335 3666 :

1765 3720 1784 3754 ι
1820 3700 1945 3756 Filii
2003 3701 2166 3757 alieni
2199 3701 2416 3757 mentiti
2459 3711 2589 3757 sunt
2628 3703 2762 3758 mihi
2795 3704 2861 3758 ³¹.
2902 3724 2919 3754 ι
2975 3705 3075 3770 Ne,
3128 3722 3336 3775 quaeso,

1758 3792 2026 3848 adversus
2054 3807 2369 3848 sermonem
2393 3793 2543 3849 hunc
2572 3794 2919 3849 Dominicum
2942 3798 3340 3866 temercquid-

1760 3901 1925 3955 quam
1975 3893 2071 3941 aut
2107 3901 2210 3957 per
2260 3894 2639 3956 contemptum
2688 3886 3064 3943 admittamus.
3121 3888 3338 3943 Etenim

1759 3991 1882 4045 qua-
1904 3990 1935 4030 a
1956 3975 2123 4031 nobis
2147 3977 2234 4032 vel
2268 3975 2408 4031 ﬁunt
2439 3976 2524 4030 vel
2553 3976 2816 4032 dicuntur
2848 3976 2988 4032 citra
3038 3978 3336 4049 juramenti

1760 4069 2159 4134 accessionem,
2183 4068 2343 4123 ﬁdem
2376 4070 2553 4125 multo
2591 4068 2736 4141 apud
2767 4069 3024 4126 homines
3074 4070 3343 4141 majorem

1765 4162 2084 4231 impetrant,
2117 4168 2356 4232 suntque
2374 4162 2488 4217 Deo
2510 4162 2671 4233 longe
2689 4162 2952 4233 gratiora.
2982 4160 3151 4216 Recte
3173 4161 3340 4232 igitur

1763 4252 2056 4308 denuntiat
2094 4249 2379 4323 Sapientia
2422 4270 2435 4305 τ
2477 4273 2495 4305 ε
2528 4253 2851 4310 Juramento
2877 4269 2986 4308 non
3006 4251 3341 4308 assuefacias

1762 4359 1824 4398 os
1853 4351 2010 4397 tuum
2034 4351 2092 4397 et
2125 4343 2337 4398 nomini
2367 4352 2561 4400 sancto
2598 4360 2669 4400 ne
2713 4340 3037 4408 assuescas;
3069 4344 3341 4414 qui'enim

1763 4451 1862 4505 per
1906 4433 2325 4490 assuetudinem
2374 4438 2546 4507 jurat,
2591 4452 2877 4507 nunquam
2942 4435 3269 4508 purgabitur
3310 4452 3338 4491 a

83 4511 291 4581 μάρτυς
320 4514 488 4584 ταχὺς
513 4515 606 4567 ἐπὶ
635 4515 760 4579 τοὺς
787 4516 1090 4585 ὀμνύοντας
1121 4519 1200 4590 τῷ
1233 4520 1459 4591 ὀνόματί
1491 4540 1649 4594 μονα

1764 4536 1993 4598 peccato
2021 4529 2087 4583 ³³.
2127 4550 2145 4581 ι
2198 4530 2439 4586 Rursum
2470 4546 2483 4582 :
2520 4548 2539 4581 ι
2589 4528 2688 4585 Vir
2713 4529 2949 4584 multum
2982 4529 3199 4599 jurans,
3233 4530 3338 4582 im-

90 4601 424 4657 Ἑπιστέλλει
451 4603 510 4658 δὲ
547 4604 642 4658 καὶ
670 4609 698 4660 6
738 4606 1017 4672 Ἰὰκωῦος,
1065 4608 1260 4678 λέγων,
1309 4631 1328 4664 ι
1362 4614 1475 4683 Πρὸ
1515 4617 1654 4669 πάν-

76 4710 209 4757 των,
246 4695 485 4765 ἀδελφοὶ,
525 4697 601 4768 μὴ
642 4698 895 4769 ὀμνύετε,
939 4701 1076 4772 μήτε
1111 4701 1204 4755 τὸν
1235 4703 1485 4776 οὐρανὸν,
1520 4708 1655 4777 μήτε

78 4783 177 4855 τὴν
206 4787 333 4856 γῆν,
365 4790 502 4859 μήτε
549 4789 670 4843 τινὰ
710 4790 871 4845 ἄλλον
916 4792 1104 4862 ὅρκον·
1159 4795 1273 4865 ἧτω
1302 4797 1360 4850 δὲ
1393 4798 1548 4869 ὑμῶν
1573 4800 1654 4865 τὸ,

80 4879 186 4945 ναὶ,
228 4879 338 4946 ναὶ,
366 4880 569 4947 καὶτὸ,
599 4880 681 4945 οὓ,
711 4881 804 4935 οὔ·
852 4883 939 4938 ἵνα
980 4886 1054 4957 μὴ
1099 4889 1180 4951 είς
1227 4888 1519 4967 ρπόκρισιν
1558 4894 1658 4946 πέ-

82 4987 235 5040 σητε.
270 4993 288 5027 ι
343 4974 623 5039 Ὡσαύτως
676 4978 769 5029 καὶ
799 4978 827 5030 6
864 4976 1072 5048 Κύριος
1114 4980 1271 5050 ἡμῶν
1302 4983 1391 5035 καὶ
1441 4984 1653 5057 Σωτὴρ,

89 5081 107 5113 ι
154 5064 296 5134 Ἐγὼ
321 5065 376 5118 δὲ
406 5066 552 5134 λέγω
586 5068 738 5137 ὑμῖν,
781 5067 857 5138 μὴ
890 5070 1087 5139 ὀμόσαι
1126 5070 1284 5135 ὅλως,
1318 5075 1455 5145 μήτε
1497 5078 1556 5130 ἐν
1582 5079 1659 5148 τῷ

81 5157 313 5231 οὐρανῷ,
338 5161 422 5215 ὅτι
463 5161 651 5232 θρόνος
672 5163 821 5215 ἐστὶν
852 5162 947 5215 τοῦ
980 5163 1139 5229 Θεοῦ,
1181 5165 1318 5236 μήτε
1356 5167 1415 5220 ὲν
1458 5171 1524 5240 τῇ
1567 5173 1659 5242 γῇ,

81 5247 163 5301 ὅτι
195 5249 486 5304 ὑποπόδὲον
530 5251 648 5306 τῶνε
690 5252 875 5305 ποδῶν
925 5251 1092 5306 αὑτοῦ
1137 5254 1286 5308 ἐστιν
1312 5271 1327 5286 ο
1386 5257 1525 5328 μήτε
1581 5262 1662 5323 εἰς

94 5332 460 5410 Ἱεροσόλυμα,
492 5340 576 5393 ὅτι
612 5341 766 5405 πόλις
798 5342 948 5396 ἐστὶν
992 5341 1122 5412 ἁγία
1154 5343 1246 5397 τοῦ
1280 5346 1520 5415 μεγάλου
1552 5349 1659 5402 Βα-

85 5427 315 5495 σιλέως·
358 5432 497 5501 μήτε
550 5434 608 5488 ὲν
661 5437 727 5505 τῇ
781 5434 992 5506 κεφαλῇ
1030 5450 1125 5489 σου
1176 5437 1420 5505 ὀμόσεις,
1466 5442 1549 5494 ὅτι
1598 5444 1679 5495 οὐ.

1761 4620 2004 4690 plebitur
2033 4622 2352 4694 ignominia,
2408 4631 2465 4678 et
2523 4638 2633 4677 non
2668 4622 2893 4678 recedet
2943 4622 3011 4676 ab
3060 4636 3128 4677 co
3166 4620 3344 4693 ﬂagel-

1762 4713 1875 4768 lum
1902 4712 1973 4768 ³⁵.
2015 4733 2032 4766 ι
2072 4713 2179 4770 Sed
2208 4716 2292 4770 vel
2337 4715 2451 4770 sola
2500 4715 2712 4770 locutio
2734 4713 2837 4768 viri
2887 4714 3221 4785 juramcntis
3256 4729 3348 4768 as—

1764 4808 1927 4870 sueti,
1964 4822 2077 4861 non
2130 4807 2308 4861 solum
2356 4806 2584 4876 capillos
2626 4804 2877 4876 surrigit,
2941 4819 3136 4859 verum
3177 4819 3343 4860 aures

1767 4901 1999 4970 insuper
2026 4898 2243 4954 infense
2267 4906 2324 4954 et
2358 4897 2687 4969 pugnaciter
2724 4896 2946 4953 vellicat
2974 4895 3339 4951 audientium.

1766 4990 1879 5046 Lex
1902 5005 2126 5061 quoque
2148 4989 2286 5045 dicit
2318 5007 2336 5043 .-
2358 5007 2376 5040 ι
2406 4988 2526 5045 Non
2541 4989 2698 5061 jures
2720 5003 2821 5060 per
2849 5003 3048 5043 nomen
3076 5002 3259 5042 meum
3288 4987 3343 5040 in

1768 5096 1827 5135 re
1858 5080 2060 5151 iniusta
2084 5082 2153 5132 ⁸⁵.
2192 5099 2210 5133 ι
2250 5079 2528 5150 Propheta
2579 5085 2765 5134 autem
2794 5077 3090 5133 Zacharias
3140 5095 3152 5129 :
3193 5095 3211 5128 ι
3242 5075 3347 5131 Ju-

1767 5180 2079 5225 ramcntum
2103 5169 2337 5224 mendax
2361 5184 2430 5224 ne
2453 5168 2718 5240 diligatis,
2746 5167 3038 5223 veritatem
3063 5173 3118 5221 et
3153 5180 3360 5235 pacem

1766 5261 1978 5332 diligite
2007 5260 2071 5316 ³⁸.
2113 5279 2131 5314 ι
2167 5260 2311 5316 Dicit
2342 5269 2398 5316 et
2435 5259 2576 5316 Osee
2606 5278 2620 5314 :
2657 5278 2675 5310 ι
2705 5259 2788 5315 Ne
2811 5258 3013 5330 juretis
3067 5257 3348 5313 viventem

1766 5353 2061 5409 Dominum
2096 5353 2158 5408 "’.
2196 5372 2214 5405 ι
2248 5353 2505 5409 Michaeas
2541 5370 2554 5407 :
2587 5371 2605 5403 ι
2636 5353 2704 5408 Et
2729 5368 2826 5408 ero
2846 5351 3005 5407 testis
3047 5351 3204 5407 velox
3251 5352 3347 5405 ad-

1768 5460 1964 5502 versus
2019 5460 2116 5502 eos
2148 5447 2245 5518 qui
2286 5448 2477 5518 jurant
2524 5446 2581 5501 in
2631 5444 2855 5501 nomine
2887 5458 3009 5499 meo
3066 5441 3348 5498 mendaci-

157 5563 370 5643 .“Psal:
427 5579 602 5643 nul,“
642 5564 727 5643 ιβ,
769 5564 858 5620 17.
896 5567 977 5643 [⁷
1014 5566 1170 5643 [ιιιιτἓ
1205 5571 1394 5643 “Jb.
1468 5572 1513 5603 ’⁸
1538 5573 1674 5628 Matt

1762 5594 1810 5639 ιτ,
1837 5579 1933 5643 57ς
1961 5579 2075 5634 Jac.
2117 5594 2205 5641 vr,
2260 5580 2359 5635 l2;
2392 5577 2438 5611 ”
2473 5576 2663 5632 Matth.
2694 5590 2748 5638 v,
2779 5576 2865 5636 55.
2922 5576 2964 5606 '°
2996 5575 3153 5630 Joan.
3189 5591 3226 5638 ι,
3260 5574 3349 5629 12..

92 5630 127 5660 “
148 5630 311 5697 lsa.t,
333 5634 389 5686 2.

90 5697 131 5729 ³⁷
160 5703 297 5757 Osce
333 5717 403 5760 Iv.
436 5702 516 5757 95.

499 5633 544 5663 ³³
566 5633 704 5688 Psal.
732 5650 863 5702 xvn,
884 5637 1001 5709 46..
1051 5640 1096 5670 ³³
1130 5633 1472 5709 Eccli.xx1n,
1509 5644 1561 5711 9,
1604 5644 1690 5701 ll.

1766 5649 1810 5680 "‘
1864 5649 2002 5704 Ibid.
2043 5650 2123 5703 l2.
2206 5651 2248 5682 ³⁸
2282 5650 2460 5704 Levii.
2498 5667 2611 5713 xu,
2646 5650 2727 5703 ιιι.
2806 5647 2851 5678 ⁸⁸
2886 5646 3053 5700 Zach.
3092 5661 3222 5710 ναι,
3260 5644 3349 5697 13,
