4030 6296
609 268 742 333 1623
1864 282 2153 343 ANTIOC]

2264 278 2603 344 MONACHI
3728 275 3868 340 1634

601 393 686 436 ter
713 383 777 437 ⁸⁸.
819 400 835 433 ι
870 384 1011 440 Dicit
1048 396 1103 441 et
1145 388 1382 443 Jacobus
1433 406 1531 459 per
1570 391 1857 459 epistolam
1910 409 1924 444 :
1958 411 1976 443 ι
2024 392 2153 447 Ante

2263 392 2487 446 δύνασαι
2522 392 2648 462 μίαν
2692 389 2850 461 τρίχα
2887 388 3106 460 λευκὴν,
3158 388 3191 459 ἥ
3250 388 3549 453 μέλαιναν,
3603 387 3865 456 ποιῆσαι·

597 473 804 535 omnia,
858 472 1076 539 fratres,
1114 476 1283 531 nolite
1326 479 1547 548 iurare,
1582 495 1759 550 neque
1790 496 1887 549 per
1937 480 2153 547 caelum,

2264 482 2377 550 ῆτω
2405 483 2462 534 δὲ
2493 483 2644 552 ὑμῶν
2670 482 2752 545 τὸ,
2792 481 2902 545 ναὶ,
2930 481 3034 547 ναὶ,
3068 480 3162 533 καὶ
3206 478 3289 545 τὸ,
3322 476 3411 542 οὗ,
3452 475 3544 530 οὖ.
3578 476 3658 528 Τὸ
3682 477 3741 530 δὲ
3769 495 3867 532 πε·

596 579 776 633 neque
815 583 913 636 per
936 578 1159 634 terram,
1200 584 1379 640 neque
1410 571 1556 627 aliud
1604 573 1976 643 quodcunque
2006 574 2153 643 iura-

2269 574 2450 644 ρισσὺν
2476 573 2700 637 τούτων,
2729 575 2793 626 ὲκ
2822 572 2915 624 τοῦ
2945 569 3180 642 πονηροῦ
3214 571 3385 623 ἐστιν.
3422 588 3443 621 ι
3498 569 3598 639 Τῷ
3636 569 3695 622 δὲ
3734 570 3866 640 Χρι-

594 665 841 710 mentum
876 675 889 709 ε
920 658 990 712 εἰι
1012 666 1196 713 autem
1215 676 1398 716 sermo
1427 672 1630 729 γοειετ,
1660 672 1745 719 est
1770 673 1873 727 εει,
1894 680 2004 718 non
2027 679 2153 728 non,

2267 665 2376 735 στῷ
2402 665 2599 734 πρέπει
2633 664 2757 729 δόξα
2789 666 2869 728 είς
2894 664 3020 725 τοὺς
3052 663 3275 724 αἰῶνας.
3315 662 3520 733 Ἀμήν.

592 755 653 800 ut
681 763 789 803 non
814 751 917 804 sub
960 738 1171 820 iudicio
1221 752 1575 810 decidatis”.
1620 778 1639 810 ι
1706 758 1962 814 Concinit
2029 757 2118 812 his
2155 765 2211 813 et
2247 758 2512 815 Dominus
2550 775 2614 814 ac
2667 758 2920 814 Salvator
2960 775 2973 811 :
3028 776 3046 808 ι
3081 757 3193 827 Ego
3233 764 3422 811 autem
3467 756 3602 811 dico
3654 757 3855 811 vobis:

595 837 806 909 1125
843 840 1020 896 Nolite
1053 842 1241 912 iurare
1277 847 1523 911 omnino,
1564 864 1743 918 neque
1798 864 1896 918 per
1930 849 2152 911 coelum,
2192 849 2324 917 quia
2356 844 2516 904 sedes
2572 849 2667 903 Dei
2739 858 2857 913 est;
2910 862 3086 916 neque
3115 863 3215 916 per
3260 855 3491 912 terram,
3540 847 3684 915 quia
3736 862 3857 900 sca-

590 931 796 987 bellum
819 935 1020 1004 pedum
1047 937 1219 1006 ipsius
1244 949 1363 1006 est;
1420 957 1601 1012 neque
1628 957 1725 1012 per
1774 942 2229 1010 Hierosolymam,
2270 942 2399 1010 quia
2427 943 2623 998 civitas
2645 951 2729 996 est
2762 940 2924 1011 Regis
2944 939 3158 1010 magni;
3189 949 3340 993 etne
3367 953 3467 1007 per
3487 946 3671 1007 caput
3699 946 3853 992 tuum

585 1015 877 1091 iuraveris.
918 1030 1179 1098 quianon
1210 1042 1366 1101 potes
1420 1049 1589 1086 unum
1638 1033 1895 1103 capillum
1952 1033 2137 1087 album
2178 1030 2357 1086 facere
2417 1043 2514 1089 aut
2568 1032 2917 1104 nigrum:sit
2938 1039 3120 1086 autem
3156 1045 3337 1084 sermo
3358 1036 3569 1091 vester,
3621 1037 3713 1083 est
3747 1039 3856 1083 est.

588 1135 700 1174 mn
727 1136 837 1176 non
864 1123 1049 1192 :quod
1072 1133 1256 1179 autem
1290 1126 1378 1182 his
1404 1126 1780 1183 abundantius
1821 1137 1926 1193 est,
1985 1144 2016 1181 a
2051 1124 2194 1179 malo
2229 1133 2314 1180 est
2339 1126 2407 1180 ⁸ο.
2452 1148 2472 1181 ι
2507 1128 2619 1184 Deo
2641 1137 2829 1183 nostro
2861 1126 3036 1197 gloria
3071 1125 3127 1179 in
3155 1123 3371 1179 sarcula.
3400 1124 3609 1179 Amen.

1123 1236 1407 1293 HOMlLlA
1447 1237 1632 1295 LXIV.

839 1343 915 1398 De
951 1344 1096 1412 ﬁdeli
1134 1349 1369 1403 custodia
1403 1352 1667 1405 commissi
1708 1353 1915 1406 arcani.

662 1458 937 1513 Arcanum
966 1461 1207 1530 pectoris
1227 1463 1392 1519 unius
1412 1465 1720 1535 cuiuspiam
1755 1465 1881 1520 ﬁdei
1929 1481 2159 1521 concre-

590 1551 745 1613 dere,
773 1567 966 1606 eorum
994 1563 1078 1608 est
1099 1554 1193 1623 qui
1232 1564 1359 1609 sunt
1389 1556 1567 1611 intimi
1596 1566 1653 1612 et
1682 1556 1982 1612 domestice
2013 1559 2154 1623 noti,

589 1639 695 1695 hoc
717 1651 822 1705 est,
851 1657 989 1711 quos
1015 1644 1246 1700 sincera:
1270 1646 1521 1701 veritatis
1551 1661 1615 1702 ac
1660 1646 1786 1702 fidei
1842 1647 2159 1703 indelibatas

591 1731 939 1787 commendat
960 1732 1268 1804 integritas,
1300 1750 1411 1790 non
1439 1737 1568 1791 item
1603 1752 1795 1792 eorum
1824 1739 1917 1808 qui
1943 1740 2156 1793 externi

2865 1212 3081 1294 ΛΟΓΟΣ
3106 1238 3216 1292 :-:.\-.

2538 1355 2672 1424 Περὶ
2709 1353 2816 1409 τοῦ
2839 1353 3183 1423 φυλάσσειν
3202 1348 3567 1420 μυστήριον.

2337 1469 2410 1523 Τὸ
2457 1466 2782 1538 θαρρεἴσθαι
2808 1466 3128 1535 μυστήριον,
3172 1462 3282 1516 τῶν
3323 1461 3434 1516 ἔσω
3482 1465 3666 1528 ἐστὶν,
3703 1481 3858 1517 τουτ-

2264 1562 2435 1621 έστιν,
2492 1558 2603 1612 τῶν
2629 1558 2871 1627 γνησίων
2916 1557 3010 1610 καὶ
3038 1553 3266 1619 πιστῶν,
3316 1554 3439 1625 οὐχὶ
3485 1555 3543 1607 δὲ
3583 1555 3702 1608 τῶν
3726 1555 3851 1621 ἔξω.

2270 1669 2289 1700 ι
2327 1647 2485 1719 Ὑμῖν
2514 1647 2623 1716 γάρ
2651 1647 2881 1712 δέδοται,
2913 1646 3077 1717 φησὶν
3105 1644 3376 1714 ὁΚύριος,
3407 1644 3623 1711 γνῶναι
3646 1646 3719 1699 τὰ
3752 1664 3854 1714 μυ-

2268 1740 2465 1809 στήρια
2502 1739 2599 1808 τῆς
2652 1737 2955 1807 βασιλείας.
2996 1757 3014 1789 ι
3078 1737 3204 1791 Ἐἀν
3255 1730 3349 1789 οὖν
3407 1735 3724 1806 θαρρηθεὶς
3778 1740 3852 1805 μὴ

587 1831 739 1884 sunt,
759 1838 996 1893 quorum
1031 1825 1285 1881 videlicet
1309 1825 1472 1882 fidem
1506 1829 1751 1883 nondum
1783 1829 1954 1885 habes
1973 1831 2153 1899 explo-

2263 1828 2495 1901 φυλάξῃ,
2525 1827 2790 1899 προδότης
2816 1827 2915 1898 τῆς
2945 1825 3205 1897 ἀληθείας
3232 1825 3483 1894 γέγονεν.
3510 1822 3851 1892 ’Δναγκαῖον

586 1921 761 1966 ratam
792 1932 805 1967 :
845 1934 863 1966 ι
895 1915 1064 1970 Vobis
1102 1916 1249 1970 enim
1276 1916 1463 1972 datum
1495 1927 1582 1972 est
1636 1934 1799 1974 nosse
1833 1918 2153 1988 mysterium

2261 1917 2366 1975 οὖν’
2384 1922 2529 1974 ἐστιν
2564 1920 2727 1988 ἄγαν,
2782 1918 2932 1990 πάσῃ
2984 1917 3203 1988 φυλακῇ
3260 1914 3710 1986 ὲγκρατεύεσθαι
3758 1919 3852 1971 καὶ

588 2005 741 2075 regni
775 2007 840 2070 η,
874 2025 892 2057 ›
918 2007 996 2061 ait
1018 2007 1299 2062 Dominus.
1330 2008 1434 2075 Qui
1461 2010 1628 2079 igitur
1659 2026 1772 2065 sua:
1818 2010 1943 2065 fidei
2006 2026 2159 2065 com-

585 2096 814 2151 missum
869 2098 1052 2152 minus
1104 2097 1341 2153 fideliter
1391 2100 1743 2164 custodierit,
1774 2100 2026 2171 proditor
2044 2101 2157 2171 iam

584 2187 763 2243 factus
781 2203 866 2244 εει
906 2190 1084 2260 regni.
1109 2189 1251 2245 Sane
1282 2190 1612 2262 nimisquam
1662 2193 2036 2248 necessarium
2086 2192 2159 2247 sit

584 2280 734 2333 omni
773 2295 897 2335 cum
935 2281 1437 2352 circumspectione
1488 2284 1786 2353 providere
1819 2293 1891 2347 te,
1943 2293 2003 2339 ut
2042 2300 2158 2355 my-

585 2372 821 2427 sterium
857 2382 963 2430 tua:
1011 2375 1180 2430 semel
1229 2375 1609 2431 concreditum
1657 2376 1786 2433 ﬁdei
1842 2377 2153 2439 contineas,

583 2481 754 2535 penes
777 2475 829 2521 te
852 2482 1106 2522 asserves
1126 2475 1184 2523 et
1211 2483 1449 2538 premas,
1481 2484 1552 2524 ne
1577 2468 1622 2525 is
1648 2468 1743 2540 qui
1771 2469 1871 2524 tibi
1897 2483 2155 2540 germane

583 2560 797 2615 amicus
814 2568 918 2623 est,
943 2575 1010 2615 ex
1033 2560 1492 2616 amicoinimicus
1511 2570 1826 2631 perseveret
1873 2576 2154 2630 nunquam

583 2650 964 2706 conciliandus
1004 2669 1016 2703 :
1051 2652 1515 2720 quemadmodum
1542 2662 1598 2707 et
1642 2653 1829 2708 divina
1864 2652 2154 2723 Scriptura

583 2740 826 2794 doctrice
874 2740 1182 2802 erudimur,
1214 2758 1336 2811 quae
1364 2751 1419 2797 et
1478 2744 1642 2798 docet
1689 2754 1965 2798 secretum
2000 2744 2155 2798 nullo

584 2837 745 2900 pacto
766 2829 1154 2899 evulgandum.
1178 2831 1321 2886 Dicit
1348 2833 1496 2886 enim
1523 2833 1914 2888 Parmmiastes
1946 2851 1959 2887 :
1995 2852 2014 2885 ι
2049 2832 2155 2899 Qui

583 2921 729 2977 celat
758 2921 1039 2989 iniuriam,
1078 2923 1276 2993 quaerit
1312 2923 1646 2989 amicitiam;
1680 2924 1773 2993 qui
1819 2935 2004 2978 autem
2063 2940 2153 2979 re-

583 3012 708 3067 nuit
738 3012 937 3077 celare,
973 3013 1235 3068 dissociat
1264 3013 1471 3068 amicos
1497 3022 1554 3068 et
1585 3013 1918 3068 domesticos
1940 3014 2003 3066 “.
2040 3014 2152 3070 Au-

2265 2013 2456 2081 τηρείν
2479 2010 2540 2064 τὸ
2568 2009 2748 2079 ἑαυτῷ
2781 2008 3051 2080 θαρρηθὲν
3086 2008 3404 2078 μυστήριον,
3445 2007 3539 2060 ἵνα
3586 2006 3670 2077 μὴ
3701 2008 3798 2059 κα).
3822 2008 3851 2059 ὁ

2260 2103 2482 2173 γνήσιος
2514 2101 2680 2155 αὑτοῦ
2719 2100 2895 2169 φίλος,
2925 2098 3279 2163 ἀδιάλλακτος
3306 2097 3476 2151 αὑτοῦ
3509 2097 3714 2169 ἐχθρὸς
3736 2096 3847 2150 δια-

2261 2190 2452 2261 μείνη,
2483 2188 2661 2253 καθὼς
2694 2189 2793 2243 καὶ
2824 2188 2931 2242 ὑπὸ
2968 2189 3067 2258 τῆς
3120 2188 3275 2252 θείας
3320 2189 3551 2259 Γραφῆς
3589 2174 3847 2242 παιδευὸ-

2262 2280 2419 2352 μεθα,
2459 2281 2586 2351 περὶ
2616 2279 2709 2333 τοῦ
2741 2279 2816 2351 μὴ
2846 2278 3126 2347 ἐκφαίνειν
3165 2280 3491 2348 μυστήριον.
3529 2279 3703 2347 Λέγει
3741 2279 3847 2350 γὰρ

2256 2376 2284 2427 ὁ
2313 2370 2742 2442 Παροιμιαστὴς,
2758 2370 2841 2423 ὅτι
2865 2390 2883 2421 ι
2900 2371 3003 2433 ’ος
3021 2369 3258 2440 κρύπτει
3287 2363 3558 2438 ἀδίκημα,
3578 2370 3743 2439 ζητεῖ
3766 2388 3845 2438 φι-

2256 2464 2407 2518 λίαν
2444 2463 2501 2527 ὃς
2544 2463 2602 2517 δὲ
2661 2464 2811 2533 μισεί
2848 2463 3146 2533 κρύπτειν,
3198 2460 3471 2529 διίστησιν
3516 2461 3717 2530 φῦους
3757 2464 3847 2514 καὶ

2254 2552 2508 2615 οἰκείους.
2539 2570 2558 2603 ›
2591 2551 2701 2604 Καὶ
2720 2550 2898 2616 ἄλλος,
2927 2571 2946 2601 ι
2972 2550 3239 2619 Ἀκήκοας
3270 2548 3449 2616 λόγον,
3492 2551 3694 2620 φησὶν,
3727 2568 3845 2603 συν-

2254 2643 2573 2698 αποθανέτω
2618 2658 2733 2695 σοι’
2785 2644 2813 2695 ὁ
2860 2641 2970 2712 γάρ
3024 2639 3427 2694 ἀποκαλύπτων
3516 2643 3844 2712 μυστήριον,

2254 2735 2444 2792 ἀπολεῖ
2472 2734 2676 2788 πίστιν.
2716 2754 2734 2784 ι
2779 2733 2888 2787 Καὶ
2923 2728 3099 2796 αὖθις,
3134 2751 3152 2783 ι
3188 2730 3311 2784 Ἐἀν
3344 2731 3717 2802 ἀποκαλύψῃς
3747 2750 3845 2801 μυ-

2256 2825 2476 2895 στήριον
2504 2823 2602 2876 τοῦ
2634 2822 2791 2893 φίλου
2825 2838 2942 2885 σου,
2973 2821 3033 2874 οὒ
3061 2820 3134 2890 μὴ
3170 2817 3516 2893 καταδιώξῃς
3546 2822 3732 2874 ὀπίσω
3760 2823 3849 2874 aio

2252 2911 2368 2967 τοῦ.
2387 2913 2598 2981 Ὠσπερ
2612 2909 2723 2980 γὰρ
2737 2908 2984 2961 πετεινδν
3002 2908 3066 2960 ὲκ
3083 2909 3181 2976 τῆς
3199 2907 3379 2978 χειρός
3407 2924 3506 2960 σου
3531 2906 3844 2969 ἀπώλεσας,

2256 3000 2583 3076 [ἀπέλυσας]
2607 3001 2779 3063 οὕτως
2813 3000 3031 3070 ἀφῆκας
3080 2999 3173 3052 τὸν
3200 2999 3430 3068 πλησίον
3482 3015 3610 3063 σου,
3663 3000 3760 3053 καὶ
3789 3001 3847 3052 οὗ

584 3103 715 3159 «iisti
762 3104 1038 3159 verbum?
1093 3104 1488 3159 commoriatur
1532 3105 1587 3159 in
1617 3115 1689 3169 Ie,
1726 3105 1837 3169 ait;
1873 3106 1969 3174 qui
2004 3106 2150 3159 enim

2261 3095 2542 3167 θηρεύσεις
2571 3093 2752 3148 αὐτόν.
2786 3093 2876 3162 Μὴ
2921 3087 3013 3145 οὖν
3045 3091 3207 3144 αὐτὸν
3236 3090 3457 3162 διώξῃς,
3508 3093 3598 3145 δτι
3631 3092 3847 3162 μακρὰν

583 3206 859 3253 secretum
908 3197 1139 3257 revelat.
1165 3196 1347 3268 perdit
1379 3194 1541 3249 fidem
1580 3196 1646 3250 ⁸³.
1704 3215 1721 3246 ι
1752 3196 2006 3251 Rursus:
2047 3214 2066 3247 ι
2096 3195 2153 3250 Si

585 3287 920 3343 revelaveris
958 3296 1232 3343 secretum
1266 3286 1431 3341 amici
1473 3287 1574 3353 tui,
1633 3303 1914 3357 nunquam
1969 3304 2156 3358 perse-

584 3378 772 3448 quaris
794 3387 918 3448 post
939 3392 1097 3443 eum;
1128 3378 1275 3433 sicut
1302 3378 1448 3433 enim
1485 3393 1642 3432 avem
1666 3394 1697 3432 e
1731 3394 1896 3433 manu
1920 3387 2013 3434 tua
2055 3379 2154 3433 de-

583 3468 808 3533 misisti,
833 3469 912 3522 sic
935 3467 1224 3537 perdidisti
1260 3467 1567 3538 proximum
1597 3477 1750 3523 tuum
1778 3488 1790 3523 :
1833 3478 1889 3523 et
1925 3484 2035 3522 non
2066 3482 2155 3523 ca-

582 3567 706 3627 ptes
733 3572 859 3611 eum
887 3575 901 3611 :
932 3558 1043 3612 noli
1077 3559 1332 3629 persequi
1359 3574 1484 3613 eum
1507 3559 1637 3629 quia
1667 3559 1825 3630 longe
1846 3559 2004 3614 abest
2028 3559 2091 3611 “.
2131 3577 2148 3610 ι

582 3648 839 3703 lnducit:
878 3668 896 3699 ι
931 3648 1140 3705 Vulnus
1186 3648 1352 3705 liceat
1390 3650 1635 3720 alligare,
1684 3658 1739 3705 et
1793 3650 2021 3704 eonvitii
2071 3658 2156 3705 est

581 3740 937 3808 conciliatio;
973 3741 1065 3811 qui
1099 3750 1281 3798 autem
1305 3742 1568 3796 revelavit
1600 3756 1883 3805 arcanum,
1914 3741 2155 3811 perdidit

582 3834 746 3888 fidem
770 3834 834 3889 “.
872 3853 890 3885 ι
946 3831 1239 3890 Generosa:
1271 3833 1442 3904 igitur
1489 3849 1553 3888 ac
1584 3833 1763 3889 virilis
1818 3833 2017 3888 anima:
2044 3843 2151 3899 est,

582 3914 762 3983 {nodis
785 3928 1049 3984 omnibus
1075 3928 1308 3984 alterius
1332 3936 1611 3984 secretum
1647 3944 1817 3998 penes
1866 3943 1924 3983 se
1954 3944 2150 3985 recou-

581 4019 737 4080 dere,
758 4034 862 4075 nec
887 4020 1053 4074 ullam
1083 4019 1155 4074 ob
1191 4035 1413 4075 causam
1445 4028 1543 4074 aut
1598 4020 1876 4074 invectum
1911 4019 2153 4074 tristitia:

585 4111 835 4165 nubilum
868 4111 1106 4181 prodere
1133 4112 1465 4180 etevulgare
1495 4125 1756 4165 arcanum
1792 4126 1917 4165 cum
1955 4109 2154 4165 fiducia

583 4202 986 4258 concreditum.
1010 4203 1068 4257 In
1093 4202 1413 4258 sustinendo
1437 4202 1658 4272 quidem
1698 4201 1785 4256 vel
1821 4200 1888 4255 ad
1933 4201 2151 4268 horam,

581 4293 1001 4349 etcontinenter
1025 4292 1324 4363 premendo
1367 4303 1662 4354 secretum,
1696 4293 1951 4347 nonnihil
1997 4292 2152 4363 prin-

577 4383 728 4454 cipio
769 4383 950 4438 aditur
975 4385 1181 4439 laboris
1211 4402 1223 4437 :
1250 4384 1473 4439 demum
1530 4383 1911 4439 incredibilem
1967 4382 2152 4454 gaudii

2259 3186 2489 3255 ἀπέχει.
2530 3202 2548 3236 ι
2592 3182 2704 3235 Καὶ
2742 3183 2959 3250 ἐπάγει,
3003 3182 3082 3233 ὃτι
3129 3198 3147 3231 ι
3202 3179 3438 3250 Τραῦμά
3491 3181 3614 3233 ἔστι
3687 3197 3851 3233 κατα-

2258 3273 2436 3344 δῆσαι,
2462 3272 2558 3326 καὶ
2582 3272 2850 3342 λοιδορίας
2885 3272 3002 3325 ἐστὶ
3076 3270 3433 3339 καταλλαγή-
3479 3271 3510 3322 ὁ
3546 3272 3610 3324 δὲ
3644 3273 3849 3324 ἀποκα-

2260 3362 2432 3430 λύψας
2460 3364 2778 3433 μυστήριον,
2825 3360 3073 3414 ἀπώλεσε
3140 3360 3344 3415 πίστιν.
3379 3379 3398 3411 ι
3450 3361 3721 3423 Γενναίας
3760 3356 3847 3413 οὖν

2260 3455 2356 3509 καὶ
2377 3455 2624 3526 ἀνδρείας
2652 3455 2748 3508 καὶ
2774 3452 2973 3522 πιστῆς
2999 3451 3177 3520 ψυχῆς
3221 3453 3369 3504 ἐστιν
3398 3452 3462 3504 τὸ
3491 3452 3643 3506 κατά
3673 3456 3848 3505 πάντα

2258 3552 2458 3619 τρόπον
2484 3547 2750 3619 κρύπτειν
2782 3547 3079 3617 μυστήριον
3099 3561 3112 3575 ·
3144 3562 3241 3597 και
3267 3544 3343 3613 μὴ
3364 3544 3457 3598 διά
3474 3560 3627 3607 τινος
3650 3546 3846 3607 αἰτίας,

2258 3640 2292 3711 ἢ
2322 3641 2517 3711 λύπης,
2548 3638 2624 3702 ὡς
2648 3638 2816 3702 εἰκὸς,
2848 3637 3127 3705 ἐκφαίνειν
3155 3635 3221 3688 τὰ
3255 3635 3403 3703 αὐτῷ
3443 3635 3808 3706 θαρρούμενα
3831 3654 3844 3666 ·

2263 3729 2457 3803 μικρὸν
2500 3728 2609 3799 γὰρ
2662 3728 2798 3799 πρὸς
2851 3726 3000 3798 ὥραν
3054 3725 3329 3796 βαστάξας
3410 3726 3511 3779 καὶ
3562 3728 3848 3797 κρατήσας

2261 3824 2488 3894 ὓστερον
2536 3822 2742 3894 τρυγᾷς
2786 3819 3102 3889 γλυκασμδν
3151 3819 3326 3889 χαρᾶς
3377 3819 3441 3871 ὲκ
3483 3818 3582 3871 τοῦ
3630 3819 3845 3887 καρποῦ

2258 3917 2355 3985 τῆς
2382 3913 2727 3985 ἐγκρατείας.
2774 3912 2830 3965 Ὀ
2864 3912 2972 3981 γὰρ
3002 3913 3187 3974 πιστὸς
3224 3910 3410 3973 δοῦλος
3440 3910 3505 3962 τὸ
3538 3914 3847 3981 μυστήριον

2258 4006 2353 4060 τοῦ
2379 4006 2652 4059 Δεσπότου
2680 4003 2845 4058 αὐτοῦ
2883 4004 3170 4073 φυλάσσει.
3217 4004 3388 4071 Φησὶν
3423 4003 3536 4071 γὰρ
3584 4005 3614 4055 ὁ
3645 4002 3846 4075 Κύριος

2257 4100 2368 4163 τοῖς
2409 4097 2603 4151 ἑαυτοῦ
2636 4096 2938 4167 μαθηταῖς,
2983 4114 3002 4146 ι
3041 4094 3201 4164 Ὑμῖν
3259 4093 3473 4145 δέδοται
3523 4093 3729 4161 γνῶναι
3780 4099 3845 4146 τὰ

2262 4189 2534 4260 μυστήρια
2569 4189 2669 4252 τῆς
2700 4183 2977 4255 βασιλείας
3014 4183 3108 4237 τοῦ
3141 4183 3299 4246 Θεοῦ,
3354 4184 3595 4246 ἐκείνοις
3640 4184 3699 4236 δὲ
3736 4187 3843 4245 τοῖς

2258 4283 2381 4348 ἔξω,
2417 4282 2475 4333 ὲν
2500 4277 2834 4350 παραϐολαῖς
2857 4276 2927 4330 τά
2958 4277 3137 4331 πάντα
3163 4274 3404 4342 λέγεται,
3433 4275 3523 4328 ἵνα
3553 4274 3843 4345 βλέποντες

2260 4374 2547 4447 βλέπωσιν,
2579 4371 2671 4426 καὶ
2699 4370 2772 4442 μὴ
2803 4370 3007 4433 ἴδωσιν,
3044 4368 3135 4421 καὶ
3165 4366 3476 4431 ἀκούοντες,
3509 4370 3838 4431 ἀκούσωσινς

580 4477 945 4532 vindemiabis
973 4477 1320 4533 dulcedinem
1345 4494 1413 4533 ex
1452 4478 1635 4532 fructu
1676 4475 2011 4531 continentis
2043 4475 2152 4529 lin-

2262 4467 2356 4522 καὶ
2388 4466 2462 4537 μὴ
2486 4464 2755 4517 συνιῶσιν.
2787 4482 2805 4513 ι
2835 4459 2992 4531 Αὐτῷ
3016 4461 3049 4530 ἡ
3076 4459 3205 4526 δόξα
3224 4458 3301 4529 τῷ
3323 4457 3701 4528 φιλανθρώπῳ
3724 4458 3837 4547 Θεῷ

581 4585 719 4641 gnte.
742 4568 949 4624 Servus
966 4568 1115 4623 enim
1133 4568 1309 4624 ﬁdelis
1328 4569 1372 4624 si
1389 4577 1493 4636 est,
1515 4567 1851 4622 dominicum
1879 4580 2142 4620 arcanum

2250 4563 2328 4621 είς
2355 4555 2482 4617 τοὺς
2521 4552 2742 4615 αἰῶνας.
2784 4552 2976 4622 Ἀμήν.

582 4639 750 4734 penes
771 4679 829 4719 se
858 4663 1056 4719 tacitus
1082 4672 1283 4719 servat.
1344 4664 1435 4718 Ait
1463 4663 1611 4717 enim
1657 4670 1713 4719 et
1746 4660 2012 4725 Dominus
2076 4654 2361 4727 discipulis
2398 4649 2514 4705 suis
2544 4664 2558 4697 ε
2586 4666 2603 4697 α
2633 4647 2802 4702 Vobis
2829 4645 3017 4699 datum
3045 4652 3130 4699 est
3188 4655 3347 4696 nosse
3374 4639 3639 4709 mysteria
3692 4648 3835 4712 regni

582 4755 716 4821 Dei;
756 4755 864 4810 illis
901 4764 1106 4820 autem,
1144 4773 1160 4804 ι
1221 4768 1418 4822 nempe
1471 4751 1739 4816 externis,
1786 4752 1972 4805 omnia
2005 4769 2023 4801 ‹
2057 4750 2113 4803 in
2155 4742 2435 4818 parabolis
2484 4760 2500 4791 ι
2538 4738 2820 4800 dicuntur,
2861 4754 2879 4787 ι
2916 4744 2977 4790 ut
2998 4734 3250 4790 videntes
3313 4735 3564 4801 videant,
3636 4744 3695 4788 et
3722 4747 3829 4786 non

582 4850 887 4921 intelligant
929 4848 994 4903 “.
1033 4869 1050 4900 ι
1092 4847 1198 4917 Ipsi
1231 4845 1402 4916 gloria
1447 4844 1503 4898 in
1551 4845 1748 4898 saecula
1798 4842 2151 4898 saeculorum.
2189 4839 2384 4896 Amen.

1018 4961 1060 5028 l
1075 4958 1232 5029 126
1248 4954 1533 5013 HOMILIA
1562 4955 1721 5009 LXV.

581 5078 701 5133 Non
730 5075 888 5130 cuivis
910 5074 1341 5143 intempestiviter
1382 5079 1475 5124 aut
1497 5078 1688 5123 temere
1727 5066 2152 5121 committendum

1230 5158 1509 5196 arcanum.

654 5261 993 5319 Unicuilibet
1024 5259 1188 5315 obvio
1221 5255 1556 5311 concredere
1584 5254 1671 5309 sui
1701 5251 1942 5322 pectoris
2002 5264 2156 5304 arca-

2868 4938 3087 4992 ΛΟΓΟΣ
3114 4939 3235 4992 EE’.

2568 5051 2705 5118 Περὶ
2744 5049 2847 5103 τοῦ
2866 5047 2954 5117 μὴ
2984 5047 3238 5114 ἀκαίρως
3269 5045 3528 5114 θαρῤεἷν.

2329 5164 2403 5217 Τὸ
2438 5160 2682 5229 ἀκαίρως
2712 5158 2934 5229 θαρρεῖν
2962 5172 3090 5220 τινι,
3122 5153 3450 5208 ἀπαιδεύτου
3481 5155 3580 5208 καὶ
3618 5156 3833 5225 ἀπειρο.

2260 5256 2426 5309 κάλου
2451 5252 2629 5323 ψυχῆς
2659 5251 2811 5304 ίδιον.
2842 5246 3037 5301 Πολλοὶ
3059 5246 3168 5315 γὰρ
3204 5245 3270 5298 ὲκ
3298 5243 3391 5297 τοῦ
3418 5245 3834 5314 ἀπερισκέπτως

583 5367 740 5418 num,
771 5353 824 5407 id
859 5351 1139 5423 peculiare
1168 5358 1253 5403 est
1281 5347 1477 5425 anima:
1508 5360 1735 5415 prorsus
1764 5341 2076 5398 ineruditaa.
2099 5349 2153 5395 et

2261 5344 2531 5415 θαρρῆσαι
2564 5338 2646 5405 οἷς
2669 5343 2769 5394 οὐκ
2796 5339 3043 5409 ὤφειλον,
3077 5337 3305 5408 ὕστερον
3326 5339 3410 5425 είς
3439 5338 3655 5408 θλίψεις
3678 5342 3831 5410 μεγά-

585 5457 707 5511 qua:
740 5443 973 5499 nihilum
1014 5449 1243 5511 experta
1292 5446 1376 5493 est
1414 5436 1601 5491 decori
1629 5443 1793 5504 atque
1828 5433 2152 5488 honestatis.

656 5602 825 5657 "imo
841 5603 1069 5657 Malaeh.
1095 5618 1173 5664 ul,
1194 5600 1263 5664 5;
1286 5598 1450 5653 Zach.
1480 5615 1535 5662 v,
1559 5597 1610 5650 4.
1693 5597 1735 5628 ³⁹
1762 5596 1875 5651 Jac.
1905 5612 1957 5653 ν.
1989 5596 2051 5647 12
2142 5596 2153 5627 ⁸

2262 5596 2397 5650 alth.
2432 5594 2687 5656 νῶι-57.
2764 5593 2805 5622 ⁸⁵¹
2834 5591 3022 5664 Matth.
3057 5608 3169 5655 xm,
3213 5591 3298 5645 ll.

2261 5434 2357 5498 λας
2389 5435 2484 5487 καὶ
2513 5434 2823 5505 ἀφορήτους
2847 5432 3130 5485 ἐνέπεσαν.
3167 5428 3288 5500 Χρὴ
3322 5424 3418 5483 οὖν
3448 5431 3633 5484 πάντα
3686 5447 3829 5499 περιο

3379 5592 3424 5621 δ’
3453 5592 3619 5646 Prov.
3644 5608 3760 5655 xm,
3777 5590 3822 5646 θ.

586 5668 634 5701 ⁸³
663 5672 830 5727 Eccli.
883 5687 994 5736 xxx,
1033 5673 1115 5724 10.
1162 5661 1438 5722 ⁷δ’δ’ῐέςρίί.
1482 5682 1641 5732 xxm,
1682 5666 1865 5720 19-92.
1942 5666 2143 5720 "ibid.

2334 5668 2378 5698 ⁸⁸
2401 5665 2589 5720 Matth.
2622 5680 2734 5730 xm,
2769 5664 2848 5724 ll.
2879 5661 2956 5714 12.
