3916 6304
202 304 341 372 1625

1194 279 1551 377 ἨοιιιιῐΑ
1589 318 1791 378 LXVI.
1816 345 1884 353 —
1909 319 2008 379 DE
2042 321 2452 381 VERITATE.

3325 310 3461 376 1626

197 417 556 490 εσκεμμένως
595 417 694 472 καὶ
725 417 866 488 μετά
888 417 1083 491 βουλῆς
1114 420 1402 491 πράσσειν,
1425 423 1520 476 καὶ
1544 422 1619 492 μὴ
1648 420 1781 492 θαῤ-

1888 423 2184 494 Plerosque
2213 423 2446 493 contigit
2475 423 2763 493 perplexas
2805 430 2970 490 atque
3020 420 3112 474 vix
3142 420 3459 477 tolerabiles

198 514 315 582 ῥεῖν
361 526 468 564 τινι
514 509 590 573 ὡς
640 509 848 580 ἔτυχεν,
907 511 995 564 ἵνα
1053 510 1129 582 μὴ
1168 509 1395 581 ὕστερον
1443 513 1541 583 τῆς
1575 513 1770 566 ἑαυτοῦ

197 598 561 663 κακοϐουλίας
609 599 860 669 καρποὺς
889 598 1083 670 ὀδύνης
1133 600 1343 671 θερίσῃ.
1390 602 1483 664 Εἰς
1525 600 1634 672 γὰρ
1663 598 1776 654 ὦτα

203 691 431 760 ἄφρονος
460 689 622 744 καλόν
653 692 799 746 ἐστιν
833 692 999 763 μηδὲν
1026 692 1228 761 λέγειν,
1254 692 1331 757 ὥς
1354 710 1522 765 φησιν
1548 696 1576 747 ό
1616 695 1772 747 Σολο-

203 783 339 853 μὼν,
366 782 583 853 μήποτε
616 782 931 856 μυκτηρίσῃ
959 784 1081 848 τοὺς
1124 785 1250 847 σοὺς
1276 784 1488 853 λόγους.
1525 785 1776 839 Διδάσκει

199 875 256 928 δὲ
283 876 378 928 καὶ
407 874 565 939 ἄλλος
591 876 775 944 σοφὸς,
811 894 830 928 ι
865 875 1021 930 Μετά
1052 874 1237 947 μωροῦ
1277 876 1351 947 μὴ
1379 875 1774 946 συμϐουλεύου,

201 966 263 1019 οὐ
287 967 395 1036 γάρ
416 968 707 1038 δυνήσεται
733 967 891 1035 λόγον
943 968 1185 1034 στέξαι.»
1211 969 1323 1021 Καὶ
1354 969 1533 1032 πάλιν,
1563 987 1582 1020 ι
1606 968 1778 1022 Παντὶ⁵

202 1057 473 1129 ἀνθρώπῳ
529 1060 603 1131 μὴ
642 1058 870 1128 ἐκφαινε
929 1060 997 1112 τὰ
1044 1061 1142 1130 τῆς
1185 1060 1410 1131 καρδίας
1463 1075 1591 1113 σουο
1645 1059 1779 1129 μηδὲ

206 1149 382 1200 πάντα
416 1148 703 1219 ἄνθρωπον
728 1149 994 1216 εἰσάγαγε
1047 1149 1126 1212 εἰς
1153 1151 1245 1202 τὸν
1274 1143 1422 1202 οἶκόν
1454 1165 1570 1202 σου.
1604 1148 1780 1201 Πολλά

162 1302 167 1308 ,
205 1239 311 1308 γὰρ
329 1237 396 1292 τὰ
428 1239 615 1309 ἔνεδρα
647 1240 740 1293 τοῦ
772 1240 1038 1294 διαϐόλου.
1061 1259 1079 1290 ι
1115 1240 1227 1293 Καὶ
1259 1238 1438 1303 αὖθις,
1475 1260 1493 1291 ι
1516 1239 1778 1293 Ἐνώπιον

203 1330 484 1400 ἀλλοτρίου
521 1331 689 1401 μηδὲν
717 1331 952 1401 ποιήσῃς
972 1332 1233 1401 κρυπτόν⁶
1270 1332 1328 1384 οὐ
1352 1331 1461 1401 γὰρ
1490 1329 1779 1398 γινώσκεις

203 1419 256 1473 τί
286 1420 515 1487 τέξεται.
543 1439 562 1472 ι
609 1421 720 1474 Καὶ
756 1420 942 1487 πάλιν,
993 1440 1012 1472 ι
1040 1420 1207 1491 ’Δνὴρ
1245 1420 1539 1489 δίγλωσσος
1573 1421 1782 1473 ἀποκα-

204 1509 396 1564 λύπτει
416 1510 610 1582 βουλὰς
626 1513 684 1565 ὲν
707 1512 1001 1584 συνεδρίῳ’
1027 1515 1055 1566 ὁ
1081 1511 1138 1565 δὲ
1167 1512 1359 1575 πιστὸς
1389 1513 1523 1582 πνοῇ
1546 1508 1780 1582 κρύπτει

203 1600 528 1671 πράγματα.
566 1621 585 1654 ι
625 1604 732 1656 Καὶ
763 1605 792 1656 ὁ
832 1606 1117 1675 προφήτης
1153 1602 1392 1674 Μιχαίας
1438 1601 1536 1674 βοᾷ
1581 1601 1777 1668 λέγων,

213 1710 231 1743 ι
250 1693 339 1762 Μὴ
357 1695 789 1747 καταπιστεύετε
811 1695 869 1749 ἐν
883 1694 1080 1762 φίλοις.
1104 1695 1214 1748 Καὶ
1238 1695 1345 1749 ἀπὸ
1365 1696 1467 1765 τῆς
1489 1696 1780 1762 συγκοίτου

206 1800 297 1837 σου
328 1784 564 1855 φύλαξον
591 1787 685 1839 τοῦ
743 1786 818 1856 μὴ
867 1786 1165 1841 ἀναθέσθαι
1212 1788 1352 1857 αὐτῇ
1402 1804 1474 1841 τι.
1501 1806 1520 1839 ι
1583 1786 1782 1850 Καλῶς
1813 1779 1852 1831 Β

203 1874 333 1940 γοῦν
359 1877 455 1930 καὶ
492 1879 520 1930 ὁ
548 1877 836 1948 προφήτης
876 1879 1136 1949 παραινεῖ
1157 1877 1522 1948 φυλάττεσθαι
1550 1879 1659 1932 ἀπὸ
1681 1880 1781 1948 τῆς

205 1967 515 2035 συγκοίτου,
565 1969 777 2039 μήποτε
833 1966 1217 2041 ὑπομείνωμεν
1268 1971 1335 2025 τὰ
1374 1970 1468 2024 τοῦ
1515 1970 1778 2041 Σαμψών.

216 2058 495 2129 Ὀχληθεὶς
524 2058 633 2131 γὰρ
678 2061 706 2114 ό
752 2059 963 2125 δίκαιος
1001 2060 1107 2115 ὑπὸ
1152 2061 1253 2130 τῆς
1303 2061 1474 2115 αὐτοῦ
1523 2061 1779 2132 συμϐίου,

201 2149 526 2222 ἀνήγγειλεν
575 2153 714 2225 αὐτῇ
754 2152 815 2206 τὸ
866 2153 1184 2225 πρόϐλημα,
1242 2154 1337 2208 καὶ
1374 2135 1601 2224 γέγονεν
1631 2153 1781 2225 αὐτῷ

201 2246 283 2308 εἰς
324 2244 503 2316 λύπην
553 2247 818 2317 μεγάλην.
861 2246 1140 2310 Ὡσαύτως
1174 2246 1267 2301 καὶ
1293 2248 1326 2318 ή
1354 2246 1586 2318 δευτέρα
1612 2244 1779 2301 αὐτοῦ

202 2336 434 2409 σύμϐιος
471 2338 690 2405 Δαλιδά,
734 2338 1037 2409 ἀπατηλοῖς
1089 2338 1271 2406 λόγοις
1314 2339 1646 2409 ἀπατήσασα
1687 2338 1782 2392 τὸν

200 2426 427 2495 δίκαιον,
467 2428 752 2499 ἐπίχαρμα
809 2428 973 2482 αὐτὸν
1023 2427 1359 2497 κατέστησεν
1406 2428 1518 2490 τοῖς
1566 2427 1781 2498 ἐχθροῖς
1820 2436 1821 2439 ‘

201 2519 390 2575 αὐτοῦ.
426 2520 536 2573 Καὶ
564 2522 593 2574 ό
620 2519 682 2587 ἐξ
711 2519 1045 2588 ἐπαγγελίας
1079 2518 1426 2589 συλληφθεὶς,
1453 2519 1549 2571 καὶ
1588 2518 1782 2589 κρίνας

199 2613 374 2666 εἴκοσι
403 2611 500 2683 ἐτη
527 2613 618 2667 τὸν
654 2611 891 2681 Ἰσραὴλ,
942 2611 1038 2665 καὶ
1083 2609 1385 2681 ἀνασχίσας
1422 2610 1547 2672 ταῖς
1601 2605 1781 2659 παλά-

203 2721 332 2773 μαις
362 2703 420 2756 τὸ
444 2702 620 2773 στόμα
646 2702 743 2757 τοῦ
794 2704 1031 2768 λέοντος,
1081 2701 1177 2754 καὶ
1219 2702 1277 2754 ἐν
1310 2699 1516 2768 σιαγόνι
1551 2697 1673 2751 ὄνου
1700 2714 1783 2769 χι-

201 2794 347 2857 λίους
377 2795 707 2857 ἀποκτείνας
752 2793 975 2865 ἄνδρας,
1004 2793 1099 2847 καὶ
1141 2786 1286 2860 ὕδωρ
1312 2792 1377 2844 ὲκ
1404 2790 1506 2858 τῆς
1535 2788 1783 2857 σιαγόνος

205 2885 363 2952 πιὼν,
389 2887 483 2940 καὶ
509 2886 577 2939 δι’
594 2885 902 2957 ὑπερϐολὴν
934 2884 1118 2955 ἰσχύος
1145 2883 1240 2946 τὰς
1271 2882 1448 2945 πύλας
1470 2878 1653 2951 Γάζης
1687 2880 1782 2933 σὺν

215 2979 292 3049 τῷ
315 2978 497 3050 μοχλῷ
521 2980 607 3032 ἐπ’
624 2977 789 3048 ὤμων
818 2976 978 3048 ἄρας,
1003 2976 1098 3030 καὶ
1120 2977 1199 3038 είς
1222 2974 1284 3028 τὸ
1308 2973 1434 3045 ὅρος
1459 2973 1780 3040 ἀνενέγκας,

206 3072 310 3123 ὑπὸ
347 3071 557 3141 φαύλης
586 3069 847 3140 γυναικὸς
869 3067 1198 3131 δελεασθεὶς,
1224 3065 1485 3136 ἐξαίφνης
1526 3064 1587 3117 οὐ
1622 3063 1781 3134 μόνον

203 3160 301 3229 τὴν
330 3159 596 3230 τοσαύτην
630 3158 785 3228 ἰσχὺν
832 3156 1137 3220 ἀπώλεσεν,
1170 3154 1308 3208 ἀλλὰ
1336 3154 1432 3207 καὶ
1461 3154 1529 3206 τὰ
1558 3153 1782 3222 ὄμματα

203 3252 536 3323 ἐξορυχθεὶς,
569 3250 821 3319 παίγνιον
848 3251 960 3304 τοῖς
1002 3245 1314 3317 παιδαρίοις
1341 3244 1451 3298 τῶν
1472 3242 1787 3312 ἀλλοφύλων

205 3342 516 3413 γενόμενος,
537 3341 633 3395 σὺν
658 3341 843 3403 αὐτοῖς
867 3339 958 3393 τὸν
988 3338 1101 3409 βίον
1132 3337 1449 3391 κατέλυσεν.
1488 3333 1786 3405 Ἐπόμενον

204 3430 297 3488 ὃῦν
348 3436 496 3487 ἐστιν
543 3433 605 3486 τὸ
652 3430 746 3485 τοῦ
802 3430 1012 3503 Κυρίου
1063 3428 1227 3499 ῥητὸν
1269 3427 1331 3481 τὸ
1371 3427 1599 3496 φάσκον,
1635 3443 1654 3476 ι
1694 3421 1787 3493 Μὴ

205 3526 342 3580 δῶτε
369 3524 439 3578 τὰ
478 3525 609 3592 ἆγια
634 3525 748 3586 τοῖς
776 3521 958 3587 κυσὶν,
993 3520 1128 3590 μηδὲ
1159 3519 1380 3589 βάλλετε
1409 3517 1538 3580 τοὺς
1570 3533 1787 3587 μαργα-

209 3616 365 3687 ρίτας
397 3614 574 3684 ὑμῶν,
613 3611 926 3686 ἔμπροσθεν
964 3610 1075 3664 τῶν
1101 3609 1327 3680 χοίρων,
1362 3608 1572 3678 μήποτε
1610 3622 1785 3660 κατα-

206 3708 526 3778 πατήσωσιν
555 3702 755 3765 αὐτοὺς
788 3704 901 3764 τοῖς
937 3702 1097 3754 ποσὶν
1144 3697 1347 3762 αὐτῶν,
1379 3698 1475 3751 καὶ
1519 3695 1787 3767 στραφέν-

207 3815 298 3860 τες
327 3797 563 3870 ῥήξωσιν
594 3795 760 3865 ὑμᾶς.
805 3812 824 3846 ι
862 3792 1019 3862 Αὐτῷ
1050 3794 1095 3863 if
1116 3791 1245 3856 δόξα
1279 3790 1357 3853 εἰς
1403 3789 1528 3851 τοὺς
1558 3787 1783 3849 αἰῶνας.

222 3888 417 3959 Ἀμήν.

1884 515 2130 571 incidere
2157 518 2211 569 in
2239 515 2585 579 aiﬂictioncs,
2617 529 2684 568 ex
2718 529 2786 568 eo
2816 514 2962 584 quod
2992 513 3197 583 quibus
3229 529 3338 567 non
3358 513 3455 568 de-

1882 606 2106 672 bebant,
2133 606 2463 675 nimisquam
2489 613 2692 658 temere
2719 620 2777 658 sc
2816 604 3192 659 crediderunt.
3225 604 3458 659 Necesse

1882 698 2052 769 igitur
2073 697 2166 761 sit,
2200 695 2642 765 circumspectim
2674 705 2731 748 et
2780 694 2981 749 comite
3023 695 3257 749 consilio
3296 710 3459 765 agere

1883 791 2088 852 omnia,
2133 804 2236 843 nec
2295 788 2632 851 inconsulte,
2682 794 2746 839 ut
2777 786 2889 840 fere
2922 784 3003 851 ﬁt,
3034 795 3309 841 secretum
3334 787 3458 841 cui-

1883 896 2048 950 quam
2075 879 2444 942 committere,
2474 886 2533 932 ut
2559 894 2626 932 ne
2653 877 2874 932 demum
2911 892 3010 946 per
3040 886 3188 930 tuam
3228 876 3455 930 temeri-

1883 980 2051 1027 tatem
2104 971 2319 1024 fructus
2361 968 2610 1023 demens
2654 968 2885 1023 doloris.
2943 967 3023 1022 Ad
3095 983 3258 1021 aures
3308 967 3455 1020 enim

1885 1062 2251 1132 imprudentis
2275 1062 2481 1114 bonum
2506 1067 2590 1113 est
2620 1059 2755 1112 nihil
2790 1058 2994 1123 dicere,
3022 1067 3083 1112 ut
3108 1067 3162 1111 et
3199 1056 3456 1112 Salomon

1884 1154 1982 1217 ait,
2032 1168 2102 1207 ne
2159 1152 2298 1207 forte
2349 1152 2650 1206 subsannet
2702 1150 2947 1205 eruditos
2985 1159 3119 1204 tuos
3152 1163 3450 1204 sermmies.

1884 1246 2057 1300 Docet
2105 1251 2287 1298 autem
2325 1252 2379 1297 et
2428 1242 2570 1296 alius
2604 1241 2822 1311 sapiens
2854 1258 2868 1292 τ
2904 1260 2920 1291 ι
2958 1242 3094 1295 Cum
3139 1241 3307 1295 stulto
3347 1240 3457 1294 noli

1886 1337 2026 1391 inire
2091 1335 2414 1399 consilium,
2467 1348 2576 1387 non
2635 1333 2783 1386 enim
2846 1332 3049 1402 poterit
3104 1341 3286 1401 tegere
3338 1346 3462 1385 ver-

1885 1427 2016 1482 bum
2042 1426 2106 1480 ‘7.
2147 1445 2165 1477 ι
2204 1426 2416 1479 Rursus
2452 1442 2464 1476 :
2517 1442 2535 1474 ι
2572 1423 2733 1478 Omni
2772 1422 2985 1477 homini
3014 1439 3096 1477 ne
3141 1421 3462 1492 prodasjcor

1888 1530 2043 1575 tuum
2073 1519 2139 1582 ⁵⁸⁸,
2167 1532 2347 1587 neque
2375 1531 2593 1571 onmem
2619 1516 2899 1569 hominem
2938 1514 3105 1569 induc
3128 1515 3184 1568 in
3232 1513 3459 1568 domum

1889 1622 2070 1675 tuam;
2114 1610 2300 1664 multa
2325 1608 2470 1664 enim
2496 1617 2623 1663 sunt
2649 1607 2862 1661 insidiae
2885 1604 3398 1661 calumniator-is“.
3433 1622 3450 1654 ι

1889 1702 2128 1757 Rursum
2155 1719 2167 1754 :
2205 1720 2224 1752 ι
2258 1700 2454 1756 Coram
2480 1699 2660 1753 alieno
2685 1698 2823 1752 nihil
2841 1697 3008 1752 facias
3031 1696 3250 1762 secreti,
3278 1710 3457 1766 neque

1883 1795 2032 1849 enim
2072 1794 2203 1857 scis,
2237 1791 2370 1862 quid
2408 1790 2585 1860 pariet
2611 1790 2684 1843 ⁸ο.
2729 1809 2747 1841 ι
2784 1790 2989 1844 lterum
3025 1807 3038 1842 :
3084 1807 3101 1839 ι
3143 1787 3239 1843 Vir
3284 1787 3456 1841 bilin-

1881 1886 2006 1957 guis
2044 1885 2250 1939 revelat
2278 1882 2591 1938 consilia'in
2628 1881 2863 1937 concilio
2893 1881 3079 1936 habita
3104 1897 3120 1945 ;
3148 1879 3242 1949 qui
3272 1887 3455 1932 autem

1883 1977 2060 2032 ﬁdelis
2085 1984 2169 2032 est
2194 1976 2416 2046 spiritu,
2446 1974 2686 2029 occultat
2710 1988 2826 2028 rem
2866 1973 2932 2025 “.
2971 1991 2989 2025 ι
3024 1972 3288 2026 Michreas
3335 1986 3460 2039 pro-

1881 2071 2046 2142 pheta
2085 2070 2286 2124 clamat
2335 2085 2349 2122 :
2406 2087 2422 2119 ι
2468 2068 2592 2122 Noli
2646 2067 2809 2121 [idem
2845 2066 3051 2120 habere
3076 2063 3290 2127 amicis,
3343 2070 3459 2116 et'a

1883 2161 2192 2217 conthorali
2226 2169 2319 2216 tua
2369 2175 2521 2224 cave,
2573 2165 2630 2213 et
2662 2157 2796 2212 nihil
2839 2157 2987 2212 iilius
3034 2154 3165 2210 ﬁdei
3199 2150 3458 2209 commitv

1883 2261 1937 2309 te
1960 2253 2027 2306 ⁸⁸.
2065 2271 2084 2303 ι
2118 2251 2233 2306 Hoc
2257 2266 2325 2305 eo
2349 2250 2508 2311 dixit.
2534 2264 2604 2304 ne
2636 2246 2776 2303 forte
2796 2246 2988 2303 eadem
3017 2247 3319 2301 toleremus
3336 2258 3460 2314 quae

1880 2350 1937 2397 et
1971 2341 2203 2397 Samson
2236 2340 2423 2410 :justo
2450 2338 2599 2393 enim
2636 2337 2788 2402 huic,
2822 2351 2944 2406 qua:
2989 2351 3113 2390 cum
3154 2335 3275 2404 ipso
3304 2334 3457 2388 vive-

1881 2429 1976 2484 bat
2023 2428 2414 2493 communiter,
2453 2426 2869 2496 inexplicabiles
2916 2424 3187 2480 conscivit
3248 2422 3456 2477 turbas.

1883 2521 2115 2576 Samson
2174 2518 2322 2572 cnim
2370 2517 2639 2588 propositi
2697 2515 3059 2586 problematis
3128 2512 3460 2568 solutionem

1880 2607 2198 2664 enuntiarat
2234 2624 2247 2660 :
2292 2606 2347 2660 id
2381 2605 2529 2675 quod
2565 2620 2674 2660 non
2720 2603 3056 2659 mediocrem
3097 2600 3307 2656 invexit
3337 2600 3462 2654 viro

1883 2699 2189 2757 tristitiam.
2231 2697 2345 2754 Nec
2385 2713 2548 2752 secus
2587 2697 2760 2751 altera
2813 2697 2919 2751 tori
2969 2710 3219 2757 consors,
3263 2708 3462 2761 nempe

1883 2791 2074 2848 Dalida
2099 2790 2351 2847 subdolis
2373 2798 2428 2844 et
2460 2789 2702 2844 illicibus
2734 2788 2921 2842 verbis
2951 2788 3099 2857 justo
3126 2801 3250 2840 cum
3281 2784 3461 2853 impo-

1885 2885 2108 2947 suisset.
2141 2882 2326 2938 effecit
2352 2889 2413 2935 ut
2444 2880 2534 2935 hic
2559 2888 2744 2934 tantus
2776 2878 3012 2949 publica:
3032 2886 3179 2931 esset
3231 2874 3463 2929 insulta-

1887 2976 2022 3031 tioni
2053 2974 2294 3029 inimicis
2339 2972 2456 3027 suis
2490 2989 2503 3024 :
2539 2971 2586 3026 is
2643 2970 2738 3039 qui
2784 2968 3032 3040 angelica
3088 2965 3461 3037 promissione

1886 3070 2185 3131 conceptus
2212 3068 2317 3124 est,
2344 3074 2551 3129 perque
2575 3074 2753 3113 annos
2788 3057 2982 3128 viginti
3018 3056 3331 3111 Israeliticae
3375 3056 3463 3126 ju-

1885 3154 1990 3209 dex
2014 3153 2211 3208 fuerat.
2242 3150 2394 3206 Idem
2413 3150 2670 3205 manibus
2695 3149 2747 3203 in
2790 3148 2967 3204 leonis
2995 3163 3091 3202 ora
3118 3147 3337 3218 injectis
3370 3146 3455 3215 ip-

1883 3260 2005 3301 sum
2056 3243 2433 3308 dissecuerat;
2465 3241 2520 3296 in
2548 3240 2865 3295 mand-ibula
2887 3239 3028 3294 asini
3057 3239 3204 3293 mille
3227 3237 3462 3308 peremit

1885 3336 2072 3400 viros;
2103 3349 2170 3388 ex
2197 3332 2388 3388 eadem
2410 3330 2631 3385 maxilla
2654 3329 3049 3385 scaturientem
3070 3328 3211 3383 bibit
3226 3341 3456 3398 aquam:

1886 3423 1980 3477 hic
2006 3418 2362 3490 exsuperanti
2406 3417 2581 3473 fretus
2620 3417 2840 3484 robore,
2879 3424 3068 3488 portas
3120 3415 3278 3470 Gazre
3307 3413 3465 3469 urbis

1888 3528 2015 3568 cum
2047 3510 2343 3567 emovisset
2374 3508 2519 3576 loco,
2553 3524 2663 3563 una
2699 3524 2824 3565 cum
2884 3507 3025 3563 seris
3059 3506 3309 3562 humeris
3354 3506 3462 3561 im-

1890 3602 2120 3679 positas,
2151 3597 2377 3654 sustulit
2397 3597 2455 3652 in
2476 3606 2756 3665 montem;
2804 3605 2861 3653 et
2887 3597 2980 3652 hic
3023 3604 3211 3652 tantus
3236 3595 3463 3667 abiectae

1892 3704 1957 3744 ac
1990 3685 2117 3741 vilis
2150 3681 2486 3739 mulierculae
2525 3682 2805 3737 inescatus
2864 3681 3160 3748 illecebris,
3188 3686 3466 3735 momento

1892 3795 2005 3836 nou
2050 3772 2430 3832 tantummodo
2472 3772 2716 3844 perdidit
2744 3772 3147 3839 fortitudinem,
3179 3773 3275 3827 sed
3301 3787 3465 3827 exca-

1892 3871 2040 3927 vatis
2059 3878 2223 3939 atque
2242 3865 2461 3922 effossis
2483 3865 2772 3921 oculorum
2796 3863 3048 3927 orbibus,
3070 3861 3139 3917 ad
3161 3861 3465 3916 ludibrium

208 3955 495 4052 expositus
529 3988 615 4035 est
669 3976 898 4049 puerilis
926 3976 1107 4048 gentis
1142 3974 1471 4040 Philistinaz,
1517 3973 1624 4027 hoc
1678 3976 1763 4025 est
1823 3965 2165 4037 alienigenas,
2231 3962 2562 4032 quibuscum
2611 3975 2929 4029 Oppressus,
2990 3958 3134 4012 diem
3175 3971 3334 4012 suum
3365 3955 3466 4009 oh-

210 4046 365 4133 iit-i’.
397 4074 564 4144 Sequi
594 4046 765 4144 igitur
792 4046 1062 4138 debemus
1129 4069 1468 4125 Dominicam
1505 4067 1655 4122 illam
1701 4059 2051 4125 sententiam,
2118 4073 2239 4127 quae
2277 4056 2459 4110 dicit:
2504 4073 2523 4107 ι
2559 4052 2739 4107 Nolite
2798 4051 2929 4105 dare
2979 4059 3166 4103 sancta
3217 4046 3464 4109 canibus,

208 4182 394 4238 neque
461 4163 765 4237 projiciatis
813 4148 1155 4234 'margaritas
1180 4172 1391 4218 vestras
1455 4167 1582 4214 ante
1632 4169 1854 4226 porcos,
1897 4167 1968 4206 ne
2033 4148 2176 4204 forte
2235 4147 2563 4203 conculcent
2622 4159 2717 4200 cas
2777 4140 3044 4212 pedibus,
3101 4146 3157 4193 et
3212 4136 3462 4192 conversi

209 4263 556 4331 disrumpant
581 4275 677 4315 vos
708 4260 775 4314 ⁸⁵.
818 4278 837 4311 ι
887 4258 994 4329 Ipsi
1042 4258 1218 4329 gloria
1262 4256 1318 4310 in
1347 4254 1545 4311 saecula
1566 4249 1916 4307 saeculorum.
1943 4242 2143 4298 Amen.

812 4383 1033 4437 ΛΟΓΟΣ
1068 4381 1206 4450 sq'.

766 4493 905 4563 Περὶ
933 4493 1240 4559 ἀληθείας.

296 4616 475 4679 Ἴσως,
518 4612 667 4682 τίμιε
709 4609 886 4680 πάτερ
940 4606 1229 4671 Εύστάθιε,
1272 4602 1597 4673 θαυμάζεις,
1635 4598 1698 4650 σύ
1732 4615 1791 4650 τε

2318 4364 2528 4435 1127
2554 4361 2840 4417 HOMILIA
2866 4358 3048 4413 LXVI.

2519 4474 2594 4528 De
2615 4475 2857 4528 veritate.

1968 4591 2238 4646 Mirabcre
2289 4590 2500 4652 forsan,
2539 4594 2696 4656 pater
2724 4584 2861 4638 mihi
2892 4582 3228 4638 venerahiiis
3271 4584 3469 4657 Eusta-

219 4710 316 4762 καὶ
343 4708 393 4760 οἱ
424 4703 804 4774 ὲντευξάμενοι
846 4702 929 4771 τῇ,
950 4698 1202 4769 παρούσῃ
1233 4688 1610 4767 πραγματείᾳ,
1646 4691 1781 4752 τίνος

1898 4684 2034 4747 thie,
2074 4691 2243 4751 tuque
2298 4688 2355 4735 et
2404 4678 2498 4749 qui
2554 4676 2752 4731 lecturi
2802 4682 2929 4729 sunt
2963 4674 3251 4744 praesentis
3287 4673 3472 4743 epes-is

214 4800 403 4852 ἕνεκεν
433 4796 564 4864 παρ’
594 4764 765 4865 *ὑμῶν
798 4764 1296 4863 προτραπεὶς-καλ.
1326 4786 1461 4856 πρὸς
1505 4784 1650 4855 ὑμᾶς
1694 4781 1781 4853 τὴι

1891 4771 2440 4836 commentationem,
2478 4784 2579 4824 cur
2608 4774 2789 4822 vestra
2814 4764 3195 4819 exhortatione
3220 4764 3471 4818 admoui-

216 4889 395 4961 ἀρχὴν
423 4854 529 4940 τοῦ-
549 4854 710 4953 λόγου
736 4854 1128 4955 ποιησάμενος,
1156 4854 1572 4946 εὖθέωςήῶσπερ
1601 4873 1781 4927 ὲπιλα-

1891 4871 1983 4919 tus
2016 4873 2078 4917 ut
2116 4861 2441 4924 scriberem,
2471 4866 2527 4913 et
2558 4873 2590 4912 a
2634 4855 2795 4912 vobis
2827 4869 2950 4911 cum
2998 4854 3100 4909 sim
3153 4854 3472 4923 auSpicatus

216 4942 444 5051 θόμείιος
478 4942 695 5041 ὲαυτόῦ,
729 4976 804 5039 ὡς
839 4942 977 5046 πρός
1005 4942 1160 5035 τινας
1192 4968 1454 5041 φοιτητὰς
1488 4942 1781 5039 χρῄζοντας

1891 4956 2058 5011 telam
2089 4963 2376 5024 pertexere
2423 4950 2585 5005 istius
2643 4946 2850 5017 operis,
2897 4960 3024 5000 mox
3075 4952 3255 4998 tamen
3314 4942 3470 5013 quasi

214 5034 583 5133 διδασκαλίας,
609 5034 706 5129 τὰς
729 5034 993 5131 διαλέξει-ς
1024 5034 1390 5134 ἐποιησάμην.
1421 5034 1781 5129 μηδεὶς

1897 5047 2006 5103 mei
2039 5045 2217 5115 ipsius
2238 5042 2462 5106 oblitus,
2487 5041 2653 5094 hasce
2675 5038 2972 5092 conciones
3017 5034 3093 5089 ita
3115 5034 3365 5105 pertexui
3411 5045 3474 5089 ut

219 5125 581 5232 θαυμαζέτω,
606 5125 745 5229 μηδὲ
774 5125 988 5219 ἀνοίας⁷
1013 5125 1274 5225 ἔγκλημα.
1306 5125 1646 5222 ἐγγράψαιτό
1668 5125 1781 5219 μοι,

1898 5137 2076 5193 videri
2103 5134 2309 5206 possim
2353 5131 2646 5201 discipulis
2701 5128 3031 5199 quibusdam
3062 5125 3235 5197 loqui,
3268 5125 3472 5196 quibus

219 5219 836 5323 τὴν“ὲναλλαγ’ὶίν,”ἀλλά
864 5219 1064 5316 μᾶλλον
1096 5219 1425 5312 ἀποδέξηται
1449 5219 1547 5309 τῆς
1575 5239 1781 5292 ἐπαινε-

1892 5246 2032 5301 opus
2049 5230 2191 5284 lacte
2225 5224 2647 5282 siteruditionis
2687 5230 2743 5277 et
2774 5220 3059 5277 doctrinm.
3097 5219 3275 5288 Atque
3309 5234 3471 5273 nemo

222 5312 320 5413 της
347 5312 571 5403 δειλίας.
711 5339 820 5408 γὰρ
850 5312 1214 5406 ἐπιλέλησμαι
1242 5330 1500 5403 ἐμαυτοῦ,
1535 5328 1672 5385 ἀλλά
1694 5327 1781 5400 τὴι

1893 5323 2145 5381 miretur.
2197 5317 2379 5389 neque
2418 5316 2680 5372 vicariam
2720 5314 2863 5369 hanc
2907 5312 3367 5385 permutationem
3397 5318 3472 5365 te-

222 5403 521 5501 ἁπολογίαν
545 5429 676 5501 ἐρῶ.
848 5428 948 5497 μὲν
978 5403 1087 5497 γὰρ
1116 5403 1369 5495 ἀφορμὰς
1395 5421 1490 5476 τοῦ
1527 5419 1781 5490 παρόντος

1896 5432 2048 5474 mere
2087 5416 2315 5487 obiiciat
2343 5412 2542 5468 factam
2566 5426 2688 5466 esse
2717 5408 2815 5481 per
2855 5407 3216 5479 ignorantiam
3247 5412 3343 5459 aut
3380 5403 3466 5457 in-

222 5523 539 5593 πονήματος
572 5520 669 5574 τοῦ
703 5517 1077 5588 κεφαλαιῶσαι
1111 5520 1167 5570 ἐν
1200 5514 1453 5584 συντόμῳ
1487 5514 1667 5566 πᾶσαν
1697 5511 1781 5581 rip

1896 5508 2285 5582 cogitantium;
2326 5505 2498 5575 magis
2527 5518 2661 5558 vero
2699 5511 2912 5574 gratum
2958 5499 3160 5553 habeat
3214 5498 3465 5551 timorem

220 5658 226 5663 ’
304 5656 535 5710 l"Eccli.
564 5669 694 5716 xm,
722 5656 805 5708 Η.
866 5653 908 5684 ⁵³
940 5651 1113 5706 Eccli.
1163 5666 1274 5711 vm,
1303 5650 1393 5701 99..
1468 5645 1510 5678 θ’
1544 5645 1710 5699 Eccii.
1743 5660 1813 5707 χι,
1858 5643 1946 5696 5|.
2057 5641 2105 5672 ⁵⁸
2131 5639 2298 5695 Eecli.
2326 5654 2439 5703 vm,
2474 5638 2563 5693 ει.

2678 5638 2719 5667 ²λ¹
2750 5637 2907 5689 Prov.
2944 5651 3015 5701 x1,
3074 5634 3151 5687 l5.
3230 5634 3275 5663 ⁵⁸
3308 5631 3465 5686 Mittit.

237 5744 326 5793 vn,
484 5729 529 5757 ⁸³
552 5725 728 5782 Judie.
758 5740 867 5789 xw,
890 5721 1109 5791 passim.
1192 5722 1234 5751 δ”
1271 5718 1457 5773 Matth.
1484 5731 1576 5779 vn,
1601 5716 1655 5768 6.
2870 5718 2871 5721 ‘
