4030 6296
523 252 656 318 1627

1781 256 2144 319 ANTIOCHI
2183 260 2528 321 MONACHI

3640 249 3780 314 1628

519 377 630 414 non
691 376 1085 432 usquequaque
1133 363 1555 432 aspcrnabilcm,
1610 378 1720 432 quo
1765 365 2082 420 subvcritus

2195 368 2340 422 θείαν
2369 369 2614 442 Γραφὴν,
2648 367 2896 422 Παλαιάν
2925 385 2984 420 τε
3033 367 3127 421 καὶ
3161 365 3398 430 Καινὴν,
3419 363 3516 416 καὶ
3561 359 3774 415 στεῖλαι

516 451 896 506 ἀειῑθσιειιιαῐη
941 468 1136 506 munus
1189 452 1501 515 scribendi;
1558 469 1735 522 neque
1774 455 1920 508 enim
1979 456 2082 508 mei

521 541 696 612 ipsius
717 541 923 597 oblitus
951 559 1093 597 sum.
1125 542 1229 596 Sed
1257 543 1368 612 jam
1410 543 1474 596 ad
1507 558 1682 597 cansze
1720 543 2085 599 redditionem

517 629 702 683 venio.
737 630 1091 685 Occasionem
1111 631 1259 684 enim
1282 645 1526 698 operosa:
1561 630 1720 684 istius
1746 631 2087 686 lucubratio-

521 720 606 774 nis
643 721 722 774 sic
755 721 979 791 digestae
1007 721 1222 774 noverit
1258 721 1436 776 lector
1469 721 1638 774 fuisse
1693 721 1853 785 hanc,
1889 731 1949 776 ut
1986 739 2085 793 per

519 811 696 879 capita
726 811 848 875 tibi,
869 811 1047 877 Pater,
1075 811 1470 882 distinguerem
1510 819 1566 865 et
1605 812 1995 867 contraherem
2030 812 2085 867 in

518 899 904 968 compendium
963 900 1208 955 divinam
1257 917 1474 955 omnem
1513 901 1880 972 Scripturam,
1935 911 2088 958 vete-

521 1003 746 1056 remque
788 997 844 1042 et
880 1004 1100 1042 novam.
1138 989 1270 1044 Tale
1316 989 1464 1044 enim
1525 991 1803 1044 scribendi
1860 1006 2084 1057 munus,

522 1085 697 1132 vestra
725 1078 940 1149 suscepi
971 1079 1376 1143 exhortatione,
1413 1080 1558 1149 quod
1588 1081 1879 1136 momentis
1902 1081 2088 1151 singu-

520 1169 586 1222 lis
614 1169 733 1223 loca
770 1179 822 1224 et
847 1171 1099 1224 civitates
1127 1181 1443 1240 permutare
1493 1171 1760 1241 cogimur,
1796 1188 1896 1241 per
1944 1172 2088 1228 hanc

519 1260 823 1315 Chaldaicze
857 1262 1034 1329 gentis
1064 1270 1466 1330 tempestatem.
1520 1277 1643 1331 qua!
1697 1273 1870 1317 totum
1911 1277 2085 1332 prope

521 1363 791 1406 terrarum
817 1353 1010 1407 orbem
1066 1367 1164 1407 sua
1197 1353 1397 1421 premit
1443 1351 1752 1423 tyrannide.
1788 1350 1926 1406 Cum
1956 1367 2090 1407 vero

521 1443 828 1498 testimonia
856 1441 1119 1498 doctrinae
1149 1443 1416 1497 divinitus
1467 1442 1743 1510 inspirata;
1768 1457 1936 1512 quam
1989 1457 2088 1497 ve-

521 1535 734 1588 rissime
770 1535 994 1604 scripta,
1023 1534 1276 1587 nonnihil
1303 1541 1498 1603 egeant
1552 1548 1809 1587 sermone
1864 1533 2082 1596 morali,

521 1625 747 1688 perinde
771 1633 934 1695 atque
960 1625 1006 1680 si
1047 1624 1254 1679 fabrica
1277 1625 1544 1693 quaepiam
1585 1623 1871 1692 operosior
1897 1634 1953 1677 et
2005 1624 2082 1678 fa-

2190 475 2296 520 σοι,
2347 459 2435 511 διὰ
2470 459 2530 510 τὸ
2579 459 2818 526 συνεχῶς
2862 458 3046 528 χώρας
3100 457 3196 510 καὶ
3251 455 3442 517 πόλεις
3489 453 3772 522 ἀμείδεινν

2183 548 2372 602 ἕνεκεν
2397 549 2491 601 τοῦ
2515 549 2936 620 ἐπικρατοῦντος
2955 547 3262 602 Χαλδαῖκοῦ
3285 545 3564 616 χειμῶνος
3588 547 3774 596 πᾶσαν

2183 642 2282 708 τὴν
2327 641 2684 710 οἰκουμένην,
2735 640 2796 705 ἐξ
2847 639 3118 709 ὑμετέρας
3165 635 3494 708 προτροπῆς
3542 637 3769 704 εἴληφα.

2197 729 2417 801 Ἐπειδὴ
2436 731 2492 784 δέ
2522 731 2578 784 αἱ
2613 731 2828 802 Γραφαὶ
2860 730 2956 784 καὶ
2975 729 3077 799 τῆς
3101 727 3470 782 θεοπνεύστου
3501 727 3772 780 διδασκα-

2185 821 2305 882 λίας
2337 822 2636 892 μαρτυρίαι
2681 820 2891 875 ἐδέοντό
2938 837 3082 882 τινος
3126 817 3320 888 ἠθικοῦ
3361 817 3562 886 λόγοιν
3597 817 3680 880 ὡς
3707 817 3774 869 ἂν

2183 911 2442 982 οἰκοδομὴ
2491 913 2558 964 ἐκ
2603 911 2858 982 μεγάλων
2898 913 2992 964 καὶ
3035 910 3272 979 ἐντίμων
3304 908 3476 962 λίθων
3507 924 3770 961 συνιστα-

2190 999 2348 1070 μένη,
2381 999 2570 1070 χρῄζοι
2591 999 2691 1065 τῆς
2720 999 2834 1052 τῶν
2859 997 3094 1052 εὐτελῶν
3122 998 3217 1050 καὶ
3249 999 3468 1066 μικρῶν
3503 995 3770 1065 Maximi

2188 1089 2573 1158 συνοικοδομῆς
2594 1104 2607 1116 ’
2644 1088 2836 1140 τούτου
2866 1088 3053 1140 ἐνεκεν
3085 1085 3256 1149 οὕτως
3287 1086 3383 1140 καὶ
3409 1085 3769 1155 ἐποιησάμην

2187 1179 2284 1249 τὴν
2335 1177 2682 1232 ὑποτύπωσιν
2739 1177 2838 1247 τῆς
2892 1177 3172 1247 παρούσης
3217 1175 3639 1246 πραγματείας,
3693 1175 3768 1243 μὴ

2185 1269 2461 1338 τολμήσας
2492 1267 2629 1339 πρὸς
2667 1267 2832 1336 ὑμᾶς,
2885 1267 3022 1320 ἀλλά
3073 1269 3228 1336 κοινῇ
3267 1267 3365 1328 τὰς
3409 1265 3767 1324 διδασκαλίας

2188 1357 2536 1429 ποιήσασθαι.
2579 1355 2906 1426 Ἐπίσταμαι
2935 1357 3040 1426 γὰρ
3077 1355 3172 1410 καὶ
3199 1355 3297 1423 τὴν
3324 1353 3574 1422 ἐμαυτοῦ
3609 1353 3768 1408 ἀσθέ-

2187 1467 2369 1511 νειαν,
2424 1449 2518 1501 καὶ
2561 1447 2623 1500 τὸ
2674 1447 2880 1500 τέλειον
2932 1447 3032 1516 τῆς
3083 1445 3356 1515 ὑμετέρας
3395 1445 3767 1513 πατρότητος.

2186 1537 2301 1590 Νῦν
2325 1537 2404 1602 δέ,
2425 1537 2506 1599 ὡς
2532 1536 2764 1606 ἔφθασεν
2781 1535 2956 1607 ὀπερὶ
2979 1536 3078 1603 τῆς
3103 1534 3358 1604 ἀληθείας
3385 1533 3571 1602 λόγος,
3599 1535 3772 1600 ἀναγ-

2187 1630 2338 1682 καῖον
2391 1629 2520 1698 ὑμῖν
2567 1628 2794 1698 ἐνόμισα
2851 1626 3040 1680 τοῦτον
3077 1625 3364 1694 ἀναϐῆναι,
3399 1627 3481 1687 ὡς
3513 1625 3696 1694 δῶρόν
3717 1643 3772 1678 τι

520 1715 738 1784 stigiosa
776 1706 1064 1786 magnifico
1109 1724 1328 1784 sumptu
1377 1713 1678 1784 ingentium
1733 1713 1975 1784 lapidum
2022 1730 2088 1770 ac

2195 1716 2334 1771 θεῖον
2393 1717 2486 1770 καὶ
2513 1717 2810 1786 ἐξαίρετον.
2843 1717 2906 1770 Ἦ
2928 1717 3096 1781 ὅντως
3122 1715 3348 1787 ἀλήθεια
3367 1717 3397 1768 6
3423 1715 3566 1777 Θεὸς
3593 1717 3766 1768 ἐστιν.

521 1808 886 1874 pretiosorum
910 1807 1227 1863 substructa
1257 1807 1331 1862 sit
1371 1814 1428 1861 et
1457 1795 1764 1876 compacta,
1789 1813 1947 1876 egeat
1993 1807 2082 1860 ni-

521 1899 817 1952 hilominus
840 1899 908 1953 ad
947 1899 1252 1953 absolutam
1274 1907 1329 1952 et
1351 1897 1581 1952 solidam
1620 1897 2081 1952 substructionem

521 1986 806 2042 minutulis
832 1989 1044 2058 scrupis
1076 1998 1130 2041 ct
1166 1985 1478 2042 rudusculis
1506 2000 1770 2055 perquam
1803 1985 2083 2049 tenuibus,

521 2078 746 2148 hujusce
783 2079 859 2132 rei
886 2079 1060 2150 gratia
1090 2079 1268 2132 visum
1315 2086 1400 2132 est
1425 2075 1785 2132 summariam
1839 2075 2087 2130 delinea-

2189 1809 2312 1879 Χρὴ
2330 1803 2424 1862 οὖν
2443 1807 2622 1862 πάντα
2641 1807 2926 1878 ἄνθρωπον
2951 1807 3242 1877 ἐρωτῶντα
3265 1807 3335 1859 τὰ
3354 1809 3455 1876 τῆς
3481 1805 3768 1874 ἀληθείας,

2189 1899 2403 1970 πρῶτον
2421 1896 2682 1966 εὔξασθαι
2704 1897 2796 1951 τοῦ
2829 1897 3126 1966 ἐπιγνῶναι
3157 1897 3256 1966 τὴν
3269 1895 3438 1957 ὅντως
3463 1895 3734 1964 ἀλήθεια-δ
3751 1912 3765 1925 ⁸

2189 1987 2285 2038 καὶ
2317 1987 2492 2040 εἰπεῖν
2516 1985 2645 2056 περὶ
2674 1985 2866 2054 αὐτῆς,
2897 1985 2972 2048 ὡς
3006 1986 3208 2056 πρέπει
3255 1983 3331 2054 τῷ
3370 1985 3469 2053 τῆς
3503 1983 3771 2053 ἀληθείας

2189 2074 2416 2146 ἐραστῇ,
2467 2075 2609 2130 κατά
2649 2075 2740 2128 τὸν
2795 2074 3040 2138 εἰπόντα,
3077 2093 3096 2126 ι
3129 2075 3220 2143 Μὴ
3271 2073 3539 2144 περιέλῃς
3581 2075 3652 2125 ἐκ
3677 2072 3772 2125 τοῦ

522 2167 724 2220 tionem
761 2167 1048 2236 praesentis
1082 2167 1330 2237 opusculi
1385 2166 1480 2220 tali
1529 2166 1672 2220 serie
1723 2165 1972 2234 digerere
2031 2173 2088 2219 et

2195 2165 2465 2236 στόματός
2498 2184 2601 2236 μου
2637 2166 2793 2234 λόγον
2823 2165 3082 2234 ἀληθείας
3118 2165 3223 2228 ἐως
3249 2164 3474 2232 σφόδρα.
3503 2183 3524 2215 ι
3573 2164 3642 2216 Ἡ
3668 2164 3772 2232 γὰρ

523 2258 809 2312 etl‘ormare
835 2275 847 2312 :
879 2259 1099 2314 interim
1120 2274 1228 2312 non
1249 2274 1418 2312 ausus
1440 2258 1535 2311 uni
1561 2272 1628 2311 ex
1662 2255 1819 2310 vobis
1843 2255 2087 2325 peculia-

2195 2255 2420 2323 ἀλήθεια
2453 2255 2589 2324 πρὸς
2633 2255 2757 2317 τοὺς
2815 2254 3214 2326 ἐργαζομένους
3249 2251 3423 2322 αὐτὴν
3477 2253 3768 2321 ἐπανήξει.

523 2351 676 2416 riter,
703 2353 797 2407 scd
815 2353 868 2407 in
896 2369 1181 2408 commune
1203 2354 1461 2408 omni-bus
1485 2353 1924 2422 qualemcunque
1979 2350 2121 2405 hanc
2162 2350 2366 2406 inferre
2396 2351 2724 2405 doctrinam.
2774 2348 3062 2420 Siquidem
3131 2345 3390 2417 ingenioli
3421 2345 3534 2400 mei
3586 2345 3772 2399 imbe-

524 2443 721 2498 cillitas
752 2445 886 2498 mihi
925 2445 1057 2500 satis
1085 2460 1359 2516 superque
1394 2459 1652 2514 persuasa
1713 2450 1799 2497 est
1865 2452 1924 2499 et
1978 2451 2286 2514 perspecta,
2333 2457 2436 2496 nec
2483 2446 2668 2496 minus
2702 2443 3041 2510 exploratam
3097 2439 3276 2494 habeo
3315 2447 3374 2494 et
3414 2448 3768 2509 compertam

525 2533 778 2588 eximiam
808 2535 975 2589 animi
1007 2535 1174 2588 vestri
1203 2535 1506 2589 lenitatem.
1546 2533 1702 2588 Nunc
1734 2543 1918 2588 autem
1953 2549 2079 2588 cum
2117 2547 2184 2587 eo
2203 2534 2274 2586 sit
2305 2539 2600 2601 provectus
2619 2531 2782 2597 liber,
2817 2541 2879 2586 ut
2906 2531 2974 2585 de
2996 2531 3227 2586 veritate
3253 2529 3390 2583 mihi
3451 2529 3530 2583 sit
3593 2530 3772 2584 disse-

527 2628 775 2689 rendum.
802 2628 1170 2684 necessarium
1195 2628 1344 2688 duxi.
1394 2643 1520 2682 eum
1548 2627 1646 2682 tibi
1680 2628 1864 2682 dicare
1913 2627 2269 2696 peculiariter
2321 2625 2477 2694 quasi
2544 2624 2796 2679 divinum
2829 2623 3102 2695 quoddam
3165 2630 3222 2676 et
3255 2622 3470 2692 insigne
3539 2637 3764 2677 munus.

530 2718 782 2771 Prorsum
817 2720 1019 2773 veritas
1066 2719 1210 2772 Deus
1252 2726 1337 2772 est
1383 2737 1396 2772 :
1434 2733 1657 2772 necesse
1690 2719 1858 2788 igitur
1885 2718 1978 2780 sit,
2027 2724 2088 2770 ut
2122 2717 2287 2770 homo
2315 2717 2495 2770 oumis
2563 2716 2630 2787 (si
2679 2715 2842 2770 modo
2908 2713 3158 2770 veritatis
3207 2721 3290 2769 est
3329 2713 3770 2778 amantissimus)

529 2808 581 2860 in
608 2809 748 2862 votis
770 2808 968 2862 habeat
999 2808 1103 2862 hoc
1151 2810 1410 2878 primmn,
1444 2817 1500 2862 et
1528 2816 1649 2862 oret
1713 2810 1822 2864 sibi
1891 2809 2163 2879 indulgeri
2194 2823 2466 2878 germanae
2482 2809 2730 2864 veritatis
2745 2809 3144 2879 cognitionem,
3165 2805 3341 2876 deque
3364 2821 3430 2860 ea
3453 2813 3521 2858 ut
3557 2821 3772 2860 sermo-

530 2913 651 2950 nem
713 2900 980 2955 edisserat
1009 2915 1234 2970 prorsus
1262 2910 1506 2955 amatore
1537 2901 1783 2955 veritatis
1834 2901 2080 2972 dignum,
2117 2903 2273 2972 juxta
2332 2902 2480 2956 illius
2540 2903 2872 2958 sententiam
2912 2900 3008 2972 qui
3036 2899 3219 2955 dixit:
3259 2915 3277 2950 ε
3320 2896 3404 2952 Ne
3428 2897 3656 2954 auferas
3704 2898 3770 2952 de

529 3008 623 3046 ore
650 3009 770 3047 meo
805 2992 1034 3047 verbum
1073 2993 1322 3048 veritatis
1356 3007 1748 3063 usquequaque
1772 2993 1837 3046 ".
1873 3011 1890 3044 ι
1927 2992 2145 3048 Veritas
2202 2994 2352 3048 enim
2385 2993 2452 3050 ad
2508 3009 2604 3049 eos
2667 2993 2900 3065 recipiet
2965 3007 3048 3058 se,
3077 3000 3135 3047 et
3167 2990 3489 3056 illustrabit,
3521 2993 3620 3062 qui
3651 3007 3772 3047 eam

529 3102 691 3155 opere
728 3086 848 3154 ipso
872 3094 1152 3140 exercent.

598 3176 1068 3240 Quemadmodum
1118 3175 1284 3245 igitur
1309 3175 1401 3245 qui
1454 3173 1665 3244 profert
1719 3173 2164 3239 mendacium,c

2268 3177 2478 3246 Ὠσπερ
2499 3173 2590 3230 οὖν
2607 3179 2634 3230 6
2651 3177 2828 3232 λαλῶν
2846 3178 2906 3230 τὺ
2926 3175 3124 3246 ψεῦδος
3152 3173 3372 3246 μολύνει
3395 3175 3496 3245 τὴν
3543 3175 3778 3246 καρδίαν

531 3263 870 3316 contaminat
900 3275 964 3314 ac
1007 3259 1254 3316 defmdat
1304 3277 1397 3312 cor
1456 3269 1510 3312 et
1564 3275 1668 3327 os;
1731 3260 1904 3331 (nam
1961 3263 2094 3320 hosti

2199 3264 2294 3318 καὶ
2317 3264 2378 3318 τδ
2406 3265 2580 3335 στόμα
2605 3262 2688 3334 (τὸ
2705 3265 2809 3334 γὰρ
2821 3265 3062 3335 ψεῦσμα,
3089 3266 3169 3334 τῷ
3193 3265 3452 3334 δυσμενεί
3479 3265 3739 3336 διαφέρει
3759 3283 3775 3297 ο

533 3357 790 3411 humanae
863 3354 1058 3411 salutis
1129 3354 1264 3409 utile
1330 3361 1415 3408 est
1487 3353 1886 3422 mendacium,
1950 3366 2104 3426 pater

531 3453 676 3504 enim
733 3447 1006 3504 mendacii
1037 3446 1292 3502 diabolus
1318 3445 1447 3515 est),
1483 3447 1556 3500 ita
1603 3457 1659 3502 et
1687 3448 1779 3518 qui
1819 3448 2105 3504 veritatem

532 3531 795 3600 loquitur,
814 3530 1053 3584 animam
1082 3529 1409 3597 sanctificat,
1431 3541 1486 3586 et
1509 3547 1592 3598 os,
1620 3542 1678 3587 et
1709 3532 1919 3602 reliqua
1963 3547 2093 3586 cor-

530 3621 678 3692 poris
707 3622 949 3676 membra
983 3640 996 3675 :
1027 3623 1230 3677 veritas
1271 3623 1416 3676 enim
1454 3622 1707 3678 Christus
1737 3631 1838 3678 est.
1893 3623 2097 3678 Admo-

531 3729 668 3768 nens
687 3722 868 3768 autem
893 3714 1161 3785 propheta
1179 3715 1470 3770 Zacharias
1494 3715 1754 3785 populum
1781 3713 1933 3768 illum
1955 3714 2096 3770 male

531 3811 882 3881 morigerum,
907 3810 1024 3866 ait:
1078 3831 1097 3863 ι
1141 3810 1452 3882 Loquimini
1477 3810 1762 3865 veritatem
1797 3809 2095 3878 unusquis-

531 3916 639 3968 que
686 3917 809 3956 cum
841 3902 1092 3971 proximo
1136 3919 1258 3966 suo,
1293 3902 1510 3971 1128
1541 3910 1596 3955 et
1619 3899 1892 3971 judicium
1943 3898 2096 3969 paci-

533 3989 695 4044 ﬁcum
719 3989 963 4059 judicate
984 3992 1084 4045 ⁵⁸.»
1107 3991 1262 4045 Alius
1292 4007 1306 4044 :
1338 4009 1355 4042 ι
1395 3990 1564 4044 Labia
1599 3989 1816 4044 veracia
1850 3982 2099 4058 dirigunt

533 4083 930 4148 testimonium,
965 4084 1057 4153 qui
1082 4091 1264 4137 autem
1293 4096 1622 4137 conservare
1651 4081 1838 4135 volunt
1883 4095 2096 4150 pacem,

531 4171 862 4226 lmtabuntur
889 4173 956 4228 ".
989 4193 1006 4224 ι
1028 4172 1232 4227 lterum
1268 4190 1314 4225 ε(
1346 4171 1645 4228 Veritatem
1680 4169 1918 4240 posside,
1945 4177 2002 4224 et
2031 4185 2098 4226 ne

533 4264 798 4333 ahjeceris
849 4265 1168 4334 sapientiam
1201 4271 1364 4332 atque
1421 4262 1816 4332 disciplinam;
1862 4260 1990 4329 quia
2037 4276 2100 4316 os

533 4371 696 4409 verax
730 4354 1047 4425 implebitur
1075 4354 1186 4407 risu
1215 4354 1282 4417 ⁵⁸,
1319 4373 1337 4404 ι
1378 4353 1482 4407 hoc
1509 4361 1592 4408 est
1642 4351 1860 4423 gaudio.
1887 4351 2056 4406 David
2082 4370 2096 4406 :

541 4467 558 4494 α
589 4447 836 4509 Domine,
861 4447 985 4516 quis
1014 4445 1280 4500 habitabit
1305 4445 1358 4498 in
1409 4444 1764 4499 tabernaculo
1815 4452 1930 4508 tuo,
1995 4453 2092 4498 aut

533 4538 656 4606 quis
681 4538 990 4606 requiescet
1026 4535 1081 4590 in
1133 4543 1318 4590 monte
1346 4543 1535 4589 sancto
1564 4543 1656 4588 tuo
1683 4534 1768 4588 ὀἳ
1798 4554 1817 4585 ι
1879 4533 2050 4588 Infert
2082 4551 2095 4586 :

541 4649 560 4680 ι
596 4631 696 4698 Qui
729 4629 1038 4700 ingreditur
1061 4629 1180 4684 sine
1212 4629 1423 4684 macula
1453 4626 2095 4696 etoperaturjustitiam,

533 4721 628 4792 qui
659 4721 902 4790 loquitur
928 4719 1216 4775 veritatem
1241 4718 1293 4773 in
1323 4718 1490 4773 corde
1525 4733 1624 4772 suo
1650 4718 1718 4780 ‘°,
1754 4736 1772 4768 ι
1837 4717 1941 4772 hoc
1993 4727 2098 4779 est,

535 4811 721 4867 corde.
746 4809 1081 4880 Principium
1120 4823 1434 4864 sermonum
1460 4817 1676 4863 tuorum
1705 4807 1930 4864 veritas.
1963 4815 2018 4862 et
2047 4807 2100 4860 in

535 4903 719 4959 nuntia
740 4903 936 4957 s:ecula
953 4901 1403 4972 judiciajustitite
1430 4908 1554 4954 tuae.
1586 4899 1806 4954 Etenim
1830 4917 1842 4952 :
1880 4919 1896 4951 ι
1923 4899 2100 4969 Opera

535 5011 798 5050 manuum
864 5003 1079 5048 tuarum
1126 4991 1332 5048 veritas
1363 5003 1420 5048 et
1476 4991 1746 5064 judicium
1793 4993 1856 5046 ⁶¹.
1897 5011 1914 5043 ι
1969 4991 2035 5046 Ει
2085 5008 2099 5044 :

545 5109 560 5138 ι
595 5085 964 5143 Misericordia
978 5085 1248 5142 etveritas
1265 5084 1786 5155 praecedentfaciem
1817 5093 1965 5139 tuam
1979 5084 2045 5136 ".
2077 5103 2094 5133 ι

538 5180 768 5250 l'ropter
792 5179 896 5234 hoc
933 5195 944 5230 :
975 5195 994 5230 ι
1022 5175 1249 5233 Intende
1273 5191 1556 5247 prospere,
1621 5174 1881 5246 procede,
1923 5181 1978 5229 et
2017 5189 2102 5228 re-

537 5286 642 5342 gna
664 5281 887 5342 propter
923 5271 1209 5326 veritatem
1240 5279 1297 5324 et
1333 5268 1812 5326 mansuetudinem
1851 5275 1907 5322 et
1939 5266 2106 5338 justi-

541 5364 776 5419 tiam“.i
804 5364 862 5418 lu
890 5378 988 5418 ore
1071 5361 1218 5417 enim
1242 5362 1598 5418 inimicorum
1635 5373 1883 5417 meorum
1935 5377 1954 5409 ι
1992 5374 2102 5413 non

611 5541 655 5572 ι’
703 5543 840 5593 Psal.
883 5559 1061 5597 cvvul.
1102 5543 1189 5596 45.
1265 5543 1310 5572 ⁸⁸
1346 5540 1510 5594 Zach.
1535 5555 1648 5600 vni,
1678 5539 1760 5592 16.
1837 5537 1880 5567 ⁸⁷
1911 5537 2068 5590 Prov.
2105 5549 2199 5592 xu,
2235 5532 2322 5585 ‘30.
2405 5534 2448 5564 "
2495 5533 2654 5586 Prov.
2697 5547 2768 5596 iv,

669 5612 706 5640 "
760 5612 896 5660 Psal.
927 5628 1010 5660 ιτ.
1039 5613 1090 5660 7.
1169 5613 1211 5642 θ’
1270 5612 1412 5660 Psal.
1450 5625 1698 5660 Lxxxvm.
1739 5608 1817 5660 l3.
1895 5606 1940 5636 ⁸³
1969 5605 2109 5660 Psal.
2142 5619 2280 5660 xuv.
2311 5603 2364 5656 5.

539 5609 596 5661 '5.
669 5612 706 5640 "
760 5612 896 5664 Psal.
927 5628 1010 5671 ex.
1039 5613 1090 5664 7.
1169 5613 1211 5642 θ’
1270 5612 1412 5665 Psal.
1450 5625 1698 5674 Lxxxvtrl,
1739 5608 1817 5662 l3.

2196 3358 2226 3410 6
2253 3355 2362 3428 γὰρ
2401 3355 2584 3426 πατὴρ
2613 3353 2706 3407 τοῦ
2747 3354 2994 3424 ψεύδους,
3020 3357 3050 3408 6
3076 3355 3321 3420 διάϐολός
3357 3357 3559 3426 ἐστιν),
3599 3357 3776 3421 οὕτως

2197 3445 2291 3499 καὶ
2310 3447 2338 3499 6
2366 3445 2543 3498 λαλῶν
2571 3445 2668 3518 τὴν
2694 3444 2952 3516 ἀλήθειαν
3005 3445 3298 3514 ἁγιάζεται
3323 3446 3424 3518 τὴν
3445 3447 3651 3518 ψυχὴν,
3681 3453 3776 3501 καὶ

2195 3536 2256 3588 τὸ
2285 3537 2462 3606 σῶμα,
2497 3536 2595 3590 καὶ
2639 3537 2818 3591 πάντα
2854 3536 2925 3589 τὰ
2969 3538 3142 3608 μέλη·
3207 3539 3240 3608 ή
3295 3538 3406 3608 γὰρ
3465 3538 3699 3606 ἀλήθεια
3744 3539 3772 3591 6

2198 3626 2432 3698 Χριστός
2461 3629 2628 3682 ἐστιν.
2659 3626 2945 3682 Νουθετῶν
2977 3628 3036 3682 δέ
3082 3629 3176 3682 καὶ
3216 3630 3245 3682 6
3272 3631 3564 3699 προφήτης
3593 3632 3775 3700 Ζαχα-

2199 3717 2320 3788 ρίας
2349 3717 2440 3770 τὸν
2472 3719 2707 3789 ἀνήκοον
2756 3719 2906 3784 λαδν,
2951 3719 3116 3788 φησὶν
3155 3718 3292 3790 πρὸς
3338 3719 3564 3785 αὐτοὺς,
3617 3739 3634 3768 ι
3667 3723 3780 3774 Λα-

2196 3811 2340 3865 λεῖτε
2383 3813 2642 3883 ἀλήθειαν
2693 3814 2924 3876 ἕκαστος
2973 3813 3110 3884 πρὸς
3161 3814 3250 3867 τὸν
3301 3813 3532 3883 πλησίον
3582 3815 3773 3878 αὐτοῦ,

2197 3906 2292 3958 καὶ⁸
2322 3907 2495 3976 κρῖμα
2521 3907 2796 3976 εἰρηνικὸν
2841 3907 3088 3977 κρίνατε.
3119 3925 3139 3958 ο
3178 3907 3288 3960 Καὶ
3315 3905 3496 3970 ἀλλος,
3551 3925 3568 3957 ι
3605 3906 3774 3975 Keilii;

2197 3995 2426 4058 ἀληθινά
2453 3996 2711 4068 κατορθοῖ
2733 3995 3061 4068 μαρτυρίαν.
3091 3997 3156 4049 Οἱ
3184 3995 3240 4050 δέ
3269 3995 3592 4067 βουλόμενοι
3620 3998 3776 4066 εἰρη-

2199 4085 2408 4149 νεύειν,
2443 4083 2932 4155 εὐφρανθήσονται.
2974 4104 2992 4136 ι
3031 4084 3142 4136 Καὶ
3171 4082 3369 4148 πάλιν,
3427 4101 3445 4135 ι
3488 4081 3777 4153 Ἀλήθειαν

2199 4175 2422 4245 κτῆσαι,
2453 4175 2548 4230 καὶ
2598 4175 2672 4246 μὴ
2725 4174 2923 4249 ἀπώσῃ
2971 4176 3164 4244 σοφίαν
3222 4175 3314 4227 καὶ
3370 4174 3653 4228 παιδείαν⁸
3689 4175 3771 4228 ὅτι

2201 4268 2378 4336 στόμα
2425 4265 2704 4334 ἀληθινοῦ,
2748 4265 3200 4336 ἐμπλησθήσεται
3261 4263 3514 4333 γέλωτος,
3549 4283 3570 4316 ι
3609 4282 3771 4317 τουτ-

2202 4359 2368 4425 έστιν,
2391 4360 2584 4429 χαρᾶς.
2627 4358 2686 4411 '0
2727 4357 2784 4411 δὲ
2818 4356 3000 4422 Δαυῒδ,
3043 4376 3061 4408 ι
3099 4357 3293 4426 Κύριε,
3320 4356 3404 4419 τίς
3439 4356 3785 4426 παροικήσει-

2205 4452 2260 4502 ἐν
2289 4450 2367 4521 τῷ
2402 4449 2722 4520 σκηνώματί
2751 4465 2878 4513 σονς
2917 4449 2952 4520 ἢ
2996 4447 3082 4510 τίς
3115 4446 3532 4516 κατασκηνώσει
3569 4446 3631 4498 ἐν
3656 4445 3773 4516 δρει

2205 4542 2344 4612 ἀγίῳ
2383 4557 2516 4606 σου;
2549 4559 2568 4591 ι
2602 4540 2713 4593 Καὶ
2760 4541 3030 4610 ἐπιφέρει,
3068 4557 3086 4590 ι
3117 4538 3490 4610 Πορευὸμενος
3515 4537 3772 4606 ἄμωμος,

2208 4633 2300 4687 καὶ
2331 4631 2696 4702 ἐργαζόμενος
2751 4631 3124 4701 δικαιοσύνην,
3181 4629 3358 4682 λαλῶν
3409 4627 3674 4698 ἀλήθειαν
3720 4631 3778 4679 ἐν

2205 4723 2403 4794 καρδία
2453 4721 2640 4787 αὐτοῦ,
2671 4741 2690 4773 ο
2723 4721 3027 4787 τουτέστιν,
3053 4706 3161 4774 ἆπὺ
3189 4718 3433 4789 καρδίας.
3467 4719 3638 4788 Ἀρχὴ
3665 4721 3778 4788 γὰρ

2203 4814 2312 4868 τῶν
2343 4813 2514 4880 λόγων
2550 4830 2643 4866 σου
2695 4811 2944 4881 ἀλήθεια,
2981 4811 3075 4864 καὶ
3127 4813 3210 4873 είς
3251 4808 3340 4863 τὸν
3378 4808 3552 4862 αἰῶνα
3597 4810 3780 4862 πάντα

2205 4905 2274 4959 τὰ
2317 4905 2559 4975 κρίματα
2595 4905 2694 4974 τῆς
2743 4901 3089 4972 δικαιοσύνης
3141 4917 3259 4956 σου.
3315 4900 3424 4956 Καὶ
3467 4899 3601 4970 γὰρ,
3641 4919 3660 4946 σ
3697 4900 3778 4952 τε

2204 4995 2341 5065 ἔργα
2387 4993 2498 5048 τῶν
2540 4994 2742 5064 χειρῶν
2775 5011 2868 5048 σου
2913 4992 3162 5064 ἀληθινὰ,
3199 4990 3294 5044 καὶ
3340 4990 3574 5061 κρίσεις.
3610 5008 3630 5040 ι
3665 4989 3778 5043 Καὶ

2210 5107 2228 5138 ι
2270 5087 2458 5147 ἰζ’-εος
2517 5085 2613 5137 καὶ
2679 5083 2903 5154 ἀλήθεια
2975 5081 3412 5155 προπορεύσεται
3455 5080 3566 5151 πρὸ
3611 5097 3778 5148 προσ.

2205 5176 2352 5228 ώπου
2377 5193 2490 5228 σου.
2527 5195 2545 5227 ι
2575 5175 2686 5227 Καὶ
2711 5173 2800 5227 διὰ
2826 5173 2984 5227 τοῦτο
3011 5191 3028 5224 ι
3045 5173 3316 5224 Ἔντεινον
3343 5171 3436 5224 καὶ
3459 5169 3773 5228 κατευοδοῦ,

2205 5266 2300 5318 καὶ
2334 5263 2606 5334 βασίλευε,
2636 5263 2824 5315 ἐνεκεν
2855 5260 3133 5330 ἀληθείας,
3171 5259 3268 5313 καὶ
3312 5259 3643 5328 πραότητος,
3684 5258 3776 5309 καὶ

2205 5355 2570 5424 δικαιοσύνης.
2606 5355 2732 5408 »Ἐν
2754 5353 2833 5425 τῷ
2865 5353 3093 5423 στόματι
3236 5351 3344 5420 γὰρ
3394 5348 3504 5403 τῶν
3569 5347 3772 5418 ἐχθρῶν

2920 5529 2964 5559 ³⁸
3005 5527 3147 5581 l‘sal.
3186 5540 3293 5588 τιν,
3332 5524 3380 5579 ι.
3482 5524 3529 5553 ⁸*
3557 5523 3694 5576 Ibid.
3719 5523 3769 5584 εὶ,
