4030 6296
278 311 416 375 1029

1188 310 1515 370 HOMILIA
1556 308 1878 369 LXVII.-
1914 305 2010 365 DE
2047 305 2599 366 CORREPTIONE.

3375 291 3512 357 1639

269 445 373 496 μου
408 444 427 476 ι
457 425 556 476 οὐκ
605 421 749 475 ἐστιν
783 422 1030 494 ἀλήθεια,
1074 424 1156 477 ὃτι
1202 425 1235 493 η
1273 423 1471 492 καρδία
1511 422 1690 476 αὐτῶν
1734 438 1838 488 μα⁹

1964 429 2029 473 εει
2067 418 2289 480 veritas,
2319 417 2448 485 quia
2489 431 2585 470 cor
2611 428 2806 470 eorum
2825 425 3025 466 vanum
3048 418 3131 464 εει
3161 426 3172 461 :
3197 407 3510 477 sepulcrum

263 515 427 569 ταίαο
493 514 587 565 καὶ
639 511 810 580 τάφος
869 512 1212 581 ἀνεῳγμένος
1282 512 1311 563 6
1367 509 1575 581 λάρυγξ
1623 508 1838 561 αὑτῶ-θ’

265 608 384 667 ταῖς
415 601 689 671 γλώσσαις
732 602 913 655 αὐτῶν
955 599 1268 654 ἐδολιοῦσαν
1296 617 1309 630 ·
1347 600 1433 653 διὰ
1462 599 1621 652 τοῦτο
1660 599 1843 666 κρῖνον

270 696 491 757 αὐτοὺς,
520 699 549 749 6
576 695 730 756 Θεός.
760 712 779 744 ι
814 692 982 761 Φησὶν
1007 692 1063 745 δὲ
1092 692 1186 745 καὶ
1217 692 1247 743 6
1278 690 1531 758 ἀληθινὸς
1555 688 1698 752 Ἰὼϐ,
1735 708 1753 739 ι
1782 690 1842 739 Et

268 790 327 842 δὲ
358 790 453 842 καὶ
482 788 804 858 ἐψευσάμην
836 786 1057 854 ῥήματα
1086 784 1243 852 ἁγίου
1272 781 1406 835 Θεοῦ
1458 798 1579 852 μου.
1618 800 1636 832 ι
1685 780 1791 832 Καὶ
1818 780 1845 831 6

274 878 722 950 Παροιμιαστὴς,
764 893 784 927 ι
821 874 1112 945 Κρείσσων
1140 873 1355 942 πτωχὸς
1385 874 1443 924 ὲν
1476 869 1706 940 ἀληθείᾳ.
1744 884 1845 920 1:0-

273 971 569 1041 ρευόμενος
626 967 878 1022 πλουσίου
910 965 1164 1035 ψεύστου.
1205 985 1223 1016 ι
1276 965 1456 1016 Ποιεῖν
1503 961 1612 1032 γάρ
1640 960 1845 1022 δίκαια,

273 1060 370 1111 καὶ
391 1055 700 1125 ἀληθεύειν,
732 1056 938 1125 ἀρεστά
972 1053 1126 1125 παρά
1156 1053 1235 1122 τῷ
1271 1052 1390 1123 Θεῷ
1428 1051 1649 1122 μᾶλλον,
1682 1049 1715 1119 ἦ
1757 1047 1850 1101 θυ-

276 1151 408 1203 σιῶν
422 1146 579 1218 αἷμα.
600 1145 895 1213 Καὶαῦθις,
929 1165 948 1198 ι
975 1146 1456 1215 Ἀνοίγων,φησὶν,
1487 1144 1596 1197 ἀπὸ
1627 1142 1848 1213 χειλέων

274 1242 435 1313 ὀρθὰ,
478 1242 561 1295 ὅτι
595 1240 845 1311 ἀλήθειαν
892 1239 1177 1310 μελετήσει
1220 1238 1248 1289 6
1286 1236 1493 1307 λάρυγξ
1526 1251 1625 1303 μου
1653 1251 1666 1265 ·
1700 1232 1850 1285 ἐϐδε-

273 1335 520 1405 λυγμένα
544 1334 602 1387 δὲ
644 1332 877 1386 ἐνώπιόν
911 1348 1015 1399 μου
1046 1328 1195 1400 χείλη
1221 1328 1410 1397 ψευδῆ.
1447 1345 1467 1377 ι
1490 1326 1549 1378 '0
1590 1325 1647 1377 δὲ
1691 1323 1853 1376 Ἀπό-

278 1418 464 1489 στολος
484 1442 499 1458 ο
527 1444 547 1476 ι
567 1424 925 1493 ’Δποθέμενοι
945 1421 1038 1475 οῦν
1060 1420 1120 1474 τὸ
1141 1419 1334 1488 ψεῦδος
1360 1416 1569 1470 λαλεῖτε
1591 1413 1852 1484 ἀλήθειαν

276 1517 508 1579 ἕκαστος
535 1515 671 1585 μετά
696 1512 791 1566 τοῦ
821 1512 1048 1582 πλησίον
1087 1508 1273 1573 αὐτοῦ,
1303 1509 1385 1560 ὃτι
1415 1505 1581 1575 ἐσμὲν
1611 1503 1854 1572 ἀλλήλων

282 1604 444 1674 μέλη.
475 1623 492 1654 δ
531 1603 660 1668 Καὶ,
698 1620 716 1652 ι
756 1603 845 1655 Ἐν
873 1601 1061 1670 ἀγάπῃ
1090 1597 1462 1666 ἀνυποκρίτῳ,
1493 1594 1592 1648 καὶ
1618 1597 1675 1647 ὲν
1711 1591 1855 1661 λόγῳ

276 1694 559 1765 ἀληθείας.
596 1712 613 1745 ι
662 1693 721 1746 '0
752 1692 811 1745 δὲ
854 1689 1130 1759 Ἰωάννης,
1161 1708 1181 1741 ι
1210 1687 1466 1756 Οτδαμεν,
1502 1685 1687 1755 φησὶν,
1718 1684 1800 1737 ὅτι
1827 1682 1855 1734 6

283 1759 413 1847 Yi6c
441 1784 534 1837 τοῦ
566 1781 705 1836 Θεοῦ
750 1782 897 1851 ἥκει,
937 1776 1033 1834 καὶ
1058 1780 1258 1833 ἔδωκεν
1288 1779 1421 1848 ἡμῖν
1466 1775 1725 1841 διάνοιαν,
1767 1773 1855 1827 ἵνα
1887 1759 1924 1811 Β

276 1876 638 1945 γινώσκωμεν
670 1875 762 1928 τὸν
809 1872 1067 1944 ἀληθινὸν
1111 1872 1268 1924 Θεόν.
1297 1872 1404 1925 Καὶ
1450 1869 1618 1939 ἐσμὲν
1666 1867 1725 1921 ὲν
1775 1864 1855 1938 τῷ

277 1967 520 2039 ἀληθινῷ
530 1966 645 2038 Υἰῷ
663 1964 828 2019 αὐτοῦ
850 1964 1028 2036 Ἰησοῦ
1050 1962 1291 2035 Χριστῷ,
1314 1962 1373 2024 ὃς
1393 1962 1539 2012 ἐστιν
1554 1960 1581 2011 ὁ
1605 1956 1855 2027 ἀληθινὸς

278 2056 434 2119 Θεὸς,
471 2055 566 2109 καὶ⁹
597 2057 631 2123 ἠ
659 2054 772 2124 ζωὴ
795 2057 828 2124 ἡ
860 2053 1099 2116 αἰώνιος.
1140 2052 1199 2108 ’0
1228 2051 1340 2119 γὰρ
1365 2049 1544 2102 λαλῶν
1576 2046 1853 2118 ἀλήθειαν,

280 2151 342 2202 ὲν
379 2148 458 2220 τῷ
488 2146 606 2225 Θεῷ
641 2147 812 2217 μένει.
846 2164 866 2196 ι
897 2143 1017 2215 Χρὴ
1045 2138 1140 2196 οὖν
1173 2143 1354 2194 πᾶσαν
1394 2138 1650 2208 ἀλήθειαν
1676 2139 1741 2189 ὲκ
1761 2133 1855 2190 τοῦ

285 2241 554 2310 στόματος
573 2238 667 2292 τοῦ
682 2234 970 2308 ἀνθ’ρώπου
995 2232 1411 2304 ἐκπορεύεσθαι,
1429 2231 1517 2285 ἵνα
1536 2230 1597 2283 :6
1617 2228 1855 2297 πνεῦμα,

279 2331 311 2385 6
359 2333 388 2385 6
428 2331 560 2394 Θεὸς
611 2328 915 2399 κατῴκισεν
965 2329 1022 2381 ὲν
1084 2327 1150 2396 τῇ
1203 2324 1370 2394 σαρκὶ
1420 2320 1616 2395 ταύτῃ,
1660 2320 1858 2390 ἀληθὲς

282 2421 483 2490 εὑρεθῇ
524 2421 677 2491 παρά
708 2421 877 2473 πᾶσιν
917 2415 1248 2488 ἀνθρώποις,
1290 2414 1388 2468 καὶ
1418 2412 1592 2476 οὕτως
1628 2410 1856 2483 δοξασθῇ

282 2515 312 2567 6
350 2512 555 2582 Κύριος
588 2513 617 2566 6
654 2512 713 2564 ὲν
740 2508 817 2582 τῷ
844 2507 1117 2578 ἀνθρώπῳ
1150 2503 1442 2568 κατοικῶν,
1482 2503 1564 2556 ὅτι
1597 2503 1626 2556 6
1657 2500 1860 2573 Κύριος

284 2602 537 2670 ἀληθινὸς
593 2602 651 2654 ὲν
704 2601 867 2654 πανιιῇ¹
902 2600 1131 2670 ῥήματι,
1175 2595 1272 2649 καὶ
1321 2592 1475 2647 οὐδὲν
1532 2592 1664 2662 παρ’
1710 2589 1861 2661 αὐτῷ

282 2693 499 2763 ψεῦδος.
553 2693 617 2747 Oi
654 2687 749 2745 οὖν
781 2690 1126 2761 ψευδόμενοι,
1183 2684 1437 2741 ἀθετοῦσι
1507 2684 1599 2736 τὸν
1633 2681 1859 2751 Κύριον,

288 2784 385 2836 καὶ
409 2782 649 2851 γίνονται
672 2779 1044 2850 ἀποστερηταὶ
1058 2775 1152 2830 τοῦ
1170 2773 1398 2844 Κυρίου,
1431 2771 1505 2843 μὴ
1524 2769 1863 2831 ἀποδιδόντες

289 2875 440 2948 αὐτῷ
465 2875 565 2946 τὴν
592 2872 920 2945 παραθήκην
944 2871 1011 2943 ἢν
1037 2866 1229 2923 ἔλαϐον
1253 2883 1267 2897 ο
1292 2864 1484 2920 ἐλαδον
1506 2862 1615 2934 γὰρ
1650 2860 1866 2931 πνεῦμα

290 2966 580 3035 ἄψευστον.
602 2963 772 3018 Τοῦτο
795 2964 892 3017 ὲάν
905 2962 1101 3033 ψευδὲς
1120 2958 1494 3022 ἀποδώσωσιν,
1516 2954 1747 3025 ἐμίαναν
1766 2951 1864 3023 τὴν

289 3057 386 3110 τοῦ
419 3056 554 3110 Θεοῦ
587 3054 937 3127 παραθήκην,
972 3055 1069 3106 καὶ
1099 3053 1346 3121 ἐγένοντο
1370 3046 1763 3118 ἁποστερηταί.
1807 3044 1866 3098 '0

1943 515 2138 576 patens
2163 514 2351 577 guttur
2371 521 2587 572 eorum,
2620 504 2823 575 linguis
2854 502 2971 557 suis
2992 501 3178 556 dolose
3201 506 3454 569 egerunt,
3487 518 3504 547 ο

1943 605 2175 668 propter
2199 599 2303 652 hoc
2333 617 2350 648 ι
2383 596 2569 668 judiea
2601 596 2745 661 illos,
2783 595 2928 650 Deus
2950 594 3047 647 ⁸⁸.»
3081 590 3185 646 Sed
3223 595 3279 644 et
3304 587 3509 642 veridi-

1944 705 2044 745 cus
2073 688 2176 745 Job
2206 706 2220 742 :
2250 708 2268 739 ι
2295 688 2417 742 Νοη
2445 688 2595 742 enim
2631 683 2773 741 elusi
2798 684 2965 738 verba
2987 681 3161 736 sancti
3188 680 3282 733 Dei
3319 677 3447 731 mei.
3487 696 3509 727 ι

1944 783 2330 838 Parmmiastes
2352 797 2371 833 :
2409 798 2428 831 ι
2466 778 2659 833 Melior
2706 782 2791 831 est
2817 789 3021 845 panper
3049 772 3103 826 in
3133 772 3364 826 veritate
3399 781 3514 821 am-

1947 875 2144 930 bulans
2171 873 2341 928 divite
2376 870 2637 925 mendace
2662 870 2729 924 ⁸⁸.
2765 888 2783 920 ι
2821 868 3023 923 Facere
3048 864 3196 920 enim
3228 863 3516 933 qumjusta

1947 975 2093 1030 sunt,
2125 974 2180 1020 et
2209 964 2361 1034 eloqui
2402 963 2713 1024 veritatem,
2763 966 2988 1027 accepta
3017 965 3146 1011 sunt
3195 955 3307 1008 Deo
3339 953 3516 1021 magis

1946 1073 2110 1127 quam
2138 1057 2358 1126 sanguis
2383 1054 2757 1107 victimarum.
2793 1050 3011 1103 Rursus
3043 1063 3057 1098 :
3108 1064 3124 1097 ι
3155 1042 3422 1113 Aperiens
3483 1056 3514 1095 e

1949 1148 2114 1203 labiis
2173 1155 2342 1207 recta,
2399 1143 2527 1214 quia
2584 1144 2876 1197 veritatem
2935 1135 3294 1193 meditabitur
3328 1140 3516 1202 guttur

1953 1254 2156 1302 meum,
2180 1235 2540 1291 exsecrabilia
2574 1241 2757 1288 autem
2798 1232 2852 1285 in
2886 1236 3182 1298 conspectu
3224 1241 3346 1280 meo
3371 1224 3515 1278 labia

1952 1329 2233 1385 mendacia
2264 1328 2332 1381 “.
2369 1347 2387 1378 ι
2432 1327 2567 1380 ltem
2598 1323 2892 1393 Apostolus
2927 1339 2942 1373 :
2986 1338 3004 1370 ι
3040 1320 3387 1388 Deponentes
3412 1312 3516 1383 igi-

1953 1429 2044 1474 tur
2076 1417 2420 1473 mendacium
2462 1413 2752 1484 loquimini
2796 1411 3081 1465 veritatem
3138 1404 3518 1474 unusquisque

1953 1528 2076 1567 cum
2100 1510 2350 1580 proximo
2378 1522 2498 1567 suo,
2517 1506 2642 1575 quia
2658 1517 2847 1558 sumus
2880 1501 3110 1555 invicem
3139 1495 3381 1551 membra
3400 1492 3466 1545 ⁸⁷.
3492 1511 3511 1542 ι

1954 1603 2059 1657 Et:
2100 1621 2118 1651 ι
2154 1600 2213 1655 In
2233 1598 2502 1654 charitate
2529 1612 2636 1651 non
2666 1595 2810 1658 ﬁcta,
2840 1595 2895 1646 in
2921 1591 3091 1646 verbo
3109 1585 3362 1642 veritatis
3392 1582 3459 1636 “.
3496 1603 3520 1634 ι·

1954 1692 2192 1746 Joannes
2221 1703 2441 1757 quoque
2475 1704 2488 1740 :
2532 1705 2551 1737 ι
2594 1683 2813 1739 Scimus
2843 1681 2969 1751 quia
3005 1679 3177 1734 Filius
3211 1675 3305 1731 Dei
3373 1672 3521 1728 venit

1954 1789 2011 1836 et
2043 1779 2198 1834 dedit
2250 1777 2411 1833 nobis
2468 1789 2710 1835 sensum,
2767 1781 2827 1825 ut
2874 1782 3272 1841 cognoscamus
3328 1780 3521 1819 verum

1955 1872 2148 1935 Deum,
2185 1878 2242 1924 et
2284 1868 2456 1922 simus
2485 1866 2539 1919 in
2589 1880 2721 1918 vero
2758 1845 2896 1917 Filio
2929 1863 3048 1931 ejus
3075 1859 3203 1914 Jesu
3249 1855 3471 1911 Christo
3505 1872 3519 1905 :

1956 1961 2049 2016 hic
2073 1969 2162 2015 est
2187 1973 2353 2014 verus
2372 1958 2538 2019 Deus,
2565 1965 2621 2009 et
2648 1954 2761 2008 vita
2789 1960 2994 2007 interna
3024 1952 3068 1982 δί’
3099 1967 3114 2002 :
3143 1947 3237 2017 qui
3260 1946 3406 2000 enim
3431 1961 3524 1998 ve-

1958 2054 2188 2114 ritatem,
2207 2050 2477 2120 loquitur,
2510 2048 2565 2101 in
2600 2048 2712 2100 Deo
2738 2053 2923 2099 manet
2949 2043 3017 2096 ⁷ο.
3049 2061 3068 2093 ι
3099 2041 3333 2095 Necesse
3356 2037 3524 2106 igitur

1957 2144 2049 2206 sit,
2071 2158 2138 2197 ex
2175 2141 2414 2196 hominis
2454 2154 2550 2194 ore
2577 2139 2787 2192 nullum
2840 2133 3049 2190 ell'undi
3093 2146 3402 2187 sermonem
3430 2128 3525 2197 qui

1956 2248 2069 2287 non
2086 2232 2318 2285 veritate
2347 2228 2661 2285 omnimoda
2689 2226 2920 2288 nitatur,
2956 2234 3017 2277 ut
3039 2221 3278 2291 Spiritus
3308 2219 3400 2273 ille
3424 2234 3522 2270 ve-

1961 2323 2138 2378 ritatis
2160 2322 2255 2391 qui
2283 2321 2427 2375 idem
2447 2321 2594 2374 Deus
2619 2330 2722 2381 est,
2755 2315 3095 2384 intelligatur
3119 2312 3175 2365 in
3206 2310 3310 2364 hac
3334 2309 3527 2362 etiam-

1959 2428 2089 2467 num
2124 2426 2292 2466 carne
2320 2410 2423 2465 sibi
2446 2407 2711 2478 delegisse
2756 2403 3097 2460 domicilium
3133 2418 3146 2454 :
3178 2399 3271 2469 qui
3300 2414 3398 2468 per
3426 2397 3529 2450 hoc

1958 2503 2103 2574 apud
2123 2517 2285 2557 omne
2312 2501 2597 2555 hominum
2630 2513 2804 2568 genus
2829 2494 3169 2563 comperitur
3197 2489 3482 2544 veridicus
3511 2503 3524 2537 :

1959 2604 2123 2666 atque
2153 2596 2229 2650 ita
2253 2594 2474 2648 demum
2499 2588 2900 2661 gloriﬁcabitur
2924 2584 3190 2640 Dominus
3217 2580 3531 2635 inhabitans

1960 2688 2259 2743 hominem.
2289 2686 2350 2740 In
2382 2668 2530 2738 omni
2565 2682 2737 2737 verbo
2776 2695 2944 2734 verax
2998 2685 3084 2732 est
3114 2673 3396 2730 Dominus.
3427 2682 3531 2723 nec

1963 2779 2134 2834 ullum
2165 2775 2339 2846 possit
2371 2773 2428 2827 in
2468 2772 2588 2841 ipso
2641 2766 2984 2838 deprehendi
3042 2762 3316 2819 mendacii
3359 2759 3535 2814 vesti-

1963 2870 2132 2942 gium.
2163 2866 2446 2936 Quotquot
2505 2862 2671 2932 igitur
2698 2868 2874 2915 semet
2911 2855 3171 2911 irretiunt
3211 2849 3533 2907 mendacio-

1965 2976 2087 3016 rum
2112 2956 2395 3019 funiculis,
2429 2954 2769 3009 frustrantur
2832 2957 2888 3004 et
2925 2948 3161 3003 eludunt
3212 2943 3532 3001 Dominum.

1969 3052 2217 3120 ﬁuntque
2249 3046 2536 3118 prazdones
2563 3040 2801 3105 Domini,
2832 3041 2962 3095 dum
2994 3038 3047 3092 id
3081 3035 3230 3107 quod
3275 3034 3445 3104 penes
3477 3047 3537 3085 se

292 3148 401 3217 γὰρ
434 3145 723 3215 φυλάττων
766 3145 864 3217 τὴν
910 3144 1200 3216 ἀλήθειαν,
1238 3141 1461 3196 δύναται
1503 3138 1685 3209 ἑαυτῷ
1721 3137 1863 3209 ζωὴν

1969 3141 2280 3212 depositum
2308 3146 2412 3201 est,
2449 3151 2558 3190 non
2617 3132 2858 3187 reddunt
2889 3128 3164 3184 incolume
3209 3132 3266 3179 et
3317 3137 3535 3178 sanum.

297 3239 760 3311 περιποιήσασθαι
780 3255 795 3271 ο
829 3238 1158 3308 φυλάττεται
1183 3237 1291 3306 γὰρ
1320 3234 1425 3287 ὑπὸ
1460 3233 1559 3298 τῆς
1587 3230 1865 3301 ἀληθείας.

297 3332 536 3396 Εἰκότως
589 3326 684 3385 οὖν
735 3331 876 3385 κατά
922 3329 1097 3396 τάξιν,
1146 3328 1294 3396 τίμιε
1347 3326 1523 3396 πάτερ
1578 3320 1865 3387 Εὑστάϐιε,

293 3428 427 3496 ὑμῖν
458 3424 804 3495 ἀνεθήκαμεν
825 3424 917 3478 τὸν
945 3423 1075 3493 περί⁵
1115 3421 1216 3491 τῆς
1258 3417 1516 3488 ἀληθείας
1542 3415 1720 3482 λόγον.
1755 3410 1872 3466 ’Δεὶ

295 3519 407 3589 γὰρ
437 3517 529 3572 τὸν
561 3515 794 3587 Χριστὸν
838 3513 1206 3583 ἐνδεδυμένος,
1247 3512 1305 3564 ὲν
1343 3506 1491 3578 αὐτῷ
1527 3506 1626 3576 ζῇς
1660 3503 1756 3558 καὶ
1786 3520 1871 3555 κι-

295 3611 485 3679 νῆσαι,
499 3608 593 3661 καὶ
613 3600 664 3661 εἷ
678 3605 753 3669 ὼς
775 3604 1031 3676 ἀληθινὸς
1052 3603 1148 3659 ἀνθ
1158 3617 1360 3673 ρωπος,
1386 3598 1482 3651 καὶ
1500 3597 1598 3667 τῆς
1615 3593 1871 3665 ἀληθείας

296 3701 537 3770 ἐραστὴς
578 3698 971 3771 μανικώτατος.
1002 3695 1139 3768 [Νῦν
1167 3693 1277 3763 γάρ
1315 3689 1536 3762 θαρρεῖν
1569 3706 1658 3759 μοι
1690 3703 1870 3757 παρα-

298 3792 580 3845 κελεύεται
606 3790 779 3844 ταῦτα
822 3788 954 3859 περὶ
984 3786 1078 3841 σοῦ
1123 3781 1507 3853 ἀποφήνασθαι
1537 3784 1566 3834 6
1593 3776 1763 3832 εἰπὼν
1794 3775 1873 3847 τῷ

297 3881 525 3951 9ωμᾷ,‹
547 3876 687 3946 Ἐγώ
709 3880 824 3946 ειμι
856 3878 889 3946 ἠ
917 3876 1054 3939 ὁδὸς.
1083 3873 1179 3928 καὶ
1218 3874 1252 3932 ἠ
1288 3872 1532 3941 ἀλήθεια,
1568 3864 1837 3937 καὶήζωή
1858 3879 1873 3896 ο

299 3972 399 4025 καὶ
416 3970 590 4033 οὐδεὶς
615 3969 830 4039 ἔρχεται
856 3969 994 4038 πρὸς
1017 3967 1108 4019 τὸν
1122 3964 1420 4032 Πατέρα,εί
1452 3960 1526 4031 μὴ
1552 3959 1619 4013 δι’
1646 3959 1799 4030 ἐμοῦ.
1819 3955 1869 4028 ι]

300 4058 461 4129 Αὐτῷ
491 4058 690 4130 πρέπει
718 4058 845 4124 δόξα
869 4058 966 4111 σὺν
997 4055 1174 4127 Πατρὶ
1203 4053 1300 4108 καὶ
1324 4050 1464 4122 ἀγίῳ
1493 4048 1769 4121 Πνεύματι
1797 4049 1878 4112 είς

299 4153 429 4215 τοὺς
465 4151 687 4213 αἰῶνας.
732 4150 927 4220 ’Δμήν.

1973 3211 2237 3303 Spiritum
2261 3229 2408 3284 enim
2442 3230 2774 3295 acceperunt
2802 3221 2951 3276 nulla
2990 3225 3220 3287 contage
3267 3211 3540 3268 mendacii

1973 3302 2308 3378 decolorem.
2331 3318 2490 3373 Hunc
2519 3317 2564 3371 si
2594 3312 2936 3371 reddiderint
2970 3308 3206 3364 Domino
3254 3302 3541 3359 interstin-

1974 3420 2124 3468 ctum
2158 3409 2326 3465 variis
2349 3406 2762 3463 mendaciorum
2793 3401 2960 3466 notis,
2999 3398 3185 3467 utique
3212 3395 3391 3449 videri
3414 3408 3540 3461 pos—
3638 3409 3655 3424 -

1974 3510 2105 3559 sunt
2130 3498 2535 3557 contaminasse
2557 3495 2869 3566 depositum
2898 3510 2912 3545 :
2945 3507 3056 3561 quo
3085 3491 3164 3551 lit,
3202 3497 3261 3543 ut
3303 3485 3412 3540 dici
3442 3483 3543 3537 de-

1975 3596 2142 3650 beant
2172 3590 2256 3646 rei
2287 3589 2481 3643 alienae
2510 3587 2897 3657 suppilatores.
2930 3584 3048 3639 Jam
3073 3581 3360 3635 veritatem
3386 3575 3542 3644 quis-

1975 3684 2103 3755 quis
2139 3679 2380 3738 custodit
2410 3693 2477 3733 ac
2511 3684 2721 3741 tuetur,
2761 3677 2901 3730 citra
2952 3673 3327 3728 diﬂicultatem
3377 3668 3547 3721 ullam

1972 3781 2159 3846 potest
2194 3770 2301 3827 sibi
2328 3767 2562 3824 emereri
2621 3766 2841 3820 beatam
2886 3762 3075 3817 vitam.
3116 3760 3200 3814 Ab
3233 3758 3349 3828 ipsa
3396 3757 3545 3809 enim

1974 3862 2279 3937 protegitur
2298 3859 2559 3922 veritate,
2591 3855 2843 3913 necunde
2871 3853 3033 3909 talem
3055 3849 3336 3906 adoriatur
3361 3856 3418 3901 et
3456 3860 3551 3899 ur-

1974 3963 2100 4027 geat
2130 3951 2413 4023 quidpiam
2464 3948 2617 4004 mali.
2666 3948 2799 4004 Jure
2848 3945 3036 4016 igitur,
3102 3950 3159 3996 et
3216 3952 3316 4010 pro
3343 3937 3548 3990 decoro

1978 4025 2167 4103 tuendi
2199 4044 2470 4098 hactenus
2488 4040 2651 4110 coepti
2677 4037 2891 4093 ordinis
2914 4046 3227 4091 sermonem
3255 4030 3406 4084 hunc
3429 4025 3545 4094 (qui

1980 4135 2050 4191 de
2108 4132 2347 4189 veritate
2404 4127 2947 4198 est)'suceedaneum
2997 4121 3121 4188 tibi,
3156 4135 3190 4174 o
3219 4113 3549 4173 venerabilis

301 4248 464 4310 pater
515 4203 812 4306 Eustathi:
848 4203 1321 4294 consecravimus.
1360 4230 1576 4301 1129
1632 4228 1862 4297 Semper
1900 4224 2049 4281 enim
2072 4221 2356 4277 Christum
2417 4216 2667 4279 indutus,
2706 4215 2762 4269 in
2828 4213 2949 4284 ipso
2988 4210 3131 4266 vivis
3175 4217 3232 4263 et
3283 4203 3545 4266 moveris,

307 4340 477 4398 utque
500 4328 666 4383 homo
697 4341 883 4391 verax,
953 4323 1234 4394 praecipuo
1290 4326 1348 4376 et
1380 4317 1703 4375 exuberanti
1751 4330 1937 4370 amore
1970 4314 2142 4383 ipsam
2170 4309 2391 4380 deperis
2411 4306 2702 4362 veritatem
2727 4303 3011 4361 Christum
3037 4318 3052 4355 :
3082 4315 3246 4371 quem
3279 4312 3387 4353 una
3420 4311 3549 4350 cum

308 4425 469 4478 Patre
492 4430 549 4475 et
574 4418 784 4490 Spiritu
817 4423 1007 4473 sancto
1060 4429 1284 4484 compar
1322 4411 1554 4468 addecet
1598 4408 1772 4481 gloria
1820 4406 1878 4462 in
1911 4405 2109 4462 saecula
2134 4403 2481 4459 saeculorum.
2503 4398 2699 4454 Amen.

903 4550 1121 4605 ΛΟΓΟΣ
1157 4546 1276 4602 ΞΖν.

792 4661 931 4730 Περὶ
962 4660 1069 4716 τοῦ
1107 4659 1397 4730 ἐλέγχειν.

387 4839 461 4891 T6
494 4837 636 4892 κατά
684 4835 814 4890 Θεὸν
864 4833 1107 4906 ἐλέγχειν
1151 4833 1244 4888 τδν
1291 4831 1539 4901 πλησίον,
1590 4828 1884 4900 εὐάρεστόν

308 4936 459 4987 ἔστιν
489 4929 568 5001 τῷ
599 4928 719 4999 Θεῷ
769 4928 865 4981 καὶ
895 4927 1068 4996 φίλον.
1100 4926 1415 4997 Τεκμήριον
1444 4924 1554 4994 γάρ
1586 4924 1732 4976 ἐστιν
1750 4921 1873 4990 φιλ-

308 5022 592 5090 αδελφίας,
640 5019 736 5072 καὶ
776 5015 1097 5088 συμπαθοῦς
1130 5017 1376 5086 γνώμης,
1423 5013 1586 5083 μόνον
1638 5013 1696 5064 ὲν
1744 5010 1878 5064 εἰλι-

313 5116 493 5184 κρινεῖ
516 5111 713 5182 καρδίᾳ
747 5109 841 5163 καὶ
870 5106 1096 5178 καθαρῷ
1126 5105 1419 5160 συνειδότι·
1450 5107 1507 5158 ὲν
1549 5103 1699 5174 φόϐῳ
1726 5100 1886 5168 Θεοῦ,

317 5203 460 5275 μετὰ
485 5203 665 5273 πάσης
693 5199 1091 5269 εὐσπλαγχνίας
1124 5196 1387 5268 ἐλέγχειν,
1412 5196 1600 5263 σκοπῷ
1649 5194 1743 5248 τοῦ
1768 5195 1889 5246 ἐπι-

317 5294 548 5364 στρέψαι
572 5294 662 5346 τδν
689 5292 1093 5364 ἁμαρτάνοντα,
1140 5290 1221 5343 δεῖ
1265 5289 1421 5342 τοῦτο
1452 5291 1627 5340 ποιεῖν
1649 5303 1661 5316 ’
1693 5284 1887 5359 χρὴδὲ

313 5388 411 5441 καὶ
446 5385 744 5455 διακρίνειν
774 5386 908 5438 ὅπου
951 5382 1031 5434 δεῖ
1069 5380 1310 5449 ἐλέγχειν
1334 5397 1348 5410 ·
1382 5380 1503 5431 ἐπεὶ
1532 5379 1700 5448 ἄνδρα
1732 5377 1890 5431 δυνα·⁹

315 5477 409 5529 τὸν
438 5476 498 5529 οὐ
544 5477 651 5547 χρὴ
704 5476 945 5545 ἐλέγχειν
982 5473 1074 5525 ἐπὶ
1100 5470 1406 5538 κενοδοξίαν
1430 5487 1442 5500 ·
1499 5469 1635 5525 ἀλλά
1691 5468 1891 5538 μᾶλλον

2498 4532 2781 4589 HOMILIA
2818 4529 3026 4585 LXVII.

1982 4651 2257 4709 Neminem
2298 4660 2493 4718 praeter
2539 4648 2782 4770 άεεοὲιιῖι
2836 4652 2883 4698 ct
2928 4642 3290 4697 discretionem
3337 4637 3558 4707 coargui

2705 4732 2731 4770 e
2765 4731 2869 4769 ere.

2705 4731 2869 4770 εοετε.

2059 4829 2372 4885 Proximum
2410 4838 2708 4896 coarguere
2742 4818 3047 4878 secundum
3085 4817 3278 4881 Deum,
3308 4815 3423 4869 Deo
3450 4811 3556 4881 ipsi

1987 4937 2154 4992 quam
2206 4920 2278 4976 sit
2331 4920 2630 4990 gratiosum
2682 4922 2739 4971 et
2782 4912 3052 4975 amabile,
3104 4908 3230 4979 quis
3280 4903 3559 4975 explicet?

1997 5011 2158 5067 Aliud
2196 5011 2344 5065 enim
2378 5018 2462 5064 est
2489 5008 2629 5062 nihil
2659 5020 2822 5076 quam
2870 5003 3084 5073 insigne
3134 5000 3389 5054 fraterna:
3420 4993 3560 5049 dile-

1986 5102 2192 5158 ctionis
2218 5109 2622 5172 argumentum,
2655 5111 2719 5152 ac
2747 5094 2853 5165 pia
2877 5107 3004 5163 erga
3023 5090 3334 5161 proximum
3364 5084 3561 5138 volun-

1988 5194 2118 5250 tatis
2148 5192 2359 5247 illustre
2385 5191 2625 5262 signum,
2644 5187 2828 5242 alieno
2852 5183 3104 5255 periculo
3144 5175 3560 5238 indolescentis,

1987 5285 2208 5341 sincero
2233 5283 2418 5339 cordis
2442 5282 2644 5337 aﬂ‘ectu
2673 5288 2729 5335 et
2763 5276 2968 5333 munda
2999 5288 3227 5346 prorsus
3273 5267 3561 5325 conscien-

1988 5376 2087 5430 tia.
2118 5376 2178 5430 ln
2219 5376 2416 5431 timore
2446 5382 2631 5428 autem
2663 5369 2762 5425 Dei
2799 5369 2855 5423 id
2902 5367 3015 5432 ﬁat,
3050 5380 3153 5420 nec
3188 5361 3307 5419 sine
3355 5356 3526 5414 indivi
3549 5383 3561 5391 -

1992 5467 2102 5522 dua
2139 5469 2260 5540 ejus
2293 5467 2495 5522 comite
2547 5459 2952 5526 misericordia,
2987 5472 3155 5514 unum
3189 5453 3431 5524 aliquem
3469 5465 3561 5503 ar-

390 5628 434 5661 “
473 5629 614 5683 Psal.
651 5645 703 5685 ν,
742 5626 824 5687 l0,
860 5625 940 5678 ll.
1021 5626 1063 5655 ⁸³
1089 5625 1246 5678 Prov.
1276 5639 1385 5689 xxx,
1430 5622 1475 5674 l.
1557 5622 1599 5651 ⁵⁸
1642 5620 1799 5674 Prov.
1829 5635 1943 5683 vm,
1979 5617 2088 5679 6,7.
2164 5619 2206 5647 θ’
2244 5617 2443 5686 Ephrs.
2481 5615 2661 5680 lv,‘.’.5.
2737 5614 2780 5644 ⁸⁸
2814 5612 2856 5666 ll
2905 5610 3029 5667 Cor.
3063 5624 3136 5675 vt,
3185 5610 3236 5663 (i.
3279 5608 3322 5641 θ’
3357 5606 3559 5661 lJoan.

323 5716 377 5765 ν,
414 5700 501 5753 20.
580 5700 622 5729 ⁷⁰
648 5698 802 5751 Prov.
843 5712 946 5753 xu.
975 5694 1055 5747 15.
