4030 6296
519 207 647 272 ιδδι

1781 205 2142 268 ANTIOCHI
2183 206 2527 268 MONACHI

3673 205 3823 267 1632

516 337 703 394 gnere,
734 320 837 375 hoc
871 321 1132 376 nimirum
1156 322 1355 378 mentis
1387 337 1574 391 scopo,
1612 330 1671 374 ut
1700 320 1766 374 ad
1797 318 2085 375 rectitudi-

2203 317 2289 386 τὴν
2323 318 2588 388 ἐπιφορὰν
2626 319 2722 386 τῆς
2754 316 3051 387 μελλούσης
3080 316 3309 385 ἀτιμίας
3354 315 3673 381 ἐπιδεῖξαι.
3719 317 3816 385 τῷ

518 413 603 466 nis
637 427 864 466 revoces
890 413 1029 468 viam
1074 424 1128 467 et
1158 421 1448 467 convertas
1474 421 1841 481 peccatorem.
1873 412 1931 467 Id
1969 412 2092 481 qui-

517 504 642 557 dem
680 502 774 556 tiat
823 513 1077 573 oportet;
1113 504 1209 559 sed
1247 512 1303 557 et
1354 519 1584 557 necesse
1623 504 1696 558 sit
1738 503 2092 558 discretionis

517 596 692 651 aciem
740 596 1051 660 intendere,
1110 597 1200 650 ub'i
1247 604 1303 651 et
1350 612 1460 665 quo
1499 596 1611 651 loci
1655 597 1729 651 sit
1778 597 2091 651 necessaria

518 690 899 759 reprehensio.
956 690 1050 744 Vir
1099 699 1298 759 potens
1340 690 1702 754 auctoritate,
1730 690 1845 745 sive
1883 689 2090 744 divitiis

518 782 906 836 suﬁ'areinatus
938 783 1259 853 neutiquam
1292 783 1780 853 reprehendendus
1798 783 1951 837 venit
1977 783 2094 838 ina-

520 874 607 926 nis
639 872 825 944 glorize
848 890 860 926 :
881 874 1067 943 potius
1096 874 1242 928 enim
1279 874 1409 928 huic
1438 874 1764 944 impendens
1788 873 2092 943 periculum

522 968 721 1019 futurae
754 965 1071 1035 ignominiae
1115 968 1377 1023 convenit
1418 966 1661 1022 inductis
1693 966 1959 1035 exemplis
1991 966 2090 1020 de-

519 1067 871 1113 monstrare:
906 1059 1012 1114 hoc
1058 1059 1207 1114 enim
1258 1069 1417 1129 pacto
1471 1061 1607 1115 tales
1652 1075 1763 1115 non
1815 1059 2094 1114 illibenter

518 1150 817 1205 admittent
847 1152 1355 1222 reprehensionem.
1388 1151 1674 1207 Consimili
1708 1153 1921 1207 ratione
1955 1152 2094 1206 nihil

523 1242 798 1311 profuerit
826 1258 952 1297 eum
1005 1244 1313 1313 increpare,
1344 1244 1437 1314 qui
1477 1260 1509 1298 a
1541 1244 1781 1313 peccatis
1828 1244 2096 1311 interqui-

520 1332 654 1397 evit,
687 1348 965 1402 quemque
999 1333 1202 1402 prioris
1238 1334 1469 1402 pmnitet
1500 1332 1643 1386 vitae.
1697 1330 1850 1397 Quod
1880 1330 1925 1384 si
1957 1330 2097 1383 dicis

524 1422 930 1490 reprehendere
984 1431 1036 1477 te
1095 1438 1196 1492 per
1247 1422 1570 1476 charitatem
1625 1436 1756 1491 erga
1813 1421 1983 1474 Deum
2041 1427 2098 1473 et

522 1511 833 1579 proximum
856 1529 869 1577 ;
894 1513 1133 1581 primum
1191 1512 1277 1567 fac
1304 1513 1382 1567 illi
1410 1513 1737 1568 inclarescat
1767 1512 2093 1566 delictorum

522 1602 782 1670 gravitas,
815 1618 916 1657 nec
938 1604 1049 1673 jam
1081 1619 1317 1659 mmrore
1346 1612 1442 1657 aut
1486 1603 1713 1658 tristitia
1756 1602 2098 1658 contabescit

524 1692 913 1761 reprehensus.
960 1692 1239 1764 Scriptum
1278 1694 1483 1764 quippe
1514 1701 1599 1749 est
1639 1693 1691 1747 in
1736 1693 2092 1749 Proverbiis:

530 1805 547 1833 ι
599 1785 791 1839 Melior
820 1793 904 1839 est
939 1786 1298 1855 reprehensio
1332 1786 1621 1841 manifesta
1652 1802 1814 1855 quam
1859 1788 2094 1842 abscon-

524 1879 638 1931 iiita
673 1878 950 1943 amicitia;
999 1877 1247 1934 ﬁdeliora
1297 1880 1447 1934 enim
1490 1890 1620 1935 sunt
1661 1880 1890 1936 vulnera
1933 1881 2094 1936 amici

523 1982 689 2037 quam
715 1966 1029 2021 voluntaria
1061 1968 1249 2023 oscula
1292 1969 1501 2023 inimici
1533 1971 1612 2033 7‘;
1664 1988 1680 2021 ι
1724 1970 1921 2025 melior
1949 1970 2098 2024 enim

524 2060 620 2129 qui
672 2060 1031 2129 reprehendit
1080 2060 1202 2115 viro
1278 2061 1483 2130 injusto
1537 2070 1593 2117 et
1642 2062 1878 2117 cervicis
1925 2062 2095 2117 durae.

525 2152 657 2221 Ejus
689 2152 836 2206 enim
867 2153 962 2221 qui
1010 2163 1238 2221 repente
1271 2152 1655 2211 inﬂammescit
1710 2155 1813 2219 ira,
1870 2170 1983 2208 non
2012 2166 2098 2209 est

526 2241 755 2295 sanitas.
793 2241 1005 2296 Rursus
1037 2258 1050 2294 :
1090 2260 1108 2293 ι
1149 2241 1252 2308 Qui
1283 2243 1526 2297 ostendit
1555 2243 1764 2297 homini
1803 2244 1921 2298 vias
1950 2259 2096 2305 suas.

526 2329 652 2399 plus
697 2327 926 2383 habebit
966 2329 1153 2399 gratia!
1200 2344 1267 2384 eo
1313 2329 1408 2399 qui
1451 2329 1518 2383 ad
1567 2330 1795 2398 gratiam
1856 2330 2099 2399 linguam

526 2433 681 2471 suam
717 2417 1000 2488 componit
1043 2419 1106 2472 ⁷².
1163 2437 1180 2469 ι
1216 2417 1426 2473 lterum
1457 2435 1469 2471 :
1506 2437 1524 2470 ι
1560 2417 1680 2472 Noli
1716 2430 1949 2488 arguere
1981 2434 2101 2472 ma-

526 2508 630 2572 los,
665 2510 958 2579 nequando
984 2509 1205 2564 oderint
1227 2520 1299 2575 te,
1331 2525 1500 2581 argue
1534 2508 1863 2580 sapientem,
1886 2518 1943 2564 et
1970 2511 2098 2565 dili-

525 2608 616 2670 get
651 2611 744 2665 te;
780 2600 849 2655 da
874 2602 1109 2670 sapienti
1134 2602 1502 2666 occasionem,
1528 2611 1584 2656 ct
1626 2602 1933 2671 sapientior
1961 2602 2099 2666 erit;

527 2691 755 2745 notillea
794 2693 965 2761 justo,
1001 2700 1056 2744 et
1102 2692 1266 2745 addet
1316 2700 1373 2745 ut
1413 2692 1647 2761 accipiat
1693 2695 1763 2745 ".
1795 2712 1812 2743 ι
1849 2693 2051 2748 lterum
2086 2711 2098 2745 :

533 2801 551 2833 ι
623 2781 726 2849 Qui
778 2783 969 2836 annuit
1020 2784 1181 2837 oculo
1226 2799 1349 2838 cum
1398 2785 1557 2848 dolo,
1612 2793 1909 2854 congregat
1967 2786 2102 2840 viris

466 2860 485 2879 ‘
529 2874 783 2928 tristitias
812 2872 884 2940 7";
920 2874 1011 2943 qui
1045 2882 1227 2928 autem
1267 2889 1391 2928 cum
1429 2874 1681 2930 libertate
1722 2853 2097 2946 reprehendit,
2124 2853 2149 2871 δ

529 2963 694 3017 habet
724 2978 913 3033 pacem
946 2982 959 3017 :
996 2980 1163 3035 argue
1196 2965 1459 3029 amicum,
1507 2980 1576 3019 ne
1624 2966 1765 3022 forte
1804 2983 1912 3022 non
1943 2969 2090 3022 fece-
2123 2992 2167 3050 ο

529 3055 623 3118 rit,
664 3063 721 3109 et
762 3055 807 3109 si
857 3054 1005 3118 fecit,
1055 3068 1115 3109 ut
1148 3072 1216 3110 ne
1260 3056 1426 3111 addat
1465 3058 1529 3111 τδ.
1568 3077 1587 3109 ι
1623 3059 1828 3114 Eadem
1873 3078 2102 3131 prorsus

529 3144 615 3196 lex
645 3143 768 3197 ait:
812 3162 830 3193 ι
878 3146 1090 3213 Argues
1132 3146 1442 3215 proximum
1493 3156 1669 3213 tuum,
1711 3165 1783 3204 ne
1818 3150 1960 3207 forte
1992 3170 2102 3209 non

529 3234 761 3288 fecerit:
795 3234 943 3304 quod
970 3235 1015 3290 si
1041 3234 1193 3299 fecit,
1226 3252 1295 3291 ne
1320 3237 1545 3307 adjiciat
1581 3240 1648 3292 7°.
1688 3239 1860 3306 Quam
1898 3243 2100 3301 bonum

408 3363 422 3375 .
529 3332 614 3379 est
641 3340 871 3394 arguere
912 3327 1098 3395 potius
1126 3342 1291 3396 quam
1323 3327 1486 3383 irasci
1513 3332 1729 3387 occulte
1757 3334 1849 3388 "1:
1874 3353 1897 3387 ι
1932 3335 2101 3392 Indu-

533 3416 646 3470 eit:
680 3435 699 3467 ι
735 3417 793 3470 ιιι
827 3417 1081 3472 convivio
1110 3419 1224 3473 vini
1257 3435 1327 3475 ne
1355 3437 1554 3492 arguas
1592 3426 1926 3493 proximum,
1953 3440 2010 3485 et
2034 3447 2105 3486 ne

533 3506 809 3574 spreveris
860 3522 986 3561 eum
1023 3507 1078 3562 in
1130 3509 1317 3565 laatitia
1368 3512 1488 3579 eius
1527 3514 1650 3566 ⁷⁸..)
1702 3515 1833 3570 Item
1882 3535 1896 3570 :
1962 3538 1981 3570 ‹
2049 3519 2105 3575 Si

533 3598 784 3667 argueris
827 3598 1177 3669 prudentem,
1209 3604 1584 3661 considerabit
1613 3624 1831 3664 sensum
1873 3612 1957 3664 ":
2014 3628 2108 3667 cor

534 3689 880 3757 sensitivum,
908 3693 1090 3748 anima
1124 3695 1273 3750 illius
1301 3697 1477 3754 tristis
1505 3710 1622 3766 est;
1664 3701 1756 3770 qui
1802 3710 1986 3757 autem
2024 3721 2111 3761 re-

532 3779 918 3847 prehendunt,
970 3784 1213 3854 sibiipsis
1262 3786 1541 3855 videntur,
1591 3808 1753 3861 quam
1805 3794 1935 3859 sint,
1988 3811 2110 3850 esse

533 3869 792 3926 meliores
818 3872 885 3926 3°.
923 3892 942 3926 ι
978 3875 1182 3931 Paulus
1229 3877 1358 3933 item
1405 3879 1696 3936 Timotheo
1737 3883 1858 3937 ait:
1898 3903 1916 3935 ι
1974 3886 2109 3941 Pec-

532 3970 722 4016 cantes
772 3977 957 4018 coram
981 3967 1240 4022 omnibus
1260 3983 1448 4039 argue,
1481 3980 1542 4027 ut
1564 3982 1619 4027 et
1641 3975 1823 4028 caeteri
1856 3976 2109 4032 timorem

533 4052 774 4109 habeant
804 4057 868 4110 ⁸¹.
922 4077 940 4110 ι
994 4059 1208 4130 1130
1260 4062 1519 4117 Rursus:
1556 4081 1575 4114 ι
1611 4065 1812 4135 Argue,
1862 4066 2107 4138 increpa,

533 4144 764 4202 obsecra
782 4149 880 4202 ⁸η.»
913 4150 1018 4204 Sed
1044 4160 1100 4206 et
1127 4153 1173 4207 is
1190 4154 1282 4223 qui
1306 4170 1406 4210 nos
1433 4155 1498 4210 ad
1527 4158 1759 4213 salutem
1779 4176 2112 4231 magnopere

535 4236 723 4293 studet
781 4242 1089 4309 provehere
1146 4244 1413 4302 Dominus
1465 4262 1530 4302 ac
1596 4247 1848 4304 Salvator
1900 4262 2110 4317 noster.

2194 406 2303 478 γὰρ
2349 411 2536 478 τρόπῳ
2583 408 2756 477 τούτῳ
2834 409 2883 460 oi
2928 407 3159 461 τοιοῦτοι
3212 406 3388 477 ἡδέως
3442 406 3810 478 ἐλέγχονται.

2204 498 2482 560 Ὡσαύτως
2531 499 2622 553 τὸν
2667 500 3039 569 παυσάμενον,
3087 499 3182 552 καὶ
3235 499 3655 568 μετανοοῦντι,
3700 501 3808 552 οὐκ

2193 589 2341 643 ἐστιν
2393 591 2555 645 καλὸν
2606 591 2870 659 ἐλέγχειν.
2922 592 2986 643 Εἰ
3031 591 3089 643 δὲ.
3135 590 3465 657 λέγεις-,νδιά
3517 590 3674 643 Θεὸν
3711 595 3813 645 καὶ

2192 682 2290 751 τὴν
2324 682 2402 745 εἰς
2448 682 2539 736 τὸν
2576 683 2807 750 πλησίον
2831 683 3054 751 an;di
3092 684 3357 752 ἐλέγχειν,
3410 684 3813 753 φανεροποεηο

2195 790 2286 825 σον
2318 773 2466 844 αὑτῷ
2499 773 2713 844 πρῶτον
2742 775 2808 827 τὰ
2838 773 2906 827 σά
2952 774 3421 845 πλημμελήματα,
3458 776 3560 828 καὶ
3592 776 3668 828 οὗ
3712 775 3813 828 luo

2193 866 2376 918 πεῖται
2407 864 2780 934 ἐλεγχόμενος.
2812 865 3124 937 Γέγραπται
3171 869 3231 920 ἐν
3262 869 3385 929 ταῖς
3420 867 3806 937 Παροιμίαις.

2194 957 2276 1008 ὅτι
2330 974 2349 1007 ι
2391 958 2662 1026 Κρεῖσσον
2704 958 2915 1028 ἔλεγχοι
2958 958 3495 1028 ἀποκαλυπτόμενοι,
3541 976 3811 1027 κρυπτο-

2197 1047 2363 1117 μένης
2398 1048 2602 1117 φιλίας.
2649 1049 3089 1119 Ἀξιοπιστότερα
3131 1051 3240 1121 γὰρ
3268 1051 3571 1121 τραύματα
3608 1052 3805 1120 φίλου,

2194 1137 2226 1207 ἢ
2266 1137 2488 1191 ἑκούσια
2524 1140 2805 1210 φιλήματα
2859 1140 3074 1212 ἐχθροῦ,
3115 1160 3134 1193 ι
3180 1143 3275 1196 καὶ
3328 1145 3597 1212 κρεῖσσον
3654 1144 3807 1215 ἀνὴρ

2194 1228 2455 1298 ἐλέγχων,
2484 1230 2676 1301 ἀνδρὸς
2714 1232 2901 1286 ἀδίκου
2937 1233 3439 1304 σκληροτραχήλου.
3484 1235 3805 1307 Ἐξαπίντξς

2197 1322 2305 1391 γὰρ
2335 1321 2670 1391 φλεγομένου
2700 1324 2801 1377 οὐκ
2835 1322 2984 1376 ἐστιν
3029 1325 3190 1386 ἴασις.
3247 1326 3358 1378 Καὶ
3409 1328 3608 1391 πάλιν,
3660 1347 3684 1379 ‹
3746 1330 3805 1382 ’0

2197 1412 2434 1482 ἐλέγχων
2459 1413 2747 1485 ἀνθρώπου
2777 1414 2930 1479 ὀδοὺς
2962 1415 3149 1478 αὐτοῦ,
3186 1415 3413 1486 χάριτας
3434 1418 3554 1483 ἔξει
3585 1420 3803 1488 μᾶλλον

2197 1502 2291 1556 τοῦ
2328 1504 2461 1573 πρὸς
2495 1504 2656 1575 χάριν
2704 1505 3290 1577 γλωσσοχαριτοῦντος.
3353 1528 3372 1560 ι
3429 1508 3551 1563 Καὶ
3596 1510 3801 1573 eam.

2208 1614 2225 1645 ι
2265 1594 2357 1664 Μὴ
2390 1595 2578 1666 ἔλεγχε
2610 1597 2836 1662 κακοὺς,
2865 1598 2953 1651 ἵνα
2983 1597 3057 1668 μὴ
3092 1598 3397 1670 μισήσωσίν
3446 1617 3513 1653 σε
3533 1616 3548 1629 ·
3598 1601 3803 1672 ἔλεγχε

2205 1686 2386 1755 σοφὸν,
2419 1687 2511 1740 καὶ
2535 1687 2812 1755 ἀγαπήσει
2845 1704 2905 1740 σε
2925 1703 2938 1718 '
2964 1678 3188 1756 ἀσοῴον,
3225 1692 3318 1742 καὶ
3350 1691 3673 1761 προσθήσει
3706 1693 3801 1746 τοῦ

2204 1777 2431 1848 μισῆσαι
2480 1795 2559 1832 σε.
2608 1778 2763 1832 Δίδου
2811 1778 2962 1850 σοφῷ
3011 1780 3283 1850 ἀφορμὴν,
3318 1781 3417 1834 καὶ
3474 1784 3798 1853 σοφώτερος

2201 1866 2373 1919 ἔσται.
2401 1865 2636 1937 Γνώριζε
2664 1865 2878 1935 δικαίῳ,
2911 1867 3006 1920 καὶ
3027 1866 3330 1936 προσθήσει
3353 1866 3449 1920 τοῦ
3474 1867 3795 1938 δέχεσθαι..

2203 1957 2311 2010 Καὶ
2365 1956 2547 2022 πάλιν,
2599 1975 2617 2009 ι
2695 1956 2754 2010 '0
2807 1956 3039 2015 ἐννεύων
3074 1957 3354 2027 ὀφθαλμὸν
3413 1958 3565 2029 μετὰ
3613 1959 3797 2017 δόλου.

2203 2049 2426 2118 συνάγει
2477 2049 2702 2119 ἀνδράσι
2727 2048 2905 2110 λύπας
2925 2065 2939 2080 ·
2968 2051 2995 2101 ὁ
3019 2047 3077 2102 δέ
3115 2048 3354 2119 ἐλέγχων
3387 2050 3541 2120 μετὰ.
3560 2053 3801 2121 τι.αρρη-

2205 2143 2360 2208 σίας,
2415 2142 2786 2212 εἰρηνοποιεῖ..
2820 2141 3079 2209 Ἐλεγξον
3132 2141 3289 2211 φίλον
3358 2145 3431 2213 μή
3494 2160 3638 2196 ποτε
3698 2144 3799 2195 οὐκ

2202 2233 2488 2304 ἐποίησεν·
2545 2233 2639 2286 καὶ
2691 2233 2739 2285 εί
2781 2232 3059 2302 ἐποίησεν,
3111 2233 3198 2287 ἵνα
3245 2232 3318 2304 μὴ
3370 2235 3672 2304 προσθήσει
3733 2235 3798 2286 τά

2202 2323 2360 2378 αὐτά.
2397 2342 2416 2375 ι
2445 2324 2556 2377 Καὶ
2583 2325 2611 2377 ὁ
2638 2323 2801 2394 νόμος
2834 2322 3021 2394 φησὶν,
3070 2342 3089 2373 ι
3134 2322 3406 2391 Ἐλέγξεις
3429 2326 3525 2377 τὶν
3564 2323 3799 2393 πλησίον

2204 2434 2320 2481 σου,
2354 2417 2428 2487 μή
2459 2433 2590 2469 ποτε
2623 2415 2722 2468 οὐκ
2746 2415 3021 2485 ἐποίησεν.
3050 2417 3110 2469 Εἰ
3155 2416 3211 2469 δὲ
3255 2417 3350 2469 καὶ
3381 2418 3677 2486 ἐποίησεν,
3714 2419 3798 2468 ἵνα

2206 2510 2279 2580 μὴ
2328 2509 2632 2578 προσθήση.
2677 2508 2843 2560 ιοΚαὶ
2895 2504 3072 2572 αὖθις,
3120 2527 3139 2559 ι
3173 2509 3384 2578 Ὠσπερ
3430 2508 3601 2561 καλόν
3654 2512 3799 2562 ἐστιν

2202 2598 2466 2668 ἐλέγχειν,
2496 2595 2535 2667 ἢ
2562 2595 3160 2667 θυμοῦσθαικρῦπτῶς.
3196 2617 3211 2648 ι
3233 2597 3343 2651 Καὶ
3371 2597 3600 2666 ἐπάγει,
3640 2617 3661 2648 ι
3713 2598 3798 2651 Ἐν

2205 2690 2490 2761 συμποσίῳ
2545 2688 2693 2743 οἴνου
2753 2689 2827 2760 μὴ
2853 2689 3080 2763 ἐλέγξῃς
3109 2690 3200 2743 τὸν
3246 2688 3515 2757 πλησίον·
3579 2692 3681 2742 καὶ
3725 2693 3797 2761 μὴ

2204 2783 2568 2855 ἐξουδενώσῃς
2593 2781 2754 2838 αὑτὸν
2788 2783 2845 2835 ἐν
2875 2782 3185 2854 εὐφροσύνῃ
3206 2782 3391 2836 αὐτοῦ.
3418 2802 3435 2833 ι
3463 2784 3582 2835 Καὶ
3609 2784 3795 2847 πάλιν,

2209 2897 2225 2928 ι
2251 2877 2377 2930 Ἐὰν
2407 2875 2651 2944 ἐλέγχεις
2671 2873 2838 2945 ἀνδρα
2860 2873 3145 2944 φρόνιμον,
3162 2875 3341 2944 νοήσει
3358 2873 3644 2943 αἴσθησινο
3664 2893 3796 2944 καρ-

2204 2968 2289 3023 δῖα
2306 2969 2415 3041 γὰρ
2428 2965 2738 3038 αἰσθητικὴ,
2766 2965 2983 3037 λυπηρά
3008 2965 3154 3037 ψυχὴ
3180 2966 3345 3019 αὐτοῦ
3362 2967 3442 3018 ὀἱ
3470 2966 3529 3019 δὲ
3558 2967 3800 3037 ἐλέγχον-

2205 3074 2317 3120 τες,
2333 3054 2574 3126 βελτίους
2595 3054 2954 3126 φανεροῦνται
2975 3056 3061 3108 ἐπ’
3086 3056 3298 3118 αὐτούς.
3327 3075 3346 3107 ι
3387 3056 3504 3109 Καὶ.
3522 3058 3552 3109 ὁ
3587 3056 3797 3114 Παῦλος

2205 3148 2453 3220 Τιμοθέῳ
2473 3149 2631 3218 φησὶ,
2675 3165 2693 3198 ι
2725 3146 2866 3210 Τοὺς
2886 3148 3295 3218 ἁμαρτάνοντας
3323 3148 3560 3201 ἐνώπιον
3578 3150 3797 3202 πάντων

2204 3241 2414 3312 ἔλεγχε,
2452 3242 2537 3294 ἵνα
2567 3241 2664 3294 καὶ
2688 3241 2736 3292 οἱ
2775 3240 2951 3293 λοιποὶ
2979 3239 3143 3309 φόεον
3171 3240 3385 3310 ἔχωσιν.
3420 3260 3438 3291 ι
3468 3242 3587 3294 Καὶ
3614 3237 3790 3305 αὖθις,

2211 3353 2231 3385 ‹
2269 3332 2906 3405 Ἕλεγξον,ἐπιτίμησον,
2934 3332 3316 3402 παρακάλεσον
3336 3349 3351 3363 ·
3396 3351 3415 3383 ι
3452 3335 3548 3385 καὶ
3578 3336 3607 3385 ὁ
3626 3333 3794 3385 θέὶων

2205 3412 2354 3496 ἡμᾶς
2399 3426 2639 3494 σωθῆναι
2668 3423 2894 3497 Κύριος,
2924 3425 3019 3478 καὶ
3068 3424 3260 3494 Σωτὴρ
3311 3425 3491 3494 ἡμῶν,
3542 3442 3791 3496 παρακε-

2205 3521 2423 3574 λεύεται
2467 3522 2601 3589 ἡμῖν
2630 3518 2841 3587 λέγων,
2885 3536 2906 3569 ι
2975 3517 3106 3571 Ἐὰν
3152 3517 3467 3588 ἁμαρτήσει
3526 3519 3608 3580 εἰς
3660 3517 3719 3569 σὲ
3763 3518 3792 3569 ὁ

2206 3607 2443 3678 ἀδελφός
2471 3624 2589 3672 σου,
2632 3606 2836 3675 ὕπαγε,
2871 3604 3087 3675 ἔλεγξον
3120 3606 3283 3660 αὐτὸν
3316 3603 3526 3676 μεταξὺ
3569 3605 3666 3660 σοῦ
3696 3608 3789 3660 καὶ

2209 3698 2374 3754 αὑτοῦ
2441 3700 2644 3768 μόνου.-
2703 3698 2828 3752 Ἐἀν
2880 3714 2973 3753 σου
3044 3698 3290 3770 ἀκούσῃ,
3342 3698 3652 3769 ἐκέρδησας
3703 3700 3793 3753 τὸν

2208 3790 2439 3859 ἀδελφόν
2491 3806 2620 3842 σου·
2662 3789 2758 3842 ἐὰν
2801 3789 2857 3842 δὲ
2908 3789 2983 3862 μὴ
3015 3789 3248 3860 ἀκούσῃ,
3300 3789 3595 3860 παράλαϐε
3652 3792 3785 3860 μετᾶ

2211 3881 2438 3937 σεαυτοῦ
2495 3880 2576 3934 ἔτι
2624 3880 2721 3934 ἕνα.
2752 3880 2787 3952 ἢ
2845 3881 2967 3947 δὺο,
3020 3880 3110 3934 ἵνα
3154 3881 3247 3933 ἐπὶ
3301 3881 3573 3951 στόματος
3620 3881 3718 3934 δύο
3757 3884 3788 3951 ἢ

2209 3974 2377 4048 τριῶν
2429 3970 2727 4044 μαρτύρων
2784 3971 3125 4043 σταθήσηται
3182 3972 3292 4026 πᾶν
3344 3972 3533 4042 ῥῆμα·
3585 3974 3683 4025 ἐὰν

2212 4063 2540 4137 παρακούσῃ
2590 4063 2795 4129 αὐτῶν,
2827 4062 2949 4115 εἰπὲ
2991 4064 3057 4133 τῇ
3098 4061 3430 4133 Ἐκκλησία·
3465 4063 3564 4116 ἐὰν
3613 4062 3673 4115 δὲ
3702 4063 3791 4114 καὶ

2210 4161 2276 4229 τῇ
2308 4155 2605 4226 Ἐκκλησία
2621 4154 2960 4225 παρακούσῃ,
2992 4153 3131 4205 ἔστω
3163 4169 3245 4205 σοι
3274 4154 3463 4222 ὥσπερ
3518 4154 3549 4204 ὁ
3584 4150 3789 4213 ἐθνικὸς

2214 4251 2310 4305 καὶ
2358 4252 2386 4303 ὁ
2435 4247 2694 4318 τελώνης.
2754 4266 2772 4298 ι
2828 4244 2981 4314 Αὐτῷ
3034 4245 3066 4313 ἡ
3114 4242 3238 4307 δόξα
3287 4245 3366 4306 εἰς
3397 4244 3525 4305 τοὺς
3570 4243 3787 4306 αἰῶνας.

533 4327 683 4383 hunc
717 4330 772 4384 in
807 4332 1031 4387 modum
1079 4349 1180 4389 nos
1220 4335 1548 4391 adhortatur
1581 4358 1593 4392 :
1637 4357 1655 4389 ι
1698 4338 1754 4394 Si
1800 4345 2115 4410 peccaverit
2147 4341 2189 4394 ι)
2230 4343 2425 4413 Ἀμήν.

537 4420 590 4474 in
636 4429 687 4473 te
736 4420 905 4476 frater
948 4430 1095 4488 tuus,
1129 4426 1288 4489 vade,
1326 4429 1541 4497 corripe
1579 4445 1708 4483 eum
1760 4431 1905 4487 inter
1955 4443 2008 4488 te
2053 4447 2110 4490 et
2148 4434 2328 4505 ipsum
2363 4434 2581 4488 solum:
2637 4430 2681 4483 si
2730 4437 2781 4483 te
2826 4427 3104 4493 audierit,
3147 4427 3392 4481 lucratus
3457 4442 3520 4482 es
3568 4426 3789 4484 fratrem

540 4527 727 4582 tuum;
782 4519 842 4572 si
875 4528 1059 4574 autem
1132 4530 1184 4575 te
1236 4538 1348 4577 non
1400 4524 1660 4588 audierit,
1714 4526 1915 4582 adhibe
1998 4539 2181 4585 tecum
2220 4545 2389 4584 unum
2414 4538 2508 4582 aut
2534 4526 2693 4589 duos,
2720 4525 2856 4578 utin
2886 4539 2982 4577 ore
3003 4522 3234 4576 duorum
3260 4524 3545 4577 auttrium
3575 4524 3788 4580 testium

536 4619 642 4665 stet
672 4627 835 4666 omne
866 4614 1097 4668 verbum
1130 4633 1142 4666 :
1177 4615 1321 4684 quod
1358 4617 1401 4672 si
1448 4635 1552 4673 nec
1582 4620 1683 4675 hos
1722 4620 1982 4684 audierit,
2016 4623 2107 4678 die
2143 4624 2437 4689 Ecclesiae;
2469 4623 2512 4676 si
2564 4631 2747 4674 autem
2795 4634 2899 4672 nec
2947 4617 3248 4673 Ecclesium
3292 4617 3556 4677 audierit.
3592 4618 3788 4676 sit‘tibi

539 4714 795 4775 tanquam
826 4707 1080 4763 ethnicus
1111 4717 1167 4764 ct
1196 4710 1524 4780 publicanus
1550 4712 1619 4767 ⁸³.
1666 4733 1684 4765 ι
1726 4714 1908 4769 Gloria
1950 4716 2066 4772 Deo
2091 4724 2281 4773 nostro
2342 4715 2400 4770 in
2437 4714 2657 4771 smcula.
2694 4714 2886 4767 Amen.

1034 4817 1318 4874 IIOMILIA
1370 4821 1604 4877 LXVIII.

806 4931 872 4986 Ut
897 4934 1009 5002 ipse
1038 4937 1368 5005 coarguaris,
1408 4936 1556 4991 debes
1591 4946 1848 5009 expetere.

609 5045 784 5100 llomo
819 5044 1114 5116 (siquidem
1145 5046 1212 5103 de
1249 5063 1306 5102 se
1347 5064 1511 5119 quam
1553 5049 1957 5105 modestissime
1988 5065 2116 5105 sen-

539 5140 634 5204 tit,
693 5154 864 5209 seque
914 5154 1012 5209 pro
1066 5140 1279 5211 abjecto
1324 5141 1491 5197 habet.
1527 5149 1583 5197 et
1626 5142 1743 5212 vili)
1777 5142 1945 5196 nmlta
1989 5158 2113 5196 eum

536 5231 706 5287 animi
743 5232 1022 5301 voluptate
1068 5242 1121 5287 et
1152 5233 1534 5289 benevolentia
1574 5250 1668 5289 eas
1709 5242 1960 5304 exceptat
1993 5250 2116 5303 qua:

541 5325 595 5378 in
629 5340 685 5379 se
717 5325 966 5379 recidunt
989 5327 1391 5396 correptiones,
1413 5336 1507 5380 aut
1532 5327 1835 5396 quamlibet
1865 5341 2112 5395 asperam

612 5478 858 5532 "'Prov.
885 5496 1048 5547 xxv",
1076 5483 1127 5545 5,
1154 5482 1204 5535 6.
1281 5482 1327 5512 "
1347 5483 1503 5536 Prov.
1529 5496 1714 5543 xxviii,
1740 5482 1829 5535 9.5.
1907 5482 1952 5512 ⁷³
1992 5482 2152 5534 Prov.
2195 5495 2269 5543 Ix,
2300 5480 2351 5537 8.
2382 5481 2433 5533 9.
2511 5481 2555 5511 ’⁸³⁸
2595 5480 2754 5533 Prov.
2787 5495 2839 5538 κ,
2873 5478 2956 5532 10.
3033 5480 3078 5510 ⁷⁵
3117 5478 3282 5532 Eccli.
3309 5494 3383 5537 Ix,
3413 5479 3499 5532 l3.

550 5548 632 5598 Η.
709 5549 749 5577 ⁷¹
793 5549 961 5602 Ευιιιί.
997 5568 1086 5615 xx,
1124 5554 1170 5603 1.
1246 5552 1293 5582 ⁷⁵
1332 5551 1497 5604 Eceli.
1535 5565 1676 5615 XXXI,
1730 5552 1815 5604 41.
1896 5552 1938 5583 ⁷⁹
1980 5552 2101 5605 Prot

2203 5567 2292 5612 nx,
2322 5551 2411 5603 ‘25.

547 5617 688 5669 'l'im.
731 5632 802 5684 tv,
836 5618 887 5669 “2.
966 5619 1010 5649 ⁸³
1050 5620 1235 5673 Matth.
1270 5636 1412 5687 xvm,
1453 5620 1635 5674 I547.

2810 4822 3026 4876 ΛΟΓΟΣ
3062 4822 3192 4875 ΞῖΓ.

2663 4934 2809 5003 Περὶ
2833 4934 2938 4988 τοῦ
2980 4934 3354 5017 ἐλέγχεσθαι.

2294 5052 2615 5121 ’Ἄνθρωπος
2684 5049 2779 5103 ἐὰν
2845 5050 2961 5102 ἐστι
3051 5049 3471 5119 ταπεινόφρων,
3532 5052 3629 5103 καὶ
3679 5051 3778 5121 ἔχει

2219 5145 2408 5199 ἑαυτὸν
2432 5143 2656 5213 εὐτελῆ,
2685 5141 2824 5213 μετά
2897 5141 3162 5213 θυμηδίας
3206 5144 3299 5195 καὶ
3349 5142 3643 5213 εὐμενείας
3674 5145 3781 5204 mia;

2218 5235 2644 5305 ἐπιφερομένους
2695 5231 2844 5303 αὖτῷ
2883 5232 3155 5303 ἐλέγχους,
3220 5233 3315 5286 καὶ
3376 5234 3439 5286 τὸ
3490 5235 3775 5303 ἐπιτίμιον,

2219 5325 2607 5396 παραδέχεται.
2668 5325 2953 5393 Μακάριος
3017 5320 3111 5377 οὖν
3172 5326 3318 5378 ἐστιν
3370 5326 3400 5376 ὁ
3470 5326 3697 5396 μοναχδς
3751 5325 3776 5375 ὁ

3576 5480 3624 5509 ⁷⁸
3651 5477 3769 5532 Ibid.

2487 5552 2532 5581 ⁸ο
2576 5550 2734 5604 Prov.
2760 5549 2850 5613 27,
2881 5550 2932 5603 5.
3042 5551 3082 5579 ⁸¹
3128 5547 3315 5601 ΙΤίιιι.
3375 5565 3423 5613 v,
3471 5548 3561 5600 ‘20-.
3659 5550 3696 5577 θ’
3734 5546 3769 5602 II
