3916 6304
144 325 276 391 1633

1085 326 1412 388 HOMILIA
1452 329 1640 388 LXIX
1684 283 1761 363 ἀ-
1796 327 1892 387 DE
1926 328 2437 390 VERECUNDIA.

3253 337 3390 403 1634

143 442 356 495 πάντων
390 436 676 508 περίψημα
704 437 889 490 έαυτδν
927 432 1087 508 ἔχων.
1132 439 1572 512 Ἑλαχιστότερον
1602 440 1710 512 γὰρ

1827 442 2275 512 )bjurgationem.
2301 444 2500 497 Beatus
2524 442 2687 514 igitur
2710 447 3013 501 monachus
3035 449 3125 519 qui
3146 451 3388 521 scipsum

141 530 331 584 ἑαυτὸν
352 528 723 599 λογιζόμενος,
752 527 985 598 γέγηθεν
1019 529 1220 600 μᾶλλον
1252 531 1344 584 ἐπὶ
1372 534 1437 603 τῇ
1468 532 1712 605 εὐτελείᾳ

143 626 235 678 καὶ
266 622 691 693 καταφρονήσει,
714 622 857 692 ἥπερ
877 622 969 674 ἐπὶ
989 625 1123 694 τιμῇ
1158 624 1253 676 καὶ
1281 624 1520 695 εὐκλείᾳ.
1550 623 1712 677 ’Ὀοεν

143 712 235 764 καὶ
265 710 368 763 ὑπὸ
415 708 508 763 τοῦ
556 709 689 762 Θεοῦ
737 710 1041 777 ἁγιάζεται,
1072 709 1257 774 καθὼς
1311 715 1581 783 μαρτυρεῖ
1622 714 1712 766 ’H-

144 803 324 865 σαῖας·
363 820 381 855 ι
427 800 715 868 ’Λγιάσατε
734 801 866 871 γὰρ,
897 802 1082 872 φησὶν,
1119 801 1212 855 τὸν
1262 802 1587 871 φαυλίζοντα
1617 802 1714 873 τὴ)

144 894 319 964 ψυχὴν
347 890 533 946 αὐτοῦ.
571 892 630 944 ὐ
660 892 715 943 δὲ
747 892 922 961 μισῶν
942 892 1218 963 ἐλέγχους,
1248 894 1457 963 ἄφρων.
1498 913 1515 943 ο
1554 892 1715 946 Ἀλλὰ

144 988 236 1040 καὶ
268 986 509 1055 ἔγκειται
540 983 722 1037 πάθει.
761 985 820 1036 ⁸0
846 984 899 1036 δὲ
927 984 1176 1052 ἀγαπῶν,
1200 985 1357 1054 δῆλον
1380 985 1460 1038 ὅτι
1498 985 1716 1053 ἀπαθής

143 1077 310 1129 ἐστιν.
371 1073 548 1128 Καλὸν
617 1069 711 1127 οὖν
764 1072 1125 1143 ἀποδέχεσθαι
1181 1074 1307 1133 τοὺς
1365 1074 1717 1136 σκώπτοντας

144 1167 309 1235 ἡμᾶς,
346 1164 488 1233 ὑπὲρ
531 1165 660 1227 τοὺς
703 1163 1079 1227 ἐπαινοῦντας,
1114 1144 1307 1225 οἵτινες
1354 1165 1503 1217 οὐδὲν
1535 1164 1718 1233 διαφέ-

144 1257 775 1327 ρουσιν.καταρωμένου,
819 1256 963 1308 κατὰ
1008 1258 1110 1323 τὴν
1140 1255 1385 1324 Γραφήν.
1409 1255 1518 1307 Καὶ
1555 1256 1719 1308 πάλιν

142 1349 169 1400 6
201 1347 367 1411 αὐτὸς
404 1347 656 1411 Ἡσαΐας,
694 1365 715 1397 ι
770 1344 1061 1398 Ἀκούσατε
1094 1346 1244 1415 ῥῆμα
1274 1345 1498 1414 Κυρίου.
1526 1345 1574 1397 οί
1596 1345 1720 1414 τρέε

145 1454 336 1507 μοντες
364 1438 456 1489 τὸν
480 1436 637 1504 λόγον
660 1435 848 1501 αὑτοῦ,
876 1434 1088 1498 εἴπατε,
1120 1434 1370 1505 Ἀδελφοί.
1403 1435 1581 1505 ἡμῶν,
1607 1438 1719 1498 τοῖς

148 1527 397 1596 μισοῦσιν
442 1528 583 1597 ὑμᾶς
648 1528 743 1579 καὶ
788 1525 1253 1595 βδελυσσομένοις.
1293 1543 1311 1576 ι
1352 1525 1521 1595 Φηοὶν
1555 1526 1649 1577 καὶ
1693 1527 1720 1578 6

145 1618 576 1689 Παροιμιαστὴς,
637 1636 655 1668 ι
697 1616 982 1687 Συντρίϐει
1014 1616 1213 1687 ἀπειλὴ
1257 1616 1486 1687 καρδίαν
1535 1616 1721 1687 φρονί-

149 1726 286 1778 μουο
321 1710 512 1780 ἄιρρων
544 1709 599 1761 δὲ
637 1707 1021 1776 μαστιγωθεὶς,
1052 1707 1152 1762 οὐκ
1184 1707 1517 1762 αἰσθάνεται.
1559 1727 1576 1758 ι
1613 1708 1723 1760 Καὶ

147 1801 330 1867 πάλιν,
372 1801 818 1864 «Ὃςάπωθεὶται
840 1799 1111 1865 παιδείαν,
1140 1801 1287 1870 μισεῖ
1322 1801 1532 1855 ἑαυτόν.
1581 1799 1638 1852 '0
1666 1800 1721 1853 δὲ

144 1892 327 1965 τηρῶν
356 1893 633 1963 ἐλέγχους,
663 1893 860 1946 κτᾶται
886 1891 1165 1963 φρόνησιν.
1200 1908 1222 1941 ι
1252 1892 1362 1944 Καὶ
1387 1890 1570 1954 πάλιν,
1602 1909 1621 1939 σ
1664 1891 1722 1943 Ὀ

145 1987 439 2058 δεχόμενος
466 1985 731 2051 παιδείαν,
768 1986 826 2037 ὲν
854 1983 1078 2052 ἀγαθοῖς
1110 1983 1283 2036 ἔσται.
1334 1984 1392 2035 '0
1419 1968 1475 2037 δὲ
1515 1983 1721 2051 φυλάσ-

147 2095 256 2130 σων
304 2077 583 2147 ἐλέγχους,
635 2075 1044 2145 σοφισθήσεται.
1085 2093 1104 2124 ι
1145 2076 1275 2140 Καὶ,
1315 2094 1333 2126 ι
1396 2074 1455 2126 ’0
1507 2075 1723 2128 ἀκούων

149 2168 407 2238 ἐλέγχους
438 2168 605 2236 ζωῆς,
638 2168 696 2220 ὲν
736 2167 1090 2237 μέσῳνσοφῶν
1115 2166 1523 2236 αὐλισθήσεται.
1561 2184 1580 2217 ι
1616 2165 1724 2218 Καὶ

148 2261 332 2327 πάλιν,
393 2278 411 2312 ι
475 2260 532 2313 '0
582 2258 763 2329 τηρῶν
819 2260 1094 2328 ἐλέγχους,
1143 2260 1335 2330 ἀγαπᾷ
1379 2257 1475 2328 τὴν
1529 2254 1721 2310 ἑαυτοῦ

145 2352 346 2422 ψυχήν.
386 2352 451 2403 Ol
478 2350 535 2402 δὲ
563 2351 866 2419 μισοῦντες,
904 2348 1233 2402 τελευτῶσιν
1264 2347 1523 2417 αἰσχρῶς.
1566 2368 1584 2399 ι
1618 2348 1724 2399 Καὶ

148 2443 326 2507 αὖθις,
358 2461 382 2494 ι
420 2441 617 2495 Πενίαν
648 2441 742 2493 καὶ
769 2440 990 2510 ἀτιμίαν
1024 2441 1338 2509 ἀφαιρεῖται
1385 2438 1621 2493 παιδεία.
1664 2439 1724 2492 Ὀ

145 2535 202 2586 δὲ
244 2532 533 2602 φυλάσσων
580 2530 854 2601 ἐλέγχους,
885 2530 1296 2601 δοξασθήσεται.
1340 2549 1358 2581 ι
1392 2529 1500 2582 Καὶ
1533 2528 1715 2589 πάλιν,

153 2643 172 2675 ι
226 2624 440 2693 Πληγαὶ
487 2623 583 2675 καὶ
638 2621 851 2690 ἔλεγχοι
900 2621 1104 2674 διδόασι
1194 2620 1429 2689 σοφίαν⁹
1485 2622 1615 2680 παῖς
1662 2618 1718 2671 δὲ

148 2715 523 2783 πλανώμενος,
563 2715 810 2782 αίσχυνετ
858 2714 1037 2780 γονεῖς
1081 2710 1270 2767 αὐτοῦ.
1330 2730 1348 2762 ι
1389 2713 1498 2764 Καὶ
1543 2711 1723 2775 πάλιν,

154 2826 172 2857 ι
216 2806 278 2858 ’0
310 2805 540 2874 ἀγαπῶν
568 2804 841 2867 παιδείαν,
872 2804 1060 2873 ἀγαπᾷ
1098 2804 1347 2873 αἴσθησιν
1369 2819 1383 2834 ο
1413 2803 1441 2855 6
1470 2803 1525 2856 δὲ
1553 2803 1727 2872 μισῶν

148 2891 429 2968 ἐλέγχους,
480 2896 690 2967 ἄςρων.
742 2914 759 2946 ι
808 2896 868 2948 '0
919 2895 977 2948 δὲ
1022 2895 1206 2957 Δαυῖδ,
1251 2915 1269 2946 ι
1306 2895 1500 2965 Κύριε,
1528 2894 1602 2965 μὴ
1651 2894 1728 2964 τῷ

150 2988 307 3058 θυμῷ
336 3006 433 3041 σου
464 2988 702 3055 ὲλέγξεις
740 3004 831 3057 με,
891 2987 1022 3057 μηδὲ
1090 2989 1156 3057 τῇ
1200 2988 1333 3057 ὀργῇ
1370 3004 1462 3039 σου
1508 2986 1767 3051 παιδεύ-,

151 3099 251 3153 σῃς
287 3098 352 3151 με
375 3097 389 3111 ·
422 3100 444 3132 ι
482 3081 578 3149 οὐχ
607 3081 689 3132 ὅτι
721 3079 813 3131 τὸν
843 3078 1063 3148 ἔλεγχον
1089 3082 1408 3150 παρῃτεῖτο,
1449 3078 1584 3132 ἀλλὰ
1630 3078 1729 3149 τὴν
1757 3106 1799 3163 C

154 3173 276 3243 μετ’
326 3171 495 3243 ὀργῆς
534 3171 802 3224 παιδείαν.
853 3169 1137 3239 Ἐπιφέρει
1185 3169 1312 3239 γὰρ,
1365 3188 1383 3220 ι
1440 3169 1728 3223 Παιδεύσει

154 3278 222 3330 με
274 3259 478 3322 δίκαιος
522 3261 583 3312 ὲν
630 3258 771 3312 ὲλέει
827 3260 921 3312 καὶ
958 3258 1163 3328 ἐλέγξει
1201 3275 1290 3328 με.
1346 3278 1365 3310 ι
1416 3261 1606 3327 Μέγας
1638 3256 1731 3313 οὖν

152 3355 322 3414 ἐστιν,
364 3351 660 3422 ἀγαπητοὶ,
709 3350 807 3403 καὶ
857 3349 1172 3420 θαυμαστὸς
1217 3350 1245 3401 6
1285 3349 1727 3419 ἐλεγχόμενος,ῆ

150 3440 550 3511 ἀτιμαζόμενος
592 3439 696 3492 ὑπό
753 3455 931 3502 τινος,
965 3439 1059 3491 καὶ
1110 3438 1428 3508 βαστάζων,
1481 3439 1731 3509 καθάπερ

150 3534 246 3585 καὶ
305 3534 337 3603 ή
382 3531 556 3601 σεμνὴ
619 3531 715 3583 καὶ
763 3530 971 3600 μεγάλη
1021 3528 1203 3599 ἐκείνη
1255 3530 1555 3596 Χαναναία,
1610 3531 1732 3601 ἥτις

151 3621 435 3675 ἀκούσασα
479 3621 629 3690 παρά
671 3619 766 3671 τοῦ
801 3619 1028 3687 Κυρίου,
1058 3619 1138 3671 ὃτι
1172 3637 1192 3669 ι
1242 3619 1355 3672 Οὐκ
1392 3618 1541 3671 ἔστιν
1569 3620 1732 3672 καλὸν

153 3711 343 3780 λαϐεῖν
366 3710 458 3762 τὸν
486 3709 649 3780 ἄρτον
672 3708 781 3761 τῶν
812 3708 1037 3772 τέκνων,
1083 3708 1177 3760 καὶ
1205 3706 1389 3777 βαλεῖν
1428 3710 1542 3772 τοῖς
1571 3726 1733 3762 κυνα-

152 3778 328 3866 ρίοις⁹
369 3820 388 3851 ι
424 3800 525 3854 οὐκ
566 3799 970 3867 ἠγανάκτησεν,
1021 3796 1156 3850 ἀλλά
1185 3797 1493 3850 τούναντίον
1532 3798 1733 3870 ἑαυτὴν

151 3889 502 3955 εὐτελίζουσα
550 3884 724 3955 εἶπεν,
752 3906 771 3939 ι
824 3887 953 3953 Ναὶ,
995 3887 1167 3952 Κύριε
1194 3905 1208 3919 ο
1238 3888 1337 3940 καὶ
1370 3888 1479 3959 γὰρ
1520 3888 1593 3942 τά
1637 3905 1735 3942 κυ-

151 3985 315 4054 νάρια
351 3982 519 4036 ἐσθίει
565 3979 673 4033 ἀπὸ
704 3961 831 4034 ⁹τῶν
877 3978 1078 4049 ψιχίων
1125 3977 1233 4031 τῶν
1274 3980 1576 4033 πιπτόντων
1626 3979 1735 4033 ἀπὸ

150 4077 251 4147 τῆς
312 4073 592 4144 τραπέζης
650 4071 756 4125 τῶν
803 4070 1009 4140 κυρίων
1054 4068 1267 4122 αὐτῶν·
1321 4088 1340 4121 ι
1398 4069 1519 4123 ὅθεν
1565 4070 1734 4141 ὑπερ-

151 4163 464 4232 εθαύμασεν
509 4162 537 4213 6
590 4161 794 4231 Κύριος
818 4158 914 4229 τὴν
944 4158 1274 4211 ταπείνωσιν
1306 4157 1400 4212 καὶ
1434 4157 1613 4211 πίστιν
1640 4162 1731 4237 ας).

149 4256 272 4323 τῆς,
311 4252 500 4318 εἰπὼν,
528 4248 629 4304 «Ὦ
654 4251 833 4319 γύναι,
852 4249 1063 4320 μεγάλη
1082 4266 1175 4302 σου
1193 4251 1226 4319 ἡ
1248 4251 1735 4322 πίστις,γενηθήτω

154 4360 238 4397 σοι
262 4343 335 4406 ὡς
359 4344 551 4406 θέλεις.
589 4362 607 4393 ι
639 4341 797 4412 Αὐτῷ
829 4342 861 4409 ἡ
885 4339 1009 4404 δόξα
1033 4340 1112 4403 είς
1140 4341 1267 4403 τοὺς
1295 4340 1516 4403 αίῶνας.
1536 4341 1727 4411 Ἀμήν.

1813 530 1959 584 aliud
1996 546 2117 587 esse
2146 540 2336 586 censet
2380 532 2540 593 nihil,
2581 547 2744 601 quam
2776 536 3022 590 omnium
3057 539 3388 608 peripsema.

1812 621 2128 677 Incredibili
2169 624 2317 677 enim
2359 623 2545 677 laetitia
2578 623 2935 692 perfunditur
2969 627 3187 694 tacitus,
3227 646 3392 700 super

1813 713 1968 783 priva
1997 713 2303 784 dejectione
2327 723 2381 767 et
2410 721 2725 784 contemptu
2758 716 2907 786 (dum
2932 718 3175 787 seipsum
3212 720 3391 790 depu-

1816 812 1893 857 tat
1926 819 2032 860 nec
2071 804 2256 859 fucate
2303 806 2515 859 caeteris
2543 815 2697 860 tanto
2730 822 2851 862 esse
2897 809 3189 878 minorem)
3224 816 3394 883 magis

1816 911 1979 965 quam
2016 913 2116 966 pro
2149 898 2399 952 exhibito
2426 898 2655 954 'honore
2688 909 2780 954 aut
2824 902 3033 969 proprii
3072 904 3393 959 celebritate

1815 987 2078 1042 nominis.
2116 988 2271 1043 Unde
2320 998 2371 1043 ct
2428 990 2551 1044 talis
2586 1006 2615 1044 a
2659 991 2771 1045 Deo
2810 992 3141 1060 praedicatur
3175 994 3389 1054 beatus.

1810 1078 1966 1148 juxta
2016 1078 2169 1133 Isaia:
2222 1080 2593 1134 testimonium
2640 1081 2876 1137 dicentis
2913 1100 2930 1135 :
2984 1102 3003 1134 ι
3045 1083 3394 1140 διιιιοιίίίιιιιιι

1817 1182 1944 1221 eum
1976 1168 2069 1237 qui
2095 1176 2356 1222 extenuat
2388 1169 2628 1223 animam
2663 1186 2814 1225 suam
2834 1171 3023 1240 M;qui
3054 1182 3238 1228 autem
3274 1176 3392 1228 odit

1819 1259 2217 1328 correptiones,
2255 1259 2578 1336 imprudens
2607 1269 2690 1315 est
2729 1264 2795 1314 ⁸⁵.
2843 1280 2861 1314 ›
2905 1262 3009 1318 Sed
3038 1273 3094 1319 et
3125 1266 3253 1320 huic
3289 1267 3393 1320 im-

1819 1348 2023 1416 pendet
2062 1364 2175 1403 non
2204 1348 2437 1419 simplex
2462 1351 2804 1419 perturbatio
2833 1371 2845 1383 ·
2879 1355 2971 1424 qui
3003 1366 3185 1411 autem
3212 1357 3395 1428 diligit

1820 1453 1934 1501 cas,
1971 1439 2144 1508 liquet
2180 1439 2329 1494 hunc
2374 1441 2521 1494 nulla
2550 1442 2660 1512 jam
2693 1444 2918 1512 percelli
2968 1446 3135 1500 animi
3179 1456 3398 1517 pertur-

1820 1529 2064 1594 batione,
2096 1530 2189 1585 sed
2221 1530 2413 1586 sedato
2441 1542 2525 1585 est
2551 1533 2754 1587 animo.
2787 1534 2957 1600 Quam
2981 1537 3149 1605 igitur
3176 1540 3398 1608 profue—

1823 1622 1898 1675 rit
1943 1621 2179 1692 benigne
2231 1637 2327 1677 eos
2376 1623 2632 1691 excipere
2680 1626 2773 1694 qui
2824 1641 2923 1681 nos
2974 1628 3087 1681 suis
3130 1642 3397 1686 exercent

1825 1713 2013 1766 sannis
2042 1721 2099 1767 et
2129 1715 2530 1769 scommatibus
2562 1715 2865 1784 quamlibet
2887 1719 3265 1785 amarulentis,
3286 1736 3397 1790 pra;

1825 1804 1936 1860 illis
1970 1805 2062 1874 qui
2100 1820 2201 1860 nos
2230 1807 2504 1861 adornant
2537 1807 2653 1861 suis
2682 1809 3077 1864 eommentitiis
3108 1811 3401 1867 laudibus?

1821 1895 1916 1965 qui
1942 1897 2098 1966 juxta
2127 1896 2467 1965 Scripturam
2493 1897 2632 1951 nihil
2664 1897 2733 1952 ab
2763 1913 2829 1952 eo
2858 1897 3123 1955 differunt
3155 1901 3248 1970 qui
3281 1917 3367 1955 ma
3395 1934 3402 1941 -

1821 1985 2031 2041 ledicit.
2081 1986 2228 2041 Idem
2259 2002 2451 2041 rursus
2492 1987 2697 2041 Isaias:
2734 2007 2753 2038 ι
2796 1987 2996 2042 Audite
3026 1990 3258 2044 verbum
3289 1990 3391 2044 Do-

1821 2077 1977 2142 mini,
2024 2077 2118 2147 qui
2160 2077 2539 2133 intremiscitis
2580 2077 2645 2131 ad
2698 2092 3008 2132 sermonem
3057 2080 3198 2149 ejus,
3234 2079 3399 2134 dicite

1823 2167 1909 2223 his
1934 2168 2028 2239 qui
2056 2184 2154 2223 vos
2174 2168 2411 2223 oderunt
2432 2178 2487 2225 et
2505 2178 2884 2233 exsecrantur,
2914 2170 3133 2225 Fratres
3153 2170 3258 2225 mei
3278 2171 3347 2226 ⁸⁸.
3374 2190 3392 2221 ι

1825 2255 1930 2311 Sed
1970 2265 2025 2310 et
2073 2257 2462 2311 Parmmiastes
2502 2273 2516 2309 :
2560 2275 2577 2307 ι
2632 2255 2883 2311 Conterit
2924 2259 3278 2313 comminatio
3308 2276 3403 2314 cor

1824 2347 2135 2417 prudentis,
2165 2347 2489 2417 imprudens
2518 2355 2700 2400 autem
2742 2348 2910 2401 etiam
2953 2347 3398 2418 ﬂagellatus-nou

1826 2434 1997 2488 sentit
2025 2436 2091 2488 δ’.
2126 2454 2144 2486 ι
2181 2434 2384 2489 lterum
2412 2452 2425 2487 :
2458 2453 2477 2486 ι
2506 2434 2609 2501 Qui
2645 2436 2863 2505 repellit
2888 2436 3260 2506 disciplinam,
3284 2436 3403 2494 odit

1826 2524 2104 2593 seipsum;
2137 2525 2231 2593 qui
2264 2533 2444 2578 autem
2473 2536 2654 2579 servat
2691 2527 3121 2595 correptionem,
3158 2528 3405 2597 possidet

1825 2615 2173 2685 prudentiam
2207 2616 2271 2667 ⁸⁸.
2312 2635 2329 2665 ι
2361 2616 2614 2671 Rursus:
2645 2635 2663 2667 ι
2699 2616 2801 2682 Qui
2833 2617 3000 2673 habet
3032 2619 3403 2700 prudentiam,

1829 2708 1885 2762 in
1924 2707 2085 2761 bonis
2117 2706 2224 2761 erit
2256 2707 2323 2770 κ’,
2358 2715 2416 2760 et
2457 2707 2549 2775 qui
2600 2707 2839 2761 custodit
2886 2709 3286 2778 correptiones,
3323 2726 3408 2765 sa-

1827 2798 1987 2867 piens
2012 2794 2282 2851 eﬂicietur
2310 2798 2397 2847 δυ’.
2430 2815 2448 2846 ι
2476 2796 2577 2849 Et:
2604 2816 2621 2847 ι
2649 2795 2753 2862 Qui
2772 2807 2955 2851 servat
2978 2798 3405 2868 increpationes,

1829 2900 1985 2940 suam
2030 2886 2201 2955 ipsius
2247 2885 2426 2955 diligit
2468 2885 2737 2953 animam;
2770 2887 2864 2957 qui
2911 2889 3405 2950 autem'oderunt,

1831 2977 2195 3048 ignominiose
2228 2978 2542 3032 moriuntur
2566 2979 2635 3029 ’°.
2675 2997 2692 3029 ι
2735 2978 2801 3031 Et
2834 2995 2847 3031 :
2883 2998 2900 3029 ι
2936 2979 3320 3048 Paupertatem
3351 2989 3409 3033 et

1831 3066 2186 3137 ignominiam
2223 3067 2401 3122 aufert
2436 3066 2759 3137 disciplina;
2799 3068 2891 3138 qui
2928 3076 3111 3123 autem
3162 3071 3407 3125 custodit

1832 3159 2225 3222 correctiones,
2257 3158 2655 3228 glorificabitur
2680 3160 2746 3213 ⁹¹.
2786 3178 2802 3210 ι
2844 3160 3128 3213 Rursum:
3167 3181 3184 3212 ι
3230 3162 3406 3231 Plaga:

1830 3253 1886 3300 et
1916 3247 2332 3318 objurgationes
2373 3248 2624 3303 tribuunt
2652 3248 3010 3318 sapientiam;
3052 3266 3192 3319 puer
3223 3260 3407 3306 autem

1832 3335 2097 3390 deerrans
2147 3336 2435 3391 confundit
2482 3348 2738 3407 parentes
2790 3354 2918 3393 suos
2963 3341 3030 3392 ³³.
3081 3360 3099 3391 ι
3150 3340 3351 3395 lterum
3391 3359 3404 3394 :

1837 3443 1857 3476 ι
1888 3424 1994 3491 Qui
2024 3424 2206 3495 diligit
2238 3426 2796 3499 disciplinam,diligit
2823 3445 3077 3483 sensum:
3102 3430 3196 3500 qui
3226 3439 3407 3486 autem

1832 3514 1949 3569 odit
1980 3514 2412 3584 increpationes,
2440 3517 2763 3587 imprudens
2797 3520 2865 3574 ”.
2902 3539 2920 3571 ι
2947 3520 3120 3575 David
3151 3536 3408 3592 quoque:

1838 3625 1858 3657 ι
1898 3606 2151 3668 Domine,
2198 3621 2267 3660 ne
2300 3606 2355 3659 in
2404 3606 2592 3661 furore
2622 3618 2717 3663 tuo
2752 3626 2949 3681 arguas
2991 3628 3101 3678 me,
3137 3628 3316 3685 neque
3352 3614 3404 3667 in

1832 3695 1914 3750 ira
1948 3703 2039 3750 tua
2076 3695 2344 3766 corripias
2371 3712 2459 3752 me
2488 3698 2554 3751 ".
2592 3715 2609 3749 ι
2642 3700 2759 3753 Νοη
2784 3701 3008 3770 quidem
3036 3704 3185 3773 quod
3222 3705 3268 3759 is
3313 3705 3410 3760 de-

1834 3796 2157 3858 precaretur
2209 3797 2303 3843 aut
2354 3788 2641 3859 defugeret
2685 3791 3020 3848 vitabundus
3072 3796 3407 3850 Dominieam

1833 3880 2258 3949 correptionem,
2278 3880 2371 3935 sed
2402 3897 2521 3936 eam
2552 3897 2675 3950 qua:
2707 3898 2830 3937 cum
2860 3883 2936 3938 ira
2973 3886 3121 3955 gravi
3154 3886 3406 3952 infertur,

1834 3971 2184 4041 disciplinam
2219 3985 2249 4025 a
2290 3987 2347 4027 se
2382 3972 2700 4042 precatione
2735 3973 2838 4029 hac
2870 3991 3002 4030 usus
3041 3977 3406 4032 amoliebatur

1835 4075 1899 4115 ac
1928 4061 2255 4130 depellebat.
2294 4063 2499 4133 1131
2530 4063 2698 4118 Infert
2725 4066 2874 4119 enim
2910 4083 2923 4118 :
2958 4085 2976 4117 ι
3011 4066 3285 4137 Corripiet
3317 4083 3403 4121 mc

1829 4153 2013 4222 justus
2046 4154 2103 4207 in
2135 4156 2517 4209 misericordia
2547 4165 2603 4210 et
2637 4158 2947 4229 increpabit
2975 4176 3059 4215 me
3085 4161 3151 4213 ’⁵.
3189 4182 3206 4213 ι
3242 4160 3402 4221 Sane,

1835 4256 1997 4313 quam
2030 4258 2156 4297 eum
2177 4259 2279 4313 par
2306 4253 2389 4299 est
2417 4262 2669 4316 magnum
2698 4249 2912 4303 censeri
2930 4258 2986 4304 et
3008 4250 3403 4305 admirabilem.

1838 4337 1934 4407 qui
1984 4352 2110 4391 eum
2143 4336 2457 4405 increpatur
2484 4339 2667 4393 acrius
2697 4347 2752 4393 et
2795 4342 3092 4411 ignominia
3139 4358 3246 4397 non
3298 4343 3404 4395 levi

152 4436 485 4507 aspergitur,
543 4432 752 4504 perfert
786 4441 968 4485 tamen
997 4430 1498 4500 :quemzidmodum
1569 4432 1800 4514 honesta
1839 4429 1931 4484 illa
1967 4425 2306 4490 Chananitis,
2339 4428 2630 4497 magnique
2666 4431 2869 4494 meriti,
2910 4447 3031 4501 qua:
3063 4433 3280 4501 quidem
3331 4432 3406 4484 si-

152 4529 265 4581 mul
299 4538 462 4596 atque
508 4542 538 4579 a
581 4522 812 4578 Domino
843 4520 1133 4576 audisset:
1206 4540 1224 4571 ι
1262 4520 1382 4573 Non
1435 4530 1522 4575 est
1566 4521 1769 4575 bonum
1809 4532 2026 4574 sumere
2065 4530 2261 4585 panem
2301 4516 2536 4571 filiorum
2608 4528 2663 4573 et
2712 4520 2930 4576 mittere
2981 4523 3190 4577 catellis
3241 4523 3284 4554 ⁵⁸
3323 4539 3335 4570 :
3380 4546 3397 4574 ι

152 4634 263 4672 non
294 4619 409 4673 haec
447 4616 608 4670 modo
638 4614 918 4683 indignata
960 4627 1072 4664 non
1117 4618 1220 4676 est,
1254 4612 1348 4664 sed
1393 4627 1459 4665 ex
1499 4612 1718 4666 diverso
1751 4612 1987 4679 seipsam
2014 4636 2017 4637 ν
2043 4616 2350 4663 extenuans
2395 4612 2718 4679 respondit:
2794 4631 2813 4663 ι
2852 4613 2982 4678 lino,
3017 4614 3265 4675 Domine,
3313 4624 3399 4667 et-

152 4713 299 4766 enim
358 4710 538 4767 catelli
593 4708 767 4762 cdunt
799 4706 867 4759 de
920 4702 1184 4758 buecellis
1234 4719 1358 4772 qua:
1407 4703 1610 4757 cadunt
1660 4703 1727 4757 de
1765 4714 1954 4756 mensa
2018 4700 2364 4754 dominorum
2412 4717 2634 4756 suorum
2683 4705 2747 4756 ⁸⁷.
2806 4723 2823 4754 ι
2867 4704 2979 4758 lloc
3038 4720 3301 4774 responso
3347 4706 3400 4759 in

152 4802 572 4858 admirationem
625 4805 785 4850 tanta:
832 4793 992 4846 istius
1037 4800 1094 4845 et
1132 4791 1463 4846 humilitatis
1508 4801 1564 4846 et
1600 4790 1723 4845 ﬁdei
1766 4807 1823 4845 se
1887 4789 2169 4859 surrigens
2233 4790 2515 4855 Dominus,
2566 4790 2745 4845 dixit:
2788 4814 2803 4845 ι
2851 4792 2895 4846 Ο
2945 4795 3161 4858 mulier,
3207 4810 3400 4865 magna

151 4905 239 4953 est
265 4895 398 4949 ﬁdes
430 4901 544 4954 tua,
578 4889 669 4942 fiat
714 4886 810 4940 tibi
847 4886 990 4937 sicut
1019 4883 1103 4936 vis
1126 4882 1192 4934 ’⁸.
1244 4904 1258 4932 ι
1309 4883 1414 4952 Ipsi
1450 4885 1620 4954 gloria
1667 4884 1721 4937 in
1761 4882 1975 4937 saecula.
2006 4881 2203 4935 Amen.

753 5000 969 5056 ΛυΓΟΣ
1006 4998 1124 5052 ΞΘ’.

580 5094 713 5162 Περὶ
749 5092 853 5145 τοῦ
883 5090 1298 5157 αισχύνεσϋαι.

226 5193 378 5262 Καλή
402 5193 570 5253 ἐστιν,
592 5185 883 5253 ἀγαπητοὶ,
912 5184 945 5251 ἡ
973 5181 1112 5234 κατὰ
1134 5180 1263 5263 Θεὸν
1286 5180 1511 5250 αἰσχύνη
1538 5180 1726 5250 (ἤγουν

152 5281 361 5349 αἰδὼς),
390 5280 422 5348 ὴ
454 5275 855 5345 ἀκαπήλευτος,
885 5275 917 5342 ἡ
945 5272 1254 5343 ἀκίδδηλος,
1278 5271 1311 5340 ἡ
1338 5268 1723 5338 ἀνεπίληπτος,

154 5376 188 5444 ἡ
217 5371 296 5441 τῷ
326 5369 444 5440 Θεῷ
480 5367 825 5432 διαλλακτὴς.
853 5362 1066 5432 Ταύτην
1106 5359 1198 5416 οὖν
1229 5359 1611 5429 κατάσχωμεν,
1640 5360 1726 5413 ἴνα

226 5550 274 5584 ⁸⁸
311 5549 424 5603 lmo
454 5546 624 5601 Eccli.
666 5561 721 5606 ιι,
746 5541 834 5597 20.
909 5542 954 5573 ⁸⁸
993 5539 1162 5606 Eeclj.
1193 5555 1301 5598 χιχ,
1329 5539 1380 5593 5.
1457 5538 1503 5569 ⁸⁸
1544 5537 1645 5591 lsa.
1681 5554 1819 5597 vai.
1853 5539 1905 5591 5.

326 5619 392 5650 ⁸³⁸
432 5618 593 5670 Prov.
624 5629 709 5669 vv.
738 5612 790 5665 5.
868 5611 911 5641 9°
955 5610 1090 5663 ibid.
1124 5610 1211 5664 10.
1286 5611 1328 5641 ⁹¹
1375 5607 1539 5662 Εθοίίι
1580 5624 1632 5667 x.
1660 5609 1749 5659 53-

706 5684 750 5715 "
791 5681 976 5734 Matth.
1028 5696 1112 5741 xv,
1144 5679 1211 5732 ς’2-6
1308 5679 1350 5708 ⁸⁷
1396 5678 1530 5730 ibid.
1560 5679 1649 5732 ‘27.
1728 5677 1771 5708 ²¹¹¹
1812 5678 1943 5731 ibid.
1986 5678 2073 5729 ‘23.

162 5622 251 5674 i3.

184 5696 205 5721 ⁵
248 5687 390 5743 Ρωι.
426 5701 542 5745 αλι..
580 5685 631 5736 ις.

2361 4996 2642 5053 HOMILIA
2690 4998 2874 5053 LXIX.

2238 5088 2315 5142 De
2350 5089 2549 5161 pudore
2582 5100 2631 5143 et
2660 5093 2993 5145 verecundia.

1905 5180 2288 5243 Verecundia,.
2320 5180 2651 5247 charissimi,
2706 5182 2820 5236 sive
2855 5182 3032 5251 pudor
3069 5183 3158 5252 qui
3206 5199 3395 5237 secun-

1832 5269 1963 5324 dum
2019 5271 2188 5324 Deum
2239 5283 2345 5337 cst,
2398 5282 2605 5340 quanto
2660 5273 2913 5342 pramitet
2973 5274 3197 5328 decere!
3251 5275 3394 5329 Nihil

1832 5363 1979 5415 enim
2023 5360 2262 5416 admittit
2314 5362 2647 5443 insincerum
2692 5370 2788 5417 aut
2834 5366 3197 5435 permistum;
3247 5366 3396 5422 nulla

2019 5537 2064 5569 ⁸⁷
2103 5538 2262 5593 Prov.
2296 5524 2385 5604 xiv,
2423 5539 2507 5593 12.
2583 5540 2630 5571 ’⁸
2669 5539 2803 5593 ibid.
2835 5540 2924 5595 52.

1826 5610 1869 5639 ⁹²
1892 5609 2051 5661 Prov.
2086 5610 2343 5673 “mli.
2418 5610 2462 5640 ”
2504 5608 2663 5663 Prov.
2702 5626 2795 5673 xu,
2835 5614 2883 5666 1.

3018 5541 3062 5574 ⁸¹⁹
3104 5542 3258 5596 Prov.
3313 5557 3389 5598 nt.

2959 5611 3006 5644 “
3043 5612 3181 5667 Psul.
3224 5629 3293 5675 γι,
3334 5614 3386 5669 ‘2.
