4030 6296
460 5092 471 5099 ’
573 5099 748 5155 monis
797 5098 841 5151 ⁸.
901 5116 919 5148 ι
973 5096 1039 5151 Et
1092 5112 1105 5149 :

560 267 697 332 1635

1821 270 2186 330 ANTIOCHI
2220 270 2565 329 MONACHI

3689 265 3836 334 16316

554 385 779 454 pallenti
824 384 1075 453 rubigine
1113 385 1339 438 vitiatur
1383 386 1759 455 liypocriscos,
1803 386 1940 439 nihil
1972 386 2027 439 in
2071 400 2129 439 se

2235 383 2734 455 παρῤησιασθῶμεν
2759 384 2819 436 ἐν
2844 386 2909 453 τῇ
2938 382 3214 453 παρουσίᾳ
3242 380 3339 435 τοῦ
3373 380 3593 452 Κυρίου
3614 396 3631 409 ·
3664 383 3837 451 £77:-

558 488 813 543 prorsum
862 473 1030 526 habet
1073 471 1219 541 quod
1272 473 1706 542 reprehensione
1754 474 1981 545 dignum
2033 474 2125 528 sit.

559 564 669 618 Nec
714 563 913 625 solum.
950 562 1044 617 sed
1079 571 1135 615 et
1180 563 1324 616 inter
1369 564 1541 618 Deum
1587 580 1799 635 nosque
1844 573 2173 635 sequester,

557 661 659 707 est.
692 652 963 707 Pudorem
995 652 1142 705 hunc
1174 652 1342 723 igitur
1365 662 1774 710 antevertamus
1803 656 2042 725 assequi,
2069 663 2131 710 ut

559 743 611 796 in
648 743 930 797 Dominico
963 742 1202 796 adventu
1250 745 1458 814 majore
1495 760 1621 799 cum
1658 745 1857 801 fiducia
1883 762 2127 816 praesen-

560 847 780 889 temur:
809 834 1026 888 vicinus
1072 834 1220 888 enim
1267 835 1417 889 illius
1449 835 1717 891 adventus
1758 845 1862 899 est,
1906 844 1963 891 et
1999 852 2128 891 ecce

556 941 658 995 pro
711 924 921 979 foribus
963 926 1187 979 assistit.
1228 924 1359 991 Quae
1402 926 1551 980 enim
1598 927 1903 981 secundum
1955 928 2128 981 Deum

560 1014 892 1069 verecundia
916 1023 1020 1079 est,
1047 1032 1117 1070 ne
1134 1025 1347 1070 annutu
1373 1017 1594 1085 quidem
1618 1026 1713 1070 aut
1731 1018 1886 1071 vultu
1913 1027 2128 1072 arrecto

554 1107 700 1165 ausit
730 1108 1030 1177 quidquam
1078 1118 1285 1177 petere,
1331 1116 1427 1162 aut
1463 1108 1682 1178 quidvis
1709 1118 1975 1179 praesente
2017 1111 2128 1165 Deo

558 1197 789 1252 liberius
840 1198 1201 1267 depromere,
1255 1213 1367 1268 pra:
1419 1200 1690 1254 malorum
1754 1201 2126 1265 multitudine,

552 1302 791 1355 quorum
827 1287 928 1356 ipsi
958 1287 1115 1341 nobis
1142 1287 1346 1341 conscii
1377 1302 1589 1342 sumus.
1622 1288 1679 1343 Si
1711 1290 1932 1359 quando
1965 1289 2131 1361 igitur

555 1378 829 1431 dedecore
881 1378 1139 1447 quopiam
1190 1386 1285 1432 aut
1335 1378 1543 1446 probro
1585 1394 1956 1449 aspergemur,
2003 1396 2129 1435 mox

554 1468 861 1538 cogitemus
904 1482 1024 1521 eam
1068 1467 1487 1537 impressionem
1515 1468 1678 1523 nobis
1722 1468 1982 1524 inﬂictam
2029 1485 2130 1541 pro

556 1562 778 1615 cumulo
806 1560 994 1631 gloria:
1026 1576 1190 1628 quant
1225 1560 1384 1614 nobis
1416 1576 1446 1613 a
1481 1561 1592 1614 Deo
1630 1561 1817 1615 datum
1840 1562 1906 1616 iri
1935 1579 2126 1632 spera-

558 1668 700 1715 mus,
748 1666 984 1720 cumque
1031 1654 1248 1705 actione
1277 1652 1574 1721 gratiarum
1628 1651 1767 1705 nihil
1797 1669 1939 1723 aegre
1977 1655 2129 1709 illam

559 1745 879 1796 toleremus.
948 1742 1140 1811 Magno
1200 1743 1347 1795 enim
1406 1741 1693 1796 commodo
1749 1752 1938 1798 nostro
1993 1743 2129 1800 sinit

559 1835 702 1889 Deus
736 1849 855 1887 eam
909 1833 1068 1887 nobis
1123 1832 1316 1903 infligi,
1374 1844 1542 1903 atque
1596 1835 1669 1887 ita
1718 1833 1943 1889 interim
1995 1835 2127 1890 dum

559 1925 859 1997 ignominia
918 1923 1309 1993 percellimur,
1377 1927 1554 1980 securi
1609 1924 1817 1980 erimus
1891 1927 2130 1981 tristitiae

558 2017 759 2082 omnis,
790 2016 942 2070 nulla
978 2030 1079 2068 nos
1108 2017 1324 2069 conciet
1350 2016 1553 2070 mentis
1587 2016 1959 2086 intemperies.
1985 2016 2129 2071 Sane

560 2125 667 2162 non
699 2123 890 2178 parum
921 2108 1095 2163 vereri
1124 2107 1388 2162 debemus
1426 2107 1714 2162 Dominum
1744 2106 1836 2177 qui
1868 2116 2017 2162 tanta
2044 2106 2126 2162 le-

560 2199 729 2252 nitate
775 2198 1043 2251 malorum
1074 2198 1320 2250 omnium
1354 2213 1475 2266 qua:
1518 2200 1804 2267 gessimus,
1843 2196 2126 2252 oblivisci-

562 2299 671 2353 tur,
703 2290 749 2342 si
776 2287 997 2358 quando
1028 2288 1183 2351 alias,
1223 2303 1369 2342 nunc
1395 2288 1628 2342 maxime
1668 2288 1951 2358 temporis,
1972 2290 2128 2359 juxta

562 2381 613 2433 id
660 2379 805 2449 quod
836 2379 1043 2433 dictum
1077 2389 1180 2433 est.
1214 2380 1403 2448 Neque
1432 2380 1581 2433 enim
1629 2395 1777 2434 nunc
1808 2380 1895 2434 vel
1925 2380 2129 2451 obgan-

560 2471 681 2523 nire
706 2470 833 2523 licet
864 2477 959 2522 aut
987 2470 1200 2538 aperire
1226 2484 1306 2523 os.
1340 2468 1645 2538 Siquidem,
1672 2471 1921 2535 Domine,
1955 2470 2130 2525 servis

565 2562 673 2614 tuis
701 2571 754 2614 et
786 2561 855 2614 iis
888 2561 982 2630 qui
1020 2572 1070 2614 te
1104 2562 1311 2624 colunt,
1349 2561 1600 2615 confusio
1643 2561 1828 2616 inusta
1859 2570 1945 2617 est
1971 2571 2029 2617 et
2056 2562 2125 2617 il-

561 2653 731 2706 latum
767 2652 1145 2720 opprobrium.
1176 2651 1300 2704 Tibi
1327 2651 1475 2704 enim
1518 2649 1631 2705 Deo
1664 2662 1855 2705 nostro
1887 2650 2125 2722 justitia,

562 2742 718 2794 nobis
748 2751 934 2793 autem
963 2740 1214 2794 confusio
1242 2740 1426 2794 vultus
1461 2741 1655 2801 nostri,
1695 2750 1754 2795 ut
1788 2742 1902 2796 lucc
1934 2742 2129 2811 probat

563 2832 680 2884 dies
712 2830 891 2895 nobis,
932 2830 1275 2899 principibus
1308 2830 1513 2883 nostris
1541 2838 1599 2884 et
1637 2832 1861 2899 regibus
1900 2834 2125 2894 nostris,

561 2923 690 2992 quia
739 2924 1106 2991 peccavimus,
1159 2922 1345 2990 inique
1390 2922 1603 2992 egimus
1632 2930 1690 2976 et
1728 2938 1760 2976 a
1798 2924 2126 2979 rectitudine

561 3013 883 3068 deflevimus
910 3013 1011 3066 viae
1036 3022 1160 3076 tuaz,
1188 3028 1289 3067 nec
1322 3013 1594 3067 mandatis
1623 3014 1731 3067 tuis
1758 3014 2123 3070 obedivimus.
2157 3008 2197 3076 η’

561 3108 693 3173 Qua:
720 3106 867 3160 enim
916 3105 1238 3175 prophetico
1268 3104 1482 3159 afﬂatus
1523 3105 1717 3175 spiritu
1769 3106 1951 3160 futura
1982 3123 2124 3177 pra:-

561 3197 737 3251 cinuit
767 3196 1051 3256 Jeremias.
1081 3211 1227 3250 nunc
1270 3197 1533 3265 temporis
1558 3198 1854 3268 contigere.
1901 3199 1952 3253 Is
1977 3200 2126 3253 enim

561 3289 678 3341 ait:
722 3306 740 3337 ι
782 3287 1008 3342 Confusi
1041 3301 1249 3351 sumus,
1278 3288 1406 3355 quia
1434 3287 1746 3342 audivimus
1768 3290 2126 3358 opprobrium

564 3387 832 3433 nostrum.
866 3377 1095 3447 Operuit
1134 3377 1430 3446 ignominia
1477 3378 1671 3433 faciem
1700 3391 1968 3447 nostram,
1999 3384 2128 3451 quia

566 3470 795 3539 ingressi
829 3479 956 3522 sunt
1001 3468 1323 3537 alienigena:
1361 3471 1670 3525 sanctuaria
1704 3481 1893 3526 nostra
1934 3473 1989 3527 in
2023 3474 2125 3528 do-

565 3576 712 3613 mum
748 3560 981 3613 Domini.
1017 3578 1036 3611 )
1073 3559 1178 3614 Sed
1211 3570 1267 3614 et
1301 3561 1509 3616 David:
1546 3581 1566 3613 ι
1602 3563 1685 3617 Tu
1718 3564 1828 3621 scis
1850 3564 2126 3635 imprope—

566 3652 707 3705 rium
751 3666 956 3715 meum,
986 3660 1042 3705 et
1072 3651 1446 3707 confusionem
1478 3670 1654 3708 meam
1684 3657 1751 3719 ",
1780 3665 1837 3711 et
1864 3672 2125 3711 reveren-

567 3740 696 3795 tiam
726 3756 902 3795 meam
934 3743 972 3804 ¹,
1025 3740 1235 3810 1132
1273 3746 1402 3811 quia
1442 3752 1553 3797 tota
1587 3744 1676 3798 die
1714 3745 1964 3800 confusio
2008 3762 2127 3800 mea

564 3838 754 3883 contra
786 3845 871 3885 me
900 3832 1049 3885 est'.
1088 3849 1107 3882 ι
1144 3831 1249 3885 Et:
1291 3849 1309 3882 ι
1345 3831 1607 3887 Confusio
1645 3833 1804 3888 faciei
1833 3851 1967 3891 mete
2027 3852 2125 3889 co-

564 3921 782 3988 operuit
801 3935 887 3974 me
906 3920 945 3973 ³.
976 3939 993 3970 ι
1018 3920 1296 3990 Ejusmodi
1328 3920 1494 3991 igitur
1514 3923 1690 3991 pudor
1721 3924 1836 3979 sive
1861 3940 2126 3979 verecun-

567 4011 653 4064 dia
694 4012 853 4080 plane
891 4011 1032 4065 hona
1071 4018 1177 4073 est,
1211 4026 1335 4065 cum
1378 4012 1681 4066 secundum
1717 4014 1886 4068 Deum
1937 4015 2028 4076 sit.
2070 4025 2128 4069 ut

568 4118 687 4170 qua:
716 4101 991 4155 hominem
1020 4100 1246 4156 adducit
1276 4101 1345 4155 ad
1382 4103 1780 4172 paenitentiam,
1807 4120 1870 4159 ac
1898 4106 2127 4174 proinde

570 4208 676 4245 non
711 4192 1042 4247 mediocrem
1081 4191 1245 4245 affert
1274 4192 1470 4247 anima:
1505 4193 1781 4248 fiduciam.
1815 4194 1913 4249 Est
1946 4206 2128 4249 autem

567 4292 624 4337 et
647 4283 814 4338 altera
847 4281 1187 4337 confusionis
1212 4282 1328 4337 sive
1355 4284 1705 4339 verecundiae
1736 4286 1951 4354 species
1972 4286 2128 4354 plane

569 4375 729 4426 noxia
756 4389 817 4428 ac
841 4374 1255 4437 detrimentosa,
1285 4374 1586 4428 secundum
1619 4375 1983 4445 Scripturam,
2007 4392 2130 4445 quae

568 4463 738 4517 dicit:
791 4482 809 4514 ι
844 4462 940 4518 Est
988 4463 1239 4518 confusio
1270 4464 1554 4520 adducens
1599 4476 1911 4535 peccatum,
1946 4480 1999 4522 et
2044 4478 2128 4523 est

568 4552 818 4608 confusio
860 4554 1029 4624 gloria
1074 4562 1129 4608 et
1160 4556 1335 4624 gratia
1364 4554 1403 4609 ‘.
1449 4574 1466 4606 ι
1512 4556 1768 4625 Plerique
1810 4558 1955 4611 enim
1994 4557 2124 4611 dum

568 4645 707 4700 alios
758 4644 1008 4714 improbo
1058 4644 1257 4699 timore
1301 4654 1584 4709 verentur,
1631 4645 1685 4699 in
1729 4646 1939 4700 diaboli
1990 4648 2127 4701 retia

444 4782 469 4795 χ
571 4753 680 4791 non
705 4738 871 4792 semel
898 4736 1133 4791 revoluti
1165 4744 1311 4790 sunt.
1343 4737 1515 4790 Infert
1543 4755 1556 4790 :
1591 4756 1609 4787 ι
1644 4737 1748 4803 Qui
1780 4753 1887 4791 non
1918 4740 2128 4793 revelat

572 4830 902 4899 impietatem
935 4842 1110 4891 suam,
1155 4843 1262 4881 non
1312 4829 1882 4899 prosperabitur;qui
1941 4838 2126 4885 autem

571 4918 793 4988 exponit
840 4925 896 4971 et
933 4914 1316 4983 reprehendit,
1369 4914 1627 4985 diligetur
1668 4915 1709 4968 ⁸.
1774 4933 1792 4965 ι
1858 4916 2067 4968 Rursus
2107 4930 2120 4965 :

579 5028 598 5061 ι
635 5009 822 5064 Justus
864 5012 1147 5060 accusator
1180 5014 1265 5057 est
1311 5004 1574 5073 suiipsius
1616 5004 1671 5058 in
1704 5003 1975 5074 principio
2004 5018 2121 5058 ser-

1163 5113 1181 5146 ι
1238 5096 1454 5163 Quanto
1508 5106 1754 5167 tempore
1804 5096 2126 5151 innocentes

570 5190 814 5260 proxime
841 5197 1147 5259 sequuntur
1170 5187 1461 5258 justitiam,
1492 5203 1601 5242 non
1642 5187 2054 5241 confundentur
2082 5188 2125 5240 '.

571 5282 738 5336 Nosse
769 5282 914 5336 enim
950 5281 1145 5350 legem,
1177 5279 1377 5333 mentis
1416 5288 1502 5333 est
1540 5279 1698 5333 honre
1728 5280 1772 5332 ⁸.
1811 5297 1829 5329 ι
1874 5279 2127 5333 inducit:

581 5393 598 5424 ι
635 5374 831 5427 Beatus
858 5372 951 5442 qui
980 5373 1035 5425 in
1067 5370 1325 5426 omnibus
1356 5371 1513 5425 timet
1541 5379 1767 5440 propter
1800 5369 2133 5441 circumspe-

573 5464 829 5519 ctionem.
866 5484 883 5515 ι
926 5464 1031 5517 Et:
1075 5482 1091 5512 ι
1130 5463 1378 5530 Prmpara
1408 5463 1475 5516 ad
1509 5463 1715 5517 exitum
1746 5478 1911 5531 opera
1952 5473 2063 5518 tua.
2106 5483 2125 5512 ι

2231 493 2326 531 κεν
2369 476 2479 546 γὰρ
2527 476 2623 530 καί
2662 475 2757 529 ἐπὶ
2796 474 2985 543 θύραις
3031 473 3203 527 ἐστίν.
3256 473 3452 526 Ἔστιν
3482 472 3546 526 δὲ
3591 474 3631 542 ἡ
3683 476 3835 527 κατά

2230 565 2362 619 Θεὸν
2390 565 2643 635 αἰσχύνη,
2680 562 2772 617 τοῦ
2805 564 2880 635 μὴ
2910 561 3114 632 τολμᾷν
3144 562 3281 625 ὅλως
3313 561 3601 615 ἀνανεύειν
3642 562 3831 628 αὐτῷ,

2230 656 2325 707 καὶ
2354 653 2831 725 παρρησιάζεσθαι
2855 651 3085 705 ἐνώπιον
3111 651 3205 703 τοῦ
3230 649 3389 714 Θεοῦ,
3412 650 3504 702 διά
3528 651 3598 704 τά
3638 650 3833 722 πλήθη

2229 745 2338 798 τῶν
2389 744 2579 798 κακῶν
2623 737 2704 798 ὧν
2739 745 2953 807 ἑαυτοῖς
3000 741 3474 812 συγγινώσκομεν.
3526 744 3651 797 Kal-
3695 745 3832 797 ὅταν

2230 830 2323 889 οὖν
2354 835 2579 903 ἀτιμίαν
2622 833 2747 886 τινὰ
2778 833 2929 904 παρά
2976 832 3283 904 ἀνθρώπων
3326 834 3615 904 πάθωμεν,
3650 836 3831 900 εὐθὺς

2227 923 2327 993 τῆς
2355 925 2504 993 παρά
2531 922 2667 976 Θεοῦ
2702 922 2859 991 δόξης
2884 923 2983 993 τὴν
3009 923 3280 993 ἐπιφορὰν
3312 925 3693 994 ἐννοήσωμεν,
3726 929 3830 980 καὶ

2228 1014 2566 1084 εὐχαρίστως
2596 1014 2661 1066 δι’
2699 1014 2978 1083 ὑπομονῆς
3009 1012 3313 1083 δεξώμεθα.
3357 1014 3533 1086 ’Υπὲρ
3572 1017 3692 1087 γὰρ
3725 1017 3828 1071 τεῦ

2229 1104 2599 1175 συμφέροντος
2631 1105 2764 1175 ἡμῖν
2795 1104 2990 1172 ἐπάγει
3018 1107 3047 1158 ὁ
3071 1105 3204 1168 Θεός
3222 1122 3237 1135 ·
3273 1106 3365 1159 καὶ
3390 1106 3485 1160 ἐπὶ
3512 1110 3580 1178 τῇ
3610 1111 3824 1178 ἀτιμίᾳ

2228 1194 2423 1250 ἄλυποι
2454 1197 2547 1247 καὶ
2586 1195 2850 1265 ἀτάραχοι
2897 1194 3156 1264 ἐσόμεθα.
3206 1196 3348 1249 Πολὺ
3389 1193 3483 1250 οὖν
3516 1197 3823 1268 ὀφείλομεν

2230 1286 2494 1340 αἰδεῖσθαι
2523 1286 2614 1339 τὸν
2644 1286 3021 1355 ἀμνησίκακον
3068 1286 3294 1357 Κύριον.
3333 1288 3445 1341 Καὶ
3474 1289 3724 1358 μάλιστα
3754 1292 3819 1342 ἐν

2227 1377 2307 1447 τῷ
2333 1378 2588 1431 ἐνεστῶτι
2621 1376 2819 1446 καιρῷ,
2847 1376 2986 1430 κατά
3011 1377 3072 1429 τὸ
3100 1376 3426 1447 εἰρημένονο
3454 1378 3570 1431 Kal
3594 1379 3697 1433 νῦν
3714 1382 3819 1433 οὐκ

2229 1468 2376 1522 ἐστιν
2415 1471 2546 1538 ἡμῖν
2592 1467 2801 1532 ἀνοῖξαι
2828 1466 2887 1519 τὸ
2940 1467 3133 1536 στόμα,
3191 1469 3424 1537 αἰσχύνη
3463 1470 3566 1523 καὶ
3606 1470 3821 1534 δνειδος

2230 1558 2568 1629 ἐγενήθημεν
2598 1560 2711 1621 τοῖς
2761 1558 2970 1621 δούλοις
3015 1574 3131 1622 σου,
3180 1560 3274 1612 καὶ
3320 1562 3434 1622 τοῖς
3488 1560 3820 1629 σεϐομένοις

2233 1666 2312 1703 σε.
2345 1648 2435 1719 Τῷ
2475 1648 2583 1719 γὰρ
2604 1648 2795 1719 Κυρίῳ
2818 1648 2897 1719 τῷ
2920 1646 3040 1718 Θεῷ
3068 1647 3222 1718 ἡμῶν
3247 1650 3281 1719 ἠ
3306 1648 3651 1720 δικαιοσύνη,
3682 1653 3819 1720 ἡμῖν

2162 1722 2201 1780 θ
2230 1741 2286 1795 δὲ
2329 1742 2364 1813 ἡ
2405 1742 2635 1811 αἰσχύνη
2680 1742 2789 1794 τῶν
2834 1739 3142 1813 προσώπων
3178 1740 3356 1810 ἡμῶν,
3401 1741 3478 1805 ὡς
3534 1745 3570 1813 ἠ
3623 1744 3818 1814 ἡμέρα

2229 1832 2366 1903 αὕτη
2393 1834 2523 1903 ημῖν
2549 1835 2646 1887 καὶ
2680 1836 2793 1897 τοῖς
2839 1834 3101 1906 ἄρχουσιν
3131 1834 3304 1905 ἡμῶν,
3354 1834 3454 1886 καὶ
3480 1839 3602 1898 τοίς
3655 1835 3817 1905 βασι-

2228 1921 2477 1974 λεύουσιν
2526 1921 2719 1992 ήμῶν·
2770 1923 2851 1975 ὅτι
2902 1922 3243 1992 ἡμάρτομεν,
3295 1924 3392 1974 καὶ
3422 1924 3813 1993 ἠνομήσαμεν,

2227 2016 2324 2068 καὶ
2351 2014 2731 2086 ἐξημάρτομεν
2760 2018 2817 2069 ὲν
2862 2017 3019 2080 πᾶσι,
3052 2016 3274 2070 καὶτῶν
3306 2017 3547 2070 ἐντολῶν
3588 2035 3690 2071 σου
3718 2020 3814 2073 oin:

2229 2106 2563 2176 ⁴ίμιούσοιμεν,
2596 2105 2780 2170 καθὼς
2818 2107 2912 2160 καὶ
2954 2110 2983 2161 ὁ
3025 2107 3295 2178 Ἱερεμίας
3331 2110 3710 2180 προφητεύων
3750 2116 3816 2164 τὶ

2229 2196 2323 2249 νῦν
2370 2198 2503 2266 ἡμῖν
2547 2196 2851 2267 συμϐάντα,
2901 2198 3026 2249 τάδε
3103 2198 3287 2268 φησὶν,
3354 2216 3376 2250 ι
3429 2200 3813 2271 ᾘσχύνθημει

2227 2289 2309 2341 ὅτι
2353 2287 2666 2359 ἠκούσαμεν
2708 2288 3007 2358 ὀνειδισμὸν
3056 2289 3233 2360 ἡμῶν,
3284 2291 3381 2344 καὶ
3430 2292 3815 2360 κατεκάλυύεν

2228 2378 2418 2447 ἀτιμία
2449 2379 2511 2432 τὸ
2544 2380 2834 2449 πρόσωπον
2865 2380 3047 2450 ἡμῶν,
3083 2382 3166 2433 ὅτι
3206 2380 3460 2451 εἰσῆλθον
3494 2382 3812 2451 ἀλλογενεὶς

2228 2471 2307 2532 εἰς
2338 2471 2409 2522 τά
2441 2471 2572 2537 ἆγια
2611 2469 2791 2539 ⁴ἡμῶν,
2826 2471 2906 2533 εἰς
2947 2465 3098 2524 οἷκον
3126 2469 3352 2540 Κυρίου.
3392 2490 3413 2521 ι
3447 2472 3598 2541 Φησὶ
3632 2472 3692 2526 δὲ
3723 2474 3815 2526 καὶ

2227 2563 2256 2614 ὁ
2293 2559 2474 2626 Δαυῖδ,
2528 2578 2549 2611 ι
2588 2561 2662 2614 Σὺ
2718 2562 2826 2632 γὰρ
2858 2561 3148 2630 γινώσκεις
3186 2561 3279 2615 τὸν
3318 2562 3636 2633 ὀνειδισμὸν
3688 2580 3808 2633 μου,

2228 2652 2323 2705 καὶ
2353 2652 2455 2723 τὴν
2487 2651 2748 2722 αἰσχύνην
2802 2670 2927 2723 μου,
2964 2654 3061 2707 καὶ
3104 2652 3203 2724 τὴν
3244 2654 3517 2725 ἑντροπήν
3554 2672 3700 2724 μουο
3732 2655 3811 2707 ὅτι

2227 2743 2353 2812 ὃλην
2381 2742 2479 2812 τὴν
2509 2742 2721 2814 ἡμέραν
2758 2744 2792 2814 ἡ
2834 2744 3070 2815 ὲντροπή
3120 2760 3224 2815 μου
3264 2745 3387 2797 κατ’
3427 2745 3681 2798 ἐναντίον
3712 2762 3809 2814 μου

2228 2834 2396 2888 ἐστίν.
2434 2852 2453 2884 ι
2491 2834 2621 2895 Kal,
2663 2853 2682 2885 ι
2724 2834 2791 2887 Ἥ
2812 2833 3042 2904 αἰσχύνη
3085 2834 3178 2888 τοῦ
3210 2833 3510 2904 προσώπου
3550 2853 3655 2905 μου
3687 2838 3804 2890 εκά-

2228 2924 2392 2993 λυψέν
2439 2941 2530 2993 με.
2573 2941 2592 2976 ι
2641 2924 2791 2994 Αὕτη
2827 2925 3009 2978 τοίνυν
3043 2926 3193 2979 ἐστὶν
3242 2928 3275 2995 ἡ
3326 2925 3465 2996 καλὴ
3522 2928 3624 2979 καὶ
3669 2930 3808 2981 κατὰ

2227 3015 2359 3068 Θεὸν
2404 3014 2656 3085 αἰσχύνη,
2693 3014 2812 3085 ἥτις
2862 3017 2941 3079 εἰς
3000 3016 3286 3085 μετάνοιαν
3343 3017 3444 3071 καὶ
3492 3021 3807 3090 παρρησίαν

2232 3107 2353 3174 ἄγει
2382 3107 2471 3159 τὸν
2502 3104 2805 3175 ἄνθρωπον.
2841 3106 3028 3161 Ἔστιν
3068 3107 3127 3160 δὲ
3170 3108 3265 3160 καὶ
3311 3108 3547 3180 αἰσχύνη
3580 3110 3807 3163 ἐπιϐλα-

2230 3195 2350 3265 6ὴς,
2384 3194 2529 3249 κατά
2550 3195 2648 3265 τὴν
2688 3195 2949 3264 λέγουσαν
2974 3196 3197 3267 Γραφήν
3218 3210 3233 3226 ο
3280 3215 3302 3249 ι
3350 3199 3545 3252 Ἔστιν
3576 3201 3805 3271 αἰσχύνη

2227 3285 2506 3352 ἐπάγουσα
2567 3284 2883 3355 ἁμαρτίαν⁸
2967 3285 3061 3338 καί⁵
3132 3285 3279 3338 ἔστιν
3335 3285 3609 3359 αἰσχύνη,
3679 3291 3804 3354 δόξα

2229 3375 2322 3427 καὶ
2385 3375 2565 3446 χάρις.
2638 3394 2658 3427 ι
2711 3375 2903 3428 Πολλοὶ
2983 3376 3090 3446 γὰρ
3165 3377 3551 3446 αἰσχυνόμενοί
3617 3397 3799 3443 τινας,

2228 3466 2651 3536 περιπίπτουσιν
2688 3469 2801 3530 τοῖς
2837 3466 3077 3530 δικτύοις
3101 3468 3198 3521 τοῦ
3224 3468 3495 3523 διαϐόλου.
3540 3471 3657 3525 Καὶ
3685 3473 3803 3525 ἑπι-

2228 3558 2405 3627 φέρει,
2442 3576 2461 3608 ι
2505 3557 2562 3609 '0
2617 3556 3019 3610 ἀποκαλύπτων
3062 3558 3315 3613 ἀσέὸειαν
3359 3559 3551 3624 αὐτοῦ,
3588 3562 3691 3615 ούκ
3719 3565 3802 3614 εί-

2226 3650 2581 3719 οδωθήσεται.
2612 3650 2668 3703 Ὀ
2689 3650 2745 3704 δὲ
2774 3649 3131 3721 ἐξηγούμενος
3170 3652 3265 3705 καὶ
3291 3652 3555 3722 ἐλέγχων,
3582 3656 3800 3724 ἀγαπη-

2228 3741 2474 3813 θήσεται.
2508 3761 2526 3794 )
2559 3742 2669 3796 Kal
2715 3738 2894 3807 αὖθις,
2943 3762 2962 3795 ι
3005 3744 3223 3807 Δίκαιος
3252 3745 3448 3797 ἑαυτοῦ
3494 3748 3796 3816 κατήγοίης

2229 3836 2285 3886 ὲν
2316 3834 2679 3905 πρωτολογίᾳ.
2715 3854 2733 3887 ι
2771 3837 2880 3890 Καὶ
2914 3837 2995 3901 τὸ,
3029 3856 3049 3888 ι
3086 3838 3249 3890 Ὅσον
3285 3837 3352 3891 ἂν
3380 3839 3574 3908 μνον
3603 3841 3797 3893 ἇκακηι

2228 3922 2455 3991 ἔχωνται
2485 3926 2580 3994 τῆς
2597 3925 2963 3997 δικαιοσύνης,
2986 3928 3086 3980 ούκ
3102 3924 3575 3999 αἰσχυνθήσονται.
3590 3948 3610 3981 ι
3622 3961 3681 3972 -
3698 3930 3758 3983 «Ἰ
3771 3932 3799 3984 ὸ

2228 4011 2335 4083 γὰρ
2378 4014 2578 4080 γνῶναι
2625 4017 2809 4085 νόμον,
2859 4016 3097 4081 διανοίας
3146 4021 3292 4073 ἐστὶν
3330 4021 3564 4090 ἀγαθῆς.
3623 4041 3642 4073 ι
3690 4024 3798 4075 Kal

2228 4104 2449 4181 ἐπάγει,
2487 4125 2506 4156 ι
2527 4107 2814 4177 Μακάριος
2844 4107 2904 4171 ὃς
2928 4112 3298 4181 καταπτήσσει
3331 4111 3509 4165 πάντα
3537 4112 3609 4165 δι’
3642 4114 3798 4167 stili-

2229 4179 2399 4248 ὄέιαν.
2439 4214 2458 4247 ι
2495 4198 2603 4250 Kal
2635 4197 2715 4261 τὸ,
2748 4215 2768 4250 ι
2809 4197 3093 4269 Ἑτοίμαζε
3127 4179 3207 4265 εἰς
3230 4202 3331 4272 τὴν
3360 4202 3538 4268 ἔξοδον
3569 4206 3639 4258 τά
3664 4206 3795 4275 ἔργα

2231 4302 2346 4340 σου.
2388 4304 2407 4337 ι
2443 4289 2572 4351 Καὶ,
2615 4306 2634 4337 ι
2681 4290 2773 4360 Μὴ
2813 4291 3105 4362 αἰσχυνθῇς
3127 4293 3458 4365 ὁμολογῆσαι
3499 4298 3590 4364 ἐφ’
3621 4299 3795 4368 ἀμαρ-

2230 4379 2371 4440 τίαις
2409 4395 2523 4431 σου.
2574 4396 2591 4429 ι
2636 4380 2972 4450 Διακρίσεως
3016 4381 3148 4449 γοῦν
3193 4384 3366 4438 δεῖται
3411 4388 3440 4439 ὁ
3486 4386 3793 4459 ἄνθρωπος,

2158 4448 2204 4506 ῐ)
2233 4470 2317 4521 ἵνα
2350 4469 2461 4539 γνῷ
2490 4469 2592 4522 ποῦ
2635 4470 2735 4540 μὲν
2768 4448 2968 4540 όφείλει
2997 4474 3352 4544 αἰσχυνθῆναι
3380 4478 3475 4530 ἐπὶ
3519 4448 3795 4551 σωτηρίας

2228 4561 2326 4628 τῆς
2353 4559 2545 4612 ἑαυτοῦ
2591 4559 2790 4629 ψυχῆς,
2826 4559 2928 4614 ποῦ
2963 4562 3018 4615 δὲ
3057 4565 3152 4618 καὶ
3188 4565 3594 4622 ἀποϐάλλεσθαι
3627 4572 3793 4640 αὐτὴν

2230 4650 2302 4713 ὡς
2329 4651 2663 4720 ἑφάμαρτον.
2703 4652 2891 4705 Ἔστιν
2919 4655 3027 4724 γὰρ
3056 4655 3317 4725 αἰσχύνης
3344 4658 3502 4729 χάριν
3525 4661 3789 4730 ἐπαγγελ⁸

2230 4738 2453 4809 λόμενος
2480 4741 2557 4811 τῷ
2585 4742 2774 4796 ἑαυτοῦ
2806 4743 2963 4814 φίλῳ,
2994 4747 3087 4798 καὶ
3112 4748 3378 4817 ἐκτήσατο
3411 4750 3577 4804 αὐτὸν
3606 4753 3794 4822 ἐχθρὸν

2230 4828 2454 4898 δωρεάν.
2513 4829 2702 4899 Ἡμεῖς
2738 4830 2852 4897 οὖν,
2883 4833 3178 4903 ἀγαπητὴ,
3211 4835 3310 4906 τὴν
3350 4839 3493 4890 κατὰ
3537 4840 3673 4894 Θεὸν
3711 4845 3795 4894 αἰ-

2232 4920 2432 4989 σχύνην
2483 4922 2863 4993 κατάσχωμεν,
2917 4923 3241 4993 μιμούμενοι
3288 4928 3380 4979 τὸν
3425 4929 3665 5000 τελώνην
3710 4936 3792 4984 τὶν

2230 5009 2544 5080 αἰδούμενον
2595 5011 2893 5080 ἀναϐλέψαι
2928 5016 3021 5076 ,εἰς
3068 5016 3157 5069 τὸν
3207 5017 3469 5084 οὐρανὸν,
3517 5022 3654 5074 ἀλλά
3702 5024 3793 5076 τύ-

2231 5117 2432 5153 πτοντα
2459 5103 2521 5154 τὸ
2535 5100 2726 5154 ἑαυτοῦ
2747 5102 2964 5171 στῆθος,
2992 5108 3085 5157 καὶ
3104 5106 3382 5174 λέγοντα,ι
3406 5108 3465 5162 Ὀ
3496 5110 3650 5175 Θεὸς,
3687 5114 3793 5165 ἱλά-

2230 5193 2388 5263 σθητί
2422 5193 2602 5262 μοιτῷ
2630 5195 2973 5266 ἁμαρτωλῷ]
3005 5214 3024 5248 ι
3056 5198 3142 5251 ἵνα
3176 5201 3270 5251 καὶ
3293 5204 3391 5270 τῆς
3421 5203 3669 5270 ἀφέσεως
3692 5206 3794 5257 τῶν

2229 5283 2515 5354 ἁμαρτιῶν
2560 5285 2758 5354 ὁμοίως
2798 5286 3050 5356 τύχωμεν
3099 5291 3156 5341 ὲν
3209 5291 3430 5361 Χριστῷ
3490 5294 3673 5363 Ἰησοῦ
3724 5294 3792 5365 τῷ

2233 5376 2420 5444 Κυρίῳ
2468 5375 2643 5446 ἡμῶν.
2685 5370 2756 5446 ᾯ
2789 5379 2821 5447 ἠ
2860 5378 2987 5442 δόξα
3026 5381 3119 5432 καὶ
3163 5380 3223 5432 τὸ
3274 5384 3500 5451 κράτος,
3552 5388 3629 5448 εἰς
3675 5387 3791 5445 τοὺς

2232 5463 2453 5526 αἰῶνας.
2495 5466 2686 5534 Ἀμήν.

639 5578 683 5651 ξ’
720 5577 916 5631 Jercm.
948 5579 1128 5651 LILSI.
1162 5649 1174 5651 Α
1208 5582 1233 5651 ‘7
1263 5579 1400 5632 Psal.
1444 5595 1632 5651 nxvut,
1659 5581 1746 5633 ΞΟ.
1792 5582 1843 5651 γ’
1886 5580 2025 5632 l’sal.
2067 5596 2225 5640 xun,
2262 5581 2343 5633 16.
2423 5580 2441 5610 ³
2483 5581 2617 5634 ibid.
2693 5581 2713 5612 ⁸
2747 5582 2914 5636 Eceli.
2948 5600 3029 5648 ιν,
3063 5584 3149 5636 £25.
3227 5586 3246 5616 ⁸
3288 5585 3450 5640 Prov.
3488 5604 3670 5651 uvtu,
3710 5588 3784 5645 l3.

576 5644 597 5675 '
634 5647 787 5700 Prov.
826 5662 967 5711 nm,
1003 5648 1080 5700 l7.
1159 5649 1176 5679 ’
1219 5650 1373 5701 Prov.
1403 5666 1505 5711 XXI,
1538 5650 1625 5703 :Zl.

1702 5654 1720 5680 ⁸
1763 5650 1926 5703 Εινρὶἰ.
1958 5666 2116 5711 xxxn,
2154 5653 2236 5703 l‘).
