3916 6304
242 337 377 404 1637
1191 342 1522 402 HOMILIA
1561 344 1734 403 LXX.
1763 370 1795 378 -

1897 344 1952 402 >E
1993 343 2498 404 HUMILITATE.
3340 342 3478 403 1638

233 452 344 507 Et:
382 472 400 505 ι
455 453 532 508 Ne
580 451 936 507 conl’undaris
991 451 1242 507 confiteri
1293 460 1517 521 peccata
1564 461 1657 507 tua
1691 454 1733 506 '.
1790 472 1808 503 ι
1843 453 1961 508 Non
2010 453 2277 508 mediocri
2308 467 2447 522 opus
2477 449 2686 505 homini
2724 457 2812 505 est
2865 447 3071 503 lumine
3102 447 3476 512 discretionis,

235 557 299 602 ut
340 545 489 600 norit
536 541 631 600 ubi
662 544 862 599 debeat
913 543 1319 614 suppudescere
1351 552 1406 598 et
1467 543 1836 599 circumfundi
1873 545 2230 609 verecundia,
2273 558 2395 613 quae
2441 541 2507 596 ad
2549 543 2747 595 anima:
2789 554 2904 595 sure
2973 548 3293 609 promoveat
3327 538 3476 593 salu-

235 650 367 704 tem,
401 639 493 692 ubi
520 645 713 693 contra
745 634 945 690 debeat
969 649 1090 690 eam
1128 650 1161 690 a
1184 650 1248 690 se
1280 635 1546 691 recellere
1610 649 1675 689 ac
1706 636 2035 705 propellere,
2067 636 2215 706 quod
2281 634 2347 688 ad
2377 641 2663 703 peccatu-In
2731 631 2917 687 ducat.
2960 629 3146 685 Liceat
3215 629 3360 685 enim
3391 630 3467 683 in-

233 728 429 783 venire
452 727 545 796 qui
582 726 876 796 pollicetur
897 724 1120 795 quidem
1179 725 1445 794 suiipsius
1472 725 1652 779 amico
1681 727 1978 781 verecundi
2042 725 2272 796 pudoris
2322 724 2576 795 gratiam,
2632 721 2870 791 denique
2892 735 3017 774 eum
3044 720 3221 791 ipsum
3248 720 3480 775 sortitus

230 818 476 889 gratuito
526 817 834 872 inimicum.
880 815 992 871 Nos
1069 816 1258 887 igitur,
1317 816 1699 880 dilectissimi,
1749 832 1870 872 eam
1907 818 2255 873 verecundia:
2307 816 2551 887 speciem
2604 828 2705 885 pro
2747 813 2893 867 virili
2936 811 3099 866 nobis
3143 813 3479 867 asciscamus

233 924 356 979 qua:
389 908 693 964 secundum
739 909 914 963 Deum
947 916 1054 972 est,
1086 906 1283 961 imitati
1329 906 1613 977 publicani
1652 906 1803 963 illius
1838 908 2170 977 exemplum,
2199 907 2294 977 qui
2327 908 2414 963 vel
2478 909 2531 961 in
2595 906 2795 962 coelum
2823 904 3103 973 suspicere
3135 912 3191 957 et
3222 904 3478 957 attollere

232 1001 425 1054 oculos
496 999 815 1064 verebatur,
895 997 1120 1052 interim
1167 1011 1330 1052 suum
1374 997 1619 1051 tundens
1662 1006 1874 1065 pecms,
1915 997 2112 1068 hisque
2153 1012 2320 1053 orans
2355 998 2580 1052 verbis:
2614 1014 2632 1047 ι
2666 996 2832 1055 Deus,
2865 992 3140 1063 propitius
3181 998 3300 1047 esto
3343 989 3476 1043 mihi

227 1087 531 1156 peccaturi,
566 1075 597 1138 ι’
621 1097 681 1142 ιιι
712 1087 860 1142 illius
890 1086 1143 1156 exemplo
1178 1086 1485 1141 absolutam
1522 1095 1873 1155 peccatorum
1912 1088 2295 1143 remissionem
2347 1102 2660 1142 mercamur
2699 1084 2937 1154 assequi,
2991 1084 3048 1138 in
3088 1081 3307 1138 Christo
3345 1080 3475 1136 Iesu

234 1181 466 1236 Domino
494 1189 726 1236 nostro:
758 1180 847 1235 cui
874 1179 1048 1250 gloria
1092 1188 1147 1233 et
1172 1179 1467 1249 imperium
1514 1180 1570 1233 in
1608 1180 1806 1235 saecula
1843 1180 2192 1236 saeculorum.
2233 1182 2428 1236 Amen.

846 1273 1069 1328 ΛΟΓΟΣ
1107 1274 1181 1328 0'.

637 1365 775 1436 Περὶ
815 1363 1394 1433 ταπεινοφροσύνης.

316 1456 381 1509 Ἥ
411 1454 879 1525 ταπεινοφροσύνη
913 1453 1183 1521 ὑψιπετεῖ,
1213 1455 1303 1506 καὶ
1336 1455 1635 1524 ἀεροπόρον
1663 1454 1802 1506 ἀπο-

232 1544 379 1599 τελεῖ
408 1544 499 1597 ‘th
532 1543 836 1613 ἄνθρωπον.
876 1541 1035 1594 Ὅσον
1066 1542 1173 1612 γάρ
1198 1558 1282 1603 τις
1313 1542 1507 1594 ἑαυτὸν
1538 1546 1799 1606 ταπεινοῖ,

236 1634 647 1696 πολλαπλασίως
690 1633 813 1702 ὑψοῖ
844 1633 1005 1685 αὐτὸν
1043 1635 1070 1685 ό
1099 1632 1229 1695 Θεός
1250 1648 1266 1662 ⁸
1303 1630 1486 1695 καθὼς
1519 1633 1613 1685 καὶ
1644 1635 1671 1686 ό
1709 1631 1801 1684 τοῦ

233 1727 369 1781 Θ-οὖ
418 1725 703 1794 συνόμιλος
759 1723 999 1793 Μιυῦσῆς
1040 1720 1517 1791 ταπεινοφρονῶν,
1556 1726 1655 1774 οὑκ
1697 1723 1803 1775 ἀττ-

233 1815 489 1870 εϐάλλετο
503 1815 601 1885 τὴν
625 1812 955 1883 συμὸουλίαν
972 1811 1065 1864 τοῦ
1092 1810 1339 1881 γαμϐροῦ
1362 1810 1529 1865 αὑτοῦ
1565 1810 1766 1882 ἰὠθωρ
1785 1852 1799 1877 ,

228 1903 407 1956 καίτοι
446 1899 590 1971 μετά
644 1896 916 1960 τοσαύτας
959 1896 1281 1966 θεοφανίας,
1340 1895 1456 1949 ἀλλ’
1508 1898 1607 1949 ὅσα
1650 1893 1803 1949 εἶπεν

231 1992 401 2061 αύτῷ,
429 1990 685 2059 ἐποίησεν
708 2006 720 2018 ’
753 1987 835 2040 διὸ
882 1989 971 2040 καὶ
1004 1988 1032 2039 ό
1078 1985 1211 2049 Θεὸς
1239 1987 1402 2039 αὑτὸν
1444 1986 1802 2057 ὑπερύψωσεν

233 2082 383 2152 παρὰ
416 2081 624 2143 πάντας
656 2081 780 2143 τοὺς
812 2078 908 2132 ἐπὶ
952 2079 1077 2146 γῆς.
1127 2078 1358 2149 Ὁμοίως
1402 2078 1456 2131 δὲ
1501 2080 1597 2131 καὶ
1642 2082 1670 2131 ὁ
1703 2080 1802 2131 Γε-

228 2173 364 2226 δεὼν
409 2172 729 2240 ἀπελογεῖτο
783 2171 989 2242 μετρίῳ
1065 2174 1373 2244 φρονήματι
1431 2175 1510 2247 τῷ
1563 2175 1802 2246 Ἐφραῖμ

228 2262 423 2330 λέγων,
462 2278 479 2312 t
513 2259 578 2312 Τί
618 2260 849 2332 ἐποίησα
889 2260 983 2313 νῦν
1014 2261 1198 2325 καθὼς
1227 2262 1382 2333 ὑμεῖς
1408 2266 1733 2335 ὲποιήσατε;
1766 2265 1798 2336 ἢ

228 2354 347 2423 οὑχ).
401 2352 664 2423 κρείττων
727 2352 1012 2420 ὲπιφυλλὶς
1082 2353 1355 2425 Ἐφραῒμ,
1429 2354 1463 2426 ἢ
1530 2357 1800 2427 τρυγητὸς

236 2442 519 2515 ’Λϐιέζεμ
572 2446 629 2496 ὲν
679 2444 826 2514 χειρὶ
871 2442 1024 2513 ὑμῶν
1069 2446 1386 2515 παρέδωκεν
1435 2445 1639 2515 Κύριος
1676 2447 1799 2510 τοὺς

226 2536 493 2605 ἄρχοντας
546 2535 801 2603 Μαδιάμ·
836 2536 929 2587 καὶ
961 2535 1012 2588 τί
1047 2536 1318 2607 ἠδυνήθην
1348 2538 1568 2609 ποιῆσαι
1616 2537 1801 2599 καθὼς

1834 1279 1882 1334 Α

2450 1271 2735 1328 HOMILIA
2774 1268 2938 1325 LXX.

2152 1362 2229 1416 De
2265 1364 2525 1419 modestia
2568 1362 2738 1415 animi
2776 1361 2882 1413 sive
2912 1357 3227 1412 humilitate.

1966 1453 2234 1510 Modestia
2273 1455 2441 1509 animi
2474 1469 2595 1509 sese
2636 1453 2783 1506 ultro
2826 1450 3180 1515 dimittentis,
3226 1450 3343 1506 sive
3372 1450 3474 1505 hu-

1899 1537 2126 1604 militas,
2163 1540 2447 1595 hominem
2485 1540 2768 1594 altivolum
2822 1536 2988 1591 edicit
3034 1548 3089 1592 et
3133 1538 3468 1608 aerivagmn.

1899 1627 2115 1694 Quanto
2148 1630 2294 1684 enim
2336 1632 2461 1700 quis
2500 1646 2556 1684 se
2589 1629 2730 1683 infra
2774 1628 2982 1698 dejicit,
3028 1636 3178 1681 tanto
3207 1628 3352 1683 hunc
3382 1646 3474 1682 s1:-

1900 1719 2124 1775 blimius
2168 1721 2427 1776 subvehit
2472 1721 2617 1774 Deus
2649 1728 2707 1774 et
2744 1720 2963 1773 allevat.
3007 1718 3098 1773 Sic
3140 1717 3339 1779 Moses,
3380 1720 3473 1788 qui

1900 1802 2013 1865 Deo
2056 1819 2164 1865 tam
2209 1811 2555 1865 familiariter
2587 1810 3071 1880 congrediebatur.
3116 1809 3214 1864 llic
3265 1819 3472 1876 tantus,

1899 1899 1968 1955 de
2009 1916 2069 1956 se
2112 1916 2237 1956 cum
2280 1901 2689 1956 modestissime
2723 1900 2978 1965 sentiret,
3017 1899 3307 1955 consilium
3336 1916 3475 1954 nen-

1903 1992 2110 2062 tiquam
2152 2001 2437 2047 aversatus
2480 2001 2565 2046 cst
2615 1991 2700 2045 sui
2753 1992 2929 2046 soceri
2980 1992 3192 2053 Jethro,
3255 1991 3471 2044 tametsi

1902 2084 2051 2137 tanta
2082 2085 2236 2154 prius
2261 2084 2476 2148 fuisset,
2502 2099 2696 2152 nempe
2725 2083 3116 2153 augustissima
3140 2081 3236 2136 Dei
3261 2082 3473 2136 visione
3552 2106 3560 2113 ο

1899 2172 2225 2244 perfruitus.
2256 2173 2457 2228 Verum
2484 2186 2824 2242 quaecunque
2854 2171 2942 2225 ille
2976 2178 3343 2241 suggesserat,
3380 2169 3474 2224 hic

1898 2262 2118 2332 eﬂecit;
2157 2278 2335 2333 eoque
2389 2264 2568 2333 ipsum
2599 2264 2744 2317 Deus
2788 2271 2987 2332 praeter
3017 2269 3247 2315 cmteros
3281 2276 3473 2315 omnes

1899 2352 1995 2422 qui
2049 2351 2103 2404 in
2156 2358 2303 2405 terra
2355 2350 2737 2415 morabantur,
2788 2348 2970 2402 evexit
3016 2347 3073 2403 in
3127 2348 3363 2404 sublime
3403 2349 3469 2403 '°.

1900 2440 2056 2495 Haud
2096 2456 2259 2496 secus
2305 2439 2529 2496 Gedeon
2580 2438 2950 2523 respondebat
2985 2439 3150 2493 tribui
3184 2439 3468 2509 Ephraim,

1900 2532 2185 2588 moderata
2216 2549 2349 2588 usus
2386 2542 2442 2587 et
2487 2548 2553 2587 eo
2590 2533 2985 2602 opportuniore
3015 2532 3310 2601 prudentia
3338 2531 3469 2586 dum

230 2627 421 2695 ὑμείςς
471 2646 489 2677 ι
537 2624 732 2678 Καίτοι
800 2642 860 2692 γε
904 2626 1050 2697 αὑτῷ
1089 2628 1188 2698 τὴν
1233 2628 1389 2698 νίκην
1421 2628 1733 2700 ἐδωρήσατο
1770 2631 1795 2682 ό

1898 2625 2075 2679 dicit:
2111 2642 2134 2677 ι
2185 2626 2326 2691 Quid
2373 2625 2479 2680 feci
2525 2640 2669 2680 nunc
2706 2633 2764 2678 ut
2801 2640 2899 2678 vos
2937 2625 3181 2678 fecistis?
3212 2625 3470 2693 Nunquid

227 2720 356 2781 Θεὸς
399 2721 457 2770 ὲν
501 2722 613 2780 τοῖς
663 2718 995 2789 τριακοσίοις
1029 2718 1276 2789 ἀνδράσι.
1335 2719 1476 2772 Ἀλλ’
1515 2723 1542 2774 ό
1592 2720 1797 2784 δίκαιος

225 2807 314 2858 διὰ
352 2806 450 2876 τῆς
476 2806 978 2878 ταπεινοφροσύνης
1011 2807 1361 2860 κατέσπασεν
1389 2808 1479 2861 τὸν
1512 2807 1682 2879 Θυμὸν
1710 2809 1801 2861 αὐ-

180 2918 187 2927 :
228 2897 354 2950 τῶν.
391 2898 495 2951 Καὶ
536 2898 642 2968 πρὸ
685 2896 875 2951 τούτου
904 2897 1038 2969 πρὸς
1065 2899 1155 2951 τὸν
1197 2898 1426 2967 ἄγγελον
1447 2898 1655 2968 ἔλεγεν,
1702 2900 1799 2964 Τίς

226 2989 341 3058 είμι
370 2988 501 3056 ἐγὼ,
548 2989 580 3058 ἢ
625 2990 652 3041 ὁ
677 2983 821 3051 οἶκος
849 2989 943 3043 τοῦ
992 2989 1196 3061 πατρός
1238 3006 1370 3061 pou;
1408 2991 1441 3061 ἡ
1487 2989 1661 3060 χιλιάς
1696 3008 1796 3061 μου

228 3075 585 3145 ταπεινοτέρα
625 3077 684 3128 ὲν
711 3077 998 3146 Μανασσῇ.
1052 3075 1213 3144 Λέγει
1253 3076 1309 3129 δὲ
1347 3076 1442 3129 καί
1478 3093 1565 3138 τις
1600 3076 1792 3145 σοφός·

233 3184 251 3216 ι
298 3166 459 3218 Ὅσον
492 3166 663 3235 μέγας
710 3164 778 3229 εί,
825 3166 1076 3219 τοσοῦτον
1109 3165 1367 3219 ταπεινοῦ
1411 3167 1657 3232 σεαυτὸν,
1704 3169 1798 3220 καὶ

228 3260 408 3309 ἔναντι
454 3258 658 3327 Κυρίου
689 3258 941 3327 εὑρήσεις
966 3256 1145 3328 χάριν,
1186 3276 1204 3306 ι
1250 3258 1331 3309 ὅτι
1363 3257 1534 3310 πάντα
1566 3256 1633 3309 τὰ
1663 3256 1798 3327 ἔργα

229 3349 322 3402 τοῦ
350 3346 626 3411 ταπεινοῦ,
660 3349 869 3419 φανερά
912 3349 1062 3419 παρὰ
1096 3349 1322 3419 Κυρίου.
1358 3348 1469 3402 Καὶ
1513 3347 1691 3418 στόμα
1710 3364 1799 3400 τα-

231 3440 415 3495 πεινοῦ
460 3441 662 3512 μελετᾴ
714 3441 927 3510 σοφίαν.
981 3440 1208 3503 Σύνεσις
1252 3440 1308 3493 δὲ
1356 3438 1797 3509 ἁγαθὴμὸἰδωσι

228 3536 404 3603 χάριν.
454 3535 512 3586 '0
541 3534 597 3586 δὲ
629 3532 926 3603 Ψαλμῳδός
955 3549 1118 3603 φησιν
1143 3548 1156 3561 ·
1184 3551 1203 3584 ι
1254 3532 1395 3600 Ἐγὼ
1427 3532 1480 3584 δέ
1509 3533 1623 3602 είμι
1655 3530 1798 3586 σκώ-

228 3626 346 3695 ληξ,
392 3626 486 3677 κστ.)⁵
534 3626 633 3677 οὐκ
684 3624 1002 3695 ἄνθρωπος,
1061 3622 1261 3685 ὄνειδος
1304 3621 1645 3692 ἀνθρώπων,
1704 3626 1797 3678 καὶ

227 3714 570 3783 ἐξουδέλωμα
598 3713 747 3767 λαοῦ.
807 3734 824 3765 ι
874 3714 982 3766 Καὶ
1014 3712 1199 3775 πάλιν,
1234 3730 1254 3763 ι
1303 3712 1448 3765 Ὠσεὶ
1478 3712 1645 3785 τέρας
1676 3716 1797 3782 ἐγε-

226 3808 395 3883 νῄοην
421 3809 527 3869 τοῖς
567 3806 798 3869 πἰλλοῖς,
843 3806 937 3859 καὶ
970 3804 1034 3857 σὺ
1069 3804 1258 3875 βοηθός
1298 3822 1397 3876 μου
1447 3806 1727 3876 κραταιός.
1771 3825 1790 3858 ι

238 3898 298 3952 '0
328 3900 704 3972 ranatvdgcpwv
733 3898 824 3953 καὶ
870 3898 1029 3969 ἔργον
1074 3897 1212 3969 ἔχων
1251 3899 1642 3969 πνευματικὸν,
1665 3899 1796 3953 ἁνα-

1898 2730 2010 2769 non
2050 2715 2247 2769 melior
2276 2724 2361 2771 est
2404 2714 2715 2770 racemulus
2761 2714 3021 2782 Ephraim
3065 2730 3226 2782 quam
3273 2713 3470 2767 vinde-

1899 2803 2008 2858 mia
2043 2803 2314 2859 Abiezer?
2343 2805 2401 2859 In
2432 2803 2691 2857 manibus
2718 2801 2914 2856 vestris
2945 2801 3171 2856 tradidit
3204 2803 3472 2857 Dominus

1897 2896 2179 2966 principes
2222 2895 2457 2950 Madian.
2505 2893 2714 2964 Ecquid
2751 2893 2862 2947 tale
2893 2891 3072 2947 facere
3101 2892 3278 2962 potui,
3308 2894 3470 2962 quale

1897 3001 2000 3041 vos
2035 2986 2119 3040 “?
2145 3006 2162 3036 ι
2186 2986 2350 3055 Atqui
2378 2985 2509 3039 huic
2531 2985 2676 3038 Deus
2699 2997 2819 3037 eam
2844 2984 3153 3036 contulerat
3179 2984 3466 3037 victoriam

1903 3075 2113 3147 1133
2136 3077 2189 3130 in
2209 3076 2471 3131 trecentis
2486 3074 2640 3128 viris.
2672 3073 2941 3128 Caeterum
2965 3073 3146 3144 justus
3176 3073 3267 3128 hic
3287 3074 3471 3127 mode—

1898 3168 2002 3224 stia
2033 3184 2096 3224 ac
2134 3168 2365 3224 lenitate
2395 3165 2643 3236 responsi
2692 3163 2981 3217 excitatam
3019 3164 3154 3218 iram
3204 3165 3470 3234 repressit

1898 3275 1964 3315 ac
1992 3258 2223 3326 sedavit,
2252 3261 2384 3329 quin
2421 3258 2577 3329 prius
2621 3256 2902 3327 aliquanto
2934 3256 3126 3324 angelo
3164 3257 3465 3326 respondit.

1898 3350 2032 3417 Quis
2075 3366 2197 3405 sum
2225 3366 2346 3422 ego,
2403 3359 2502 3405 aut
2551 3366 2672 3420 qum
2722 3356 2807 3404 est
2859 3349 3055 3403 domus
3095 3349 3265 3416 patris
3320 3350 3471 3403 mei?

1896 3441 2235 3496 Millenarius
2266 3457 2423 3495 meus
2454 3442 2720 3512 abiectior
2762 3448 2845 3495 est
2887 3449 2944 3494 et
2972 3439 3232 3493 humilior
3270 3440 3323 3493 in
3354 3440 3468 3495 Ma-

1898 3547 2057 3588 nasse
2090 3534 2153 3589 ".
2200 3531 2431 3604 Sapiens
2481 3532 2703 3602 quidem
2750 3530 2927 3587 dicit:
2967 3549 2983 3582 ι
3042 3529 3257 3598 Quanto
3297 3535 3469 3604 major

1898 3640 1977 3690 es,
2023 3634 2174 3679 tanto
2208 3624 2440 3678 humilia
2503 3623 2759 3692 teipsum,
2794 3632 2851 3676 et
2894 3638 3078 3676 coram
3114 3623 3348 3677 Domino
3381 3624 3468 3677 in-

1897 3714 2090 3769 venies
2120 3714 2463 3784 gratiam‘h
2499 3712 2632 3766 Nam
2648 3727 2813 3782 opeta
2837 3713 3018 3766 omnia
3038 3713 3379 3768 humiliantis
3408 3730 3468 3769 se

1899 3804 2187 3857 manifesta
2232 3814 2359 3857 sunt
2397 3811 2455 3857 et
2483 3802 2781 3869 conspicua
2818 3802 2993 3854 oculis
3039 3802 3255 3856 Domini
3290 3803 3353 3855 “5
3394 3803 3468 3858 Os

1890 3895 2047 3948 enim
2092 3893 2301 3949 humile
2336 3893 2634 3947 meditatur
2668 3892 2990 3961 sapientiam
3032 3893 3108 3957 ἐς
3155 3893 3467 3947 intellectus

225 3990 508 4060 γινώσκων
546 3991 642 4053 τὰς
670 3990 817 4053 Θείας
846 3990 1090 4062 Γραφὰς,
1115 3989 1292 4041 πάντα
1333 3990 1411 4053 είς
1442 3989 1634 4043 ἑαυτὸν
1660 3992 1790 4056 νοεῖ,

1897 3994 2080 4039 autem
2108 3984 2287 4039 bonus
2315 3984 2410 4039 dat
2442 3984 2673 4055 gratiam
2711 3983 2775 4037 ¹⁶.
2822 3982 2912 4037 Ait
2947 3983 3077 4036 item
3126 3984 3336 4038 Psaltcs
3383 4000 3467 4038 re-

227 4083 320 4135 καὶ
346 4083 446 4134 οὑκ
481 4082 557 4143 είς
599 4081 691 4135 τὸν
721 4080 924 4151 ἕτερον.
988 4081 1113 4134 Ἐὰν
1144 4076 1236 4133 οὖν
1280 4078 1521 4150 θέλωμεν
1558 4080 1637 4151 τῷ
1680 4080 1791 4135 ὄντι

226 4174 590 4243 εὐαρεστῆσαι
619 4172 758 4244 Θεῷ,
791 4174 884 4227 καὶ
930 4172 1030 4241 τὴν
1073 4172 1501 4243 μακαριωτάτην
1534 4172 1794 4243 φιλιωοῆ·

225 4284 314 4319 ναι
362 4267 564 4333 φιλίαν,
608 4266 811 4335 γυμνὸν
842 4264 933 4316 τὸν
971 4262 1095 4315 νοῦν
1133 4263 1289 4332 ἡμῶν
1331 4264 1788 4334 παραστήσωμεν,

228 4355 394 4425 μηδὲν
436 4355 827 4425 ὲπισυρόμενον
867 4351 960 4405 τοῦ
1004 4353 1267 4421 παρόντος
1303 4352 1516 4417 αἰῶνος,
1556 4355 1630 4424 μή
1672 4370 1791 4406 τινα

222 4447 593 4521 τεχνάσματα,
618 4445 650 4513 ἢ
679 4443 1007 4514 σοφίσματα,
1039 4442 1071 4512 ἢ
1098 4442 1460 4510 δικαιολογίαν
1484 4461 1496 4473 ’
1523 4445 1791 4518 ἀποστρέ-

224 4549 380 4601 φεται
414 4534 520 4602 γὰρ
548 4532 607 4584 τὸ
632 4533 785 4584 Θεῖον
822 4531 946 4593 τοὺς
994 4531 1131 4600 μετὰ
1176 4531 1500 4601 οίηματικοῦ
1529 4531 1623 4585 τοῦ
1663 4534 1788 4603 τρό-

223 4639 325 4675 που
359 4621 547 4675 τούτου
580 4621 1051 4693 προσερχομένους
1084 4620 1247 4689 αὑτῷ.
1309 4620 1433 4674 Ἐάν
1480 4620 1587 4691 γάρ
1618 4620 1791 4675 θεοσε-

224 4713 323 4784 ϐὴς
354 4716 443 4767 καὶ
467 4715 841 4784 ταπεινόφρων
861 4715 1092 4784 ὑπάρχει
1123 4730 1227 4779 τις,
1262 4716 1353 4767 καὶ
1387 4714 1461 4785 μὴ
1496 4716 1790 4786 ὑπεραιρό-

224 4822 383 4877 μενος
433 4806 729 4875 σωματικῷ
784 4804 967 4875 ὄγκῳ,
1023 4806 1234 4875 μήποτε
1296 4805 1786 4877 προπετευόμενος,

221 4894 354 4947 ἀλλὰ
387 4894 758 4963 κατεαγμένος
792 4896 858 4965 τῇ
902 4893 1118 4964 καρδίᾳ,
1151 4893 1244 4946 καὶ
1274 4892 1619 4964 λογιζόμενος
1657 4896 1788 4948 έαυ-

219 4989 311 5041 τὸν
341 4988 557 5057 ἀχρεῖον
585 4984 768 5037 δοῦλον
798 4982 959 5049 εἶναι,
992 4985 1112 5037 τότε
1149 4982 1432 5037 meum
1470 4986 1562 5037 καὶ
1592 4987 1791 5038 ἐνοικεῖ

218 5084 251 5152 ἠ
288 5083 446 5152 χάρις
475 5078 569 5133 τοῦ
604 5079 761 5133 Θεοῦ.
806 5077 1089 5149 ’Δληθινῆς
1135 5077 1243 5148 γὰρ
1288 5077 1788 5147 ταπεινοφροσύνης

220 5173 524 5244 γνώρισμα,
553 5174 616 5226 οὐ
648 5171 707 5225 τὸ
738 5170 916 5241 ἑαυτῷ
962 5168 1246 5238 καταχέειν
1300 5168 1505 5239 ὕϐρεις,
1552 5168 1687 5221 ἀλλὰ
1726 5168 1787 5221 τὸ

1892 4076 2054 4147 gius:
2095 4093 2114 4125 ι
2155 4075 2269 4146 Ego
2298 4084 2484 4129 autem
2529 4090 2650 4128 sum
2676 4073 2880 4127 vermis
2911 4080 2966 4127 et
2994 4088 3102 4126 non
3143 4073 3326 4136 homo,
3361 4088 3464 4142 0p-

1892 4165 2177 4236 probrium
2200 4167 2485 4221 hominum
2514 4173 2570 4218 et
2596 4163 2831 4235 abjectio
2861 4163 3039 4234 plebis
3072 4164 3132 4217 ".
3163 4183 3179 4214 ι
3219 4165 3462 4221 Rursus:

1898 4276 1916 4309 ι
1939 4257 2220 4326 Tanquam
2241 4255 2549 4326 prodigium
2580 4254 2756 4310 factus
2784 4271 2903 4309 sum
2932 4253 3211 4318 multis,et
3236 4265 3289 4309 tu
3310 4255 3437 4324 adju
3454 4284 3467 4293 -

1893 4357 1980 4402 tor
2022 4363 2177 4402 meus
2207 4348 2365 4401 fortis
2396 4347 2459 4400 ’⁸.
2510 4366 2527 4397 ι
2576 4346 2678 4412 Qui
2706 4345 2774 4400 de
2807 4361 2865 4400 se
2896 4346 3173 4399 moderate
3213 4349 3379 4402 sentit
3407 4357 3465 4403 ct

1890 4455 2031 4510 opus
2066 4447 2263 4495 tractat
2298 4438 2606 4511 spiritualc,
2643 4437 2864 4493 interim
2912 4437 3127 4492 divinas
3168 4437 3298 4491 dum
3332 4438 3466 4509 legit

1892 4529 2231 4600 Scripturas,
2263 4545 2604 4599 quaecunque
2643 4535 2964 4590 occurrunt,
3007 4528 3261 4581 universa
3292 4528 3345 4581 in
3373 4544 3464 4581 se-

1892 4623 2070 4693 ipsum
2122 4630 2283 4677 tacita
2330 4621 2661 4692 cogitatione
2704 4616 2956 4681 reﬂectit,
3004 4627 3061 4672 et
3088 4633 3196 4671 non
3232 4620 3285 4672 in
3329 4620 3459 4675 alte-

1893 4730 2038 4769 rum.
2079 4713 2135 4769 Si
2168 4714 2422 4784 cupimus
2463 4714 2576 4766 Deo
2610 4718 2800 4765 nostro
2837 4724 3168 4779 magnopere
3195 4728 3315 4766 esse
3345 4729 3451 4782 gra-

1893 4805 2019 4861 tiosi
2053 4813 2110 4859 et
2142 4804 2437 4867 amabiles,
2475 4796 2880 4869 amicitiamque
2925 4800 3044 4869 ejus
3091 4801 3462 4856 felicissimam

1890 4897 2200 4954 exosculari
2254 4895 2576 4951 suavissime
2629 4903 2685 4949 et
2730 4893 3034 4963 amplecti:
3087 4903 3324 4947 mentem
3381 4892 3462 4947 illi

1891 5001 2135 5047 nostram
2166 4990 2526 5045 exhibeamus
2569 4988 2770 5042 nudam
2814 4995 2871 5041 et
2917 4986 2986 5041 ab
3035 4986 3183 5040 omni
3230 5001 3462 5039 concre-

1893 5085 2040 5138 tione
2070 5082 2316 5137 materia:
2356 5082 2693 5142 dcfmcatam,
2740 5095 2861 5149 qua:
2894 5078 3030 5132 nihil
3070 5077 3252 5132 smculi
3302 5077 3462 5163 ἰδυιιε

1890 5174 2148 5230 alicunde
2180 5173 2245 5228 ad
2302 5188 2361 5228 se
2392 5173 2644 5233 asciscat,
2675 5172 2854 5224 nullas
2883 5169 3113 5223 advocet
3149 5168 3464 5223 molitiones

218 5267 366 5334 παρὰ
398 5264 573 5319 ἄλλων
607 5262 959 5334 ὑϐριζόμενον
991 5261 1251 5329 γενναίως
1288 5261 1508 5332 φέρειν’
1560 5263 1651 5315 καὶ
1697 5262 1788 5314 οὑ-

1897 5267 2169 5330 I‘raudum,
2194 5265 2329 5319 nihil
2359 5263 2798 5319 commentitium
2820 5272 2913 5316 aut
2941 5260 3324 5329 sophisticum.
3351 5274 3458 5312 non

217 5354 325 5417 δεὶς
368 5352 749 5423 ταπεινόφρων
792 5350 1209 5418 δικαιολογεῖταί
1248 5368 1400 5403 ποτε.
1447 5350 1657 5420 ’Ὥσπερ
1694 5347 1787 5405 οὖν

217 5447 428 5515 καρπὸς
462 5444 627 5508 πολὺς
659 5444 901 5514 κάμπτει
935 5442 1147 5504 κλῶνας
1179 5442 1417 5511 δένδρου,
1449 5443 1619 5505 οὕτως
1658 5445 1789 5514 ἀρε-

216 5537 313 5605 τῆς
356 5536 562 5604 πλῆθος
614 5537 862 5589 ταπεινοῖ
908 5535 1163 5605 φρόνημα
1194 5533 1405 5603 ἀνδρός.
1458 5536 1567 5587 Καὶ
1601 5534 1790 5606 ὥσπερ

287 5671 308 5701 ⁸
330 5671 603 5740 Eccl.xtv.
630 5671 720 5726 ‘22.
800 5671 841 5703 ⁸ο
872 5672 1042 5725 Evud.
1078 5688 1226 5733 xvm.
1254 5672 1477 5740 passim.

1558 5674 1596 5705 ¹¹
1619 5675 1799 5730 Judic.
1828 5694 1943 5738 vm.
1972 5679 2025 5738 2,
2058 5678 2109 5729 5.
2191 5678 2428 5733 “Judic.
2455 5696 2527 5739 vi.
2564 5678 2646 5732 15.

1892 5360 2021 5413 item
2052 5355 2491 5412 causiﬁcationes
2513 5355 2629 5409 sive
2660 5352 3082 5422 disceptationes
3104 5349 3265 5421 juris.
3292 5350 3464 5403 Aver-

1887 5458 2040 5503 satur
2069 5448 2217 5503 enim
2253 5462 2457 5500 numen
2491 5445 2623 5499 illud
2665 5460 2762 5498 eos
2791 5445 2882 5513 qui
2928 5459 2985 5498 se
3033 5441 3235 5496 adeunt
3266 5456 3460 5510 super-

1887 5537 2074 5592 ciliosa
2119 5536 2353 5606 quadam
2405 5535 2531 5589 freti
2581 5536 2961 5604 persuasione.
2994 5532 3192 5611 Contra
3239 5532 3283 5587 si
3333 5546 3460 5599 qus

2727 5680 2768 5709 ’³
2793 5677 2953 5731 Eccli.
2977 5692 3054 5741 ιιι,
3084 5676 3171 5729 9.0.
3253 5675 3289 5704 “
3315 5672 3454 5726 Psal.

216 5754 290 5805 iv,
319 5739 404 5794 15.
485 5742 526 5776 ⁸⁸
566 5741 707 5797 Psal.
737 5757 915 5806 χχχιιι,
946 5742 1032 5795 50.
1111 5739 1336 5796 "Prdv.
1380 5757 1489 5810 ςιιι,
1520 5744 1605 5797 i5.
1682 5747 1720 5775 ¹⁷
1764 5749 1795 5799 ιι

1897 5764 2037 5812 .xxt,
2063 5750 2112 5801 7.
2195 5750 2235 5783 ⁸⁸
2277 5749 2416 5802 Psal.
2451 5766 2570 5814 txx,
2612 5750 2696 5801 l8.
