4030 6296
485 228 622 292 1039

1743 227 2112 288 ANTIOCHI
2157 223 2498 289 ΜΟΝΑΓΗΙ

3617 210 3768 274 1640

481 342 704 399 Deicola
737 356 800 396 ac
827 341 955 412 pius
1000 343 1067 398 de
1115 358 1172 398 se
1211 342 1422 413 alioqui
1469 357 1639 412 quam
1689 342 2056 414 abjectissime

2177 339 2342 412 (ἀραξ
2385 337 2640 410 βαστάζει
2689 336 2868 391 κλῶνα
2915 333 3292 403 κατάκαρπον,
3345 329 3527 391 οὕτως
3581 327 3763 394 φάεος

483 442 750 522 sentiens‘
778 441 1100 512 neutiquam
1125 453 1458 512 .turgescens
1489 451 1588 498 aut
1626 442 1798 498 veluti
1826 441 2056 498 extube-

417 602 434 612 ρ
484 555 613 594 rans
643 539 792 594 inani
822 539 989 604 fastu,
1021 539 1161 594 nihil
1195 549 1402 596 temere
1433 539 1540 596 sibi
1579 540 1864 596 ascribens
1893 539 2060 594 meri-

482 638 668 686 torum
697 630 863 684 tacita
892 630 1247 700 cogitatione,
1281 631 1454 703 magis
1480 645 1615 686 vero
1650 631 1746 700 qui
1792 645 1851 684 se
1895 629 2064 683 inuti-

481 731 592 786 lem
627 746 748 786 esse
776 745 1000 785 servum
1051 731 1313 801 deputet;
1357 731 1508 786 hunc
1549 731 1715 786 talem
1761 730 2063 784 clementer

2161 431 2294 485 Θεοῦ
2320 431 2592 502 ὲνάρετον.
2632 431 2690 483 ’0
2718 429 2776 483 δὲ
2805 427 3071 498 μακάριος
3104 425 3318 486 Παῦλος
3355 418 3763 476 καταστέλὶων

2160 524 2318 594 ἡμῶν
2353 523 2414 576 τὸ
2457 523 2732 592 φρόνημα,
2765 517 3088 582 ἐπιστέλλει,
3117 517 3296 585 λέγων
3318 533 3332 544 ο
3377 533 3397 564 ς
3447 511 3758 564 Talai-:29-

2163 627 2255 679 ρος
2287 608 2398 678 ἐγὼ
2427 607 2730 678 ἄνθρωπος,
2771 606 2856 668 τίς
2899 622 2966 674 με
2994 603 3216 674 ῥύσεται
3247 603 3312 654 ἐκ
3345 600 3442 654 τοῦ
3492 597 3762 668 σώματος

2161 698 2255 751 τοῦ
2285 696 2514 750 θανάτου
2543 695 2768 760 τούτους
2807 713 2825 745 ι
2865 693 2961 748 καὶ¹
2991 692 3174 756 πάλιν,
3216 709 3236 741 ε
3268 691 3360 754 Ὠς
3396 690 3762 758 περικαθάρ-

2166 804 2310 858 ματα
2339 785 2434 840 τοῦ
2473 785 2676 853 κόσμου
2719 782 3078 853 ἐγενήθημεν,
3103 785 3321 834 πάντων
3365 779 3697 850 περίψημα.
3732 795 3755 831 ι

487 831 717 900 respicit
741 829 1030 894 Dominus,
1062 832 1292 902 ejusque
1318 831 1594 886 inhabitat
1621 837 1860 884 mentem
1888 827 2064 899 gratia

2177 843 2350 928 fatum
2396 874 2454 928 δὲ
2482 873 2554 926 τὰ
2574 827 2828 944 gutta-3a,
2862 827 3362 942 ταέζᾶνοφροσύνης
3409 827 3761 938 exesam;

485 929 608 984 Dei.
643 928 958 984 \lerissimae
1000 930 1330 986 humilitatis
1362 930 1577 1000 insigne
1610 931 1718 984 hoc
1747 937 1851 994 est,
1887 927 2066 982 nullas

2177 891 2350 928 ιαυτα
2396 891 2454 928 οε
2482 891 2554 926 τα
2585 891 2828 944 ρηματα,
2862 891 3362 942 ταπεινοφροσυνης
3409 891 3758 938 υποοειγμα.

2177 967 2275 1021 Καὶ
2303 965 2492 1028 αὖθις·
2531 983 2549 1016 ι
2590 957 2906 1016 Γινώσκετε
2940 962 3048 1032 γὰρ
3089 954 3200 1032 τήν
3226 961 3387 1032 χάριν
3429 959 3530 1012 τοῦ
3583 959 3758 1022 Geo-3,

489 1029 546 1082 in
569 1030 890 1098 quempiam
927 1029 1250 1100 intorquere
1278 1029 1665 1095 contumelias,
1695 1028 1790 1084 sed
1829 1028 1897 1082 ab
1941 1027 2066 1083 aliis

2177 999 2275 1021 nun
2303 999 2458 1028 tau-au.
2531 999 2549 1016 1
2591 999 2890 1016 usu-uuam“.
2950 999 3048 1032 μιν
3100 999 3183 1032 σιμ
3226 999 3386 1032 ιιι-ιιι,
3438 999 3529 1012 -ν-
3585 999 3758 1022 νυν-ν

2177 1058 2245 1110 5τι
2280 1057 2346 1109 δι’
2377 1056 2524 1128 qua;
2563 1055 2906 1124 ἐπτώχευσεν
2939 1051 3190 1115 πλούσιος
3217 1051 3317 1116 ὣν,
3349 1052 3439 1104 ἵνα
3472 1052 3642 1120 ὑμεῖς
3689 1055 3758 1119 τῇ

497 1129 554 1182 in
589 1136 640 1183 te
664 1137 944 1184 contortas
965 1145 1228 1201 generose
1255 1138 1310 1184 et
1335 1127 1568 1183 infracto
1589 1127 1834 1198 perferre
1861 1126 2062 1180 animo.

2177 1147 2374 1198 ἐκείνου
2399 1126 2648 1214 ⁷πτωχείᾳ
2681 1143 3042 1212 πλουτήσητε.
3081 1159 3100 1192 ι
3138 1141 3251 1195 Καὶ
3294 1141 3524 1208 ἐπάγει·
3560 1159 3578 1190 ι
3639 1140 3758 1192 Πα-

499 1228 785 1298 Siquidem
817 1244 982 1285 nemo
1013 1229 1198 1300 (modo
1226 1229 1272 1283 is
1315 1228 1387 1283 sit
1420 1243 1530 1282 non
1565 1228 1769 1307 fucate)
1817 1225 2065 1289 humilis,

2177 1232 2390 1305 ρακαλῶ
2422 1228 2514 1286 οὖν
2543 1230 2654 1299 ἐγὼ
2681 1233 2708 1284 ὁ
2736 1231 2953 1299 δέσμιος
2981 1231 3039 1282 ὲν
3069 1229 3283 1300 Κυρίῳ,
3313 1229 3487 1293 ἀξίως
3511 1241 3760 1297 περιπα-

498 1327 593 1394 qui
633 1326 986 1382 causificetnr
1009 1335 1108 1381 aut
1147 1337 1330 1396 partes
1372 1343 1615 1398 unquam
1661 1327 1931 1382 sustineat
1977 1334 2066 1379 tu-

2177 1323 2330 1393 τῆσαι
2359 1321 2460 1391 τῆς
2487 1321 2753 1392 κλήσεως,
2774 1314 2843 1391 ἦς
2869 1319 3136 1390 ἐκλήθητε
3167 1319 3310 1390 μετά
3339 1321 3532 1390 πάσης
3561 1334 3760 1370 ταπει-

495 1415 624 1471 endi
675 1431 755 1470 se.
800 1416 872 1472 Ut
909 1417 1054 1472 enim
1081 1417 1339 1471 arborum
1370 1432 1552 1471 ramos
1583 1417 1892 1471 exuberans
1915 1413 2069 1484 copia

2177 1411 2506 1482 νοφροσύνης
2537 1411 2632 1464 καὶ
2662 1409 2990 1483 πραότητος,
3049 1413 3189 1480 μετά
3228 1409 3625 1480 μακροθυμίας
3664 1409 3762 1462 ἂν·

493 1505 769 1560 fructunm
803 1506 1060 1562 deorsum
1092 1523 1288 1562 versus
1329 1507 1580 1572 inﬂectit,
1619 1508 1692 1562 ita
1736 1515 1793 1562 et
1825 1504 2070 1561 accessio

2177 1501 2420 1570 εχόμενοι
2465 1499 2708 1570 ἀλλήλων
2751 1500 2808 1551 ὲν
2853 1497 3066 1570 ἀγάπῃ.
3119 1515 3139 1548 ι
3169 1497 3282 1576 Kal.
3312 1497 3597 1567 ἐπιφέρει,
3635 1515 3655 1546 ι
3686 1496 3762 1548 Τὸ

495 1595 653 1651 dives
683 1597 953 1651 virtutum
983 1613 1206 1652 sensum
1241 1599 1480 1654 hominis
1518 1614 1576 1654 se
1602 1597 1938 1668 possidentis
1975 1596 2071 1652 de-

2177 1589 2399 1660 ῠστερον
2427 1589 2667 1653 πάντων,
2712 1587 2958 1658 ὡσπερεὶ
2985 1585 3063 1657 τῷ
3104 1586 3420 1656 ἐκτρώματι
3445 1583 3616 1654 ὤφθη
3649 1585 3760 1637 κά-

495 1685 664 1740 mittit
693 1696 858 1754 atque
891 1686 1164 1740 bumiliat.
1200 1688 1436 1754 Rursus,
1469 1686 1928 1758 quemadmodum
1957 1693 2068 1740 sla-

2177 1681 2283 1749 μοί.
2336 1676 2480 1747 Ἐγὼ
2521 1677 2629 1748 γάρ
2677 1678 2792 1748 ειμι
2823 1679 2852 1730 ὁ
2879 1675 3163 1748 ἐλάχιστος
3199 1676 3418 1730 πάντων
3457 1675 3577 1728 τῶν
3609 1676 3760 1728 ἀποο

501 1784 686 1828 lumen
715 1784 811 1829 aut
855 1775 1028 1829 vineae
1078 1776 1466 1845 pedamentum
1513 1792 1725 1830 ramum
1765 1776 2072 1832 communit

2177 1769 2390 1824 στόλων.
2429 1769 2525 1832 “Oc;
2574 1769 2674 1823 οὐκ
2711 1769 2829 1840 είμ⁹ι
2872 1767 3022 1832 ἄξιος
3049 1767 3314 1839 κληθῆναι
3353 1765 3692 1828 ἀπόστολος,
3733 1785 3754 1816 ι

503 1879 568 1919 ac
601 1866 825 1934 gestitat
859 1865 1137 1919 fructuum
1169 1866 1420 1921 ubertate
1449 1877 1843 1937 praegnantem,
1877 1865 1950 1919 ita
1995 1866 2069 1920 ti-

2177 1861 2325 1936 [διότι
2349 1861 2544 1927 ἐδίωξα
2577 1861 2675 1930 τήν
2701 1859 3032 1931 Ἐκκλησίαν
3057 1859 3151 1914 τοῦ
3173 1857 3358 1931 θεοῦ.]
3405 1860 3468 1912 ’0
3501 1859 3600 1912 οὖν
3632 1857 3761 1928 βου-

498 1968 621 2008 mor
663 1954 759 2008 Dei
811 1970 936 2009 eum
985 1955 1264 2021 sun‘uleit,
1316 1957 1411 2025 qui
1452 1957 1659 2010 virtute
1709 1955 1940 2010 adornat
1987 1969 2066 2010 se.

500 2043 700 2100 Beatus
750 2045 842 2100 ille
880 2046 1082 2100 Paulus
1127 2055 1432 2100 extenuans
1472 2061 1537 2100 ac
1585 2045 1935 2115 supprimens
1963 2059 2067 2099 no-

499 2145 676 2190 strum
725 2137 871 2192 hunc
899 2138 1121 2200 fastum,
1150 2153 1248 2208 per
1299 2138 1587 2208 epistolam
1636 2137 1770 2192 dicit
1801 2155 1814 2190 ε
1855 2155 1874 2186 ι
1907 2137 2072 2191 Miser

499 2242 602 2297 ego
650 2227 838 2288 homo,
878 2227 1002 2296 quis
1051 2244 1138 2281 me
1191 2227 1448 2282 liberabit
1497 2227 1566 2282 de
1613 2243 1841 2298 corpore
1881 2227 2074 2281 mortis

500 2315 667 2386 hujus
699 2314 784 2368 "?
821 2333 838 2366 ι
871 2315 1072 2369 lterum
1105 2335 1118 2368 :
1164 2337 1181 2367 ε
1225 2315 1290 2370 Ut
1333 2324 1687 2386 purgamenta
1719 2314 1910 2370 mundi
1946 2315 2071 2371 facti

503 2420 718 2470 sumus,
748 2406 992 2459 omnium
1042 2407 1348 2477 peripsema
1389 2408 1456 2460 ’°.
1501 2427 1518 2458 ι
1555 2406 1677 2462 Haec
1711 2422 1878 2478 porro
1905 2407 2072 2461 verba

505 2497 559 2550 in
589 2497 904 2566 exemplum
949 2498 1125 2567 posita
1160 2507 1290 2553 sunt
1337 2498 1679 2554 insinuanda:
1723 2499 2070 2554 humilitatis.

505 2588 756 2643 Rursus:
791 2608 810 2640 ι
857 2587 1182 2658 Cognoscite
1233 2589 1464 2660 gratiam
1515 2591 1634 2656 Dei,
1678 2591 1806 2660 quia
1851 2598 2076 2660 propter

505 2694 607 2733 nos
630 2679 783 2734 dives
816 2695 939 2734 cum
981 2689 1146 2742 esset,
1181 2697 1387 2750 pauper
1416 2679 1592 2736 factus
1619 2691 1725 2746 est,
1761 2689 1821 2734 ut
1860 2695 1962 2735 nos
2005 2680 2073 2733 il-

503 2767 612 2821 lius
668 2777 990 2837 paupertate
1037 2769 1239 2822 divites
1293 2785 1538 2824 essemus
1583 2771 1650 2822 ¹¹.
1728 2788 1747 2820 ι
1811 2769 2073 2824 Inducit:

512 2876 532 2907 ε
573 2856 814 2913 Obsecro
843 2856 1024 2926 itaque
1055 2873 1152 2912 vos
1181 2873 1282 2928 ego
1302 2859 1521 2914 vinctus
1550 2859 1604 2912 in
1638 2857 1890 2922 Domino,
1915 2858 2078 2928 digne

2168 1953 2394 2024 λόμενος
2441 1951 2744 2025 κτήσασθαι
2779 1951 2879 2022 τήν
2925 1950 3258 2022 θεοδὼρητον
3297 1951 3510 2021 ταύτην
3550 1950 3760 2022 άρετίςν

2169 2047 2266 2117 τῆς
2301 2044 2825 2116 ταπεινοφροσύνης,
2874 2043 2970 2097 καὶ⁵
3001 2045 3214 2114 φυγεῖν,
3259 2041 3443 2105 καθὼς
3489 2041 3764 2112 προείρηο

2167 2153 2280 2202 ται,
2310 2137 2401 2191 τὸν
2425 2138 2653 2208 μάταιον
2694 2137 2788 2190 καὶ
2830 2135 3189 2206 θεοστύγητον
3221 2134 3386 2203 ὄγκον
3437 2133 3546 2204 τῆς
3583 2135 3760 2204 ὑπερ-

2171 2227 2428 2296 ηφανίας,
2467 2224 2632 2296 μηδὲν
2657 2223 3041 2295 παραλειπέτω
3078 2223 3186 2276 τῶν
3223 2221 3631 2277 συντελούντων
3679 2227 3762 2285 εἰς

2171 2318 2272 2388 τὴν
2305 2316 2641 2388 κατόρθωσιν
2671 2317 2860 2386 αὐτῆς,
2895 2313 3010 2368 ἀλλ’
3050 2314 3190 2368 ἔστω
3229 2314 3376 2382 αὐτῷ
3411 2315 3508 2367 καὶ
3545 2316 3760 2384 σχῆμα,

2173 2409 2268 2461 καὶ
2293 2408 2530 2478 ἱμάτιον,
2559 2407 2654 2460 καὶ
2687 2405 2946 2477 βάδισμα,
2983 2406 3078 2459 καὶ
3114 2405 3372 2476 καθέδρα,
3413 2405 3514 2460 καὶ
3553 2408 3759 2477 τροφὴ,

2173 2500 2268 2553 καὶ
2293 2500 2571 2570 στρωμνή,
2604 2499 2698 2552 καὶ
2725 2499 2900 2567 λόγος,
2947 2497 3043 2550 καὶ
3093 2497 3328 2568 κίνησις,
3374 2496 3472 2550 καὶ
3506 2496 3758 2566 βλέμμα,

2175 2591 2272 2644 καὶ
2301 2592 2336 2662 ή
2365 2590 2500 2659 πρὸς
2525 2591 2616 2643 τὸν
2645 2591 2871 2658 πλησίον
2915 2587 3175 2654 ἔντευξις,
3207 2589 3384 2642 πάντα
3415 2589 3562 2658 πρὸς
3601 2588 3758 2642 εὐτέ-

2173 2683 2325 2734 λειαν
2353 2681 2658 2752 ἠσκημένα.
2689 2679 2804 2751 Πρὸ
2827 2679 3039 2734 πάντων
3065 2679 3121 2732 δὲ
3150 2679 3206 2732 ἐν
3231 2678 3421 2750 μηδενὶ
3445 2679 3761 2732 πιστευέτω

2177 2769 2378 2839 ἑαυτῷ,
2404 2769 2516 2822 ἀλλ’
2544 2767 2932 2822 ὑποτασσέσθω
2956 2766 3036 2838 τῷ
3066 2767 3312 2838 πλησίον,
3334 2769 3430 2820 καὶ
3452 2766 3762 2821 δουλευέτω

2176 2860 2346 2931 αὐτῷ,
2399 2860 2746 2931 μεμνημένος
2792 2859 2886 2912 τοῦ
2937 2841 3166 2932 Κυρίου..
3215 2858 3291 2932 μή
3334 2859 3760 2926 ἀπαξιώσαντος

510 2957 572 3002 ιιι
603 2949 945 3003 ambulemus
991 2950 1276 3004 vocatione
1319 2965 1424 3019 qua
1471 2950 1652 3004 vocati
1686 2932 2074 3014 sumusicum

2177 2952 2327 3020 νῖψαι
2361 2951 2484 3014 τοὺς
2525 2951 2688 3014 πόδας
2714 2949 2822 3003 τῶν
2858 2949 3050 3003 ἑαυτοῦ
3085 2949 3339 3021 μαθητῶν
3360 2968 3375 2982 ·
3412 2949 3510 3004 καὶ
3537 2951 3760 3022 εἰρηκό-

508 3039 657 3094 omni
693 3039 1004 3096 humilitate
1031 3049 1087 3095 et
1112 3041 1554 3105 mansuetudine,
1587 3057 1711 3096 cum
1745 3040 2074 3111 longanimi-

510 3136 620 3184 tate
650 3139 1042 3198 supportantes
1075 3131 1309 3185 invicem
1341 3132 1395 3184 in
1436 3130 1702 3185 charitate
1745 3131 1809 3185 ".
1851 3148 1870 3182 ι
1906 3130 2072 3184 Ι)οηὶ-

509 3237 617 3287 que
663 3220 862 3275 infert:
901 3241 918 3273 ι
952 3223 1237 3276 Postremo
1259 3220 1506 3276 omnium
1536 3230 1791 3291 tanquam
1825 3220 2075 3276 abortivo

510 3311 660 3365 visus
687 3320 771 3366 est
815 3323 872 3366 et
897 3313 1052 3366 mihi.
1087 3312 1298 3384 1135
1339 3313 1450 3384 Ego
1489 3312 1633 3366 enim
1663 3328 1782 3367 sum
1814 3313 2074 3369 minimus

511 3403 904 3470 apostolorum,
946 3404 1038 3470 qui
1087 3419 1194 3456 non
1231 3419 1349 3458 sum
1383 3404 1578 3474 dignus
1621 3404 1808 3459 vocari
1855 3414 2074 3474 aposto-

2178 3059 2270 3106 τος
2289 3059 2303 3074 ο
2345 3061 2363 3092 ι
2413 3039 2746 3110 Ὑπὸδειγμα
2773 3039 2880 3112 γὰρ
2928 3041 3058 3111 ὑμῖν
3082 3040 3287 3094 δέδωκα
3316 3061 3335 3092 ι
3366 3043 3467 3111 τῆς
3497 3057 3760 3094 sumtus-

2181 3132 2475 3204 φροσύνης,
2510 3150 2530 3184 ι
2557 3133 2645 3186 ἵνα
2677 3129 2858 3194 καθὼς
2901 3130 3012 3200 ἐγὼ
3043 3131 3274 3202 ἐποίησα
3293 3132 3443 3200 ὑμῖν,
3475 3132 3578 3184 καὶ
3601 3134 3761 3201 ὑμεῖς

2181 3225 2369 3294 ποιῆτε
2405 3221 2672 3292 ἀλλήλοις.
2717 3241 2736 3274 ι
2774 3223 2836 3276 El
2865 3221 3039 3276 ταῦτα
3077 3223 3274 3284 οἴδατε,
3309 3223 3579 3292 μακάριοί
3609 3225 3755 3285 ἐστε,

2181 3312 2274 3365 ἐὰν
2325 3311 2517 3381 ποιῆτε
2569 3310 2726 3365 αὐτά.
2774 3311 2930 3381 Αὐτῷ
2973 3315 3007 3383 ή
3052 3312 3181 3377 δόξα
3221 3315 3301 3374 εἰς
3338 3313 3466 3376 τοὺς
3528 3312 3756 3376 αἰῶνας.

2193 3403 2248 3456 Ἀ
2257 3403 2385 3473 μήν.

512 3492 599 3547 lus
623 3495 686 3546 ’³.
718 3513 735 3542 ι
763 3492 1024 3560 Quisquis
1053 3493 1216 3562 igitur
1243 3493 1427 3548 studet
1447 3492 1702 3563 indipisci
1732 3493 1994 3547 virtutem
2014 3491 2362 3554 humilitatis,
2393 3505 2515 3561 quae
2545 3505 2577 3544 a
2605 3489 2722 3545 solo
2745 3489 2858 3545 Deo
2893 3499 3248 3562 praerogatur,
3275 3492 3554 3562 simulque
3585 3493 3754 3549 decli-

511 3597 645 3638 nare
693 3589 976 3650 parentem
1030 3583 1307 3648 vanitatis,
1377 3583 1488 3637 Deo
1541 3582 1718 3637 modis
1787 3581 2044 3637 omnibus
2113 3578 2350 3633 invisum
2445 3585 2711 3632 tumorem
2770 3578 3081 3648 superbiat,
3137 3594 3239 3635 ceu
3297 3580 3454 3651 prius
3547 3582 3754 3636 dictum

513 3675 649 3730 mihi
691 3685 795 3743 est,
830 3677 965 3731 nihil
1013 3679 1231 3732 omittat
1277 3695 1470 3734 eorum
1535 3695 1657 3749 quae
1723 3678 2040 3733 conducunt
2081 3675 2150 3730 ad
2189 3673 2492 3746 parandum
2523 3673 2850 3729 humilitatis
2902 3665 3206 3746 legitimam
3251 3675 3622 3742 functionem,
3661 3679 3757 3731 sul

515 3766 608 3820 tali
677 3765 858 3821 adsint
913 3767 1172 3834 habitus,
1226 3769 1486 3839 pallium,
1541 3769 1820 3833 incessus,
1876 3766 2070 3831 sedile,
2109 3763 2406 3830 alimonia,
2455 3771 2680 3828 stratus,
2725 3779 2942 3830 sermo,

3023 3765 3140 3836 ipse
3205 3767 3454 3836 corporis
3548 3778 3757 3830 motus,

513 3867 800 3928 aspectus,
855 3877 1179 3932 congressus
1258 3877 1382 3916 cum
1429 3863 1676 3932 proximo
1722 3876 1786 3915 ac
1839 3859 2092 3915 familiari
2130 3858 2490 3928 colloquium,
2549 3857 2786 3926 denique
2807 3871 2930 3926 qua
2963 3856 3158 3912 abillo
3195 3875 3320 3914 cum
3356 3859 3546 3915 labore
3595 3859 3756 3924 fiunt,

514 3950 583 4004 ad
618 3950 987 4021 frugalitatem
1031 3963 1088 4009 et
1130 3954 1522 4031 parcimoniam
1572 3963 1822 4025 spectent
1868 3954 2071 4010 omnia.
2111 3952 2172 4008 In
2201 3951 2397 4023 primis
2436 3965 2536 4006 suo
2565 3950 2633 4005 de
2667 3950 2958 4021 sejudicio
3013 3967 3082 4007 ne
3113 3967 3171 4007 se
3214 3960 3384 4008 totum
3448 3954 3756 4024 permittat.

517 4055 728 4094 memor
755 4041 828 4096 sit
852 4042 1090 4106 Domini,
1123 4044 1218 4112 qui
1252 4059 1596 4114 nequaquam
1660 4044 1943 4115 indignum
2002 4043 2158 4097 duxit
2196 4041 2522 4096 submittere
2553 4056 2611 4096 se
2647 4039 2894 4095 lavandis
2937 4041 3329 4111 discipulorum
3369 4043 3626 4113 pedibus,
3663 4048 3755 4115 qui

515 4135 573 4182 ct
595 4128 733 4182 dixit
771 4147 782 4183 :
831 4149 848 4180 ι
901 4131 1218 4200 Exemplum
1268 4134 1414 4186 enim
1463 4133 1585 4188 dedi
1621 4133 1798 4197 vobis,
1839 4151 1858 4183 ι
1891 4147 2085 4202 nempe
2123 4130 2467 4194 humilitatis,
2505 4147 2526 4180 ι
2556 4137 2617 4183 ιιι
2667 4130 3128 4198 quemadmodum
3175 4131 3276 4187 feci
3327 4134 3484 4188 vobis
3513 4175 3528 4198 ,
3573 4145 3632 4190 et
3664 4153 3758 4190 vos

519 4215 730 4274 faciatis
765 4221 994 4274 invicem
1031 4222 1095 4272 υ.
1136 4241 1152 4270 ι
1197 4221 1254 4274 Si
1290 4222 1403 4276 lucc
1433 4222 1606 4286 scitis,
1653 4221 1792 4276 beati
1842 4221 2000 4276 eritis
2031 4221 2074 4275 si
2111 4218 2352 4275 feceritis
2377 4232 2462 4272 ea.
2496 4215 2600 4286 ipsi
2633 4217 2806 4288 gloria
2847 4219 2902 4272 in
2943 4221 3164 4275 sazcula.
3210 4223 3398 4276 Amen.

1044 4359 1330 4414 liOMILIA
1371 4359 1558 4414 LXXI.

2782 4355 2998 4408 ΛΟΓΟΣ
3035 4313 3159 4410 OA'.

721 4468 793 4520 De
820 4484 879 4522 eo
909 4467 1046 4538 quod
1075 4469 1312 4538 proximo
1346 4457 1753 4523 condonandam‘
1785 4470 1873 4522 sit.

2445 4469 2580 4536 Περὶ
2615 4466 2721 4522 τοῦ
2757 4469 3093 4538 συγχωρεῖν
3141 4469 3221 4535 τῷ
3247 4473 3506 4539 πλησίω.

590 4579 662 4634 Ut
688 4578 935 4648 proximo
961 4578 1212 4648 ignoscas
1244 4580 1297 4632 in
1341 4576 1684 4648 plenitudine
1729 4576 1932 4643 cordis,
1979 4577 2084 4631 Do-

523 4670 784 4724 Ininicum
816 4678 971 4738 urget
1030 4679 1081 4722 te
1115 4668 1458 4731 mandatum,
1493 4666 1750 4722 universo
1797 4666 2081 4720 hominum

523 4759 715 4830 generi
749 4758 992 4828 apprime
1025 4757 1389 4813 salutiferum.
1440 4756 1654 4811 Domini
1700 4765 1883 4812 autern
1933 4772 2086 4810 man-

527 4852 714 4906 datum
749 4857 950 4904 aeterna
993 4858 1078 4903 est
1110 4850 1238 4902 vita.
1273 4849 1460 4918 Itaque
1507 4846 1868 4903 condonanda
1903 4848 2088 4916 proxi-

2260 4579 2333 4632 Τὸ
2363 4582 2665 4650 συγχωρεῖν
2688 4579 2765 4650 τῷ
2792 4580 3020 4650 πλησίον
3035 4581 3143 4634 ἀπὸ
3170 4583 3416 4654 καρδῖας,
3449 4587 3754 4656 Δεσποτικὴ

2191 4669 2378 4742 ἐντολή
2409 4673 2574 4734 ἐστιν,
2625 4671 2720 4724 καὶ
2773 4673 3040 4742 σωτήριος
3096 4676 3262 4727 πᾶσιν
3311 4674 3647 4746 ἀνθρώποις.
3693 4681 3752 4732 'll

2192 4762 2298 4830 γάρ
2326 4761 2514 4830 ἐντολὴ
2555 4761 2719 4816 αὐτοῦ
2743 4761 2855 4833 ζωὴ
2885 4755 3102 4828 αἰώνιός
3125 4766 3295 4820 ἐστιν.
3339 4767 3467 4820 Ἐἀν
3495 4767 3594 4822 οὖν
3627 4788 3753 4838 συγ-

2192 4849 2498 4922 χωροῦμεν,
2555 4851 3014 4921 συγχωρούμεθα·
3065 4855 3158 4906 ἐὰν
3192 4855 3248 4907 δὲ
3287 4855 3383 4926 μὴ,
3429 4860 3753 4931 ἒπισφρατξ.

2193 4939 2358 5008 ζομεν
2389 4939 2488 5002 τὰς
2517 4939 2728 4993 ἑαυτῶν
2758 4940 3054 5011 ἁμαρτίας.
3082 4941 3178 5006 Τίς
3197 4939 3289 4996 οὖν
3315 4947 3503 5014 σοφὸς,
3533 4951 3564 5002 ὁ
3590 4949 3752 5004 θέλων

2189 5033 2371 5100 τυχεῖν
2399 5033 2498 5102 τῆς
2535 5031 2784 5101 ἀφέσεως
2821 5033 2929 5086 τῶν
2968 5033 3354 5108 ἀναριθμήτων
3381 5039 3549 5092 αὐτοῦ
3578 5041 3753 5112 πλημ·

2195 5123 2546 5193 μελημάτων,
2579 5121 2652 5194 μὴ
2687 5124 2826 5192 μετὰ
2853 5125 3026 5194 χαρᾶς
3054 5126 3258 5194 ἀφήσει
3295 5127 3375 5196 τῷ
3399 5129 3634 5200 πλησίον
3665 5134 3754 5186 αὖ-

2191 5214 2286 5268 τοῦ
2316 5214 2382 5266 τά
2415 5213 2670 5294 ἐλάχιστα
2693 5212 3076 5283 ὲλαττώματα;
3106 5215 3181 5267 Οὐ
3219 5214 3380 5285 μόνον
3408 5216 3467 5270 δὲ
3495 5219 3523 5270 ὁ
3558 5219 3753 5291 Κύριος

2194 5304 2352 5358 τοῦτο
2382 5304 2684 5356 ἐντέλλεται
2719 5305 2850 5374 ἡμῖν
2871 5308 3091 5368 ,ποιεῖν,
3137 5305 3277 5358 άλλά
3309 5309 3404 5360 καὶ
3444 5309 3596 5382 ἔργῳ
3631 5314 3752 5381 ἡμῖν

595 5437 636 5468 ¹⁹
674 5437 832 5558 Elin".
861 5452 948 5500 vn,
974 5437 1062 5489 ΞΗ.
1141 5437 1184 5467 ’³
1221 5435 1390 5492 lCor.
1424 5452 1496 5500 tv,
1535 5435 1618 5486 15.
1696 5437 1736 5467 ³¹
1779 5434 1970 5491 "Cor.
2002 5451 2070 5488 vn

595 5520 638 5558 il.
708 5521 760 5556 ξι.

2182 5475 2195 5488 .
2271 5435 2532 5504 "Epltes.
2567 5451 2637 5500 Iv,
2674 5437 2722 5490 l.
2751 5436 2802 5488 εὶ.
2881 5437 2923 5466 ’³
2963 5437 2981 5490 l
3011 5435 3135 5491 Cor.
3169 5453 3256 5502 xv,
3283 5439 3337 5502 8,
3367 5441 3419 5494 9.

526 5519 638 5562 κω.
674 5519 695 5558 1
708 5519 760 5556 ξ).

521 4945 646 5006 mis,
689 4942 902 4995 veniam
950 4941 1050 5010 ipsi
1088 4941 1462 5010 impetramus.
1497 4939 1592 4994 Sin
1647 4939 1992 4994 remittemus
2019 4955 2084 4994 ex

521 5032 728 5101 animo,
759 5044 944 5088 nostra
969 5033 1210 5102 ipsorum
1240 5039 1462 5102 peccata
1501 5047 1600 5102 per
1630 5030 1736 5086 hoe
1767 5032 1920 5100 quasi
1949 5047 2086 5101 quo-

522 5125 666 5196 piam
718 5125 999 5196 signaculo
1028 5114 1370 5196 insignimué,
1421 5139 1488 5178 ne
1523 5123 1738 5178 veniam
1773 5137 2088 5192 promerea-

524 5233 668 5272 mur.
699 5217 834 5284 Quis
873 5218 1036 5287 igitur
1075 5216 1312 5288 (sapiens
1338 5215 1504 5270 modo
1545 5215 1636 5284 sit)
1667 5215 1763 5284 qui
1805 5229 1929 5269 eum
1969 5230 2085 5268 ma-

521 5323 762 5378 gnopere
789 5311 971 5378 cupiat
997 5325 1221 5364 suorum
1247 5323 1346 5363 nec
1375 5308 1470 5362 ulli
1499 5306 1962 5362 numerandorum
1993 5307 2090 5360 de-

3517 5445 3560 5475 ”
3600 5436 3744 5492 Joan.
