4030 6296
523 282 658 349 1655

1789 291 2154 351 ANTIOCHI
2195 290 2539 351 MONACHI

3657 281 3795 349 1656

517 390 840 464 dormiscat,
891 399 1203 457 destertens
1240 401 1486 470 ,interim
1545 383 1616 460 ac.
1679 420 1910 462 securus
1958 423 2099 463 cura!

2211 407 2269 462 ἐν
2297 407 2469 478 φόϐῳ,
2500 411 2596 461 καὶ
2634 408 2962 477 ἀγαλλιᾶσθε
3003 406 3148 476 αὐτῷ
3191 407 3249 457 ὲν
3285 403 3498 475 τρόμῳ·
3550 401 3670 463 πᾶς
3702 406 3796 457 ἄν·

518 489 759 544 omnis:
813 491 1071 546 omnibus
1115 494 1262 548 enim
1319 511 1386 550 ex
1438 513 1598 568 aequo
1643 499 1954 556 viviﬁcator
2013 503 2105 557 ille

521 579 762 648 Spiritus
820 581 924 636 hoc
972 583 1287 651 praescribit
1342 587 1683 642 mandatum.
1715 586 1819 644 'Ait
1853 593 2000 646 enim
2035 594 2102 659 is,

431 701 435 706 -
517 685 623 739 per
665 687 728 726 os
772 672 944 726 David
980 690 992 724 :
1054 691 1073 724 ι
1110 675 1446 742 Erudimini,
1481 695 1676 736 omnes
1708 684 1800 751 qui
1845 684 2107 752 judicatis

508 769 735 826 terram,
779 764 984 818 servite
1014 764 1246 821 Domino
1266 767 1320 820 in
1346 768 1560 834 timore,
1595 781 1651 826 et
1678 774 1948 828 exsultate
1973 775 2024 828 ei
2050 775 2105 828 in

520 861 784 917 tremore,
854 857 1255 926 apprehendite
1324 859 1696 930 disciplinam.
1761 880 1829 919 ne
1885 866 2105 934 quando

527 949 804 1002 irascatur
835 947 1122 1013 Dominus,
1173 958 1229 1004 et
1283 953 1523 1019 pereatis
1559 953 1627 1010 de
1657 955 1745 1009 via
1787 957 1934 1026 justa
1975 957 2041 1009 ’⁸.
2080 976 2098 1008 ι

523 1037 740 1094 Rursus
774 1057 786 1092 :
826 1057 843 1089 ι
885 1039 1036 1093 Beati
1089 1042 1184 1110 qui
1230 1043 1552 1098 custodiunt
1591 1046 1883 1114 judicium,
1925 1057 1982 1102 et
2027 1049 2106 1102 fa-

437 1197 444 1204 _
517 1129 969 1200 ciuutjustitiam
995 1131 1052 1183 in
1079 1132 1228 1185 omni
1255 1142 1502 1202 tempore
1525 1135 1589 1188 θ’.
1634 1155 1650 1185 ι
1675 1136 1744 1188 Et
1781 1154 1794 1188 :
1837 1155 1855 1187 ι
1887 1135 1942 1191 Si
1975 1149 2103 1192 vere

520 1222 717 1291 utique
743 1221 1018 1291 justitiam
1060 1223 1374 1293 loquimini,
1405 1227 1836 1297 rectejudicate,
1877 1230 1972 1284 lilii
2001 1231 2102 1284 ho-

517 1314 733 1367 minum
771 1314 808 1367 ¹.
847 1333 866 1366 ›
933 1314 986 1368 Si
1038 1331 1168 1370 vero
1203 1317 1418 1386 utique,
1466 1334 1573 1372 non
1606 1321 1985 1376 commentitie
2040 1337 2104 1375 ac

515 1404 883 1471 mendaciter,
910 1419 1091 1474 neque
1139 1422 1238 1475 per
1285 1407 1621 1476 hypocrisin:
1673 1409 1932 1464 Dixeris:
1969 1410 2102 1479 quid

514 1493 687 1564 igitur
723 1493 791 1548 ad
839 1510 928 1550 me
976 1495 1123 1550 istud
1180 1497 1378 1552 attinet
1426 1499 1770 1560 mandatum,
1808 1501 1896 1554 cui
1949 1501 2100 1554 nulla

513 1585 830 1640 concredita
859 1585 1406 1656 functiojudiciarite
1455 1591 1767 1658 potestatis,
1819 1591 1914 1660 qui
1963 1590 2100 1644 nihil

516 1678 701 1732 minus
732 1695 897 1748 quam
922 1679 1168 1749 judicem
1197 1679 1504 1749 proﬁteor?
1535 1682 1674 1736 Huic
1693 1682 2092 1751 responderim,

515 1767 664 1823 Deus
702 1771 796 1838 qui
854 1769 1133 1823 hominem
1175 1770 1445 1832 condidit.
1475 1772 1756 1830 l‘eciteum
1801 1788 1915 1827 suae
1973 1788 2092 1828 esse

515 1860 732 1929 spontis
761 1876 825 1915 ac
852 1861 1014 1916 liberi
1060 1862 1273 1916 arbitrii
1306 1881 1318 1914 :
1358 1879 1615 1932 capacem
1651 1871 1918 1932 przeterea
1958 1880 2091 1934 pro-

514 1952 682 2021 positi
725 1953 1070 2018 alterutrius,
1094 1963 1187 2008 aut
1219 1953 1442 2008 virtutis
1475 1964 1569 2008 aut
1593 1955 1732 2008 vitii.
1757 1954 2005 2024 Cumque
2036 1954 2091 2009 in

515 2045 709 2098 faciem
771 2045 1015 2100 hominis
1085 2046 1382 2116 inspirans,
1441 2047 1802 2116 multiplicem
1869 2062 2090 2101 sensum
2129 2087 2142 2102 .

515 2134 828 2199 insevissct,
864 2136 1093 2205 perinde
1139 2144 1303 2206 atque
1339 2136 1394 2189 in
1444 2138 1619 2206 agello
1660 2138 1940 2208 quopiam,
1995 2155 2093 2192 ex-

516 2226 831 2296 plessetque
881 2229 1181 2282 satellitum
1215 2229 1468 2284 ordinem
1509 2248 1522 2295 ;
1577 2229 1631 2282 in
1678 2230 1874 2284 horum
1911 2230 2094 2285 medio

515 2317 680 2386 jussit
709 2325 956 2372 mentem
998 2319 1249 2374 residere
1285 2319 1604 2389 primariam
1637 2329 1800 2389 atque
1827 2336 2090 2375 sensuum

518 2407 972 2476 moderatricem,
998 2425 1099 2465 ceu
1126 2425 1310 2481 regem
1333 2412 1594 2481 stipatum
1616 2413 1876 2468 satellitio
1895 2415 2091 2481 milite,

526 2517 713 2572 regem
769 2502 957 2571 plane,
994 2517 1063 2556 ex
1112 2503 1691 2558 conditione-bonum
1741 2519 1806 2559 ac
1856 2505 2091 2574 justum.

518 2589 696 2648 Penes
724 2608 850 2646 eum
907 2593 1076 2664 igitur
1127 2596 1355 2650 omnino
1397 2603 1480 2650 est
1522 2593 1809 2665 judicandi
1844 2597 2091 2661 libertas,

520 2699 630 2752 quo
654 2683 1026 2739 discerniculo
1056 2686 1234 2739 virtus
1266 2701 1295 2738 a
1328 2685 1464 2740 vitio
1508 2686 1907 2757 distinguatur,
1963 2696 2093 2757 puta

520 2773 889 2843 temperantia
915 2773 984 2826 ab
1017 2773 1212 2828 eﬂ'reni
1241 2774 1503 2840 libidine;
1541 2777 1811 2846 ingluvies
1840 2779 1909 2832 ab
1939 2793 2099 2832 exer-

520 2865 650 2920 citio
683 2866 1056 2928 abstinentiae,
1108 2865 1186 2919 ira
1218 2881 1248 2919 a
1276 2867 1725 2934 mansuetudine,
1761 2869 1942 2924 inanis
1975 2871 2096 2940 glo-

523 2957 620 3012 riae
653 2958 775 3011 sitis
811 2959 880 3012 ab
929 2958 1265 3012 humilitate.
1289 2957 1478 3013 Virtus
1501 2959 1740 3030 denique
1789 2963 1972 3016 omnis
2010 2963 2096 3016 vi-

2125 1744 2168 1798 Β

2212 497 2430 569 θρωπος
2457 495 2724 566 δράξασθε
2756 499 3026 562 παιδείας,
3053 498 3260 567 μήποτε
3296 493 3535 563 ὀργισθῇ
3562 494 3790 564 Κύριος,

2209 590 2303 643 καὶ
2325 589 2614 643 ἀπολεῖσθε
2640 589 2698 655 ἐξ
2720 589 2841 642 ὁδοῦ
2868 589 3102 648 δικαίας.
3141 606 3161 638 ι
3192 587 3304 639 Καὶ
3326 585 3516 643 πάλιν.
3549 603 3568 635 ‹
3600 585 3798 636 Μακά-

2210 699 2315 752 ριοι
2359 683 2408 734 οί
2443 682 2806 752 φυλάσσοντες
2836 682 3039 751 κρίσιν,
3074 680 3169 737 καὶ
3203 677 3486 738 ποιοῦντες
3521 674 3796 728 δικαιοσύ-

2208 790 2306 841 νην
2335 775 2391 826 ἐν
2419 773 2584 826 παντί
2615 773 2818 844 καιρῷ,
2843 794 2861 825 ι
2897 774 3028 836 Καὶ,
3059 789 3077 821 ι
3110 771 3173 823 Εἰ
3193 768 3413 838 ἀληθῶς
3437 766 3552 834 ἄρα
3580 766 3794 819 δικαιο-

2211 863 2376 934 σύνην
2397 864 2630 930 λαλεῖτε,
2661 866 2823 918 εὐθέα
2851 863 3098 934 κρίνατε,
3125 862 3230 913 υἱοὶ
3253 860 3364 911 τῶν
3404 858 3739 927 ἀνθρώπων.
3769 879 3788 909 ι

2208 959 2270 1010 Ei
2296 956 2512 1026 ἀληθῶς
2543 956 2672 1026 ἄρα,
2717 958 2809 1010 καὶ
2849 957 2924 1025 μὴ
2961 954 3186 1024 ψεῦδος,
3217 952 3354 1022 μηδὲ
3391 951 3521 1003 καθ’
3552 951 3794 1016 ὑπόκρι-

2210 1066 2316 1102 σιν.
2348 1049 2412 1100 Τί
2437 1047 2553 1115 οὖν,
2579 1048 2766 1118 φησιν,
2802 1049 2940 1116 πρός
2976 1064 3065 1116 με,
3102 1046 3192 1098 τὸν
3222 1045 3296 1113 μὴ
3325 1042 3794 1112 ἐμπεπιστευμέ-

2206 1155 2296 1194 νον
2328 1138 2649 1207 δικαστικὴν
2693 1139 2904 1208 ἀρχήν;
2945 1137 3018 1188 Τὸ
3061 1134 3438 1205 παράγγελμα
3465 1132 3637 1186 τοῦτο
3685 1133 3793 1198 ἐγώ

2208 1247 2289 1284 σοι
2313 1230 2442 1299 ἐρῶ·
2480 1230 2538 1283 '0
2559 1229 2693 1292 Θεὸς
2715 1231 2743 1282 ὁ
2771 1229 2964 1290 κτίσας
2987 1228 3077 1280 τὸν
3103 1227 3411 1297 ἄνθρωπον,
3431 1224 3793 1288 αὐτεξούσιον

2205 1318 2368 1373 αὐτὸν
2419 1319 2698 1388 ἐποίησεν,
2735 1317 2987 1371 δεκτικὸν
3037 1316 3365 1385 προσϐολῆς,
3425 1313 3666 1384 ἀρετῆς,
3698 1314 3794 1365 καὶ

2205 1411 2424 1474 κακίας.
2471 1411 2748 1472 Φυτεύσας
2774 1409 2830 1461 δὲ
2865 1408 2967 1470 τὰς
2995 1407 3211 1468 πλείους
3237 1406 3556 1474 αἰσθήσεις,
3600 1403 3793 1472 ὥσπερ

2203 1501 2262 1554 ὲν
2296 1500 2475 1571 μικρῷ
2506 1517 2612 1552 τινι
2647 1499 2855 1570 χωρίῳ,
2887 1501 2954 1568 τῇ
2989 1497 3108 1566 ὕψει
3142 1495 3462 1566 δορυφόρων
3508 1496 3674 1560 τάξιν
3709 1495 3797 1545 ὲκ-

2202 1590 2538 1660 πληρούσας,
2566 1590 2866 1660 ὲνθρονίζει
2896 1589 3109 1649 αὐταῖς,
3143 1584 3337 1654 ὥσπερ
3381 1583 3614 1654 βασιλέα
3657 1585 3794 1649 ἀγα-

2203 1681 2294 1735 θὸν
2340 1681 2436 1735 καὶ
2486 1681 2715 1746 δίκαιον,
2759 1681 2850 1734 τὸν
2888 1679 3131 1751 ἡγεμόνα
3199 1677 3349 1730 νοῦν.
3394 1676 3671 1746 Κρίνεται
3701 1674 3794 1728 οὖν

2197 1775 2417 1836 παντως
2487 1775 2658 1845 ἀρετὴ
2709 1773 2804 1826 καὶ
2858 1773 3047 1835 κακία,
3098 1771 3396 1834 τουτέστιν,
3452 1767 3788 1838 σωφροσύνη

2194 1865 2289 1919 καὶ
2333 1865 2618 1931 ἀκολασία,
2676 1863 3095 1934 γαστριμαργία
3147 1862 3241 1916 καὶ
3309 1861 3553 1928 ἄσκησις
3615 1859 3793 1928 θυμὸς

2194 1951 2288 2004 καὶ
2333 1953 2577 2022 πραότης
2637 1951 2913 2016 κενοδοξία
2964 1949 3587 2018 καὶ·ταπεινοςρροσύνη
3629 1968 3644 1979 ·
3694 1947 3791 2000 καὶ

2195 2044 2379 2107 ἁπλῶς
2408 2046 2566 2098 πᾶσα
2601 2044 2768 2115 ἀρετὴ
2822 2043 2984 2114 δίκην
3035 2043 3149 2113 ἔχει
3199 2042 3334 2112 πρὸς
3386 2042 3489 2108 τὴν
3543 2040 3790 2094 ἀντιδια-

2197 2135 2558 2204 στελλομένην
2587 2135 2726 2204 αὐτῇ
2757 2133 2981 2188 κακίαν.
3027 2133 3153 2186 Ἐὰν
3181 2129 3272 2186 οὖν
3293 2132 3320 2183 ὁ
3353 2131 3482 2192 νοῦς
3513 2129 3789 2199 κατακρί-

2193 2239 2261 2294 vn
2298 2226 2396 2296 τὴν
2423 2227 2644 2290 κακίαν,
2671 2224 2946 2294 δικαιώσῃ
2989 2224 3046 2277 δὲ
3069 2225 3168 2294 τὴν
3194 2223 3415 2294 ἀρετὴν,
3442 2221 3615 2275 εὐθέα
3645 2222 3788 2290 ἐκρι-

2195 2333 2304 2381 νεν,
2343 2316 2440 2371 καὶ
2489 2317 2760 2386 ἐφύλαξεν
2791 2320 2967 2387 κρῖμα
3003 2318 3097 2370 καὶ
3128 2316 3503 2385 δικαιοσύνην.
3539 2316 3604 2366 Ei
3639 2316 3698 2368 δὲ
3723 2317 3787 2367 ὲκ

2197 2408 2534 2472 πολυποσίας
2580 2410 2903 2480 ἐπιλάθηται
2949 2408 3181 2472 ἑαυτοῦ,
3223 2409 3413 2460 πίπτει
3462 2410 3531 2460 ὲκ
3577 2406 3677 2460 τοῦ
3705 2407 3786 2459 δι-

2196 2500 2378 2564 καίου,
2419 2500 2496 2563 ὡς
2531 2500 2801 2570 Ὀχοζίας,
2837 2502 2930 2554 καὶ
2971 2503 3247 2572 ἀρῤωστεϊ
3278 2500 3605 2571 ἀρρωστίαν
3647 2499 3788 2569 πρὸς

2197 2593 2448 2658 θάνατον,
2478 2595 2756 2647 τουτέστιν
2787 2593 3011 2648 ἀπόλλει
3031 2593 3127 2664 τὴν
3155 2593 3457 2663 διάκρισιν,
3494 2592 3596 2645 καὶ
3626 2593 3783 2646 δίδω-

2199 2701 2282 2737 σιν
2311 2685 2408 2756 τὴν
2429 2686 2670 2740 νικῶσαν
2689 2687 2871 2757 ψῆφον
2893 2689 2958 2758 τῇ
2986 2687 3176 2756 κακίᾳ,
3200 2685 3294 2737 καὶ
3318 2684 3672 2752 ἀποθνήσκει
3697 2684 3785 2735 τὸν

2197 2778 2415 2834 αἰώνιον
2445 2777 2695 2833 θάνατον.
2733 2780 2958 2842 Τούτοις
2984 2779 3040 2831 δὲ
3073 2781 3445 2846 ἐπιμαρτυρεῖ
3493 2776 3592 2828 καὶ
3617 2778 3649 2827 ὁ
3676 2775 3786 2827 Κύ-

2199 2887 2337 2941 ριος,
2365 2870 2562 2940 λέγων,
2611 2891 2629 2922 ι
2668 2871 2732 2924 Τί
2763 2872 2819 2924 δὲ
2855 2872 2949 2924 καὶ
2981 2873 3074 2939 ἀφ’
3107 2869 3316 2923 ἑαυτῶν
3364 2871 3428 2920 οὗ
3471 2869 3699 2937 κρίνετε
3729 2867 3789 2919 τὸ

2197 2959 2434 3023 δίκαιον;
2457 2979 2474 3010 ι
2527 2961 2614 3022 Ὠς
2646 2959 2752 3030 γὰρ
2787 2961 3020 3022 ὑπάγεις
3068 2960 3205 3028 μετά
3233 2957 3326 3010 τοῦ
3374 2957 3658 3017 ἀντιδίκου
3695 2973 3786 3008 σου

522 3049 661 3105 tium
717 3049 882 3102 habet
932 3048 1020 3104 cui
1075 3050 1403 3114 reluctetur,
1459 3066 1570 3119 quo
1642 3066 1768 3104 cum
1823 3051 2094 3121 judicium

2202 3049 2286 3101 ἐπ’
2319 3050 2576 3119 ἄρχοντα,
2620 3054 2677 3102 ἐν
2715 3054 2780 3120 τῇ
2831 3050 2934 3120 ὁδῷ
2979 3050 3064 3112 δὸς
3111 3049 3373 3120 ἐργασίαν
3427 3048 3788 3116 ἀπηλλάχθαι

521 3151 794 3196 exerceat.
822 3141 970 3197 Mens
1002 3142 1172 3212 igitur
1197 3143 1242 3197 si
1267 3141 1530 3196 malitiam
1573 3143 1926 3208 condemnet,
1955 3144 2095 3199 ferat

517 3243 704 3288 autem
751 3250 850 3305 pro
914 3234 1120 3289 virtute
1183 3235 1543 3299 sententiam,
1599 3244 1749 3290 recte
1801 3236 2091 3306 judicavit,

519 3321 763 3393 fecitque
788 3326 1059 3395 judicium
1106 3333 1162 3379 et
1189 3325 1486 3396 justitiam.
1523 3326 1680 3392 Quod
1708 3329 1752 3381 si
1784 3343 1883 3396 per
1908 3328 2098 3384 immo-

521 3415 772 3470 deratam
833 3417 1206 3485 sumptionem
1279 3418 1392 3472 vini
1453 3419 1688 3487 seipsam
1757 3417 1960 3487 fugerit
2035 3433 2099 3473 ac

522 3507 802 3571 nescierit,
832 3509 1086 3578 prolapsa
1114 3510 1226 3579 jam
1259 3518 1346 3564 est
1372 3527 1402 3565 a
1429 3510 1759 3565 rectitudine
1790 3510 2009 3579 judicii,
2041 3518 2100 3563 ut

523 3598 614 3652 ille
643 3600 775 3652 olim
821 3601 1110 3666 Ochozias,
1134 3617 1198 3657 ac
1236 3603 1438 3669 misere
1461 3610 1696 3673 aegrotat
1743 3602 2099 3672 agrotatione

521 3693 590 3748 ad
622 3704 852 3750 mortem
881 3700 900 3728 ‘
935 3715 949 3750 :

2201 3140 2296 3191 ἀπ’
2329 3139 2514 3203 αὑτοῦ,
2568 3141 2779 3209 μήποτε
2838 3140 3118 3210 κατασύρῃ
3168 3157 3224 3191 σε
3259 3140 3398 3208 πρὸς
3425 3139 3522 3189 τὸν
3565 3140 3785 3207 κριτὴν,

2198 3231 2293 3284 καὶ
2343 3233 2371 3284 ὁ
2418 3232 2608 3302 κριτὴς
2670 3231 2966 3303 παραδὼσῃ
3015 3249 3074 3285 σε
3122 3231 3200 3300 τῷ
3246 3232 3582 3300 πράκτωρι,
3635 3230 3788 3282 καὶὸ

2196 3322 2458 3392 πράκτωρ
2497 3323 2630 3392 βάλῃ
2683 3340 2742 3375 σε
2793 3325 2872 3387 είς
2915 3324 3182 3393 φυλακήν.
3226 3323 3398 3392 Ἀμὴν
3442 3322 3596 3390 ἀμὴν
3639 3321 3785 3388 λέγω

2199 3431 2300 3478 σοι,
2333 3416 2394 3467 οὐ
2435 3415 2509 3485 μὴ
2548 3415 2766 3485 ἐξέλθῃς
2797 3416 3007 3468 ἐκεῖθεν
3036 3415 3141 3475 ἓως
3167 3408 3228 3468 οὗ
3257 3414 3474 3484 ἀποδῷς
3506 3414 3596 3464 τὸν
3620 3412 3786 3481 ἔσχα-

2196 3523 2287 3559 τον
2322 3506 2646 3578 κοδράντην.
2683 3507 2842 3578 Λύτῷ
2873 3509 2905 3577 ἡ
2956 3507 3083 3572 δόξα
3115 3507 3190 3576 τῷ
3236 3507 3382 3577 μόνῳ
3427 3506 3781 3575 δικαιοκριτῇ

2198 3598 2419 3668 Χριστῷ
2450 3598 2528 3659 είς
2555 3598 2684 3661 τοὺς
2711 3598 2937 3660 αἰῶνας.
2978 3598 3172 3667 Ἀμήν.

1007 3697 1113 3753 hoc
1163 3706 1268 3761 est,
1307 3697 1542 3753 descivit
1571 3713 1600 3751 a
1648 3699 1798 3768 justo
1861 3691 2359 3764 rationisjudicio,
2403 3692 2661 3762 ultroque
2727 3693 2949 3747 malitia
2998 3693 3162 3746 cessit
3224 3690 3484 3760 palmaris
3533 3690 3784 3742 victoria:

523 3793 809 3850 tesseram,
840 3804 903 3843 ac
937 3804 996 3843 se
1031 3798 1250 3844 aeterna
1288 3790 1452 3844 morti
1489 3789 1719 3844 addixit.
1753 3788 1879 3842 Haec
1946 3785 2213 3841 Dominus
2275 3799 2376 3838 suo
2426 3787 2624 3838 astruit
2664 3785 3002 3849 testimonio,
3063 3784 3290 3838 dicens:
3326 3801 3342 3832 ι
3383 3782 3498 3836 Cur
3531 3791 3722 3835 autem
3755 3797 3784 3835 a

524 3878 817 3950 vobisipsis
875 3896 984 3935 non
1034 3882 1318 3951 judicatur
1378 3882 1524 3952 quod
1569 3883 1779 3952 justum
1834 3887 1918 3934 est
1979 3880 2086 3933 ’1?»
2128 3875 2358 3944 Quando
2387 3875 2542 3930 vadis
2571 3892 2694 3933 cum
2726 3877 3041 3931 adversario
3076 3886 3170 3932 tuo
3229 3875 3297 3929 ad
3355 3875 3695 3944 principem,
3731 3875 3785 3929 in

522 3955 609 4025 via
640 3970 707 4026 da
742 3988 968 4042 operam
1013 3974 1238 4033 liberari
1264 3974 1332 4028 ab
1367 3989 1456 4039 eo,
1524 3973 1822 4043 nequando
1851 3971 2031 4026 trahat
2080 3980 2134 4024 te
2199 3968 2265 4023 ad
2294 3968 2560 4038 judicem,
2610 3979 2666 4024 et
2707 3969 2876 4039 judex
2910 3969 3092 4023 tradat
3126 3977 3178 4023 te
3231 3967 3448 4031 tortori,
3495 3979 3553 4023 et
3601 3978 3788 4023 terter

525 4062 704 4118 mittat
739 4075 791 4120 te
828 4067 880 4120 in
916 4081 1215 4121 carcerem.
1254 4065 1424 4120 Amen
1475 4081 1636 4120 amen
1666 4066 1789 4120 dico
1818 4065 1940 4130 tibi,
1978 4081 2089 4120 non
2124 4064 2303 4118 exibis
2377 4063 2532 4118 illinc
2595 4063 2774 4118 donec
2817 4062 3126 4118 reddideris
3184 4061 3553 4116 novissimum
3640 4079 3784 4133 qua-

521 4157 774 4211 drantem
802 4157 843 4211 ⁵.
869 4157 977 4226 Ipsi
1025 4157 1194 4227 gloria
1241 4158 1515 4226 solijusto
1543 4155 1717 4227 judici
1741 4156 1969 4212 Christo
2023 4159 2078 4211 in
2118 4159 2336 4213 saecula.
2365 4157 2566 4211 Amen.

899 4295 1108 4368 1143
1145 4295 1427 4350 HOMlLlA
1483 4295 1720 4350 Lxxw.

1052 4408 1128 4464 De
1143 4411 1293 4482 justa
1318 4427 1589 4464 mensura.

591 4522 724 4588 Quae
756 4523 902 4590 justa
959 4529 1089 4576 sunt
1139 4521 1347 4585 omnia,
1385 4538 1651 4591 perquam
1681 4524 1944 4579 amabilia
1978 4525 2094 4580 Deo

2784 4295 3003 4349 ΛΟΓΟΣ
3059 4295 3195 4362 οςν.

2662 4409 2797 4477 Περὶ
2853 4409 3307 4477 δικαιομετριας.

2270 4523 2456 4577 Πάντα
2483 4522 2553 4576 τά
2600 4522 2784 4576 δίκαια
2824 4520 3050 4589 θεόφιλα
3101 4522 3198 4573 καὶ
3241 4485 3529 4590 εὐάρεστοι.
3566 4521 3787 4591 Ὠσπερ

523 4621 657 4666 sunt
681 4619 738 4665 et
765 4619 1013 4680 accepta.
1042 4611 1112 4666 Ut
1143 4611 1291 4664 enim
1323 4611 1641 4680 aequitatem
1689 4613 1906 4680 judicii,
1935 4615 2010 4669 ita
2039 4624 2096 4670 et

2202 4614 2308 4685 γὰρ
2335 4615 2434 4684 τὴν
2458 4613 2862 4679 δικαιοκρισίαν
2893 4613 3084 4682 ἀγαπᾷ
3117 4614 3145 4664 ὁ
3175 4612 3326 4675 Θεὸς,
3355 4611 3531 4675 οὕτως
3560 4614 3662 4666 καὶ
3685 4614 3785 4682 τὴν

523 4705 581 4758 in
628 4702 907 4776 metiendo
960 4710 1233 4756 servatam
1268 4702 1541 4770 justitiam
1593 4703 1773 4773 diligit
1807 4704 1972 4759 Deus.
1999 4705 2099 4762 Ju-

522 4803 646 4850 stus
683 4794 831 4846 enim
863 4809 989 4848 cum
1017 4795 1107 4855 sit,
1144 4794 1198 4846 in
1244 4792 1300 4847 id
1333 4794 1562 4862 respicit
1591 4795 1921 4859 clementer,
1951 4799 2101 4867 quod

519 4888 732 4956 justum
771 4894 874 4940 est.
913 4885 1045 4939 Jure
1082 4885 1251 4952 igitur
1275 4887 1431 4956 jubet
1462 4885 1754 4954 Scriptura»
1778 4890 2100 4944 servandam

524 4993 646 5033 esse
674 4977 990 5046 arquitatem
1013 4987 1069 5032 et
1087 4978 1350 5047 ponderis
1379 4987 1436 5033 et
1465 4992 1754 5033 mensurae.
1780 4979 1799 5010 ⁵
1819 4979 2101 5037 Nefarium

525 5081 758 5137 prorsus
833 5074 1001 5134 atque
1074 5082 1688 5138 omnemxexpurgans
1753 5070 2103 5138 iniquitatem

526 5170 612 5215 est
649 5158 897 5230 duplices
919 5159 1125 5214 habere
1152 5175 1459 5223 mensuras,
1489 5178 1710 5230 parvam
1739 5174 1796 5218 et
1823 5179 2098 5233 magnam.

526 5251 684 5308 Unde
742 5260 798 5307 et
851 5253 1127 5322 propheta
1167 5254 1357 5316 Amos,
1392 5255 1665 5323 ejusmodi
1712 5255 2102 5326 immorigeros

529 5357 632 5398 nec
662 5343 812 5398 dicto
842 5342 1136 5397 audientes
1165 5342 1418 5398 indicans
1461 5345 1624 5417 longe
1669 5362 1794 5402 esse
1850 5347 2101 5402 miserri-

529 5449 649 5488 mos
682 5451 695 5488 :
740 5453 758 5486 ι
790 5434 885 5491 Vae
932 5434 1008 5496 ei,
1031 5435 1132 5496 ait,
1169 5435 1264 5503 qui
1317 5434 1603 5493 desiderat
1653 5439 1801 5494 diem
1833 5438 2053 5492 Domini
2082 5457 2096 5504 ;

602 5628 649 5658 "
671 5630 811 5682 Psal.
839 5644 895 5688 lt,
933 5628 1113 5681 1042.
1189 5632 1232 5662 θ’
1270 5630 1412 5685 Psal.
1442 5647 1525 5698 ογ,
1560 5633 1612 5685 5.
1691 5632 1873 5684 'Psal.
1916 5648 2042 5696 ινιι,
2078 5635 2129 5685 ΞΣ.

533 5693 554 5732 ⁵
594 5699 730 5754 Luc.
758 5714 830 5760 γι,
857 5699 946 5751 '58.

2196 4705 2630 4776 δικαιομετρίαν.
2679 4705 2899 4766 Δίκαιος
2957 4703 3066 4772 γὰρ
3133 4701 3229 4766 ὢν,
3273 4703 3493 4773 προνοεῖ
3555 4702 3657 4756 τοῦ
3711 4703 3788 4756 δι-

2197 4795 2377 4861 καίοι).¹
2437 4794 2681 4855 Εἰκότως
2731 4788 2823 4844 οὖν
2876 4793 2909 4860 ἡ
2964 4791 3154 4861 Γραφὴ
3214 4790 3592 4859 παραγγέλλει
3658 4792 3787 4860 περὶ

2201 4883 2552 4954 ίσοσταθμίας
2593 4885 2686 4938 καὶ
2731 4882 3082 4954 ίσομετρίας·
3125 4883 3382 4952 ἀθέμιτον
3424 4883 3538 4952 γάρ
3607 4886 3786 4952 ἐστιν,

2200 4978 2296 5030 καὶ
2352 4977 2532 5047 πάσης
2579 4979 2794 5040 ἀδικίας
2846 4977 3126 5040 ἐπέκεινα,
3156 4977 3318 5029 δισσά
3372 4977 3553 5047 μέτρα
3607 4977 3784 5048 ἔχειν,

2204 5067 2401 5138 μικρὸν
2431 5067 2526 5120 καί⁵
2553 5069 2714 5137 μέγα.
2746 5067 2908 5120 Ὅθεν
2935 5069 3030 5121 καὶ
3063 5070 3092 5121 ὁ
3122 5069 3416 5137 προφήτης
3454 5068 3646 5136 Ἀμώς
3679 5087 3788 5139 φη-

2203 5175 2308 5224 σιν,
2334 5158 2632 5222 ταλανίζων
2679 5159 2808 5222 τοὺς
2839 5160 3143 5228 ἀνηκόους,
3183 5178 3203 5210 ι
3240 5159 3378 5212 Οὐαὶ
3419 5159 3448 5210 ὁ
3490 5159 3788 5229 ἐπιθυμῶν

2199 5250 2299 5322 τὴν
2351 5251 2569 5323 ἡμέραν
2623 5252 2850 5322 Κυρίου,
2894 5253 2989 5305 καὶ
3028 5251 3166 5321 αὕτη
3211 5251 3359 5303 ἐστὶν
3413 5251 3609 5315 σκότος
3640 5270 3656 5282 ·
3692 5251 3784 5305 τοῦ

2201 5348 2422 5417 ποιῆσαι
2454 5347 2648 5418 μικρὸν
2685 5347 2909 5418 μέτρον,
2934 5346 3029 5399 καὶ
3051 5345 3215 5414 ζυγὸν
3237 5345 3442 5400 ἄδικον.
3481 5363 3504 5397 ι
3549 5345 3784 5415 Ὁμοίως

2201 5441 2336 5500 καὶὸ
2365 5439 2630 5509 Μιχαίας,
2670 5457 2690 5490 ι
2729 5439 2792 5492 Εί
2817 5436 3268 5508 δικαιωθήσεται,
3304 5435 3504 5504 λέγων,
3543 5437 3602 5490 ἐν
3632 5435 3780 5503 ζυγῷ

2208 5634 2298 5689 ’lV'
2325 5635 2462 5703 Reg.
2491 5649 2528 5702 ι,
2553 5633 2606 5688 2.
2685 5633 2704 5664 ³
2742 5631 2875 5687 Luc.
2913 5648 3007 5695 xu,
3049 5631 3138 5686 57.
3218 5633 3236 5660 ⁸
3267 5629 3460 5686 Matth.
3487 5646 3543 5694 ν,
3578 5631 3664 5694 ‘25,
3692 5629 3754 5683 ‘25
