3916 6304
197 300 335 366 1357

1103 307 1433 369 HOMILIA
1471 311 1760 372 LXXVII.
1798 337 1870 347 -
1907 313 2007 373 DE
2043 311 2557 381 ΡίΕΝΙΤΕΝΤΙΑ.

3306 320 3443 388 1658

190 425 419 491 ἄνομος,
461 421 555 475 καὶ
600 420 679 503 λιν
738 421 1041 494 μαρσίππῳ
1109 421 1349 493 σταθμία
1410 422 1587 479 δόλου.
1624 443 1644 477 ι
1681 424 1764 477 Τὰ

1871 424 1984 495 ipsa
2017 427 2167 482 enim
2203 436 2291 483 est
2325 428 2571 485 tenebrae
2593 431 2614 463 '
2642 447 2656 484 :
2690 438 2753 485 ut
2798 431 2965 487 faciat
3004 447 3233 502 parvum
3284 447 3443 487 men-

190 514 338 567 αὑτὰ
375 516 469 567 καὶ
510 518 538 568 ὁ
572 514 916 585 Ψαλμῳδόςο
955 533 975 567 ι
1008 510 1241 578 Ψευδεῖς
1288 515 1400 586 γάρ
1455 519 1594 570 εἰσιν
1657 517 1765 569 υίο)⁵

189 606 305 658 τῶν
330 605 654 675 ἀνθρώπων,
684 605 742 658 ὲν
765 605 951 674 ζυγοῖς
976 604 1078 658 ’τοῦ
1121 605 1400 676 ἀδικῆσαι.
1436 624 1457 658 ι
1487 607 1601 662 Καὶ
1652 608 1767 661 δει-

191 695 375 750 κνύων
401 697 478 749 ὅτι
498 698 599 767 τῆς
616 695 929 761 πλεονεξίας
957 697 1105 749 ἐστὶν
1133 696 1193 750 τὸ
1215 696 1609 769 vesanum-[xui]
1640 699 1764 751 ἐπι-

189 787 374 857 φέρει,
414 806 433 839 ι
467 788 629 840 Αὐτοὶ
661 790 726 841 ὲκ
757 789 1116 860 ματαιότητος
1140 789 1233 842 ἐπὶ
1254 789 1315 843 τὸ
1346 789 1478 842 αὐτὸ
1512 789 1587 861 μὴ
1610 789 1765 843 ἐλπί-

190 879 338 945 ζετε,
366 881 451 933 ἐπ’
488 881 699 934 ἀδικίαν
742 882 838 934 καὶ
885 881 980 934 ἐπὶ
1014 882 1284 951 ἅρπαγμα
1324 874 1398 952 μὴ
1430 882 1764 936 ὲπιποθεῖτε.

188 967 434 1032 Πλοῦτος
463 969 556 1023 ἐὰν
591 971 724 1040 ῥέει,
756 970 830 1040 μὴ
861 970 1222 1041 προστίθεσθε
1256 972 1508 1043 καρδίαν.
1544 954 1579 1024 ι’
1604 974 1711 1025 Καὶ
1737 974 1766 1026 6

106 1116 109 1117 ν
190 1057 358 1128 νόμος
389 1059 736 1128 προστάττει,
764 1059 974 1127 λέγων·
1013 1060 1099 1112 Ἐν
1133 1059 1375 1129 μέτροις,
1408 1061 1504 1113 καὶ
1534 1062 1592 1113 ὲν
1634 1077 1766 1115 στα-

193 1146 355 1217 θμοῖς
410 1151 504 1202 καὶ
544 1151 600 1202 ὲν
635 1149 842 1217 ζυγοῖς,
866 1150 1053 1204 δίκαια
1075 1149 1231 1204 ἔσται
1263 1151 1412 1220 ὑμῖν.
1445 1137 1554 1203 κάι
1586 1147 1765 1218 αὖθις,

199 1257 220 1291 ι
267 1240 342 1291 Οὐ
386 1241 776 1310 μετακινήσεις
824 1240 1011 1311 φησὶν,
1050 1242 1200 1312 ὅρια,
1231 1241 1267 1295 ἃ
1297 1242 1482 1295 ἔθεντο
1520 1243 1567 1295 οἱ
1595 1243 1766 1297 πατέ-

197 1344 290 1397 ρες
341 1345 454 1384 σου.
500 1349 517 1380 i
561 1330 621 1383 '0
678 1330 736 1383 δὲ
800 1334 1090 1403 προφήτης
1142 1334 1440 1402 Σοφονίας,
1493 1355 1512 1388 ι
1576 1338 1767 1407 Κρῖμα

190 1418 518 1489 ἐργάζεσθε,
553 1422 647 1474 καὶ
676 1421 1025 1494 δικαιοσύνην
1054 1424 1353 1497 ζητήσατε,
1375 1427 1524 1491 ὅπως
1559 1445 1769 1482 σκεπα-

194 1512 361 1582 σθῆτε
401 1515 459 1565 ὲν
486 1513 670 1583 ἡμέρᾳ
699 1516 869 1586 ὀργῆς
905 1517 1136 1588 Κυρίου.
1166 1538 1185 1570 ι
1230 1519 1505 1583 Ὡσαύτως
1534 1520 1592 1573 δὲ
1621 1521 1716 1574 καὶ
1741 1523 1771 1576 6

203 1602 486 1674 Ἰεζέκιὴλ,
517 1624 536 1656 ι
566 1607 752 1676 Κρῖμα
774 1610 867 1659 καί
887 1607 1236 1680 δικαιοσύνην
1259 1611 1545 1681 ποιήσατε,
1563 1611 1766 1680 λέγων,

192 1691 359 1760 ζυγὸν
406 1694 646 1758 δίκαιον,
679 1697 772 1750 καὶ
808 1697 1007 1768 μέτρον
1059 1698 1304 1765 δίκαιον,
1332 1702 1425 1754 καὶ
1451 1701 1622 1773 χοῖνιξ
1683 1702 1766 1756 δι-

1868 530 2055 570 suram
2093 525 2150 573 et
2198 525 2465 572 stateram
2498 518 2541 572 ⁷.
2578 518 2693 574 Nec
2733 519 2956 574 abludit
2983 519 3285 574 Michieas:
3324 535 3345 570 ι
3376 516 3444 573 Si

1860 606 2257 678 justiﬂcabitur
2309 609 2367 663 in
2417 617 2627 665 statera
2672 610 2918 681 iniquus,
2946 622 3002 667 et
3048 612 3108 665 in
3160 609 3445 679 marsupio

1869 706 2073 754 statera
2133 698 2311 755 dolosi
2338 700 2383 755 ⁸.
2423 718 2441 752 ι
2478 698 2737 756 Concinit
2795 700 2883 755 his
2928 701 3118 772 regius
3169 701 3386 755 Psaltes
3425 716 3441 754 :

1874 810 1893 843 ι
1925 791 2217 847 Mendaces
2261 790 2357 845 ﬁlii
2403 792 2687 846 hominum
2741 791 2797 845 in
2833 791 3085 854 stateris,
3132 799 3194 845 ut
3232 790 3442 861 injuste

1867 883 2095 954 agant’.
2136 902 2153 934 ι
2199 882 2488 952 Simulque
2519 883 2811 937 insinuans
2856 882 2994 936 taics
3035 881 3229 935 morbo
3263 881 3443 950 impo-

1869 972 2040 1026 tentis
2062 971 2315 1027 avaritiae
2342 988 2665 1043 aegrescere,
2701 973 2872 1028 infert
2904 991 2918 1029 :
2965 991 2989 1024 ι
3031 973 3142 1043 Ipsi
3178 974 3246 1028 de
3281 973 3441 1027 vani-

1867 1069 1979 1118 tate
2011 1063 2065 1118 in
2109 1063 2350 1143 idipsum
2382 1064 2556 1118 nolite
2604 1079 2848 1134 sperare,
2878 1064 2933 1119 in
2988 1064 3345 1134 iniquitatem
3384 1069 3442 1118 et

1867 1155 2116 1224 rapinam
2162 1156 2332 1209 nolite
2390 1155 2821 1225 concupiscere;
2860 1156 3069 1211 divitiae
3098 1157 3143 1211 si
3192 1154 3440 1219 afﬂuant,

1865 1246 2040 1300 nolite
2068 1261 2165 1301 cor
2195 1261 2478 1325 apponere
2510 1248 2576 1302 ‘°.
2621 1267 2640 1300 ι
2674 1248 2821 1325 Quin
2842 1250 2930 1303 lex
2955 1249 3074 1317 ipsa
3099 1247 3280 1317 jubet,
3300 1256 3362 1300 ut
3386 1246 3444 1301 in

1867 1336 2174 1402 mensuris,
2212 1336 2268 1391 in
2301 1338 2646 1407 ponderibus
2684 1347 2741 1393 et
2791 1340 2848 1392 in
2877 1341 3105 1394 steteris
3148 1339 3298 1409 justa
3331 1336 3446 1390 sint

1867 1426 2049 1482 vobis.
2077 1426 2247 1481 Addit
2279 1435 2337 1482 et
2366 1428 2503 1483 illud
2533 1445 2547 1482 :
2590 1447 2609 1480 ι
2652 1428 2774 1483 Non
2830 1429 3134 1484 transferes
3177 1428 3446 1483 terminos

1867 1532 2010 1586 quos
2058 1527 2370 1586 posuerunt
2418 1526 2609 1587 patres
2639 1519 2719 1572 tui
2751 1519 2816 1572 ¹¹.
2850 1537 2869 1570 ι
2904 1518 3014 1573 Sed
3045 1527 3103 1574 et
3134 1516 3446 1587 Sophonias

1868 1608 2138 1677 propheta
2175 1625 2191 1660 :
2234 1625 2252 1659 ι
2283 1607 2565 1663 Iudicium
2607 1609 2914 1678 operemini
2945 1618 3002 1664 et
3043 1608 3315 1680 justitiam
3351 1622 3448 1662 ex-

1871 1697 2079 1767 quirite
2107 1708 2171 1754 ut
2196 1699 2565 1770 protegamini
2592 1699 2647 1753 in
2678 1700 2769 1755 die
2793 1700 2891 1755 ira:
2926 1700 3145 1754 Domini
3180 1700 3245 1751 η.
3281 1717 3301 1750 i
3335 1698 3448 1753 Nec

192 1784 326 1837 καία
351 1784 502 1839 ἔσται
534 1787 684 1857 ὑμῖν.
715 1806 734 1839 i
765 1788 825 1842 '0
846 1766 1353 1863 Sis—[Iapetptaatﬁg
1377 1808 1392 1823 '
1430 1766 1484 1844 cu
1528 1766 1653 1861 υγοὶ
1680 1791 1769 1846 δό-

1871 1766 2034 1845 secus
2087 1766 2347 1845 Ezechiel
2367 1766 2399 1843 ἰ
2446 1809 2464 1841 ι
2496 1790 2779 1846 Iudicium
2830 1799 2886 1846 et
2935 1792 3214 1862 justitiam
3257 1788 3443 1844 facite.

170 1871 320 1937 .λιοι,
377 1874 653 1946 βδέλυγμα
707 1878 939 1933 ἐνώπιον
986 1881 1218 1953 Κυρίου,
1263 1881 1556 1953 σταθμεῖον
1598 1882 1655 1936 δὲ
1685 1883 1770 1937 δί-

195 1981 349 2019 καιον
374 1967 559 2021 δεκτὸν
588 1969 759 2040 αὐτῷ.
793 1990 812 2023 ι
852 1971 970 2025 Καὶ
991 1973 1174 2037 πάλιν,
1203 1991 1223 2023 ι
1261 1973 1563 2045 Σταθμείον
1593 1975 1763 2045 μέγα,

200 2055 297 2109 καὶ
359 2058 574 2127 μικρὸν,
612 2059 715 2112 καὶ
757 2060 934 2133 μέτρα
983 2062 1493 2136 δισσὰ,ἀκάθαρτα
1539 2064 1769 2120 ἐνώπιον

193 2148 427 2217 Κυρίου,
460 2152 553 2204 καὶ
586 2152 872 2224 ἀμφότερα
899 2155 957 2207 ὲν
988 2156 1100 2218 τοῖς
1125 2156 1554 2228 ἐπιτηδεύμασιν
1589 2158 1770 2213 αὐτῶν

196 2241 749 2312 συμποδισθήσονται.
786 2262 806 2295 ι
846 2245 1004 2308 Ἴσως
1036 2247 1189 2300 δοκεῖ
1208 2247 1381 2302 ταῦτα
1410 2238 1527 2311 τοῖς
1553 2249 1770 2314 πολλοῖς

193 2331 289 2385 τοῦ
324 2331 549 2401 μηδενὸς
580 2334 704 2400 ἄξια
734 2332 872 2392 εἶναι
902 2353 917 2368 °
947 2339 1065 2393 ἀλλ’
1093 2342 1249 2396 οὐδὲν
1300 2344 1424 2415 είκῆ
1458 2345 1552 2398 καὶ
1593 2345 1771 2416 μάτην

195 2426 254 2479 αἱ
318 2425 670 2484 θεόπνευστοι
733 2432 954 2503 Γραφαὶ
997 2433 1431 2508 διαγορεύουσιν.
1477 2437 1665 2491 Πάντα
1713 2437 1774 2493 δὲ

197 2516 335 2586 sip-5;
368 2519 643 2589 σωτηρίαν
671 2522 828 2591 ἡμῶν
860 2525 955 2576 καὶ
983 2522 1130 2593 ζωὴν
1158 2523 1376 2597 αἰώνιον
1411 2526 1473 2579 τὸ
1527 2543 1774 2599 προσκυο

195 2607 358 2676 νητὸν
404 2609 795 2681 ἐνομοθέτησεν
841 2612 1092 2684 Πνεῦμα.
1153 2598 1524 2686 Φυλαξώμεθα
1567 2598 1771 2686 τοίνυν,

196 2700 494 2767 ἀγαπητοὶ,
531 2701 592 2753 τὸ
622 2703 793 2766 πάθος
846 2705 946 2776 τῆς
990 2706 1325 2772 πλεονεξίας,
1362 2709 1471 2777 τῆς.
1508 2709 1773 2782 δευτέρας

184 2790 664 2862 εἰδωλολατρείας.
697 2794 868 2850 Τοῦτο
932 2796 1041 2867 γὰρ
1094 2798 1461 2870 παιδευόμεθα
1517 2801 1607 2855 διὰ
1672 2803 1771 2873 τῆς

202 2883 541 2953 ίσομετρίας,
577 2884 657 2948 ὠς
690 2886 784 2938 καὶ
810 2887 838 2939 6
869 2887 1073 2958 Κύριος
1099 2889 1257 2959 ἡμῶν
1297 2888 1503 2958 Ἰησοῦς
1536 2893 1773 2963 Χριστὸς

198 2977 256 3028 ιν
284 2979 394 3039 τοῖς
424 2978 778 3046 Εὐαγγελίοις
821 2982 1147 3051 προστάττει
1196 2984 1329 3054 ἡμῖν
1378 2983 1576 3053 λέγων,
1618 3004 1637 3039 ι
1683 2986 1773 3039 Δί-

1870 1880 2087 1937 Statera
2122 1881 2297 1951 justa,
2321 1888 2378 1935 et
2422 1896 2683 1935 mensura
2731 1881 2900 1951 justa,
2931 1888 2990 1935 et
3033 1879 3257 1935 chmnix
3300 1878 3447 1949 justa

1868 1973 1977 2028 erit
2009 1972 2171 2027 vobis
2210 1972 2271 2022 ".
2314 1991 2333 2022 ι
2364 1970 2596 2027 Accedit
2624 1972 2712 2027 his
2745 1971 3138 2027 Partemiastes
3179 1988 3194 2025 :
3228 1969 3446 2025 Statera

1869 2064 2059 2121 dolosa
2077 2057 2428 2119 ‘abominalio
2454 2072 2540 2119 est
2566 2072 2697 2118 ante
2743 2062 3039 2118 Dominum
3058 2102 3073 2127 ,
3100 2060 3320 2132 pondus
3350 2074 3445 2114 au~

1870 2157 2209 2226 temjustum
2237 2155 2580 2225 acceptabile
2603 2162 2688 2209 est
2710 2153 2763 2208 ei
2795 2154 2861 2206 “.
2897 2174 2914 2205 ι
2946 2152 3155 2208 Iterum
3183 2169 3198 2205 :
3223 2150 3449 2205 Pondus

1868 2264 2127 2320 magnum
2151 2255 2208 2304 et
2236 2262 2491 2318 parvum,
2519 2255 2575 2302 et
2596 2261 2871 2300 mensurae
2894 2244 3145 2315 duplices
3164 2241 3449 2297 immunda

1869 2353 2001 2402 sunt
2029 2360 2220 2400 coram
2268 2342 2540 2409 Domino;
2575 2350 2632 2397 et
2689 2350 2928 2410 utraque
2975 2341 3033 2394 in
3071 2337 3275 2393 studiis
3302 2336 3444 2390 irre-

1870 2437 2084 2492 tientur
2109 2436 2173 2489 ¹’.
2209 2453 2228 2487 i
2261 2435 2428 2490 Forte
2475 2434 2594 2488 haec
2629 2430 3072 2502 aliquammultis
3114 2427 3293 2483 videri
3341 2440 3444 2497 po-

1869 2535 2102 2584 tuerunt
2146 2526 2357 2580 nullius
2399 2539 2573 2594 prope
2620 2523 2909 2587 momenti,
2943 2529 3000 2576 et
3040 2519 3270 2590 indigna
3324 2533 3449 2587 quae

1871 2620 2268 2689 depromantur
2325 2617 2381 2670 in
2451 2630 2685 2671 aerem:
2741 2622 2799 2669 at
2841 2621 2993 2668 certe
3052 2610 3194 2666 nihil
3244 2610 3448 2664 horum

1871 2716 2082 2763 temere
2127 2705 2243 2761 sive
2279 2705 2634 2760 frustratorie
2695 2704 2994 2759 enuntiant
3037 2709 3134 2756 aut
3201 2698 3453 2770 produnt

1873 2796 2178 2866 Scriptura;
2213 2794 2488 2849 divinitus
2519 2792 2825 2864 inspirata.
2859 2789 3074 2845 Cuncta
3095 2788 3242 2844 enim
3267 2787 3333 2843 ad
3358 2801 3447 2842 sa-

1871 2888 2044 2943 lutem
2069 2894 2338 2950 nostram,
2371 2893 2634 2940 aaternain
2661 2897 2885 2952 quoque
2915 2881 3216 2950 parandam
3245 2879 3412 2932 vitam
3432 2918 3445 2942 ,

1840 2990 1843 2993 ‘
1874 2977 2057 3035 sanxit
2088 2991 2246 3032 sacer
2274 2976 2369 3030 ille
2399 2991 2463 3030 ac
2485 2973 2813 3043 suppliciter
2834 2969 3153 3027 adorandus
3177 2969 3444 3039 Spiritus.

178 3066 337 3129 ’δοτε,
364 3069 457 3121 καὶ
502 3067 786 3138 δοθήσεται
840 3070 971 3141 ὑμῖν
996 3085 1010 3099 ⁸
1046 3072 1245 3144 μέτρον
1279 3075 1443 3129 καλὸν
1473 3077 1766 3130 ἐπιπεπιε-

1873 3066 2069 3137 Magno
2096 3065 2265 3134 igitur
2298 3063 2482 3118 studio
2513 3062 2772 3125 vitemus,
2811 3058 3149 3124 charissimi,
3182 3058 3444 3111 vitiosam

201 3157 417 3227 σμένον,
450 3159 545 3211 καὶ
597 3160 992 3232 σεσαλεύμενον
1032 3162 1296 3218 δώσουσιν
1334 3168 1413 3230 εἰς
1444 3167 1535 3222 τὸν
1566 3169 1769 3222 κόλπον

1871 3160 2118 3216 avaritiae
2146 3158 2518 3229 affectionem,
2548 3171 2671 3224 quae
2697 3152 3014 3224 (erudiente
3035 3167 3139 3206 nos
3159 3148 3446 3220 Apostoloi

199 3249 374 3319 ὑμῶν.
416 3249 505 3321 Τῷ
564 3250 714 3322 αὐτῷ
767 3253 876 3322 γὰρ
920 3253 1104 3324 μέτρῳ
1135 3249 1179 3323 ᾧ
1219 3259 1469 3327 μετρεῖτε
1494 3297 1510 3321 ,
1544 3258 1769 3330 ἀντιμε-

1871 3251 2181 3309 secundnin
2236 3247 2631 3312 idololatriam,
2657 3245 2869 3314 primas
2915 3251 3082 3299 tenet.
3128 3263 3145 3295 ι
3186 3244 3343 3306 Date,
3371 3241 3451 3296 ait

1864 3345 2138 3402 Dominus
2171 3342 2225 3395 in
2263 3339 2597 3409 Evangeliis,
2629 3346 2686 3393 et
2727 3338 2952 3393 dabitur
2987 3336 3189 3402 vobis;
3221 3349 3447 3390 mensu-

1866 3451 1984 3492 ram
2004 3435 2228 3496 bonam,
2255 3430 2580 3500 coagitatam
2631 3428 2845 3484 dabunt
2868 3428 2923 3482 in
2944 3427 3126 3483 sinum
3156 3434 3404 3483 vestrum
3431 3442 3445 3478 :

196 3341 532 3412 τρηθήσεται
576 3344 723 3415 ὑμῖν.
761 3364 780 3397 ›
810 3345 1035 3416 Αὑτῷή
1078 3344 1205 3411 δόξα
1243 3349 1324 3410 είς
1366 3346 1494 3410 τοὺς
1542 3348 1768 3413 αἰῶνας.

211 3432 269 3485 Ἀ
277 3435 404 3504 μήν.

197 3524 394 3579 eadem
428 3521 579 3577 enim
615 3538 877 3579 mensura
908 3539 1017 3593 qua
1064 3524 1241 3580 mensi
1290 3523 1532 3590 fueritis,
1600 3528 1926 3584 remetietur
1973 3522 2136 3578 vobis
2198 3521 2261 3574 ¹⁶.
2304 3540 2322 3573 ι
2354 3519 2462 3590 Ipsi
2496 3519 2668 3590 gloria
2716 3519 2773 3574 in
2840 3518 3038 3574 saecula
3098 3518 3448 3574 saeculorum.

202 3620 400 3672 Amen.

794 3706 1015 3773 ΛΟΓΟΣ
1050 3706 1171 3760 oz'.

726 3793 864 3860 Περὶ
900 3795 1241 3862 μετανοίας.

282 3902 371 3967 Ὠς
402 3903 630 3969 γλυκεῖά
658 3904 1054 3973 ὲσιιν,ἀδελφοί
1086 3923 1211 3976 μου,
1241 3907 1275 3975 ή
1295 3906 1555 3976 μετάνοια
1574 3924 1589 3940 ο
1618 3909 1772 3963 οὐδὲν

2225 3702 2440 3775 Ilii.
2491 3702 2779 3758 HOMILIA
2837 3700 3096 3757 LXXVII.

2437 3795 2511 3849 De
2551 3793 2882 3866 pwnitentia.

1940 3909 2216 3977 Quantum
2245 3909 2301 3964 in
2317 3885 2389 3965 so
2416 3908 2586 3963 habet
2608 3908 2876 3976 dulcoris,
2899 3908 3094 3963 fratres
3118 3906 3248 3970 mei,
3271 3903 3454 3974 peni-

199 3997 388 4066 ἓτερον
448 3994 564 4049 ἀλλ’
618 3994 650 4065 ἢ
710 3995 1007 4067 φάρμακον
1044 3999 1061 4038 ί
1105 3998 1271 4069 ζωῆς.
1323 4000 1576 4054 Μάλιστα
1625 4002 1769 4055 ὅτιὸ

1873 4002 2068 4068 tentia,
2098 4018 2265 4071 quam
2286 4010 2373 4056 est
2395 4001 2582 4055 suavis
2607 4001 2621 4055 ι
2664 4000 2827 4055 Aliud
2860 4014 3092 4070 prorsus
3118 3996 3260 4052 nihil
3285 4011 3452 4067 quam

202 4092 407 4158 γλυκὺς
464 4088 743 4159 Δεσπότης
805 4089 983 4159 ἡμῶν,
1024 4089 1424 4158 άμνησίκακος,
1478 4091 1769 4161 άγαθδς,ὁ

1873 4094 2351 4152 εοτοίεηᾱω,νίιεε
2394 4094 2638 4149 salutare
2670 4094 3056 4164 pharmacum,
3092 4096 3155 4145 ut
3184 4105 3251 4151 eo
3282 4088 3457 4142 maxi-

204 4179 522 4251 οίκτίρμων,
555 4183 582 4233 ὁ
611 4179 1014 4250 φιλάνθρωπος,
1042 4182 1069 4235 6
1091 4181 1408 4257 φιλόψυχος,
1443 4184 1471 4236 6
1509 4184 1769 4251 φιλόπτω·

1871 4202 1981 4254 me,
2010 4186 2140 4257 quia
2173 4185 2361 4241 suavis
2401 4194 2488 4240 est
2523 4186 2792 4240 Dominus
2836 4192 3057 4244 noster.
3096 4181 3239 4237 male
3290 4177 3457 4234 nobis

204 4289 316 4343 χος.
347 4274 375 4325 6
430 4271 683 4341 κηδεμὼν
716 4271 814 4341 τῆς
867 4273 1144 4343 σωτηρίας
1182 4273 1364 4344 ἡμῶν,
1398 4275 1487 4328 ἀεὶ
1516 4273 1649 4345 διψᾷ
1674 4275 1769 4345 τὴν

1872 4279 2299 4336 commissorum
2328 4277 2493 4333 facile
2542 4279 2856 4340 immemor,
2888 4276 3166 4346 benignus
3186 4314 3200 4338 ,
3226 4274 3457 4327 misera-r

207 4364 493 4431 μετάνοιαν
528 4361 705 4431 ἡμῶν.
736 4361 1102 4433 Εὐφραίνεται
1141 4363 1250 4434 γὰρ
1289 4364 1382 4417 ἐπὶ
1403 4367 1516 4429 τοῖς
1540 4365 1769 4436 δάκρυσι

1873 4377 1985 4435 tor,
2022 4367 2254 4423 humani
2305 4368 2547 4439 generis,
2606 4368 2721 4422 imo
2774 4369 3091 4422 animarum
3133 4376 3452 4420 nostrarum

201 4454 307 4507 τῶν
341 4452 782 4525 μετανοούντων,
817 4453 1111 4523 ἀγάλλεται
1140 4454 1234 4507 ἐπὶ
1266 4457 1335 4526 τῇ
1358 4454 1767 4527 ἐξομολογήσει,

1881 4460 2317 4525 amantissimus,
2342 4459 2525 4514 modis
2554 4459 2815 4514 omnibus
2856 4459 3207 4530 prospiciens
3253 4463 3458 4510 nostrai

203 4546 381 4618 χαίρει
443 4545 536 4599 ἐπὶ
593 4549 659 4616 τῇ
705 4542 1143 4619 συντετριμμένῃ
1183 4546 1280 4600 καὶ
1323 4546 1768 4619 τεταπεινωμένῃ

1871 4553 2122 4608 omnium
2166 4551 2477 4606 saluti.Hic
2513 4552 2638 4605 talis
2676 4551 2817 4605 nihil
2857 4560 2968 4606 tam
3012 4550 3132 4604 sitit
3174 4562 3342 4617 quam
3375 4555 3443 4599 ut

210 4636 425 4708 καρδίᾳ,
456 4636 547 4689 καὶ
578 4637 716 4707 μετὰ
744 4635 1124 4706 μακροθυμίας
1153 4635 1359 4706 πολλῆς
1379 4637 1644 4708 ἀναμένει
1672 4636 1769 4708 τὴν

1871 4644 2287 4716 resipiscamus,
2315 4660 2527 4714 nosque
2560 4645 2829 4713 paeniteat
2868 4644 2999 4699 vita
3030 4642 3268 4712 turpiter
3298 4634 3454 4693 actae.

207 4727 544 4797 ἐπιστροφὴν
590 4727 770 4797 ἡμῶν,
806 4728 903 4780 καὶ
938 4727 1038 4781 οὐκ
1082 4726 1370 4783 ἀπολείπει
1400 4728 1506 4792 ἕως
1533 4728 1769 4799 ἐσχάτης

1871 4731 2049 4801 Super
2069 4731 2328 4803 lacrymis
2358 4747 2417 4787 se
2451 4733 2866 4801 recipientium,
2903 4733 2972 4787 ad
3011 4732 3299 4787 meliorem
3330 4728 3460 4782 vitae

206 4816 480 4887 ἀναπνοῆς
506 4831 523 4848 ο
563 4815 745 4889 [ποθεί
772 4816 943 4870 πολλὰ
987 4817 1088 4887 τὴν
1124 4818 1412 4887 μετάνοιαν
1443 4818 1601 4889 ἡμῶν
1628 4858 1644 4885 ,
1678 4813 1769 4873 καὶ

1871 4822 2085 4895 frugem
2118 4824 2259 4878 mire
2296 4822 2514 4907 laetatur
2554 4834 2612 4877 et
2653 4824 3033 4879 exhilarescit.
3062 4821 3317 4877 Exsultat
3360 4834 3458 4873 su-

207 4909 282 4973 ὼς
314 4909 405 4963 τὸν
466 4910 878 4979 μετανοήσαντα
906 4910 1118 4964 ἄσωτον
1147 4910 1262 4963 υἱὸν
1289 4910 1503 4981 δέχεται
1537 4910 1633 4964 καὶ
1669 4926 1775 4964 κα-

202 4999 472 5073 ταφιλεΡ]
511 5002 843 5071 παρακαλῶν
871 5003 965 5056 καὶ
993 5003 1442 5074 προτρεπόμενος
1493 5004 1591 5058 ἕνα
1639 5004 1773 5058 ἔκαε-

204 5105 327 5142 στον
356 5089 514 5160 ἡμῶν
543 5089 683 5161 μετὰ
712 5090 910 5160 μυρίας
946 5091 1502 5162 άθεμιτουργίας’καὶ
1537 5092 1775 5147 διαϐολι-

204 5178 303 5242 κὰς
327 5180 554 5251 πράξεις
591 5181 726 5252 πρὸς
748 5181 912 5235 αὐτὸν
944 5182 1270 5254 ἐπιστρέψαι
1292 5198 1308 5214 ·
1348 5184 1533 5250 καθὼς
1560 5184 1659 5256 βοᾷ
1687 5182 1776 5238 διὰ

274 5339 296 5372 ⁸
324 5339 492 5395 Amos
530 5357 583 5407 ν,
619 5341 729 5396 lS.‘
806 5341 827 5372 "
858 5344 1025 5398 Amos
1053 5357 1166 5402 vili.
1194 5342 1248 5396 5.

1350 5344 1371 5376 ⁸
1398 5344 1573 5400 Mich-
1604 5363 1676 5412 γι,
1738 5349 1824 5404 Η.
1900 5350 1920 5381 ⁸
1949 5348 2095 5403 Psal.
2127 5365 2233 5409 ut,
2286 5347 2371 5403 10.

1881 4930 1983 4986 per
2010 4915 2356 4971 confessione
2385 4915 2776 4984 paenitentiam
2815 4931 2987 4986 super
3017 4914 3266 4970 contrito
3286 4910 3461 4967 corde

1883 4994 2277 5063 ei'buiuiiiaio
2318 5007 2634 5062 incredibili
2672 5009 2875 5079 gaudio
2903 5006 3278 5079 perfunditur.
3315 5004 3459 5071 Quin

1883 5098 2222 5169 nimisquam
2261 5099 2657 5171 longanimiter
2701 5109 2946 5155 nostram
2998 5098 3252 5170 operitur
3319 5111 3457 5152 con-

1883 5187 2220 5255 versionem,
2258 5204 2362 5243 nec
2388 5189 2610 5244 interim
2634 5189 3001 5259 conquiescit,
3035 5188 3104 5242 ad
3136 5201 3459 5257 supremum

2492 5350 2535 5381 ¹⁰
2564 5347 2698 5402 ibid.
2737 5347 2825 5401 li.
2947 5338 3186 5396 “Prov.
3237 5344 3465 5399 xxn‘ls.

231 5410 250 5440 ’
281 5408 527 5481 Sophon.
563 5427 618 5475 ιι,
646 5412 698 5464 ὃ.
778 5412 822 5443 ¹⁸
853 5413 1055 5467 Ezech.
1117 5429 1213 5469 xu
1234 5413 1287 5479 9,
1323 5413 1407 5469 l0.
1492 5416 1535 5448 “
1570 5408 1769 5473 Proin:

1872 5418 1924 5472 Ι.
2006 5419 2049 5450 ¹⁸
2079 5408 2241 5489 Prov.
2272 5434 2364 5481 xx,
2405 5418 2490 5471 10.
2573 5419 2636 5470 η.
2664 5416 2781 5481 Luc
2817 5434 2891 5477 vi.
2921 5416 3009 5470 58.

1462 5526 1700 5583 ἾΑΠΙΑΕ
1730 5528 2138 5587 LECTIONES.

281 5642 641 5713 ιιιιάρμακον,
689 5640 859 5715 dictio
897 5640 1108 5697 medica
1130 5650 1235 5715 est,
1271 5651 1331 5697 ut
1370 5642 1673 5714 probatur,
1720 5644 2135 5715 De'verborum
2187 5643 2421 5715 signino.
2474 5642 2514 5699 1.
2568 5642 2694 5715 239,
2728 5642 2872 5715 ex_4
2934 5640 3209 5714 Odyssea.
3248 5640 3347 5697 llic
3402 5641 3458 5696 in

209 5711 417 5770 bonam
430 5718 639 5781 partem
678 5711 915 5766 sumitur
942 5726 1042 5781 pro
1077 5713 1325 5770 antidoto
1352 5711 1466 5768 sive
1504 5715 1765 5769 remedio.
1805 5714 1907 5785 (Ex
1931 5714 2089 5769 Dion.
2112 5711 2310 5785 Areop.
2336 5715 2504 5787 Epist.
2535 5714 2606 5769 ad
2633 5712 2996 5785 Daret/tcum.)
3024 5711 3035 5714 ⁷
3182 5748 3187 5751 -
