3916 6304
198 290 332 349 ltili}

1113 288 1443 349 IIOMILIA
1480 287 1767 359 LXXVII.
1792 288 1980 367 r-DE
2016 289 2523 383 PtENlTENTIA.

3302 278 3437 342 “‘62

196 393 405 468 ἐχθρός.
456 392 632 463 ’Ῐησοῦ
659 394 882 467 Χριστὲ,
915 394 1164 465 ἀντίσχον
1216 412 1310 466 μοι
1356 395 1451 449 καὶ
1477 395 1640 466 γενοῦ
1672 412 1755 467 μοι

1868 398 2106 471 Signasti
2150 401 2299 457 enim
2352 417 2439 457 me
2472 398 2784 457 arrhabone
2813 396 2986 455 sancti
3022 394 3103 455 tui
3152 393 3430 464 Spiritus;

196 487 388 560 βοηθὸς
425 487 682 560 κραταιὸς
710 489 767 541 ὲν
793 487 1035 558 πολέμῳ,
1062 489 1147 541 ὅτι
1183 487 1372 551 δοῦλός
1402 491 1523 558 ειμι
1572 485 1761 543 anteu-

197 583 346 655 μίας,
379 582 472 636 καὶ
516 581 862 652 πολεμοῦμαι
908 582 1003 634 ὑπ’
1028 582 1204 649 αὐτῆς
1229 597 1244 611 ·
1273 580 1410 634 ἀλλὰ.
1446 583 1532 643 σὺ,
1560 580 1757 652 Κύριε,

198 672 272 749 μὴ
298 673 669 744 ἑγκαταλίπῃς
712 672 913 742 μειτδν
940 673 1030 726 ἐπὶ
1060 673 1165 742 γῆς
1189 672 1523 744 ἐρριμμένον
1565 674 1624 725 ἑν
1656 688 1759 725 κα-

193 762 385 834 ταδίκῃ
436 761 613 831 ἔργων
634 779 748 831 μου
779 777 793 791 ·
826 761 1192 833 ἐλευθέρωσόν
1243 780 1333 830 με,
1367 763 1630 824 Δέσποτα,
1662 764 1760 840 τῇς

193 854 437 922 πονηρᾶς
459 851 705 927 δουλείας
734 850 826 906 τοῦ
855 853 1322 923 κοσμοκράτορας,
1357 855 1452 908 καὶ
1479 853 1762 916 αἱκείῳσόν

182 963 261 1016 »με
304 947 364 999 ἐν
391 948 503 1008 τοῖς
533 943 937 1016 προστάγμασι
958 961 1053 998 σου
1080 962 1092 974 ·
1123 947 1154 1015 ὴ
1187 945 1303 1007 ὁδὸς
1330 947 1433 1015 τῆς
1466 945 1614 1017 ζωῆς
1654 962 1756 1017 μου

190 1037 221 1089 6
249 1035 480 1106 Χριστός
513 1052 614 1105 μου
649 1051 661 1063 ·
698 1035 792 1089 καὶ
836 1035 894 1088 τὸ
939 1035 1054 1102 φῶς
1079 1035 1188 1089 τῶν
1221 1035 1523 1104 ὀφθαλμῶν
1546 1052 1669 1106 μου,
1700 1034 1761 1089 τὸ

191 1129 479 1199 πρόσωπόν
530 1144 647 1182 σον.
678 1127 774 1182 Θεὲ
811 1126 1077 1193 Δέσποτα,
1109 1127 1206 1187 καὶ
1254 1127 1429 1197 Κύριε
1470 1127 1570 1198 τῆς
1617 1126 1761 1197 ζωῆς

192 1220 332 1291 μους
349 1218 735 1290 μετεωρισμδν
754 1218 1047 1289 ὀφθαλμῶν
1078 1232 1182 1290 μου
1235 1219 1309 1287 μὴ
1337 1217 1479 1289 δῴης
1512 1235 1600 1287 μοι
1632 1234 1646 1250 ο
1666 1218 1760 1271 καὶ

189 1310 487 1378 ἂπιθυμίαν
532 1310 709 1376 κακὴν
771 1309 1082 1379 ἀπόστησον
1128 1310 1223 1363 ἀπ’
1280 1307 1443 1379 ἐμοῦ.
1480 1308 1758 1379 Ἀντίοχον

190 1415 280 1467 με,
304 1398 530 1468 Χριστὲ,
559 1400 625 1469 τῇ
658 1398 803 1467 χειρί
835 1414 937 1451 σοι.)⁴
959 1401 1026 1467 τῇ
1051 1398 1183 1471 ἁγίᾳ
1203 1413 1219 1427 ⁸
1251 1397 1460 1469 ὀρέξεις
1496 1399 1589 1453 καὶ
1629 1415 1756 1452 συν-

186 1490 576 1562 ονσιασμοὶιμὴ
615 1489 1070 1545 καταλαὸἐτωσάν
1111 1507 1198 1557 με,
1231 1491 1328 1543 καὶ⁵
1357 1490 1505 1562 ψυχῇ
1551 1491 1761 1545 ἀνιιιδεὶ⁹

188 1579 266 1650 μὴ
293 1578 550 1650 παραδῷς
578 1596 680 1647 με..
699 1578 929 1647 Λάμψον
962 1580 1021 1632 ὲν
1057 1581 1180 1648 ἐμοὶ
1226 1579 1285 1631 τὸ
1316 1579 1433 1648 φῶς
1450 1579 1557 1639 τοῦ
1583 1598 1755 1651 προσι-

185 1669 336 1724 ώπου
394 1687 511 1733 σου,
554 1669 869 1739 Κύριε,.ἴνα
928 1670 1068 1742 μὴή
1115 1670 1304 1724 σκοτία
1353 1670 1637 1742 καταλάϐῃ
1665 1689 1753 1741 με,

184 1765 281 1819 καὶ
309 1765 338 1818 6
362 1764 685 1835 περιπατῶν
719 1766 783 1818 ἐν
812 1765 948 1837 αὐτῇ
976 1766 1281 1836 ὑφαρπάσῃ
1317 1783 1406 1836 με.
1431 1766 1529 1838 Μὴ
1572 1782 1755 1836 παρα-

180 1854 309 1926 δῷς,
336 1855 527 1926 Κύριε,
550 1856 760 1925 θηρίοις
791 1859 1039 1927 ὰοράτοις
1062 1857 1238 1929 ψυχὴν
1260 1855 1761 1927 ὲξομολογουμένην

185 1963 289 2001 σοι.
322 1946 422 2017 Μὴ
446 1947 734 2018 καταδέξῃ,
775 1947 970 2019 Κύριε,
1001 1949 1274 2019 πληγῆναι
1311 1943 1494 2003 δοῦλόν
1526 1964 1624 2002 σου
1655 1947 1760 2001 ὑπὸ

181 2038 688 2109 κυνῶννὰλλοτρίων
709 2055 726 2071 ο
762 2039 943 2104 ξενίαν
976 2040 1072 2093 τοῦ
1102 2041 1262 2109 ἁγίου
1297 2058 1394 2094 σου
1442 2039 1760 2109 Πνεύματος

182 2125 521 2193 καταξίωσόν
556 2147 646 2199 με,
677 2130 860 2201 Πάτερ
884 2130 1035 2199 ἅγιε,
1062 2130 1337 2200 γενέσθαι,
1367 2131 1469 2186 καὶ
1492 2126 1642 2185 οἶκον
1664 2129 1757 2185 τοῦ

181 2220 422 2292 Χριστοῦ
451 2236 545 2274 σου
569 2237 584 2251 ’
618 2222 973 2293 οίκοδόμησόν
1006 2240 1095 2294 με,
1132 2223 1162 2276 6
1191 2223 1381 2295 ὀδηγδς
1401 2223 1511 2276 τῶν
1551 2224 1761 2279 πεπλα-

181 2311 437 2380 νημένων
459 2328 473 2342 ο
501 2313 771 2383 ὁδήγησόν
821 2330 915 2383 με,
944 2313 1033 2368 ἵνα
1071 2313 1145 2384 μὴ
1175 2313 1409 2368 ὲκκλίνω
1430 2315 1511 2378 εἰς
1537 2313 1605 2367 τὰ
1633 2315 1757 2385 ἀρι-

182 2402 355 2472 στερά
374 2419 388 2433 ·
421 2404 715 2473 πρόσωπόν
738 2421 854 2470 σου,
881 2404 1079 2475 Κύριε,
1109 2405 1235 2459 ἰδεῖν
1258 2404 1524 2460 ὲπιποϐῶο
1549 2407 1577 2460 6
1598 2405 1752 2470 Θεὸς,

179 2492 260 2563 τῷ
313 2494 454 2560 φωτὶ
502 2494 597 2546 τοῦ
643 2492 937 2566 προσώπου
993 2513 1087 2549 σου
1134 2495 1400 2568 ὀδήγησόν
1473 2513 1541 2566 με
1567 2511 1582 2525 ⁸
1631 2496 1759 2565 ροὖν

179 2583 433 2654 δακρύων
465 2585 697 2655 χάρισαί
739 2603 831 2655 μοι
858 2574 1143 2658 τῷδούλῳ
1174 2604 1297 2652 σοι),
1318 2588 1411 2641 καὶ
1440 2587 1641 2658 ἰκμάδα
1663 2585 1757 2641 τοῦ

180 2673 343 2742 ἁγίου
406 2692 502 2728 σου
559 2675 885 2744 Πνεύματος
929 2676 1172 2748 δώρησαι
1204 2677 1285 2749 τῷ
1311 2678 1594 2747 πλάσματί
1638 2694 1754 2744 σου,

181 2765 270 2820 ἵνα
306 2766 382 2835 μὴ
426 2766 680 2835 ξηρανθῶ
719 2766 795 2831 ὡς
829 2770 865 2839 ἠ
902 2769 1045 2838 συκῆ
1070 2768 1138 2839 ἣν
1170 2770 1235 2823 σὺ
1288 2770 1589 2840 κατηράσω
1616 2788 1633 2817 2
1665 2769 1757 2824 κα).

160 2856 321 2911 ,ιστω
339 2857 409 2911 τὰ
434 2857 645 2929 δάκρυά
686 2876 800 2928 μου
822 2861 903 2922 είς
928 2859 1061 2929 ἐμὸν
1087 2859 1243 2929 πόμα
1271 2875 1287 2891 ο
1324 2862 1421 2913 καὶ
1456 2862 1489 2932 ἡ
1516 2877 1754 2932 προσευ-

177 2947 248 3019 χή
302 2965 402 3017 μου
438 2948 557 3000 ἀντὶ
606 2947 882 3018 βρώσεως.
912 2948 1146 3019 Τρέψον,
1171 2948 1368 3020 Κύριε,
1391 2949 1484 3002 τὸν
1528 2950 1757 3004 κοπετόν

1869 492 2135 550 reduxisti
2195 493 2344 549 enim
2413 508 2503 551 me
2572 508 2641 554 ex
2700 491 2968 573 altissima
3010 487 3273 559 voragine
3322 485 3463 557 ἰιιὶέυ

1862 586 2136 656 quitath
2206 600 2500 651 mearum,
2567 577 2879 661 ut'ne'in
2940 579 3126 652 praeda
3185 578 3433 633 abduce-

1861 686 1947 733 ret
1978 692 2066 731 me
2107 676 2385 733 inimicus.
2416 676 2549 733 Jesu
2591 674 2811 732 Christe
2832 716 2847 740 ,
2882 673 3104 731 sullulci
3148 685 3235 727 me
3268 677 3436 741 atque

1860 777 2199 841 suste_nta,et
2226 778 2346 825 esto
2374 768 2510 824 mihi
2542 767 2846 832 auxiliaris,
2874 774 2933 821 tu
2960 766 3017 821 in
3039 766 3191 821 bello
3212 773 3443 836 potens,
3524 751 3536 774 ¹

1862 858 2067 915 Servus
2103 860 2254 914 enim
2285 875 2405 915 sum
2451 859 2939 929 concupiscentiae,
2971 857 3039 912 ab
3079 858 3183 912 hac
3229 856 3437 912 misere

1861 966 2151 1022 oppugnor
2178 969 2192 1015 ;
2225 951 2323 1005 sed
2346 960 2426 1014 tu,
2454 951 2708 1016 Domine,
2742 966 2812 1006 ne
2858 966 2947 1005 me
2995 948 3349 1018 derelinquas
3373 949 3433 1003 in

1864 1046 2068 1096 terram
2095 1038 2408 1111 disiectum,
2425 1039 2875 1113 quandoquidem
2893 1053 3132 1109 agnosco
3153 1047 3211 1092 et
3230 1036 3440 1093 damno-

1836 1145 2029 1201 _opera
2053 1147 2193 1186 mea.
2226 1132 2528 1202 Emancipa
2552 1148 2659 1199 me,
2685 1132 2938 1195 Domine,
2958 1133 3090 1202 jugo
3108 1130 3435 1199 depressum

1860 1222 2185 1277 miserandae
2239 1223 2545 1287 servitutis,
2567 1232 2701 1293 qua'
2734 1214 3143 1278 mundi‘istius
3193 1221 3437 1276 obstrin-

1859 1328 1960 1385 σοι·
2004 1313 2264 1383 principi.
2302 1313 2433 1369 Tute
2481 1330 2567 1370 me
2601 1314 2863 1369 ascribito
2892 1314 3183 1377 clientelae,
3208 1321 3335 1367 tuus
3371 1319 3434 1368 ut

1860 1406 1965 1461 sim
2012 1421 2112 1476 per
2155 1406 2603 1467 observationem
2655 1407 3038 1461 mandatorum
3084 1413 3432 1468 tuorum,tu

1860 1498 1956 1568 qui
2001 1497 2188 1567 viaes
2232 1499 2360 1553 vitae
2406 1514 2566 1564 meze,
2601 1506 2658 1554 et
2703 1498 2959 1555 Christus
3006 1514 3198 1560 meus,
3229 1498 3326 1553 sed
3374 1505 3434 1553 et

1860 1587 2031 1659 facies
2060 1596 2153 1643 tua
2179 1589 2367 1644 lumen
2393 1590 2683 1644 oculorum
2716 1605 2968 1644 meorum
3008 1595 3113 1643 est.
3144 1590 3290 1645 Deus
3321 1589 3432 1643 Do-

1861 1677 2032 1760 mine,
2059 1686 2115 1743 et
2136 1679 2369 1734 Domine
2393 1679 2519 1734 vitae
2544 1695 2699 1743 mere,
2726 1679 3105 1735 extollentiam
3141 1678 3446 1734 oculorum.
3498 1681 3509 1687 ’

1863 1784 2113 1825 meorum
2140 1786 2210 1825 ne
2245 1770 2475 1826 dederis
2496 1770 2655 1835 mihi,
2687 1780 2743 1826 et
2769 1771 3275 1841 concupiscentiam
3305 1788 3437 1842 pra-'-

1868 1876 1997 1931 περ]
2028 1869 2217 1917 averte
2251 1877 2283 1916 a
2314 1878 2423 1917 me.
2449 1861 2708 1918 Sustenta
2733 1854 2839 1925 me,
2862 1862 3110 1926 Domine,
3144 1878 3308 1917 manu
3341 1871 3433 1921 tua

1861 1961 2069 2007 sancta.
2090 1946 2397 2023 Appetitus'
2422 1951 2635 2007 ventris
2656 1961 2712 2008 et
2741 1952 3077 2008 concubitus
3098 1968 3208 2006 non
3231 1968 3432 2023 appree

1861 2042 2110 2100 hendant
2141 2060 2249 2110 me,
2274 2053 2332 2100 et
2377 2044 2573 2101 animm
2626 2045 2953 2100 irreverenti
2988 2060 3060 2100 ne
3098 2044 3282 2101 tradas
3320 2061 3431 2105 me.

1862 2134 2085 2191 Illustra
2117 2134 2172 2188 in
2223 2148 2310 2188 me
2346 2134 2537 2189 lumen
2582 2134 2772 2189 vultus
2812 2134 2914 2197 tui,
2967 2134 3197 2190 Domine
3220 2174 3236 2197 ,
3261 2142 3322 2190 ut
3358 2150 3432 2192 ne

1860 2226 2338 2297 comprehendant
2370 2242 2457 2283 me
2482 2226 2743 2286 tenebrae.
2769 2226 2864 2281 sed
2907 2234 2963 2281 et
2991 2227 3086 2296 qui
3113 2227 3433 2284 obambulat

1859 2333 1974 2385 eas,
2008 2334 2077 2373 ne
2105 2319 2460 2385 clanculariis
2487 2319 2602 2374 suis
2633 2318 2777 2374 dolis
2801 2319 3048 2389 abripiat
3076 2334 3184 2374 me.
3213 2318 3293 2374 Ne
3323 2328 3435 2373 tra-

1861 2407 1985 2473 das,
2021 2408 2275 2474 Domine,
2310 2409 2505 2465 bestiis
2548 2408 2920 2465 invisibilibus
2963 2410 3202 2465 animam
3253 2409 3430 2465 conli-

1859 2505 2067 2555 tentem
2116 2499 2339 2555 tibi.Ne
2374 2500 2621 2570 patiaris,
2675 2500 2906 2555 Domine
2934 2541 2949 2566 ,
2991 2516 3211 2555 servum
3273 2512 3429 2556 tuum

1860 2587 2177 2667 immaniter
2198 2591 2448 2660 torqueri
2474 2608 2504 2646 a
2539 2593 2772 2646 canibus
2800 2592 2953 2658 istis,
2992 2592 3087 2661 qui
3122 2608 3153 2646 a
3182 2600 3233 2651 te
3264 2590 3430 2645 alieni

1861 2685 1992 2733 sunt
2045 2687 2103 2734 et
2152 2678 2500 2735 defecerunt.
2543 2680 2775 2751 Dignum
2839 2696 2926 2735 me
2979 2680 3202 2741 eﬂicito.
3266 2680 3435 2735 Pater

1860 2777 2070 2833 sancte,
2103 2764 2371 2838 hospitali
2408 2785 2659 2837 .munere
2701 2771 2873 2824 sancti
2910 2769 2987 2823 tui
3032 2770 3293 2839 Spiritus,
3320 2786 3437 2823 mc-

1861 2872 1967 2928 que
1988 2856 2269 2912 exaediﬁca
2295 2856 2350 2912 in
2375 2856 2718 2912 domicilium
2746 2857 2949 2911 Christi
2974 2858 3075 2911 tui.
3102 2857 3218 2912 Dux
3240 2873 3433 2912 eorum

1860 2949 1956 3019 qui
2019 2956 2343 3004 exerrarunt
2377 2964 2408 3003 a
2456 2950 2568 3011 via,
2599 2949 2827 3026 prmdux
2880 2948 3015 3002 mihi
3065 2958 3184 3004 esto
3244 2958 3300 3003 et
3344 2964 3438 3003 co-

179 3055 282 3112 μου
307 3043 385 3103 είς
407 3040 581 3110 χαρὰν
610 3041 752 3111 ἐμοί’
777 3043 873 3094 καὶ
887 3040 1036 3105 δέξαι
1065 3057 1132 3112 με
1155 3041 1235 3105 εἰς
1266 3042 1367 3106 τὰς
1387 3043 1639 3106 αἰωνίους
1662 3059 1755 3096 σου

1860 3040 2078 3105 mitare,
2145 3047 2206 3093 ut
2258 3056 2328 3094 ne
2396 3039 2463 3094 ad
2519 3039 2805 3093 sinistram
2879 3038 3177 3093 declinem.
3217 3038 3435 3094 Faciem

177 3135 384 3203 σκηνάς
406 3148 419 3160 ·
450 3132 706 3201 φθασάτω
734 3150 803 3204 με
842 3136 876 3204 ἠ
906 3132 1247 3205 ἐλεημοσύνη
1277 3151 1396 3200 σου,
1425 3134 1598 3206 Κύριε
1616 3173 1633 3198 ,
1657 3134 1751 3187 καὶ

1861 3143 2033 3197 tuam,
2056 3133 2132 3187 mi
2172 3131 2424 3197 Domine,
2451 3130 2814 3202 ﬂagrantibus
2836 3131 2983 3186 votis
3011 3131 3200 3186 videre
3231 3146 3436 3187 concu-

176 3224 229 3276 οί
250 3224 523 3293 οἰκτιρμοί
549 3241 647 3277 σου
668 3225 881 3278 καταλα
894 3223 1138 3279 δέτωσάν
1166 3242 1254 3295 με,
1278 3226 1373 3279 καὶ
1402 3226 1541 3293 ἄφες
1569 3225 1752 3289 πάσας

1865 3224 2045 3295 pisce.
2089 3223 2255 3289 Deus,
2303 3222 2673 3277 illustrations
2695 3222 2884 3278 vultus
2922 3222 3000 3277 tui
3033 3220 3206 3293 dirige
3263 3238 3348 3277 me
3378 3223 3437 3278 in

174 3313 276 3379 τὰς
308 3315 583 3385 ἁμαρτίας
630 3333 756 3386 μου.
787 3317 860 3369 Σὺ
894 3315 1003 3386 γὰρ
1038 3311 1093 3369 εἷ
1121 3317 1252 3380 Θεὸς
1286 3316 1540 3387 ἀληθινὸς
1571 3315 1748 3385 ἀφιὼν

1859 3315 2051 3379 viam,
2096 3313 2302 3368 ﬂumen
2361 3313 2728 3386 lacrymarum
2788 3313 3011 3383 indulge
3068 3311 3207 3367 mihi
3278 3327 3438 3368 servo

173 3405 421 3475 ἀνομίας.
473 3407 582 3459 Καὶ
650 3406 724 3478 μὴ
768 3406 1060 3477 καταδὲξῃ,
1113 3406 1311 3478 Κύριε,
1349 3408 1617 3476 ἀτιμάσαι
1674 3405 1747 3461 τὰ

1859 3413 1965 3465 tuo,
2023 3403 2313 3458 humorem
2374 3404 2549 3458 sancti
2641 3402 2720 3458 tui
2807 3402 3048 3475 Spiritus
3130 3403 3263 3458 huic
3339 3412 3437 3459 tuo

173 3494 314 3564 ἔργα
334 3496 440 3553 τῶν
464 3496 664 3567 χειρῶν
689 3515 804 3563 σου,
820 3498 908 3551 διὰ
933 3497 1002 3551 τὰ
1022 3497 1198 3567 πλήθη
1217 3496 1326 3550 τῶν
1349 3498 1589 3568 ἀνομιῶν
1612 3515 1740 3565 μου,

172 3584 311 3639 ἀλλὰ
346 3586 677 3638 ἀνακάλεσαί
734 3603 823 3656 με,
859 3587 1125 3650 Δέσποτα,
1156 3587 1246 3641 διὰ
1273 3586 1368 3640 τοῦ
1423 3587 1745 3657 μονογενοῦς

175 3692 273 3729 σου
296 3675 427 3728 Υἱοῦ
462 3676 554 3728 τοῦ
583 3677 837 3747 Σωτῆρος
862 3679 1020 3748 ἡμῶν
1042 3694 1058 3710 ·
1090 3680 1188 3733 καὶ
1206 3677 1420 3749 ἔγειρόν
1453 3698 1520 3750 με
1555 3680 1747 3749 κείμε-

172 3783 263 3819 νον
290 3766 364 3831 ὡς
392 3766 523 3821 Astii
553 3768 642 3820 τὸν
669 3766 907 3838 τελώνην
930 3785 945 3801 ”
974 3769 1073 3823 καὶ
1101 3770 1434 3841 ζωοποίησόν
1479 3789 1545 3842 με
1575 3773 1667 3825 τὸν
1690 3773 1749 3827 ὲν

166 3858 472 3928 ἁμαρτίαις
512 3859 913 3929 νενεκρωμένον
938 3899 955 3926 ,
993 3860 1071 3923 ὡς
1120 3863 1220 3931 τῆς
1273 3863 1449 3933 χήρας
1490 3861 1581 3914 τὸν
1612 3862 1748 3929 υἱὸν,

171 3949 257 4003 ὅτι
292 3951 355 4002 σὺ
396 3951 555 4017 μόνος
582 3949 847 4021 ὑπάρχεις
881 3953 915 4022 ἡ
946 3951 1245 4016 ἀνάστασις
1269 3953 1378 4005 τῶν
1406 3952 1748 4010 τεθνεώτων.

1850 3493 2114 3566 plasmati
2200 3493 2507 3549 liberaliter
2594 3485 2878 3565 impertire
2912 3535 2929 3562 ,
3001 3503 3065 3549 ut
3155 3510 3227 3551 ne
3310 3511 3435 3551 exa-

1854 3595 2036 3641 rescat
2115 3585 2368 3655 exemplo
2443 3586 2690 3641 ﬁculneae
2748 3587 2895 3641 illius
2925 3588 3016 3642 cui
3077 3596 3138 3643 tu
3202 3586 3437 3643 maledi-

1856 3678 2005 3732 xisti.
2064 3677 2341 3733 Poculum-
2390 3677 2525 3731 mihi
2585 3679 2871 3743 mezelsint
2919 3679 3196 3750 lacrymae,
3256 3680 3436 3734 vicem

1858 3768 2138 3823 alimoniae
2228 3768 2486 3837 suppleat
2543 3768 2727 3821 oratio
2792 3783 2937 3822 mea.
2999 3769 3225 3843 ιιάε
3269 3768 3436 3823 Verte

1858 3859 2142 3929 planctum
2174 3874 2359 3928 meum
2419 3858 2476 3912 in
2524 3857 2786 3928 gaudium
2847 3857 2983 3921 mihi
3016 3874 3033 3924 ;
3067 3858 3293 3912 admitte
3349 3873 3438 3912 me

1857 3951 1914 4005 in
1970 3959 2178 4006 aeterna
2242 3950 2599 4005 tabernacula
2650 3957 2764 4003 tua.
2796 3948 3076 4019 Anticipet
3131 3964 3217 4003 me
3275 3948 3440 4003 mise-

170 4040 289 4094 Καὶ
317 4042 398 4093 σοι
420 4040 545 4105 δόξα
572 4041 773 4112 πρέπει
811 4041 893 4103 είς
925 4042 1051 4104 τοὺς
1083 4040 1313 4104 αἰῶνας.
1339 4042 1539 4114 Ἀμήν.

1859 4043 2099 4097 ricordia
2128 4053 2242 4110 tua,
2278 4042 2529 4106 Domine,
2555 4048 2612 4096 et
2654 4041 3044 4096 miserationes
3096 4048 3200 4094 tua:
3242 4055 3440 4109 appre-

175 4136 426 4191 bendant
487 4151 598 4200 me,
658 4145 717 4191 et
759 4136 982 4192 remitte
1025 4137 1213 4192 omnia
1257 4146 1484 4208 peccata
1550 4152 1693 4193 mea.
1735 4136 1817 4192 Tu
1873 4137 2047 4203 enim,
2112 4138 2258 4193 Deus
2312 4152 2501 4200 verus,
2524 4134 2620 4206 qui
2683 4134 2925 4189 remittis
2970 4133 3311 4203 iniquitates.
3357 4131 3440 4186 Ne

172 4230 423 4301 patiaris,
482 4230 733 4297 Domine,
782 4245 923 4301 opus
956 4246 1222 4287 manuum
1253 4239 1474 4287 tuarum
1531 4232 1646 4287 ullo
1699 4232 1973 4289 atrociore
2005 4234 2218 4303 aspergi
2251 4220 2576 4303 opprobrio,
2607 4230 2698 4285 'ob
2724 4228 3129 4284 multitudinem
3179 4227 3442 4297 iniquita-

174 4331 295 4378 tum
357 4339 641 4389 mearum;
697 4325 831 4393 quin
862 4339 1065 4380 revoca
1100 4340 1187 4380 me
1240 4339 1341 4394 per
1389 4325 1739 4395 nnigenitum
1793 4324 1990 4382 Filium
2067 4336 2221 4383 tuum
2291 4333 2496 4379 nostrae
2568 4323 2816 4378 omnium
2897 4321 3090 4376 salutis
3137 4320 3436 4377 vindicem.

177 4420 371 4477 Excita
406 4432 493 4472 me
527 4419 727 4474 misere
772 4420 1067 4490 iacentem,
1097 4428 1160 4474 ut
1180 4421 1315 4483 olim.
1344 4421 1505 4476 illum
1547 4422 1788 4477 telonem
1834 4423 2010 4491 Levi;
2037 4424 2254 4479 vivitica
2285 4439 2372 4478 me
2415 4430 2767 4492 peccatorum
2799 4429 2977 4479 morte
3005 4420 3440 4489 tabefaetummt

171 4524 307 4591 tunc
363 4515 536 4571 lilium
581 4516 802 4581 viduae;
838 4525 899 4572 tu
949 4517 1104 4572 solus
1144 4518 1483 4572 resurrectio
1524 4532 1590 4573 es
1639 4527 2012 4575 mortuorum.
2049 4520 2174 4575 Tibi
2210 4518 2385 4590 gloria
2417 4518 2476 4575 in
2504 4516 2731 4572 saecula.
2763 4519 2961 4572 Amen.

242 4607 403 4660 Θέλιι
453 4607 511 4661 δὲ
551 4608 583 4660 6
611 4609 668 4660 ὲν
712 4608 943 4680 ἀληθεία
980 4609 1263 4678 μετανοῶν
1300 4608 1387 4676 ἐφ’
1413 4603 1496 4674 οἷς
1546 4608 1748 4681 ἔπραξε

1930 4610 2096 4682 Optet
2122 4612 2184 4666 in
2213 4611 2431 4681 primis,
2459 4624 2627 4679 quem
2650 4623 2783 4663 vere
2807 4607 3063 4678 poenitet,
3095 4615 3151 4662 et
3183 4621 3241 4661 se
3274 4605 3346 4661 ob
3371 4620 3439 4662 ea

168 4699 363 4762 κακοῖς
395 4698 489 4751 καὶ
513 4697 705 4752 ἑαυτὸν
747 4699 1185 4771 ἐπιμέμφεσθαι,
1207 4701 1304 4754 καὶ
1326 4699 1395 4753 τὰ
1417 4699 1548 4771 παρ’
1571 4701 1747 4755 ἄλλων

1859 4715 1978 4771 quae
2017 4713 2313 4770 perperam
2360 4696 2554 4769 gessit,
2588 4696 2784 4751 durius
2831 4695 3084 4765 coargui,
3115 4702 3172 4750 et
3207 4710 3330 4765 quae
3367 4695 3436 4753 ab

169 4789 351 4859 ὀνείδη
395 4792 680 4861 καρτερῶς
728 4793 916 4864 φέρειν
939 4809 953 4823 ⁸
990 4794 1250 4863 μετάνοια
1278 4793 1387 4864 γάρ
1425 4794 1543 4848 ἐστι
1572 4794 1633 4847 τὸ
1655 4795 1747 4848 ὑπ’

1859 4793 1977 4848 iliis
1994 4790 2324 4862 ingeruntur
2345 4788 2665 4858 Opprobria,
2688 4784 3106 4857 generosel‘crat
3136 4784 3441 4855 ;pmnitene-

174 4880 436 4950 ἀφρόνων
458 4881 839 4950 χλευάζεσθαι,
862 4884 956 4937 καὶ
978 4886 1282 4954 καρτερεῖν,
1301 4884 1396 4936 καὶ
1418 4883 1747 4955 δλοκαρδίως

1859 4883 1924 4939 tia
1947 4882 2097 4937 enim
2132 4889 2219 4936 est
2248 4880 2318 4935 ab
2346 4877 2799 4949 imprudentibus
2832 4874 3168 4931 subsannari
3197 4891 3210 4928 :
3245 4875 3437 4929 actin-

170 4971 512 5043 προσφέρειν
560 4974 640 5045 τῷ
668 4973 786 5045 Θεῷ
834 4974 1242 5047 ἐξομολόγησιν.
1287 4973 1350 5030 Ὀ
1393 4974 1619 5040 Ἡσαΐας
1654 4992 1750 5030 πο-

1859 4973 2014 5030 terim
2044 4973 2175 5028 dum
2206 4972 2322 5027 haec
2362 4978 2477 5042 toto
2523 4968 2741 5039 perfers
2782 4976 3032 5037 pectore,
3068 4982 3182 5021 non
3227 4965 3437 5023 desinis

165 5062 470 5135 τνιώμινος
503 5067 633 5135 περὶ
665 5066 780 5120 τῶν
804 5067 1056 5138 σκληρῶν
1091 5068 1186 5121 καὶ
1225 5068 1611 5136 ἀμετανοήτων
1652 5068 1744 5123 λὲο

1859 5067 1964 5121 Deo
1992 5064 2196 5121 oﬂ‘erre
2224 5052 2657 5118 confessionem.
2692 5059 2861 5115 lsaias
2888 5060 3065 5114 Deum
3105 5057 3435 5126 suppliciter
3476 5050 3483 5065 ’

169 5167 260 5220 γει
288 5167 303 5180 ·
342 5172 362 5205 ι
418 5153 511 5225 Μὴ
548 5155 650 5209 οὐκ
680 5157 854 5227 ἰσχύει
904 5156 1110 5228 Κύριος
1156 5156 1253 5210 τοῦ
1316 5157 1538 5220 adiam;
1606 5158 1747 5214 ἀλλὰ

1859 5155 2136 5211 obtestans
2188 5169 2292 5223 pro
2347 5152 2473 5207 duri
2525 5151 2825 5206 admodum
2857 5149 3042 5204 cordis
3086 5146 3433 5206 hominibus,

163 5240 260 5296 διὰ
300 5242 402 5306 τὰς
449 5245 728 5317 ἁμαρτίας
779 5247 931 5317 ὑμῶν
984 5248 1326 5319 ἀπέστρεψεν
1353 5247 1416 5301 τὺ
1450 5247 1742 5317 πρόσωπον

1859 5264 2064 5319 proque
2114 5245 2615 5319 impmnitentibus,
2671 5244 2845 5300 dicit:
2898 5262 2917 5295 ι
2978 5239 3259 5311 Numquid
3322 5252 3435 5295 non

166 5330 335 5388 αὐτοῦ
358 5336 659 5406 denegat,
683 5337 765 5391 ὅτι
815 5339 990 5403 οὐδεὶς
1021 5338 1175 5393 λαλεῖ
1213 5340 1423 5404 δίκαια,
1456 5340 1569 5395 οὐδ’
1595 5340 1748 5395 ἐστιν

1859 5345 2029 5409 potest
2050 5338 2318 5394 Dominus
2336 5352 2436 5392 vos
2455 5336 2641 5392 salvos
2665 5335 2849 5390 facere
2877 5333 2901 5386 ?
2925 5331 3021 5387 sed
3047 5339 3275 5401 propter
3299 5342 3430 5398 pec-

167 5422 353 5493 κρίσις
411 5425 660 5497 ἀληθινή.
704 5446 722 5480 ι
776 5429 1003 5501 Ἕτερος
1047 5429 1109 5484 δέ
1160 5447 1295 5501 φησι
1323 5448 1338 5464 ·
1374 5450 1401 5485 ε
1432 5429 1523 5494 Ὧς
1577 5430 1742 5486 καλὸν

1859 5437 1971 5487 cata
2007 5437 2195 5486 vestra
2226 5427 2432 5484 avertit
2459 5426 2661 5483 faciem
2697 5440 2856 5481 suam
2895 5439 2929 5479 a
2959 5421 3139 5487 vobis,
3172 5418 3303 5491 quia
3333 5433 3435 5474 nei-

167 5508 495 5583 δλεγχθέντα
550 5516 862 5587 φανερῶσαι
905 5519 1218 5590 μετάνοιανί
1244 5517 1400 5575 Οὕτω
1421 5516 1532 5591 γὰρ
1567 5519 1740 5592 φεύξῃ

1859 5534 1936 5576 [ιιο
1964 5520 2113 5593 iusta
2151 5517 2425 5592 loquitur,
2453 5532 2637 5589 neque
2662 5524 2749 5574 est
2767 5514 3043 5589 judicium
3078 5525 3272 5569 verum
3300 5509 3367 5568 “.
3404 5526 3429 5567 ι

249 5666 293 5700 ’⁸
315 5667 416 5722 lsa.
450 5684 532 5723 ιιι
556 5711 568 5733 ,
600 5668 707 5724 1-5.
