4030 6296
497 212 503 218 ’
554 257 695 321 1663

1824 262 2187 324 ANTIOCHI
2227 261 2570 324 MONACHI

3689 253 3821 322 1651

548 370 657 427 Sed
690 377 746 428 et
777 369 956 424 alter:
995 387 1015 420 ι
1053 367 1228 436 Quam
1256 369 1464 425 bonum
1503 379 1609 436 est,
1645 386 1771 426 eum
1815 373 1908 444 qui
1956 387 2103 428 coar-

2221 373 2469 428 ἑκούσιον
2523 372 2818 444 ἁμαρτίαν.
2864 391 2883 424 ι
2937 371 3046 425 Καὶ
3099 371 3296 433 πάλιν,
3334 387 3354 420 ι
3390 369 3717 441 Ἥμαρτες,
3749 368 3820 438 μὴ

544 453 753 532 guitur,
784 458 1136 515 manifestare
1176 459 1620 529 .poenitentiaml
1658 461 1740 516 sic
1786 462 1934 516 enim
1978 460 2124 515 etfu-

545 552 662 620 gies
689 550 1060 605 voluntarium
1090 557 1376 620 peccatum
1407 551 1472 608 ⁸⁸.
1515 571 1534 604 ι
1574 553 1829 609 Rursus:
1874 571 1894 605 ι
1927 553 2127 609 Pecca-

545 641 656 696 sti?
680 657 750 697 ne
775 642 948 697 addas
975 644 1118 698 ultra
1149 660 1164 712 ;
1199 647 1294 701 sed
1325 657 1380 702 et
1404 663 1504 718 pro
1534 648 1778 718 peccatis
1819 647 1931 702 tuis
1970 647 2124 717 prio-

545 733 701 788 ribus
727 734 1032 803 deprecare
1063 736 1131 789 ’⁸.
1162 755 1179 787 ι
1213 735 1433 794 lnducit
1462 739 1592 794 item
1624 759 1637 794 :
1685 759 1704 790 ι
1747 738 1914 806 Quasi
1935 739 2122 795 afacie

543 827 826 894 serpentis
889 827 1011 891 fuge
1042 843 1073 880 a
1118 840 1344 898 peccato
1369 829 1464 896 ’νς
1510 848 1529 882 ι
1563 849 1661 882 -‹
1700 830 1932 900 Sapiens
1974 831 2121 885 enim

545 915 742 966 timore
789 926 1080 985 correptus
1130 918 1429 972 declinata
1475 920 1712 973 malo".
1757 940 1775 972 ι
1807 921 1912 974 Job
1940 921 2118 976 item:

549 1023 566 1053 ι
608 1004 762 1069 Quod
806 1006 849 1060 si
884 1016 1171 1077 postquam
1207 1012 1464 1079 peccavi,
1500 1013 1810 1066 voluntarie
1849 1014 2122 1068 occultavi

546 1107 833 1164 peccatum
863 1116 1067 1164 meum,
1093 1118 1202 1155 non
1237 1104 1384 1156 enim
1416 1105 1690 1158 reveritus
1743 1105 1823 1159 sic
1855 1120 1976 1159 sum
2023 1121 2120 1160 co-

545 1190 752 1258 piosam
803 1192 1216 1247 multitudinem
1267 1194 1528 1256 civitatis,
1567 1196 1869 1265 quominus
1917 1197 2116 1265 prode-

544 1294 686 1344 rem,
717 1282 1017 1338 conﬁterer
1060 1293 1115 1339 et
1159 1286 1475 1356 evulgarem
1527 1287 1661 1341 illud
1702 1289 1755 1342 in
1817 1299 2121 1358 conspectu

543 1387 738 1427 eorum
754 1376 822 1430 ".
849 1395 864 1424 I
892 1377 958 1430 Et
992 1377 1044 1430 in
1074 1377 1303 1432 Aetii-us
1332 1379 1530 1433 Petrus
1563 1380 1909 1434 multitudini
1935 1379 2115 1435 dixit:

547 1481 568 1515 ι
604 1464 955 1520 Ρωηὶιειηίηἰ
991 1467 1157 1537 igitur
1199 1477 1253 1522 et
1284 1470 1708 1533 convertimini,
1736 1481 1797 1524 ut
1827 1470 2119 1528 deleantur

540 1567 764 1625 peccata
795 1567 994 1622 vestra,
1032 1559 1075 1612 si
1111 1559 1333 1628 quando
1370 1561 1630 1615 venerint
1676 1571 1923 1630 tempora
1951 1561 2120 1616 refri-

539 1648 677 1716 gerii
707 1649 807 1702 ³³.»
840 1650 904 1704 Et
947 1665 1066 1712 nos,
1099 1651 1434 1716 cliarissimi,
1462 1652 1930 1722 quemadmodum
1957 1668 2122 1723 supe-

538 1738 658 1794 rius
701 1741 840 1795 mihi
892 1743 1100 1797 dictum
1137 1755 1242 1806 est,
1295 1762 1402 1800 una
1447 1746 1858 1815 poeniteatvita:
1886 1747 2111 1816 prioris,

539 1834 706 1888 corde
739 1850 969 1904 prorsus
1000 1837 1241 1903 sincero,
1281 1854 1311 1892 a
1342 1839 1498 1893 malis
1527 1854 1648 1908 quae
1678 1838 1778 1907 ipsi
1807 1839 2076 1908 gessimus
2096 1881 2110 1905 ,

535 1938 838 1979 conversos
882 1925 949 1978 ad
997 1925 1191 2000 Deum,
1241 1943 1306 1982 ac
1366 1927 1660 1983 dicentes:
1716 1928 2112 1997 Peccavimus,

533 2011 810 2082 propitius
857 2022 979 2067 esto
1007 2030 1022 2078 ;
1049 2014 1236 2084 inique
1280 2016 1514 2086 egimus,
1538 2018 1790 2073 condona
1820 2037 1833 2084 ;
1876 2019 2112 2077 offendi-

533 2118 678 2168 mus,
706 2105 1004 2160 conciliare
1062 2115 1119 2160 tu
1181 2107 1363 2163 nobis.
1409 2109 1664 2180 Expurga
1701 2126 1826 2175 nos,
1859 2115 2112 2183 exemplo

531 2195 842 2250 meretricis
865 2197 1036 2260 illius,
1055 2207 1110 2252 ut
1134 2201 1490 2268 publicanum
1512 2201 1663 2256 illum
1687 2217 1789 2256 nos
1809 2203 2111 2259 etiamnum

531 2285 786 2357 iustifica.
818 2288 1012 2343 Veniat
1044 2305 1210 2360 super
1241 2307 1328 2346 me
1381 2292 1763 2347 misericordia
1791 2303 1904 2360 tua,
1941 2311 2110 2365 super

531 2395 618 2434 me
654 2381 908 2436 roscidus
941 2383 1140 2437 humor
1166 2385 1477 2439 clementiae
1507 2394 1614 2440 tua;
1640 2385 1893 2452 distillet,
1928 2404 2109 2458 neque

529 2473 683 2528 sinas
716 2490 805 2529 me
841 2475 1149 2530 venundari
1201 2477 1382 2546 pretio
1432 2486 1782 2546 peccatorum
1833 2493 2107 2546 meorum,

531 2567 828 2634 nequando
897 2567 1305 2622 obdormiscam
1350 2577 1406 2622 et
1461 2568 1702 2623 emoriar
1763 2570 2110 2624 amarissima

529 2668 708 2712 morte
740 2659 984 2726 peccati;
1015 2659 1148 2727 quin
1184 2661 1370 2728 potius
1416 2661 1624 2714 redime
1670 2677 1756 2715 me
1793 2678 1823 2715 a
1850 2661 2107 2730 przcsenti

529 2749 733 2804 smculo
770 2765 1024 2817 nequam.
1067 2748 1288 2819 Indulge
1334 2750 1467 2802 mihi
1503 2752 1841 2818 paenitentia:
1868 2761 2103 2822 tempus,

529 2841 712 2894 locum
754 2841 1048 2911 purgandae
1077 2841 1430 2895 conscientize
1479 2841 1720 2910 imparti.
1752 2861 1769 2892 ι
1808 2843 1927 2897 Non
1956 2846 2104 2898 enim

529 2941 613 2988 est
661 2949 766 3002 pax
811 2934 866 2987 in
916 2933 1133 2988 ossibus
1172 2933 1310 2988 meis
1342 2950 1374 2988 a
1405 2934 1543 2988 facie
1580 2944 1928 3003 peccatorum
1957 2953 2106 2992 meo-

2225 464 2466 536 προσθῇς
2526 465 2630 531 ἐτι,
2654 466 2747 518 καὶ
2797 463 3062 535 περὶτῶν
3109 461 3396 534 προτέρων
3429 478 3528 514 σου
3571 460 3817 532 δεήθητι.

2231 573 2250 607 ι
2288 555 2398 608 Καὶ
2450 556 2664 624 ἐπάγει,
2700 573 2719 606 ι
2767 554 2857 618 Ὠς
2905 553 3013 606 ἀπὸ
3072 550 3367 622 προσώπου
3411 551 3599 619 ὅψεως
3651 550 3819 618 φεῦγε

2224 643 2332 697 ἀπὸ
2381 644 2681 715 ἁμαρτίας.
2740 662 2759 696 ι
2789 674 2861 684 --
2893 661 2913 695 ι
2951 645 3120 712 Σοφδς
3150 645 3259 713 γὰρ
3286 641 3557 712 φοϐηθεὶς
3607 640 3820 707 ἐξέκλι-

2224 751 2314 788 νεν
2358 736 2465 789 ἀπὸ
2495 735 2686 790 κακοῦ.
2724 754 2742 787 ι
2781 737 2946 806 Φησὶν
2967 737 3024 789 δὲ
3050 736 3143 788 καὶ
3172 738 3199 788 ὁ
3233 734 3426 799 ’1ὼ6,-‹
3467 735 3532 787 Εἰ
3564 734 3680 803 γὰρ
3728 736 3818 787 καὶ

2225 825 2486 897 ἁμαρτὼν
2531 826 2821 892 ἐκουσίως,
2855 826 3070 896 ἔκρυψα
3103 827 3202 896 τὴν
3255 823 3534 895 ἁμαρτίαν
3575 841 3685 894 μου
3708 841 3725 854 ·
3757 826 3814 876 οὐ

2224 918 2332 988 γὰρ
2361 917 2656 988 διετράπην
2676 917 2998 986 πολυοχλίαν
3030 917 3257 978 πόλεως,
3278 916 3372 969 τοῦ
3407 916 3482 986 μή
3513 913 3814 988 ἐξαθτορεῦ-

2227 1024 2317 1059 σαι
2365 1007 2596 1061 ἐνώπιον
2648 1008 2847 1061 αὐτῶν.
2887 1027 2904 1060 ι
2942 1008 3053 1061 Καὶ
3086 1008 3144 1061 ἐν
3184 1009 3305 1070 ταῖς
3337 1008 3619 1078 Πρὰξεσιν
3648 1010 3680 1060 ὁ
3715 1008 3814 1060 Πέ-

2223 1115 2351 1168 τρος
2383 1097 2460 1167 τῷ
2495 1098 2690 1169 πλήθει
2715 1115 2727 1130 ο
2757 1101 3186 1169 «Μετανοήσατε
3213 1094 3308 1151 οὖν
3339 1099 3437 1152 καὶ
3469 1099 3811 1168 ἐπιστρέψα-

2227 1187 2340 1252 σθε,
2371 1191 2450 1252 είς
2479 1188 2539 1243 τὸ
2597 1188 2982 1258 ἐξαλειφθῆναι
3013 1189 3167 1259 ὑμῶν
3191 1189 3291 1252 τὰς
3327 1189 3637 1259 ἁμαρτίας,
3666 1191 3815 1251 ὅπως

2224 1279 2291 1332 ἂν
2321 1279 2550 1333 ἔλθωσιν
2583 1282 2764 1351 καιροὶ
2790 1281 3127 1350 ἀναψύξεως.
3168 1299 3186 1333 ι
3223 1281 3333 1334 Καὶ
3367 1283 3558 1350 ἡμεῖς,
3593 1283 3814 1352 ἀγαπη-

2221 1372 2326 1432 τοὶ,
2365 1371 2550 1433 καθὼς
2577 1373 2926 1443 προείρηται,
2957 1374 3015 1439 ἐξ
3059 1373 3390 1444 εἰλικρινοῦς
3436 1373 3680 1442 καρδίας
3715 1390 3811 1442 με·

2221 1462 2573 1532 τανοήσωμεν
2629 1463 2735 1516 ἀπδ
2776 1462 2886 1515 τῶν
2939 1463 3143 1528 κακῶν,
3181 1457 3259 1517 ὧν
3307 1465 3662 1532 ἐπράξαμεν.
3697 1468 3814 1518 ἐπι-

2223 1552 2550 1624 στραφέντες
2574 1554 2707 1622 πρὸς
2726 1553 2814 1606 τὸν
2831 1554 2984 1618 Θεὸν,
3010 1556 3104 1608 καὶ
3125 1555 3398 1622 λέγοντες,
3419 1555 3809 1623 Ἠμὰρτομεν,

2224 1641 2470 1710 ίλάσθητι
2493 1653 2508 1670 ⁸
2537 1645 2912 1713 ὴνομήσαμεν,
2963 1643 3318 1715 συγχώρησον
3347 1663 3359 1674 ·
3388 1646 3813 1716 προσεκροὺσαο

2150 1709 2342 1804 Β-μεν,
2375 1709 2768 1805 καταλλάγηθι.
2791 1709 2897 1798 ⁷Ὡς
2941 1709 3304 1806 τήν--πορνην
3354 1709 3668 1808 καθάρισον
3690 1757 3706 1770 ο
3737 1740 3812 1803 ὡς

2217 1825 2306 1878 τὸν
2362 1823 2599 1894 τελώνην
2659 1825 2981 1880 δικαίωσονθ
3015 1827 3217 1881 ἐλθέτω
3265 1830 3354 1882 ἐπ’
3384 1830 3488 1894 ἐμὲ
3542 1832 3608 1883 τὸ
3661 1831 3810 1896 ἔλεός

2219 1931 2312 1968 σου
2336 1930 2350 1943 ·
2393 1915 2737 1976 ἐπισταξάτω
2768 1917 2854 1969 ἐπ’
2888 1917 2987 1988 ἐμὲ
3026 1919 3058 1988 ή
3105 1904 3489 1989 φιλανθρωπία
3545 1938 3669 1976 σου.
3702 1924 3809 1976 Καὶ

2220 2005 2295 2077 μὴ
2357 2009 2685 2080 συγχωρήσῃ
2733 2025 2798 2078 με
2853 2009 3127 2079 πραθῆναι
3165 2012 3286 2073 ταῖς
3332 2012 3648 2081 ἁμαρτίαις
3691 2030 3806 2081 μου,

2219 2097 2343 2166 μηδ’
2367 2098 2610 2151 ὑπνῶσαι
2633 2101 2726 2153 καὶ
2743 2101 3036 2154 ἀποθανεῖν
3057 2103 3150 2154 τὸν
3167 2103 3372 2172 ’πικρὸν
3398 2104 3498 2172 τῆς
3525 2105 3810 2174 ἁμαρτιας

2216 2189 2467 2256 θάνατον,
2515 2190 2632 2244 ἀλλ’
2678 2192 3010 2263 ἐξαγόρασόν
3066 2211 3134 2265 με
3192 2195 3301 2247 ἀπὸ
3349 2195 3446 2247 τοῦ
3500 2197 3810 2259 ἐνεστῶτος

2215 2282 2411 2347 αἰῶνος
2438 2285 2698 2354 πονηροῦ.
2733 2285 2833 2348 Δός
2867 2303 2958 2355 μοι
2989 2285 3181 2354 καιρὸν
3218 2288 3538 2356 μετανοίας,
3581 2289 3679 2340 καὶ
3718 2290 3812 2341 τό·

2214 2386 2314 2423 πον
2343 2372 2661 2440 ἀπολογίας,
2694 2373 2776 2427 ὅτι
2813 2391 2832 2424 ι
2874 2375 2987 2428 Οὐκ
3011 2374 3165 2428 ἔστιν
3194 2379 3412 2448 είρήνη¹
3443 2381 3567 2440 τοῖς
3595 2380 3809 2442 ὀστέοις

2221 2481 2324 2534 μου
2356 2464 2462 2517 ἀπὺ
2493 2465 2788 2530 προσώπου
2818 2465 2928 2520 τῶν
2955 2467 3240 2540 ἁμαρτιῶν
3271 2487 3372 2538 μου
3395 2484 3412 2499 °
3449 2471 3535 2523 ὅτι
3590 2474 3647 2525 αἱ
3685 2475 3809 2525 ἀνο·

2215 2555 2335 2624 μίαι
2364 2573 2465 2623 μου
2500 2557 2784 2628 ὑπερῆραν
2810 2559 2909 2628 τὴν
2941 2560 3185 2631 κεφαλήν
3216 2577 3342 2631 μου.
3387 2562 3541 2614 Ὠσεὶ
3589 2566 3807 2636 quaeris-1

2214 2649 2351 2719 βαρὺ
2377 2649 2759 2719 ἐϐαρύνθησαν
2789 2649 2875 2702 ἐπ’
2902 2649 3021 2718 ἐμὲ.
3053 2651 3178 2704 Ἐὰν
3203 2652 3314 2721 γὰρ
3349 2653 3597 2719 ἀνομίας
3627 2671 3806 2725 παρα-

2211 2741 2476 2811 τηρήσῃς,
2505 2739 2702 2811 Κύριε,
2727 2739 2922 2810 Κύριε,
2953 2740 3040 2803 τίς
3068 2741 3437 2811 ὑποστήσεται
3465 2763 3478 2809 ;
3522 2746 3610 2797 ὅτι
3649 2747 3802 2815 παρᾶ

2214 2831 2306 2882 σοῦ
2339 2829 2563 2900 ἱλασμός
2604 2832 2772 2885 ἐστιν.
2813 2850 2830 2882 ι
2867 2832 3257 2904 Πιστεύσωμεν
3311 2830 3406 2887 οὖν
3455 2835 3538 2905 τῷ
3590 2838 3806 2908 θεῷ,οί

2212 2920 2301 2974 διὰ
2347 2924 2446 2984 τὰς
2492 2924 2764 2991 ἁμαρτίας
2823 2925 2982 2994 ήμῶν
3041 2927 3426 2995 ἀπεγνωκότες
3486 2932 3592 2999 τῆς
3663 2931 3804 3000 ζωῆς

529 3039 678 3089 rum,
711 3026 838 3094 quia
863 3025 1182 3094 iniquitates
1212 3041 1348 3080 meze
1377 3041 1749 3096 supergressa:
1777 3035 1906 3081 sunt
1939 3038 2103 3098 caput

2215 3013 2412 3083 ήμῶν·
2449 3016 2544 3066 καὶ
2596 3015 3015 3088 ἐπιστρέψωμεν
3071 3019 3207 3088 πρὸς
3269 3019 3482 3090 Κύριον
3541 3023 3636 3075 τὸν
3672 3025 3803 3076 Θεέν

528 3131 734 3179 meum,
751 3119 894 3172 sicut
915 3134 1056 3173 onus
1081 3133 1243 3188 grave
1261 3129 1498 3188 gravatae
1519 3130 1646 3172 sunt
1671 3134 1840 3188 super
1858 3135 1944 3173 me
1965 3119 2006 3150 ⁸³
2035 3137 2048 3174 :
2079 3140 2097 3173 ι

525 3208 753 3270 etenim,
795 3227 813 3259 ι
854 3211 1106 3272 Domine,
1141 3211 1184 3264 si
1209 3209 1952 3279 observaverisiniquitates,
1977 3213 2104 3281 quis

526 3299 858 3356 sustinebit?
881 3301 1010 3370 quia
1029 3301 1171 3370 apud
1201 3310 1250 3354 te
1275 3299 1594 3369 propitiatio
1623 3309 1708 3355 est
1730 3301 1795 3354 ³¹.
1834 3320 1852 3352 ι
1891 3302 2103 3374 114⁵1

523 3390 825 3448 Credamus
842 3393 1009 3463 igitur
1022 3393 1251 3463 Deo,qui
1265 3393 2105 3466 urgentibuspeccatis,proprias

523 3483 651 3537 vitae
680 3499 833 3552 spem
872 3484 1193 3552 abjecimus,
1220 3493 1276 3540 et
1299 3493 1686 3540 convertamur
1714 3486 1780 3540 ad
1808 3485 2101 3542 Dominum

523 3570 697 3628 Deum
731 3573 786 3626 in
819 3573 1162 3642 plenitudine
1190 3574 1374 3629 cordis
1407 3576 1604 3635 nostri,
1634 3585 1931 3645 operantes
1957 3577 2100 3631 inte-

521 3661 627 3714 rim
654 3661 945 3730 justitiam,
977 3663 1238 3733 quodque
1265 3669 1519 3733 superest
1549 3663 1674 3717 vita:
1703 3663 1869 3718 istius
1897 3651 2099 3720 nostra}

521 3761 799 3807 vertamus
830 3754 882 3806 in
916 3754 1217 3824 legitimam
1248 3754 1424 3824 ipsius
1459 3755 1784 3809 servitutem
1816 3770 1922 3824 pro
1953 3755 2098 3811 bona

519 3843 639 3912 ejus
673 3847 977 3910 voluntate,
1011 3853 1071 3898 ut
1123 3845 1395 3900 medelam
1445 3855 1673 3900 accuret
1706 3844 2098 3902 oblitterandis

518 3934 718 4002 prioris
767 3936 894 3990 vita:
943 3936 1184 4000 delictis,
1219 3937 1491 4006 nobisque
1516 3938 1777 3990 virtutem
1812 3947 2095 4008 suggerat,

517 4039 627 4092 qua
655 4025 922 4082 adversus
954 4037 1265 4082 commenta
1295 4027 1583 4082 diabolicae
1611 4028 1968 4098 malignitatis
1991 4029 2094 4098 ipsi

517 4115 927 4183 praevaleamus.
981 4117 1457 4190 Terriculamenta
1505 4117 1749 4172 minasve
1793 4120 1914 4188 ejus
1955 4119 2093 4174 nihil

515 4204 744 4258 omnino
775 4214 859 4260 est
891 4207 1036 4276 quod
1070 4207 1378 4262 timeamus.
1416 4208 1700 4262 Emarcuit
1744 4209 1892 4262 enim
1947 4209 2095 4265 illius

515 4294 720 4362 impuri
758 4296 956 4360 virtus,
991 4297 1146 4366 quasi
1189 4298 1345 4352 nervi
1396 4297 1761 4367 praemortui;
1807 4298 1939 4362 Quin
1991 4313 2090 4368 po-

2208 3102 2368 3172 ήμῶν
2398 3102 2458 3168 ἐξ
2507 3105 2633 3175 ὅλης
2681 3109 2782 3176 τῆς
2807 3108 3034 3178 καρδίας
3073 3107 3230 3178 ἡμῶν
3255 3123 3269 3138 ⁸
3303 3110 3396 3162 καὶ
3425 3113 3800 3181 ἐργασώμεθα

2205 3193 2304 3265 τήν
2335 3194 2679 3266 δικαιοσύνην
2707 3198 2806 3260 τὰς
2840 3197 3260 3269 λοιπᾶςήμέρας
3296 3202 3395 3270 τῆς
3436 3202 3591 3272 ζωῆς
3619 3205 3800 3274 ήμῶν,

2209 3289 2304 3342 καὶ
2338 3290 2712 3361 δουλεύσωμεν
2735 3293 2882 3362 αὐτῷ
2902 3295 3076 3364 ὀρθῶς
3103 3296 3245 3348 κατὰ
3277 3298 3337 3349 τὸ
3360 3298 3582 3368 θέλημα
3611 3301 3796 3354 αὐτοῦ·

2207 3382 2302 3434 καὶ
2346 3384 2561 3452 ποιήσει
2612 3386 2756 3438 ἴασιν
2805 3388 2916 3448 τοῖς
2966 3388 3251 3458 προτέροις
3290 3390 3452 3459 ήμῶν
3486 3394 3800 3463 παραπτώ-

2208 3490 2367 3541 μασι.
2399 3475 2509 3527 Καὶ
2544 3475 2745 3544 ἔχομεν
2788 3475 3014 3545 δύναμιν
3053 3478 3145 3531 τοῦ
3196 3482 3644 3551 κατακυριεῦσαι
3689 3485 3800 3537 τῶν

2203 3563 2380 3635 ἔργων
2412 3566 2505 3619 τοῦ
2533 3567 2803 3621 διαϐόλου.
2843 3569 2954 3638 Τὴν
2990 3570 3046 3622 δὲ
3081 3571 3311 3640 ἀπειλὴν
3342 3575 3515 3626 αὐτοῦ
3545 3576 3688 3640 ὅλως
3723 3578 3798 3647 μὴ

2202 3657 2529 3726 φοϐηθῶμεν
2560 3677 2570 3687 ·
2614 3660 2802 3723 ἄτονος
2835 3662 2942 3730 γάρ
2972 3663 3119 3714 ἐστιν
3147 3705 3158 3727 ,
3192 3662 3382 3734 ὥσπερ
3418 3667 3621 3736 νεκροῦ
3677 3670 3798 3720 νεῦ-

2202 3763 2308 3816 ραν
2365 3748 2500 3801 ἀλλὰ
2551 3750 2878 3820 φοϐηθῶμεν
2940 3753 3030 3805 τὸν
3088 3755 3504 3822 παντοδΰναμον
3566 3759 3796 3830 Κύριον,

2200 3836 2419 3900 καὶτὰς
2455 3839 2676 3904 ἐντολὰς
2719 3841 2881 3894 αὑτοῦ
2929 3842 3274 3911 φυλάξωμεν,
3316 3847 3412 3897 καὶ
3443 3847 3712 3917 ζήσωμεν
3742 3854 3799 3905 ἐν

2199 3926 2368 3997 αὐτῷ.
2430 3928 2538 3980 Καὶ
2621 3930 2716 3982 ἐὰν
2778 3931 2919 3984 οὓτω
2969 3932 3107 4001 μετὰ
3159 3935 3483 4003 στεναγμῶν
3555 3940 3649 3992 καὶ
3704 3943 3796 3994 δας

2197 4019 2378 4088 κρύων
2405 4020 2771 4090 ἱκετεύσωμεν
2799 4022 2934 4090 πρὸς
2963 4023 3309 4092 αὐτδν,λέξει
3341 4029 3436 4079 καὶ
3466 4029 3609 4100 προς
3642 4034 3794 4103 ἡμᾶς

2196 4110 2284 4163 διὰ
2323 4109 2583 4182 Ἰεζεκιὴλ
2633 4111 2726 4166 τοῦ
2785 4115 3067 4184 προφήτου
3094 4133 3107 4147 ’
3146 4134 3165 4168 ι
3202 4118 3288 4170 Ζῶ
3320 4118 3454 4186 ἐγὼ,
3483 4121 3640 4190 λέγει
3675 4126 3795 4178 K22—

2200 4218 2332 4274 ριος,
2368 4205 2429 4255 οὐ
2455 4203 2716 4274 βούλομαι
2750 4205 2842 4258 τὸν
2869 4205 3103 4261 θάνατον
3132 4209 3226 4262 τοῦ
3254 4211 3712 4281 ἀμαρτωλοῦ,ὡς
3734 4221 3793 4271 τὸ

2195 4294 2520 4365 ἐπιστρέψαι
2560 4297 2653 4350 καὶ
2711 4296 2808 4367 ζῇν
2833 4299 3014 4354 αὐτόν.
3055 4319 3074 4352 ›
3109 4303 3220 4355 Καὶ
3246 4299 3426 4369 αὖθις,
3468 4325 3488 4357 ι
3537 4308 3629 4361 Ἐν
3725 4311 3792 4363 ἂν

514 4387 626 4441 tius
651 4389 1085 4458 omnipotentem
1111 4390 1399 4444 Dominum
1425 4406 1800 4453 revereamur,
1826 4391 1976 4445 illius
1995 4391 2092 4445 ob-

2207 4387 2379 4458 ήμὲρᾳ
2431 4389 2733 4460 ἐπιστρέψῃ
2769 4393 2796 4442 ὁ
2842 4391 3044 4460 ἄνομος
3070 4393 3134 4444 ἐκ
3168 4397 3358 4449 πασῶν
3389 4397 3498 4450 τῶν
3541 4374 3790 4470 aven..qu

513 4493 800 4534 servemus
823 4480 1100 4545 mandata,
1127 4491 1294 4550 atque
1325 4481 1380 4535 in
1418 4481 1524 4536 hoc
1550 4481 1723 4536 vitam
1747 4482 2087 4550 cxpleamus.

512 4567 566 4623 Si
599 4570 666 4624 ad
696 4586 821 4624 eum
857 4572 1080 4626 modum
1113 4588 1238 4627 cum
1274 4573 1481 4642 gemitu
1513 4589 1576 4626 ac
1613 4573 1871 4643 lacrymis
1896 4573 2084 4642 ipsum

511 4659 790 4730 supplices
844 4661 1102 4715 obtestati
1151 4662 1442 4723 fuerimus,
1491 4661 1686 4731 utique
1731 4661 2089 4730 respondebit

511 4751 658 4821 quod
713 4768 812 4822 per
867 4754 1216 4808 Ezeclnelem
1283 4753 1612 4822 prophetam
1658 4753 1842 4806 dixit:
1891 4771 1909 4804 ι
1949 4755 2086 4810 Vivo

509 4859 631 4914 ego,
665 4844 799 4898 dicit
833 4845 1122 4909 Dominus,
1157 4847 1284 4913 quia
1311 4845 1439 4899 nolo
1480 4853 1715 4898 mortem
1746 4846 2079 4913 peccatoris,

509 4937 682 5007 magis
731 4947 917 4991 autem
955 4945 1015 4990 ut
1067 4944 1426 4991 convertatur
1464 4945 1522 4990 et
1561 4936 1710 4990 vivat
1746 4936 1813 4989 ³³.
1862 4955 1880 4988 ι
1927 4937 2081 4991 Rur-

508 5044 603 5085 sus
641 5047 654 5082 :
701 5048 720 5081 ¢
761 5029 821 5084 In
874 5046 1206 5100 quacunque
1253 5029 1343 5085 die
1404 5045 1705 5084 conversus
1755 5028 1925 5089 fuerit
1977 5028 2083 5082 ini-

510 5137 654 5191 quus
717 5121 786 5175 ab
847 5122 1107 5176 omnibus
1167 5122 1556 5192 iniquitatibus
1615 5121 1750 5181 suis.
1775 5131 1831 5175 et
1883 5119 2084 5175 fecerit

507 5211 795 5282 justitiam,
829 5229 937 5266 non
997 5221 1162 5268 erunt
1226 5215 1370 5268 ultra
1434 5215 1486 5267 in
1535 5212 1798 5268 memoria
1858 5224 2082 5280 peccata

506 5303 656 5359 illius
685 5304 749 5358 ³⁵.
803 5325 821 5356 ›
875 5305 1204 5359 Desiderat:
1249 5307 1516 5360 Dominus
1560 5321 1892 5375 magnopere
1932 5305 2083 5358 salu-

506 5399 616 5450 tem
679 5404 923 5450 nostram
968 5397 1031 5450 τε.
1084 5417 1102 5449 ›
1157 5397 1302 5453 Dixit
1359 5399 1508 5453 enim
1567 5397 1855 5467 discipulis
1909 5397 2022 5450 suis
2067 5414 2080 5448 :

577 5534 625 5564 "
651 5532 820 5586 Eccli.
854 5549 941 5593 xx,
975 5535 1024 5587 ί.
1102 5535 1146 5566 ¹⁶
1176 5536 1344 5590 Eccli.
1409 5553 1519 5594 κει.
1554 5538 1602 5589 l.

486 5587 618 5639 99-“
645 5601 787 5654 Psal.
823 5587 1021 5666 xxxvii,
1059 5606 1108 5667 l,

516 5689 569 5738 ll,
603 5670 660 5728 4ο

1309 5607 1349 5636 ³³
1386 5608 1524 5659 Psal.
1558 5621 1737 5670 cum,
1775 5607 1826 5669 5,
1865 5607 1916 5659 4.

1681 5535 1726 5566 ’⁷
1778 5534 1912 5588 ibid.
1991 5532 2037 5564 "
2079 5534 2239 5587 Prov.
2296 5549 2402 5598 xxv,
2437 5535 2523 5589 16.

2033 5605 2078 5635 ³³
2110 5604 2309 5687 Eae_cli.
2354 5620 2502 5670 xvm,
2530 5608 2622 5659 25.

2189 4477 2380 4540 αὐτοῦ,
2418 4479 2512 4530 καὶ
2563 4481 2781 4549 ποιήσει
2815 4481 3186 4553 δικαιοσύνην,
3217 4486 3278 4538 οὐ
3314 4489 3388 4557 μὴ
3440 4491 3674 4560 μνησθῶ
3707 4493 3789 4545 ἔτι

2185 4568 2254 4621 τὰ
2309 4570 2688 4640 ἁμαρτήματα
2735 4572 2921 4626 αὑτοῦ.
2970 4593 2989 4626 ι
3028 4605 3097 4616 --
3129 4593 3148 4625 ι
3187 4578 3367 4631 Πολλὰ
3401 4580 3512 4650 γὰρ
3566 4585 3733 4638 ποθεῖ
3759 4587 3787 4636 ὀ

2185 4659 2392 4732 Κύριος
2418 4663 2515 4732 τὴν
2539 4664 2694 4732 ὴμῶν
2720 4667 3017 4735 σωτηρίαν.
3049 4688 3068 4719 ι
3103 4671 3274 4740 Φησὶ-ι
3303 4671 3410 4741 γὰρ
3442 4677 3558 4737 τοῖς
3582 4677 3785 4729 ἑαυτοῦ

2189 4755 2478 4824 μαθηταῖς,
2517 4774 2535 4806 ι
2560 4757 2764 4822 Λέγετε
2789 4758 2994 4821 αὐτοῖς,
3013 4761 3381 4814 Μετανοεῖτε·
3412 4765 3650 4835 ήγγικεν
3673 4770 3786 4840 γὰρ

2195 4846 2228 4916 ή
2263 4845 2506 4912 βασιλεία
2533 4847 2640 4898 τῶν
2673 4847 2940 4917 οὐρανῶν.
2984 4870 3001 4902 ι
3043 4851 3144 4905 Διὰ
3194 4855 3352 4907 τοῦτο
3404 4858 3512 4925 γὰρ
3556 4860 3786 4912 καταλι-

2190 4937 2308 4990 πὼν
2330 4939 2396 4990 τὰ
2427 4939 2780 5009 ἐννενήκοντα
2804 4942 2959 4996 ἐννέα
2990 4945 3240 5013 πρόϐατα
3269 4949 3328 4999 ἐν
3355 4947 3432 5017 τῷ
3462 4948 3580 5019 ὄρει
3604 4952 3631 5004 ὁ
3665 4970 3781 5006 rae-.-

2194 5029 2355 5100 μὴνὸ
2393 5030 2576 5093 καλὸς,
2631 5033 2917 5102 πορεύεται
2979 5035 3158 5105 ζητῶν
3211 5040 3272 5091 τὸ
3327 5041 3648 5105 ἀπολωλὸς,
3685 5047 3780 5098 καὶ

2183 5119 2358 5190 εὑρὼν
2388 5120 2640 5189 βαστάζει
2691 5125 2783 5176 ἐπὶ
2814 5126 2943 5190 τοὺς
2971 5124 3157 5195 ῶμους
3188 5130 3354 5182 αὐτοῦ
3410 5132 3642 5202 χαίρων,
3679 5137 3777 5186 καὶ

2185 5212 2448 5280 συγκαλεῖ
2504 5215 2601 5276 τὰς
2653 5216 2766 5269 ἄνω
2819 5217 3098 5288 δυνάμεις,
3127 5223 3337 5292 χαίρων
3407 5225 3502 5277 καὶ
3574 5227 3774 5293 λέγων,

2188 5323 2206 5356 ι
2243 5305 2566 5377 Συγχάρηθη
2585 5305 2690 5380 [τέ]
2733 5326 2842 5379 μοι,
2874 5311 2956 5363 ὅτι
2980 5304 3138 5382 εὖρον
3167 5313 3228 5366 τὸ
3265 5313 3571 5378 ἀπολωλός.
3615 5335 3632 5367 ι
3668 5319 3776 5370 Καὶ

2183 5398 2403 5462 ἐπάγει,
2440 5416 2458 5450 ι
2505 5398 2664 5467 Λέγω
2697 5399 2826 5468 ὑμῖν
2873 5401 2953 5454 ὅτι
2996 5401 3168 5467 οὕτως
3229 5403 3376 5473 χαρὰ
3404 5404 3564 5458 ἔσται
3607 5407 3668 5457 ἐν
3699 5408 3773 5473 τῷ

2631 5537 2676 5568 ¹⁹
2708 5536 2808 5592 Job
2870 5555 3016 5600 xm,
3050 5541 3142 5600 53,
3177 5540 3266 5595 ⁸54.
3345 5541 3392 5572 ³ο
3425 5541 3548 5596 Art.
3575 5559 3650 5604 in,
3687 5545 3764 5595 l9.

2738 5608 2780 5639 "’
2811 5609 3002 5663 Ezech.
3039 5626 3227 5672 xxxxzi,
3261 5605 3442 5662 H-lG.
3490 5607 3534 5636 ⁵³
3577 5607 3592 5660 l
3627 5613 3766 5667 Tim.
