3916 6304
184 327 328 391 12ϋῦ

1127 325 1450 386 HOMILIA
1485 327 1892 388 LXXVIII.--
1923 328 2020 387 DE
2058 329 2477 392 PATIENTIA.

3287 332 3426 396 160‘.

173 433 398 507 οὐρανῷ
441 434 534 486 ἐπὶ
579 433 654 486 ἑνὶ
687 431 996 504 ἁμαρτωλῷ
1040 433 1388 502 μετανοοῦντι
1418 433 1450 502 ἢ
1483 435 1574 486 ἐπὶ
1602 437 1750 487 ἐννε-

1861 452 1880 486 ‹
1915 435 2088 490 Dicite
2137 437 2260 493 eis:
2295 437 2684 493 Paenitentiam
2742 440 2908 511 agite,
2965 439 3430 511 appropinquavit

175 533 415 594 νήκοντα
465 525 621 578 ἐννέα
671 523 920 586 δικαίοις,
953 523 1149 587 οἵτινες
1207 526 1268 577 οὐ
1329 525 1516 594 χρείαν
1559 525 1745 595 ἔχουσι

175 617 548 690 μετανοίας..)
581 613 736 684 Αὐτῷ
772 615 804 683 ἡ
841 613 967 678 δόξα
998 616 1076 676 είς
1111 613 1235 676 τοὺς
1289 614 1512 676 αἰῶνας.
1553 615 1744 685 Ἀμήν.

1854 525 2004 600 enim
2057 543 2286 598 regnum
2339 529 2605 583 caelorum
2636 529 2702 583 ⁸⁸.
2740 550 2757 582 ι
2795 529 2877 585 Ob
2915 531 3020 585 hoc
3051 532 3197 585 enim
3251 533 3430 588 bonus

1855 616 1946 671 hic
2009 627 2219 686 pastor,
2254 619 2462 672 relictis
2521 620 2818 690 nonaginta
2871 636 3069 674 novem
3111 622 3329 686 ovibus,
3373 624 3427 676 in

174 716 370 762 monte
403 705 691 760 erraticam
723 705 870 758 illam
899 703 994 757 ubi
1019 703 1249 763 invenit.
1288 703 1602 774 impositam
1634 703 1879 759 humeris
1937 706 2108 761 refert
2159 707 2226 761 ad
2283 709 2496 761 caulam
2516 709 2780 777 gaudens.
2832 709 3112 764 Convocat
3165 710 3429 765 sublimes

174 797 305 851 illas
362 797 634 859 virtutes,
691 795 881 848 dicens

943 811 955 847 :
1013 811 1032 844 ι
1074 792 1546 864 Congratulamini
1609 794 1742 848 mihi
1776 796 1906 865 quia
1962 796 2144 850 inveni
2199 790 2471 867 perditam
2529 799 2677 852 illam
2739 798 3013 852 oviculam
3063 799 3126 854 ³⁷.
3166 819 3184 851 ›
3223 800 3291 853 Et
3345 800 3429 852 in-

174 889 382 944 ducit:
423 907 442 940 ι
477 889 610 944 Dico
669 888 849 952 vobis,
881 888 1011 957 quia
1067 888 1148 942 sic
1199 888 1308 942 erit
1363 888 1627 959 gaudium
1688 889 1744 943 in
1815 891 1956 946 ccelo
2028 907 2195 961 super
2267 909 2377 947 uno
2455 902 2744 963 peccatore
2813 893 3192 964 paenitentiam
3236 905 3428 964 agente

176 978 355 1050 magis
387 993 551 1048 quam
601 994 768 1049 super
820 977 1116 1048 nonaginta
1165 992 1366 1033 novem
1418 979 1582 1050 justis
1629 981 1748 1080 'qui
1781 995 1891 1036 non
1938 981 2185 1054 indigent
2213 983 2625 1053 paenitentia”.
2657 1003 2676 1036 ι
2718 985 2826 1054 1ρεί
2881 985 3055 1054 gloria
3099 985 3154 1038 in
3207 985 3430 1040 saecula.

173 1071 377 1128 Amen.

786 1189 1003 1243 ΛΟΓΟΣ
1043 1191 1169 1244 OH‘.

708 1302 850 1370 Περὶ
881 1300 1218 1371 ὑπομονῆς.

149 1419 160 1426 ’
263 1404 451 1483 Ὀλίγα
491 1413 612 1467 τινὰ
653 1415 784 1483 περὶ
827 1413 1117 1484 μετανοίας
1164 1414 1296 1484 ἡμῖν
1337 1411 1758 1484 πρώιαλεχθὲν.

174 1524 296 1575 τες,
330 1509 571 1572 εἴπωμεν
597 1504 735 1558 Θεοῦ
776 1504 1168 1576 συνεργοῦντος
1192 1505 1287 1557 καὶ
1323 1508 1450 1576 περὶ
1478 1506 1758 1576 ὑπομονῆς

174 1601 282 1668 τῆς
317 1596 594 1666 σωζούσης
633 1596 724 1648 τὸν
778 1595 1064 1667 ἄνθρωπον
1089 1610 1105 1625 ⁸
1137 1597 1237 1648 ὅσα
1263 1588 1485 1666 ἣαύτοῦ
1529 1599 1758 1666 παρέχει

2337 1187 2620 1243 llOMlLlA
2659 1144 2973 1244 Lxxvm.

2430 1300 2508 1354 De
2542 1303 2830 1371 patientia.

1924 1410 1996 1467 Et
2029 1409 2248 1481 quidem
2297 1407 2365 1464 de
2406 1410 2735 1478 pmnitentia
2771 1427 2894 1466 cum
2931 1427 3207 1497 perpauca
3251 1414 3428 1471 disse‘

1857 1504 2134 1558 rucrimus
2178 1501 2335 1556 vobis
2367 1501 2550 1570 priore
2575 1516 2848 1568 sermone,
2875 1515 3148 1573 superest,
3187 1507 3300 1561 Deo
3330 1523 3426 1563 co-

1856 1605 2149 1665 operante,
2180 1596 2436 1650 nonnihil
2492 1604 2553 1674 ut
2598 1595 2844 1651 dicamus
2874 1597 2940 1650 de
2976 1598 3262 1667 patientia,
3304 1615 3428 1669 quae

180 1684 589 1756 φιλανθρωπία.
630 1683 840 1754 Χρῄζει
890 1682 1000 1754 γὰρ
1042 1684 1075 1754 ή
1129 1683 1386 1754 μετάνοια
1415 1685 1515 1754 τῆς
1555 1685 1754 1752 ὑπομο-

1858 1700 1988 1740 sane
2023 1686 2302 1758 hominem
2336 1696 2488 1742 recta
2545 1687 2798 1756 provehit
2843 1687 2912 1740 ad
2955 1688 3149 1741 salutis
3179 1700 3423 1758 portum.

178 1779 303 1846 νῆς,
342 1778 435 1830 καὶ¹
469 1776 636 1846 χωρὶς
679 1775 852 1854 αὐτῆς
893 1774 1248 1844 τελειωθῆναι
1279 1776 1340 1828 ού
1365 1775 1610 1829 δύναται.
1643 1777 1756 1828 Μο-

178 1871 445 1939 νὸπτερος
474 1867 581 1937 γὰρ
611 1867 766 1929 ἀετὸς
793 1867 852 1918 ού
892 1866 1114 1922 δύναται
1143 1870 1221 1930 εἰς
1248 1866 1383 1937 ὕψος
1416 1869 1718 1938 ἀναπτῆναι
1737 1883 1751 1899 ο

1853 1777 1930 1831 Ea
1962 1778 2152 1846 utique
2174 1777 2444 1841 dicemus,
2472 1793 2816 1848 quaecunque
2846 1780 3018 1848 ipsius
3048 1781 3265 1834 Domini
3297 1798 3428 1854 sug-

1852 1876 2006 1938 geret
2037 1868 2366 1937 benignitas.
2391 1869 2719 1923 Paanitentia
2739 1870 2895 1946 enim
2920 1869 3101 1940 indiga
3129 1871 3426 1927 admodum

179 1963 280 2016 md.
320 1959 568 2029 ὑπομονὴ
615 1958 810 2011 τελεεοῖ
839 1957 941 2028 τὴν
981 1959 1290 2028 μετάνοιαν,
1341 1961 1432 2012 καὶ
1492 1977 1754 2030 στεφανη-

1860 1969 1945 2013 cst
1981 1960 2283 2029 patientiae,
2319 1960 2457 2014 citra
2519 1961 2678 2030 cujus
2721 1973 2946 2028 Operam
2993 1962 3182 2030 perlici
3217 1965 3426 2032 ‘neuti-

179 2053 461 2122 ςοροῦσαν
506 2049 673 2119 αὐτὴν
725 2048 1119 2102 ἀναδείκνυσιν.
1171 2049 1246 2102 Ού
1299 2053 1456 2120 μονον
1505 2051 1563 2102 δέ
1609 2052 1754 2104 ἐστιν

180 2145 454 2215 χρήσιμος
499 2143 532 2210 ἡ
583 2139 830 2211 ὑπομονὴ
869 2141 949 2202 είς
979 2140 1078 2211 τὴν
1113 2141 1212 2210 τῆς
1246 2143 1534 2210 μετανοίας
1562 2145 1752 2214 συνέρ-

178 2252 359 2303 γειαν,
393 2233 506 2286 ἀλλ’
535 2233 643 2285 οὐδ’
661 2232 798 2294 ὅλως
839 2232 1037 2302 ἀρετὴν
1068 2231 1100 2302 ἣ
1137 2232 1356 2302 ἐντολὴν
1417 2233 1551 2285 Θεοῦ
1595 2234 1754 2286 δυνά-

182 2327 329 2400 μεθα
360 2326 525 2396 χωρὶς
582 2325 754 2394 αὑτῆς
793 2323 1163 2393 κατορθῶσαι.
1201 2325 1272 2376 Τὸ
1324 2325 1620 2392 κεφάλαιον
1657 2321 1752 2379 οῦν

180 2419 294 2470 τῶν
323 2419 379 2468 ὲν
406 2419 536 2486 ἡμῖν
566 2413 800 2482 ’ἀγαθῶν
833 2415 874 2484 ὴ.
893 2414 1136 2483 ὑπομονὴ
1176 2415 1455 2484 τυγχάνει.
1490 2415 1600 2467 Καὶ
1648 2416 1753 2487 χρὴ

181 2511 369 2560 πάντα
416 2505 720 2577 πειρασμὸν
754 2504 851 2557 καὶ
910 2503 1088 2572 θλίψιν
1153 2504 1272 2575 μεθ’
1330 2507 1606 2576 ὑπομονῆς
1658 2507 1753 2559 καὶ

183 2599 538 2670 εὐχαριστίας
593 2595 1013 2667 προσδέξασθαι,
1040 2596 1188 2656 ὅπως
1234 2595 1634 2666 καταλάϐωμεν
1655 2599 1752 2665 τὴν

180 2691 290 2758 γῆν
319 2688 417 2757 τῆς
451 2683 803 2752 ἐπαγγελίας.
832 2683 1008 2736 Καλὸν
1032 2683 1088 2736 δὲ
1116 2684 1177 2735 τὸ
1210 2684 1282 2753 μὴ
1314 2683 1660 2752 μεταϐαίνειν
1689 2686 1754 2738 ὲκ

181 2781 352 2836 τόπον
375 2779 453 2840 είς
471 2779 650 2830 τόπον,
667 2775 936 2836 Ἕκαστος
965 2777 1071 2844 γὰρ
1103 2777 1160 2826 ὲν
1185 2768 1228 2841 ᾧ
1255 2773 1481 2844 ἐκλήθη,
1502 2777 1559 2828 ὲν
1578 2774 1754 2844 τούτῳ

187 2872 418 2943 μενέτω.
450 2868 515 2920 Ἠ
541 2863 795 2936 ὑπομονὴ·
817 2867 975 2919 πόνον
999 2865 1325 2928 ἐκδιδάσκει,
1353 2865 1590 2926 καὶτοὺς
1626 2863 1756 2930 ἔξω·

183 2961 280 3015 θεν
305 2957 646 3029 πειρασμοὺς
675 2956 813 3010 κατὰ
847 2956 942 3026 τῆς
964 2956 1293 3025 ἐγκρατείας
1338 2954 1623 3024 καρτερῶς
1655 2954 1752 3023 φέ-

188 3071 296 3126 ρει.
333 3054 429 3105 Ὃν
456 3051 657 3120 τρόπον
679 3049 808 3118 γὰρ,
838 3048 911 3119 μὴ
938 3047 1264 3118 θερμανθε“ις
1297 3047 1430 3118 μηδὲ
1459 3046 1753 3118 μαλαχθεὶς

182 3149 215 3200 ὁ
231 3143 400 3214 κηρὸς
434 3139 526 3194 ἐπὶ
562 3140 722 3201 πολὺ,
753 3141 814 3192 ού
831 3139 1055 3193 δύναται
1076 3139 1174 3210 τὴν
1196 3139 1580 3210 ἐπιτιθεμένην
1605 3139 1753 3210 αὐτῷ

187 3233 463 3306 σφραγῖδα
506 3230 796 3294 δέξασθαιο
826 3226 1000 3292 οὕτως
1046 3230 1169 3282 οὐδὲ
1217 3228 1503 3299 ἄνθρωπος
1547 3231 1644 3284 ἐὰν
1676 3231 1751 3302 μὴ

184 3298 284 3379 διά
325 3298 501 3378 πόνων
549 3323 643 3377 καὶ
694 3321 991 3376 ἀσθενειῶν
1041 3298 1368 3392 δοκιμασθῇ,
1416 3324 1479 3375 ού
1530 3298 1822 3375 δύναταιο

185 3417 434 3488 χωρῆσαι
470 3416 562 3486 τῆς
620 3415 820 3484 ἀρετῆς
867 3413 962 3464 τοῦ
1007 3411 1142 3464 Θεοῦ
1192 3411 1288 3482 τὴν
1336 3412 1626 3480 σφραγῖδα.
1656 3411 1756 3464 Διὰ

186 3508 346 3562 τοῦτο
374 3509 402 3560 ὁ
430 3506 636 3575 Κύριος
693 3504 844 3571 ἔλεγε
900 3501 976 3572 τῷ
1030 3501 1226 3571 Παύλῳ
1251 3517 1264 3529 ·
1307 3521 1326 3553 ι
1363 3501 1548 3571 Ἀρκεῖ
1599 3519 1681 3554 σοι
1721 3503 1754 3572 ὴ

188 3600 348 3670 χάρις
383 3614 505 3665 μου,
551 3595 617 3646 Ἦ
645 3595 752 3664 γὰρ
776 3592 1002 3662 δύναμίς
1037 3608 1139 3664 μου
1165 3594 1223 3644 ὲν
1239 3590 1492 3663 ἀσθενείᾳ
1511 3591 1756 3674 τελειοῦ-

185 3707 300 3744 ται.
327 3707 346 3739 ›
386 3690 512 3741 ’Ότε
542 3687 750 3754 ἀφῆκεν
782 3687 810 3737 ὁ
838 3684 1078 3754 διάϐολος
1111 3683 1204 3736 τὸν
1237 3683 1463 3753 Κύριον,
1494 3685 1614 3736 τότε
1656 3678 1757 3755 ἦλ-

190 3779 284 3831 θον
309 3779 357 3830 οἱ
387 3776 625 3844 ἄγγελοι,
656 3775 752 3828 καὶ
783 3775 1064 3844 διηκόνουν
1110 3772 1277 3842 αύτῷ.
1309 3773 1520 3844 Ὥσπερ
1556 3770 1650 3828 οῦν
1697 3777 1755 3828 ὲν

187 3868 268 3939 τῷ
295 3864 652 3938 πειράζεσθαι
676 3864 839 3919 αὑτὸν
866 3865 926 3916 ού
959 3864 1210 3934 παρῆσαν
1233 3864 1282 3915 οἱ
1311 3864 1554 3932 ἄγγελοι,
1585 3865 1756 3929 οὕτως

188 3958 284 4013 καὶ
312 3956 469 4028 ἡμῶν
497 3953 909 4025 πειραζομένων
939 3951 1116 4022 καιρῷ
1155 3971 1261 4006 τινι
1288 3953 1664 4024 ὑποχωροῦσιν
1691 3958 1753 4009 οὐ

192 4048 413 4120 μακράν
445 4049 494 4101 οι
535 4047 628 4099 τοῦ
659 4045 794 4098 Θεοῦ
829 4044 1071 4112 ἄγγελοι,
1103 4045 1198 4098 καὶ
1244 4046 1380 4116 μετὰ
1409 4047 1506 4116 τὴν
1535 4047 1752 4116 ἀναχώ-

189 4155 349 4211 ρησιν
397 4137 505 4189 τῶν
558 4134 948 4207 πειραζόντων,
990 4134 1240 4204 ἔρχονται
1297 4136 1433 4206 πρὸς
1461 4137 1607 4206 ἡμᾶς
1635 4136 1753 4190 δια-

185 4228 468 4290 κονοῦντες
496 4226 616 4278 θεῖα
646 4228 916 4294 νοήματα,
948 4225 1250 4293 φωτισμὸν,
1284 4226 1595 4292 κατάνυξιν,
1625 4227 1751 4295 γλυ-

185 4320 420 4390 κασμὸν,
451 4318 546 4370 καὶ
574 4317 851 4386 ὑπομονήν
869 4331 885 4347 ο
912 4319 1004 4369 καὶ
1030 4316 1212 4370 λοιπὸν
1254 4317 1552 4371 άνακτᾶται
1585 4319 1749 4389 ψυχὴ,

1858 2065 2020 2119 quam
2072 2050 2267 2118 possit.
2300 2051 2489 2122 Neque
2534 2049 2682 2102 enim
2719 2049 2904 2118 aquila
2934 2050 3135 2105 unialis
3164 2051 3209 2104 si
3245 2061 3331 2106 est
3370 2060 3428 2107 et

1857 2141 2184 2194 alterutrius
2209 2141 2474 2194 destituta
2513 2140 2790 2208 przesidio,
2819 2149 2988 2208 queat
3016 2157 3255 2209 unquam
3297 2143 3428 2197 sub-

1857 2235 2043 2287 volare
2081 2241 2138 2287 ct
2169 2233 2225 2286 in
2270 2233 2506 2286 sublime
2555 2231 2788 2286 sustolli.
2823 2231 3096 2285 Patientia
3148 2234 3424 2301 paeniten-

1857 2323 1989 2377 tiam
2021 2323 2260 2392 perficit,
2297 2333 2353 2377 et
2388 2337 2507 2376 eam
2533 2322 2685 2375 velut
2736 2321 2917 2374 indice
2957 2331 3198 2376 ostentat
3233 2324 3424 2393 praesi-

1856 2413 1945 2485 gni
1981 2429 2186 2468 corona
2231 2413 2566 2467 redimitam.
2589 2411 2701 2466 Nec
2732 2428 2799 2465 eo
2824 2411 3007 2465 solum
3061 2413 3425 2467 conducibilis

1855 2504 2021 2558 nobis
2053 2503 2330 2558 censenda
2375 2512 2458 2558 est
2506 2503 2791 2572 patientia,
2816 2503 2964 2572 quod
3007 2502 3301 2557 eﬂicaciter
3329 2520 3424 2558 co-

1856 2604 2122 2664 operetur
2163 2593 2516 2664 perﬁciunda:
2566 2595 2928 2663 poenitentiae,
2960 2593 3052 2646 sed
3089 2595 3234 2663 quod
3275 2595 3426 2649 nulla

1856 2700 2113 2757 prorsum
2145 2685 2346 2747 virtus,
2382 2685 2664 2738 nullumve
2697 2685 2794 2739 Dci
2831 2685 3144 2738 mandatum
3188 2687 3292 2738 nisi
3326 2687 3426 2741 hac

1857 2777 2079 2838 comite,
2120 2776 2364 2845 legitime
2413 2773 2604 2844 perlici
2647 2785 2835 2842 queat.
2870 2773 3144 2828 Bonorum
3171 2775 3426 2845 igitur(si

1856 2883 1965 2938 qua
2019 2867 2073 2921 in
2119 2868 2284 2922 nobis
2332 2865 2483 2936 sunt)
2536 2865 2704 2921 cardo
2739 2876 2796 2921 et
2826 2876 2987 2935 caput
3021 2867 3285 2935 patientia
3319 2877 3422 2923 cst.

1853 2958 2081 3015 Omnem
2114 2959 2348 3028 proinde
2403 2958 2785 3023 tentationem,
2823 2958 3174 3013 aﬂlictionem
3205 2975 3424 3013 omnem

1855 3064 2081 3104 necesse
2128 3049 2198 3103 sit
2245 3056 2304 3102 ut
2348 3049 2713 3117 suscipiamus
2741 3063 2864 3102 cum
2907 3047 3167 3117 patientia
3202 3058 3256 3102 et
3291 3065 3420 3119 gra-

1856 3141 2055 3193 tiarum
2084 3139 2323 3200 actione,
2359 3154 2469 3208 quo
2511 3139 2593 3192 vel
2624 3138 2840 3192 tandem
2876 3140 3093 3209 assequi
3131 3143 3291 3195 detur
3318 3149 3430 3195 ter-

1855 3245 1972 3284 ram
2011 3230 2159 3284 illam
2202 3229 2604 3299 promissionis.
2643 3229 2880 3301 ’1148
2933 3230 3223 3300 Egregium
3266 3232 3428 3301 plane

1859 3320 1950 3386 sit,
1981 3335 2092 3374 non
2126 3321 2287 3375 facile
2324 3321 2490 3390 (plani
2522 3322 2577 3375 in
2610 3337 2817 3374 morem
2864 3337 2928 3376 ac
2979 3323 3122 3390 vagi)
3162 3339 3192 3376 e
3221 3323 3342 3378 loco
3371 3323 3428 3378 in

1857 3406 2040 3464 locum
2065 3412 2270 3466 diduci.
2311 3412 2698 3482 Unusquisque
2736 3413 2883 3468 enim
2939 3413 2993 3467 in
3023 3414 3169 3482 quod
3198 3425 3430 3470 vocatus

1857 3502 1965 3566 est,
1998 3502 2052 3556 in
2099 3518 2166 3557 eo
2204 3512 2260 3557 et
2292 3513 2530 3557 maneat.
2562 3504 2830 3559 Patientia
2881 3505 3055 3559 solum
3085 3505 3190 3560 hoc
3219 3514 3268 3560 te
3299 3506 3430 3560 edo-

1857 3598 1966 3654 cet,
1994 3606 2092 3660 per
2125 3591 2514 3646 abstinentiam
2553 3592 2786 3646 infracto
2819 3602 2880 3647 ut
2909 3593 3051 3648 feras
3091 3593 3274 3647 animo
3303 3603 3426 3646 ten-

1860 3681 2095 3736 tationes
2135 3697 2257 3750 qua:
2302 3681 2558 3736 alicunde
2607 3685 2950 3736 extrinsecus
2981 3691 3034 3738 te
3079 3682 3425 3740 adoriuntur.

1859 3770 2332 3836 Quemadmodum
2358 3772 2504 3826 enim
2535 3787 2659 3826 cera
2694 3782 2750 3826 ut
2782 3773 3104 3841 plurimum,
3131 3775 3235 3829 nisi
3269 3793 3425 3831 reca-

1857 3862 2030 3916 lescat
2062 3873 2156 3916 aut
2186 3863 2602 3932 praemolliatur,
2631 3879 2741 3918 non
2792 3863 2952 3917 facile
3010 3865 3064 3917 in
3111 3881 3168 3918 se
3228 3867 3427 3935 recipit

1858 3954 2022 4026 sigilli
2060 3954 2514 4022 impressionem;
2556 3954 2630 4008 ita
2675 3962 2731 4008 et
2775 3954 2960 4020 homo,
3014 3956 3120 4008 nisi
3174 3957 3425 4012 laborum

1857 4061 1921 4101 ac
1951 4046 2280 4101 multivarite
2315 4046 2652 4100 infirmitatis
2679 4045 2944 4116 probetur
2976 4047 3262 4113 exercitio,
3295 4064 3430 4104 neu-

1860 4136 2066 4206 tiquam
2099 4137 2244 4192 sinet
2276 4137 2529 4207 insigniri
2573 4153 2632 4192 se
2675 4137 2956 4206 signaculo
2987 4136 3187 4192 divina:
3213 4139 3421 4207 gratia’.

1856 4229 1939 4284 Ob
1985 4229 2091 4283 hoc
2138 4229 2308 4282 Paulo
2361 4229 2648 4298 respondit
2691 4228 2996 4282 Dominus:
3037 4248 3054 4280 ι
3080 4228 3289 4283 Sullicit
3325 4231 3422 4284 tibi

1855 4319 2029 4390 gratia
2068 4333 2210 4384 mea,
2239 4319 2416 4373 virtus
2466 4319 2612 4372 enim
2648 4334 2765 4373 mea
2799 4319 2854 4372 in
2905 4320 3224 4374 inﬁrmitate
3256 4322 3422 4390 perﬁ-

184 4410 262 4472 ὼς
292 4408 621 4461 κοπιάσασα.
652 4408 750 4459 Διὰ
778 4405 940 4459 τοῦτο
963 4407 1057 4458 καὶ
1077 4407 1107 4458 ὁ
1149 4407 1380 4470 Ἡσαΐας
1408 4407 1556 4476 λέγει
1579 4424 1590 4438 ·
1632 4426 1650 4460 ι
1689 4410 1753 4461 Οῑ

1858 4413 2004 4467 citur
2026 4412 2092 4466 ".
2115 4430 2133 4462 ›
2171 4411 2401 4476 Quando
2431 4411 2724 4465 Dominum
2755 4412 2960 4466 dimisit
2992 4413 3264 4476 diabolus,
3295 4421 3426 4468 tunc

188 4500 548 4568 ὑπομένοντες
571 4498 662 4551 τὸν
688 4498 840 4563 Θεὸν,
874 4495 1190 4561 άλλάξουσιν
1227 4496 1379 4567 ἰσχύν
1401 4515 1414 4530 ·
1445 4499 1754 4568 πτεροφυή-

1858 4511 2126 4557 venerunt
2165 4503 2365 4572 angeli,
2391 4510 2447 4556 et
2477 4503 2866 4558 ministrabant
2889 4503 3020 4557 ei“.
3055 4503 3420 4570 Quemadmo-

191 4609 373 4644 σουσιν
401 4592 474 4652 ὡς
524 4591 704 4644 ἁετοί’
753 4589 1107 4659 δραμοῦνται,
1139 4588 1235 4642 καὶ
1292 4589 1354 4642 ού
1406 4589 1749 4643 κοπιάσουσιο

1858 4592 1989 4646 dum
2020 4591 2187 4662 igitur
2209 4591 2340 4646 dum
2371 4599 2698 4652 tentaretur.
2738 4608 2848 4646 non
2895 4594 3154 4662 leguntur
3200 4593 3424 4648 aﬂ'uisse

190 4679 519 4750 βαδιοῦνται,
556 4681 649 4732 καὶ
679 4681 738 4732 οὐ
775 4679 1140 4732 πεινάσουσιν.
1173 4699 1190 4731 ι
1230 4679 1429 4744 Καθὼς
1461 4697 1624 4750 φησιν
1661 4682 1754 4736 καὶ

1858 4682 2060 4753 angeli,
2092 4683 2166 4736 ita
2190 4682 2352 4738 nobis
2388 4698 2607 4753 quoque
2656 4683 2710 4737 in
2736 4683 3037 4738 tentatione
3070 4683 3282 4753 positis,
3310 4694 3428 4737 tan-

188 4774 218 4824 ὸ
246 4771 488 4836 Μωῦσῆς
533 4771 668 4840 πρὸς
712 4770 802 4822 τὸν
842 4770 972 4823 λαόν
994 4787 1037 4820 ἰ
1068 4770 1166 4822 Διὰ
1199 4770 1358 4823 τοῦτο
1380 4771 1636 4840 ἐπείρασε
1676 4789 1760 4840 σε,

189 4863 286 4915 ita).
347 4861 596 4915 ἐκάκωσέ
659 4877 743 4924 σε,
801 4861 888 4913 ἵνα
939 4859 1165 4932 ψωμίσῃ
1201 4877 1260 4914 σε
1311 4861 1374 4915 τὸ
1439 4862 1636 4932 μάννα,
1673 4864 1761 4918 ἶνα

187 4949 406 5021 γνωσθῇ
437 4950 504 5003 τὰ
533 4952 590 5003 ἐν
615 4953 680 5020 τῇ
701 4950 902 5021 καρδίᾳ
931 4967 1046 5004 σου.
1080 4950 1168 5012 Ὠς
1198 4952 1359 5015 εἴτις
1389 4951 1635 5016 παιδεύει
1663 4952 1760 5006 ἇν-

191 5039 406 5108 θρωπος
427 5041 518 5093 τὸν
545 5041 658 5093 υἱὸν
679 5040 865 5104 αὑτοῦ,
885 5040 1068 5104 οὕτως
1107 5041 1309 5111 Κύριος
1331 5042 1617 5095 ἐπαίδευσε
1641 5059 1752 5095 σε.»

191 5131 302 5184 Καὶ
336 5129 513 5193 αὖθις,
573 5151 592 5182 ι
621 5133 728 5184 Καὶ
776 5131 1027 5185 ἐκάκωσε
1077 5149 1136 5184 σε
1196 5133 1418 5202 Κύριος,
1453 5134 1540 5186 ἵνα
1587 5129 1644 5186 εὖ
1674 5151 1758 5187 σοι

192 5224 392 5294 ποιήσῃ
431 5222 516 5275 ἐπ’
552 5223 832 5293 ἐσχάτων.
861 5241 880 5274 ο
931 5223 1094 5291 Λέγει
1141 5222 1196 5274 δὲ
1249 5223 1344 5275 καὶ
1395 5225 1422 5275 6
1471 5223 1760 5294 προφήτης

190 5313 384 5382 Ναούμ
410 5331 422 5345 ο
460 5315 749 5384 «Χρηστὸς
799 5315 999 5384 Κύριος
1049 5317 1162 5376 τοῖς
1191 5313 1554 5383 ὑπομένουσιν
1599 5315 1761 5368 αὑτὸν

193 5404 246 5455 ἐν
278 5403 459 5474 ἡμέρᾳ
494 5403 745 5474 θλίψεως.
778 5424 795 5456 ι
827 5404 1020 5467 Ἀλλος
1052 5404 1107 5456 δέ
1136 5420 1150 5433 °
1187 5423 1205 5454 ι
1235 5404 1324 5473 Μὴ
1354 5389 1534 5476 εἴπῃς,
1562 5405 1760 5466 Κακῶς

193 5492 465 5562 χρήσομαι
499 5493 591 5546 τὸν
639 5495 833 5564 ἐχθρόν
875 5511 999 5564 μου,
1047 5492 1162 5546 ἀλλ’
1211 5493 1502 5563 ὑπόμεινον
1531 5494 1622 5545 τὸν
1650 5493 1756 5545 Κύ-

1858 4773 1976 4827 tillo
2023 4772 2248 4826 interim
2289 4788 2347 4827 se
2397 4773 2724 4828 submovent
2773 4776 3038 4842 tempore,
3078 4789 3182 4829 nec
3232 4776 3427 4842 procul

1856 4870 2040 4916 tamen
2072 4861 2350 4917 absistunt
2378 4864 2552 4934 angeli
2581 4864 2698 4918 Dei.
2731 4861 3003 4918 Caterum
3038 4878 3164 4918 mox
3188 4878 3217 4917 a
3246 4873 3424 4918 tenta-

1857 4947 1994 5005 toris
2023 4966 2266 5015 secessu,
2310 4951 2518 5007 instant
2563 4953 2727 5006 nobis
2781 4961 3136 5023 suggerentes
3181 4966 3302 5020 qua:
3345 4952 3426 5026 ad

1862 5041 2064 5097 divinae
2107 5043 2373 5098 bonitatis
2423 5044 2809 5113 cogitationem
2841 5043 3074 5108 faciant;
3113 5052 3262 5111 puta,
3298 5042 3428 5095 illu-

1863 5132 2190 5188 strationem
2237 5134 2456 5198 mentis,
2512 5135 3028 5204 compunctionem,
3082 5133 3431 5187 dulcedinem

1858 5222 2086 5291 spiritus
2133 5231 2188 5277 et
2228 5224 2589 5294 patientiam;
2619 5233 2784 5294 atque
2826 5224 2900 5279 ita
2939 5224 3220 5292 deinceps,
3249 5223 3432 5278 anima

1860 5313 1988 5382 talis
2023 5313 2253 5369 amissas
2296 5316 2529 5369 resumit
2564 5314 2740 5378 vires,
2773 5329 2835 5368 ac
2864 5313 3147 5368 refovctur
3181 5327 3280 5382 pro
3310 5327 3431 5365 mo-

1858 5403 1990 5456 dulo
2021 5405 2265 5459 tolerata:
2291 5406 2622 5460 alﬂictionis.
2644 5405 2872 5474 Propter
2894 5405 2998 5458 hoc
3030 5404 3196 5459 Isaias
3223 5420 3238 5458 ι
3275 5421 3292 5453 ι
3321 5402 3431 5458 Su-

1857 5491 2130 5545 stinentes
2165 5493 2334 5547 Deum
2367 5494 2661 5547 mutabunt
2707 5493 3110 5559 fortitudinem,
3149 5500 3431 5547 assumcnt

267 5668 309 5701 ³⁸
344 5669 533 5726 Matth.
568 5688 644 5726 ιιι.
671 5673 724 5726 2.
803 5675 843 5706 ³⁴¹
879 5675 1009 5729 Luc.
1045 5691 1132 5740 vv,
1169 5675 1221 5728 6.
1299 5673 1342 5703 ³⁸
1377 5672 1510 5728 ibid.
1549 5673 1606 5726 7.
1719 5673 1754 5706 3‘

1858 5673 1958 5725 lor.
1998 5689 2092 5742 xu,
2132 5675 2189 5726 9.
2265 5675 2304 5705 ‘°
2335 5674 2522 5729 Matth.
2549 5689 2625 5736 tv,
2652 5673 2740 5729 ii.
