4030 6296
273 265 410 333 1663

1330 264 1656 327 nomen
1688 264 1955 328 LXXIX.
1983 289 2055 303 -—
2082 245 2184 325 DE
2221 260 2496 325 AGONE.

3378 255 3520 327 1670

270 371 583 437 ἀκολούθως
630 372 936 446 ὶζεύξαμεν
977 375 1044 447 τῇ
1100 373 1345 446 ὑπομονῇ
1398 374 1492 429 τὸν
1522 374 1732 443 ἀγῶνα,
1765 375 1842 429 ὅτι

1950 374 2118 431 cinno
2142 369 2314 445 igitur
2339 372 2537 428 ordine
2576 384 2639 425 ac
2677 363 2878 425 rationi
2897 372 3272 423 consentanea
3296 366 3514 438 patien-

271 465 413 519 κατὰ
461 465 666 529 παντὸς
716 466 928 529 πάθους
971 464 1283 519 διαϐολικοῦ
1334 466 1432 537 τὴν
1458 467 1618 537 νίκην
1646 466 1849 535 ἀποφέ-

271 572 479 626 ρονται,
513 555 968 627 συνεπισχύοντος
1020 556 1116 611 καὶ
1161 555 1532 625 ἐπαμύνοντος
1574 555 1667 610 τοῦ
1699 558 1848 625 ἀγω-

270 646 487 699 νοθέτου
535 646 745 718 Κυρίου
781 646 937 717 ἡμῶν
973 645 1149 716 Ἰησοῦ
1190 644 1449 718 Χριστοῦ.
1493 647 1552 701 ὐ
1582 646 1848 714 ἀγωνιζό-

271 752 429 805 μενος
456 734 635 788 πάντα
679 732 1097 812 ἐγκρατεύεται,
1129 736 1224 789 καὶ
1256 735 1316 787 ού
1343 734 1601 801 παύεται,
1637 736 1740 798 ἕως
1782 735 1849 791 ἂν

268 824 526 897 ἐξαλείψῃ
560 824 761 896 Κύριος
794 826 1000 897 πάντας
1059 825 1470 906 τοὺςέχθροῦς
1520 827 1629 880 ἀπὸ
1672 844 1843 901 προσ-

270 917 420 970 ώπου
478 916 667 970 αὑτοῦ.
714 917 781 969 Ἠ
826 913 920 969 οὖν
982 916 1279 986 ἐγκράτεια
1308 916 1470 985 διπλῆ
1497 918 1673 970 ἐστιν.
1718 917 1846 971 Ἐπὶ

268 1007 428 1063 τινῶν
460 1007 568 1078 γὰρ
600 1007 683 1062 δεῖ
705 1006 1155 1077 ὲγκρατεύεσθαι,
1183 1007 1274 1059 ἐπὶ
1296 1006 1457 1060 τινῶν
1480 990 1538 1060 δὲ
1561 1009 1622 1061 ού
1643 1008 1741 1062 δεῖ.
1774 1009 1847 1063 Τὸ

268 1098 505 1167 πονηρὸν
532 1099 641 1167 γὰρ
668 1098 749 1151 δεῖ
779 1098 1231 1169 ὲγκρατεύεσθαι,
1258 1098 1354 1152 καὶ
1385 1098 1460 1170 μὴ
1485 1102 1662 1153 ποιεῖν
1690 1098 1842 1155 αὐτά.

268 1187 343 1243 Τὸ
361 1189 417 1243 δὲ
448 1188 649 1256 ἀγαθὸν
675 1188 748 1260 μὴ
774 1189 1224 1259 ἐγκρατεύεσθαι,
1246 1190 1380 1244 ἀλλά
1402 1193 1595 1244 ποιεῖν.
1612 1191 1846 1259 Ἐγκρά-

267 1296 459 1333 τευσαι
480 1275 572 1333 οὖν
592 1279 700 1333 ἀπὸ
732 1280 909 1351 πάσης
936 1280 1221 1352 πονηρίας,
1240 1280 1606 1353 ἐργαζόμενος
1621 1282 1682 1335 τὸ
1704 1283 1845 1350 ἀγαι-

270 1369 395 1425 θόν⁶
428 1362 797 1444 ὲγκράτευσαι
824 1371 932 1425 ἀπὸ
952 1371 1219 1442 μοιχείας,
1252 1371 1526 1440 πορνείας,
1562 1372 1842 1442 μεθύσμα-

267 1478 379 1528 τος,
403 1450 654 1532 ἀνομίας,
687 1461 795 1515 ἀπὸ
850 1462 1087 1533 τρυφῆς,
1132 1461 1241 1516 ἀπὺ
1298 1464 1593 1539 πονηρίας,
1632 1463 1741 1518 ἀπό
1784 1480 1844 1520 τε

265 1550 577 1622 ἐδεσμάτων
602 1551 834 1625 πολλῶν,
854 1554 947 1606 καὶ
966 1552 1577 1617 πολυτελείας,πλούτου
1597 1556 1692 1611 καὶ
1707 1568 1843 1609 καυσ-

265 1645 497 1715 χήσεως,
556 1640 1006 1716 ὖψηλοφροσύνης
1029 1646 1126 1700 καὶ
1155 1647 1554 1718 ὑπερηφανίας,
1587 1648 1680 1702 καὶ
1734 1646 1843 1705 ἀπὸ

1951 466 2039 521 tiae
2062 465 2465 520 connexuimus
2507 476 2756 533 agonem.
2794 458 3039 529 Utraque
3076 458 3227 535 enim
3279 458 3517 515 Domino

1948 566 2142 611 nostro
2168 556 2303 619 Jesu
2348 554 2575 611 Christo
2623 552 2741 624 (qui
2772 550 3081 622 spiritualis
3109 549 3378 620 palaestrae
3424 557 3516 604 to-

1948 642 2057 702 tius
2103 638 2461 717 agonothetes
2516 647 2623 712 est)
2668 643 2818 698 vires
2869 649 3198 712 suggerente
3227 656 3291 696 ac
3321 648 3517 712 prote-

1944 746 2131 815 gente,
2156 738 2455 808 palmarem
2495 735 2789 789 victoriam
2816 739 3065 802 reportat
3097 732 3361 789 adversus
3388 747 3517 786 om-

1942 843 2072 885 nem
2101 827 2386 881 diabolica:
2409 825 2842 897 perturbationis
2869 826 3165 879 violentam
3196 824 3519 894 impressio-

1946 910 2092 972 nem.
2125 916 2228 984 Qui
2259 917 2316 972 in
2344 932 2516 987 agone
2546 916 2851 979 contendit,
2887 915 2955 969 ab
3002 914 3354 970 omnibus'se
3383 916 3515 971 abs-

1948 1007 2106 1070 tinet,
2134 1022 2236 1061 nec
2272 1006 2652 1076 interquiescit
2692 1005 2870 1060 donec
2908 1004 3161 1061 inimicos
3191 1004 3515 1061 remoliatur

1946 1086 2257 1152 etaboleat
2301 1113 2333 1157 ιι
2375 1097 2516 1153 faeie
2564 1112 2684 1153 sua.
2736 1097 2878 1157 Sane
2918 1097 3276 1166 temperantia
3312 1095 3515 1164 duplex

1946 1195 2052 1245 est.
2097 1186 2356 1253 Quaedam
2388 1188 2537 1242 enim
2570 1194 2699 1242 sunt
2729 1203 2760 1241 a
2799 1187 3002 1256 quibus
3040 1201 3270 1242 necesse
3309 1187 3382 1241 sit
3412 1185 3513 1242 tibi

1947 1288 2009 1334 ut
2033 1288 2323 1347 temperes,
2345 1278 2449 1332 alia
2482 1278 2614 1332 item
2645 1286 2773 1332 sunt
2799 1292 2921 1347 qua:
2959 1293 3098 1347 Opus
3137 1278 3211 1332 sit
3260 1285 3319 1332 ut
3360 1293 3514 1334 exse-

1944 1372 2152 1442 quaris.
2186 1371 2268 1426 Ab
2296 1370 2667 1441 improbitate,
2697 1385 2878 1440 opera:
2907 1370 2979 1425 sit
3010 1365 3247 1440 pretium
3278 1380 3340 1426 ut
3379 1370 3508 1425 abs-

1944 1461 2141 1527 tineas,
2190 1476 2295 1517 nec
2344 1462 2568 1531 expleas
2612 1476 2781 1530 opere
2828 1476 2843 1515 :
2894 1471 3106 1526 contra,
3158 1461 3228 1516 ab
3254 1461 3329 1517 eo
3356 1461 3510 1532 quod

1944 1551 2149 1607 bonum
2203 1559 2287 1608 est
2335 1562 2392 1607 et
2445 1553 2737 1609 honestum
2786 1568 2981 1608 manus
3036 1568 3107 1609 ne
3172 1554 3507 1617 contrahito,

1945 1642 2120 1713 magis
2152 1651 2335 1698 autem
2377 1657 2474 1698 eas
2526 1642 2613 1697 fac
2655 1642 3040 1698 accommodes
3080 1643 3173 1713 pio
3214 1644 3390 1715 operi.
3424 1643 3508 1699 Ab

375 1709 707 1806 σματοςξκαὶ
730 1709 975 1791 καταλαλ
990 1739 1074 1801 ιᾶς
1102 1737 1197 1791 καὶ
1211 1709 1575 1811 ὑποκρίσεως,
1591 1739 1684 1793 καὶ
1701 1756 1842 1812 μνη-

1945 1709 2098 1797 omni
2129 1736 2299 1806 igitur
2328 1735 2535 1791 malitia
2587 1749 2785 1790 manus
2828 1709 3097 1789 amolitor
3126 1709 3360 1792 honesto
3386 1736 3511 1791 cui-

265 1824 542 1892 σικακίας,
573 1827 670 1878 καὶ
720 1825 903 1899 πάσης
950 1818 1321 1899 βλασφημίας,
1348 1828 1679 1900 κλέμματος,
1706 1830 1842 1885 ἀπο-

265 1916 598 1987 στερήσεως,
630 1916 1131 1990 ψευδομαρτυρίας,
1156 1910 1497 1987 πλεονεξίας,
1542 1912 1842 1990 ἐπιθυμίας

263 2008 529 2077 πονηρᾶς,
563 2007 799 2087 ἀπάτης,
819 2008 1148 2087 κενοδοξίας,
1196 2008 1538 2077 ἀλαζονείας,
1596 2012 1693 2065 καὶ
1739 2012 1841 2065 ὅσα

261 2096 474 2160 τούτοις
502 2098 665 2168 ὅμοιά
687 2080 857 2155 ἐστιν.
886 2097 1104 2153 Τούτων
1123 2098 1188 2170 δὴ
1216 2098 1515 2172 τῶνέργων
1531 2100 1613 2153 δεῖ
1638 2102 1842 2171 ὲγκραο

261 2187 519 2241 τεύεσθαι
540 2188 631 2241 τὸν
658 2190 968 2261 ἀγωνιστὴν
1014 2190 1109 2244 καί
1154 2188 1338 2244 δοῦλον
1368 2188 1463 2243 τοῦ
1498 2182 1657 2245 Θεοῦ.
1689 2189 1841 2244 Εἰσὶν

260 2277 322 2332 δὲ
354 2278 447 2332 καὶ
477 2277 615 2347 ἔργα
645 2279 827 2348 ἀγαθὰ
856 2278 892 2335 ἃ
915 2278 997 2333 δεῖ
1035 2279 1371 2354 ἐργάζεσθαι
1398 2282 1493 2336 καὶ
1524 2281 1601 2355 μὴ
1634 2284 1842 2355 ἐγκρα-

260 2368 547 2423 τεύεσθαι·
583 2370 690 2440 πρὸ
745 2369 801 2422 δὲ
851 2370 1095 2434 πάντων,
1159 2370 1363 2436 πίστις,
1398 2371 1560 2442 φόϐος
1611 2372 1838 2444 Κυρίου,

263 2460 480 2529 ἀγάπη,
511 2460 756 2531 ὁμόνοια,
789 2461 1011 2531 ῥήματα
1034 2460 1403 2531 δικαιοσύνης,
1429 2461 1676 2534 ἀλήθεια,
1702 2442 1841 2540 bim.

268 2550 429 2622 μονὴ,
482 2551 681 2622 χήραις
736 2552 1052 2622 ὑπηρετεῖν,
1107 2552 1377 2624 ὀρφανοὺς
1413 2553 1841 2625 ύστερουμένους

265 2642 718 2710 ἐπισκέπτεσθαι,
740 2643 810 2709 ἐξ
840 2644 1098 2722 ἀναγκῶν
1122 2643 1449 2716 λυτροῦσθαι
1474 2647 1599 2711 τοὺς
1622 2645 1840 2713 δούλους

261 2731 362 2784 τοῦ
393 2731 552 2797 Θεοῦ,
582 2732 858 2801 φιλόξενον
891 2728 1055 2798 εἶναι,
1096 2734 1299 2805 ἥσυχον
1321 2773 1336 2798 ,
1384 2734 1722 2804 ἐνδεέστερον
1754 2750 1840 2804 γε·

263 2822 450 2877 νὲσθαι
476 2824 713 2879 ,πάντων
769 2823 1072 2894 ἀνθρώπων
1103 2863 1119 2887 ,
1168 2822 1479 2893 πρεσϐύτας
1535 2822 1789 2879 σὲὁεσθαι
1819 2862 1836 2888 ,

264 2912 457 2968 ἀσκεῖν
498 2912 871 2987 δικαιοσύνην,
908 2914 1249 2987 ἀδελφότητα
1289 2914 1593 2986 συντηρεῖν,
1627 2913 1839 2985 μακρά·

1940 1826 2088 1903 piam
2119 1825 2273 1897 operi
2307 1834 2570 1881 attentus.
2606 1825 2714 1881 Fac
2753 1827 3041 1882 contineas
3090 1827 3160 1881 ab
3210 1827 3507 1894 adulterio,

1942 1933 1974 1974 a
2014 1916 2401 1981 fornicatione.
2452 1916 2522 1971 ab
2554 1916 2845 1982 ebrietate,
2870 1918 2943 1973 ab
2973 1918 3260 1988 iniquitate
3283 1927 3341 1973 et
3375 1919 3510 1990 legis

1909 2020 1915 2033 ‘
1944 2008 2460 2079 transgressione,.a
2494 2009 2697 2079 geniali
2741 2009 2877 2065 luxu
2902 2010 3245 2074 deliciarum,
3274 2011 3344 2066 ab
3369 2011 3512 2067 edu-

1941 2098 2176 2159 liorum_
2205 2098 2567 2177 immoderata
2604 2100 2785 2170 copia.
2834 2100 2904 2155 ab
2950 2101 3244 2157 immodico
3298 2111 3512 2172 quaestu

1940 2186 2294 2253 divitiarum.
2316 2186 2384 2244 ab
2426 2190 2716 2260 impotenti
2756 2191 3043 2262 iactantia,
3074 2208 3144 2248 ne
3175 2193 3308 2263 quid
3354 2194 3423 2249 de
3457 2202 3511 2250 te

1942 2278 2184 2333 senseris
2253 2278 2571 2343 sublimius,
2626 2296 2695 2337 ne
2738 2296 2839 2351 per
2881 2283 3200 2354 superbiam
3255 2285 3510 2344 evehere.

1938 2367 2244 2426 Abstinesa
2282 2371 2596 2437 mendacio,
2646 2371 3012 2437 detractione,
3061 2374 3355 2443 hypocrisi.
3399 2375 3511 2431 Ac—

1940 2468 2111 2530 ceptae
2155 2460 2397 2531 injuriae.
2436 2476 2650 2516 memor
2695 2477 2764 2517 ne
2811 2472 2955 2518 esto.
3010 2464 3241 2520 Provide
3297 2466 3397 2519 tibi
3451 2473 3514 2520 ut

1942 2555 2213 2620 temperes
2261 2550 2331 2605 ab
2368 2552 2523 2611 omni
2571 2552 2937 2622 blasphemia,
2973 2568 3005 2608 a
3038 2553 3211 2619 furto,
3239 2565 3511 2611 avetera—

1940 2641 2081 2698 toria
2132 2642 2347 2709 fraude,
2388 2645 2529 2699 falso
2576 2631 2915 2711 tristimonio,
2951 2646 3208 2707 avaritia.
3244 2648 3513 2718 concupi-

1939 2732 2149 2789 scentia
2190 2736 2354 2799 mala,
2411 2735 2719 2805 impostura
2776 2745 2832 2791 et
2900 2736 3392 2804 circumventione,
3430 2738 3515 2794 .ab

1939 2823 2121 2880 inanis
2154 2824 2343 2895 gloria:
2394 2826 2664 2895 appetitu,
2695 2834 2752 2885 et
2802 2826 3143 2896 arrogantia,
3173 2828 3410 2897 denique
3442 2830 3513 2885 ab

1940 2912 2010 2969 iis
2057 2930 2399 2986 quaecunque
2446 2903 2645 2970 borum
2690 2924 2818 2971 sunt
2856 2933 3127 2988 perquam
3174 2918 3396 2974 similia.
3430 2919 3513 2976 Ab

266 3004 441 3075 θυμον
485 3005 649 3072 εἶναι,
683 3004 1048 3077 μνησικακίαν
1087 3005 1165 3075 μὴ
1214 3004 1380 3076 ἔχειν,
1432 3004 1741 3076 κάμνοντας
1768 3004 1836 3076 τῇ

1942 3006 2064 3062 istis
2094 3006 2261 3077 igitur
2295 3006 2564 3076 operibus
2614 3007 2865 3078 quisquis
2894 3023 2975 3072 es,
3013 3025 3046 3063 ο
3071 3024 3231 3065 serve
3259 3010 3378 3077 Dei,
3414 3012 3512 3082 qui

262 3098 412 3169 ψυχῇ
446 3096 810 3169 παρακαλεῖν,
858 3094 1414 3183 ὲσιιανδαλισμιένουςξ⁸
1445 3095 1555 3151 ἀπὸ
1601 3096 1840 3183 πίστεως

1942 3094 2244 3164 spiritualis
2272 3094 2401 3171 vita:
2438 3094 2757 3165 aggrederis
2789 3106 3089 3157 certamen,
3119 3097 3297 3155 modis
3328 3100 3513 3154 omni-

269 3187 347 3258 μὴ
399 3186 819 3252 ἀποϐάλλεσθαι,
865 3185 980 3239 ἀλλ’
1033 3181 1524 3255 ὲπιστρὲςρεινήκαὶ
1573 3181 1843 3254 εύθύμους

262 3278 467 3341 ποιεῖν,
517 3276 934 3346 ἁμαρτάνοντας
985 3273 1279 3338 νουθετεῖν,
1310 3273 1590 3344 χρεώστας
1621 3272 1697 3342 μὴ
1731 3270 1842 3324 θλί-

266 3366 385 3421 ϐειν
413 3366 611 3443 ἐνδεεῖς
632 3384 647 3399 ’
671 3368 765 3424 καὶ
795 3368 849 3423 εἴ
890 3383 1013 3419 τινα
1039 3365 1253 3427 τούτοις
1277 3363 1440 3434 ὄμοιά
1461 3366 1627 3419 ἐστιν.
1660 3362 1845 3416 Ταῦτα

265 3459 380 3531 γὰρ
401 3458 496 3514 ὲάν
523 3475 606 3524 τις
655 3457 868 3530 φυλάξῃ
895 3458 990 3513 καὶ
1047 3457 1124 3529 μὴ
1160 3455 1594 3531 ὲγκρατεύσηται
1615 3446 1711 3510 ἀπ’
1746 3456 1844 3510 αύ-

264 3550 399 3614 τῶν,
430 3550 672 3622 ’ζήσεται
722 3549 799 3621 τῷ
840 3540 980 3619 Θεῷξ
1033 3547 1155 3619 Χρὴ
1197 3546 1254 3600 δὲ
1283 3546 1374 3601 τὸν
1419 3547 1724 3618 ἀγωνιστὴν
1749 3546 1841 3601 καὶ

267 3642 524 3710 ἐκτήκειν
574 3641 666 3694 τὸν
717 3626 1008 3695 ἀντίπαλον
1059 3640 1116 3692 ὲν
1173 3640 1240 3709 τῇ
1278 3636 1473 3692 ἑαυτοῦ
1529 3638 1716 3709 σαρκὶ,
1748 3630 1840 3691 ἵνα

270 3733 349 3804 μὴ
376 3734 463 3786 διὰ
508 3732 608 3803 τῆς
635 3734 932 3803 ὑγρότητος
955 3730 1239 3809 ὀλισθαίνη
1270 3732 1298 3784 ὁ
1328 3728 1451 3794 νοῦς
1497 3730 1578 3794 είς
1607 3728 1669 3783 τὸ
1692 3728 1840 3783 λεῖον

265 3823 380 3877 τῶν
410 3823 639 3892 ἡδονῶν,
661 3826 810 3890 ὅπως
840 3826 870 3879 ὁ
898 3827 1022 3891 νοῦς
1041 3827 1150 3882 τῶν
1174 3808 1590 3898 ἀγωνιζομένων
1616 3824 1720 3879 ὑπὸ
1745 3824 1840 3882 τοῦ

267 3912 419 3966 θείου
453 3913 630 3983 φωτὸς
674 3917 987 3987 ὲνεργῆται,
1023 3912 1114 3970 καῖ.
1141 3907 1239 3989 ’τῷ
1272 3916 1399 3988 θείῳ
1430 3917 1579 3988 νόμῳ
1608 3914 1836 3990 δουλεύῃ

265 4005 365 4057 καὶ
394 4004 711 4076 συνήδηται,
742 4005 883 4059 κατὰ
907 4006 997 4061 τὸν
1039 4005 1382 4062 ’Δπόστολονυ

1939 3185 2042 3239 bus
2078 3182 2495 3254 temperandum
2549 3199 2770 3240 censeo.
2808 3185 3023 3257 1150
3058 3185 3199 3240 Sunt
3227 3198 3420 3242 contra
3457 3195 3515 3243 et

1939 3276 2086 3333 bona
2114 3292 2286 3347 opera
2312 3291 2434 3346 quae
2468 3284 2528 3331 ut
2557 3277 2825 3346 opereris,
2865 3294 3090 3334 necesse
3113 3280 3207 3344 sit,
3236 3295 3347 3339 non
3377 3285 3511 3339 item

1942 3376 2005 3422 ut
2049 3368 2117 3424 ab
2169 3367 2251 3421 eis
2300 3366 2605 3421 contineas.
2655 3367 2911 3422 Omnium
2967 3370 3209 3440 primum
3242 3370 3377 3426 fides
3402 3382 3511 3440 est,

1947 3446 2149 3513 deinde
2183 3458 2347 3512 timor
2375 3457 2615 3518 Domini.
2667 3449 2928 3524 Charitas,
2961 3461 3256 3517 concordia
3295 3463 3510 3518 animo-

1947 3566 2090 3615 rum,
2120 3550 2292 3605 verba
2322 3549 2573 3620 justitiae,
2610 3549 2835 3612 veritas,
2882 3552 3167 3621 patientia.
3198 3554 3516 3629 subservire

1944 3641 2150 3706 viduis,
2183 3641 2424 3710 pupillos
2454 3639 2649 3694 solatio
2679 3639 2970 3695 destitutos
3019 3653 3309 3712 parentum
3343 3646 3517 3702 inter-

1943 3731 2146 3795 visere,
2194 3746 2383 3785 servos
2434 3730 2529 3785 Dei
2581 3731 2775 3801 quavis
2836 3731 3163 3786 necessitate
3223 3749 3518 3804 oppressos

1943 3813 2215 3876 estricare
2257 3835 2323 3874 ac
2370 3820 2663 3885 redimere,
2688 3819 2939 3901 hospitio.
2961 3822 3220 3892 excipere
3270 3826 3525 3895 peregri-

1944 3930 2069 3978 nos,
2117 3928 2239 3968 esse
2292 3913 2602 3983 requietum
2656 3919 2712 3967 et
2769 3912 3125 3978 taciturnum,
3153 3922 3433 3985 pos'tremo
3459 3925 3521 3975 nt

1946 4003 2016 4060 de
2065 4002 2324 4059 omnibus
2372 4003 2428 4056 in
2470 4016 2762 4056 commune
2808 3999 2949 4056 bene
3014 4003 3297 4067 merearis,
3361 4018 3521 4061 senes

267 4105 574 4164 reveretor,
618 4100 892 4171 justitiam
970 4093 1281 4168 excerceto,
1327 4101 1623 4158 fraternam
1701 4086 2030 4157 conservan
2084 4099 2462 4154 dilectionem.
2529 4097 2921 4168 Longanimem
2979 4097 3238 4153 convenit
3278 4114 3399 4154 esse
3469 4107 3521 4156 te

265 4202 333 4245 ac
373 4186 723 4254 tolerantem,
747 4192 955 4251 nullius
984 4209 1016 4248 a
1051 4194 1310 4266 quopiam
1352 4198 1591 4269 accepta:
1614 4195 1829 4266 injuriae
1867 4192 2210 4259 memineris,
2236 4192 2325 4248 l‘ac
2378 4206 2475 4248 eos
2514 4190 2817 4249 consoleris
2868 4190 2964 4261 qui
3032 4192 3218 4246 animo
3246 4190 3521 4248 afﬂictan—

268 4288 446 4341 turet
472 4281 745 4365 laborant.
781 4284 885 4352 Qui
909 4272 1229 4365 etiamnum.
1259 4287 1315 4343 in
1370 4286 1491 4341 stide
1555 4287 1766 4349 herent
1825 4272 2072 4361 perplexi
2100 4294 2154 4340 et
2189 4283 2431 4339 scandali
2468 4286 2749 4359 quidpiam
2789 4285 3068 4347 adierunt,
3110 4286 3214 4341 bos
3261 4300 3330 4340 ne
3377 4285 3521 4357 abji-

267 4371 405 4438 cito,
439 4372 613 4442 magis
660 4374 1158 4442 autem'adnitere,
1209 4375 1268 4431 in
1317 4370 1458 4433 viain
1506 4384 1566 4431 ut
1609 4376 1839 4433 redeant
1904 4374 2053 4442 ﬁdei,
2100 4375 2355 4444 bonoque
2409 4375 2521 4428 sint
2564 4383 2619 4451 et
2682 4374 2852 4430 alacri
2903 4375 2973 4430 ad
3018 4374 3180 4430 (idem
3215 4374 3422 4431 animo.
3453 4376 3516 4432 ln

264 4481 491 4527 errores
521 4458 713 4524 devios
752 4470 846 4540 qui
888 4471 1225 4540 exorbitant,
1256 4480 1353 4533 tuo
1383 4472 1605 4533 hortatu
1669 4480 1725 4527 et
1774 4466 2005 4527 consilio
2073 4471 2140 4525 ad
2197 4470 2590 4525 rectitudinem
2634 4486 2851 4527 revoca.
2882 4471 3079 4527 Debito
3125 4472 3383 4541 quopiam
3426 4472 3522 4527 ob-

270 4557 497 4616 strictos
544 4558 671 4626 tibi,
704 4560 889 4631 inopia
927 4563 973 4618 si
1005 4572 1353 4634 premuntur,
1418 4579 1489 4627 ne
1521 4562 1792 4630 afﬂictes;
1824 4572 1878 4618 et
1915 4563 1959 4618 si
2003 4578 2110 4634 qua
2161 4561 2246 4617 his
2316 4562 2559 4635 conﬁnia
2609 4570 2757 4621 sunt.
2812 4562 3005 4619 lstbzec
3046 4578 3212 4633 opera
3267 4564 3522 4634 quisquis

271 4652 383 4708 rite
429 4654 821 4724 observaverit,
860 4675 973 4717 non
1024 4660 1161 4721 item
1198 4661 1268 4721 ab
1312 4659 1581 4733 ejusmodi
1637 4674 1836 4715 manus
1889 4658 2229 4735 contraxerit
2262 4674 2361 4729 per
2410 4659 2717 4716 socordiam
2771 4674 2837 4717 ac
2875 4659 3145 4715 lentorem
3186 4659 3378 4725 animi,
3403 4661 3517 4715 uti-

269 4760 382 4814 que
408 4748 558 4805 vivet
593 4750 724 4807 Deo.
748 4751 903 4823 Opus
928 4753 995 4811 ad
1025 4753 1142 4813 hac
1169 4753 1361 4819 fuerit,
1400 4763 1461 4811 ut
1489 4753 1584 4823 qui
1646 4752 1705 4813 in
1745 4751 2017 4824 spirituali
2060 4766 2234 4823 agone
2273 4750 2543 4816 decertat.
2579 4767 2740 4806 suum
2771 4757 3013 4805 maceret
3065 4758 3123 4805 et
3187 4749 3315 4807 tabe
3350 4750 3515 4806 conli-

269 4836 397 4892 ciat.
422 4838 798 4896 adversarium
840 4843 897 4906 in
940 4858 1109 4903 carne
1139 4845 1362 4915 propria
1401 4844 1840 4909 delitescentem,
1878 4858 1949 4898 ne
1986 4842 2223 4897 humore
2287 4833 2579 4899 exsudanti
2626 4842 2973 4913 periclitetur
3027 4856 3207 4907 mens,
3247 4850 3304 4896 et
3329 4843 3517 4897 conci-

272 4927 370 4982 dat
398 4944 644 5001 praeeeps
674 4932 730 4986 in
756 4933 988 4991 livorem
1041 4950 1107 4990 ac
1138 4935 1422 5004 planitiem
1464 4935 1694 4993 illicittm
1736 4936 2107 5005 voluptatum,
2164 4947 2276 5003 quo
2312 4947 2469 4989 mens
2534 4933 2651 5003 ipsa
2701 4933 3041 5003 spiritualem
3080 4948 3309 5004 agonem
3366 4935 3526 4988 susti.

265 5010 545 5088 nentium,
579 5021 848 5079 illnstrata
873 5025 1048 5097 divini
1092 5026 1315 5083 luminis
1352 5016 1666 5099 Splendore,
1688 5025 1964 5082 ellicacius
1999 5031 2281 5097 operetur,
2302 5023 2408 5097 legi
2431 5023 2743 5081 Deiserviat
2759 5033 2815 5081 et
2841 5024 3253 5082 condelectetur
3276 5024 3343 5087 ⁸⁸,
3371 5023 3526 5096 juxta

264 5113 514 5186 Apostoli
538 5108 892 5173 sententiam.
936 5178 947 5187 _
2236 5099 2245 5105 ’

339 5208 434 5261 Δεῖ
478 5200 575 5260 οῦν
624 5210 949 5281 εὐτρεπίσαι
996 5210 1087 5264 τὸν
1115 5209 1241 5264 νοῦν
1272 5211 1369 5267 καὶ
1406 5210 1709 5282 μετῳκίσαι
1742 5208 1842 5283 τὴν

2021 5207 2129 5269 Sed
2181 5216 2238 5266 et
2285 5208 2479 5265 eadem
2514 5206 2833 5263 adornanda
2885 5207 3037 5262 venit
3074 5214 3131 5263 et
3177 5205 3524 5262 immutanda

268 5297 535 5365 διάνοιαν⁹
589 5300 683 5355 καὶ
723 5300 1041 5373 ὑπερκῦψαι
1093 5300 1183 5354 τὸν
1229 5300 1477 5371 οὐρανὸν,
1530 5301 1625 5355 καὶ
1664 5300 1842 5370 πάσης

1950 5299 2118 5355 animi
2167 5301 2448 5373 cogitatio,
2478 5308 2534 5356 et
2566 5300 2635 5356 ad
2673 5299 2875 5354 coelum
2922 5314 3094 5368 usque
3145 5297 3524 5355 transcriben-

269 5390 509 5453 κτίσεως
529 5390 789 5463 ύπεράνω
819 5409 923 5447 που
953 5393 1232 5461 γενέσθαι,
1259 5394 1355 5447 καὶ
1376 5390 1629 5464 διαπύρῳ
1654 5390 1842 5444 ἐπιθυι

1950 5391 2019 5446 da
2058 5386 2142 5446 est
2188 5399 2246 5445 et
2290 5392 2612 5458 attollenda,
2637 5405 2915 5460 supraque
2939 5406 3159 5447 omnem
3211 5399 3524 5447 creaturam

273 5484 395 5556 μιᾳ,
422 5484 832 5558 ἀκαταπαύστῳ
861 5487 927 5558 τῇ
961 5486 1171 5559 διανοίᾳ
1211 5487 1350 5559 πρὸς
1397 5487 1580 5541 eum
1609 5482 1842 5556 προσδε-

1952 5482 2013 5537 ἰι
2062 5482 2299 5539 sublime
2356 5490 2440 5540 est
2486 5483 2785 5555 crigendus
2846 5484 3108 5551 animus,
3155 5491 3213 5541 et
3246 5481 3523 5557 ﬂagranti

352 5642 399 5693 οἱ
427 5641 583 5694 Rom.
605 5656 695 5706 vn,
725 5640 818 5694 Ἠ.
