4030 6296
549 326 677 393 ιετι

1813 322 2175 384 ANTIOCHI
2215 313 2558 388 moment

3679 329 3817 394 167!

546 435 860 499 desiderio,
905 434 1203 504 irrequieta
1274 443 1439 502 atque
1507 432 1719 502 perpeti
1787 431 2119 500 cogitatione

2233 429 2408 483 Ξέσθαι
2442 431 2476 493 ἃ
2504 434 2594 486 καὶ
2617 436 2664 486 οί
2688 433 2932 505 ἀληθινοὶ
2971 435 3272 502 ἀγωνισταὶ
3300 437 3532 503 ἔδειξαν,
3570 439 3674 492 καὶ
3702 442 3814 494 ἐδο-

547 544 648 598 par
685 536 769 580 est
816 533 875 578 ut
919 525 1260 577 adhaerescat
1311 532 1365 575 et
1425 522 1758 592 astringatur
1820 523 2123 590 praeceptis,

547 635 670 688 qua:
717 619 977 688 agonistae
1035 616 1111 669 illi
1166 630 1386 668 veraces
1435 630 1604 683 opere
1660 615 1776 684 ipso
1823 629 2123 682 repraasen-

551 721 755 776 larunt,
828 724 1036 778 suaque
1081 708 1354 762 sententia
1411 716 1708 761 sanxerunt
1773 707 1879 775 piis
1932 707 2121 760 obser-

547 804 748 865 vanda,
797 801 928 854 dum
979 815 1036 854 se
1080 816 1252 868 agone
1311 799 1584 868 spirituali
1653 807 1990 853 exercerent.
2040 797 2124 852 Illi

549 898 695 950 enim
759 895 976 949 eminus
1033 905 1092 948 et
1138 909 1168 947 e
1247 893 1550 962 longinquo
1626 899 1956 960 prospectu,
2025 905 2125 959 per

550 987 712 1039 ﬁdem
791 986 1145 1054 conternplali
1217 983 1644 1054 promissioncs,
1710 983 1916 1035 nullam
1988 979 2126 1034 afﬂi-

551 1079 795 1134 ctionum
828 1077 1200 1130 accessionem
1237 1075 1753 1146 prolixitudinemve
1800 1063 2128 1128 recusarunt

550 1170 814 1240 perferre.
872 1168 1089 1222 Etenim
1140 1167 1353 1220 lidelem
1405 1181 1524 1219 esse
1576 1149 1701 1218 cum
1749 1164 2122 1227 crediderunt,

551 1260 643 1329 qui
691 1259 1036 1328 repromisit;
1088 1267 1466 1325 exspectantes
1513 1259 1735 1311 interim
1779 1257 1921 1310 diem
1974 1256 2125 1310 illum

551 1351 844 1406 Dominici‘
886 1351 1158 1404 adventus
1221 1350 1422 1420 insigni
1488 1349 1738 1403 claritate
1783 1349 2124 1418 preclustrem

552 1443 818 1502 futurum,
854 1457 964 1510 quo
1015 1456 1144 1495 suos
1183 1441 1415 1494 famulos
1454 1440 1677 1509 publico
1716 1440 1995 1508 praeconio
2024 1440 2124 1492 de-

553 1534 864 1587 claraturus
887 1541 990 1593 est,
1023 1547 1146 1587 cum
1173 1531 1386 1584 venerit
1426 1530 1481 1582 in
1515 1529 1756 1582 nubibus
1783 1529 1928 1592 cmli,
1961 1530 2126 1597 inque

557 1639 725 1676 unum
757 1637 888 1678 suos
919 1621 1235 1692 aggregabit
1273 1629 1516 1684 sanctos,
1560 1621 1824 1673 nimirum
1872 1621 2130 1688 spirituao

552 1713 634 1767 les
665 1713 940 1782 agonistas
971 1723 1027 1766 et
1054 1712 1458 1781 integerrimos.
1487 1711 1720 1765 Necesse
1752 1712 1920 1781 igitur
1953 1720 2035 1764 est
2070 1719 2128 1764 ut

556 1805 906 1858 decertemus
933 1822 946 1857 :
977 1813 1032 1858 et
1065 1805 1288 1873 quidem
1319 1819 1520 1873 corpus
1549 1804 1822 1857 continua:
1847 1802 2127 1872 asperitati

555 1893 928 1962 objiciendum
956 1893 1222 1947 adversus
1249 1902 1434 1946 autem
1467 1893 1742 1962 improbas
1774 1893 2131 1963 cogitationes

555 1985 706 2038 omni
751 1979 1050 2038 securitate
1099 1993 1154 2038 et
1199 1985 1464 2053 patientia
1525 1984 1953 2054 praemuniendze
2004 1994 2132 2039 sunt

555 2076 771 2129 animae.
798 2074 1022 2144 Oportet
1047 2067 1290 2144 insuper,
1324 2087 1381 2130 ut
1405 2092 1726 2130 accuremus
1758 2076 2131 2130 testimonium

554 2167 904 2221 conscientiae
928 2168 1162 2236 propria:
1191 2168 1394 2222 habere
1423 2168 1476 2222 in
1503 2177 1801 2237 conspectu
1828 2168 1945 2222 Dei.
1979 2187 1997 2220 ι
2022 2168 2130 2222 Ex-

555 2267 830 2326 spectans,
876 2277 894 2309 ι
943 2261 1112 2318 enim.
1147 2278 1165 2309 ι
1197 2261 1508 2337 exspectavi
1535 2261 1862 2326 Dominum;
1899 2261 2133 2314 intendit

556 2349 774 2402 mihi“.
803 2369 821 2400 ι
859 2350 978 2403 Νοη
1011 2351 1157 2404 enim
1184 2359 1362 2420 potest
1403 2351 1526 2420 quis
1563 2352 1817 2421 indipisci
1847 2353 2127 2418 virtutem,

555 2441 614 2495 ni
651 2441 799 2509 prius
850 2445 972 2510 (pro
1028 2441 1176 2495 illius
1231 2444 1600 2514 assecutione)
1660 2459 1784 2498 cum
1845 2443 2035 2497 labore
2074 2454 2131 2497 et

559 2533 849 2587 tolerantia
895 2533 1276 2598 alﬂiclionum,
1331 2552 1455 2589 cum
1515 2537 1673 2591 hoste
1718 2536 2129 2606 congrediatur.

556 2623 635 2678 Ex
669 2624 904 2679 adverso
932 2627 1080 2678 enim
1130 2627 1526 2681 obluctandum
1571 2637 1796 2696 peccato
1841 2637 1924 2681 est
1959 2641 2133 2696 usque

557 2715 626 2768 ad
655 2726 912 2780 mortem,
959 2725 1015 2770 et
1063 2719 1176 2771 acri
1231 2721 1532 2774 certamine
1567 2734 1728 2788 azque
1759 2718 2134 2773 indesinenter

558 2807 615 2862 in
670 2808 953 2878 procinctu
1001 2810 1499 2874 consistendum",
1528 2811 1682 2879 juxta
1717 2809 1997 2862 Paulinam
2036 2823 2134 2861 vo-

554 2916 702 2957 cem.
750 2902 894 2956 Dicit
943 2901 1178 2970 proinde
1237 2901 1569 2971 Scriptura:
1613 2921 1630 2952 ι
1660 2901 1800 2954 Ante
1855 2899 2133 2953 hominem

558 2994 737 3065 posita
783 3002 912 3048 sunt
943 2995 1057 3048 vita
1084 3003 1140 3048 et
1176 3009 1345 3058 mors,
1385 3003 1442 3048 et
1472 2991 1618 3062 quod
1655 2991 1946 3062 placuerit,
1980 2990 2136 3044 dabi-

2226 522 2502 593 ξάσθησαν
2546 529 2604 578 ἐν
2633 526 2711 594 τῷ
2740 527 2910 594 ἀγῶνι
2941 527 3138 580 αὐτῶν.
3163 529 3460 598 Πόρρωθεν
3491 530 3606 599 γὰρ
3635 532 3810 601 ἑωρα-

2225 617 2379 679 κότες
2408 617 2504 681 τὰς
2536 619 2868 686 ἐπαγγελίας
2919 620 3008 672 διὰ
3057 621 3312 685 πίστεως,
3351 624 3535 691 μῆκος
3575 623 3814 694 θλίψεων

2227 709 2547 779 ὑπέμειναν,
2575 713 2696 764 ἐπεὶ
2724 713 2913 764 πιστὸν
2948 713 3226 782 ἡγήσαντο
3273 715 3365 765 τὸν
3388 717 3809 787 ἐπαγγειλάμε-

2224 815 2336 864 νον,
2364 799 2793 870 ἀπεκδεχόμενοι
2825 801 2924 870 τὴν
2954 801 3214 871 λαμπρὰν
3238 803 3458 872 ἡμέραν
3475 805 3575 856 τοῦ
3607 809 3819 861 Δεσπό-

2224 907 2342 953 του,
2375 891 2432 943 ἐν
2548 892 2815 956 ἀναδείξει
2850 895 2877 944 ὁ
2901 893 3030 955 Θεὸς
3053 895 3178 956 τοὺς
3205 895 3402 946 ἐαυτοῦ
3442 896 3818 966 θεράποντας,

2226 981 2352 1033 ὅταν
2403 981 2529 1052 ἔλθῃ
2579 983 2670 1033 ἐπὶ
2695 982 2803 1034 τῶν
2833 981 3072 1050 νεφελῶν
3098 986 3191 1034 τοῦ
3223 983 3485 1052 ούρανοῦ,
3536 988 3639 1037 καὶ
3689 1004 3818 1040 συν-

2227 1071 2410 1142 αγάγῃ
2437 1072 2561 1134 τοὺς
2602 1073 2775 1135 ὁσίους
2802 1073 2966 1125 αὑτοῦ
3011 1074 3139 1134 τοὺς
3173 1073 3418 1136 τελείους
3463 1069 3812 1142 ἀγωνιστάς.

2227 1161 2348 1232 Χρὴ
2384 1157 2476 1215 οὖν
2506 1163 2898 1232 δοκιμάζεσθαι
2932 1165 3023 1216 καὶ
3071 1165 3367 1234 ὑποφέρειν
3404 1171 3668 1237 συνεχέσι
3723 1172 3819 1239 μὲν

2227 1253 2567 1323 ἀνωμαλίαις
2617 1255 2678 1305 τδ
2735 1253 2916 1323 σῶμα,
2970 1254 3250 1328 λογισμοῖς
3299 1256 3356 1307 δέ
3400 1263 3678 1328 πονηροῖς
3725 1261 3820 1323 τὰς

2227 1343 2423 1414 ψυχάς.
2458 1344 2664 1397 Οὐκοῦν
2691 1347 2828 1415 μετὰ
2862 1345 3041 1415 πάσης
3070 1346 3370 1413 ἀσφαλείας
3395 1349 3494 1400 καὶ
3524 1350 3818 1420 ὑπομονῆς

2228 1438 2334 1509 χρὴ
2363 1439 2421 1489 τὺ
2451 1437 2750 1508 μαρτύριον
2800 1441 2898 1506 τῆς
2941 1437 3299 1508 συνειδήσεως
3327 1441 3490 1510 ἡμῶν
3529 1446 3817 1512 κατεργά-

2229 1529 2420 1593 ζεσθαι
2470 1532 2617 1599 ἡμᾶς
2656 1527 2886 1582 ἐνώπιον
2917 1529 3006 1581 τοῦ
3046 1530 3204 1584 Θεοῦ.
3247 1550 3266 1582 ι
3317 1532 3657 1602 ἰ’πομένων
3690 1538 3820 1606 γὰρ,

2229 1624 2500 1694 ὑπέμεινα
2528 1624 2619 1676 τὸν
2656 1624 2881 1693 Κύριον,
2924 1624 3020 1676 καὶ
3051 1625 3324 1694 προσέσχε
3355 1645 3468 1695 μοι.
3497 1647 3517 1678 ι
3549 1629 3628 1679 Οὑ
3665 1628 3824 1682 δύνα-

2230 1733 2321 1767 ται
2351 1715 2460 1786 γάρ
2489 1733 2572 1778 τις
2602 1715 2907 1786 κτήσασθαι
2940 1716 3162 1786 ἀρετὴν,
3193 1719 3241 1768 εί
3269 1718 3342 1786 μὴ
3377 1719 3657 1789 πῴτερον
3682 1721 3823 1791 ὑπὲρ

2233 1808 2402 1877 αὐτῆς
2423 1806 2528 1870 ἓως
2559 1808 2791 1876 αἵματος
2820 1807 3222 1877 παρατάξηται.
3253 1811 3344 1860 Δεῖ
3375 1804 3486 1878 γὰρ
3509 1813 3618 1875 ἓως
3657 1813 3823 1868 Θανά-

2230 1917 2324 1953 του
2345 1899 2824 1953 ἀντικαθίστασθαι
2844 1900 2979 1970 πρὸς
2992 1900 3090 1970 τὴν
3109 1901 3405 1969 ἁμαρτίαν,
3429 1906 3822 1970 ἀγωνιστικῶς

2231 1994 2327 2046 καὶ
2357 1991 2688 2056 ἀνεκλύτως,
2718 1994 2861 2044 κατὰ
2893 1993 2984 2044 τὸν
3029 1993 3327 2045 ἀπόστολον
3369 1995 3615 2049 Παῦλον.
3656 1997 3821 2064 Λέγει

2231 2083 2288 2136 δέ
2322 2085 2416 2136 καὶ
2444 2085 2476 2154 ἡ
2507 2083 2718 2154 Γραφή·
2751 2101 2768 2134 ι
2811 2083 3081 2137 Ἐναντίον
3113 2083 3402 2154 ἀνθρώπου
3446 2083 3640 2156 ήζωὴ
3672 2091 3768 2141 καὶ
3793 2091 3820 2142 δ

2234 2174 2486 2238 Θάνατος,
2514 2175 2608 2226 καὶ
2629 2175 2656 2226 ὃ
2688 2173 2781 2226 ἐὰν
2805 2175 3096 2244 εύδοκήσῃ,
3124 2175 3410 2244 δοθήσεται
3436 2177 3616 2247 αὐτῷ.
3648 2199 3666 2229 ι
3712 2179 3818 2233 Καὶ

2233 2266 2639 2336 γὰρδεσπὸτης
2672 2268 2780 2320 τῶν
2827 2267 3015 2320 παθῶν
3052 2267 3272 2334 λέγεται
3328 2263 3471 2320 εἶναι
3527 2272 3555 2321 δ
3614 2271 3821 2339 ἀσεεὴς

2235 2359 2329 2412 καὶ
2358 2358 2622 2428 φρόνιμος
2666 2357 2958 2432 λογισμός·
2997 2357 3084 2409 διὰ
3129 2357 3227 2426 μὲν
3278 2358 3649 2426 σωφροσύνης
3702 2361 3820 2412 ἐπι-

2237 2451 2456 2520 κρατεῖν
2505 2449 2948 2518 γαστριμαργίας
2997 2466 3054 2500 τε
3103 2449 3200 2500 καὶ
3247 2447 3587 2517 ἐπιθυμίας·
3628 2451 3722 2503 δια
3764 2451 3820 2502 δέ

2233 2536 2605 2606 δικαιοσύνης,
2638 2536 2818 2606 πάσης
2861 2536 3060 2597 κακίας
3085 2551 3098 2564 '
3125 2535 3213 2588 διὰ
3243 2533 3298 2586 δὲ
3332 2534 3616 2604 ἀνδρείας,
3645 2534 3821 2604 θυμοῦ

2235 2631 2328 2684 καὶ
2368 2629 2631 2698 λογισμοῦ
2683 2629 2776 2680 καὶ
2808 2627 2972 2696 εξόσου
2998 2643 3010 2655 ’
3043 2627 3138 2680 καὶ
3168 2627 3338 2686 ταῦτα
3376 2627 3476 2696 οὑχ
3507 2626 3656 2679 ὥστε
3686 2626 3818 2680 αύτὰ

2235 2723 2561 2782 καταλῦσαι,
2583 2721 2696 2774 ἀλλ’
2731 2720 2866 2773 ὣστε
2895 2719 3076 2782 αὐτοῖς
3113 2719 3186 2790 μὴ
3217 2714 3379 2782 εἶξαι.
3415 2719 3493 2769 Οὑ
3529 2719 3644 2787 γὰρ
3671 2720 3811 2787 ἐκρι-

2236 2813 2415 2884 ζωτής
2449 2815 2564 2865 ἐστι
2604 2811 2713 2865 τ’ὦν
2770 2811 2958 2863 παθῶν
2985 2811 3012 2861 ό
3051 2809 3330 2878 λογισμὸς,
3360 2807 3480 2861 ἀλλ’
3518 2809 3821 2875 ἀνταγωνι-

2238 2905 2390 2975 στής.
2417 2903 2637 2974 Διόπερ,
2669 2903 2850 2971 φησὶν,
2881 2901 3176 2971 ἐπιθυμίαν
3201 2917 3284 2963 τις
3312 2901 3469 2968 ὑμῶν
3499 2901 3562 2952 οὑ
3591 2897 3818 2954 δύναται

2237 2991 2489 3060 ἐκκόψαι,
2522 2991 2657 3044 ἀλλὰ
2687 2989 2762 3060 μὴ
2793 2989 3121 3059 δουλωθῆναι
3157 2992 3224 3060 τῇ
3276 2990 3546 3059 ἐπιθυμία
3596 2990 3820 3043 δύναται

565 3097 652 3141 tur
677 3086 726 3140 ei
749 3086 814 3138 ⁸⁸.
846 3104 864 3137 ι
898 3085 1005 3140 Sed
1033 3086 1180 3138 enim
1220 3084 1428 3154 1151
1481 3085 1570 3154 pia
1613 3099 1677 3138 ac
1709 3083 1951 3153 prudens
1981 3084 2130 3154 cogi-

2237 3085 2266 3137 ὁ
2294 3084 2554 3154 λογισμὸς
2582 3080 2984 3153 παρασχέσθαι.
3019 3079 3221 3133 Πολλοῦ
3261 3075 3363 3142 οῦν,
3393 3080 3611 3146 ἀγῶνος
3639 3083 3821 3152 χρεία,

560 3177 716 3240 talio,
742 3177 963 3230 domina
994 3177 1262 3230 astruitur
1307 3190 1428 3229 esse
1475 3173 1827 3228 aﬂ'ectionum
1858 3191 1870 3224 :
1897 3189 1994 3242 per
2013 3173 2132 3226 fru-

558 3266 841 3336 galitatem
881 3266 1028 3318 enim
1063 3265 1192 3318 vitae
1239 3263 1353 3316 sive
1401 3261 1826 3331 temperantiam
1873 3261 2135 3316 adversus

557 3357 770 3412 ventris
821 3355 1122 3426 ingluviem
1170 3353 1430 3424 pmvalet
1486 3363 1542 3406 et
1589 3354 2132 3424 concupiscentiam:

555 3449 769 3519 iustitia
802 3457 985 3502 autem
1038 3447 1260 3511 comite,
1313 3446 1577 3499 malitiam
1629 3461 1848 3500 omnem
1907 3446 2132 3516 subigit,

559 3540 734 3592 vincit
753 3554 884 3591 vero
905 3537 1230 3592 fortitudine
1259 3537 1694 3603 iracundiam,at
1721 3537 1974 3607 prudenti
2005 3554 2136 3592 con-

559 3630 893 3685 sideratione
925 3629 1241 3698 suppeditat
1265 3630 1519 3683 timorem
1547 3639 1604 3684 et
1634 3629 1880 3682 excludit
1915 3647 1926 3682 :
1966 3630 2134 3698 idque

558 3738 669 3778 non
705 3722 852 3792 quod
886 3731 1090 3776 asserat
1127 3737 1220 3776 eas
1250 3723 1417 3776 animi
1477 3720 1798 3776 aﬂ‘ectiones
1825 3722 1876 3775 vi
1917 3722 2132 3783 illarum

557 3816 825 3871 virtutum
867 3831 1098 3886 prorsus
1138 3816 1427 3880 exinaniri,
1463 3815 1596 3884 quin
1644 3814 1828 3884 potius
1880 3814 2135 3871 mistione

558 3910 792 3978 quadam
860 3923 982 3962 esse
1038 3907 1274 3961 invicem
1335 3907 1681 3975 conjunctas.
1746 3906 1936 3976 Neque
1984 3907 2134 3962 enim

559 3999 927 4054 consideratio
983 3998 1098 4052 sive
1152 3998 1502 4053 ratiocinatio
1539 3997 1904 4067 quantalibet,
1961 3999 2135 4069 possit

558 4092 628 4145 ab
656 4092 838 4146 radice
879 4092 1188 4146 convellere
1241 4106 1460 4144 omnem
1505 4091 1821 4159 passionum
1868 4091 2136 4160 intempe-

559 4179 717 4244 riem,
745 4181 838 4234 sed
868 4182 922 4234 in
955 4182 1057 4235 hoc
1101 4180 1315 4234 indulta
1348 4181 1558 4234 homini
1586 4192 1692 4244 est,
1723 4191 1782 4236 ut
1818 4183 1950 4252 ipsis
1975 4183 2135 4240 oblu-

561 4279 815 4326 i-teturac
833 4280 1098 4342 repugnet
1121 4271 1165 4326 i.
1198 4271 1280 4328 0b
1314 4272 1420 4328 hoc
1449 4273 1528 4328 ait
1561 4273 1782 4342 quidem
1813 4290 1826 4327 :
1852 4273 2130 4344 Concupi-

559 4363 822 4417 scentiam
854 4378 1014 4418 nemo
1038 4373 1281 4418 vestrum
1331 4379 1557 4434 prorsus
1581 4366 1883 4436 exstirpare
1909 4375 2089 4437 potest
2114 4382 2128 4419 :

2240 3177 2326 3237 ἵνα
2369 3174 2461 3228 καὶ
2507 3174 2668 3244 ἡμεῖς
2717 3172 2813 3225 σὺν
2867 3172 2945 3242 τῷ
3002 3171 3201 3241 Παύλῳ
3249 3171 3494 3241 ἐνεργῶς
3548 3172 3822 3243 εῐπωμεν,

2245 3285 2262 3318 ι
2287 3265 2391 3318 Τὸν
2424 3264 2610 3333 ἀγῶνα
2647 3264 2736 3317 τὸν
2769 3263 2930 3316 καλὸν
2963 3263 3294 3333 ἠγώνισμαι,
3344 3263 3436 3315 τὸν
3482 3262 3701 3332 δρόμον
3741 3281 3821 3316 τε-

2236 3360 2456 3422 τέλεκα,
2489 3358 2588 3427 τὴν
2623 3357 2809 3410 πίστιν
2850 3357 3152 3426 τετήρηκα,
3176 3354 3364 3408 λοιπὸν
3398 3357 3704 3409 ἀπόκειταί
3733 3374 3823 3427 μοι

2236 3451 2264 3504 ὁ
2298 3451 2396 3520 τῆς
2438 3449 2783 3518 δικαιοσύνης
2821 3449 3104 3516 στέφανος.
3129 3465 3146 3496 ι
3197 3446 3550 3515 Ἐπαλείφων
3605 3446 3670 3498 δὲ
3729 3448 3823 3500 καὶ

2235 3544 2389 3613 ἡμᾶς
2420 3540 2557 3611 πρὸς
2587 3540 2678 3593 τὸν
2722 3540 2910 3610 ὅμοιον
2939 3539 3120 3614 ζῇλον,
3153 3538 3337 3606 ἔλεγεν
3365 3557 3378 3568 ·
3416 3557 3434 3590 ι
3471 3539 3600 3592 Ἐὰν
3644 3540 3704 3592 δὲ
3731 3541 3823 3592 καὶ

2235 3634 2370 3705 ἀθλῇ
2397 3651 2501 3700 τις,
2525 3633 2584 3686 οὑ
2615 3631 2990 3701 στεφανοῦται,
3022 3633 3114 3684 ἐὰν
3145 3633 3220 3702 μὴ
3255 3635 3502 3702 νομίμως
3533 3633 3770 3704 ἀθλήσῃ.
3799 3653 3819 3682 ο

2236 3728 2348 3780 Καὶ
2376 3725 2561 3778 πάλιν·
2593 3741 2610 3774 ι
2633 3723 2748 3776 Ούκ
2780 3723 2980 3784 οἴδατε,
3034 3723 3117 3774 ὅτι
3163 3724 3220 3774 ἐν
3268 3723 3465 3791 σταδίῳ
3505 3723 3822 3793 τρέχοντες,

2237 3819 2438 3880 πάντες
2465 3817 2563 3887 μὲν
2587 3815 2896 3886 τρέχουσιν,
2932 3808 3011 3876 είς
3034 3815 3090 3866 δὲ
3131 3813 3398 3884 λαμῦἀνει
3431 3813 3489 3866 τὸ
3523 3815 3824 3882 βραδείσν;

2235 3909 2379 3964 οὕτω
2426 3908 2670 3978 τρέχετε,
2711 3908 2796 3959 ενα
2845 3904 3210 3976 καταλάϐητε.
3259 3905 3397 3972 Ἐγὼ
3426 3907 3614 3958 τοίνυν
3646 3907 3826 3969 οὕτως

2235 4000 2413 4072 τρέχω
2439 3998 2512 4062 ὡς
2543 3998 2642 4050 οὑκ
2680 3995 2912 4066 ἀδήλως,
2943 3995 3116 4057 οὕτως
3143 3995 3416 4057 πυκτεύω,
3445 3995 3524 4057 ὠς
3547 3997 3654 4048 οὑκ
3687 3998 3824 4066 ἀέρα

2235 4091 2406 4162 δέρων
2427 4107 2440 4118 ⁶
2481 4088 2594 4142 ἀλλ’
2624 4085 2930 4149 ὑπωπιάζω
2981 4103 3082 4154 μου
3117 4085 3178 4137 τὸ
3220 4085 3380 4155 σῶμα
3413 4088 3509 4136 καὶ
3540 4087 3825 4155 δουλαγω-

2235 4185 2339 4254 γῶ,
2376 4185 2570 4254 μήπως
2608 4180 2786 4242 ἄλλοις
2835 4177 3102 4248 κηρύξας,
3158 4178 3318 4240 αὐτὸς
3358 4178 3622 4248 ἀδόκιμος
3657 4182 3826 4248 γέιω-

2239 4292 2358 4348 μαι.
2390 4292 2408 4328 ι
2456 4271 2791 4327 Ἐπιστέλλει
2814 4269 2871 4322 δὲ
2910 4269 3006 4322 καλ⁸
3040 4269 3442 4339 Φιλιππησὶοις·
3473 4271 3628 4324 «Τὸν
3662 4271 3825 4326 αὑτὸν

2241 4365 2427 4436 ἀγῶνα
2456 4363 2514 4416 δν
2545 4363 2682 4414 ῐδετε
2713 4361 2807 4413 καὶ
2836 4359 3066 4430 ἐμάθετε
3099 4362 3155 4412 ἐν
3181 4362 3322 4430 ἐμοὶ,
3359 4359 3451 4412 καὶ
3483 4360 3580 4413 νῦν
3629 4363 3822 4415 ἀκούε-

545 4453 654 4508 sed
685 4454 859 4523 quid?
887 4454 956 4508 Ut
979 4470 1045 4509 ne
1071 4433 1532 4524 concupiscentia
1557 4433 1852 4522 serviatur,
1880 4433 1986 4512 h—oc
2012 4457 2130 4528 ipso

2238 4433 2320 4511 τέ.
2346 4474 2365 4508 ι
2401 4455 2526 4517 Τοῖς
2555 4452 2612 4504 δέ
2652 4449 2923 4522 Ἑϐραίοις
2947 4449 3133 4520 φησίνο
3165 4470 3183 4503 ι
3214 4450 3380 4504 Οὑπω
3409 4451 3603 4521 μέχρις
3653 4457 3823 4522 αἷμα-

549 4560 822 4621 praestare
864 4559 1045 4619 potest
1091 4551 1484 4606 consideratio.
1533 4552 1676 4606 Sane
1706 4568 1815 4607 non
1866 4553 2131 4609 mediocri

544 4655 702 4710 -opus
723 4655 918 4710 agone,
947 4649 1006 4694 ut
1035 4657 1226 4696 revera
1257 4651 1314 4696 et
1334 4641 1628 4698 eﬂicaciter
1655 4643 1839 4698 dicere
1863 4645 2137 4714 possimus

545 4743 685 4783 cum
735 4728 954 4783 Paulo:
992 4749 1008 4779 ‹
1038 4728 1248 4783 Bonum
1299 4738 1579 4785 certamen
1635 4733 1863 4798 certavi,
1914 4747 2137 4788 cursum

545 4820 957 4884 ,consummavi,
1015 4819 1178 4873 fidem
1236 4820 1570 4875 servavi:in
1635 4820 1908 4890 reliquum
1976 4838 2139 4893 repo-

543 4912 664 4966 sita
713 4918 797 4964 est
851 4910 986 4964 mihi
1037 4927 1240 4965 corona
1294 4911 1600 4982 iustitiae".
1633 4930 1652 4963 ι
1688 4911 1847 4968 ‘ldem
1899 4929 1999 4968 nos
2067 4914 2134 4969 ad

543 5003 794 5074 .exempli
850 5003 1048 5058 similis
1094 5002 1453 5058 imitationem
1522 5019 1826 5069 exercens,
1877 5005 2130 5061 dicebat:

561 5114 585 5145 4
623 5095 726 5163 Qui
774 5095 828 5150 in
897 5111 1072 5167 agone
1121 5097 1425 5161 contendit,
1457 5113 1567 5153 non
1615 5098 1974 5152 coronabitur
2028 5099 2136 5152 nisi

547 5189 804 5260 legitime
824 5190 1194 5244 deeertaverit
1215 5191 1281 5243 *⁸.
1315 5210 1333 5241 ι
1365 5190 1570 5246 lterum
1601 5207 1615 5244 :
1651 5210 1668 5242 ι
1699 5189 1959 5250 Nescitis.
1987 5190 2137 5260 quod

547 5283 654 5352 .qui
690 5283 745 5336 in
781 5283 960 5337 stadio
991 5292 1243 5346 currunt,
1277 5297 1470 5338 omnes
1502 5282 1726 5354 quidem
1752 5291 2006 5341 currunt.
2038 5283 2136 5339 sed

551 5389 706 5428 unus
730 5375 932 5446 accipit
981 5375 1231 5429 bravium
1253 5375 1279 5430 ?
1304 5375 1384 5429 sic
1417 5374 1648 5440 currite,
1675 5381 1738 5427 ut
1768 5374 2136 5444 comprehen-

2243 4567 2334 4613 τος
2366 4543 2808 4609 ἀντικατέστητε,
2842 4541 2974 4612 πρὸς
3005 4539 3102 4610 τὴν
3133 4541 3406 4610 ἁμαρτίαν
3447 4538 3822 4606 ἀνταγωνιςόυ

2241 4653 2428 4713 μενοι·
2466 4635 2562 4688 καὶ
2593 4629 2888 4700 ἐκλέλησθε
2944 4631 3041 4700 τῆς
3075 4631 3490 4702 παρακλήσεως
3534 4630 3664 4699 ἧτις
3698 4633 3823 4700 ὑμῖν

2238 4735 2312 4796 ὡς
2358 4730 2492 4791 υἱοῖς
2547 4725 2885 4792 διαλέγεταιο
2913 4722 3032 4784 Υίέ,
3066 4724 3252 4793 φησιν,
3287 4725 3362 4793 μὴ
3387 4722 3651 4792 ὀλιγώρει
3702 4741 3824 4775 παι.

2239 4827 2391 4886 δείας
2437 4818 2664 4888 Κυρίου,
2707 4815 2842 4886 μηδὲ
2873 4814 3066 4868 ἐκλύου
3113 4815 3205 4868 ὑπ’
3233 4814 3402 4869 αὑτοῦ
3432 4815 3818 4884 ἐλεγχόμενος.

2246 4917 2346 4970 ’ον
2370 4913 2478 4984 γὰρ
2499 4911 2688 4979 ἀγαπᾷ
2717 4907 2940 4977 Κύριος,
2970 4907 3234 4967 παιδεύει,
3271 4909 3534 4976 μαστιγοῖ
3563 4906 3620 4959 δὲ
3647 4909 3822 4960 πάντα

2261 5009 2372 5060 υίδν
2421 5005 2492 5058 ’ὃν
2547 5001 2936 5073 παραδέχεται.
2968 5019 2987 5051 ι
3043 4999 3285 5061 "Anon;
3333 4999 3392 5053 δέ
3449 4998 3823 5067 ἐγκωμιάζων

2236 5101 2406 5169 λέγει-
2440 5119 2460 5151 ι
2490 5098 2657 5151 Ὥστε
2688 5093 2836 5164 ἡμᾶς
2872 5093 3180 5163 καυχᾶσθαι
3215 5093 3355 5163 ὑπὲρ
3408 5093 3508 5162 τῆς
3538 5091 3820 5160 ὑπομονῆς

2186 5254 2216 5265 η-
2237 5193 2415 5263 ὑμῶν,
2436 5189 2543 5243 καὶ
2586 5189 2820 5250 πίστεως
2853 5189 2910 5239 ἐν
2937 5187 3067 5240 πᾶσι
3097 5188 3210 5250 τοῖς
3243 5186 3508 5256 διωγμοῖς
3546 5186 3707 5254 ὑμῶν
3733 5184 3819 5237 καὶ

2238 5286 2506 5356 θλίψεσιν,
2527 5277 2614 5346 αἷς
2637 5282 2919 5350 ἀνέχεσθε,
2949 5280 3204 5350 ἔνδειγμα
3224 5281 3322 5350 τῆς
3347 5280 3570 5343 δικαίας
3591 5281 3820 5350 κρίσεως

2235 5379 2330 5433 τοῦ
2365 5375 2526 5444 Θεοῦ,
2552 5374 2698 5446 ’ὑπὲρ
2723 5368 2791 5446 ἧς
2823 5374 2919 5427 καὶ
2953 5373 3214 5444 πάσχετε.
3250 5373 3407 5427 Ὅσοι
3439 5374 3556 5446 γὰρ
3583 5375 3816 5428 θέλουσιν

629 5505 840 5561 “Psal.
875 5523 1057 5571 χχχιχ,
1088 5505 1143 5562 2.
1223 5507 1265 5538 ⁸⁷
1288 5506 1488 5576 Eplics.
1517 5523 1588 5571 vi,
1622 5506 1704 5559 l2.
1782 5507 1827 5537 ⁸⁸
1853 5507 1992 5560 Deut
2048 5523 2130 5563 xx:

2237 5509 2290 5564 9.
2367 5508 2482 5564 σου
2517 5508 2656 5564 Tim.
2701 5481 2773 5573 ιν,
2807 5509 2858 5572 7,
2891 5505 2942 5559 8.
3021 5504 3138 5561 τευ-η
3173 5506 3316 5562 Tim.
3353 5508 3500 5573 ",5.

1831 5631 2060 5687 VARI/8
2112 5629 2511 5687 LECTIONES.

625 5722 650 5776 J
690 5723 831 5778 Nota
856 5725 1006 5778 hunc
1038 5741 1144 5779 non
1178 5725 1316 5778 tueri
1351 5723 1788 5778 immobililala'm
1821 5739 1946 5794 erga
1971 5723 2276 5794 passiones.
