3916 6304
163 258 287 328 1673

1139 261 1473 326 HOMILIA
1510 265 1742 325 LXXX.
1771 290 1840 299 -
1875 266 1971 327 DE
2005 264 2452 325 CONCORDIA.

3264 256 3288 317 .l
3300 250 3405 318 67’s

157 366 382 430 εὐσεϐῶς
408 365 506 437 ζῇν
522 367 580 420 ἐν
608 365 849 437 Χριστῷ,
872 364 1283 437 διωχθήσονται.
1320 388 1338 421 ι
1372 366 1430 423 Ὀ
1459 369 1516 423 δὲ
1545 369 1727 424 Ἰωάν-

1842 372 1975 428 latis
1998 374 2081 441 _";
2133 387 2233 443 ego
2278 373 2443 441 igitur
2471 370 2547 426 sic
2578 382 2764 433 curro,
2796 380 2907 421 non
2945 363 3101 434 quasi
3137 364 3192 418 in
3222 365 3405 421 inecr»

156 472 262 525 νης,
294 475 312 508 ι
334 455 427 527 Μὴ
460 455 791 526 θαυμάζετε,
825 455 1012 526 φησιν,
1042 455 1284 524 ἀδελφοὶ,
1319 460 1366 511 εἰ
1398 459 1550 528 μισεῖ
1579 454 1726 528 ὑμᾶς

155 548 181 600 6
209 547 435 617 κόσμοςο
471 548 634 619 ἡμεῖς
661 546 885 617 οἴδαμεν
914 547 997 599 ὅτι
1035 546 1494 620 μεταϐεϐήκαμεν
1535 550 1599 602 ἐκ
1627 547 1725 603 τοῦ

158 637 378 690 θανάτου
422 639 511 700 θείς
546 638 645 708 τὴν
671 636 838 708 ζωήν.
870 655 888 689 ι
928 638 1039 691 Καὶ
1079 640 1108 690 6
1142 637 1347 709 Κύριος
1379 656 1392 669 ·
1433 657 1452 692 ι
1502 639 1701 709 Ἀγωνί

157 726 305 790 ζεσθε
348 728 610 781 εἰσελθεῖν
642 727 731 781 διὰ
770 728 871 799 τῆς
923 729 1116 799 στενῆς
1145 730 1342 800 πύλης,
1374 732 1456 785 ὅτι
1491 731 1726 785 πλατεῖα

156 818 347 889 ἠπύλη
378 820 470 873 καὶ
515 819 828 893 εὐρύχωρος
866 823 899 891 ἡ
946 821 1063 885 ὁδὸς
1104 820 1137 892 ἡ
1176 823 1469 891 ἀπάγουσα
1517 824 1599 887 είς
1627 824 1728 894 τὴν

157 912 453 965 ἀπώλειαν·
489 913 582 964 καὶ
624 912 809 977 πολλοί
868 915 1008 966 εἰσιν
1061 915 1109 967 οἱ
1163 915 1609 986 εἰσπορευόμενοι
1665 914 1734 968 δι’

1825 476 1972 527 tum;
2013 464 2093 520 sic
2123 452 2335 535 (pugno,
2371 478 2480 517 non
2510 461 2667 532 quasi
2723 472 2908 514 aerem
2937 456 3276 535 verberans;
3308 453 3406 511 sed

1823 553 2032 625 castigo
2060 569 2264 623 corpus
2293 567 2478 607 meum
2516 560 2573 605 et
2624 549 2680 603 in
2735 546 3063 602 servitutem
3094 543 3305 614 redigo,
3339 558 3408 596 ne

1824 644 1966 700 forte
2017 659 2144 698 cum
2196 641 2325 697 aliis
2369 635 2804 712 praedicaverim,
2848 634 2964 707 ipse
3000 635 3269 707 reprobus
3296 631 3411 689 elli-

1826 733 2032 787 ciar".
2066 752 2085 784 ι
2140 731 2221 786 Ad
2270 730 2657 800 Philippenscs
2706 735 2892 782 autem
2950 741 3063 795 per.
3109 723 3408 794 Epistolain

1827 822 1966 878 dicit
1996 840 2008 877 :
2043 841 2061 874 ι
2083 820 2373 877 Certamen
2405 819 2549 892 quod
2581 816 2801 874 vidistis
2832 826 2889 873 et
2911 814 3186 871 didicistis
3216 815 3268 869 iu
3297 830 3407 876 me,

1827 923 1883 970 ct
1914 926 2064 970 nunc
2102 914 2435 970 auditis".»
2479 912 2560 967 Ad
2609 909 2876 967 Hebraeos
2911 924 3176 981 quoque:
3214 927 3231 958 ι
3257 906 3411 962 Non-

154 1005 336 1074 αὐτῆς,
365 1005 447 1057 ὃτι
480 1003 636 1073 στενὴ
665 1006 698 1074 ἡ
744 1004 890 1074 πύλη
943 1006 1037 1058 καὶ⁸
1079 1005 1417 1078 τεθλιμμένη
1457 1008 1491 1076 ἡ
1531 1006 1649 1069 ὁδὸς
1697 1010 1730 1078 ἡ

1842 1007 1962 1060 ium
2004 1022 2182 1077 usque
2207 1003 2275 1061 ad
2307 1006 2645 1077 sanguinem,
2666 1003 2950 1059 restitistis
2983 1001 3248 1057 adversus
3287 1014 3414 1070 pec-

156 1098 438 1161 ἁπάγουσα
493 1099 574 1161 είς
625 1097 725 1166 τὴν
764 1095 932 1167 ζωὴν,
958 1113 978 1147 ι
1020 1091 1111 1169 [ἧς
1156 1095 1522 1168 ἀξιωθείημεν
1552 1098 1735 1168 χάριτι

1842 1104 2015 1152 catum
2066 1103 2457 1168 repugnantes,
2514 1105 2572 1152 et
2614 1093 2773 1151 obliti
2821 1094 2957 1150 estis
3013 1090 3414 1148 consolationis

157 1191 389 1259 Χριστοῦ
432 1189 525 1242 τοῦ
574 1187 760 1261 Θεοῦ]
793 1189 952 1260 Αὐτῷ
982 1192 1014 1258 ἡ
1046 1189 1175 1257 δόξα
1220 1191 1301 1253 εἰς
1341 1190 1468 1253 τοὺς
1507 1189 1731 1254 αἰῶνας.

1842 1202 1955 1260 quae
2001 1187 2159 1243 vobis
2203 1198 2465 1258 tanquam
2509 1185 2639 1243 ﬁliis
2693 1181 3136 1258 lo’quiturzFili,
3169 1184 3268 1249 ait,
3300 1182 3414 1238 noli

164 1280 354 1350 Ἀμήν·
1832 1278 2111 1349 negligere
2139 1278 2487 1348 disciplinam
2521 1274 2761 1341 Domini,
2790 1292 2974 1346 neque
3001 1274 3249 1345 {aligeris
3282 1274 3412 1329 dum

153 1372 239 1426 ab‘
270 1388 337 1428 eo
391 1373 639 1442 argueris
694 1382 905 1442 :quem
943 1373 1091 1428 enim
1162 1368 1351 1444 diligit
1385 1370 1673 1438 Dominus,
1724 1373 1998 1442 castigat:
2031 1371 2271 1442 ﬂagellat
2332 1380 2517 1426 autem
2585 1385 2804 1425 omnem
2845 1369 3017 1423 tilium
3063 1382 3226 1438 quem
3286 1363 3419 1420 reci‘

154 1465 319 1534 pit“.
351 1485 370 1517 ι
445 1465 598 1520 Alios
646 1465 777 1520 item
832 1480 941 1520 non
990 1467 1257 1522 mediocri
1328 1467 1490 1522 laude
1535 1466 1954 1531 commendans,
2021 1466 2142 1519 ait:
2207 1485 2224 1516 ι
2262 1464 2338 1520 ita
2390 1472 2452 1519 ut
2505 1480 2608 1519 nos
2653 1463 2956 1535 gloriemur
2998 1476 3102 1533 pro
3149 1456 3415 1531 patientia

154 1565 334 1612 vestra
371 1566 427 1611 et
468 1557 571 1611 ﬁde
604 1560 659 1610 in
697 1557 955 1612 oninibus
1030 1543 1514 1628 persecutionibus
1567 1558 1772 1613 vestris
1809 1570 1865 1612 ct
1932 1554 2404 1622 tribulationibus,
2463 1570 2601 1626 quas
2666 1554 2953 1610 sustinetis
3004 1553 3059 1606 in
3103 1551 3414 1621 exemplum

150 1647 284 1717 justi
331 1647 527 1718 judicii
593 1632 711 1709 Dei,
740 1663 840 1717 pro
874 1659 981 1718 qua
1034 1658 1090 1703 et
1126 1650 1378 1719 patimini
1428 1651 1514 1715 '5;
1549 1650 1869 1720 quicunque
1933 1648 2082 1702 enim
2116 1648 2313 1703 volunt
2374 1647 2462 1717 pic
2504 1647 2693 1703 vivere
2723 1647 2780 1701 in
2811 1645 3059 1719 Christo,
3083 1643 3412 1714 persecutio

153 1755 279 1794 nem
329 1739 609 1809 patientur
635 1740 746 1793 ⁷⁸.»
800 1739 1041 1795 Joannes
1108 1752 1294 1799 autem
1334 1742 1411 1795 ait
1451 1759 1464 1796 :
1502 1736 1724 1796 «Nolite
1764 1737 1954 1796 mirari
2022 1738 2267 1810 (fratres)
2316 1739 2361 1793 si
2401 1734 2519 1793 odit
2571 1753 2671 1793 vos
2727 1737 2990 1802 mundus,
3058 1751 3159 1790 nos
3211 1735 3417 1789 scimus

152 1832 283 1903 quia
323 1832 574 1886 translati
617 1844 807 1886 sumus
855 1831 923 1886 de
974 1842 1149 1887 morte
1185 1833 1253 1887 ad
1321 1833 1491 1886 vitam
1548 1834 1615 1885 "".
1648 1852 1666 1883 ι
1746 1832 2015 1887 Dominus
2060 1847 2191 1885 vero
2229 1849 2241 1884 :
2283 1851 2299 1882 ι
2327 1828 2660 1886 Contendite
2712 1829 2926 1885 intrare
2974 1844 3075 1899 per
3128 1834 3416 1897 angustam

150 1932 389 1994 portam,
419 1924 549 1993 quia
574 1924 682 1978 lata
706 1932 789 1977 est
814 1932 971 1993 porta
1008 1930 1064 1978 et
1087 1926 1326 1994 spatiosa
1368 1926 1455 1982 via
1521 1924 1643 1996 quae
1674 1926 1829 1981 ducit
1864 1921 1930 1980 ad
2006 1925 2398 1997 perditionem,
2458 1934 2515 1979 et
2550 1924 2710 1978 multi
2750 1931 2878 1979 sunt
2920 1922 3020 1993 qui
3077 1921 3287 1977 vadunt
3315 1936 3416 1992 per

151 2037 275 2076 eam
309 2037 515 2092 :quam
563 2032 791 2093 angusta
841 2038 972 2079 vero
1014 2032 1195 2094 porta,
1266 2030 1325 2077 et
1391 2031 1542 2076 arcta
1590 2029 1673 2076 est
1711 2022 1798 2076 via
1839 2036 1960 2091 qua:
2013 2020 2165 2076 ducit
2211 2019 2280 2075 ad
2330 2019 2497 2075 vitam
2522 2020 2584 2074 ⁷³.
2624 2038 2643 2072 ›
2687 2018 2792 2089 Ipsi
2862 2017 3035 2089 gloria
3091 2016 3147 2070 in
3194 2014 3412 2071 saecula.

150 2116 347 2170 Amen.

778 2247 998 2305 ΛΟΓΟΣ
1030 2254 1110 2306 ui.
1770 2235 1811 2290 Β

720 2378 853 2448 Περὶ
884 2381 1181 2461 ὁμονοίας.

226 2504 609 2562 Εὐαπόδεκτον
655 2510 775 2579 Θεῷ
829 2511 929 2579 τῆς
973 2509 1223 2574 ὲνώσεως
1268 2513 1364 2581 τῆς
1415 2511 1738 2580 Ἐκκλησίας

149 2602 465 2674 φροντίζειν
483 2642 497 2667 ,
542 2597 611 2673 ἦς
639 2602 793 2654 οὐδὲν
819 2601 1042 2672 ἄμεινον
1069 2605 1127 2655 ἐν
1157 2602 1487 2673 ἀνθρώποις.
1521 2606 1629 2658 Καὶ
1656 2606 1736 2670 τὸ,

146 2693 364 2755 πάντας
397 2692 725 2761 βαστάζειν,
762 2692 837 2755 ὡς
866 2693 961 2746 καὶ
991 2694 1138 2763 ἡμᾶς
1166 2693 1195 2745 ό
1224 2692 1448 2764 Κύριος,
1480 2695 1577 2747 καὶ
1603 2695 1740 2747 πάν·-

142 2802 261 2837 των
293 2784 583 2853 ἀνέχεσθαι
617 2787 673 2838 ὲν
705 2785 915 2856 ἀγάπῃ.
971 2786 1082 2837 Καὶ
1121 2786 1183 2838 οὐ
1214 2784 1319 2855 χρὴ
1348 2778 1554 2855 εὐλόγῳ
1581 2785 1740 2854 δῆθεν

82 2874 101 2881 ³
145 2876 465 2946 προφάσει,
520 2875 606 2928 ἵνα
655 2876 730 2945 μὴ
764 2874 933 2944 εἴπω,
971 2875 1068 2928 καὶ
1099 2876 1220 2928 λίαν
1250 2876 1451 2947 ἀλόγῳ,
1484 2877 1739 2947 ἀποσπᾷν

143 2968 383 3030 ἑαυτοὺς
417 2967 511 3018 τοῦ
552 2966 803 3036 σώματος
844 2968 941 3037 τῆς
980 2966 1327 3036 Ἐκκλησίας,
1367 2968 1460 3019 καὶ
1492 2966 1737 3034 ἱδιάζειν,

144 3057 269 3110 ἀλλ’
300 3057 394 3110 ἐπὶ
423 3057 482 3109 τὸ
509 3058 642 3110 αὐτὸ
678 3056 776 3127 μία
802 3057 1104 3128 προσευχὴ,
1137 3058 1237 3127 μία
1259 3057 1466 3128 δέησις,
1488 3052 1569 3121 εἷς
1596 3058 1738 3127 νοῦς,

147 3150 255 3218 μία
284 3148 457 3210 ἐλπὶς,
496 3150 553 3201 ἐν
580 3148 792 3219 ἀγάπῃ,
825 3150 882 3201 ἐν
910 3150 974 3219 τῇ
1007 3150 1151 3218 χαρᾷ
1180 3150 1245 3218 τῇ
1277 3147 1512 3219 ἀμώμῳ,
1535 3150 1563 3202 ὃ
1592 3151 1740 3203 ἐστιν

158 3237 379 3307 Ἰησοῦς
406 3232 660 3308 Χριστὸς,
696 3234 756 3292 οὐ
787 3238 938 3291 οὐδὲν
966 3238 1387 3310 θυμηδέστερον.
1416 3243 1620 3311 Πάντες
1647 3242 1740 3297 οἷον

140 3330 445 3399 ὀφείλομεν
496 3329 810 3401 συντρέχειν
845 3330 922 3395 ὼς
955 3331 1048 3382 ἐπὶ
1081 3331 1139 3393 ἓν
1170 3331 1589 3403 θυσιαστήριον.
1642 3336 1739 3404 μία

140 3419 340 3489 ψυχὴ,
409 3418 513 3472 κᾶν
572 3422 628 3477 ὲν
679 3419 896 3485 πολλοῖς
953 3423 1066 3482 τοῖς
1120 3420 1337 3489 μέλεσιν
1393 3422 1493 3489 μία
1544 3422 1736 3493 γνώμη

138 3510 233 3563 ἑνὶ
266 3507 572 3578 θελήματι,
622 3509 697 3571 ὡς
732 3508 790 3561 ἓν
823 3508 982 3578 σῶμα
1007 3509 1368 3579 ὑπάρχοντες,
1394 3511 1606 3590 ᾭσπερ
1632 3512 1740 3582 γὰρ

142 3600 365 3670 σμῆνος
398 3598 667 3668 μελισσῶν
697 3600 993 3669 ἐργάζεται
1027 3601 1250 3670 κηρίον,
1285 3600 1455 3664 οὕτως
1489 3602 1743 3672 σύστημα
1769 3580 1810 3635 C

136 3688 403 3758 ἀδελφῶν
437 3688 715 3757 βασιλείαν
743 3690 911 3742 Θεοῦ·
950 3691 1045 3744 καὶ
1072 3692 1263 3761 ὥσπερ
1292 3694 1525 3759 σάλπιγξ
1545 3695 1731 3762 διεγεί-

141 3799 237 3852 ρει
273 3779 585 3850 προθυμίαν
617 3780 982 3850 πολεμιστῶν,
1017 3782 1191 3846 οὕτως
1227 3784 1483 3855 μαθητῶν
1515 3786 1739 3856 σπουδὴ,

133 3867 475 3925 διδασκαλία
493 3872 803 3947 πρακτικῆς
822 3873 1048 3943 ἀρετῆς.
1067 3873 1123 3927 Ὀ
1142 3876 1209 3943 γά
1218 3893 1248 3946 ρ
1264 3863 1737 3947 χωρίζωνλωυτδν,

133 3963 334 4014 ἔοικεν
364 3960 537 4030 ὀρνέῳ
563 3963 955 4017 ὲκπετασθὲντι
990 3965 1090 4039 τῆς
1123 3965 1259 4028 ἰδίας
1283 3968 1500 4030 νοσσιᾶς
1533 3968 1625 4020 καὶ
1650 3968 1740 4021 τό-

131 4070 251 4106 πον
278 4053 344 4103 ὲκ
363 4051 530 4103 τόπου
555 4050 1044 4124 ἀμείϐοντι.⁴’οπερ
1068 4055 1512 4109 εὐεπιῦοὐλευτον
1533 4057 1740 4127 γίνεται

132 4141 322 4194 παντὶ
372 4141 552 4211 ίξευτῇ
588 4142 682 4193 καὶ
722 4140 983 4213 θηρευτῇ.
1040 4144 1316 4197 Πάντοοεν
1346 4146 1454 4215 γὰρ
1487 4136 1738 4214 παγίδες,

133 4230 242 4284 καὶ
276 4230 552 4282 σκάνδαλα
574 4231 805 4298 ἀνομίας
826 4231 979 4301 αὐτῴ
1007 4235 1466 4305 καταπεπήγασιν
1488 4238 1536 4288 oi
1558 4237 1741 4304 νοητοὶ

132 4322 363 4387 ἱξευταὶ
392 4323 485 4373 καὶ
514 4320 800 4392 θηρευταὶ,
833 4322 972 4376 ἀλλὰ
997 4325 1092 4377 καὶ
1120 4326 1170 4378 oi
1199 4326 1485 4397 ἀρπακταὶ
1506 4327 1740 4399 κόρακες

126 4412 540 4484 ἐξορύσσουσιν
589 4413 756 4466 αὐτοῦ
803 4415 931 4476 τοὺς
971 4415 1305 4487 ὀφθαλμούς.
1359 4419 1518 4472 Κατά
1561 4418 1740 4472 πάντα

125 4508 235 4562 οὖν
276 4505 421 4575 καλὴ
468 4505 561 4557 καὶ
595 4506 931 4577 εὐάρμοστος
984 4510 1017 4574 ἡ
1054 4510 1348 4579 συμφωνία
1385 4511 1485 4581 τῆς
1516 4511 1740 4580 ἀδελφό-

125 4613 316 4669 τητος
372 4595 511 4665 μετά
552 4596 804 4666 ὁμονοίας
825 4635 842 4662 ,
898 4599 1136 4668 μάλιστα
1170 4602 1305 4655 ὅπου
1337 4602 1519 4656 τελεία
1551 4604 1737 4676 ἀγάπη

121 4686 488 4761 ἐρρίζωσεν·
521 4686 706 4751 καθὼς
730 4689 1062 4761 εὑρίσκομεν
1094 4692 1358 4746 Ἐλισαῖον
1384 4694 1737 4762 μετάἮλίουο

122 4775 395 4839 ἀκούσας
424 4781 532 4849 γὰρ
561 4776 708 4845 ἅπαξ
739 4780 837 4833 καὶ
866 4780 968 4846 δὶς,
999 4801 1017 4832 ‹
1043 4783 1226 4835 Κάθου
1256 4783 1543 4848 ὲνταῦθα,ι
1580 4785 1739 4849 αὐτὸς

2200 2245 2242 2317 ι
2256 2247 2411 2318 152
2448 2246 2730 2302 HOMILIA
2768 2243 2980 2300 LXXX.

2429 2372 2501 2426 De
2532 2374 2831 2428 concordia.

1910 2483 2024 2562 Deo
2077 2524 2245 2578 quam
2296 2519 2582 2579 acceptum
2629 2509 2702 2563 sit
2752 2508 2973 2563 tuendae
3024 2509 3415 2565 eccls'astica:

1842 2598 2079 2654 unitatis
2143 2599 2430 2663 studium,
2497 2599 2624 2670 quis
2688 2599 2941 2653 oratione
3004 2600 3418 2668 consequatur?

1844 2691 1961 2746 Hac
1992 2705 2102 2746 una
2122 2691 2280 2745 nihil
2316 2707 2549 2760 usquam
2584 2691 2730 2745 inter
2759 2690 3017 2745 homines
3046 2692 3418 2760 comperietur

1844 2785 2069 2839 melius.
2112 2784 2220 2840 Sed
2244 2793 2301 2839 et
2324 2784 2579 2854 portandi
2605 2799 2799 2838 omnes
2821 2792 2971 2848 sunt,
2995 2784 3210 2838 Domini
3235 2798 3419 2838 exem-

1841 2871 1936 2941 plo
1972 2860 2206 2942 quinos
2249 2872 2651 2942 patientissime
2684 2874 2844 2938 tulit,
2903 2889 3096 2928 omnes
3132 2874 3417 2945 (inquam)

1844 2962 2207 3018 in.cbaritate
2243 2963 2515 3018 tolerandi
2545 2964 2799 3018 veniunt.
2836 2965 2948 3019 Nec
2981 2966 3095 3019 ullo
3124 2976 3414 3036 pra-textu,

1842 3050 2155 3120 quamlibet
2190 3051 2367 3105 videri
2398 3053 2571 3120 possit
2603 3051 2978 3119 rationabilis,
3015 3062 3076 3109 ut
3104 3071 3212 3110 non
3238 3056 3417 3111 dicam

1844 3142 1996 3211 quod
2026 3142 2081 3196 id
2115 3159 2146 3198 a
2179 3147 2393 3199 ratione
2423 3145 2664 3200 alienum
2693 3147 2801 3211 sit,
2851 3148 3111 3202 convenit
3143 3163 3201 3203 se
3227 3150 3297 3204 ab
3321 3166 3418 3206 ec-

1845 3234 2143 3290 clesiastici
2171 3237 2425 3306 corporis
2451 3238 2664 3294 unitate
2691 3223 2962 3295 divelle‘re
2986 3255 3051 3295 ac
3069 3244 3298 3296 seors‘m
3324 3242 3422 3299 de-

1842 3338 2005 3392 gere;
2059 3323 2157 3378 sed
2202 3324 2256 3377 in
2289 3341 2460 3380 unum
2492 3328 2815 3384 coadunatis
2846 3345 2951 3384 una
2980 3331 3051 3386 sit
3082 3334 3281 3397 oratio,
3316 3334 3420 3389 de-

1842 3414 2092 3483 precatio
2144 3431 2282 3479 una,
2338 3405 2495 3473 mens
2541 3436 2682 3484 una,
2739 3439 2848 3478 una
2882 3440 3010 3494 spes
3043 3425 3096 3478 in
3127 3426 3417 3490 charitate,

1847 3502 1902 3557 in
1954 3504 2156 3573 gaudio
2205 3507 2356 3574 quod
2401 3510 2537 3563 nulli
2572 3521 2759 3579 pateat
2785 3515 2947 3583 justm
2978 3517 3416 3586 reprehensioni,

1846 3594 1938 3662 qui
1993 3594 2156 3649 Jcsus
2196 3594 2456 3653 Christus
2493 3608 2612 3665 est,
2669 3615 2782 3671 quo
2812 3605 3038 3673 quidem
3072 3608 3208 3662 nihil
3241 3618 3421 3679 potest

1845 3685 2034 3740 animo
2068 3688 2309 3744 insidere
2340 3693 2572 3760 gratius.
2610 3694 2889 3751 Debemus
2914 3696 3083 3768 igitur
3109 3714 3301 3756 omnes
3321 3720 3420 3759 nos

1844 3775 2008 3844 parili
2062 3787 2120 3831 et
2163 3778 2361 3833 eodem
2407 3782 2593 3854 animo
2643 3785 2875 3854 perinde
2905 3805 2969 3842 ac
3002 3789 3068 3842 ad
3096 3791 3268 3845 altare
3308 3793 3420 3862 (ita

1845 3868 2013 3922 modo
2056 3868 2215 3938 loqui
2266 3870 2465 3941 liccat)
2519 3889 2874 3933 concurrere.
2938 3877 3178 3935 Tametsi
3228 3898 3420 3939 sumus

1843 3958 2141 4028 multiplici
2173 3960 2437 4018 varietate
2467 3965 2849 4022 membrorum
2883 3968 3131 4025 distincti
3157 4011 3172 4034 ,
3223 3974 3415 4029 eadem

1844 4048 1918 4103 sit
1948 4059 2005 4103 et
2020 4052 2307 4126 sententia
2343 4064 2399 4109 et
2425 4072 2523 4125 par
2545 4058 2836 4125 voluntas,
2881 4076 3007 4116 eum
3039 4077 3209 4118 unum
3241 4065 3417 4120 idern-

1842 4157 1950 4212 que
2001 4144 2176 4200 simus
2216 4162 2449 4217 corpus.
2503 4149 2980 4216 Quemadmodum
3008 4156 3158 4211 enim
3186 4174 3418 4215 examen

1842 4250 2007 4304 apum
2043 4236 2228 4292 favum
2261 4239 2366 4294 sibi
2398 4243 2623 4298 coniicit
2648 4244 2857 4311 mellis,
2908 4246 2982 4302 ita
3016 4246 3249 4304 fratrum
3277 4267 3413 4306 con--

1842 4327 2090 4397 gregatio
2132 4345 2364 4399 regnum
2397 4344 2755 4403 repraesentat
2787 4338 2901 4393 Dei.
2963 4339 3116 4395 Sicut
3153 4344 3415 4401 tubarum

1844 4418 2071 4489 clangor
2093 4420 2419 4477 bellantium
2438 4437 2730 4494 promovet
2750 4437 2806 4482 et
2828 4431 3033 4488 excitat
3053 4434 3414 4503 alacritatem,

1846 4511 1921 4566 ita
1973 4521 2030 4568 et
2073 4515 2332 4583 praelicte
2363 4517 2586 4573 virtutis
2617 4520 2869 4578 doctrina
2905 4525 3085 4581 studia
3116 4527 3415 4597 discipulo-

1843 4617 1969 4656 rum
2006 4602 2150 4658 mire
2180 4605 2423 4662 exacuit.
2483 4608 2619 4662 Nam
2655 4610 2910 4680 quisquis
2942 4628 3003 4667 se
3029 4629 3059 4667 a
3087 4616 3301 4671 caneris
3328 4632 3416 4672 se—

1844 4703 2037 4765 gregat
2085 4702 2140 4750 et
2189 4696 2245 4751 in
2291 4705 2465 4753 totum
2508 4702 2723 4767 avellit,
2765 4704 2906 4758 nihil
2941 4705 3167 4762 dill‘erre
3195 4708 3418 4763 videtur

1840 4787 1911 4842 ab
1941 4789 2029 4842 avi
2065 4805 2186 4858 quae
2216 4806 2247 4845 e
2276 4790 2411 4846 nido
2439 4793 2670 4863 proprio
2700 4797 2959 4864 evolavit,
2994 4812 3170 4869 eoque
3199 4801 3417 4872 cogitur

123 4871 269 4941 μεθ’
303 4869 473 4938 ὅρκου
514 4869 871 4939 ἁπεκρίνατο,
904 4892 923 4924 ι
962 4875 1037 4944 Ζῇ
1073 4873 1509 4945 Κύριος,λέγων,
1545 4879 1638 4929 καὶ
1671 4877 1735 4948 ζῇ

1845 4893 1876 4932 e
1910 4878 2035 4934 loco
2068 4890 2406 4950 permutare.
2464 4882 2695 4941 Avicula
2729 4902 2859 4957 quae
2882 4889 3004 4945 talis
3028 4901 3112 4945 est
3138 4869 3417 4948 nihil—dif-

116 4967 154 5033 ἡ
193 4962 362 5031 ψυχή
392 4976 508 5023 σου,
543 4964 593 5014 εί
622 4963 1003 5033 ἐγκαταλείψω
1032 4982 1112 5018 σε.
1134 4985 1152 5016 ι
1198 4966 1432 5036 Ὀμοίως
1460 4968 1553 5021 καὶ
1579 4963 1733 5022 Ῥούθ

1846 4969 1993 5025 licile
2041 4972 2263 5040 capitur
2317 4989 2416 5043 per
2462 4977 2694 5047 aucupis
2728 4987 2822 5033 aut
2854 4983 3133 5037 venatoris
3160 4983 3413 5040 insidias.

116 5060 156 5126 ἡ
219 5051 556 5120 Μωαϐῖτις,
614 5058 681 5125 τῇ
731 5055 974 5127 πενθερᾷ
1012 5057 1216 5126 αὐτῆς
1278 5075 1298 5109 ‹
1327 5057 1465 5111 Τάδε
1514 5061 1735 5129 ποιήσαι

1842 5059 2002 5115 Omni
2051 5061 2199 5116 enim
2248 5077 2318 5117 ex
2359 5073 2516 5133 parte
2581 5081 2827 5138 aucupes
2873 5068 2951 5124 illi
2999 5078 3056 5126 et
3094 5072 3414 5142 spirituales

120 5165 231 5219 μοι
269 5144 484 5216 Κύριος
506 5186 520 5210 ,
575 5147 668 5200 καὶ
701 5147 830 5201 τάδε
861 5146 1151 5218 προσθείη,
1185 5148 1442 5217 λέγουσα,
1475 5151 1556 5204 ὅτι
1584 5153 1613 5205 6
1639 5152 1735 5206 θά-

1842 5161 2097 5234 captares
2119 5154 2347 5225 laqueos
2375 5172 2439 5211 ac
2462 5160 2716 5214 scandala
2741 5160 3050 5232 iniquitatis
3075 5174 3412 5235 prtestruunt

113 5251 311 5297 νατος
345 5234 617 5289 διαστελεῖ
646 5238 752 5290 ἀνά
790 5239 955 5308 μέσον
987 5238 1121 5308 ἐμοῦ
1155 5239 1250 5292 καὶ
1277 5239 1392 5294 σοῦ.
1429 5259 1448 5293 ›
1500 5241 1735 5307 Εἰκότως

1842 5251 1896 5298 et
1926 5245 2306 5315 agglomerant
2339 5247 2417 5302 illi
2445 5265 2604 5320 vago,
2640 5253 2905 5323 corvique
2956 5234 3186 5325 rapaces
3217 5258 3413 5313 istius.-

111 5320 228 5381 οὖν
290 5327 325 5377 ὁ
368 5322 521 5390 Beda:
544 5365 559 5388 ,
614 5327 911 5397 εὐλόγησεν
940 5328 1133 5400 αὐτὴν,
1162 5329 1336 5398 λέγων
1356 5347 1370 5361 ο
1404 5342 1433 5382 ἰ
1458 5332 1509 5384 Ἀ
1522 5331 1735 5384 ποτίσαι

1842 5336 1986 5390 modi
2015 5348 2288 5394 excavant
2316 5349 2373 5395 ct
2397 5343 2754 5401 exterebrant
2776 5347 2986 5402 oculos.
3017 5348 3227 5404 Decora
3255 5366 3413 5421 pror-

111 5419 363 5489 Κὺριος
392 5416 491 5485 τὴν
522 5417 786 5490 ἐργασίαν
820 5432 915 5471 σου
934 5459 948 5483 ,
1001 5418 1097 5473 καὶ
1126 5419 1337 5489 γένοιτο
1368 5423 1396 5476 ὁ
1427 5421 1618 5490 μισθός
1645 5439 1735 5476 σου

1842 5442 1938 5482 sus
1987 5433 2044 5483 et
2087 5438 2278 5498 aperte
2332 5447 2431 5502 per
2471 5435 2657 5490 omnia
2691 5451 3010 5508 congruens
3047 5438 3310 5498 fraterna:
3344 5458 3412 5500 es

198 5592 260 5688 ’ξε
287 5591 754 5688 Ιφξοτ.ηι-Χ,¹Ξὶ.”
783 5596 1137 5688 ’τριξὰ-εδ
1159 5599 1359 5688 £27."
1389 5600 1457 5688 ἐξ
1476 5599 1714 5688 Philipp.

1992 5672 2012 5688 η
2057 5604 2102 5635 τι
2131 5605 2458 5688 llcbr._vu,
2510 5613 2631 5670 4—6.
2738 5615 2852 5673 ἰιι
2887 5617 3081 5675 Thess.
3128 5636 3190 5688 ι,
3235 5620 3313 5688 ι,
3352 5619 3408 5678 ts.

112 5667 171 5702 ⁷³
204 5665 261 5722 Π
303 5661 453 5716 Tim.
481 5680 561 5725 ιη,
599 5665 683 5718 l2.
712 5662 801 5717 '"l
836 5666 994 5720 Joan.
1040 5684 1118 5728 Ill,
1154 5670 1236 5722 15.
1317 5669 1574 5728 ",Matth.
1620 5661 1709 5739 in,

1867 5672 2149 5741 tt;Luc.,
2189 5661 2458 5744 13,621."
2522 5661 2537 5669 ’
2583 5661 2631 5670 ’⁷
2806 5661 2852 5673 ”
2895 5661 3081 5675 ””“’”’
3131 5661 3190 5688 ”
3235 5661 3313 5688 "
3352 5661 3397 5737 ’ῗ

400 5755 671 5819 Pyrno!"
726 5759 839 5817 Gn.
872 5761 1210 5820 LXXXlK.
1596 5827 1606 5835 _
3016 5782 3093 5844 53
