4030 6296
574 299 714 364 1375

1839 298 2201 361 ANTIOCHI
2237 282 2603 363 MONACHII

3700 304 3834 369 1676

571 409 791 466 unionis
855 409 1145 464 consensio
1192 423 1316 462 cum
1366 405 1673 461 animorum
1713 412 2050 466 concordia:
2087 412 2137 465 id

2246 409 2456 482 πλήρης
2492 409 2642 477 παρὰ
2671 407 2898 479 Κυρίου.
2929 428 2947 460 ι
3001 409 3112 464 Καὶ
3154 409 3452 480 ἀλλογενὴς
3484 405 3632 464 οὖσα
3661 415 3833 485 ἡρμό-

571 501 718 575 quod
775 502 959 556 locum
1020 500 1187 555 habet
1243 501 1328 554 vel
1370 500 1646 566 maxime,
1708 501 1802 555 ubi
1853 503 2024 557 solida
2077 519 2142 558 ac

568 595 818 668 perfecta
873 593 1120 648 charitas
1181 593 1398 648 radices
1447 607 1574 648 suas
1631 591 1792 648 fixius
1838 593 2136 665 impressit.

569 687 896 758 Exemplum
921 684 1239 740 invenimus
1265 685 1320 738 in
1341 685 1541 739 Eliszeo
1567 701 1689 740 cum
1713 686 1853 740 Elia.
1875 687 1972 741 Ille
1991 687 2140 742 enim

567 781 738 856 semel
782 787 836 834 et
870 779 959 833 bis
997 779 1126 833 cum
1158 777 1447 834 audisset:
1483 797 1500 828 ι
1529 777 1672 832 Sede
1700 779 1790 832 hic
1819 799 1866 844 ι,
1898 795 2024 833 cum
2047 781 2139 850 ju«

568 878 818 926 ramento
846 868 1134 940 respondit
1159 888 1172 924 :
1207 889 1225 920 ι
1246 869 1394 925 Vivit
1417 869 1704 934 Dominus,
1723 881 1779 925 et
1803 869 1937 926 vivit
1957 871 2137 926 anima

571 977 685 1027 tua,
721 963 766 1018 si
798 963 1046 1016 deseram
1078 969 1129 1016 te
1149 961 1216 1016 τ’.
1242 981 1260 1013 ι
1322 962 1435 1016 Nec
1463 977 1626 1016 secus
1675 961 1825 1017 Ruth
1872 961 1964 1014 illa
1993 961 2140 1016 Moa-

569 1054 703 1108 bitis
754 1055 936 1108 socrui
983 1069 1095 1108 sua:
1148 1071 1162 1107 :
1212 1072 1230 1104 ι
1265 1053 1391 1110 Haec
1425 1045 1590 1108 faciat
1620 1054 1754 1108 mihi
1789 1054 2054 1109 Dominus
2083 1063 2141 1108 et

567 1147 684 1201 hzec
729 1145 932 1210 addat,
991 1145 1122 1214 quia
1164 1160 1314 1200 mors
1346 1145 1492 1199 inter
1519 1161 1606 1200 me
1635 1153 1690 1200 et
1716 1154 1769 1202 te
1803 1146 1916 1201 sola
1943 1145 2141 1201 distin-

567 1237 784 1307 guet".
814 1256 832 1288 ι
889 1236 1022 1292 Iure
1067 1235 1236 1306 igitur
1284 1236 1430 1290 Booz
1473 1235 1760 1290 benedixit
1787 1237 1860 1305 ei,
1901 1236 2134 1292 dicens:

560 1345 591 1378 ·‹
625 1326 844 1381 Reddat
887 1327 1157 1382 Dominus
1210 1341 1349 1396 opus
1393 1337 1581 1392 tuum,
1619 1335 1674 1382 et
1703 1328 1776 1382 sit
1808 1343 2030 1398 merces,
2046 1336 2137 1383 tua

567 1419 730 1490 ple’na
764 1434 796 1472 a
823 1416 1144 1472 Domino".
1169 1437 1186 1468 ι
1229 1418 1356 1472 llaec
1386 1419 1591 1487 alioqui
1623 1418 1816 1474 aliena:
1842 1433 1966 1474 eum
1993 1431 2140 1476 esset

564 1509 778 1580 gentis,
835 1509 1116 1562 connubio
1169 1509 1362 1582 juncta
1417 1517 1501 1563 est
1550 1509 1654 1580 ipsi
1707 1510 1876 1576 Booz,
1914 1527 1981 1565 ex
2027 1528 2139 1582 quo

565 1601 757 1671 genuit
781 1599 968 1654 eximii
993 1599 1216 1653 Davidis
1241 1615 1427 1654 avum.
1463 1600 1607 1654 Ecce
1637 1616 1790 1666 sane,
1831 1621 1848 1653 ι
1879 1602 2014 1672 quid
2042 1603 2140 1657 bo-

564 1708 697 1746 num
728 1701 830 1746 aut-
849 1691 980 1761 quid
1003 1691 1310 1761 jucundum
1334 1733 1348 1758 ,
1402 1693 1450 1746 si
1491 1707 1601 1746 non
1652 1693 1905 1749 habitare
1935 1694 2136 1751 fratres

567 1783 622 1838 in
651 1797 822 1836 unum
843 1782 926 1834 ⁸τῖ
948 1803 966 1833 ι
1011 1782 1397 1838 Paroemiastes
1423 1784 1552 1838 item
1592 1800 1604 1836 :
1643 1803 1661 1835 ι
1692 1784 1886 1838 Frater
1916 1786 2010 1855 qui
2037 1785 2137 1840 ad-

561 1877 786 1947 juvatur
832 1889 863 1926 a
903 1872 1108 1938 fratre,
1169 1873 1327 1942 quasi
1377 1874 1574 1929 civitas
1617 1873 1869 1929 firma‘"
1901 1895 1956 1942 ι,
1995 1877 2138 1931 etin

565 1963 802 2020 editiore
845 1961 970 2016 loco
1009 1962 1133 2017 sita.
1190 1962 1260 2016 Et
1307 1980 1320 2016 :
1369 1982 1386 2015 ι
1425 1964 1561 2018 Boni
1592 1963 1704 2018 duo
1747 1979 1910 2033 super
1941 1981 2135 2031 unum,

564 2053 770 2125 quibus
812 2063 898 2108 est
941 2053 1026 2108 eis
1069 2069 1283 2108 merces
1325 2070 1338 2106 :
1373 2053 1523 2123 quia,
1557 2055 1602 2110 si
1629 2055 1956 2121 ceciderint,
1993 2049 2140 2112 unus

564 2147 744 2216 eriget
777 2155 1092 2200 consortem
1127 2144 1378 2199 suum”.
1404 2167 1422 2198 ›
1465 2147 1530 2201 Ει
1561 2165 1572 2200 :
1609 2166 1626 2199 ι
1650 2148 1741 2202 Va:
1765 2147 1880 2210 uni,
1918 2149 1964 2204 si
1990 2149 2140 2204 ceci-

560 2237 733 2298 derit,
770 2245 827 2291 et
857 2252 966 2290 non
993 2237 1064 2290 sit
1090 2237 1370 2292 secundus
1402 2239 1498 2307 qui
1523 2239 1701 2309 erigat
1727 2241 1934 2294 cum".
1961 2259 1978 2290 ι
2026 2240 2092 2294 Et
2123 2258 2136 2294 :

569 2327 780 2398 1153
817 2346 835 2378 ι
871 2326 928 2381 Si
956 2343 1100 2381 unus
1131 2327 1440 2398 impegerit,
1475 2329 1586 2383 duo
1613 2330 1920 2384 consistent
1943 2330 2141 2384 adver-

566 2434 664 2474 sus
682 2434 832 2472 eum.
870 2419 1173 2473 Funiculus
1201 2419 1396 2489 triplex
1427 2437 1534 2474 non
1561 2421 1674 2475 cito
1707 2431 1996 2492 rumpctur
2014 2422 2082 2476 ⁸⁵.
2113 2441 2132 2474 ι

561 2511 674 2566 Sed
692 2510 988 2566 inActibus
1000 2511 1372 2580 apostolorum
1392 2513 1657 2584 scriptum
1673 2514 1910 2583 est,quia
1931 2533 1948 2564 ι
1969 2515 2140 2580 Quot-

559 2610 702 2672 quot
723 2602 1077 2658 crediderant
1097 2611 1256 2656 erant
1279 2603 1332 2657 in
1357 2620 1550 2665 unum.
1576 2614 1631 2660 et
1655 2605 1935 2660 habebant
1952 2607 2139 2662 omnia

555 2692 879 2748 communia
895 2691 965 2744 ⁸⁸.
992 2711 1010 2742 ι
1063 2693 1362 2761 Aliquanto
1389 2703 1514 2763 post
1541 2712 1555 2748 :
1590 2714 1610 2745 ι
1643 2695 2016 2751 Multitudinis
2045 2711 2139 2752 eo-

560 2796 690 2837 rum
724 2781 820 2850 qui
847 2780 1201 2834 crediderant
1228 2791 1349 2836 erat
1375 2799 1473 2836 cor
1501 2799 1669 2838 unum
1701 2793 1757 2838 et
1781 2785 1960 2839 anima
1986 2802 2094 2840 una
2119 2804 2135 2844 :

563 2881 623 2930 et
655 2886 818 2927 nemo
841 2871 1141 2941 quidquam
1173 2887 1366 2926 eorum
1397 2887 1520 2942 quae
1550 2874 1884 2942 possidebat,
1919 2875 2139 2930 dicebat

563 2979 688 3020 esse
733 2979 938 3034 suum,
997 2963 1095 3018 sed
1140 2973 1300 3018 erant
1328 2965 1440 3019 illis
1471 2965 1655 3024 omnia
1685 2967 1997 3020 connnunia
2013 2967 2081 3020 ⁸⁷.
2110 2987 2130 3018 ο

2245 501 2346 572 σΘη
2372 500 2448 572 τῷ
2476 499 2650 566 Βοὼζ,
2685 502 2780 555 καὶ
2809 502 3100 572 ἐγέννησεν
3131 501 3222 556 τὸν
3252 503 3482 556 πάππον
3515 504 3620 557 τοῦ
3647 507 3832 561 Δαὸξδ.

2239 594 2406 662 Λέγει
2452 593 2512 647 δὲ
2563 593 2659 648 καὶ
2699 593 2864 660 αὐτὸς
2893 587 3050 656 οὗτος
3098 594 3356 648 ὁΔαϐίδο
3416 617 3436 647 ι
3489 596 3634 650 Ἰδοὺ
3681 598 3741 652 δὲ
3783 599 3835 651 τι

2241 687 2402 740 καλὸν
2421 726 2437 753 ,
2489 685 2522 757 ἢ
2572 687 2626 740 τί
2666 689 2915 758 τερπνὸν,
2948 686 3062 740 ἀλλ’
3091 687 3125 757 ἢ
3157 687 3218 740 τὸ
3245 693 3532 742 κατοικεῖν
3562 689 3834 757 ἀδελ-,τοὺς

2239 778 2333 830 ἐπὶ
2357 777 2419 830 τὸ
2440 778 2601 844 αὑτός
2624 797 2643 829 ι
2678 779 2786 830 Καὶ
2805 779 2834 832 6
2857 777 3274 850 Παροιμιαστής
3299 793 3499 847 φησιν’
3527 797 3547 830 ι
3569 779 3833 846 maeres,-

2241 867 2348 922 ὑπὸ
2395 868 2628 944 ἀδελφοῦ
2684 869 3079 949 βοηθορμενος,
3133 870 3208 932 ὡς
3257 869 3411 932 πόλις
3443 870 3702 942 ὀχυρὰ,ι
3743 871 3834 924 καὶ

2241 959 2440 1032 ὑψηλή.
2473 960 2584 1012 Καί
2604 978 2619 991 ο
2654 979 2675 1018 ι
2701 961 2917 1030 ’Δγαθοὶ
2945 961 2994 1013 οἱ
3025 959 3117 1013 δύο
3144 960 3284 1030 ὑπὲρ
3307 961 3398 1012 τὸν
3424 959 3549 1024 ἕνα,
3573 955 3667 1022 οἷς
3691 961 3833 1014 ἐστιν

2239 1051 2268 1103 6
2313 1051 2506 1122 μισθὸς
2553 1051 2776 1120 αυτοῖς,
2837 1052 2922 1106 ὅτι
2970 1051 3068 1106 ἐὰν
3114 1051 3391 1116 πέσωσιν,
3441 1053 3472 1104 6
3503 1045 3592 1114 εἷς
3624 1051 3832 1123 ἐγείρει

2238 1145 2332 1196 τὸν
2366 1143 2594 1214 μέτοχον
2620 1143 2807 1197 αὑτοῦ.
2836 1161 2854 1196 ι
2893 1145 3026 1199 Καί·
3066 1163 3085 1196 ι
3115 1145 3254 1198 οὐαὶ
3281 1143 3362 1214 τῷ
3393 1145 3503 1208 ἐνὶ,
3538 1145 3642 1201 ἐὰν
3669 1146 3830 1215 πέσῃ,

2239 1234 2336 1288 καὶ
2531 1236 2786 1308 δεύτερος
2812 1235 2906 1288 τοῦ
2934 1235 3152 1308 ἐγεῖραι
3177 1237 3360 1290 αὐτόν.
3390 1255 3410 1286 ›
3455 1237 3570 1290 Kal
3596 1256 3612 1268 -
3653 1256 3674 1288 ι
3710 1239 3833 1290 Ἐὰν

2239 1325 2556 1397 κραταιωθῇ
2583 1325 2609 1366 κ
2660 1326 2688 1378 6
2735 1320 2858 1389 εἷς,
2929 1327 2979 1378 οἱ
3034 1325 3127 1383 δύο
3183 1330 3482 1396 στήσονται
3535 1328 3833 1382 κατέναντι

2239 1416 2441 1482 αὑτοῦ,
2499 1417 2593 1470 καὶ
2638 1416 2700 1468 τὸ
2747 1411 3043 1485 σπαρτεῖὸν
3091 1416 3152 1468 τὸ
3194 1415 3440 1484 ἔντριτον
3499 1419 3564 1470 οὗ
3615 1419 3833 1487 ταχέως

2239 1507 2750 1579 ἀποῤῥατήσεταιδ
2789 1506 2898 1558 Καὶ
2928 1507 2986 1558 ὲν
3010 1507 3129 1568 ταῖς
3158 1506 3431 1575 Πράξεσιν
3463 1507 3580 1560 τῶν
3603 1508 3836 1560 ἀποστό-

2239 1599 2345 1652 λων
2378 1598 2833 1670 γέγραπται,.ὃτι
2872 1615 2893 1649 ι
2931 1597 3138 1660 Πάντες
3171 1598 3222 1650 οἱ
3252 1597 3660 1660 πιστεύσαντες
3692 1593 3833 1668 ἦσαν

2240 1691 2334 1744 ἐπὶ
2360 1690 2422 1744 τὸ
2449 1689 2602 1752 αὐτὸ,
2638 1691 2734 1742 καὶ
2763 1683 2911 1758 εἶχον
2938 1689 3153 1742 ἅπαντα
3179 1689 3389 1742 κοινά.»
3425 1689 3545 1745 Καὶ
3575 1693 3704 1759 μετ’
3723 1688 3834 1744 ἁλι·

2169 1752 2212 1807 Β
2240 1797 2368 1851 γον·
2405 1799 2424 1832 ι
2460 1781 2570 1834 Τοῦ
2611 1779 2668 1833 δὲ
2696 1752 2938 1850 πλήόους
2965 1780 3075 1832 τῶν
3099 1781 3466 1834 πιστευόντων
3501 1752 3638 1850 ἦν-ίξ

2239 1873 2335 1926 καὶ
2382 1873 2416 1944 ή
2456 1871 2653 1944 καρδία
2701 1869 2838 1940 μία,
2891 1870 2987 1922 καὶ
3033 1869 3212 1933 οὐδείς
3244 1887 3298 1922 τι
3324 1870 3435 1922 τῶν
3467 1871 3832 1939 ὑπαρχόντων

2238 1963 2389 2032 αὐτῷ
2409 1961 2594 2031 ἔλεγεν
2617 1961 2749 2015 ἴδιον
2770 1955 2933 2026 εἶναι,
2947 1959 3063 2013 ἀλλ’
3079 1955 3147 2030 ἦν
3170 1959 3351 2022 αὐτοῖς
3374 1960 3602 2012 ἅπαντα
3620 1958 3827 2011 κοινά.»

2237 2054 2531 2122 Μακάριος
2562 2047 2656 2106 οὖν
2686 2053 2836 2104 ἐστιν
2875 2053 2904 2104 6
2936 2049 3169 2121 μοναχὸε
3200 2051 3230 2102 6
3262 2050 3476 2112 πάντας
3503 2048 3828 2120 baptismo;

2239 2145 2314 2206 ὡς
2341 2143 2474 2196 Θεὸν
2508 2143 2647 2214 μετὰ
2675 2142 2808 2195 Θεὸν
2839 2143 3173 2212 ἡγούμενος·
3239 2143 3516 2210 μακάριός
3545 2145 3705 2194 ἐστιν
3739 2157 3834 2210 μο-

2239 2236 2401 2307 ναχὺς
2455 2236 2484 2288 6
2527 2237 2627 2305 τὴν
2659 2235 2914 2288 ἁπάντων
2945 2235 3222 2306 σωτηρίαν
3267 2234 3360 2285 καὶ
3389 2233 3724 2302 προκοπὴν,
3756 2231 3833 2292 ὡς

2238 2328 2447 2382 οἰκείαν
2499 2327 2639 2398 μετὰ
2685 2327 2868 2396 πάσης
2913 2328 3088 2398 χαρᾶς
3134 2325 3304 2396 ἡδέως
3344 2324 3514 2396 ὁρῶν.
3575 2325 3832 2394 Μοναχὸς

2239 2420 2422 2483 ἐστιν,
2477 2421 2505 2471 6
2553 2419 2750 2475 ἑαυτὸν
2799 2417 2938 2488 μετὰ
2977 2418 3195 2471 πάντων
3233 2415 3579 2486 ἡγούμενος·
3643 2416 3736 2469 διὰ
3770 2416 3831 2468 τὸ

2237 2513 2298 2564 ὲν
2345 2511 2562 2580 ἑκάστῳ
2613 2509 2806 2563 ἑαυτὸν
2853 2508 3277 2579 ἅπαραλεξπτως
3323 2510 3510 2562 δοκεῖν
3557 2511 3825 2581 καθορᾷν.

2239 2603 2350 2658 Καὶ
2384 2605 2413 2656 6
2447 2602 2768 2664 Ἀπόστολος
2795 2600 2853 2654 δέ
2885 2617 3054 2670 φησιν
3077 2613 3091 2628 ⁸
3159 2620 3177 2652 ι
3212 2601 3486 2672 Καθάπερ
3519 2603 3577 2653 ὲν
3613 2603 3700 2654 ἑνὶ
3727 2603 3828 2655 ari;—

2242 2710 2374 2764 ματι
2428 2693 2565 2763 μέλη
2615 2691 2784 2746 πολλὰ
2831 2691 3060 2762 ἔχομεν,
3113 2691 3184 2744 τὰ
3225 2691 3285 2744 δὲ
3334 2691 3478 2761 μέλη
3519 2693 3730 2755 πάντα,
3763 2691 3829 2746 οὗ

2235 2786 2336 2853 τὴν
2364 2784 2535 2853 αὐτὴν
2563 2784 2676 2853 ἔχει
2700 2783 2931 2853 πρᾶξινο
2965 2781 3140 2845 οὕτως
3165 2783 3256 2834 καὶ
3287 2783 3336 2834 oi
3363 2781 3557 2835 πολλοὶ
3582 2783 3648 2836 ἓν
3673 2783 3830 2853 σῶμά

2238 2880 2405 2948 ἐσμεν
2438 2881 2496 2931 ὲν
2525 2877 2782 2948 Χριστῷ,
2835 2876 2896 2930 τὸ
2923 2877 2982 2929 δὲ
3014 2877 3152 2928 xci)”
3184 2869 3288 2938 εἷς,
3326 2874 3582 2944 ἀλλήλων
3615 2876 3775 2948 μέλη.
3795 2893 3822 2928 ι

2238 2969 2348 3022 Καὶ
2382 2968 2578 3036 ἐπάγει
2599 2984 2612 2999 ·
2671 2985 2692 3018 ι
2733 2967 2870 3020 Ἀλλ’
2904 2968 2933 3020 6
2965 2967 3097 3031 Θεὸς
3135 2967 3512 3040 συνεκέρασεν
3543 2966 3610 3020 τὸ
3643 2969 3825 3037 σῶμα,

561 3057 767 3114 Beatus
792 3057 960 3127 igitur
988 3056 1036 3110 is
1058 3055 1382 3119 monachus,
1412 3058 1530 3126 qui,
1557 3057 1704 3126 quod
1730 3057 1797 3112 ad
1822 3058 1990 3112 Deum
2015 3074 2137 3128 per-

2239 3059 2318 3130 τῷ
2363 3059 2676 3130 ὑστεροῦντι
2726 3061 3128 3131 περισσοτέραν
3161 3060 3286 3122 δοὺς
3317 3057 3518 3128 τιμὴν,
3557 3060 3654 3112 ἴνα
3689 3056 3824 3130 ρ.ὴῇ

564 3151 738 3214 tinet,
785 3158 1018 3203 caeteros
1043 3162 1236 3202 omnes
1267 3147 1619 3202 admirationi
1647 3149 1802 3202 ducit
1832 3161 1888 3204 et
1911 3150 2134 3217 honori,

564 3241 732 3310 idque
788 3248 910 3310 post
951 3239 1144 3293 Deum.
1207 3239 1408 3292 Beatus
1452 3239 1612 3308 plane
1657 3241 1990 3308 monachus,
2042 3244 2137 3312 qui

566 3334 623 3389 in
655 3347 859 3402 genere
897 3331 1145 3384 omnium
1177 3331 1413 3384 salutem
1448 3339 1504 3384 et
1537 3332 1939 3400 promotionem
1961 3373 1975 3396 ,
2015 3349 2139 3402 per-

2238 3153 2512 3222 σχίσματα
2542 3156 2600 3206 ὲν
2627 3153 2706 3224 τῷ
2733 3151 2966 3222 σώματι,
2993 3152 3132 3206 ἀλλὰ
3157 3151 3218 3206 τὸ
3243 3153 3378 3205 αὐτὸ
3407 3154 3554 3222 ὑπὲρ
3577 3153 3829 3222 ἀλλήλων

2234 3245 2306 3297 τὰ
2336 3244 2472 3314 μέλη
2508 3243 2871 3314 μεριμνῶσιν.
2895 3263 2912 3294 ι
2947 3243 3047 3294 Διὰ
3069 3241 3228 3295 τοῦτο
3254 3241 3552 3312 ὀφείλομεν
3578 3242 3830 3312 ἀλλήλων

2233 3335 2302 3388 τὰ
2346 3335 2488 3406 βάρη
2538 3333 2870 3404 βαστάζειν,
2927 3334 3021 3387 καὶ
3073 3327 3214 3384 εἶναι
3255 3331 3458 3394 πάντες
3496 3332 3824 3401 ὁμόςρονες,

565 3438 721 3493 teque
771 3437 837 3476 ac
882 3420 1199 3490 propriam,
1255 3420 1403 3474 omni
1453 3436 1578 3474 cum
1624 3423 1825 3492 gaudio
1871 3431 1927 3478 et
1968 3423 2137 3478 animi

2236 3427 2522 3498 ὁμόψυχοι,
2541 3425 2928 3494 εὖσπλαγχνοι,
2942 3424 3392 3495 ταπεινόφρονες,
3406 3423 3593 3476 πάντα
3612 3421 3823 3476 ποιοῦν-

561 3512 914 3586 jucunditate
962 3511 1236 3580 pervidet.
1299 3511 1598 3567 Monachus
1645 3522 1758 3576 est.
1815 3515 1909 3583 qui
1962 3531 2132 3569 unum

563 3622 624 3662 se
653 3618 775 3659 esse
806 3603 952 3658 inter
979 3610 1213 3658 caeteros
1243 3603 1497 3673 deputat,
1533 3621 1634 3674 per
1659 3605 1764 3661 hoc
1790 3611 1936 3675 quod
1958 3606 2134 3661 credit

565 3694 1012 3764 impraztermisse
1043 3694 1286 3764 seipsum
1312 3697 1566 3749 contueri
1595 3697 1646 3750 in
1673 3712 2006 3766 unoquoque
2027 3698 2140 3754 fra-

565 3797 736 3843 trum.
791 3785 1088 3856 Apostolus
1137 3803 1152 3840 :
1202 3804 1220 3836 ι
1259 3786 1416 3841 Sicut
1463 3787 1518 3840 in
1559 3803 1668 3840 uno
1697 3803 1932 3857 corpore
1965 3789 2137 3844 multa

563 3877 814 3932 membra
837 3877 1130 3943 habemus,
1157 3878 1342 3932 omnia
1368 3885 1551 3932 autem
1579 3879 1825 3932 membra
1851 3894 1959 3932 non
1981 3896 2137 3934 eum-

565 3969 692 4024 dem
725 3978 909 4024 actum
941 3970 1185 4034 habent,
1236 3969 1311 4024 ita
1341 3979 1398 4024 et
1427 3971 1586 4024 multi
1618 3986 1789 4024 unum
1817 3987 2020 4041 corpus
2043 3988 2138 4027 su-

571 4075 697 4116 mus
728 4060 781 4114 in
807 4059 1053 4120 Christo.
1089 4059 1290 4129 singuli
1325 4068 1508 4113 autem
1545 4059 1686 4114 alter
1711 4061 1939 4114 alterius
1964 4077 2139 4116 mem-

565 4151 670 4207 bra
687 4153 754 4208 ⁸⁸.
790 4171 808 4203 ι
870 4151 1088 4206 inducit
1133 4169 1146 4204 :
1197 4171 1215 4202 ι
1244 4150 1349 4206 Sed
1384 4151 1530 4206 Deus
1561 4153 1884 4221 temperavit
1911 4169 2132 4224 corpus,

563 4243 614 4298 ei
671 4244 762 4299 cui
811 4243 998 4299 deerat
1051 4241 1518 4298 abundantiorem
1565 4244 1821 4298 tribuens
1848 4245 2136 4316 honorem,

2239 3536 2331 3582 τες
2362 3520 2419 3571 έν
2445 3521 2658 3590 ἀγάπῃ,
2694 3519 2781 3572 ἵνα
2811 3517 2903 3570 καὶ
2932 3515 3106 3578 οὕτως
3139 3515 3230 3568 τὸν
3257 3515 3394 3569 Θεὸν
3425 3514 3565 3584 πρὸς
3595 3514 3827 3574 ἑαυτοὺς

2241 3610 2718 3681 ὲπισπασώμεθα,
2773 3609 2870 3663 καὶ
2900 3601 3300 3679 εὐπρόσδεκτος
3327 3607 3563 3676 γένηται
3589 3609 3627 3676 ἡ
3657 3622 3828 3674 apo-ao

2243 3703 2376 3772 ευχὴ
2405 3701 2586 3772 ἡμῶν.
2618 3700 2781 3768 Λέγει
2806 3699 2916 3770 γὰρ
2941 3699 2969 3752 6
2994 3699 3200 3770 Κύριος
3217 3715 3230 3727 ”
3266 3717 3285 3750 ι
3308 3698 3482 3769 ’Δμὴν
3506 3698 3656 3764 λέγω
3677 3701 3826 3768 ὑμῖν,

2243 3795 2326 3848 ὃτι
2375 3793 2470 3846 ἐὰν
2516 3791 2610 3844 δύο
2655 3790 2714 3856 ἐξ
2757 3789 2911 3860 ὑμῶν
2959 3791 3424 3862 συμφωνήσουσιν
3464 3789 3564 3842 ἐπὶ
3591 3791 3698 3859 τῆς
3727 3788 3834 3859 γῆς

2246 3885 2372 3953 περὶ
2420 3884 2622 3946 παντὸς
2666 3883 3011 3954 πράγματος,
3049 3877 3114 3936 οὗ
3148 3882 3242 3936 ἐὰν
3277 3883 3628 3946 αἰτήσονται,
3669 3884 3833 3952 γενή-

2184 3995 2200 4003 “
2239 3994 2392 4032 σεται
2425 3977 2608 4036 αὐτοῖς
2644 3973 2794 4044 παρὰ
2825 3973 2917 4027 τοῦ
2951 3973 3166 4044 Πατρός
3195 3991 3295 4043 μου
3327 3973 3423 4026 τοῦ
3454 3975 3515 4026 ὲν
3545 3973 3828 4042 οὐρανοῖς.

2237 4065 2312 4124 Ob
2367 4068 2478 4140 γάρ
2525 4068 2664 4120 εἰσιν
2711 4066 3040 4136 συνηγμένοι
3082 4065 3182 4119 ’δύο
3223 4066 3256 4136 ῆ
3297 4068 3444 4135 τρεῖς
3495 4067 3576 4128 εἰς
3605 4067 3672 4117 τὸ
3697 4065 3830 4133 ἐμὶν

2237 4162 2449 4230 ὃνομα,
2500 4161 2617 4210 ἐκεῖ
2655 4159 2772 4227 εἰμι
2827 4158 2884 4208 ἐν
2931 4157 3084 4226 μέσῳ
3126 4157 3327 4210 αὐτῶν,
3359 4175 3377 4208 ι
3439 4157 3605 4226 Αὐτῷ
3637 4160 3674 4228 ἡ
3703 4157 3832 4224 δόξσ.

2239 4247 2358 4320 [καὶ
2385 4247 2446 4300 τὸ
2471 4243 2696 4316 κράτος]
2729 4245 2806 4308 εἰς
2831 4246 2957 4307 τοὺς
2984 4245 3209 4308 αἰῶνας.
3251 4247 3450 4314 Ἀμήν.

563 4343 626 4390 ut
659 4350 768 4390 non
801 4337 874 4389 sit
918 4335 1157 4390 schisma
1209 4335 1266 4388 in
1309 4349 1572 4404 corpore,
1629 4335 1722 4389 sed
1775 4335 1830 4390 in
1880 4336 2116 4406 idipsum
2159 4358 2261 4412 pro
2324 4337 2557 4392 invicem
2597 4336 2827 4390 sollicita
2857 4337 2968 4390 sint
3013 4336 3261 4390 membra
3294 4336 3360 4390 ".
3397 4354 3415 4386 ι
3456 4334 3544 4390 Ob
3569 4335 3626 4388 id
3662 4334 3830 4389 debe-

563 4443 689 4484 mus
749 4426 1014 4482 mutuiter
1099 4434 1359 4496 przestare
1411 4441 1633 4496 operam
1695 4427 1752 4480 in
1803 4428 2158 4488 sublevandis
2199 4433 2431 4488 aliormn
2471 4429 2768 4494 oneribus,
2824 4440 2880 4484 et
2927 4429 3298 4485 concordibus
3359 4429 3564 4484 animis
3631 4429 3824 4484 eadem

563 4523 790 4587 sentire,
823 4537 888 4576 ac
916 4521 1005 4591 pia
1041 4535 1171 4590 erga
1199 4520 1334 4574 alios
1363 4531 1574 4589 gestare
1605 4521 1834 4586 viscera,
1867 4520 2114 4582 m’odcste
2153 4543 2215 4581 ac
2241 4524 2522 4580 humiliter
2555 4523 2622 4578 de
2646 4523 2810 4578 nobis
2867 4523 3110 4588 sentire,
3147 4516 3287 4578 n'ihil
3349 4539 3463 4578 non
3527 4523 3827 4595 designan-

561 4625 648 4670 tes
677 4613 860 4684 Operis
883 4613 939 4666 in
963 4611 1252 4674 charitate,
1279 4626 1388 4680 quo
1414 4611 1500 4665 vel
1555 4611 1644 4664 his
1698 4612 1958 4680 operibus
2010 4628 2426 4684 promercamur
2459 4611 2622 4667 nobis
2686 4613 2818 4681 ipsis
2863 4611 2960 4667 Dei
3027 4613 3255 4683 gratiam
3290 4613 3564 4668 asisceere
3607 4622 3670 4666 et
3697 4627 3827 4667 eon-

564 4707 754 4763 ciliare
781 4705 1053 4770 favorem,
1090 4712 1152 4758 ut
1199 4704 1254 4758 in
1287 4704 1433 4758 illius
1459 4703 1634 4758 oculis
1698 4708 2052 4776 acceptabilis
2114 4711 2206 4767 fiat
2269 4719 2460 4766 nostra
2517 4705 2853 4776 deprecatio.
2925 4705 3068 4761 Dicit
3121 4706 3268 4761 enim
3325 4706 3442 4776 ipse
3497 4705 3822 4760 Dominus:

570 4822 588 4853 ι
619 4799 792 4854 Amen
823 4796 946 4852 dico
973 4795 1150 4860 vobis,
1176 4795 1304 4864 quia
1325 4793 1370 4849 si
1401 4793 1512 4848 duo
1540 4809 1607 4848 ex
1629 4795 1787 4852 vobis
1818 4805 2205 4858 consenserint
2227 4817 2394 4872 super
2419 4809 2646 4861 terram,
2668 4798 2737 4852 de
2761 4812 3096 4868 quacunque
3123 4813 3184 4852 re
3201 4813 3362 4868 quam
3395 4797 3820 4866 postulaverint.

563 4889 659 4946 fiet
678 4887 760 4943 eis
784 4903 814 4941 a
839 4886 998 4941 Patre
1024 4898 1146 4938 meo
1175 4883 1270 4953 qui
1329 4893 1415 4937 est
1445 4881 1502 4936 in
1525 4883 1706 4950 caelis;
1738 4885 1832 4940 ubi
1885 4887 2032 4941 enim
2093 4901 2222 4947 sunt
2260 4888 2574 4962 congregati
2616 4887 2728 4942 duo
2770 4889 2855 4943 vel
2897 4899 3014 4946 tres
3063 4890 3378 4944 i‘n‘n‘omine
3407 4903 3554 4952 meo,
3591 4889 3674 4943 ibi
3703 4903 3822 4943 sum

563 4985 620 5040 in
649 4980 832 5036 medio
856 4993 1050 5034 eorum
1067 4977 1136 5031 9°.
1163 4994 1185 5028 ι
1245 4975 1354 5045 ipsi
1382 4975 1552 5045 gloria
1586 4976 1642 5030 in
1669 4979 1890 5034 saecula.
1927 4979 2120 5038 Amen.

1075 5068 1359 5125 HOMILIA
1393 5069 1633 5124 LXXXI.

1079 5160 1158 5214 De
1181 5161 1608 5232 cogitationibus.
1694 5197 1704 5204 -

631 5256 775 5312 Dicit
796 5253 1079 5324 Scriptura
1104 5268 1118 5304 :
1150 5271 1166 5302 ι
1187 5250 1387 5322 Legem
1415 5251 1467 5306 in
1491 5251 1827 5323 adj'utorium
1853 5251 2083 5307 dedit“.
2103 5271 2120 5304 ι

629 5395 676 5428 ’⁸
705 5394 772 5451 iV
799 5394 932 5462 Reg.
964 5409 1023 5457 ιι,
1051 5390 1107 5444 6.
1182 5391 1227 5424 ⁵⁸
1255 5390 1412 5462 Ruth
1462 5407 1500 5450 ι,
1529 5390 1614 5444 i7.
1689 5391 1730 5422 ⁸⁸
1754 5388 1910 5462 Βιιιὶι
1965 5407 2025 5462 ιι,
2058 5389 2146 5462 12.

558 5481 631 5528 Iv,
658 5465 712 5520 9.
788 5465 834 5496 ⁸³
869 5459 1002 5518 ibid.
1033 5462 1116 5516 10.
1219 5463 1268 5493 ⁸⁵
1302 5461 1438 5514 ibid.
1470 5462 1557 5514 11!.

2158 5077 2207 5134 Β

2834 5069 3052 5124 ΛΟΓΟΣ
3081 5061 3210 5126 ΠΜ.

2784 5164 2923 5232 Περὶ
2955 5162 3284 5234 λογισμῶν.

2308 5254 2490 5325 Φησὶν-
2526 5255 2558 5326 ή
2600 5254 2793 5328 Γραφή
2815 5272 2830 5286 ·
2892 5273 2911 5308 ι
2937 5255 3122 5326 Νόμον
3165 5256 3246 5318 εἰς
3283 5255 3544 5326 βοήθειαν
3575 5256 3762 5310 ἔδωκε.
3797 5279 3812 5309 ι

2252 5389 2299 5420 ⁸¹
2332 5388 2476 5445 I’sal.
2532 5405 2731 5454 cxxxu,
2763 5391 2811 5444 i.
2925 5392 2992 5424 ⁸⁸⁸
3023 5393 3187 5448 Prov.
3216 5409 3366 5456 xvlu.
3395 5392 3487 5450 i9.
3565 5394 3613 5427 ⁸³

1661 5461 1709 5493 ⁸⁸
1735 5461 1926 5518 Act.u,
1964 5461 2053 5513 Η.
2131 5462 2137 5486 ¹

2236 5461 2332 5514 iet.
2363 5475 2436 5522 Iv,
2469 5459 2556 5514 ⁸52.
2610 5459 2735 5514 ilmc
2789 5471 3028 5516 mentem
3081 5463 3322 5517 reddunt
3376 5464 3668 5528 auctoris,
3715 5480 3802 5518 nos

559 5535 688 5587 item
711 5534 899 5597 verba,
941 5541 1234 5600 corruptus
1259 5531 1404 5584 enim
1441 5531 1720 5586 locusest.
1799 5531 1844 5563 ⁸⁸
1879 5531 2037 5584 llom.
2072 5545 2164 5594 xu,
2194 5529 2248 5596 4,
2283 5532 2336 5584 5.
2413 5529 2456 5562 ⁸⁸
2489 5529 2509 5583 1
2539 5529 2666 5583 Cor.
2700 5546 2797 5596 xu,
2822 5531 2910 5586 ει.
2974 5533 3030 5564 ’³⁸
3061 5532 3258 5588 Matth;
3291 5549 3446 5601 xvm,
3491 5535 3579 5590 i9.
3635 5537 3680 5568 "
3719 5536 3794 5590 is:

559 5619 673 5667 un,
700 5601 769 5656 ‘20
794 5618 904 5682 sec.
934 5601 1112 5666 LXX;
1152 5601 1327 5656 Galat.
1361 5617 1440 5666 ιιι,
1469 5601 1568 5655 26.

1826 5668 2062 5725 VARI/13
2104 5667 2510 5724 LECTIONES.

628 5763 656 5804 ι
692 5764 800 5820 Pro
831 5761 1169 5834 καταραχθῇ,
1205 5762 1463 5817 Aldinum
1503 5765 1783 5834 exemplar
1809 5763 1976 5820 habet
2011 5763 2449 5838 ἐπικραταιωοῇ,
2489 5765 2671 5822 victus
2705 5766 2886 5823 fuerit.
