4030 6296
328 295 465 362 1635

1270 291 1600 354 HOMILIA
1637 294 1964 353 LXXXIII.
2000 320 2061 329 —
2105 295 2200 356 DE
2242 296 2614 361 CONSILIO.

3430 296 3567 362 1C86

324 409 617 482 θεάρεστόν
652 409 819 463 ἐστιν.
851 405 1038 471 Οὐδεὶς
1069 404 1178 477 γὰρ
1216 406 1245 458 6
1281 405 1357 476 μὴ
1390 406 1609 478 χρῄζων
1654 404 1892 476 συμϐού-

2010 407 2144 462 ceris
2176 410 2435 478 pretium,
2471 423 2700 479 remque
2730 408 2842 465 Deo
2879 422 3210 478 magnopere
3260 417 3563 478 acceptam,

326 511 441 568 λου,
473 504 522 555 εἰ
553 501 627 573 μὴ
658 499 873 573 μόνοςό
902 498 1055 563 Θεὸς,
1089 497 1118 550 6
1149 496 1249 567 τὴν
1288 496 1480 567 σοφίαν
1530 498 1746 562 κτίσας.
1778 498 1893 561 Πᾶς

324 593 382 649 δὲ
413 593 696 665 ἄνθρωπος
722 593 912 665 χρείαν
944 594 1056 665 ἔχει
1088 595 1416 663 συμϐουλίας
1444 597 1654 666 ἀγαθῆς
1692 595 1895 667 μᾶλλον

327 683 360 751 ἢ
388 680 479 733 τὸν
526 682 665 751 ἀέρα
714 683 995 739 ἀναπνεῖν.
1043 684 1241 749 Καθὼς
1286 689 1381 740 καὶ
1431 687 1583 756 παρὰ
1611 688 1710 755 τῆς
1744 686 1895 750 Θείας

328 772 551 844 Γραφῆς
600 774 987 846 παιδευόμεθα.
1035 778 1205 851 Φησὶν
1250 779 1394 849 γάρ’
1432 796 1452 830 ι
1502 778 1658 833 Μετά
1701 777 1894 848 βουλῆς

331 866 507 918 πάντα
541 866 705 931 ποίει,
737 867 874 937 μετὰ
907 866 1104 937 βουλῆς
1132 869 1425 922 οίνοπότει’
1465 888 1484 922 ι
1528 870 1619 923 τὸν
1654 886 1899 939 πνευμα-

330 956 482 1007 τικὸν
535 954 737 1026 δηλαδὴ
799 953 962 1021 οἶνον,
1007 958 1099 1010 τὸν
1149 958 1507 1027 εὐφραίνοντα
1554 959 1802 1030 καρδίαν.
1841 958 1898 1012 Ὅ

329 1046 565 1110 τοιοῦτος
598 1049 855 1101 οὐδέποτε
902 1050 1123 1119 ἀστοχεῖ
1151 1090 1165 1114 ,
1221 1050 1337 1104 ἀλλ’
1384 1050 1704 1121 ἀμερίμνως
1754 1068 1901 1123 παρ-

329 1138 504 1191 οδεύει
560 1140 737 1192 πάντα
776 1140 869 1191 τὸν
912 1139 1024 1207 βίον
1054 1139 1240 1195 αὑτοῦ.
1268 1143 1612 1213 Μισοτυφίας
1658 1142 1767 1211 γὰρ
1808 1142 1902 1195 καὶ

332 1227 715 1291 ταπεινώσεως
755 1224 1058 1299 τεκμήριον
1084 1269 1098 1294 ,
1138 1231 1230 1284 τοῦ
1286 1232 1492 1285 δεῖσθαι
1544 1233 1899 1301 συμϐουλίας,

337 1319 573 1389 μάλιστα
607 1320 716 1371 τῶν
752 1322 810 1373 ἐν
855 1322 1021 1392 πείρᾳ
1062 1324 1358 1391 γερόντων.
1400 1324 1675 1393 Πρόδηλον
1719 1324 1776 1378 δὲ
1820 1325 1903 1377 ὅτι

337 1413 611 1473 ταπεινοῖς
644 1411 861 1465 δίδωσιν
891 1414 919 1465 6
949 1412 1081 1475 Θεὸς
1109 1413 1288 1485 χάριν,
1324 1415 1697 1484 ὑπερηφάνοις
1722 1415 1777 1467 δὲ
1806 1415 1901 1468 ἁν-

334 1502 672 1555 τιτάσσεται.
709 1502 906 1565 Καθὼς
952 1520 1117 1573 φησιν
1155 1506 1248 1557 καὶ
1278 1507 1307 1558 6
1343 1506 1542 1571 Τοϐίας
1578 1507 1655 1578 τῷ
1684 1507 1785 1578 υἱῷ
1811 1508 1906 1560 αύ-

332 1592 447 1644 τοῠ·
486 1611 505 1643 ι
546 1593 886 1661 Συμϐουλίαν
924 1595 1072 1663 παρᾶ
1112 1595 1312 1658 παντὸς
1341 1597 1603 1666 φρονίμου
1640 1598 1902 1667 ζήτησον,

335 1684 428 1736 καὶ
466 1685 539 1755 μὴ
580 1688 999 1759 καταφρονήσῃς
1043 1688 1135 1743 ἐπὶ
1174 1689 1355 1758 πάσης
1400 1688 1729 1759 συμϐουλίας
1768 1707 1905 1761 χρη-

1999 497 2044 553 si
2072 498 2362 553 consilium
2387 508 2633 568 expetes.
2654 498 2823 552 Nemo
2836 497 2981 551 enim
3004 495 3317 551 invenietur
3336 497 3428 565 qui
3455 511 3564 551 non

2002 590 2220 661 indigus
2264 590 2335 645 sit
2395 589 2739 655 consiliarii,
2787 587 2894 643 nisi
2947 589 3094 642 Deus
3144 585 3336 649 solus,
3396 600 3595 655 penes'

2001 698 2164 753 quem
2195 684 2465 754 sapientia
2488 692 2571 739 cst
2600 683 2799 738 omnis.
2830 682 2963 736 Nam
3000 681 3166 735 homo
3205 680 3566 739 omnisindi-
3636 692 3641 703 '

2003 790 2103 844 gus
2135 782 2219 829 est
2270 776 2457 845 proba:
2505 773 2953 837 consultationis,
3009 788 3123 843 prae
3175 771 3349 826 halitu
3404 786 3571 841 quem

2003 883 2099 921 ore
2131 867 2275 922 elllat
2306 883 2369 921 ac
2390 866 2581 937 spirat,
2610 874 2670 920 ut
2694 882 2796 921 nos
2832 863 3034 918 divina:
3088 863 3388 934 Scriptura:
3437 878 3568 918 eru—

2006 960 2167 1014 diunt
2194 960 2340 1014 hunc
2373 960 2426 1013 in
2455 958 2706 1013 modum:
2744 977 2761 1009 ι
2797 956 2991 1013 Omnia
3023 956 3106 1012 l'ac
3136 971 3261 1011 cum
3315 955 3567 1020 consilio,

2006 1068 2130 1108 cum
2162 1052 2394 1107 consilio
2452 1052 2640 1107 vinum
2675 1052 2901 1106 bibe”:
2937 1072 2954 1103 ι
3003 1049 3266 1104 nimirum
3314 1047 3369 1100 id
3422 1045 3570 1117 quod

2008 1163 2103 1201 cor
2130 1146 2395 1210 laetiﬁcat,
2440 1145 2724 1215 Spirituale
2751 1144 3011 1199 videlicet
3058 1141 3265 1195 vinum.
3302 1139 3405 1206 Qui
3449 1138 3574 1192 talis

2008 1247 2113 1303 est,
2144 1252 2426 1307 nunquam
2474 1237 2700 1291 aberrat
2749 1252 2779 1291 a
2814 1251 3003 1306 scopo,
3064 1232 3158 1288 sed
3210 1232 3351 1286 liber
3401 1230 3575 1284 anxiae

2011 1331 2422 1395 sollicitudinis,
2444 1345 2597 1384 suam
2623 1343 2841 1383 onmem
2868 1326 3159 1395 tranquille
3187 1323 3357 1394 exigit
3384 1319 3570 1375 vitam.

2008 1423 2309 1480 Consilium
2345 1422 2491 1477 enim
2517 1438 2547 1475 a
2580 1420 2841 1492 quopiam
2872 1434 3164 1487 corrogare
3210 1426 3265 1470 et
3294 1423 3573 1484 expetere.

2010 1514 2171 1583 plane
2221 1522 2603 1583 argumentum
2651 1519 2733 1565 est
2767 1509 3050 1565 hominum
3112 1509 3204 1578 qui
3258 1504 3576 1574 superbiam

2012 1603 2251 1667 oderint,
2284 1602 2425 1658 etde
2454 1619 2512 1657 se
2539 1601 2785 1657 modeste
2820 1600 3079 1663 sentiant,
3114 1614 3304 1653 eorum
3341 1595 3577 1652 maxime

2012 1693 2102 1764 qui
2165 1695 2424 1764 prmsenti
2485 1699 2751 1764 urgentur
2805 1690 3073 1761 periculo.
3124 1688 3269 1743 Nulli
3334 1686 3579 1740 arbitror

337 1775 521 1844 σίμης.
565 1796 582 1827 ι
619 1777 675 1830 Ὀ
705 1779 812 1848 γὰρ
852 1780 1096 1848 μετέχων
1129 1780 1460 1849 συμϐουλίας
1489 1768 1725 1853 ἀγαθῆς,
1753 1782 1811 1835 ὲν
1839 1784 1905 1853 τῇ

2010 1785 2331 1851 obscurum,
2379 1784 2509 1854 quia
2571 1804 2588 1833 ι
2621 1784 2926 1838 humilibus
2973 1782 3120 1836 Deus
3169 1779 3264 1834 dat
3315 1776 3574 1847 gratiam,

244 1894 249 1895 ν
334 1866 441 1937 ὀεῷ
462 1867 570 1921 τῶν
597 1868 827 1922 ἐντολῶν
861 1870 952 1923 τοῦ
982 1872 1190 1943 Κυρίου
1224 1872 1449 1941 βαδίζει·
1477 1874 1616 1944 ἀνὴρ
1638 1874 1692 1927 δὲ
1729 1873 1908 1944 ἀσύμο

336 1959 546 2026 ϐουλος,
582 1960 777 2013 ἑαυτοῦ
812 1962 1089 2031 πολέμιος,
1120 1964 1195 2027 ῶς
1242 1965 1512 2035 Ῥοϐοάμ,
1543 1968 1571 2019 6
1612 1966 1707 2019 τοῦ
1746 1966 1910 2019 Σολο-

339 2052 571 2135 μῶντος.
636 2052 1068 2125 Ἐγκαταλείψας
1130 2056 1238 2128 γὰρ
1289 2058 1385 2127 τὴν
1440 2058 1651 2135 ἀγαθὴν
1714 2057 1909 2131 βουλὴν

334 2132 442 2194 τῶν
468 2142 873 2215 πρεσϐυτέρων,
907 2145 1002 2198 καὶ
1030 2150 1319 2215 κατασχὼν
1340 2146 1441 2219 τήν
1470 2147 1578 2201 τῶν
1606 2146 1909 2219 παιδαρίων

339 2232 556 2302 βουλὴν,
587 2234 1038 2303 ἀνεκτραφέντων
1069 2236 1183 2305 μετ’
1211 2236 1399 2301 αὐτοῦ,
1422 2237 1909 2308 ηύρέθηάπόλλων

335 2324 435 2394 τὴν
464 2322 743 2393 βασιλείαν
767 2324 875 2377 τῶν
903 2325 1034 2379 δέκα
1063 2326 1356 2398 σκήπτρων
1390 2328 1480 2381 τοῦ
1534 2329 1767 2401 Ἰσραήλ.
1802 2332 1909 2384 Ka-

335 2415 446 2481 λῶς
474 2412 567 2469 οὖν
601 2414 871 2480 ταλανίζει
904 2417 1031 2481 τοὺς
1062 2417 1339 2481 τοιούτους
1374 2420 1402 2472 6
1442 2420 1689 2484 Ἡσαΐας.
1729 2440 1749 2472 ι
1773 2422 1909 2475 Οὐαὶ

337 2508 469 2580 γὰρ,
504 2509 670 2578 φησὶν
692 2549 707 2572 ,
748 2510 795 2562 oi
845 2508 1239 2580 βουλευόμενοι,
1285 2512 1345 2563 ού
1390 2511 1476 2564 διὰ
1510 2512 1739 2582 Κυρίου,
1770 2515 1820 2566 oi
1850 2516 1909 2568 ἐν

340 2600 520 2668 κρυφῇ
569 2598 867 2661 ποιοῦντες*
902 2599 997 2651 καὶ
1024 2598 1176 2653 ἔσται
1209 2602 1266 2653 ἐν
1306 2600 1491 2656 σκότει
1525 2604 1592 2655 τὰ
1639 2603 1775 2674 ἔργα
1806 2606 1905 2658 a6-

339 2688 468 2741 τῶν.
505 2706 523 2739 ι
561 2689 627 2740 Ἥ
667 2690 774 2756 γὰρ
810 2687 973 2759 βουλὴ
1006 2687 1114 2742 τῶν
1153 2690 1402 2759 πονηρῶν
1438 2691 1617 2761 ἄνομα
1656 2693 1908 2763 βουλεύε-

310 2782 451 2833 ’ταν
486 2780 535 2832 οἱ
573 2780 628 2832 δὲ
654 2780 921 2853 εὐσεϐεῖς,
964 2781 1162 2834 συνετά
1191 2781 1595 2836 ἐϐουλεύσαντο·
1628 2786 1724 2838 καὶ
1753 2787 1911 2851 ἄλλος

343 2872 513 2941 Σοφος
540 2871 795 2953 ἔλεγεν-ἰ
839 2872 973 2925 Ἀπὸ
1006 2871 1179 2925 κακοῦ
1213 2874 1519 2943 συμϐούλου
1549 2874 1783 2944 φύλαξον
1810 2878 1909 2951 τὴν

340 2964 521 3035 ψυχήν
566 2981 683 3016 σου’
715 2965 809 3018 καλ
853 2965 962 3034 γὰρ
1008 2964 1168 3030 αὐτὸς
1213 2966 1388 3037 ἑαυτῷ
1436 2965 1770 3037 βουλεύεται,
1815 2970 1910 3023 ιιιαλ⁵

345 3058 600 3120 στήσεται
624 3057 681 3123 ἐξ
713 3058 983 3120 ἐναντίας,
1021 3057 1148 3111 ἰδεῖν
1182 3056 1243 3111 τὸ
1278 3058 1708 3130 συμϐησόμενον.
1746 3079 1764 3113 ι
1801 3062 1909 3115 Καὶ

344 3148 524 3214 αὖθιςο
572 3169 589 3202 ι
618 3152 709 3220 Μὴ
745 3149 996 3221 βουλεύου
1046 3152 1185 3221 μετά
1232 3151 1649 3223 ὑποϐλεπόντων
1685 3170 1765 3219 σε,
1815 3158 1910 3208 καὶ

344 3244 451 3297 ἀπὸ
498 3242 606 3297 τῶν
652 3242 956 3313 ζηλούντων
992 3260 1078 3307 σε,
1116 3242 1323 3313 κρύψον
1354 3243 1569 3315 βουλήν.
1616 3265 1633 3297 ι
1675 3247 1911 3310 Είκότως

343 3331 435 3388 οὖν
464 3335 558 3389 καὶ
597 3335 901 3412 ἀραρότως,
933 3333 1116 3398 καθὼς
1151 3335 1499 3405 προείρηται,
1539 3336 1829 3405 ἀνείλομεν
1854 3339 1910 3391 ἐν

344 3428 510 3480 πᾶσιν
544 3427 641 3496 τῆς
681 3428 1061 3496 πνευματικῆς
1106 3426 1438 3495 συμϐουλίας
1480 3428 1588 3479 τῶν
1629 3428 1911 3497 ἐμπείρων

343 3518 614 3586 γερόντων
648 3516 913 3586 μετέχειν,
962 3516 1186 3585 φεύγειν
1226 3503 1294 3569 δὲ’
1324 3517 1423 3579 τάς
1475 3517 1583 3569 τῶν
1631 3520 1911 3588 σαρκικῶν

344 3609 439 3662 καὶ
467 3608 807 3662 ἀπαιδεύτων
832 3607 1184 3679 συμϐουλίας
1219 3607 1303 3660 ἵνα
1338 3607 1411 3678 μὴ
1452 3608 1574 3661 ἀντὶ
1605 3608 1909 3679 στηριγμοῦ

346 3699 649 3770 φοινικίνης
676 3697 997 3769 βακτηρίας,
1036 3697 1343 3768 καλαμίνην
1384 3696 1578 3768 ῥάϐδον
1621 3696 1909 3767 κατάσχω-

348 3809 464 3865 μεν·
497 3793 621 3862 ἥτις
647 3792 746 3861 τὴν
788 3795 947 3862 χεῖρα
976 3791 1070 3844 τοῦ
1100 3790 1388 3862 ἀνθρώπου
1448 3792 1659 3862 τρήσει,
1687 3791 1783 3862 καὶ
1819 3790 1911 3844 τὸν

346 3884 424 3937 ίὸν
451 3882 551 3952 τῆς
595 3881 809 3952 φύσεως
841 3880 1115 3947 ἐκϐάλλει,
1161 3881 1254 3935 καὶ
1298 3881 1421 3934 ἀντὶ
1455 3880 1728 3951 προϐάτου
1758 3879 1911 3952 λύκῳ

344 3972 750 4043 περιπέσωμεν.
790 3988 808 4020 ι
860 3970 918 4023 Ὀ
970 3971 1079 4039 γὲρ
1132 3970 1607 4041 συμπορευόμενος
1671 3973 1899 4041 σοφοῖς,

345 4063 507 4133 σοφὸς
529 4061 703 4113 ἔσται’
732 4061 759 4112 6
782 4060 837 4113 δὲ
862 4060 1339 4131 συμπορευόμενος
1374 4058 1625 4130 ἄφροσιν,
1658 4059 1909 4132 γνωσθή-

345 4169 513 4207 σεται·
548 4151 801 4223 αἴσοησις
840 4151 948 4221 γὰρ
976 4151 1129 4222 παρά
1160 4151 1463 4220 φρονίμοις,
1496 4152 1745 4222 εὐχερής.
1787 4170 1806 4203 ι
1853 4151 1911 4204 '0

343 4244 399 4296 δὲ
430 4241 700 4311 Σολομὼν,
734 4262 751 4294 ι
778 4242 837 4305 ὃς
867 4241 1062 4311 πλανᾷ,
1096 4242 1282 4309 φησὶν,
1309 4241 1487 4302 εὐθεῖς
1516 4243 1574 4293 ὲν
1607 4240 1711 4312 6δῷ
1742 4243 1909 4312 κακῇ,

343 4335 424 4397 εἰς
459 4332 754 4402 διαφθορὰν
792 4331 953 4394 αὐτὸς
988 4331 1481 4399 ὲμπεσεῖται.›Καὶ
1516 4331 1677 4383 πάλιν
1701 4349 1712 4360 ·
1750 4330 1908 4397 «Υἱὲ,

2007 1875 2256 1944 superbis
2287 1887 2469 1931 autem
2492 1874 2781 1929 resistit”.
2821 1892 2838 1924 ι
2874 1871 3345 1939 Quemadmodum
3377 1868 3579 1922 Tobias

2009 1964 2143 2018 dicit
2167 1964 2311 2019 lilio:
2349 1986 2365 2015 ι
2396 1964 2697 2019 Consilium
2728 1964 2797 2018 ab
2824 1962 2972 2017 omni
3005 1962 3250 2031 sapiente
3294 1957 3575 2029 perquire.

2008 2067 2065 2112 et
2094 2074 2160 2112 ne
2196 2057 2597 2127 contempseris
2620 2056 2909 2111 consilium
2959 2053 3090 2107 utile
3108 2051 3172 2105 ³⁷.
3214 2070 3231 2103 ι
3270 2048 3375 2116 Qui
3428 2047 3576 2102 enim

2009 2148 2287 2218 particeps
2330 2158 2415 2202 est
2447 2145 2577 2200 boni
2621 2143 2860 2208 consilii,
2912 2158 3013 2212 per
3068 2140 3213 2193 viam
3267 2136 3578 2207 ingreditur

2009 2237 2395 2292 mandatorum
2426 2236 2641 2290 Domini
2665 2252 2681 2302 ;
2706 2235 2792 2289 vir
2818 2241 3001 2287 autem
3027 2229 3374 2285 inconsultus
3404 2269 3417 2291 ,
3441 2226 3579 2281 sibi-

2009 2323 2113 2393 ipsi
2149 2322 2325 2377 hostis
2364 2330 2471 2377 est.
2530 2322 2793 2391 Exemplo
2839 2331 2925 2376 est
2970 2319 3215 2374 Roboam
3268 2316 3579 2373 Salomonis

2012 2414 2179 2479 ﬁlius,
2216 2414 2333 2485 qui,
2367 2415 2636 2469 derelicto
2655 2414 2934 2469 seniorum
2966 2412 3143 2483 probo
3167 2410 3419 2475 consilio,
3446 2409 3578 2463 dum

2012 2523 2308 2577 puerorum
2327 2505 2418 2576 qui
2464 2521 2648 2561 secum
2675 2505 3048 2575 indulgentius
3072 2503 3289 2557 fuerant
3336 2501 3579 2568 educati,

2012 2596 2335 2653 adluerescit
2360 2597 2617 2663 consilio,
2644 2597 2931 2653 lsraelitici
2958 2596 3109 2666 regni
3135 2603 3356 2667 sceptra
3387 2594 3578 2649 decem

2009 2692 2335 2763 perdidit”.
2369 2692 2538 2746 Recte
2568 2691 2737 2761 igitur
2767 2690 2845 2745 sic
2872 2688 3214 2745 inconsultos
3246 2685 3583 2757 deprmdicat

2011 2786 2242 2839 miseros
2275 2786 2464 2849 Isaias,
2502 2784 2728 2838 dicens:
2757 2802 2773 2834 ι
2806 2785 2899 2864 Υιη
2928 2785 3020 2853 qui
3046 2784 3237 2837 ineunt
3262 2780 3578 2848 consilium,

2010 2896 2118 2933 non
2147 2895 2244 2948 per
2272 2879 2588 2941 Dominum,
2610 2879 2664 2932 iu
2688 2877 2903 2932 occulto
2941 2877 3223 2942 facientes,
3249 2884 3306 2931 et
3329 2882 3492 2930 erunt
3525 2874 3583 2928 in

2012 2971 2256 3026 tenebris
2285 2986 2448 3040 opera
2478 2970 3101 3025 corum”.¢Consilium'
3122 2968 3269 3023 enim
3310 2967 3584 3035 maligno-

2014 3078 2132 3115 rum
2183 3061 2368 3129 iniqua
2401 3060 2697 3124 consultat,
2728 3058 2805 3128 pii
2837 3067 3020 3113 autem
3071 3058 3365 3128 prudentia
3405 3056 3583 3111 iniere

2014 3153 2266 3207 consilia.
2317 3153 2469 3207 Alius
2515 3153 2645 3207 item
2695 3151 2917 3225 sapiens
2965 3150 3183 3205 dicebat
3222 3168 3235 3204 :
3282 3171 3300 3201 ι
3338 3149 3383 3204 Α
3436 3150 3587 3204 malo

2011 3243 2329 3298 Consiliario
2388 3241 2603 3298 custodi
2670 3243 2907 3297 animam
2956 3251 3103 3296 tuam
3153 3259 3165 3294 :
3225 3240 3431 3296 etenim
3489 3241 3583 3296 ille

2012 3334 2227 3402 sibiipsi
2259 3334 2518 3396 consulit,
2551 3343 2605 3388 et
2650 3333 2819 3387 stabit
2857 3349 2922 3387 ex
2967 3332 3224 3402 opposito
3280 3340 3345 3386 ut
3398 3332 3588 3387 videat

2011 3419 2143 3489 quid
2189 3428 2521 3473 eventurum
2561 3420 2719 3474 sit“.
2756 3440 2772 3473 ι
2801 3421 3015 3475 Rursus
3048 3437 3062 3474 :
3104 3438 3125 3471 ι
3153 3420 3231 3474 Ne
3273 3419 3587 3475 consilieris

1994 3508 2134 3565 'cum
2163 3527 2229 3565 eo
2258 3511 2351 3580 qui
2386 3521 2435 3566 te
2466 3522 2621 3566 torve
2674 3513 2942 3579 intuetur,
2994 3521 3049 3591 et
3104 3529 3133 3567 a
3185 3512 3491 3567 zelantibus
3533 3521 3586 3567 te

2012 3603 2288 3658 absconde
2339 3604 2631 3657 consilium
2653 3604 2716 3657 “.
2763 3622 2785 3656 ›
2837 3604 2963 3659 Non
2999 3606 3168 3675 igitur
3213 3606 3312 3659 abs
3357 3619 3436 3670 rc,
3488 3604 3586 3658 sed

2011 3706 2255 3764 congrue
2288 3693 2372 3763 (ut
2416 3694 2739 3764 praedictum
2791 3694 2895 3764 cst)
2943 3696 2998 3749 in
3052 3695 3310 3750 omnibus
3356 3709 3586 3763 exspec-

2008 3787 2239 3842 tandum
2277 3786 2440 3839 nobis
2468 3794 2553 3840 est
2582 3787 2925 3841 consortium
2952 3786 3255 3855 Spiritualis
3309 3786 3525 3841 consilii
3556 3802 3587 3841 a

2011 3878 2327 3933 senioribus
2359 3894 2500 3948 quos
2545 3895 2679 3933 usus
2734 3895 2914 3933 rerum
2972 3878 3241 3948 prolixior
3286 3879 3586 3947 prudentes

2013 3968 2277 4033 reddidit,
2305 3970 2612 4023 carnalium
2636 3984 2768 4024 vero
2794 3976 2849 4023 et
2876 3967 3281 4022 ineruditorum
3311 3969 3589 4023 consulta-

2015 4058 2193 4113 tiones
2219 4058 2456 4112 vitandae
2483 4073 2733 4127 prorsus,
2769 4067 2824 4111 ιιι
2854 4072 2921 4115 ne
2967 4072 3068 4126 pro
3106 4056 3432 4111 fulcimento
3480 4057 3589 4112 sci-

2013 4150 2192 4221 pionis
2211 4166 2239 4204 e
2270 4150 2466 4205 robore
2492 4150 2683 4219 palmae
2717 4149 2961 4218 decerpti
2991 4148 3203 4220 1159
3226 4148 3586 4204 arundineam
3659 4136 3667 4205 Ῐ

2013 4240 2351 4294 retineamus
2375 4240 2609 4310 virgam,
2656 4255 2777 4310 qua:
2808 4256 3030 4294 manum
3087 4239 3327 4294 hominis
3384 4239 3589 4295 fodicet

2015 4345 2078 4385 ac
2108 4329 2373 4399 perforet,
2394 4345 2616 4399 suaeque
2642 4331 2919 4401 inspergat
2939 4347 3212 4386 venenum
3240 4342 3467 4396 naturae,
3492 4341 3588 4386 aut

348 4424 421 4493 μὴ
480 4421 762 4494 καταλάϐῃ
803 4438 863 4473 σε
911 4420 1075 4491 βουλὴ
1107 4419 1276 4489 κακὴ.
1308 4421 1343 4490 ἡ
1370 4420 1740 4475 ἀπολείπουσα
1768 4422 1907 4475 διδα-

2016 4439 2119 4494 pro
2145 4438 2268 4488 ove,
2298 4423 2354 4476 in
2398 4422 2587 4491 lupum
2620 4424 2964 4478 revolvamur
2991 4431 3047 4478 et
3075 4423 3400 4478 incidamus.
3437 4441 3454 4474 ι
3481 4422 3586 4490 Qui

345 4513 571 4569 σκαλίαν
607 4513 876 4582 νεότητος.
912 4507 1006 4573 Οἷς
1030 4510 1138 4580 γὰρ
1178 4510 1252 4580 μὴ
1288 4510 1907 4584 ὁπάρχειθκυϐἐρνησις,

346 4607 636 4658 πίπτουσιν
664 4586 739 4667 ῶς
770 4601 944 4671 φύλλα
969 4618 982 4630 ·
1022 4584 1265 4671 σωτηρία
1293 4600 1351 4653 δὲ
1386 4601 1621 4670 ὑπάρχει
1654 4603 1711 4653 ὲν
1741 4601 1914 4672 πολλῇ

346 4699 531 4770 βουλῇ.
559 4696 774 4767 Ὥσπερ
793 4694 901 4765 γὰρ
929 4693 1082 4755 πόλις
1109 4692 1436 4760 ἀτείχιστος,
1472 4690 1647 4755 οὕτως
1674 4692 1812 4763 ἀνὴρ
1839 4692 1914 4765 μὴ

346 4788 483 4859 μετά
516 4786 709 4857 βουλῆς
750 4784 1010 4855 πράσσων
1042 4799 1096 4834 τι
1157 4800 1175 4833 ι
1225 4782 1286 4835 '0
1314 4781 1407 4835 τοῦ
1448 4782 1581 4835 Θεοῦ
1630 4783 1917 4852 συνόμιλος

343 4874 605 4948 Μωῦσῆς,
626 4878 728 4930 οὐκ
751 4874 1064 4944 ἀπηξίωσεν
1084 4873 1183 4943 τῆς
1207 4872 1541 4942 συμϐουλίας
1582 4873 1675 4927 τοῦ
1704 4873 1910 4942 Ἱοθὼρ,

342 4969 478 5023 ἁλλά
500 4969 593 5021 καὶ
621 4968 721 5020 ὅσα
750 4964 903 5019 εἶπεν
928 4964 1097 5035 αὐτῷ,
1132 4963 1387 5028 εύδοκῶν,
1418 4965 1596 5019 πάντα
1631 4965 1911 5036 ἐποίησεν,

342 5061 436 5114 καὶ
470 5061 569 5119 οὐκ
600 5060 805 5130 ἐπῆρεν
835 5056 997 5109 αὐτὸν
1036 5057 1069 5125 ἡ
1098 5054 1336 5123 τοσαύτη
1365 5056 1493 5122 δόξει
1523 5056 1615 5110 τοῦ
1642 5057 1778 5111 Θεοῦ
1818 5060 1914 5113 καὶ

342 5153 452 5206 τῶν
479 5150 801 5222 ἀνθρώπων.
822 5151 931 5203 Καὶ
961 5148 1094 5203 ὁτδν
1116 5148 1351 5219 Χριστὸν
1386 5149 1525 5227 ἔχων
1543 5153 1601 5204 ὲν
1624 5151 1911 5222 ἔαυτῷλαυ

342 5243 538 5295 λοῦντα
585 5240 795 5304 Παῦλος
826 5242 855 5294 6
904 5241 1203 5304 ἀπόστολος
1260 5243 1428 5311 φησὶν
1462 5241 1596 5313 πρὸς
1627 5243 1908 5309 Γαλάτας·

349 5354 369 5387 ‹
416 5332 643 5403 ’Λνέϐην
677 5334 756 5403 είς
794 5331 1167 5405 Ἰερουσαλὴμ,
1208 5334 1299 5385 καλ⁵
1332 5333 1603 5405 ἀνεθέμην
1635 5336 1816 5399 αὐτοῖς
1848 5336 1910 5390 τὸ

343 5423 703 5497 Εὐαγγὲλιον,
748 5425 777 5479 ὃ
823 5425 1102 5497 κηρύσσω,
1144 5426 1265 5479 κατ’
1298 5424 1439 5513 ἰδίαν
1466 5425 1522 5479 δὲ
1566 5428 1677 5490 τοῖς
1725 5427 1909 5482 δοκοῦ-

409 5574 456 5608 ⁸⁸
481 5574 645 5644 Prov.
670 5590 789 5635 χιιι,
822 5572 909 5644 l0.
940 5643 945 5644 ί
984 5574 1029 5606 ³·
1057 5574 1169 5644 Jac.
1212 5588 1288 5637 ιγ,
1325 5572 1384 5629 ϐ(
1455 5574 1499 5611 ³⁷
1530 5573 1667 5633 Toh.
1699 5591 1772 5644 iv,
1841 5574 1904 5627 t9

2010 5576 2045 5610 ’⁸
2080 5575 2149 5631 Ill
2183 5576 2315 5642 Reg.
2345 5592 2441 5639 ιιι,
2468 5574 2692 5644 passim.
2768 5576 2809 5607 ”
2832 5574 2939 5644 lsa.
2965 5592 3111 5640 χχιιι,
3145 5577 3229 5631 15.

340 5659 546 5706 xxxv",
580 5642 635 5697 9.
707 5645 748 5675 ⁶¹
779 5642 910 5701 ibid.
937 5643 990 5696 7.
1064 5644 1107 5677 δ’
1139 5642 1300 5699 Prov.
1328 5660 1443 5709 xm,
1477 5644 1565 5700 20.
1646 5645 1689 5677 ⁸³
1711 5643 1879 5699 Eccli.

2010 5662 2076 5712 ιι,
2111 5645 2199 5700 50.
2274 5645 2321 5677 “
2342 5642 2502 5701 Prov.
2534 5661 2615 5713 ιιι,
2654 5645 2704 5699 l.

304 5727 317 5738 °
345 5728 471 5780 xxv,
491 5713 579 5769 28.

2015 4515 2162 4569 enim
2192 4514 2443 4586 graditur
2468 4522 2592 4568 eum
2632 4514 2992 4583 sapientibus,
3024 4516 3242 4585 sapiens
3262 4515 3366 4570 erit
3391 4533 3405 4582 ;
3454 4514 3591 4570 stul—

2016 4606 2087 4661 tis
2118 4622 2182 4661 ac
2217 4604 2572 4661 dementibus
2603 4619 2797 4659 sensus
2832 4614 2918 4660 est
2956 4608 3254 4677 proclivior
3274 4607 3341 4667 δ’,
3375 4627 3393 4661 ι
3436 4606 3591 4664 Salo-

2014 4717 2144 4757 mon
2177 4717 2345 4756 vero:
2386 4720 2403 4753 ι
2441 4699 2967 4768 Quiscducitrectos
2995 4701 3050 4755 in
3079 4702 3166 4755 via
3201 4702 3362 4766 mala,
3386 4702 3439 4757 in
3466 4717 3592 4757 cor-

2014 4795 2327 4864 ruptionem
2360 4794 2478 4863 ipse
2528 4792 2933 4848 devolvetur”.
2970 4810 2988 4842 ι
3028 4792 3262 4848 Iterum:
3299 4813 3318 4846 ι
3357 4793 3480 4858 Fili,
3515 4810 3589 4849 ne

2020 4895 2073 4939 te
2097 4880 2477 4955 apprehendat
2514 4885 2804 4939 consilium
2856 4883 3082 4949 malum,
3133 4885 3281 4955 quod
3325 4886 3590 4956 relinquit

2019 4977 2333 5032 doctrinam
2357 4978 2757 5049 iuventutis“:
2786 4975 2988 5047 quibus
3013 4976 3159 5031 enim
3188 4993 3297 5033 non
3344 4978 3589 5048 suppetit

2019 5068 2369 5138 gubernatio,
2397 5068 2654 5124 foliorum
2683 5069 2856 5123 instar
2894 5067 3180 5134 decidunt,
3223 5069 3372 5125 salus
3404 5077 3587 5125 autem

2018 5159 2195 5226 adest,
2258 5159 2352 5214 ubi
2406 5160 2575 5214 multa
2628 5161 2858 5217 consilia
2878 5161 2956 5214 ":
3008 5162 3150 5217 sicut
3200 5163 3348 5217 enim
3400 5163 3593 5221 civitas

2018 5252 2189 5306 nullis
2216 5254 2395 5306 cincta
2436 5253 2735 5317 mmnibus,
2770 5254 2843 5308 ita
2879 5254 2971 5323 qui
2997 5254 3279 5325 quidpiam
3331 5255 3441 5321 agit
3469 5256 3593 5310 sine

2017 5344 2247 5399 consilio
2269 5344 2335 5397 “.
2368 5364 2385 5395 ι
2425 5344 2654 5415 Moyses,
2690 5346 2783 5415 qui
2817 5355 2925 5399 tam
2961 5346 3309 5401 familiariter
3324 5362 3447 5401 cum
3477 5346 3590 5402 Deo

2016 5432 2377 5505 loquebatur,
2400 5432 2724 5501 neutiquam
2749 5435 3064 5502 repudiavit
3082 5437 3372 5491 consilium
3393 5434 3591 5513 Jothor

3342 5574 3387 5605 ‘°
3417 5573 3587 5633 Eccli.

2815 5644 2859 5677 ⁸⁸
2883 5643 3045 5701 Prov.
3079 5662 3151 5712 xi,
3182 5646 3264 5700 id.
3359 5645 3402 5676 “
3426 5643 3595 5705 Prov.
