4030 6296
494 305 626 372 Ῑῡὸἷ

1757 327 2123 394 ANTIOCHI
2160 298 2502 395 MONACHI

3622 317 3762 381 1688

490 422 585 475 sed
610 437 945 493 qnzveunqne
976 424 1149 494 ipsius
1174 428 1345 483 relatu
1373 432 1585 501 didicit,
1616 440 1852 507 explevit
1873 457 2060 510 opere,

2170 463 2275 511 σιν,
2312 448 2386 517 μή
2417 463 2536 507 πως
2572 444 2649 507 εἰς
2684 442 2835 496 κενδν
2860 440 3061 512 τρέχω,
3085 434 3116 508 ἢ
3144 434 3405 508 ἔδραμον.
3428 452 3450 484 ι
3490 427 3552 484 Ὀ

489 511 682 566 eadem
720 517 1086 584 COtnprubnltS
1114 536 1125 571 :
1154 535 1329 589 neque
1359 521 1487 579 hinc
1518 524 1570 579 in
1628 530 1940 597 superbiam
1971 549 2064 587 ex-

489 603 617 655 tnlit
641 618 721 666 se,
749 615 900 660 tanta
923 610 1125 678 aEioqui
1157 611 1298 679 apud
1340 613 1507 669 Deum
1540 626 1595 670 et
1640 617 1894 676 homines
1932 639 2059 692 per-

398 706 405 713 '
489 694 692 752 l‘ruitus
725 698 896 766 gloria
923 700 982 750 ⁸⁷.
1015 702 1119 755 Sed
1152 712 1201 756 ct
1232 705 1428 760 Paulus
1460 711 1758 777 apostolus,
1782 712 2062 771 Christum

490 784 544 837 in
573 802 630 839 se
654 787 966 856 loquentem
994 792 1087 859 qui
1116 792 1374 855 habebat.
1402 797 1478 851 ait
1509 799 1744 855 Calatis:
1776 821 1792 851 ι
1826 804 2061 862 Asccndi

490 877 544 930 in
565 877 891 945 Jerusalem,
923 892 977 937 et
1002 885 1209 938 contuli
1234 900 1356 941 cum
1391 889 1473 942 eis
1531 891 1885 961 Evangelium
1915 898 2062 967 quod

489 972 748 1040 prmdico.
783 990 1030 1030 seorsum
1074 988 1258 1035 autem
1293 982 1381 1037 bis
1409 984 1502 1053 qui
1554 986 1885 1045 videbantur
1918 1008 2061 1060 esse,

488 1078 556 1115 ne
584 1062 721 1117 forte
752 1065 803 1118 in
841 1082 1039 1122 vanum
1074 1086 1354 1127 currerem
1398 1083 1495 1129 aut
1544 1080 1913 1136 cucurrissem
1936 1084 2000 1138 ³⁸.
2038 1105 2056 1136 ι

487 1148 554 1205 Εῑ
579 1152 623 1207 is
656 1156 748 1223 qui
786 1154 919 1213 dicit
943 1173 1001 1213 se
1038 1176 1146 1215 non
1179 1161 1247 1217 ab
1291 1162 1608 1222 hominibus
1630 1170 1911 1237 didicisse,
1967 1174 2063 1231 sed

486 1259 586 1313 per
602 1246 997 1304 revelationem
1029 1250 1155 1304 Jesu
1188 1251 1418 1320 Christi,
1455 1257 1593 1313 nihil
1634 1263 1900 1329 gravatim
1939 1264 2066 1319 tulit

488 1349 611 1385 cum
644 1337 1036 1409 condiscipulis
1066 1341 1575 1404 confcrre,consilii
1608 1348 1833 1403 ineundi
1868 1335 2062 1420 gratia.

486 1424 679 1495 Neque
709 1426 856 1482 enim
893 1431 1108 1503 privato
1134 1434 1348 1505 judicio
1390 1443 1601 1493 tantum
1628 1443 1730 1496 sibi
1761 1444 1852 1498 uni
1874 1444 2067 1497 tribuit

488 1516 723 1587 ﬁduciae,
745 1521 952 1577 veritus
977 1538 1044 1577 ne
1077 1522 1131 1578 in
1155 1542 1355 1581 vanum
1388 1540 1641 1585 curreret
1668 1540 1762 1587 aut
1788 1534 2068 1587 cucurris-

487 1617 589 1664 set.
626 1610 737 1665 Nos
764 1624 969 1677 autem,
995 1632 1134 1685 quos
1164 1619 1300 1673 latet
1322 1637 1443 1690 qua:
1469 1622 1538 1676 sit
1579 1633 1675 1679 aut
1708 1624 1933 1679 dextera
1970 1633 2067 1680 aut

485 1698 731 1759 sinistra.
757 1714 963 1770 quanto
985 1708 1198 1777 aequius
1224 1719 1310 1765 est
1336 1712 1474 1766 nihil
1508 1711 1686 1769 molii‘i
1723 1715 1908 1787 operis
1939 1716 2066 1769 abs-

2168 538 2242 608 μὴ
2262 537 2571 608 διδαχθῆναι
2600 536 2728 606 παρ’
2749 532 3059 603 ἀνθρώπου,
3092 529 3230 584 ἀλλὰ
3250 528 3320 581 δι’
3343 521 3758 591 ἀποκαλύψεως

2177 628 2349 698 Ἰησοῦ
2396 626 2656 698 Χριστοῦ,
2692 626 2793 679 οὐκ
2840 622 3154 694 ἀπηξίωσεν
3187 616 3621 687 συμϐουλεύσας
3646 616 3759 673 τοῖς

2166 719 2551 789 συμμαθηταίς
2609 715 2797 770 αὑτοῦ.
2844 715 2978 769 Ούδὲ
3019 714 3128 784 γὰρ
3167 710 3350 782 ἑαυτῷ
3397 707 3757 770 ἐπίστευσεν,

2164 807 2495 879 φοϐούμενος
2528 809 2603 880 μὴ
2656 809 2734 872 εἰς
2762 807 2919 861 κενὸν
2953 807 3145 878 τρέχῃ,
3174 805 3206 874 ἢ
3244 804 3509 873 ἔδραμεν.
3554 797 3763 867 Ἡμεῖς

2163 900 2219 955 δὲ
2256 903 2304 953 οἱ
2331 902 2406 973 μὴ
2431 900 2816 970 γινώσκοντες,
2845 899 2972 953 ποία
3001 896 3149 962 δεξιὰ
3175 896 3209 962 ἦ
3238 891 3536 964 ἀριστερὰ,
3567 888 3763 959 πολλῷ

2167 993 2370 1066 μᾶλλον
2399 995 2688 1064 ὀφείλομεν
2717 995 2898 1047 πάντα
2932 981 3071 1062 μετὰ
3098 987 3328 1059 γνώμης
3358 986 3471 1039 τῶν
3505 1000 3764 1051 πνευμα-

2163 1087 2330 1141 τικῶν
2358 1086 2515 1157 ἡμῶν
2549 1084 2807 1155 Πατέρων
2838 1084 3097 1154 πράττειν
3117 1119 3134 1143 ,
3167 1078 3503 1149 φοϐούμενοι
3528 1075 3593 1127 τὺ
3622 1074 3761 1125 ύπύο

2164 1182 2362 1250 δειγμα
2414 1179 2506 1233 τοῦ
2554 1177 2903 1232 Ἀποστόλου·
2943 1176 3038 1228 καὶ
3074 1173 3223 1244 πάσῃ
3256 1171 3470 1240 σπουδῇ
3505 1171 3574 1239 τῇ
3611 1185 3758 1236 συμ-

2167 1272 2351 1344 6ουλίᾳ
2386 1272 2738 1341 χρησάμενον
2775 1269 2833 1322 ὲν
2883 1265 3074 1338 μηδενὶ
3110 1263 3451 1335 θαρροῦντες
3509 1260 3755 1321 ἑαυτοῖς,

2165 1364 2197 1435 ἢ
2233 1362 2573 1425 πιστεύοντες
2602 1363 2714 1422 τοῖς
2737 1360 3015 1428 λογισμοῖς
3040 1355 3214 1425 ἡμῶν,
3234 1353 3369 1409 ἀλλὰ
3395 1349 3759 1419 ποιχοῦντες

2165 1457 2230 1524 τῇ
2275 1452 2550 1523 συμϐουλῇ
2607 1453 2702 1504 καὶ
2760 1453 2825 1520 τῇ
2870 1449 3048 1520 κρίσει
3076 1447 3188 1511 ,τῶν
3224 1445 3327 1516 πρὸ
3374 1443 3541 1514 ἡμῶν
3575 1441 3762 1495 [Ιατὲ-

2170 1560 2299 1614 ρων,
2333 1544 2542 1613 μήποτε
2595 1538 2991 1611 ὲμπάιχθῶμεν
3036 1535 3139 1588 ὑπὸ
3170 1533 3280 1587 τῶν
3333 1530 3601 1602 πονηρῶν
3641 1528 3763 1581 δαι-

2169 1634 2366 1703 μόνων.
2434 1632 2522 1695 Ὠς
2574 1632 2683 1700 γὰρ
2737 1630 2985 1684 θέλουσιν
3042 1622 3635 1695 μετασχηματίζουσιν
3689 1619 3760 1672 τὰ

2168 1727 2492 1796 πρᾶγματα,
2527 1726 2763 1795 μάλιστα
2792 1726 2903 1788 τοῖς
2932 1722 3031 1786 τὰς
3062 1720 3258 1790 τέχνας
3296 1716 3485 1770 αὐτῶν
3518 1716 3600 1784 μὴ
3636 1716 3763 1766 ἐπι·

485 1808 594 1861 que
635 1795 1007 1864 spiritualium
1080 1800 1310 1855 Patrum
1377 1805 1645 1859 arbitratu
1702 1814 1758 1861 et
1808 1807 2063 1872 consilio,

2171 1793 2540 1889 σταμένοιῖ,ἦ
2582 1815 2902 1869 πεποιοόσιν
2941 1815 3037 1867 ἐπὶ
3069 1812 3148 1882 τῷ
3175 1812 3315 1882 τόξῳ
3359 1810 3453 1862 καὶ
3503 1807 3587 1876 τῷ
3622 1806 3762 1877 βρα-

484 1891 736 1959 exemplo
766 1892 897 1947 tanti
927 1894 1086 1950 istius
1110 1898 1394 1968 Apostoli?
1415 1903 1509 1957 sed
1539 1904 1686 1958 onmi
1718 1905 1904 1959 studio
1942 1905 2066 1961 illo-

487 1997 607 2037 rum
640 1986 871 2041 eonsilio
907 1990 1010 2053 usi,
1044 2008 1152 2045 non
1212 1994 1342 2048 item
1376 1996 1429 2050 in
1474 2013 1532 2051 re
1578 1999 1775 2066 quavis
1828 1999 2067 2054 nitentes

485 2083 674 2129 nostra
702 2079 1073 2150 qualicunque
1100 2083 1427 2152 prudentia,
1455 2098 1547 2143 aut
1573 2089 1812 2158 propriis
1856 2090 2063 2161 cogita-

485 2166 733 2223 tionibus
783 2170 944 2226 ﬁdcm
998 2179 1503 2245 accommodantes,
1557 2182 1730 2252 magis
1776 2191 1960 2238 autem
1997 2182 2066 2238 ad

484 2272 677 2313 eorum
714 2262 806 2330 qui
864 2276 1110 2320 nostram
1161 2269 1304 2325 hanc
1357 2281 1779 2328 anteverterunt
1823 2282 2063 2340 :etatcm,

485 2350 781 2407 consilium
824 2353 1202 2425 decretumve,
1253 2377 1357 2416 ceu
1386 2363 1454 2419 ad
1483 2379 1709 2434 scepum
1745 2374 1894 2420 recta
1952 2365 2068 2419 col-

484 2438 779 2521 linccmus,
816 2461 881 2499 ne
917 2446 1058 2503 forte
1088 2451 1370 2521 contingat
1408 2454 1671 2510 insidiosa
1724 2456 2066 2527 malignitate

485 2528 795 2603 daemonum
842 2536 1003 2593 nobis
1044 2540 1222 2596 illudi.
1254 2542 1361 2597 Pro
1394 2559 1490 2599 sua
1525 2546 1675 2600 enim
1730 2545 2067 2602 veteratorie

2169 1911 2307 1983 χίονι
2328 1910 2526 1964 αὐτῶν.
2564 1908 2661 1963 Διὰ
2692 1908 2799 1978 γὰρ
2834 1907 2932 1976 τῆς
2967 1900 3351 1975 ταπεινώσεως
3381 1898 3763 1951 ἐπελεύσεται

2169 2003 2253 2070 ἐφ’
2281 1992 2425 2069 ἡμᾶς
2456 2001 2488 2066 ἡ
2528 1999 2689 2068 χάρις
2720 1995 2814 2049 τοῦ
2846 1996 3003 2063 ἁγίου
3046 1990 3393 2060 Πνεύματοςθ
3429 1986 3631 2049 καθὼς
3666 1984 3765 2037 καὶ

2167 2090 2195 2142 ό
2220 2088 2429 2160 Κύριος
2454 2086 2692 2153 ἐδίδαξεν
2726 2087 2875 2156 ἡμᾶς
2912 2084 3086 2150 λέγων
3108 2098 3120 2111 ·
3163 2101 3185 2137 (ν
3219 2081 3388 2134 Ὅταν
3413 2075 3766 2148 προσφέρω-

2166 2195 2249 2229 σιν
2304 2170 2451 2245 ὑμᾶς
2498 2173 2594 2228 ἐπὶ
2640 2174 2740 2237 τὰς
2776 2171 3119 2240 συναγωγὰς,
3156 2167 3251 2245 καὶ
3289 2166 3391 2228 τὰς
3423 2162 3638 2234 ἀρχὰς,
3664 2163 3764 2216 καὶ

2162 2268 2262 2332 τὶς
2300 2242 2569 2332 ἐξουσίας,
2620 2262 2696 2333 μὴ
2748 2262 3122 2333 μεριμνήσητε
3166 2242 3283 2319 πῶς
3313 2255 3349 2325 ἢ
3384 2254 3439 2306 τί
3472 2252 3765 2322 ἀπολογή-

2164 2359 2344 2412 σεσΟε.
2382 2356 2455 2408 Τὸ
2503 2355 2612 2425 γὰρ
2668 2353 2825 2421 ἅγιον
2859 2349 3084 2420 Πνεῦμα
3122 2347 3318 2411 διδάξει
3350 2345 3502 2414 ὑμᾶς
3529 2345 3590 2398 ὲν
3616 2343 3763 2414 αὖτῇ

2162 2452 2229 2523 τῇ
2266 2450 2385 2521 ὥρᾳ
2427 2448 2462 2503 ἃ
2495 2448 2574 2502 δεῖ
2601 2448 2799 2525 εἰπεῖν.
2839 2464 2855 2496 ι
2890 2443 3048 2514 Αὐτῷ
3080 2443 3112 2513 ἡ
3158 2440 3285 2504 δόξα
3325 2440 3410 2501 είς
3443 2437 3578 2500 τοὺς
3621 2437 3763 2491 αΞῷ-

2163 2560 2278 2607 νας.
2317 2543 2510 2612 ’Δμήν.

487 2623 770 2689 voluntate
805 2643 892 2683 rcs
922 2631 1196 2700 quaslibet
1217 2634 1271 2688 in
1292 2633 1454 2690 aliam
1477 2637 1712 2692 subinde
1741 2644 2058 2709 permutant
2095 2633 2349 2697 formam,
2411 2634 2467 2687 in
2498 2646 2506 2659 ’
2538 2647 2729 2686 eorum
2782 2627 3017 2683 maxime
3063 2631 3358 2695 prospectu
3415 2624 3519 2694 qui
3587 2623 3768 2679 com-

487 2718 772 2776 mentitias
796 2732 941 2778 artes
971 2724 1191 2781 illorum
1248 2743 1360 2784 non
1417 2730 1712 2786 admodum
1740 2733 1879 2788 scite
1910 2732 2132 2794 callent,
2158 2737 2254 2784 aut
2291 2728 2385 2797 qui
2411 2728 2536 2798 plus
2568 2741 2726 2796 aequo
2755 2724 3010 2778 nituntur
3050 2720 3246 2774 ﬁducia
3280 2719 3366 2774 sui
3414 2735 3586 2774 arcus
3644 2719 3769 2775 sive

487 2810 724 2868 brachii.
761 2814 819 2869 In
858 2833 958 2871 nos
1001 2820 1150 2874 enim
1202 2836 1304 2891 per
1353 2823 1744 2891 humilitatem,
1801 2826 1934 2885 sidit
1995 2842 2060 2881 ac
2094 2822 2373 2880 delabitur
2431 2820 2607 2875 sancti
2699 2817 2940 2888 Spiritus
3024 2815 3221 2885 gratia,
3275 2811 3765 2883 quemadmodum

488 2918 593 2957 nos
626 2903 850 2961 edocuit
895 2908 1162 2971 Dominus
1217 2928 1232 2966 :
1309 2931 1327 2963 ι
1363 2914 1499 2969 Cum
1543 2916 1876 2972 adduxerim
1926 2932 2025 2971 vos
2059 2916 2126 2971 ad
2164 2927 2469 2985 synagogas
2502 2919 2558 2965 et
2585 2908 2931 2980 principatus
2959 2913 3015 2961 et
3040 2902 3366 2976 potestates,
3397 2904 3580 2959 nolite
3610 2903 3767 2975 cogi-

489 3003 606 3052 tare
639 2998 913 3066 quomodo
934 3010 1028 3055 aut
1056 3002 1190 3072 quid
1216 3005 1629 3075 respondeatis:
1665 3007 1905 3078 Spiritus
1921 3008 2069 3063 enim
2106 3014 2333 3060 sanctus
2367 3002 2588 3058 docebit
2624 3016 2725 3055 vos
2786 3000 2843 3054 in
2871 2999 2965 3053 illa
3004 2998 3140 3053 hora
3170 2995 3307 3067 quid
3366 3011 3471 3051 vos
3501 3004 3770 3067 oporteat

490 3087 758 3143 dicere".
794 3109 811 3142 ι
876 3091 981 3161 Ipsi
1041 3094 1213 3163 gloria
1275 3108 1332 3151 et
1391 3098 1682 3168 imperium
1729 3100 1785 3153 in
1839 3100 2058 3154 sacula.
2100 3097 2297 3152 Amen.

849 3184 1063 3257 1160
1103 3188 1385 3244 HOMILIA
1425 3190 1713 3247 LXXXIV.

952 3275 955 3279 ⁴
1073 3278 1151 3334 De
1188 3281 1480 3353 insomniis.

563 3364 681 3419 Jam
713 3365 935 3436 quando
994 3370 1247 3424 nonnulli
1288 3382 1419 3426 sunt
1474 3374 1566 3443 qui
1629 3389 1728 3444 per
1758 3374 1864 3429 hoc
1917 3373 2066 3444 quod

494 3454 657 3509 ﬁdem
716 3456 1035 3512 habuerunt
1094 3459 1417 3527 insomniis,
1471 3479 1501 3518 a
1558 3465 1895 3521 rectitudine
1966 3466 2067 3520 viae

490 3545 715 3626 abducti
737 3545 791 3599 in
826 3543 1118 3616 pudendos
1164 3565 1389 3607 errores
1424 3552 1792 3619 deﬂexerunt,
1838 3554 2065 3625 hujusce

493 3637 570 3692 rei
603 3638 777 3707 gratia
807 3639 1203 3699 submoncmns
1225 3660 1344 3709 vos,
1363 3644 1732 3709 dilectissimi,
1754 3663 1822 3701 ne
1845 3646 2065 3716 quando

491 3728 805 3784 istiusmodi
841 3732 1114 3804 acrivagis
1163 3742 1220 3789 et
1285 3737 1720 3793 multiformibus
1773 3738 2063 3792 insomniis

490 3821 857 3878 commodetis
920 3823 1108 3882 ﬁdem.
1162 3826 1303 3881 Sunt
1357 3828 1505 3883 enim
1560 3828 1678 3884 ha’c
1723 3827 1873 3885 aliud
1922 3828 2062 3882 nihil

490 3932 654 3983 quam
683 3918 1222 3989 mentisimplanatm
1268 3932 1332 3974 ac
1386 3919 1697 3974 deerrantis
1744 3918 2062 3985 simulacra,

491 4005 938 4077 imaginationes,
970 4018 1027 4065 et
1054 4009 1419 4080 frustratoria:
1447 4010 1850 4065 ludiﬁcationes
1872 4026 2063 4080 repro-

490 4072 689 4152 borum
712 4072 1046 4164 daemonum,
1062 4072 1225 4155 nobis
1257 4111 1318 4155 ut
1340 4099 1629 4170 imponant
1652 4109 1707 4155 et
1736 4072 2060 4171 implan-ent;

489 4187 570 4243 sic
606 4188 807 4243 misere
833 4190 1093 4245 seductos
1136 4199 1198 4245 ut
1236 4191 1485 4246 inescent
1532 4191 1652 4247 istis
1686 4189 2064 4246 delinimentis

489 4285 657 4360 atque
692 4276 992 4343 oblectent,
1040 4286 1101 4333 ut
1140 4279 1404 4349 deinceps
1433 4280 1587 4334 nullo
1618 4279 1848 4353 negotio.
1884 4280 2062 4337 homi-

488 4383 614 4423 nem
644 4370 967 4440 pertrahant
1006 4371 1073 4426 ad
1103 4371 1370 4441 captanda
1397 4373 1671 4428 lenocinia
1722 4372 2063 4429 illecebrosas

485 4459 806 4529 voluptatis,
827 4462 983 4539 juxta
1011 4463 1238 4518 verbum
1266 4462 1419 4518 Judae
1451 4462 1683 4533 apostoli
1725 4462 2062 4518 Jacobi.l‘ra-

489 4554 613 4620 tris,
650 4553 717 4610 de
749 4555 1021 4625 ejusmodi
1052 4555 1406 4627 quibusdam,
1432 4554 1699 4609 dicentis:
1743 4574 1760 4606 ι
1798 4554 2064 4609 Similiter

486 4656 546 4703 et
574 4646 631 4701 hi
662 4648 934 4703 insomnia
961 4664 1059 4703 sua
1084 4657 1379 4720 sectantes,
1421 4663 1642 4703 carnem
1676 4647 1901 4717 quidem
1954 4663 2069 4702 ma-

490 4738 698 4804 culant,
725 4738 1160 4794 dominationem
1190 4747 1371 4793 autem
1403 4745 1693 4807 spernunt,
1726 4737 2068 4808 maiestatem

489 4842 624 4882 vero
657 4829 1131 4899 blasphemant“.
1171 4849 1190 4882 ›
1226 4828 1591 4886 Ecclesiastes
1621 4827 1750 4883 item
1796 4828 2066 4898 praecipit,

2752 3183 2973 3239 ΛΟΓΟΣ
3022 3184 3142 3236 l'IA'.

2695 3274 2833 3343 Περὶ
2864 3274 3188 3328 ἐνυπνίων.
3408 3336 3414 3341 _

2251 3368 2467 3440 Ἐπειδὴ
2526 3384 2670 3430 τινες
2720 3365 3189 3436 ὲμπιστεύσαντες
3239 3362 3544 3427 ἐνυπνίοις,
3614 3380 3767 3433 περ·

2166 3460 2486 3531 ετράπησαν
2507 3460 2603 3531 τῆς
2627 3457 2845 3520 εὐθείας
2868 3457 3013 3522 ὁδοῦ,
3029 3455 3218 3509 τούτου
3241 3457 3401 3525 χάριν
3430 3455 3763 3526 ὑπομιμνή-

2166 3569 2370 3622 σκομεν
2408 3552 2577 3621 ὑμᾶς,
2613 3549 2907 3619 ἀγαπητοὶ,
2955 3548 3030 3611 ὡς
3079 3548 3141 3600 οὐ
3185 3547 3290 3618 χρὴ
3341 3547 3549 3615 ῥᾳδίως
3584 3550 3756 3617 ὲμπιυ

2168 3644 2391 3702 στεῦσαι
2407 3646 2521 3706 τοῖς
2539 3640 2897 3712 ἀστροπόλοις
2930 3641 3023 3695 καὶ
3049 3636 3426 3707 πολυσχιδέσιν
3449 3639 3758 3702 ἐνυπνίοις.

2165 3732 2351 3788 Ταῦτα
2383 3733 2488 3804 γὰρ
2518 3731 2668 3787 οῦδὲν
2707 3729 2895 3801 ’ἕτερόν
2945 3730 3087 3782 εἰσιν
3117 3727 3150 3798 ἦ
3177 3727 3418 3790 διανοίας
3449 3727 3762 3797 πλαωμέο

2164 3845 2269 3896 νης,
2295 3825 2609 3894 ἰνδάλματα,
2640 3824 2735 3878 καὶ
2771 3816 3086 3892 φαντασίαι,
3117 3821 3212 3874 καὶ
3242 3819 3408 3891 χλεύη
3441 3819 3556 3872 τῶν
3583 3838 3761 3891 mw;-

2167 3920 2276 3989 ρῶν
2300 3917 2588 3988 δαιμόνων,
2621 3916 2759 3986 πρὸς
2792 3914 2854 3967 τὸ
2883 3912 3200 3969 ἀπατᾶσθαι
3229 3913 3397 3982 ἡμᾶς,
3429 3911 3530 3964 καὶ
3556 3910 3765 3976 ἑξακο-

2163 4008 2373 4063 λουθεῖν
2413 4008 2593 4061 αὐτῶν
2636 4009 2749 4068 τοῖς
2796 4004 3149 4073 δελεάσμασι,
3176 4002 3364 4056 λοιπὸν
3407 4001 3464 4055 δὲ
3520 4003 3612 4055 ἵνα
3661 4004 3761 4055 καὶ

2164 4099 2301 4168 πρὸς
2332 4097 2525 4169 ἡδονὴν
2565 4096 2923 4166 κατασύρωσι
2964 4094 3056 4149 τὸν
3088 4093 3395 4165 ἄνθρωπον,
3426 4094 3506 4155 ὡς
3539 4092 3705 4160 λέγει
3730 4093 3764 4147 6

2163 4188 2459 4255 ἀπόστολος
2494 4191 2697 4254 Ἰούδας
2727 4189 2757 4242 ὁ
2798 4186 3060 4243 Ἰακώϐου
3097 4186 3227 4257 περί
3262 4202 3424 4239 τινων
3456 4185 3758 4240 τοιούτων.

2162 4286 2302 4357 Φησὶ
2335 4285 2442 4357 γάρ
2468 4300 2481 4314 ⁸
2521 4303 2541 4337 ι
2588 4282 2825 4354 Ὁμοίως
2872 4279 3058 4353 μέντοι
3101 4279 3198 4333 καὶ
3231 4272 3381 4333 οὗτοι
3422 4278 3761 4342 ὲνυπνιαζὸο

2167 4396 2341 4449 μενοι,
2367 4378 2548 4449 σάρκα
2582 4376 2680 4446 μὲν
2706 4374 3002 4446 μιαίνουσι,
3027 4372 3354 4442 κυριότητας
3382 4370 3439 4422 δὲ
3463 4368 3759 4435 ἁθετοῦσι,

2164 4471 2323 4538 δόξας
2354 4469 2411 4523 δὲ
2443 4466 2849 4539 βλασφημοῦσι.
2887 4482 2906 4516 ι
2952 4464 3011 4517 '0
3047 4464 3103 4516 δὲ
3144 4460 3603 4532 Ἐκκλησιαιττὴς,
3650 4479 3763 4515 πα-

2169 4560 2450 4632 ραγίνεται
2482 4558 2591 4627 γὰρ
2625 4557 2820 4625 λέγων’
2852 4574 2872 4607 ι
2925 4553 3206 4607 Ἐνύπνιον
3232 4555 3291 4605 ἐν
3319 4552 3520 4622 πλήθει
3554 4568 3763 4621 πειρα-

2168 4650 2330 4723 σμοῦ,
2383 4650 2477 4703 καὶ
2528 4646 2678 4717 φωνὴ
2726 4640 2960 4716 ἄφρονος
3002 4646 3060 4697 ὲν
3101 4644 3296 4714 πλήθει
3324 4643 3523 4712 λόγων.
3571 4662 3590 4695 ι
3644 4645 3763 4698 Καὶ

2166 4744 2364 4809 ἐπάγει
2396 4758 2411 4771 ’
2448 4761 2466 4794 ι
2504 4738 2598 4811 Μὴ
2649 4738 2755 4808 δῷς
2780 4741 2842 4792 τὸ
2890 4739 3064 4808 στόμα
3116 4754 3209 4790 σου
3262 4736 3598 4808 ἐξαμαρτεῖν
3656 4739 3763 4806 τὴν

2169 4834 2347 4904 σάρκα
2377 4848 2490 4886 σουο
2523 4830 2614 4884 ἵνα
2642 4830 2718 4900 μὴ
2763 4826 2993 4898 ὀργισθῇ
3038 4828 3066 4879 ὁ
3091 4826 3223 4889 Θεὸς
3268 4825 3364 4879 ἐπὶ
3420 4827 3575 4895 φωνῇ
3623 4843 3752 4892 σου,

489 4921 719 4977 dicens:
760 4941 778 4973 ι
806 4921 1147 4978 Insomnium
1168 4924 1220 4977 in
1250 4919 1607 4977 multitudine
1642 4921 1983 4985 tentationis,
2014 4928 2064 4976 et

2169 4925 2263 4978 καὶ
2292 4920 2581 4994 διαφθείρῃ
2615 4920 2684 4973 τὰ
2716 4921 2998 4990 ποιήματα
3025 4917 3135 4970 τῶν
3175 4919 3381 4988 χειρῶν
3419 4934 3538 4980 σου,
3572 4919 3661 4970 ὅτι
3697 4921 3759 4970 ὲν

486 5030 594 5069 vox
616 5015 772 5071 stulti
804 5016 858 5070 in
895 5016 1253 5072 multitudine
1293 5030 1612 5070 sermonum
1633 5016 1699 5069 ⁸¹.
1732 5034 1750 5067 ι
1808 5013 2065 5069 lnducit:

496 5125 515 5155 ι
553 5104 630 5160 Ne
662 5104 761 5161 des
785 5121 849 5162 os
881 5115 1033 5162 tuum
1066 5115 1124 5161 ut
1151 5123 1408 5164 exerrare
1443 5106 1614 5162 facias
1644 5119 1864 5161 carnem
1896 5112 2067 5170 tuam,

2170 5015 2365 5086 πλήθει
2392 5012 2661 5066 ἐνυπνίων
2710 5010 2806 5068 καὶ
2853 5010 3232 5080 ματαιοτήτων
3270 5009 3371 5063 καὶ
3411 5009 3589 5077 λόγων
3618 5011 3759 5064 πολ-

2166 5106 2299 5162 λῶν.
2339 5125 2358 5159 ι
2400 5104 2532 5158 -Καὶ
2589 5105 2618 5157 ὁ
2666 5100 2761 5156 τοῦ
2808 5101 3007 5172 Xstde
3061 5117 3264 5171 φησιν,
3303 5100 3385 5153 ὅτι
3443 5102 3760 5155 «Ἐνύπνια

490 5200 642 5249 utne
664 5194 937 5250 irascatur
967 5195 1111 5250 Deus
1145 5210 1311 5267 super
1344 5210 1478 5250 voce
1513 5202 1625 5259 tua,
1663 5201 1719 5249 et
1750 5201 2064 5262 corrumpat

2168 5195 2564 5268 ἀναπτεροῦσιν
2593 5193 2854 5264 ἄφρονας.
2891 5211 2910 5244 ι
2949 5192 3059 5246 Καὶ
3098 5190 3373 5263 ἐπιφέρει,
3409 5208 3428 5242 ι
3468 5191 3697 5264 Ὠσπερ
3730 5194 3759 5246 ὁ

489 5283 711 5342 labores
770 5302 1033 5342 manuum
1105 5296 1359 5354 tuarum,
1422 5286 1551 5357 quia
1612 5285 1669 5340 in
1715 5284 2064 5341 multitudine

2168 5289 2539 5361 δρασσόμενος
2584 5286 2764 5350 σκιὰς,
2796 5283 2894 5339 και
2925 5286 2953 5338 ό
2982 5283 3189 5351 διάγων
3225 5283 3487 5353 ἀνέμους,
3519 5284 3705 5348 οὕτως
3726 5285 3756 5337 ὁ

491 5380 837 5434 somniorum
904 5386 961 5434 et
1027 5380 1335 5436 vanitatem
1378 5387 1435 5435 et
1478 5393 1800 5434 sermonum
1870 5377 2070 5434 multo-

492 5472 703 5525 rum".
759 5490 779 5524 ι
834 5470 992 5529 Iesus
1060 5473 1193 5527 item
1249 5471 1443 5528 Sirach
1494 5472 1675 5527 ﬁlius:
1736 5471 2067 5526 «Insomnia

491 5562 1236 5639 extolluntimprudentcs".
1274 5584 1292 5616 ι
1322 5562 1525 5620 Infert:
1551 5582 1569 5617 ι
1594 5562 2067 5633 Quemadmodum

2175 5381 2390 5452 ἐπέχων
2420 5378 2712 5441 ἐνυπνίοις.
2753 5375 2887 5429 Ἀπὸ
2910 5374 3018 5445 γὰρ
3044 5373 3269 5444 ψεύδους
3307 5372 3360 5425 τί
3397 5371 3702 5443 ἁληθεύει;
3730 5391 3750 5427 ι

2177 5474 2288 5528 Καὶ
2319 5473 2500 5525 πᾰιλιν⁹
2540 5489 2556 5523 ι
2599 5471 2887 5531 Μαντεῖαι,
2917 5467 3013 5520 καὶ
3039 5464 3353 5534 οἰωνισμοὶ,
3388 5464 3488 5517 καὶ
3523 5465 3757 5519 ὲνύπνεα

2179 5562 2386 5633 μάταιά
2418 5563 2567 5615 ἐστι’
2615 5557 2840 5620 πολλοὺς
2877 5556 2986 5627 γὰρ
3027 5555 3339 5623 ἑπλὰνησαν
3379 5553 3455 5605 τὶ
3497 5553 3753 5609 ἐνύπνια.

460 5658 473 5669 ’
565 5673 609 5703 ⁸⁷
638 5672 812 5745 Exod.
844 5674 1216 5745 .vvm,passim.
1296 5676 1338 5709 "
1356 5675 1531 5730 Galat.
1559 5691 1617 5741 ιι,
1640 5677 1694 5730 2.
1771 5677 1816 5707 ’δ’
1842 5677 2034 5732 Matth.

2178 5677 2229 5733 9.
2306 5677 2350 5711 ⁸⁸
2380 5675 2503 5731 Jnd.
2543 5676 2592 5731 8.
2672 5675 2712 5705 ³³
2741 5672 2995 5735 Eccle.v,
3024 5668 3076 5721 2.
3153 5668 3196 5699 ⁵³
3223 5668 3429 5724 ibid.5.
3510 5674 3545 5701 θ’
3585 5664 3753 5726 Eccli.

493 5757 674 5809 xxxiv,
697 5742 744 5797 l.
