4030 6296
156 298 295 366 ΑΓ89

1108 321 1443 388 ΗΟΜΙΙᾸΑ
1483 326 1793 395 LXXXIV.

1828 361 1899 373 --
1930 332 2027 396 DE
2065 336 2356 399 INSOMN
2365 340 2490 402 IIS.
3299 342 3445 412 1090"

144 417 250 467 καὶ
276 412 537 479 ἐξέπεσον
565 417 876 487 ἐλπίζοντες
901 422 989 478 ἐπ’
1014 426 1218 493 αὐτοῖς.
1260 450 1279 483 ι
1327 433 1453 487 Ἐὰν
1477 434 1572 489 οὖν
1596 437 1724 509 ὀφθῇ

1841 444 1936 511 qui
1976 458 2161 514 pugno
2191 453 2373 514 raptat
2400 443 2625 499 umbras
2653 456 2709 500 et
2735 445 3319 517 persequiturventos,
3349 452 3430 505 sic

141 519 260 559 τινι
293 506 404 561 τῶν
436 509 880 582 ἀγωνιζομένων,
916 514 949 585 ἢ
981 517 1115 586 φῶς,
1146 520 1179 591 ἢ
1220 522 1408 593 σχῆμά
1433 543 1485 579 τι
1520 506 1742 599 πυροειλ

139 599 299 692 ξές,
339 600 611 673 μηδαμῶς
671 603 1066 671 καταδεξάσθω
1112 610 1174 664 τδ
1229 614 1471 670 τοιοῦτον
1524 621 1734 692 ὅραμα.

154 689 377 764 Ἀπάτη
424 694 534 765 γάρ
593 696 711 749 ἐστι
764 702 948 771 σαφὴς
997 702 1061 756 ἐκ
1115 702 1219 773 τῆς
1256 689 1612 779 κακοτεχνίας
1635 689 1736 766 *τοῦ

135 781 371 853 ἐχθροῦ.
418 785 590 841 Τοῦτο
622 788 678 843 δὲ
703 792 889 861 σαφῶς
930 793 1024 847 καὶ
1048 795 1077 847 ό
1127 796 1452 864 Ἀπόστολος
1494 802 1738 858 διδάσκει

137 875 325 966 ἡμᾶς,
363 895 381 926 ε
414 878 507 941 Εἰς
538 880 770 948 ἄγγελον
800 886 979 953 φωτὸς
1020 904 1039 937 ι
1082 887 1242 941 αὐτὴν
1273 888 1445 958 λέγων
1471 909 1742 966 μετασχη-

1806 551 1816 559 ·
1849 533 1943 601 qui
1974 535 2213 590 intendit
2242 536 2557 599 insomniis,
2583 552 2612 590 a
2639 536 2906 593 mendace
2941 540 3090 593 enim
3116 538 3250 609 quid
3276 556 3436 612 egre-

1843 622 2031 678 dietur
2074 627 2445 682 veritatis“?
2482 646 2500 679 ι
2559 628 2768 682 lterum
2812 645 2828 682 :
2873 646 2892 679 ι
2929 629 3314 687 Divinationes
3376 641 3437 687 et

1843 717 2077 786 auguria
2098 725 2155 771 et
2183 708 2456 773 insomnia
2482 734 2624 773 vana
2644 730 2797 782 sunt,
2835 721 3042 776 multos
3057 721 3208 776 enim
3241 737 3433 777 errare

1844 804 2101 861 fecerunt
2131 808 2425 873 insomnia,
2452 818 2509 863 et
2535 810 2863 865 exciderunt
2892 828 3049 882 spem
3079 823 3352 882 ponentes
3373 815 3431 869 in

1845 899 1928 953 eis
1945 898 2012 951 ⁸³.
2057 918 2074 949 ι
2106 898 2164 953 Si
2201 900 2442 970 cuipiam
2476 901 2644 971 igitur
2669 911 2912 965 vestrum
2939 904 3033 973 qui
3071 905 3129 959 in
3177 905 3283 960 hoe
3317 907 3437 976 spi-

144 964 507 1062 ιιιατεζεσθαι.
543 972 725 1025 Καλὸν
754 970 846 1028 οὖν
895 977 1013 1029 ἐστι
1056 977 1164 1047 πρὸ
1204 977 1376 1034 ὕπνου
1421 984 1515 1036 ἐπὶ
1554 964 1724 1055 κοίτης

1847 988 2040 1043 rituali
2067 964 2311 1045 desudat
2352 964 2548 1062 agone,
2586 1008 2645 1047 se
2704 964 2991 1049 uisendam
3037 996 3308 1051 obtulerit
3336 964 3434 1051 aut

140 1057 236 1120 si;
268 1057 641 1154 quiens-nptov
664 1062 867 1133 ψυχῆς.
893 1067 990 1120 καὶ
1017 1069 1455 1142 φυγαδευτήριον
1481 1075 1579 1144 τῆς
1605 1075 1724 1130 πλά·

1847 1079 1942 1134 lux
1968 1090 2062 1134 aut
2090 1082 2196 1135 alia
2220 1083 2432 1151 qua-vis
2461 1085 2636 1153 ﬁgura
2671 1084 2966 1154 imaginem
3026 1093 3445 1153 repraesentans

140 1162 256 1217 νης
299 1148 553 1219 εὔχεσθαι
590 1154 693 1225 τὴν
732 1157 902 1226 εὐχὴν
933 1159 1176 1230 ταύτηνο

1850 1172 2015 1243 ignis,
2042 1174 2195 1227 nullo
2222 1182 2384 1243 pacto
2414 1175 2688 1245 ejusmodi
2719 1186 3005 1246 spectrum
3051 1178 3199 1233 sinat
3245 1179 3443 1234 animo

144 1239 516 1341 illabi:aliud
538 1248 688 1302 enim
718 1250 774 1304 id
800 1251 939 1307 nihil
958 1262 1044 1309 est
1072 1271 1237 1324 quam
1294 1258 1577 1314 luculenta
1602 1260 1774 1330 fraus,
1812 1239 2047 1321 subdola
2096 1239 2237 1323 arte-
2275 1239 2486 1323 inimici
2542 1239 2911 1331 concinnata,
2946 1269 3064 1324 Hoc
3128 1273 3437 1341 perspicue

145 1336 788 1432 flocqetnosApostolus,
848 1345 980 1401 dum
1042 1351 1247 1404 astruit
1308 1352 1585 1423 impurum
1642 1356 1799 1411 illum
1840 1359 2022 1414 solere
2075 1376 2134 1415 se
2188 1361 2585 1432 transﬁgurare
2643 1381 2661 1414 ι
2701 1362 2757 1416 in
2819 1362 3074 1431 angelum
3130 1336 3364 1416 lucis”.
3404 1377 3438 1411 ν

143 1429 439 1485 Protuerit
492 1431 685 1503 igitur,
712 1436 1035 1507 priusquam
1086 1442 1367 1511 carpendo
1416 1445 1604 1515 sopori
1657 1446 1712 1501 in
1754 1449 1926 1504 cubili
1977 1448 2151 1505 dedas
2186 1458 2262 1515 te,
2298 1450 2367 1505 ad
2392 1429 2605 1511 animae
2651 1429 3243 1506 salutare'antidotum
3276 1459 3333 1507 et
3359 1452 3437 1507 ad

141 1523 524 1580 amoliendam
559 1536 617 1582 et
644 1530 1084 1599 propulsandam
1115 1534 1185 1588 ab
1221 1551 1284 1590 ea
1319 1536 1629 1592 daemonum
1660 1538 2047 1611 imposturam,
2074 1550 2135 1597 ut
2166 1557 2294 1598 ores
2326 1544 2639 1599 orationem
2671 1544 2854 1601 hanc:

223 1619 653 1689 Παντοκράτωρ
684 1624 838 1691 Λόγε
886 1625 992 1680 τοῦ
1034 1628 1366 1696 Πατρ‹¹ς,’ὀ
1397 1633 1737 1701 αὐτοτελὴς

142 1711 301 1778 Θεὸς
338 1714 533 1781 Ἰησοῦ
564 1716 802 1785 Χριστὲ,
833 1718 907 1772 τὰ
930 1719 1117 1789 ταχέα
1145 1736 1264 1775 σου
1290 1722 1579 1792 σπλάχνα
1616 1727 1736 1798 ἢἸη-

1913 1634 2255 1707 Omnipotens
2286 1635 2506 1690 Verbum
2535 1635 2772 1701 Palrisl,
2814 1645 2997 1709 tuapte
3021 1647 3219 1693 natura
3253 1640 3402 1710 perfe

1842 1734 1955 1781 ctus
1978 1727 2117 1780 Deus
2142 1727 2271 1781 Jesu
2303 1726 2547 1793 Christe;
2574 1744 2667 1798 per
2713 1730 2915 1783 viscera
2958 1739 3073 1793 tua,
3101 1731 3228 1785 Iesu
3273 1732 3431 1792 bone,

140 1806 290 1869 σοῦ,
326 1809 360 1860 ό
377 1808 683 1875 μηδέποτε
715 1809 1106 1880 χωριᾰῖμενος
1147 1813 1267 1868 τῶν
1307 1814 1438 1869 σῶν
1468 1814 1724 1884 οἰκετῶν1

1843 1836 1963 1890 qua!
1990 1821 2061 1873 ad
2092 1820 2508 1875 misericordiam
2539 1823 2949 1891 propensissima
2977 1831 3138 1888 sunt;
3161 1825 3253 1894 qui
3285 1841 3393 1878 nun

139 1895 291 1950 ἀλλ’
319 1897 412 1951 ἀεὶ
444 1898 514 1951 ἐν
538 1899 746 1968 αὐτοῖς
780 1901 1263 1972 ἀναπαυόμενος,
1311 1907 1518 1974 Ἰησοῦ
1548 1911 1580 1963 d
1602 1924 1724 1962 ποια

130 1988 276 2057 μὴν
312 1992 346 2042 ὁ
378 1991 569 2058 καλὸς
612 1990 733 2045 τῶν
778 1992 907 2046 σῶν
938 1994 1269 2063 προϐάτων,
1305 1997 1391 2066 μὴ
1447 1999 1734 2068 παραὸᾠς

130 2097 220 2150 με
260 2080 333 2147 τῇ
379 2083 671 2153 ἐπιϐουλῇ
720 2085 826 2140 τοῦ
874 2086 1085 2159 ὄφεως,
1126 2088 1285 2157 μηδὲ
1324 2089 1400 2159 τῇ
1450 2091 1733 2163 ἐπιθυμίᾳ

135 2172 254 2227 τοῦ
287 2174 525 2229 Σατανᾶ
566 2179 908 2246 καταλίπῃς
952 2197 1067 2247 με,
1110 2181 1200 2235 ὅτι
1238 2184 1478 2253 σπέρμα
1504 2183 1732 2253 φθορᾶς

135 2264 421 2334 πέφυκεν
462 2267 532 2320 ἐν
573 2268 753 2335 αὐτῷ.
789 2271 873 2324 Σὺ
900 2267 1034 2338 οὖν,
1077 2274 1276 2342 Κύριε,
1313 2276 1583 2339 βασιλεῦ
1615 2291 1730 2330 παπ

133 2359 334 2427 νάγιε,
378 2361 413 2413 ὁ
465 2361 609 2426 Θεὸς
662 2364 695 2417 ὀ
746 2366 1173 2433 προσκυνητὸς
1224 2367 1422 2436 Ἰησοῦ
1472 2362 1743 2436 Χριστὲ,

133 2451 517 2506 καθεύδοντὰ
544 2470 623 2522 με
651 2455 928 2523 φύλαξον
955 2457 1030 2525 τῇ
1060 2459 1335 2526 ἀθανάτῳ
1376 2476 1492 2515 σου
1518 2460 1731 2531 βουλῇ

132 2540 243 2595 καὶ
264 2539 350 2611 ,τῷ
382 2545 685 2613 Πνεύματι
731 2562 849 2600 σου
896 2545 974 2612 τῷ
1005 2548 1170 2617 ἁγίῳ,
1209 2543 1259 2617 ᾧ
1294 2551 1554 2619 ἠγίασας
1583 2552 1730 2619 τοὺς

132 2632 299 2700 σοὺς
336 2635 633 2703 μαθητὰς,
670 2637 973 2707 ,δυόμενος
1016 2640 1197 2708 μεηέκ
1240 2640 1350 2709 τῆς
1397 2642 1728 2711 ἐπιϐουλῆς

132 2724 253 2779 τοῦ
295 2722 506 2794 ὄφεως.
542 2726 654 2795 Δὸς
684 2728 751 2783 δέ
778 2748 882 2799 μοι
914 2728 995 2795 τῷ
1037 2732 1265 2800 ἀναξίῳ
1293 2734 1411 2801 τὴν
1437 2735 1728 2805 ἀγαλλὶά-

133 2831 249 2869 σιν
288 2816 395 2869 τοῦ
440 2817 738 2886 σωτηρίου
788 2834 906 2873 σου
948 2818 1048 2874 ἐπὶ
1078 2819 1190 2890 τῆς
1222 2822 1430 2891 κοίτης
1455 2841 1596 2893 μου,
1625 2826 1724 2879 καὶ

130 2907 409 2977 ρὼτισόν
454 2927 574 2979 μου
622 2910 733 2965 τὸν
778 2910 932 2966 νοῦν
974 2911 1055 2978 τῷ
1095 2914 1241 2982 φωτὶ
1282 2913 1395 2981 τῆς
1449 2915 1725 2985 γνώσεως

130 2997 249 3054 τοῦ
280 3001 648 3069 Εὐαγγελίυυ
671 3018 809 3058 σου.
839 3002 964 3071 Τὴν
992 2996 1206 3074 ψύχην
1222 3023 1343 3074 μου
1374 3006 1443 3059 ἐν
1470 3005 1545 3073 τῇ
1574 3008 1721 3071 ἁγά-

1841 1930 2003 1983 quam
2028 1931 2059 1967 a
2088 1910 2304 1983 famulis
2326 1915 2429 1966 tuis
2454 1920 2503 1966 te
2530 1913 2814 1983 disjungis,
2835 1914 2926 1967 sed
2946 1916 3002 1968 in
3029 1916 3155 1984 ipsis
3182 1918 3411 1985 conquie

1838 2007 1974 2061 scis:
2002 2021 2198 2077 quiusa,
2233 2005 2427 2062 Pastor
2454 2006 2585 2059 bone
2608 2006 2778 2059 ovium
2816 2015 3053 2072 tuarum,
3083 2006 3219 2073 Iesu,
3250 2024 3316 2061 ne
3344 2023 3435 2061 me

1839 2096 2027 2149 tradas
2053 2096 2322 2150 insidiosae
2355 2096 2685 2165 malignitati
2716 2097 2993 2165 serpentis,
3025 2112 3127 2150 neu
3155 2098 3303 2151 sinas
3341 2113 3427 2151 me

1835 2187 2081 2257 intercipi
2127 2188 2549 2259 concupiscentia
2582 2186 2839 2243 Satanaz:
2887 2206 3065 2243 semen
3118 2192 3261 2244 enim
3307 2205 3427 2243 cor—

1837 2278 2060 2348 ruptelae
2083 2280 2139 2333 iu
2172 2280 2287 2349 ipso
2319 2286 2644 2349 prognatum
2695 2287 2792 2332 est.
2850 2278 2926 2333 Tu
2957 2280 3141 2349 igitur,
3197 2278 3425 2365 Dognine

1836 2373 1930 2438 mi,
1960 2388 2053 2425 rex
2106 2373 2461 2436 sanctissime,
2516 2372 2662 2427 Deus
2685 2372 2958 2428 adorande
3008 2370 3136 2425 Iesu
3190 2369 3421 2434 Christe,

1835 2467 2039 2521 custodi
2062 2483 2143 2520 me
2170 2466 2541 2532 dormientem,
2566 2465 2862 2521 immortali
2886 2472 2974 2517 tuo
3014 2461 3270 2528 consilio;
3299 2469 3421 2516 tuo-

1834 2572 1934 2628 que
1961 2564 2146 2611 sancto
2171 2555 2396 2626 Spiritu,
2423 2573 2524 2627 quo
2548 2566 2665 2610 tuos
2694 2556 2815 2610 illos
2860 2554 3210 2622 sanrtiﬁcasti
3257 2552 3419 2605 disci-

1834 2649 2002 2718 pulos.
2030 2650 2218 2704 Exime
2234 2665 2317 2701 me
2344 2649 2602 2718 serpentis
2628 2649 2931 2702 veteratorii
2953 2646 3182 2699 insidiis.
3204 2644 3413 2713 1161

1834 2741 1960 2797 Milli
1990 2739 2280 2811 quamlibet
2308 2740 2525 2810 indigno
2555 2740 2835 2808 impartire
2873 2737 3126 2807 gaudium
3167 2735 3243 2786 tui
3269 2733 3423 2787 salu-

1832 2835 1965 2888 taris
2005 2834 2061 2887 in
2088 2832 2247 2887 cubiti
2282 2847 2419 2893 meo,
2453 2838 2784 2900 mentemque
2819 2844 2992 2883 meam
3042 2826 3261 2880 illustra
3302 2824 3421 2879 luce

1831 2921 2144 2991 cognitionis
2174 2917 2455 2988 Evangelii
2495 2919 2593 2971 tui.
2642 2916 2893 2971 Animam
2932 2930 3106 2967 meam
3164 2915 3221 2966 in
3249 2912 3418 2966 dilec-

1831 3013 1972 3064 tione
1999 3018 2199 3064 sancta:
2236 3016 2342 3061 tute
2371 3007 2580 3070 crucis;
2636 3021 2727 3058 cor
2783 3021 2957 3057 meum
3007 3004 3060 3056 in
3109 3004 3417 3056 sinceritate

132 3105 226 3158 πῃ
257 3091 363 3145 τοῦ
385 3094 653 3160 σταυροῦ
673 3108 812 3149 σου*
840 3095 956 3164 τὴν
987 3095 1240 3164 καρδίαν
1256 3116 1377 3167 μου
1410 3096 1481 3151 ἐν
1515 3096 1587 3165 τῇ
1620 3115 1724 3152 κα·-

1828 3102 2107 3158 verborum
2139 3108 2390 3162 tuorum;
2445 3113 2635 3167 corpus
2681 3111 2856 3149 meum
2884 3095 2941 3147 iu
2980 3094 3224 3164 passione
3282 3103 3415 3159 tua;

131 3181 421 3252 ϐαρύτητι
447 3185 554 3239 τοῦ
587 3186 777 3256 λόγου
810 3202 946 3241 σουο
981 3187 1046 3240 τὸ
1084 3187 1257 3257 σῶμά
1282 3206 1404 3256 μου
1424 3190 1494 3242 ἐν
1526 3187 1607 3253 τῷ
1632 3186 1722 3253 σῷ

1827 3194 1982 3263 idque
2013 3207 2106 3260 per
2136 3190 2369 3259 gratiam
2392 3195 2496 3239 tum
2540 3184 3020 3254 impassibilitntis;
3057 3184 3417 3253 cogitationes.

130 3270 333 3334 πάθει,
364 3272 441 3342 τῇ
462 3272 549 3343 σῇ
571 3274 847 3345 ἀπαθείᾳ·
887 3278 1028 3345 τοὺς
1055 3280 1386 3348 λογισμούς
1412 3296 1530 3348 μου
1555 3279 1625 3331 ἐν
1650 3276 1723 3348 τῇ

1829 3299 1973 3336 meas
2002 3282 2057 3334 in
2086 3296 2216 3351 pgce
2245 3287 2335 3331 tua
2355 3277 2597 3331 custodi:
2626 3284 2923 3346 opportuno
2950 3283 3187 3344 tempore
3214 3289 3410 3344 emper-
3464 3336 3469 3343 _

131 3362 225 3432 σῇ
252 3364 461 3433 εἰρήνῃ
507 3365 910 3437 διαφύλαξον’
944 3369 1044 3424 καὶ
1078 3370 1309 3438 ἐγειρόν
1325 3385 1403 3437 με
1444 3369 1515 3421 ἐν
1542 3368 1724 3437 καιρῷ

1827 3370 2049 3442 gefacito
2071 3384 2152 3421 me
2173 3368 2242 3421 ad
2268 3361 2681 3438 gloriﬁcandum
2731 3382 2919 3420 nomen
2959 3372 3128 3427 tuum.
3162 3363 3412 3418 Δάοι-αη-

129 3453 356 3521 suam)
387 3455 537 3525 πρὸς
567 3456 693 3525 σὴν
737 3459 1116 3530 δοξολογίιν·
1162 3460 1250 3514 ὅτι
1282 3461 1723 3526 προσκυνητὸς

1827 3462 1923 3515 dus
1950 3461 2090 3515 enim
2114 3467 2170 3512 tu
2197 3465 2246 3510 et
2268 3456 2651 3529 gloriﬁcandus
2683 3473 2804 3512 cum
2829 3457 2995 3511 Patre
3016 3465 3064 3510 et
3084 3464 3267 3510 sancto
3288 3454 3410 3524 Spi-

129 3545 193 3600 ετ
210 3546 310 3599 καὶ
342 3546 787 3619 ὃεδοξασμένος
837 3551 960 3605 σὺν
1001 3552 1080 3617 τῷ
1114 3550 1297 3619 Πατρὶ
1331 3551 1431 3605 καὶ
1474 3551 1552 3618 τῷ
1577 3553 1722 3621 ἁγίῳ

131 3640 438 3708 Πνεύματι
471 3643 559 3709 εις
586 3641 725 3709 τοὺς
752 3642 991 3715 αἰῶνας.
1036 3643 1235 3713 Ἀμήν.

205 3727 331 3783 Εἰσὶ
357 3727 413 3803 δὲ
440 3729 667 3784 ἐνύπνια
694 3720 800 3797 ’καὶ
832 3731 988 3797 ἄλλα,
1021 3727 1133 3785 οἷόν
1158 3750 1211 3785 τι
1239 3732 1315 3796 ὡς
1340 3732 1491 3800 λέγει
1513 3733 1541 3785 ὀ
1572 3732 1717 3788 Ἰὼϐ·
1748 3752 1753 3759 ·

133 3838 157 3874 s
208 3820 299 3874 Ἐν
325 3820 434 3903 γὰρ
465 3822 546 3897 τῷ
588 3822 737 3890 ἅπαξ
764 3823 988 3894 λαλήσει
1032 3824 1239 3897 Κύριος
1262 3839 1277 3854 ·
1312 3827 1370 3879 ἐν
1398 3826 1457 3880 δὲ
1492 3826 1571 3899 τῷ
1595 3827 1719 3879 δευ-

127 3915 287 3991 τέρῳ
327 3917 561 3992 ἐνυπνίῳ
598 3916 673 3979 ὡς
711 3920 841 3974 ὅταν
876 3919 1133 3989 ἐμπίπτῃ
1194 3920 1361 3988 φόϐος
1395 3920 1454 3972 ἐν
1480 3919 1657 3974 νυκτί.
1692 3939 1710 3972 ι

140 4006 339 4076 Ἥμεῖς
372 4006 449 4073 δὲ,
474 4009 776 4078 ἀγαπητοὶ,
819 4010 919 4063 οὐκ
971 4009 1263 4080 ὀφείλομεν
1330 4008 1608 4063 πιστεύειν
1635 4052 1648 4076 ,
1681 4009 1714 4081 ἢ

131 4097 631 4165 συγκατατίθεσθαι
651 4102 761 4162 τοῖς
790 4100 1091 4165 ἐνυπνίοιςο
1120 4102 1170 4154 si
1197 4099 1314 4167 καὶ,
1350 4101 1427 4164 ὡς
1454 4100 1620 4167 εἰκὸς,
1651 4101 1716 4154 ἐκ

128 4189 286 4253 θείας
318 4189 463 4253 τινὸς
507 4190 908 4261 ἀποκαλύψεως
938 4191 1307 4264 καταπεμφθῇ
1339 4193 1472 4262 ἡμῖν
1505 4191 1712 4270 ὅραμα,

130 4280 212 4351 μὴ
268 4280 600 4350 πρόσχωμεν
656 4280 852 4351 τούτῳ,
886 4281 974 4335 ἵνα
1020 4281 1095 4351 μὴ
1145 4280 1268 4335 ἀντὶ
1308 4280 1483 4349 φωτὸς
1508 4281 1715 4336 καπνὸν

124 4366 745 4437 ὑπώεξώμεθαόὐὸὲν
802 4370 911 4440 γὰρ
962 4370 1023 4423 ἐν
1074 4369 1251 4442 τούτῳ
1303 4370 1713 4440 παροργίζομεν

120 4461 222 4515 ’τὸν
241 4459 466 4534 Κύριον,
503 4461 638 4516 ἀλλὰ
668 4462 869 4532 μᾶλλον
902 4464 997 4515 καὶ
1026 4461 1357 4531 ἀποδέξηται
1387 4463 1535 4532 ἡμᾶς
1572 4460 1710 4532 μετὰ

1824 3556 1931 3610 ritu
1956 3554 2011 3607 in
2040 3549 2259 3607 saecula.
2288 3549 2479 3606 Amen.

1893 3732 2033 3788 Sunt
2055 3731 2286 3802 proinde
2313 3740 2371 3788 et
2394 3731 2499 3788 alia
2524 3731 2820 3801 insomnia,
2840 3733 3005 3802 quale
3038 3731 3174 3787 illud
3209 3732 3276 3786 de
3298 3747 3413 3802 quo

1819 3826 1923 3881 Job
1948 3842 1962 3878 :
1993 3845 2012 3878 ι
2039 3825 2257 3880 Etenim
2290 3826 2457 3881 semel
2483 3826 2746 3896 loquetur
2765 3824 3056 3888 Dominus,
3082 3825 3137 3878 in
3163 3824 3411 3878 secundo

1819 3924 2002 3967 autem
2032 3913 2309 3968 insomnio
2330 3956 2345 3978 ,
2377 3914 2525 3969 sicut
2550 3929 2677 3968 cum
2709 3914 2968 3969 inciderit
3009 3914 3173 3967 timor
3215 3914 3271 3966 in
3313 3928 3412 3966 no-

1817 4012 1905 4059 cte
1917 4003 1987 4057 ⁸⁷.
2014 4025 2033 4057 ι
2052 4006 2164 4061 Nos
2190 4006 2448 4076 proinde,
2479 4005 2975 4071 dilectissimi,non
2999 4004 3218 4059 facilem
3251 4019 3411 4059 com-

1818 4097 2043 4153 modare
2058 4097 2222 4154 fidem
2246 4100 2515 4155 debemus
2532 4107 2628 4155 aut
2643 4098 2902 4159 assentiri
2933 4097 3249 4162 insomniis,
3272 4105 3412 4150 tam-

1816 4188 1921 4244 etsi
1945 4189 2001 4244 in
2018 4189 2258 4259 speciem
2276 4191 2451 4246 videri
2475 4191 2691 4261 possint
2706 4190 2774 4244 ad
2795 4205 2897 4245 nos
2914 4189 3134 4244 caelitus
3167 4188 3408 4243 demissa

1816 4296 1938 4337 esse
1966 4280 2107 4350 (nisi
2133 4281 2563 4338 adsitdiscretio
2587 4282 2909 4352 spirituum,
2947 4290 3098 4336 certa
3120 4297 3224 4336 nec
3244 4281 3408 4335 fallax

1817 4375 2096 4445 interpres
2113 4372 2364 4445 rei‘visae)
2380 4388 2451 4428 ne
2471 4389 2571 4444 pro
2595 4374 2719 4428 luce
2736 4373 2951 4427 fumum
2987 4373 3206 4427 inanem
3231 4381 3410 4441 capto-

1815 4476 1959 4517 mus.
1983 4462 2370 4532 Num,qus:so,
2403 4476 2502 4533 per
2533 4462 2641 4517 hoc
2667 4456 3067 4517 eiacerbamus
3106 4462 3405 4517 adversum

123 4552 299 4625 φόϐου
351 4552 720 4623 φυλάττοντας
768 4553 860 4607 τὸν
908 4553 1345 4623 ὲμπιστευθέντα
1396 4554 1528 4624 ήμῖν
1574 4540 1712 4623 ’παρ’

1827 4569 1918 4608 nos
1944 4554 2269 4609 Dominum?
2289 4553 2441 4608 Adeo
2458 4553 2596 4607 nihil
2619 4553 2777 4611 illum
2800 4554 2904 4608 hac
2923 4569 3031 4608 una
3044 4569 3105 4609 re
3124 4569 3410 4622 exaspera-

122 4643 294 4699 αὑτοῦ
350 4644 645 4717 θησαυρόν.
687 4645 797 4699 Καὶ
830 4644 1052 4716 εἴχομεν
1076 4644 1245 4697 πολλὰ
1274 4643 1591 4715 διηγήματα
1623 4644 1712 4697 ἐλ-

123 4738 293 4792 θόντα
323 4739 402 4801 εἰς
446 4737 549 4807 ἐμὲ
598 4737 806 4791 παλαιὰ
858 4738 953 4791 καὶ
991 4736 1089 4791 νέα
1129 4735 1399 4808 ἐφ’ἡμῶν
1448 4736 1714 4807 γινόμενα

123 4829 389 4902 περὶτῶν
419 4828 826 4899 χλευασθέντων
854 4829 963 4884 ἀπὸ
1005 4828 1294 4890 ἐνυπνίων,
1320 4827 1415 4880 καὶ
1460 4827 1713 4902 ἐλεεινῶς

120 4920 503 4985 ἐκπεσόντων,
532 4919 781 4974 ἐνθέσθαι
816 4923 879 4993 τῇ
920 4918 1169 4993 παρούσῃ
1206 4921 1391 4989 γραφῇ
1436 4920 1577 4988 πρὸς
1612 4920 1711 4972 ἀπ-

120 5014 355 5083 φάλειαν
402 5014 511 5067 τῶν
557 5013 999 5084 ἐντυγχανόντων
1028 5029 1042 5043 ν
1088 5013 1204 5065 ἀλλ’
1241 5013 1323 5065 ἵνα
1359 5012 1434 5083 μὴ
1465 5011 1709 5065 ἐκπέσω-

124 5122 229 5178 μεν
279 5103 373 5159 τοῦ
428 5106 793 5177 προκειμένου
843 5107 977 5176 ἡμῖν
1024 5103 1229 5158 σκοποῦ
1259 5145 1273 5166 ,
1302 5104 1361 5157 ἒν
1395 5105 1489 5157 καὶ
1550 5104 1710 5174 μόνον

121 5196 427 5266 κεφάλαιον
458 5196 725 5269 παραθεὶς
756 5196 1096 5251 καταπαύσω
1120 5197 1214 5250 τὸν
1245 5196 1423 5263 λόγον.
1462 5195 1711 5264 Ἐγένετο

126 5307 214 5354 τις
248 5289 599 5362 παράδειγμα
630 5290 861 5361 μοναχδς
893 5293 952 5342 ἐν
982 5289 1062 5361 τῷ
1082 5288 1198 5361 ὄρει
1220 5290 1297 5367 τῷ
1324 5290 1457 5360 Σινᾷ
1480 5311 1488 5321 ·
1514 5288 1574 5351 ὃς
1596 5305 1714 5342 τοσ-

126 5380 302 5454 αύτην
330 5383 661 5455 ἐγκράτειαν
693 5380 1127 5453 ἐπιδειξάμενος,
1153 5382 1249 5434 καὶ
1276 5382 1334 5434 ὲν
1362 5380 1582 5453 κελλίῳ,
1614 5380 1712 5433 καὶ

195 5594 239 5628 ⁸⁸
271 5590 632 5658 [τριίλιιτιη
663 5591 721 5647 ‘2.
797 5591 843 5623 ”
868 5589 1006 5645 ibid.
1027 5590 1081 5655 5,
1104 5591 1156 5645 7.
1232 5589 1278 5621 "
1304 5589 1346 5644 ll
1384 5588 1510 5646 Cor.
1540 5606 1614 5657 xu,
1649 5588 1736 5646 11.

213 5745 229 5789 ι
265 5750 442 5809 Secus
466 5748 632 5806 habet
663 5750 835 5807 editio
862 5758 1049 5808 nostra
1080 5757 1137 5805 et
1167 5746 1338 5834 LXX:

1814 4655 2034 4710 mus,ut
2059 4646 2137 4700 illi
2159 4647 2327 4700 etiam
2352 4644 2526 4700 futuri
2559 4645 2736 4700 simus
2764 4645 3059 4716 gratiores,
3078 4644 3283 4714 quippe
3311 4646 3405 4714 qui

1810 4751 1934 4790 eum
1956 4738 2153 4792 timore
2170 4746 2226 4792 et
2240 4737 2739 4807 circumspectione
2759 4752 2861 4791 nec
2875 4736 3141 4791 mediocri
3164 4751 3410 4791 asserva-

1810 4845 1934 4885 mus
1948 4830 2269 4886 thesaurum
2285 4831 2355 4885 ab
2369 4831 2488 4901 ipso
2505 4830 2670 4885 nobis
2687 4828 3406 4898 concreditum.thuidem

1810 4934 1920 4974 non
1953 4935 2127 4990 pauca
2150 4922 2271 4991 ejus
2299 4921 2522 4992 generis
2556 4922 2805 4992 exempla
2837 4921 3116 4990 possimus
3142 4934 3405 4974 enarrare

1809 5026 1931 5081 qua:
1947 5011 2016 5065 ad
2036 5027 2138 5067 nos
2154 5028 2332 5082 usque
2347 5022 2754 5083 pervenerunt,
2772 5029 2896 5069 cum
2912 5020 3118 5077 vetera,
3133 5020 3247 5066 tum
3261 5025 3404 5065 "0"}!

1810 5113 1869 5157 ut
1885 5118 2008 5172 quae
2027 5111 2186 5157 :etate
2203 5104 2369 5157 etiam
2390 5103 2494 5157 hac
2511 5112 2701 5158 nostra
2720 5105 3096 5174 contigerunt,
3115 5103 3183 5157 de
3200 5101 3289 5156 his
3306 5102 3403 5170 qui

1811 5209 1911 5266 per
1925 5194 2197 5249 insomnia
2213 5193 2622 5251 ludiﬁcationes
2642 5195 2956 5250 daemonum
2980 5192 3225 5264 perpessi
3249 5200 3400 5255 sunt,

1808 5296 1865 5343 et
1889 5289 2089 5344 misere
2109 5288 2482 5344 conciderunt
2511 5305 2609 5359 per
2631 5290 2793 5344 tidem
2817 5290 3060 5345 habitam
3084 5285 3397 5343 insomniis.

1809 5380 1952 5438 Sane
1979 5380 2111 5459 hac,
2140 5381 2403 5452 praesenti
2440 5382 2654 5453 scripto
2703 5381 2964 5438 venirent
2995 5377 3292 5437 inserenda
3330 5375 3399 5433 ad

1808 5590 1851 5623 "
1876 5590 1980 5649 Job
2008 5607 2195 5656 χχχιιι,
2235 5591 2298 5646 l5
