3916 6304
53 242 61 249 ν
101 274 233 338 lC97
732 272 1062 336 HOMILIA
1100 274 1412 337 LXXXVI.
1440 297 1510 307 -··
1539 272 1639 333 DE
1676 270 1974 332 LABORE
2016 272 2429 334 SECUNDUM
2469 272 2706 351 DEUM.
3211 273 3347 339 165‘8
3383 288 3385 291 ’

92 396 251 441 tuum
278 385 457 440 virtus
521 392 628 438 tua:
662 383 986 454 maiestatis,
1043 390 1101 436 et
1156 382 1446 437 conﬁrmet
1507 381 1906 447 ine,Domine,
1932 388 1989 437 et
2042 380 2393 437 constabiliat
2424 381 2692 436 salutaris
2748 379 2996 437 doctrina
3042 382 3343 455 Evangelii.

88 476 271 532 Certe.
312 473 561 537 Domine,
629 472 842 526 viscera
892 485 979 527 me
1030 479 1292 541 artusque
1316 486 1469 526 meos
1498 486 1691 539 omnes
1728 470 1814 528 fac
1843 472 2228 543 splendescere
2261 471 2536 535 inlusione
2564 480 2670 526 tua:
2728 471 2889 539 lucis,
2929 481 3131 544 tuaque
3172 479 3347 532 solius

91 565 397 618 voluntate.
433 561 604 631 Expia
652 576 739 615 me
795 561 866 615 ab
911 559 1063 615 omni
1126 561 1337 616 malitia
1382 570 1439 616 et
1475 571 1722 631 peccato.
1761 561 2097 618 Conservato
2124 577 2211 617 me
2275 562 2685 616 immaculatum
2713 572 2769 617 et
2805 564 3347 634 inreprehensibilem

89 656 165 709 ab
196 654 346 709 omni
410 650 732 721 operatione
784 650 1086 705 adversarii
1113 670 1127 705 :
1154 660 1359 721 tuaque
1414 651 1752 721 benignitate
1793 652 2010 723 imparti
2046 653 2203 718 mihi,
2236 661 2296 706 ut
2340 668 2462 722 quae
2512 661 2601 707 tua
2645 664 2774 708 sunt
2805 657 3061 725 cogitem,
3095 674 3217 729 quae
3253 668 3345 714 tua

90 753 221 800 sunt
270 743 500 811 sapiam,
536 741 590 794 in
642 740 709 794 iis
749 755 871 809 quae
915 750 1008 795 tua
1060 750 1191 819 sunt
1224 754 1541 804 converser,
1570 749 1684 803 tuo,
1719 756 1915 811 nempe
1948 741 2123 806 tiliali,
2158 742 2350 795 timore
2379 749 2430 794 te
2465 742 2682 796 timeam
2721 743 2791 798 ad
2836 754 3141 801 extremum
3175 764 3348 819 usque

56 837 345 905 \halilum.
412 835 610 887 lnvneo
673 841 767 895 te,
835 831 1066 887 Domine
1125 831 1255 887 Jesu
1300 831 1542 895 Christe,
1603 846 1705 901 ego
1760 841 2038 901 peccator,
2087 840 2148 886 ut
2228 846 2328 902 per
2416 834 2842 889 inenarrabilem
2912 837 3348 896 misericordiam

92 937 237 981 tuam
269 942 563 982 conserves
601 940 802 994 corpus
840 939 1045 989 meum,
1072 925 1311 979 animam
1341 941 1405 981 ac
1457 926 1711 996 spiritum
1751 925 1820 979 ab
1849 925 1998 980 omni
2027 926 2224 995 laqueo
2257 929 2623 997 oppugnantis
2646 943 2753 982 me.
2785 928 2884 993 lta,
2925 930 3087 985 Pater
3136 943 3345 993 sancte,

92 1028 183 1075 tua
218 1020 392 1075 solius
423 1023 627 1089 pietate
654 1033 939 1089 propugna
971 1034 1060 1074 me
1088 1032 1310 1073 servum
1345 1028 1523 1084 tuum,
1555 1032 1656 1073 nec
1694 1017 1750 1070 in
1786 1026 1937 1072 tanto
1997 1018 2317 1073 discrimine
2351 1020 2715 1073 constitutum
2761 1022 2986 1077 deseras
3020 1038 3128 1087 me,
3165 1032 3226 1076 ut
3278 1038 3348 1077 nc

88 1114 275 1169 dicant
300 1113 507 1168 inimici
533 1114 662 1168 mei.
692 1113 1091 1184 Deglutivimus
1138 1128 1288 1167 eum.
1322 1113 1405 1175 Tu
1436 1115 1604 1179 enim,
1636 1114 1862 1169 Domine
1886 1114 1980 1181 mi,
2011 1123 2381 1186 propugnator
2433 1131 2591 1172 meus
2621 1131 2703 1182 es,
2732 1126 2789 1172 et
2811 1135 2830 1169 ι
2855 1117 2916 1172 In
2941 1126 2995 1174 te
3103 1117 3347 1175 laudatio

91 1222 211 1261 mea
231 1221 448 1276 semper
466 1205 537 1272 ⁸³,
571 1226 589 1258 ι
617 1218 675 1261 et
701 1205 757 1260 in
785 1206 1003 1260 saecula.
1023 1209 1215 1261 Amen.

155 1319 349 1383 Οὕτως
374 1315 467 1372 οὖν
499 1318 885 1390 προσέλθωμεν
916 1317 994 1388 τῷ
1030 1291 1220 1386 ἀγαθῷ
1248 1291 1493 1388 Δεσπότῃ
1515 1359 1529 1380 ,
1571 1318 1667 1372 καὶ

1845 1317 2055 1389 1165
2107 1317 2188 1372 Ad
2239 1318 2388 1372 hunc
2434 1317 2658 1372 modum
2708 1319 2937 1387 propius
2986 1320 3348 1393 adjungamus

93 1415 167 1485 μὴ
207 1411 691 1482 ὀλιγοψυχήσωμεν
725 1410 783 1463 ἐν
810 1427 941 1474 τινι,
974 1408 1110 1463 ἀλλὰ
1143 1407 1537 1476 ἀγωνισώμεθα
1570 1410 1667 1461 ἀν-

88 1504 282 1575 δρείως
306 1499 736 1574 μνημονεύοντες
760 1499 853 1552 τοῦ
881 1498 1289 1570 γεγραμμένου,
1321 1497 1437 1560 τοῦ,
1472 1493 1667 1549 «Εἶπεν

36 1606 37 1609 ‘
88 1595 144 1664 δέ
179 1594 277 1647 καὶ
296 1591 611 1664 παραϐολὴν
639 1592 845 1653 αὐτοῖς,
875 1591 1010 1660 πρὸς
1036 1589 1094 1643 τὸ
1109 1589 1218 1641 δεῖν
1248 1588 1663 1657 πάντοτεπροσο

89 1657 391 1754 εῖίχεσθαιί
439 1683 534 1735 καὶ
567 1657 643 1751 μὴ
701 1657 976 1734 ἐκκακεῖν.
1015 1698 1035 1730 ι
1085 1679 1193 1731 Καὶ
1227 1678 1515 1749 ἐπιφέρει·
1546 1696 1564 1728 ι
1610 1678 1668 1730 Ὁ

36 1800 37 1803 η
86 1778 143 1830 δὲ
174 1774 307 1837 Θεὶς
342 1773 404 1826 οὐ
439 1772 513 1843 μὴ
555 1773 769 1843 ποιήσει
798 1772 896 1841 τὴν
926 1771 1206 1841 ἐκδίκησιν
1246 1770 1355 1822 τῶν
1396 1768 1668 1823 ἐκλεκτῶν
1690 1788 1705 1793 ν

88 1863 255 1921 αὐτοῦ
281 1863 390 1915 τῶν
419 1861 666 1933 βοώντων
709 1861 846 1931 πρὸς
879 1861 1042 1914 αὐτὸν
1086 1859 1275 1922 νυκτὸς
1304 1858 1398 1912 καὶ
1433 1858 1666 1928 ἡμέρας,

36 1980 37 2007 :
90 1956 185 2009 καὶ
207 1953 555 2025 μακροθυμεῖ
575 1970 590 2020 ;
615 1953 725 2006 Ναὶ
749 1952 891 2020 λέγω
913 1953 1064 2022 ὑμῖν,
1085 1952 1168 2004 ὃτι
1194 1952 1408 2021 ποιήσει
1432 1952 1490 2002 ἐν
1512 1949 1668 2017 τάχει

36 2072 38 2079 ·
88 2045 189 2118 τὴν
222 2046 503 2114 ἐκδίκησιν
541 2043 743 2100 αὐτῶν.
776 2062 794 2096 i
841 2042 1001 2113 Αὐτῷ
1035 2044 1067 2113 ὴ
1109 2041 1237 2107 δόξα
1270 2043 1350 2105 είς
1381 2042 1508 2104 τοὺς
1537 2038 1670 2093 αίῶ-

85 2153 207 2201 νας,
245 2135 437 2206 Ἀμήν.

659 2249 878 2304 ΛΟΓΟΣ
925 2249 1068 2317 nq'.

687 2341 828 2409 Περὶ
860 2341 1071 2394 κόπου.

157 2436 225 2489 Οἱ
268 2433 411 2487 κατὰ
437 2432 570 2486 Θεὸν
610 2433 768 2484 κόποι
804 2418 1068 2495 σώζουσιν
1120 2428 1211 2482 τὸν
1246 2428 1549 2500 ἄνθρωπον,
1575 2430 1663 2483 καὶ

36 2540 39 2569 ξ
91 2525 407 2594 παρρησίαν
458 2522 606 2593 αὐτῷ
642 2521 977 2590 παρέχουσιν
1009 2518 1143 2588 πρὸς
1172 2520 1263 2572 τὸν
1308 2518 1439 2571 Θεὸν
1468 2518 1665 2586 λέγειν·

36 2632 41 2661 τ
98 2636 117 2668 ι
162 2618 272 2668 Ἴδε
300 2615 398 2684 τὴν
433 2613 767 2667 ταπείνωσιν
797 2628 921 2682 μου,
957 2610 1052 2663 καὶ
1090 2610 1181 2663 τὸν
1226 2610 1391 2662 κόπον
1422 2626 1545 2680 μου,
1576 2610 1670 2662 καὶ

36 2728 39 2757 ;
92 2708 230 2775 ἄφες
264 2707 442 2768 πάσας
488 2704 588 2767 τὰς
617 2704 889 2773 ἁμαρτίας
940 2719 1063 2772 μου,
1096 2718 1114 2753 ι
1151 2701 1252 2768 ὅτι,
1297 2718 1315 2752 ι
1363 2701 1665 2754 Ἐκοπίασα

38 2820 41 2823 ·
93 2798 334 2868 κράζων,
359 2795 724 2867 ἐϐραγχίασεν
754 2796 782 2847 ό
809 2793 1015 2864 λάρυγξ
1045 2810 1176 2868 μου,
1199 2792 1292 2845 καὶ
1316 2792 1365 2844 οἱ
1399 2790 1666 2861 ὀφθαλμοί

36 2894 39 2941 μ
97 2865 200 2956 μου
245 2865 490 2953 ἐξέλιπον
534 2886 644 2940 ἀπὺ
697 2885 792 2939 τοῦ
847 2865 1086 2947 ἐλπίζειν
1130 2900 1196 2953 με
1246 2883 1341 2935 ἐπὶ
1389 2883 1482 2935 τὸν
1527 2882 1668 2935 ’Θεόν

36 3030 37 3033 η
97 2984 220 3048 μου.
251 2996 269 3027 ι
303 2977 493 3046 Δῶμεν
518 2971 632 3037 οὖν,
659 2974 949 3046 ἀγαπητοὶ,
984 2972 1044 3026 τὸ
1084 2974 1244 3043 σῶμα
1268 2972 1427 3043 ἡμῶν
1458 2974 1535 3034 είς
1579 2973 1669 3024 κό-

36 3116 39 3125 ,
96 3085 196 3121 πον
224 3069 320 3121 σὺν
347 3070 413 3138 τῇ
463 3067 604 3137 ψυχῇ
637 3067 695 3118 ἐν
724 3066 1033 3134 νηστείαις,
1065 3067 1160 3118 καὶ
1190 3063 1541 3134 ἀγρυπνίαις,
1574 3063 1668 3116 καὶ

35 3189 40 3219 ι
89 3158 457 3230 ψαλμῳδίαις,
484 3159 577 3211 καὶ
600 3158 785 3227 εὐχαῖς
809 3155 1192 3221 ἀδιαλείπτοις,
1227 3154 1320 3207 καὶ
1349 3155 1665 3224 ἐργοχείρῳ,

38 3304 39 3311 η
94 3251 184 3303 ῖ.α
212 3250 568 3318 ἀπολάϐωμεν
597 3248 687 3302 τὸν
734 3246 946 3315 μισθὸν,
984 3265 1003 3298 ι
1038 3246 1206 3300 Ὅταν
1254 3245 1331 3316 δῷ
1377 3248 1486 3305 τοῖς
1527 3245 1667 3312 ἀγα-

97 3342 288 3410 πητοῖς
314 3338 481 3392 αὑτοῦ
511 3337 733 3403 ὕπνον,›
763 3336 1042 3391 τουτέστιν
1062 3335 1390 3401 ἀνάπαυσιν,
1413 3338 1563 3411 ποῖον
1582 3352 1670 3403 μι-

94 3430 221 3483 σθόν
243 3447 257 3495 ;
287 3429 360 3482 Τὸ
383 3429 746 3500 κληρονόμους
768 3429 914 3499 ἡμᾶς
941 3426 1196 3495 γενέσθαι
1218 3426 1310 3479 καὶ
1343 3426 1491 3488 υἱοὺς
1511 3424 1667 3477 Θεοῦ.

36 3562 39 3591 ε
92 3513 264 3580 Οὗτος
298 3520 428 3590 γὰρ,
471 3538 488 3570 ι
531 3520 590 3572 '0
622 3518 813 3588 μισθὸς
837 3517 932 3571 τοῦ
975 3516 1188 3587 καρποῦ
1223 3517 1323 3585 τῆς
1354 3515 1605 3586 γαστρὸς,
1644 3531 1664 3566 ι

36 3650 41 3684 ξ
95 3609 374 3662 τουτέστιν
397 3608 492 3679 τῆς
508 3607 850 3684 ἐγκρατείας..
877 3608 1231 3678 Εὑρίσκονται
1248 3605 1357 3677 γὰρ
1375 3606 1423 3657 οἱ
1442 3598 1669 3658 τοιοῦτοι

36 3677 40 3684 ’
94 3698 172 3763 ὡς
226 3701 274 3752 οί
318 3677 624 3759 ἀπόστολοι,
688 3677 922 3766 μάλιστα
950 3677 998 3749 οί
1027 3696 1320 3757 ἀσκοῦντες
1374 3694 1470 3764 τὴν
1501 3695 1671 3765 ἀκτη-

38 3838 39 3841 η
100 3787 359 3858 μοσύνην.
386 3806 403 3839 ι
440 3787 588 3839 Ὥσεὶ
613 3785 740 3857 βέλη
763 3785 892 3855 γὰρ,
922 3787 980 3838 ἐν
1015 3786 1155 3855 χειρὶ
1183 3782 1430 3847 δυνατοῦ,
1458 3804 1476 3834 ο
1501 3783 1672 3845 οὕτως

36 3860 39 3869 ’
98 3881 207 3932 υίοὶ
232 3879 341 3932 τῶν
363 3876 754 3942 ἐκτιναξάντων
769 3878 997 3940 ἑαυτοὺς
1018 3876 1125 3929 ἀπὸ
1145 3876 1241 3945 τῆς
1262 3873 1392 3942 ὕλης
1418 3873 1513 3927 τοῦ
1538 3873 1672 3926 αἰῶ-

1766 1424 1868 1462 nos
1903 1418 2008 1463 tam
2042 1410 2300 1464 clementi
2330 1410 2579 1474 Domino,
2609 1426 2715 1465 nec
2738 1412 2858 1475 ulla
2906 1428 2974 1466 ex
3022 1428 3082 1468 re
3122 1415 3203 1468 sic
3246 1416 3348 1469 mi-

1767 1514 1889 1552 sere
1924 1498 2238 1567 eliquemur
2266 1507 2361 1553 aut
2390 1499 2712 1554 deficiamus
2751 1502 2972 1568 animo;
3007 1505 3182 1573 magis
3212 1520 3347 1559 vero

1768 1598 1991 1644 strenue
2022 1591 2444 1657 contendamus,
2486 1592 2636 1645 illius
2679 1608 2956 1648 memores
3002 1594 3343 1665 Scriptura:

1773 1701 1801 1759 ‹¹
1824 1682 1970 1737 Dixit
2001 1692 2185 1736 autem
2219 1684 2301 1737 eis
2333 1690 2389 1736 et
2425 1683 2768 1752 parabolam,
2800 1681 2931 1753 quia
2955 1695 3174 1754 Oportet
3203 1701 3320 1741 sem

1768 1776 2143 1846 per‘orarc'et
2187 1787 2296 1825 non
2328 1771 2567 1826 deficere
2593 1773 2661 1826 ⁸⁸.
2695 1791 2712 1823 ι
2735 1773 2954 1830 .lnfert:
2992 1793 3010 1825 ι
3044 1776 3189 1830 Deus
3214 1790 3347 1830 vero

1766 1877 1877 1916 non
1900 1862 2065 1917 faciet
2089 1861 2384 1916 vindictam
2411 1863 2767 1917 clamantium
2792 1863 2859 1917 ad
2883 1879 2942 1919 se
2964 1863 3053 1918 die
3073 1879 3135 1920 ac
3158 1873 3345 1931 nocte,

1767 1964 1823 2009 et
1853 1954 2071 2022 patiens
2102 1954 2250 2009 erit?
2272 1953 2434 2009 Certe
2460 1954 2586 2009 dico
2619 1954 2798 2019 vobis,
2833 1955 2961 2024 quia
2994 1954 3162 2011 faciet
3193 1956 3348 2011 velo-

1767 2045 1907 2099 citer
1939 2046 2235 2100 vindictam
2257 2061 2450 2101 eorum
2481 2047 2580 2100 “.i
2606 2047 2714 2117 Ipsi
2740 2047 2912 2119 gloria
2942 2048 2996 2102 in
3024 2048 3221 2103 saecula

1769 2137 2046 2192 culorum.
2074 2139 2269 2194 Amen.

2251 2250 2534 2306 IlOMlLlA
2581 2251 2865 2309 LXXXVI.

2398 2342 2475 2396 De
2516 2340 2715 2397 labore.

1839 2429 1943 2495 Qui
2002 2430 2304 2484 secundum
2359 2431 2533 2485 Deum
2586 2440 2719 2484 sunt
2769 2431 3007 2498 labores,
3066 2432 3347 2489 hominem

1771 2533 1918 2574 recta
1976 2522 2288 2590 provehunt
2342 2521 2410 2575 ad
2460 2531 2679 2590 portum
2713 2523 2927 2583 salutis.
2997 2523 3348 2593 multumque

1771 2621 2030 2689 praestant
2064 2612 2275 2689 fiduciae
2329 2614 2472 2682 apud
2504 2614 2706 2667 Deum:
2765 2613 3114 2683 quaqfretus,
3162 2615 3349 2669 dicere

1771 2701 2004 2770 ingenue
2032 2703 2213 2756 ausit:
2255 2721 2273 2752 ι
2314 2702 2447 2756 Vide
2477 2702 2842 2756 humilitatem
2893 2719 3068 2756 meam
3094 2712 3151 2757 et
3195 2703 3351 2757 labo-

1769 2808 1883 2846 rem
1916 2809 2120 2856 meum,
2178 2801 2234 2846 et
2269 2792 2483 2846 dimitte
2533 2793 2786 2846 universa
2812 2803 3032 2862 peccata
3086 2794 3291 2849 mea“:
3324 2812 3344 2846 ι

1769 2885 1896 2956 quia
1936 2905 1952 2934 ι
1986 2883 2252 2938 Laboravi
2284 2886 2546 2948 clamans,
2582 2880 2764 2938 rauca:
2811 2885 2966 2939 facta:
2996 2893 3124 2938 sunt
3163 2885 3350 2939 fauces

1769 2993 1923 3038 meae.
1955 2984 2010 3030 et
2040 2976 2183 3029 oeuli
2212 2975 2318 3029 mei
2353 2975 2677 3028 defecerunt
2700 2974 2830 3027 dum
2858 2990 3018 3042 spero
3060 2975 3114 3028 in
3174 2975 3343 3029 Deum

1769 3084 1951 3122 meum
1981 3068 2047 3119 ⁸⁷.
2084 3086 2100 3117 ι
2166 3066 2380 3134 Corpus
2428 3066 2611 3133 itaque
2657 3073 2904 3118 nostrum
2954 3065 3343 3133 animamque,

1769 3158 2102 3218 charissimi,
2144 3154 2382 3210 assiduis
2435 3171 2778 3209 maceremus
2827 3155 3072 3225 jejuniis,
3118 3170 3348 3210 manua-

1770 3250 1852 3303 rio
1889 3251 2016 3303 item
2059 3247 2213 3317 operi
2264 3248 2516 3316 nosipsos
2571 3246 2969 3314 mancipemus,
3031 3253 3110 3310 ut,
3156 3264 3174 3297 ι
3207 3243 3344 3299 Cum

1770 3334 1984 3388 dederit
2011 3333 2224 3388 dileCtis
2252 3333 2366 3387 suis
2391 3348 2643 3386 somnum
2665 3332 2762 3397 ",i
2803 3331 2907 3385 hoc
2939 3340 3044 3393 est,
3077 3331 3344 3401 requiem,

1770 3425 2012 3479 fructum
2067 3424 2247 3493 dignae
2304 3423 2633 3492 recipiamus
2688 3422 2978 3477 mercedis.
3044 3423 3344 3489 Quamnam

1766 3514 2399 3585 gnereedenﬁNimirum
2423 3529 2546 3568 cum
2571 3513 2871 3568 ellicicmur
2892 3514 3136 3569 haeredes
3158 3530 3223 3571 ac
3252 3514 3348 3570 ﬁlii

1771 3600 1955 3662 Dei".
2006 3605 2132 3659 llec
2180 3607 2339 3675 plane
2400 3625 2417 3656 ι
2458 3605 2666 3658 ltlcrces
2724 3605 2938 3659 fruetus
2987 3606 3288 3659 ventris":
3321 3625 3341 3658 ι

1774 3699 1882 3754 hoc
1916 3707 2021 3761 est,
2053 3696 2453 3765 temperantia).
2477 3695 2839 3749 Inveniuntur
2859 3704 2913 3747 et
2945 3695 3081 3748 tales
3131 3696 3344 3749 assimi-

1731 3833 1735 3837 .
1771 3788 1853 3844 les
1884 3788 2146 3857 apostolis
2178 3788 2411 3840 maxime
2446 3786 2538 3856 qui
2569 3800 2751 3839 rerum
2780 3785 3018 3853 inopiam
3049 3785 3231 3840 studio
3256 3801 3348 3843 as-

1773 3879 2143 3933 sectabantur.
2176 3896 2193 3928 ι
2225 3860 2389 3941 Quasi
2423 3875 2569 3929 enim
2603 3873 2812 3943 sagittae
2853 3873 2913 3927 in
2966 3890 3127 3928 manu
3159 3884 3351 3944 poten-

36 4030 37 4037 η
99 3987 188 4032 νος
231 3972 442 4024 τοῦτου.
504 3969 714 4031 Οῐτινες
771 3966 866 4021 καὶ
919 3965 1333 4037 μακαρίζονται,
1382 3964 1457 4026 ὡς
1502 3962 1670 4033 καλὴν

1777 3970 1932 4034 tis",
1962 3988 1980 4019 ι
2017 3970 2091 4022 ita
2127 3967 2220 4021 ﬁlii
2257 3981 2448 4020 eorum
2476 3965 2569 4033 qui
2601 3980 2658 4018 se
2685 3973 3046 4019 excusserunt
3089 3964 3157 4018 ab
3199 3966 3347 4018 omni

36 4126 37 4131 η
98 4060 393 4130 ἐπιθυμίαν
462 4058 817 4129 πληροῦντες.
888 4057 1001 4110 Καὶ
1058 4052 1131 4109 οὐ“
1181 4055 1675 4124 καταισχυνθήσον-

97 4169 211 4216 ται,
261 4153 388 4205 ὃταν
423 4150 657 4204 λαλῶσιν
684 4165 699 4181 ο
746 4167 766 4200 ι
795 4149 919 4212 Τοῖς
971 4146 1184 4216 ἐχθροῖς
1235 4144 1413 4198 αὐτῶν
1460 4147 1518 4198 ἐν
1568 4142 1673 4196 πύ-

97 4242 199 4314 λην
259 4263 285 4296 ι
323 4243 600 4296 τουτέστιν
629 4244 685 4295 ἐν
716 4241 796 4312 τῷ
848 4239 1024 4310 καιρῷ
1063 4240 1160 4309 τῆς
1207 4236 1314 4291 ἀπὸ
1356 4235 1450 4288 τοῦ
1486 4234 1676 4303 σώμα-

36 4328 37 4335 “
97 4351 186 4397 τος
224 4335 400 4389 αὐτῶν
442 4334 645 4401 ἐξόδου.
692 4334 859 4386 Ὅταν
897 4332 1161 4402 ἐρχωνται
1193 4331 1242 4383 οἱ
1293 4329 1521 4398 πονηρώ⁹
1568 4326 1676 4380 δαι-

102 4444 260 4494 μονες
317 4426 559 4490 θέλοντες
606 4427 898 4495 κατασχεῖν
923 4424 1019 4495 τὴν
1049 4422 1228 4491 eum:
1284 4420 1391 4473 ἀπὸ
1438 4417 1532 4471 τοῦ
1578 4417 1681 4470 σώ-

36 4584 37 4587 η
103 4532 290 4588 ματος.
324 4520 367 4571 Τ
374 4519 419 4582 ἐς
450 4514 542 4571 οὖν
571 4517 732 4585 coeo;
764 4515 933 4570 ταῦτα
963 4513 1266 4581 γινώσκων,
1314 4511 1389 4582 μὴ
1424 4510 1675 4564 κοπιάσει

36 4604 37 4607 “
100 4610 203 4672 ἓως
252 4610 483 4662 θανάτου
533 4607 704 4661 σῶσαι
734 4607 831 4678 τὴν
858 4605 1032 4675 ψυχὴν
1062 4602 1286 4666 ἐαυτοῦς
1316 4603 1376 4654 οὐ
1411 4602 1570 4677 μόνρν
1617 4599 1676 4653 δέ

36 4678 37 4693 ί
100 4702 197 4771 τὴν
231 4701 406 4771 ψυχὴν
458 4699 720 4763 σώζουσιν
750 4698 799 4751 οῖ
847 4698 987 4749 κατά
1015 4695 1145 4748 Θεὸν
1191 4693 1368 4752 κόποι,
1418 4691 1553 4745 ἀλλὰ
1580 4691 1675 4745 καὶ

98 4793 159 4843 τὸ
206 4792 365 4862 σῶμα
401 4792 550 4859 ὑγιὲς
581 4790 675 4843 καὶ
704 4788 976 4858 εὔρωστον
991 4784 1675 4856 ἀποτελοῦσιν.Ἐπιχορηο

36 4954 37 4957 η
100 4886 189 4949 γεῖ
241 4884 350 4953 γὰρ
376 4883 476 4954 τὴν
503 4882 699 4951 ἰσχὺνό
719 4880 850 4943 Θεὸς
884 4878 1023 4931 κατὰ
1051 4879 1149 4947 τὴν
1179 4877 1434 4945 πρόθεσιν
1461 4875 1553 4930 τοῦ
1578 4877 1676 4929 ἀν-

36 5040 39 5051 .
103 4974 342 5043 θρώπου.
388 4976 454 5027 Ἠ
486 4974 543 5027 δὲ
575 4973 743 5043 ἀργία
777 4970 974 5024 κακίαν
1003 4970 1310 5024 ἐκδιδάσκει
1345 4969 1631 5039 ἀκανθώδη
1655 4983 1672 4998 °

104 5067 160 5116 ἐν
202 5067 308 5137 γὰρ
356 5067 512 5135 χερσὶ
561 5064 654 5116 τοῦ
710 5063 910 5133 ἀέργου
957 5060 1188 5115 ἄκανθαι
1264 5058 1507 5128 φύονται.
1566 5060 1676 5114 Καὶ

110 5175 128 5207 ι
181 5160 322 5212 ὐδοὶ
373 5160 589 5229 ἀέργων
639 5154 981 5225 ἐστρωμέναι
1013 5152 1295 5214 ἀκάνθαις.
1352 5169 1370 5203 ι
1429 5150 1673 5204 Τοιοῦτοι

36 5230 38 5255 ἶ
105 5248 242 5300 εἰσιν
294 5250 344 5302 οἱ
401 5248 565 5319 μηδὲν
616 5245 1007 5317 ἐργαζόμενοι,
1058 5241 1522 5305 καταλαλοῦντες,
1582 5243 1675 5295 καὶ

1781 4078 1914 4117 cura
1942 4060 2311 4116 concretionis
2330 4057 2575 4111 materia:
2624 4056 2810 4110 saeculi
2863 4055 3043 4110 istius.
3070 4056 3348 4128 Ejusmodi

1780 4168 1910 4208 sane
1933 4167 2094 4222 quam
2140 4151 2282 4205 beati
2315 4148 2704 4218 praedicantur,
2735 4154 2794 4199 ut
2842 4145 2933 4215 qui
2982 4146 3266 4200 honestam
3296 4154 3351 4200 et

1781 4240 2272 4296 commendabilem
2302 4238 2521 4306 explent
2547 4236 3069 4305 concupiscentiam,
3106 4251 3176 4289 ne
3217 4251 3352 4289 con-

1780 4330 2114 4395 fundantur,
2172 4344 2296 4383 cum
2358 4327 2688 4395 loquentur,
2748 4345 2765 4376 ι
2831 4326 3070 4380 inimicis
3128 4325 3243 4380 suis
3295 4326 3350 4380 in

1781 4421 2032 4493 porta".
2068 4440 2085 4470 ι
2144 4420 2248 4473 hoc
2299 4426 2406 4481 est,
2432 4417 2488 4470 in
2527 4417 2761 4471 articulo
2808 4432 2919 4472 suae
2985 4415 3356 4472 defunctionis

1780 4525 1945 4586 atque
1970 4514 2151 4569 exitus
2180 4528 2210 4566 e
2243 4510 2492 4580 corporis
2521 4509 2833 4564 domicilio:
2866 4524 2976 4578 quo
3007 4508 3351 4578 potissimum

1782 4615 2027 4674 tempore
2077 4601 2355 4656 hominem
2401 4598 2618 4667 maligni
2674 4597 3002 4652 adoriuntur
3043 4596 3350 4659 daemones,

1782 4698 1964 4753 studio
1998 4705 2052 4750 et
2081 4703 2279 4748 conatu
2306 4690 2723 4760 prmoccupandi
2775 4690 3033 4743 animam.
3060 4688 3159 4756 Qui
3211 4690 3355 4759 sapit

1782 4798 1837 4844 ct
1866 4789 1982 4842 haec
2008 4788 2169 4856 plane
2197 4785 2351 4839 novit
2397 4783 2463 4836 ad
2492 4790 2723 4836 mortem
2753 4796 2927 4849 usque
2948 4797 3056 4834 non
3088 4780 3355 4849 conquie-

1781 4890 1915 4944 scet,
1944 4878 2118 4931 donec
2144 4890 2297 4929 suam
2323 4873 2494 4942 ipsius
2520 4872 2755 4926 animam
2788 4870 2951 4925 faciat
2976 4871 3200 4925 salvam.
3242 4869 3356 4924 Nec

1781 4970 2018 5024 animam
2051 4967 2212 5022 modo
2240 4964 2446 5020 laciunt
2471 4964 2675 5019 salvam
2707 4966 2801 5033 qui
2830 4962 3130 5016 secundum
3183 4961 3353 5015 Deum

1781 5069 1911 5117 sunt
1942 5059 2180 5119 labores,
2229 5055 2325 5111 sed
2378 5063 2436 5109 et
2483 5054 2702 5124 corpori
2756 5054 3046 5108 sanitatem
3087 5067 3152 5106 ac
3211 5052 3357 5105 vires

1782 5148 2100 5208 conciliant,
2133 5145 2221 5199 cui
2248 5144 2396 5198 Deus
2418 5143 2589 5198 robur
2614 5141 2931 5212 suppeditat
2966 5156 3066 5212 pro
3116 5141 3360 5195 hominis

1782 5238 2062 5310 proposito
2103 5255 2117 5290 :
2157 5244 2213 5290 at
2247 5237 2443 5299 otium,
2494 5234 2759 5289 malitiam
2817 5248 3033 5288 omnem
3097 5232 3358 5301 perdocet

36 5322 39 5355 ί
107 5336 467 5407 φλυαροῦντες
516 5338 575 5393 ἐν
613 5336 814 5406 ἀφοϐίξι
851 5332 1009 5387 Θεοῦ.
1044 5333 1186 5403 Πρὸς
1229 5331 1436 5396 τούτοις
1468 5332 1544 5394 δὲ,
1579 5332 1670 5384 καὶ¹

1775 5331 2060 5400 spinarum
2090 5327 2263 5381 instar
2285 5326 2608 5381 aculeatam.
2632 5324 2693 5378 ln
2728 5324 2985 5378 manibus
3022 5322 3170 5377 enim
3196 5323 3354 5378 otiosi

105 5433 394 5500 προπετεῖς
423 5433 560 5484 εἰσιν
604 5432 664 5484 ἐν
703 5428 881 5496 λόγοις
934 5424 1349 5496 ἀσυναρτήτοις,
1401 5423 1670 5496 προφάσει

1779 5429 1975 5492 sponte
1996 5433 2094 5474 sua
2117 5418 2357 5473 emicant
2377 5417 2566 5494 spinae.
2602 5416 2689 5482 Et,
2726 5437 2743 5468 ι
2777 5416 2886 5470 Via:
2915 5415 3217 5471 otiosorum
3248 5413 3357 5483 spi-

171 5575 216 5607 ⁶³
253 5575 391 5628 Psal.
421 5588 546 5638 ιιι,
579 5574 631 5627 6.
702 5573 753 5645 _"
790 5571 921 5645 an:
951 5587 1108 5645 xvttt,
1141 5568 1190 5622 l.
1268 5565 1475 5645 ⁸¹ξιίὶήιξἒ

1801 5564 1950 5645 tnui.
1976 5578 2129 5645 “Iv,
2157 5561 2244 5617 18.
2316 5558 2364 5593 '"
2393 5558 2534 5615 Psal.
2567 5570 2751 5624 cxvm,
2786 5558 2838 5611 ι.
2917 5556 2967 5589 ⁸⁸
2990 5556 3136 5612 l’sal.
3169 5572 3359 5629 eam,

101 5644 153 5698 2.
222 5646 267 5677 ⁵⁵
304 5647 460 5700 ιιυειι,
508 5617 615 5711 vita,
656 5643 742 5700 16.
824 5643 867 5675 °°
894 5642 1037 5697 Psal.
1081 5614 1258 5706 cuti,
1299 5636 1351 5690 ‘2.

1406 5637 1478 5671 «⁸³
1516 5637 1645 5690 iliitl.
1683 5640 1737 5693 4.
1805 5637 1848 5666 9‘
1884 5635 2011 5688 iliizl.
2046 5631 2099 5690 ὕ,
