3916 6304
96 293 239 372 ιτθι

982 296 1313 363 HOMILIA
1342 288 1698 364 ‘LXXXVII.
1738 303 1930 364 --DE
1970 294 2272 383 STUDIO,
2310 304 2473 370 ETC.

3200 290 3203 295 ’
3229 286 3373 377 1762

98 440 284 495 γματι
342 419 481 491 καλή
547 417 713 472 ἐστιν.
771 405 881 470 καὶ
906 400 1207 483 Δεσποτικὴ
1255 412 1445 485 πρώτη
1498 414 1707 485 ἐντολή.

1793 415 1962 471 Deum
1988 425 2096 484 est,
2128 416 2288 478 nullo
2312 399 2422 474 non
2442 396 2698 490 tempore
2724 420 2872 476 nulla
2895 436 3004 477 non
3018 420 3085 477 'in
3122 438 3180 479 re
3208 425 3364 483 'b'ona

97 519 276 579 ἐστιν,
314 515 349 583 ἡ
394 514 460 564 ἐκ
488 509 732 572 δουλείας
762 508 841 570 εἰς
869 505 1180 575 ἐλευθερίαν
1211 506 1540 575 μετάγουσα.
1576 505 1684 557 Καὶ

96 606 213 678 γὰρ
244 608 273 659 6
311 603 440 667 λαὸς
475 601 536 667 ἐξ
579 600 858 669 Αἰγύπτου
912 596 1050 668 μετὰ
1084 597 1319 667 σπουδῆς
1368 595 1685 667 προσετάγη

97 697 344 764 ἐξελθεῖν
392 694 487 748 καὶ¹
534 694 611 756 είς
662 689 761 762 τὴν
802 690 1016 760 ἀγαθὴν
1067 689 1173 758 γῆν
1216 688 1570 756 καταντῆσαι,
1619 689 1686 740 ἐκ

97 790 209 857 τῆς
256 785 538 854 σκοτεινῆς
568 781 812 844 δουλείας
842 782 923 843 είς
949 780 1011 833 τὺ
1056 780 1359 849 ἐλευθέριον
1387 780 1504 847 φῶς
1526 795 1541 810 ·
1590 778 1684 833 καὶ

99 879 165 933 τὸ
186 877 381 945 Πάσχα
414 874 550 945 μετὰ
584 871 823 938 σπουδῆς
846 872 1238 939 ἐπιτέτραπται
1258 870 1439 932 αὐτοῖς
1467 872 1681 937 φαγεῖν.

99 967 218 1020 Καὶ
244 967 272 1017 ὁ
311 963 522 1024 Παῦλος
551 959 855 1014 ἐπιστέλλει
898 957 1169 1028 Τιμοθέῳ,
1200 956 1373 1024 λέγων
1395 971 1409 984 ’
1452 975 1469 1008 ι
1511 954 1686 1008 Σπού-

101 1058 270 1111 δασον
320 1052 546 1107 σεαυτὸν
588 1051 809 1121 δόκιμον
860 1031 1209 1120 παραστῆσαι
1233 1047 1312 1118 τῷ
1349 1045 1490 1117 Θεῷ,
1523 1045 1686 1116 ἐργά-

103 1163 208 1226 την
235 1141 683 1211 ἀνεπαίσχυντον.
722 1159 741 1190 ι
768 1138 880 1192 Καὶ
913 1137 1126 1205 ἐπάγει·
1159 1155 1177 1187 ι
1210 1136 1325 1198 Πᾶς
1350 1134 1459 1205 γὰρ
1487 1136 1514 1188 6

101 1224 409 1305 νιζόμενος,
438 1233 614 1287 πάντα
646 1229 1059 1301 ἐγκρατεύεται.
1095 1246 1115 1280 ι
1153 1228 1262 1281 Καὶ
1291 1226 1468 1289 ἄλλος·
1497 1244 1515 1278 ι
1558 1224 1685 1278 Ἐὰν

105 1327 227 1398 ἴδῃς
262 1325 502 1389 συνετὸν,
535 1321 756 1391 ὅρθριζε
806 1320 943 1392 πρὸς
988 1319 1170 1374 αὐτόν.
1213 1319 1323 1370 Καὶ
1360 1318 1443 1379 τίς
1487 1316 1682 1385 σοφόςς

105 1416 262 1487 αὐτῷ
311 1412 785 1486 προσκολλήθητιο
844 1413 1025 1465 πᾶσαν
1074 1411 1326 1481 διήγησιν
1371 1407 1516 1462 θείαν
1564 1406 1685 1461 θέλε

104 1506 512 1578 ἀκροάσασθαι,
551 1505 648 1558 καὶ
694 1502 986 1575 παροιμίαι
1021 1502 1289 1564 συνέσεως
1333 1500 1408 1571 μὴ
1450 1499 1686 1568 ἐκφυγέ-

84 1600 294 1654 ’τωσάν
326 1615 428 1653 σοι.
468 1617 486 1650 ι
517 1599 631 1651 Καὶ
663 1597 827 1651 πάλιν
852 1611 869 1628 ·
898 1614 918 1648 ι
959 1597 1049 1649 Ἐν
1074 1598 1193 1658 ταῖς
1215 1593 1454 1658 ἐντολαῖς
1479 1592 1684 1665 Κυρίου

111 1692 317 1763 μελέτα
366 1690 455 1743 διὰ
504 1689 725 1754 παντὸς,
771 1689 1006 1759 τήρησον
1036 1686 1136 1759 τὴν
1167 1687 1398 1758 καρδίαν
1436 1700 1553 1752 σου,
1593 1686 1687 1739 καὶ

110 1782 191 1853 μὴ
230 1780 448 1850 ὰστόχει
488 1779 804 1855 διηγήματα
846 1778 1142 1848 γερόντων,
1193 1779 1276 1830 ὅτι
1317 1777 1447 1848 παρ’
1504 1776 1685 1831 αὐτῶν

111 1871 338 1942 μαθήσῃ
385 1870 635 1923 σύνεισιν⁸
664 1869 768 1921 καὶ
818 1868 957 1939 μετά
999 1868 1238 1921 συνετῶν
1277 1866 1417 1920 ἐστω
1461 1869 1489 1920 6
1515 1866 1689 1919 διαλο-

109 1962 310 2032 γισμός
338 1978 432 2013 σου
460 1976 473 1989 ·
518 1960 608 2013 καὶ
641 1960 792 2013 πᾶσα
839 1958 1090 2030 διήγησις
1114 1976 1206 2013 σου
1254 1961 1311 2013 ἐν
1337 1960 1489 2030 νόμῳ
1532 1959 1688 2029 ’Υψίο

113 2070 270 2108 στου.
331 2034 559 2121 ’Ἄνδρες
611 2051 1079 2104 δίκαιοιέσονται
1136 2050 1440 2106 σύνδειπνοι
1488 2069 1603 2107 σου.
1665 2071 1684 2104 ι

109 2141 301 2195 Ταῦτα
338 2141 436 2211 μὲν
469 2136 563 2195 οὖν
592 2143 758 2195 πᾶσιν
799 2141 1077 2212 ἀρμόδιαι.
1117 2142 1437 2212 Ἐξαιρέτως
1485 2142 1539 2196 δὲ
1582 2145 1692 2206 τοῖς

109 2230 269 2287 οὖσιν
307 2234 463 2296 ἐκτὸς
494 2232 604 2285 τῶν
636 2231 906 2302 βιωτικῶν
930 2232 1276 2304 ’πραγμάτων
1296 2273 1311 2299 ,
1376 2234 1570 2298 οἵτινες
1600 2234 1693 2287 καὶ

111 2323 427 2389 ἐξελέξαντο
474 2321 978 2395 παραῤῥιπτεῖσθαι
1017 2323 1074 2376 ἐν
1102 2323 1179 2394 τῷ
1227 2323 1361 2394 οἴκῳ
1400 2324 1494 2377 τοῦ
1532 2323 1689 2391 Θεοῦ,

116 2416 320 2484 μᾶλλον
362 2415 418 2467 δὲ
447 2413 541 2477 οὓς
580 2415 608 2466 ὁ
644 2413 848 2483 Κύριος
896 2414 1075 2485 ἐαυτῷ
1125 2415 1524 2485 προσηγάγετο.
1566 2416 1694 2468 Ἐὰν

111 2500 210 2559 οὖν
251 2505 340 2558 διὰ
375 2505 475 2574 τῆς
508 2498 782 2576 ῥᾳθυμίας
830 2505 1218 2576 ἀμελήσωμεν,
1246 2505 1567 2559 ἀναλύονται
1602 2507 1695 2559 καὶΙ

90 2593 187 2646 ’τὰ
217 2591 408 2663 πρώην
438 2591 865 2663 συγχωρηθέντα
903 2594 1058 2663 ἡμῖν.
1089 2594 1300 2666 Ὥσπερ
1341 2594 1448 2665 γᾶρ
1477 2594 1535 2646 τὸ
1559 2611 1693 2664 χρυ-

98 2684 234 2738 ’σίον
282 2683 643 2754 πυρούμενον,
676 2683 772 2736 ἐὰν
822 2684 1093 2754 ἀμεληθῇ,
1125 2684 1389 2755 σκληρίαν
1446 2687 1689 2755 ἐμποιεῖ,

98 2775 293 2836 ὀὕτως
331 2776 427 2828 καὶ
467 2778 495 2829 6
528 2775 837 2841 σπουδαῖος,
891 2774 986 2829 ἐὰν
1036 2777 1283 2846 ἀμελήσῃ
1347 2776 1477 2846 μίαν
1522 2775 1694 2846 ὥραν,

114 2865 423 2938 ψυχροῦται
454 2867 518 2918 ἐκ
554 2866 654 2937 τῆς
699 2866 941 2936 χάριτος,
968 2866 1060 2919 καὶ
1104 2866 1306 2928 εὐθέως
1359 2866 1696 2925 imorum/tau.

117 2958 272 3029 αύτῷ
320 2958 377 3010 αί
430 2960 582 3026 μυῖαι
612 2958 710 3027 τῆς
742 2958 1038 3029 ἁμαρτίας,
1086 2958 1181 3011 καὶ
1215 2958 1569 3028 ἀφανίζουσιν
1598 2957 1695 3028 τὴν

1787 510 2204 579 comprobatur.
2278 510 2385 566 Sed
2440 520 2493 566 et
2540 513 2893 568 Dominicum
2927 514 3062 569 illud
3118 516 3358 585 primum

1790 599 2002 670 1167
2036 600 2354 655 mandatum
2383 609 2487 668 est,
2523 601 2669 670 quod
2715 603 2977 672 populum
3000 619 3029 657 a
3079 607 3365 661 servitutis

1780 691 1913 762 jugo
1946 692 2264 748 transcribit
2302 694 2359 748 in
2382 693 2694 749 libertatem
2749 710 2812 748 ac
2836 694 3098 749 vindicat.
3147 696 3361 751 Etenim

1786 781 1993 852 populo
2020 782 2097 837 illi
2131 784 2449 838 mandatum
2479 785 2601 850 fuit,
2630 800 2755 839 cum
2807 784 3160 840 festinatione
3204 793 3267 840 ut
3304 801 3365 841 se

1772 889 1853 928 'ex
1879 873 2112 946 {Egypto
2145 876 2498 946 reciperet",
2528 884 2695 945 utque
2724 875 2780 929 in
2822 883 3026 930 terram
3081 875 3281 929 bonam
3333 892 3364 930 e

1784 969 2138 1024 tenebricosa
2163 970 2449 1032 servitute,
2482 984 2646 1022 cursu
2679 968 2894 1022 concito
2944 975 3262 1037 properaret
3295 967 3362 1020 ad

1785 1056 1969 1111 lumen
1988 1056 2241 1127 genuina:
2258 1056 2559 1111 libertatis:
2584 1055 3043 1125 commissumque
3068 1055 3143 1110 illi
3158 1055 3366 1109 Pascha

1787 1154 1850 1199 ut
1880 1145 2196 1201 comederet
2224 1161 2350 1200 cum
2379 1145 2752 1200 festinatione.
2778 1145 2979 1200 Paulus
3000 1145 3231 1216 proinde
3264 1159 3364 1214 per

1785 1235 2077 1305 epistolam
2134 1250 2235 1290 suo
2290 1236 2426 1290 dicit
2477 1235 2768 1289 Timotheo
2811 1252 2874 1288 ει
2906 1233 3149 1289 Sollicite
3209 1247 3362 1295 cura,

1778 1329 2030 1397 teipsum
2107 1327 2448 1397 probabilem
2512 1326 2776 1381 exhibere
2830 1326 2977 1389 Deo,
3048 1323 3364 1393 operarium

1776 1415 2332 1470 linconfusibilem“.
2386 1433 2403 1466 ι
2455 1414 2525 1469 Et
2579 1413 2819 1468 inducit:
2864 1433 2881 1464 ι
2934 1412 3123 1468 Omnis
3159 1412 3250 1481 qui
3308 1411 3364 1465 in

1787 1520 1962 1577 agone
2031 1506 2343 1568 contendit,
2408 1506 2478 1560 ab
2531 1504 2788 1560 omnibus
2848 1520 2907 1559 se
2972 1503 3287 1558 abstinet“.
3322 1516 3358 1554 ἰ

1776 1597 1976 1652 Alius:
2013 1617 2029 1648 ι
2061 1597 2118 1652 Si
2141 1598 2352 1652 videris
2377 1597 2557 1650 virum
2587 1605 2889 1656 sensatum,
2914 1609 3075 1649 mane
3111 1608 3273 1664 surge
3296 1592 3364 1647 ad

1790 1705 1917 1745 eum
1939 1689 2004 1743 ¹³.
2041 1708 2058 1738 ι
2090 1688 2299 1758 Ecquis
2329 1689 2589 1758 sapiens?
2620 1687 2980 1742 adhaerescito
3011 1687 3062 1740 ei
3090 1703 3104 1752 ;
3148 1700 3364 1739 omnem

1793 1778 2370 1833 enarrationem'velis
2396 1777 2729 1840 auscultare,
2769 1785 2819 1828 et
2856 1774 3149 1844 proverbia
3202 1772 3368 1825 intel-

1791 1871 2035 1942 ligentire
2062 1885 2173 1925 non
2207 1879 2260 1925 te
2282 1867 2636 1939 effugiant“.
2671 1887 2688 1918 ι
2720 1867 2951 1921 lterum‘:
2988 1865 3093 1918 «'ln
3138 1863 3366 1917 manda“-

1793 1961 1865 2015 tis
1894 1959 2116 2014 Domini
2156 1958 2424 2013 meditare
2446 1957 2672 2028 jugiter,
2701 1953 2963 2009 confirma
2991 1966 3089 2007 cor
3113 1958 3287 2015 tuum,
3312 1959 3370 2005 et

1791 2068 1861 2108 ne
1886 2052 2111 2107 deerres
2140 2066 2170 2105 a
2200 2049 2518 2104 narratione
2569 2061 2761 2102 senum
2807 2046 2935 2114 quia
2964 2045 3032 2099 ab
3072 2043 3156 2098 eis
3187 2042 3368 2097 disces

1792 2140 2221 2213 intelligentiam
2245 2142 2318 2195 ¹⁸.
2353 2139 2491 2194 Cum
2523 2136 2889 2208 prudentibus
2912 2134 2985 2190 sit
3037 2133 3369 2188 sermocina‘

1776 2235 1874 2289 'tio
1900 2242 2017 2296 tua,
2050 2243 2107 2287 et
2134 2232 2314 2287 omnis
2354 2230 2631 2284 enarratio
2684 2237 2776 2282 tua
2818 2228 2874 2281 in
2918 2227 3037 2292 lege
3060 2224 3363 2289 Altissimi;

1792 2325 1897 2379 viri
1923 2324 2055 2395 justi
2096 2333 2262 2378 erunt
2313 2321 2559 2377 conviva:
2593 2319 2757 2376 tui".
2794 2338 2812 2370 ι
2851 2317 2921 2373 Et
2969 2318 3084 2371 haec
3144 2315 3366 2385 quidem

1794 2416 2057 2472 omnibus
2113 2414 2363 2484 apposite
2426 2419 2773 2483 congruunt.
2828 2408 2923 2466 sed
2988 2423 3085 2466 eos
3153 2407 3363 2482 alioqui

1793 2506 2156 2576 peculiariter
2181 2504 2501 2574 reSpiciunt,
2533 2503 2626 2571 qui
2659 2516 2715 2556 se
2744 2503 2814 2557 ab
2846 2502 2993 2556 omni
3028 2502 3372 2571 temporariae

1770 2588 1879 2649 ‘rei
1913 2595 2259 2648 extricarunt
2289 2591 2686 2655 sollicitudine,
2718 2593 2811 2661 qui
2841 2593 3125 2663 elegerunt
3168 2593 3368 2663 ahjccti

1796 2702 1921 2741 esse
1952 2687 2007 2740 in
2038 2687 2203 2740 domo
2243 2685 2374 2740 Dei:
2413 2684 2524 2739 imo
2555 2699 2694 2754 quos
2739 2686 2794 2739 in
2826 2701 2989 2740 suum
3035 2685 3369 2739 famulitium

1800 2778 2000 2832 ascivit
2027 2777 2316 2841 Dominus,
2368 2792 2433 2831 ac
2476 2792 2707 2846 propius
2739 2777 2989 2846 adiunxit
3030 2777 3156 2831 sibi.
3204 2776 3372 2832 Plane

1799 2868 2004 2940 prioris
2029 2869 2155 2923 vita:
2177 2877 2402 2937 peccata
2433 2882 2554 2937 quae
2582 2866 2923 2936 benignitate
2946 2867 3164 2921 Domini
3193 2868 3375 2922 indul-

1798 2965 1851 3011 ta
1886 2965 2036 3023 sunt,
2067 2955 2327 3011 redibunt
2351 2955 2418 3009 de
2442 2956 2680 3027 integro,
2708 2956 2982 3026 siquidem
3010 2957 3208 3025 supino
3234 2971 3373 3025 quo-

117 3049 348 3102 εύωδίαν
391 3049 490 3118 τῆς
522 3050 898 3118 πνευματικῆς
925 3049 1092 3103 αὐτοῦ
1119 3051 1399 3120 ἐργασίας.
1437 3051 1496 3105 '0
1526 3050 1693 3107 θέλων

1799 3046 1924 3103 dam
1948 3046 2114 3102 animi
2172 3045 2556 3101 desidebimus
2592 3055 2844 3100 veterno.
2874 3044 2945 3101 Ut
2974 3047 3122 3099 enim
3173 3061 3368 3100 aurum

115 3134 214 3193 οὖν
242 3140 330 3191 τὸν
365 3138 556 3209 ἐχθρὸν
589 3139 791 3209 ἀσθενῆ
832 3141 1080 3210 ποιῆσαι,
1108 3141 1207 3211 τὴν
1236 3142 1509 3212 ἁμαρτίαν
1540 3160 1695 3213 περι-

94 3231 393 3290 ’κοπτέτω,
418 3231 511 3283 καὶ
539 3231 845 3301 γυμνωθεὶς
875 3231 993 3285 τῶν
1023 3232 1257 3303 πτερῶν,
1290 3232 1364 3295 ὡς
1415 3234 1695 3302 στρουθίον

116 3321 473 3392 ἐμπαίζεται.
503 3323 565 3373 Oi
594 3320 702 3391 γὰρ
728 3322 954 3392 πονηροὶ
986 3322 1236 3391 δαίμονες
1258 3321 1514 3375 είὼθασιν
1545 3324 1696 3392 παρὰ

114 3413 304 3465 πᾶσαν
332 3412 427 3482 τὴν
454 3409 597 3481 ζωὴν
627 3412 767 3465 κατὰ
797 3413 907 3465 τῶν
938 3412 1242 3465 σπουδαίων
1277 3411 1548 3481 μοναχῶν,
1597 3412 1697 3465 καὶ

117 3501 353 3573 ἡσύχιον
381 3501 652 3571 ἑλομένων
686 3501 821 3570 βίον,
868 3502 1069 3570 ἀκονᾷν
1099 3500 1167 3553 τὰ
1208 3500 1349 3570 ξίφη,
1375 3501 1482 3553 τῶν
1514 3516 1699 3568 πειρα-

96 3590 301 3660 σμῶν,
335 3592 427 3642 καὶ
482 3589 854 3658 μανικώτερον
904 3589 1102 3658 μᾶλλον
1137 3591 1250 3652 τοῖς
1286 3588 1698 3660 εὐλαϐεστέροις

115 3699 186 3735 τε
231 3681 327 3733 καὶ
386 3679 825 3749 σπουδαιοτέροις
875 3679 1285 3749 ἐπιστρατεύειν
1327 3679 1447 3733 κατ’
1495 3679 1692 3746 αὐτῶν,

116 3770 390 3833 ὠθοῦντες
437 3769 691 3832 τούτους,
752 3768 1011 3841 πολέμοις
1060 3771 1389 3839 ἀφορήτοις,
1437 3770 1524 3824 ἵνα
1581 3788 1698 3834 πως

115 3861 425 3933 δυνηθῶσιν
459 3853 764 3927 ἀποστῆσαι
795 3861 895 3929 τῆς
922 3861 1105 3930 εὐχῆς.
1140 3856 1259 3931 Χρὴ
1304 3858 1396 3915 οὖν
1427 3862 1486 3914 τὸ
1509 3863 1698 3917 ἄοκνον

119 3953 221 4007 καὶ
259 3954 459 4023 θερμὸν
488 3952 582 4004 τοῦ
616 3952 907 4006 σπουδαίου
931 3952 1193 4017 ἐπιδεῖξαι
1223 3954 1301 4016 εἰς
1327 3953 1387 4006 τὸ
1412 3953 1571 4022 ἔργον
1599 3953 1697 4023 τῆς

118 4044 312 4114 εὐχῆς,
362 4045 449 4096 ἵνα
498 4044 546 4096 οἱ
595 4043 693 4112 μὲν
728 4043 946 4110 ἄγγελοι
999 4044 1414 4113 εὐφραινόμενοι
1458 4044 1701 4113 παραμέ-

118 4153 310 4197 νωσιν,
358 4137 408 4188 oi
451 4136 508 4188 δὲ
541 4135 812 4205 δαίμονες,
842 4133 1225 4205 μαστιζόμενοι
1273 4134 1695 4205 δραπετεύωσιν.

119 4227 226 4277 Διὰ
255 4223 413 4277 τοῦτο
441 4220 533 4277 οὖν
561 4224 767 4292 ὀφείλει
795 4226 823 4277 6
857 4224 1160 4287 σπουδαῖος,
1201 4225 1430 4278 πάντοτε
1459 4226 1601 4291 ζέειν
1621 4228 1700 4299 τῷ

121 4315 418 4385 πνεύματι.
475 4314 688 4385 Ὠσπερ
732 4314 841 4386 γὰρ
867 4318 894 4369 ὁ
943 4316 1283 4386 πυρούμενος
1323 4317 1537 4388 σίδηρος
1582 4319 1700 4383 ὅλος

1795 3139 2138 3209 exploratum
2165 3138 2275 3208 igni
2301 3145 2355 3191 et
2379 3145 2798 3206 perpurgatum,
2828 3136 2872 3190 si
2905 3136 3089 3191 minus
3116 3149 3370 3193 accurate

1797 3235 2089 3292 tractetur,
2111 3228 2507 3298 strigositatem
2549 3227 2828 3283 contrahit
2875 3235 2931 3282 et
2983 3229 3368 3298 asperitatem:

1797 3320 1873 3374 ita
1923 3329 1980 3374 et
2010 3319 2295 3373 studiosus
2355 3318 2604 3382 virtutis,
2637 3317 2680 3372 si
2742 3318 2827 3372 vel
2894 3334 3061 3373 unam
3117 3321 3368 3379 ltorulam

1796 3408 2078 3464 desederit
2099 3409 2339 3472 otiosus,
2366 3423 2493 3462 mox
2519 3423 2550 3461 a
2590 3407 2807 3463 fervere
2841 3410 3028 3480 gratiae
3062 3412 3372 3479 refrixit,et

1796 3497 1853 3552 in
1896 3497 2129 3567 vestigio
2160 3513 2218 3552 se
2260 3497 2339 3550 illi
2407 3496 2660 3553 inserunt
2706 3514 2908 3554 musca:
2963 3502 3196 3570 peccati,
3250 3519 3373 3573 quae

1796 3588 2123 3643 exinaniunt
2204 3587 2514 3656 spiritualis
2604 3589 2811 3656 opificii
2906 3593 3368 3650 suaveolentiam.

1779 3677 2060 3747 Quisquis
2083 3677 2253 3748 igitur
2270 3678 2424 3732 voles
2447 3676 2789 3732 imbecillem'
2805 3680 3035 3736 reddere
3061 3683 3370 3748 inimicum,

1799 3768 2186 3822 circumcidito
2244 3777 2555 3838 peccatum,
2591 3777 2710 3821 esto
2743 3769 2846 3823 alis
2878 3771 3082 3836 nudus,
3127 3773 3374 3829 imitatus

1797 3855 2173 3924 passerculum
2225 3855 2313 3909 cui
2366 3871 2397 3909 a
2463 3855 2711 3925 puerulis
2757 3856 3028 3914 illuditur.
3088 3861 3376 3919 Daemones

1799 3948 1947 4001 enim
2004 3948 2156 4002 nullo
2208 3963 2319 4002 non
2348 3963 2551 4018 genere
2612 3952 2961 4006 veteratoria:
3016 3955 3373 4024 malignitatis

1799 4039 2069 4094 obarmati
2102 4047 2511 4094 consueverunt
2542 4056 2641 4111 per
2675 4056 2892 4096 omnem
2931 4045 3159 4101 omnino
3200 4049 3370 4104 vitam

1799 4131 2066 4186 adversus
2088 4132 2392 4188 monachos
2424 4133 2527 4202 piae
2576 4132 2810 4188 actionis
2833 4135 3133 4202 studiosos,
3180 4147 3236 4193 et
3275 4155 3372 4195 eos

1800 4224 1896 4294 qui
1938 4224 2243 4300 requietam
2275 4226 2743 4296 tranquillamque
2780 4227 3110 4299 delegerunt
3149 4231 3370 4289 vivendi

1800 4314 2116 4373 formulam.
2132 4331 2359 4370 suarum
2380 4333 2651 4372 exacuere
2668 4317 2878 4389 gladios
2898 4322 3286 4377 tentationum.
3304 4325 3373 4379 Et

96 4410 192 4460 ’ἐκ
219 4407 317 4474 τῆς
369 4407 505 4468 ίδὶας
537 4405 750 4473 φύσεως
799 4409 878 4469 είς
914 4406 1012 4479 τὴν
1041 4408 1135 4461 τοῦ
1179 4409 1346 4479 πυρὸς
1379 4409 1701 4480 μεταϐάλλε-

1805 4422 1914 4476 quo
1936 4407 2171 4477 quisque
2196 4408 2381 4463 studet
2401 4424 2520 4463 esse
2554 4411 2759 4479 arrepti
2780 4412 3051 4481 prepositi
3071 4413 3372 4470 observan-

118 4511 237 4558 ται,
264 4497 357 4547 καὶ
385 4496 597 4563 γίνεται
627 4494 746 4560 ὅλος
782 4497 858 4558 ὠς
887 4496 996 4568 πῦρ
1021 4514 1034 4527 ⁸
1078 4499 1248 4562 οὕτως
1287 4501 1379 4552 καὶ
1407 4502 1434 4552 ὁ
1462 4502 1541 4574 τῷ
1581 4503 1701 4576 Θεῷ

103 4585 527 4656 ’⁷προσεδρεύων,
557 4586 764 4654 ὀφείλει
790 4587 1091 4659 ἀπορρῖψαι
1122 4590 1188 4643 τὰ
1216 4589 1310 4642 τοῦ
1342 4590 1455 4660 βίου
1500 4592 1703 4663 μελαμ·

118 4675 383 4744 ψώματα,
417 4678 510 4729 καὶ
561 4676 827 4746 ἐνωθῆναι
873 4679 953 4750 τῷ
999 4678 1127 4749 θείῳ
1176 4683 1307 4751 πυρὶ
1350 4682 1378 4735 ὃ
1422 4683 1450 4733 ὁ
1501 4682 1703 4753 Κύριος

119 4764 290 4837 ἦλθεν
333 4767 513 4836 βαλεῖν
542 4770 634 4820 ἐπὶ
676 4770 775 4840 τὴν
815 4770 953 4839 γῆν
992 4770 1082 4823 καὶ
1114 4772 1364 4840 γενέσθαι
1409 4773 1528 4836 ὅλος
1568 4772 1700 4843 πῦρ,

124 4859 217 4912 ἵνα
243 4859 334 4910 καὶ
363 4862 472 4921 τοῖς
505 4858 842 4922 ὑπεναντίοις
872 4860 1140 4923 ἀνάλωτος
1168 4861 1409 4929 γένηται.
1443 4862 1610 4931 Φησὶν
1644 4861 1701 4914 δὲ

122 4949 222 5005 καὶ
261 4951 288 5003 ὁ
352 4949 673 5012 ’Λπόστολος
701 4965 714 4979 ⁸
751 4971 765 4998 ι
825 4950 903 5021 Τῇ
953 4953 1152 5022 σπουδῇ
1207 4952 1280 5024 μὴ
1331 4955 1571 5024 ὀκνηροῖ,
1623 4957 1702 5028 τῷ

122 5038 397 5108 πνεύματι
436 5038 668 5102 ζέοντες,
696 5038 776 5110 τῷ
804 5038 994 5109 Κυρίῳ
1014 5039 1372 5105 δουλεύοντες.
1413 5062 1432 5094 ι
1467 5042 1585 5115 Χρὴ
1613 5042 1703 5098 οὖν

118 5132 218 5205 τὸν
243 5131 433 5184 ἑαυτὸν
461 5131 780 5184 ἀνατιθέντα
806 5132 885 5203 τῷ
924 5132 1044 5203 Θεῷ
1090 5136 1228 5204 μετά
1277 5136 1518 5207 καθαροῦ
1566 5138 1705 5206 λογι-

125 5220 262 5289 σμοῦ
295 5221 389 5273 καὶ
423 5220 674 5291 πράξεων
709 5220 954 5289 ἀγαθῶν,
1010 5226 1106 5275 σὺν
1149 5223 1225 5291 τῷ
1265 5224 1425 5277 Δαυῖδ
1453 5227 1698 5295 ψάλλειν,

124 5313 223 5366 καὶ
251 5312 431 5381 λέγειν
454 5328 467 5341 ·
502 5331 520 5358 σ
558 5312 703 5365 Μίαν
729 5314 1020 5384 ᾐτησάμην
1047 5314 1198 5386 παρὰ
1239 5317 1466 5387 Κυρίου,
1496 5318 1701 5391 ταύτην

112 5402 367 5474 ζητήσω,
412 5403 504 5456 τοῦ
541 5405 817 5456 κατοικεῖν
865 5421 930 5475 με
964 5407 1022 5459 ἐν
1070 5406 1208 5477 οἴκῳ
1246 5409 1467 5478 Κυρίου
1523 5411 1703 5473 πάσας

121 5498 222 5557 τὰς
269 5495 475 5565 ἡμέρας
518 5495 614 5564 τῆς
668 5493 813 5566 ζωῆς
865 5513 1002 5565 μου·
1062 5497 1157 5551 τοῦ
1215 5497 1439 5570 θεωρεῖν
1482 5517 1557 5571 με
1604 5504 1703 5573 τὴν

122 5651 128 5659 -
200 5622 243 5659 ¹⁰
274 5627 444 5682 Exod.
477 5645 571 5692 xu,
610 5631 835 5700 passim.
938 5632 978 5662 “
1012 5632 1056 5687 ll
1084 5632 1527 5700 Timotb.1i,l5.

124 5713 241 5765 νιιι,
273 5701 322 5752 θ.
404 5700 444 5729 ⁸⁸
466 5700 634 5753 Eccli.
670 5715 743 5765 ix,
769 5699 858 5753 2|.

1612 5639 1651 5671 ¹¹
1702 5641 1720 5694 l
1755 5641 1882 5697 Cor.
1908 5659 1980 5709 Ix,
2015 5643 2104 5699 95.

1800 4499 1931 4565 tior,
1957 4515 2023 4554 eo
2053 4499 2222 4570 magis
2244 4500 2510 4555 adversus
2534 4502 2696 4556 talem
2722 4503 2912 4572 cepias
2937 4520 3048 4559 suae
3070 4506 3373 4578 malignita-

1798 4592 1869 4644 tis
1892 4600 2120 4660 apparat
2151 4591 2380 4646 insanus
2406 4592 2639 4654 daemon,
2669 4602 2727 4648 et
2754 4603 3042 4664 promovet
3074 4600 3369 4668 perplexos

1798 4682 2001 4752 vixque
2058 4684 2374 4738 tolerabiles
2429 4684 2758 4751 conflictus,
2812 4696 2875 4741 ut
2936 4704 3160 4757 quoquo
3212 4700 3375 4761 pacto

1801 4766 2067 4829 divellere
2089 4775 2235 4829 hunc
2259 4776 2328 4830 ab
2352 4779 2619 4831 oratione‘
2644 4765 2838 4847 possit.
2870 4778 3027 4848 Opus
3052 4781 3219 4850 igitur
3250 4782 3374 4837 fue-

1803 4863 1896 4927 rit,
1924 4875 1983 4917 ut
2010 4866 2235 4921 virtutis
2262 4869 2548 4923 Studiosus
2576 4869 2643 4923 ad
2673 4886 2814 4940 opus
2846 4871 3026 4925 iturus
3084 4874 3371 4937 orationis,

1802 4972 1957 5011 suam
1983 4957 2323 5013 alacritatem
2350 4968 2591 5014 ostentet
2612 4971 2994 5031 expromptam
3025 4970 3080 5016 et
3096 4963 3378 5032 praefervi-

1802 5053 1951 5117 dam,
1989 5062 2048 5106 ut
2070 5054 2563 5124 angeliperspccta
2591 5055 2692 5109 hac
2724 5056 3165 5125 promptitudine
3217 5058 3374 5112 exhi-

1801 5144 2099 5209 larescant,
2154 5160 2219 5199 ac
2279 5146 2513 5215 proinde
2568 5162 2693 5201 cum
2756 5148 2849 5201 tali
2902 5161 3294 5217 perseverent;
3344 5165 3377 5204 e

1809 5233 2051 5299 diverso,
2108 5234 2388 5290 dazmoncs
2439 5244 2589 5290 tanto
2641 5236 2863 5291 fervore
2915 5237 3168 5307 flagellati
3211 5253 3270 5293 se
3321 5239 3376 5292 in

1808 5322 1991 5394 fugam
2034 5326 2344 5394 proripiaut
2376 5324 2583 5395 refugc.
2630 5325 2804 5380 Debet
2842 5325 3009 5397 igitur
3039 5326 3124 5381 vel
3158 5326 3230 5382 ob
3270 5328 3378 5382 hoc

1809 5416 1990 5471 cultor
2025 5416 2247 5471 virtutis
2275 5417 2488 5472 fervere
2505 5433 2732 5487 semper
2755 5418 2972 5488 spiritu.
3006 5418 3376 5487 Quemadmo-

1802 5506 1943 5563 dum
1970 5508 2118 5563 enim
2147 5507 2353 5563 ferrum
2385 5509 2494 5580 igni
2548 5508 2792 5566 candens
2842 5518 3018 5566 totum
3066 5528 3105 5567 a
3152 5514 3376 5585 propria

2181 5645 2224 5676 ¹³
2262 5644 2430 5702 Eccli.
2460 5664 2530 5713 vt,
2558 5647 2647 5702 56.
2727 5649 2766 5680 "
2792 5648 2930 5704 ibid.
2961 5648 3050 5707 55.
3129 5650 3172 5684 “
3205 5651 3377 5710 Eecli.
