4014 6310
256 209 393 274 1705

1271 210 1598 271 HOMILIA
1638 211 1959 270 LXXXIX.
1984 235 2051 246 ·-
2079 211 2174 272 DE
2216 210 2500 270 lNOPIA.

3367 210 3500 274 1706

249 325 332 378 ὃτι
367 325 395 376 6
420 322 589 386 κόπος
619 321 774 392 ὑμῶν
805 322 907 376 οὐκ
939 321 1084 376 ἔστιν
1113 323 1266 386 κενὸς
1306 326 1381 377 ἐν
1402 323 1612 396 Κυρίῳ.
1661 343 1680 375 ι
1716 326 1826 379 Καὶ

1935 324 2269 394 ganimitatc,
2292 324 2349 378 in
2379 324 2652 379 eharitate
2685 337 2794 378 non
2829 322 2974 386 ﬁcta,
3008 323 3062 377 in
3096 320 3264 378 verbo
3297 323 3503 377 verita-

251 416 391 486 πρὸς
435 414 718 485 Τιμόθεον,
773 413 986 482 λέγων’
1027 431 1046 466 ι
1102 414 1260 485 Νῆφε
1306 417 1364 468 ἐν
1417 418 1600 481 πᾶσιν,
1663 416 1826 488 ἔργον

252 507 478 577 ποίησον
508 505 919 575 εὐαγγελιστοῦ,
960 507 1059 577 τὴν
1088 506 1364 561 διακονίαν
1403 521 1498 561 σου
1547 506 1844 583 πληροφό-.

254 617 441 673 ρησον.
491 617 508 650 ι
556 598 725 668 φησιν
761 598 818 651 δὲ
856 598 952 651 καὶ
981 597 1111 668 περ)⁸
1143 597 1377 652 ἑαυτοῦ·
1414 617 1433 650 ι
1466 599 1603 651 Νυνὶ
1631 597 1688 650 δὲ
1725 613 1825 649 πο·-

255 693 484 766 ρεύομαι
526 691 604 756 είς
636 689 987 758 Ἰερουσαλὴμ
1017 688 1277 742 διακονῶν
1305 691 1415 751 τοῖς
1437 689 1610 758 ἁγίοις
1629 706 1643 719 ο
1693 687 1826 740 ἀλλά

257 782 691 852 συναγωνίσασθέ
729 799 818 852 μοι
859 782 918 834 ἐν
959 783 1079 844 ταῖς
1118 781 1464 851 προσευχαῖς,
1509 781 1597 832 ἵνα
1638 779 1672 849 ή
1715 777 1828 830 δια-

255 875 409 930 κονία
449 891 549 942 μου
592 872 986 942 εὐπρόσδεκτος
1013 871 1238 941 γένηται
1275 873 1386 934 τοῖς
1413 871 1609 938 ἁγίοις.
1660 889 1679 922 ι
1712 870 1828 924 Κα-

254 965 611 1034 τανοήσωμεν
661 959 778 1024 οὖν,
817 961 1057 1030 ἀδελφοὶ,
1098 962 1251 1014 αὐτοὶ
1291 961 1344 1014 οἱ
1397 960 1682 1014 ἀπόστολοι
1729 960 1828 1026 τῆς

269 1053 613 1122 Ἐκκλησίας,
647 1051 786 1122 μετά
811 1053 964 1106 ποίου
997 1053 1206 1122 ἀγῶνος
1229 1054 1324 1106 καὶ
1353 1051 1516 1105 πόθου
1547 1052 1828 1123 διηκόνουν

258 1137 368 1207 τοῖς
401 1145 457 1197 ὲν
496 1129 888 1214 Ἱεροσολύμοις
919 1145 1175 1213 πτωχοῖς.
1212 1144 1377 1214 Φησὶν
1413 1143 1469 1196 δὲ
1503 1143 1595 1195 καὶ
1623 1141 1824 1204 ἄλλοις,

265 1254 284 1285 ‹
339 1235 411 1287 Οὐ
472 1235 578 1304 γὰρ
629 1233 811 1297 ἄδικος
860 1235 887 1286 6
939 1233 1070 1296 Θεὸς
1124 1233 1474 1287 ἐπιλαθέσθαι
1523 1233 1620 1300 τοῦ
1663 1231 1825 1301 ἔργου

260 1327 434 1398 ὑμῶν,
477 1327 570 1380 καὶ
602 1328 698 1394 τῆς
731 1328 952 1395 ἀγάπης
992 1321 1060 1399 ἦς
1099 1326 1430 1390 ἐνεδείξασθε
1467 1327 1546 1391 εἰς
1571 1326 1630 1378 τὸ
1656 1326 1828 1396 ὄνομα

262 1419 450 1484 αὐτοῦ,
473 1421 891 1488 διακονήσαντες
914 1422 1026 1482 τοῖς
1047 1419 1242 1487 ἁγίοις,
1265 1419 1358 1472 καὶ
1379 1417 1774 1481 διακονοῦντες.
1804 1437 1821 1470 ι

261 1512 421 1578 Λέγει
461 1511 516 1563 δὲ
564 1510 658 1563 καὶ
705 1513 732 1562 6
776 1511 998 1579 Πέτρος·
1027 1529 1045 1560 ι
1083 1510 1352 1572 Ἕκαστος
1399 1508 1581 1573 καθὼς
1637 1507 1828 1562 ἔλασεν

262 1602 525 1672 χάρισμα,
555 1603 636 1664 είς
667 1602 892 1664 ἑαυτοὺς
952 1601 1082 1654 αὖτό
1110 1599 1500 1662 διακονοῦντες.
1540 1619 1559 1652 ι
1591 1600 1702 1653 Καὶ
1732 1600 1828 1651 ὲπ-

1933 416 2004 470 tis
2028 417 2094 470 ’⁸.
2149 435 2168 468 ›
2223 414 2448 486 1139
2490 415 2696 470 lterum
2733 434 2749 472 :
2813 434 2832 468 ι
2863 411 3018 470 Sicut
3073 414 3218 470 servi
3257 413 3502 492 Christi,

1931 506 2198 563 facientes
2229 508 2569 562 voluntatem
2610 508 2786 578 ipsius
2822 522 2890 562 ex
2921 505 3120 570 animo,
3155 519 3280 561 cum
3329 505 3502 560 benc-

1931 600 2175 655 voleutia
2191 599 2524 664 servientes,
2557 598 2715 669 quasi
2743 597 2980 654 Domino
3010 605 3066 652 et
3116 611 3228 652 non
3261 596 3508 652 bomini-

1931 691 2118 745 bus”.
2143 709 2161 740 ι
2188 691 2391 744 iterum
2415 707 2427 743 :
2459 709 2477 740 ‹
2509 690 2753 754 Fratres,
2777 689 3003 744 stabiles
3030 695 3208 744 estote
3235 697 3292 744 et
3316 689 3510 743 immo-

1933 781 2094 845 biles,
2121 780 2468 847 abupdantes
2488 781 2543 835 in
2566 795 2735 850 opere
2759 780 2979 836 Domini
3001 795 3240 849 semper,
3268 780 3509 835 scientes

1933 870 2081 940 quod
2125 871 2282 926 labor
2317 879 2500 925 vester
2545 885 2654 924 non
2685 878 2770 924 est
2805 869 2986 924 inanis
3032 869 3087 924 in
3125 869 3444 925 Domino”.
3483 889 3503 922 ι
3577 913 3591 938 ι

1933 963 2001 1016 Et
2023 962 2092 1016 ad
2131 962 2518 1017 Timotheum:
2565 981 2583 1012 ι
2623 961 2820 1032 Vigila,
2881 961 2937 1015 in
2985 960 3243 1015 omnibus
3295 962 3506 1026 labora,

1933 1068 2072 1124 opus
2105 1051 2189 1107 fac
2215 1053 2588 1123 evangelista},
2620 1051 2989 1106 ministerium
3017 1059 3173 1105 tuum
3198 1051 3362 1120 imple
3383 1052 3450 1104 ³¹.
3483 1071 3501 1102 ι

1933 1143 2009 1198 De
2031 1143 2214 1213 seipse
2243 1159 2464 1212 quoque
2499 1142 2669 1196 dicit:
2708 1159 2725 1192 ι
2763 1141 2922 1196 Nunc
2954 1148 3136 1196 autem
3187 1141 3513 1211 proﬁciscor

1934 1236 1990 1289 in
2014 1237 2318 1292 Jerusalem
2345 1236 2663 1290 ministrare
2685 1235 2913 1299 sanctis,
2947 1234 3043 1289 sed
3061 1234 3319 1306 adjuvate
3342 1250 3429 1289 me
3454 1235 3508 1288 in

1934 1328 2302 1391 orationibus,
2344 1336 2406 1381 ut
2455 1327 2788 1396 obsequium
2854 1339 3038 1380 meum
3093 1332 3380 1394 acceptum
3437 1327 3513 1380 sit

1935 1415 2242 1468 sanctis".
2302 1433 2320 1464 ›
2385 1413 2687 1468 Nobiscum
2747 1422 3088 1483 reputemus,
3138 1412 3356 1477 fratres,
3406 1413 3509 1483 ipsi

1935 1507 2167 1576 apostoli
2196 1505 2289 1575 qui
2323 1513 2380 1560 et
2399 1505 2669 1561 columnae
2695 1504 2976 1570 Ecclesia,
3008 1513 3216 1574 quanto
3243 1519 3417 1575 agone
3443 1520 3511 1559 ac

1935 1597 2214 1652 desiderio
2240 1596 2624 1650 ministrabant
2661 1595 3102 1665 Hicrosolymitis
3149 1595 3507 1665 pauperibus.

262 1689 389 1763 άγεί
407 1710 420 1721 ο
452 1713 470 1744 σ
503 1694 571 1747 Et
591 1711 671 1757 τις
697 1693 868 1774 λαλεῖ,
896 1692 970 1754 ὡς
999 1679 1163 1762 ’λόγια
1195 1690 1352 1757 Θεοῦ,
1388 1690 1442 1745 εῖ
1465 1709 1547 1755 τις
1570 1691 1826 1753 διακονεῖ,

1935 1688 2072 1743 Aliis
2109 1689 2337 1757 insuper
2365 1687 2523 1752 dicit,
2565 1706 2583 1738 ι
2615 1687 2734 1741 Νοη
2759 1685 2908 1741 enim
2942 1686 3179 1757 injustus
3221 1695 3306 1740 est
3341 1687 3512 1751 Deus,

261 1783 336 1846 ῶς
361 1783 418 1848 ἐξ
452 1781 654 1852 ἰσχύος,
693 1765 756 1853 ἧς
787 1784 1010 1851 χορηγεῖ
1037 1783 1064 1834 6
1091 1781 1244 1845 Θεὸς,
1274 1781 1362 1834 ῖνα
1399 1781 1456 1834 ἐν
1489 1781 1652 1834 πᾶσιν
1678 1778 1829 1842 δοξά-

1935 1788 1992 1836 ut
2021 1780 2387 1835 obliviscatur
2433 1779 2618 1850 operis
2667 1778 2839 1834 vestri
2869 1787 2927 1833 et
2973 1779 3290 1834 dilectionis
3343 1795 3509 1850 quam

264 1872 422 1942 ζηται
449 1875 478 1926 6
499 1873 651 1937 Θεὸς,
677 1873 762 1926 διὰ
787 1873 881 1925 τοῦ
908 1873 1109 1942 Κυρίου
1132 1871 1288 1942 ἡμῶν
1325 1871 1496 1942 Ἰησοῦ
1520 1869 1774 1942 Χριστοῦ.
1802 1887 1821 1920 ι

1935 1873 2351 1928 demonstrastis
2373 1873 2430 1926 in
2447 1873 2671 1927 nomine
2694 1873 2891 1942 ipsius,
2925 1870 3055 1925 dum
3077 1871 3511 1928 administrastis

277 1966 334 2020 '0
368 1966 424 2018 δὲ
459 1965 690 2034 Κύριος·
731 1964 896 2019 «Ἐάν
933 1982 1032 2029 ετις
1069 1965 1192 2035 ἐμοὶ
1229 1963 1472 2034 διακονῇ,
1535 1963 1657 2031 ἐμοὶ
1701 1962 1829 2014 ἀκο-

1935 1965 2137 2020 sanctis
2159 1972 2214 2020 et
2233 1953 2642 2018 administratis
2661 1963 2724 2016 ³³.
2765 1982 2788 2015 ο
2830 1965 3029 2019 Petrus
3065 1963 3196 2017 item
3225 1981 3237 2016 :
3277 1982 3296 2016 ι
3324 1963 3510 2038 Unus-

263 2055 546 2117 λουθείτω.
589 2058 682 2110 καὶ
721 2057 854 2110 ὅπου
895 2056 1010 2123 εἰμὶ
1069 2054 1199 2124 ἐγὼ,
1239 2056 1356 2108 ἐκεῖ
1385 2054 1484 2109 καὶ
1522 2055 1550 2106 6
1585 2053 1829 2114 διάκονος

1935 2055 2168 2125 quisque
2199 2055 2341 2110 sicut
2373 2055 2589 2124 accepit
2620 2054 2874 2126 gratiam,
2897 2055 2953 2109 in
2975 2054 3307 2109 alterutrum
3353 2055 3508 2108 illam

264 2151 290 2199 6
321 2149 451 2218 ἐμὸς
479 2148 629 2201 ἔσται
649 2163 662 2178 ⁸
695 2147 788 2200 ἐὰν
816 2147 936 2216 ἐμοί
961 2163 1042 2210 τις
1079 2144 1337 2215 διακονῇ,
1365 2144 1586 2216 τιμήσει
1613 2143 1775 2197 αὐτὸν
1800 2142 1829 2195 6

1935 2145 2389 2200 administrantes
2407 2147 2488 2199 ’δε
2552 2165 2570 2196 ι
2607 2145 2862 2200 lnducit:
2899 2164 2918 2197 ι
2959 2145 3016 2200 Si
3046 2146 3174 2216 quis
3206 2147 3508 2213 ministrat,

265 2239 454 2308 Πατήρ
484 2255 604 2308 μου.
637 2258 654 2290 ι
671 2239 782 2291 Καὶ
803 2237 961 2290 πάλιν
977 2252 990 2265 ·
1033 2236 1179 2305 Ἐγὼ
1201 2235 1270 2291 δέ
1284 2238 1401 2305 ειμι
1423 2237 1492 2289 ἐν
1508 2235 1674 2304 μέσῳ
1692 2235 1772 2299 ὡς
1796 2235 1828 2288 ὁ

1938 2245 2196 2308 tanquam
2227 2253 2295 2292 ex
2329 2239 2533 2293 virtute
2563 2254 2728 2308 quam
2758 2238 3109 2294 administrat
3134 2239 3301 2304 Deus,
3355 2247 3416 2292 ut
3451 2239 3508 2293 in

266 2329 579 2384 διακονῶν.
610 2349 628 2382 ι
657 2361 725 2371 -
751 2348 767 2380 ι
798 2329 910 2382 Καὶ
936 2329 1046 2400 γὰρ
1071 2331 1098 2381 ὁ
1128 2327 1254 2390 Υἱὸς
1277 2326 1373 2380 τοῦ
1405 2325 1692 2396 ἀνθρώπου
1730 2325 1829 2378 οὐκ

1935 2329 2191 2385 omnibus
2207 2329 2612 2385 honorificetur
2638 2331 2784 2385 Deus
2814 2345 2912 2400 per
2933 2331 3226 2385 Dominum
3255 2340 3508 2386 nostrum

262 2418 426 2493 ἦλθεν
455 2421 859 2492 διακονηθῆναι,
893 2420 1029 2473 ἀλλὰ
1053 2418 1372 2488 διακονῆσαι
1405 2417 1506 2470 καὶ
1528 2416 1714 2470 δοῦναι
1735 2415 1829 2487 τὴν

1935 2423 2118 2484 Iesum
2140 2421 2508 2478 Christum“.
2548 2441 2567 2474 ι
2608 2421 2705 2476 His
2737 2423 2984 2478 concinit
3006 2423 3302 2478 Dominus:
3355 2443 3374 2475 ‹
3403 2423 3510 2491 Qui

263 2512 440 2583 ψυχὴν
469 2511 633 2564 αὐτοῦ
664 2510 858 2580 λύτρον
907 2509 1031 2564 ἀντὶ
1080 2507 1311 2562 πολλῶν.
1375 2525 1392 2558 ι
1433 2505 1591 2563 Δύτῶ
1625 2506 1662 2578 ἡ
1705 2504 1829 2571 δόξα

1935 2510 2068 2564 mihi
2088 2509 2387 2575 ministrat,
2421 2525 2507 2566 me
2532 2520 2820 2581 sequatur,
2854 2521 2911 2566 et
2934 2512 3028 2567 ubi
3059 2527 3181 2566 sum
3208 2527 3332 2584 ego,
3392 2513 3511 2568 illic

265 2605 344 2665 εἰς
378 2603 502 2665 τοὺς
532 2603 757 2666 αἰῶνας.
804 2603 1000 2672 ’ᾼμήν.

1935 2609 1990 2656 et
2013 2601 2266 2656 minister
2281 2616 2441 2657 meus
2471 2603 2601 2658 erit.
2639 2602 2695 2658 Si
2731 2603 2858 2673 quis
2880 2604 3296 2670 ministraverit,
3334 2605 3514 2662 bono-

265 2696 500 2752 riﬁcabit
529 2713 656 2751 eum
699 2699 862 2753 Pater
908 2712 1064 2751 meus
1116 2697 1182 2751 ³⁸.
1209 2715 1226 2747 ι
1260 2696 1466 2750 lterum
1523 2713 1537 2748 :
1575 2712 1595 2746 ‹
1627 2695 1743 2766 Ego
1767 2703 1954 2752 autem
1988 2697 2045 2752 in
2075 2697 2261 2753 medio
2293 2707 2540 2754 vestrum
2561 2715 2707 2764 sum,
2733 2700 2878 2755 sicut
2911 2700 3003 2771 qui
3045 2701 3323 2756 ministrat
3369 2702 3446 2757 ’τι
3483 2720 3507 2757 ι

266 2821 338 2832 --
370 2811 389 2843 ‹
433 2793 647 2848 Etenim
675 2793 848 2848 Filius
883 2792 1124 2847 hominis
1145 2807 1255 2846 non
1288 2791 1440 2846 venit
1462 2790 1788 2858 ministrari,
1824 2791 1919 2847 sed
1959 2791 2298 2858 ministrare,
2328 2783 2384 2848 et
2414 2793 2543 2849 dare
2591 2794 2829 2848 animam
2865 2809 3020 2848 suam
3072 2793 3511 2866 redemptionem

267 2899 368 2960 pro
417 2885 682 2941 multis”.
729 2904 748 2937 ι
786 2885 894 2957 Ipsi
942 2887 1115 2957 gloria
1182 2887 1238 2943 in
1291 2888 1486 2944 sweula
1542 2887 1891 2943 saeculorum.
1929 2887 2122 2943 Amen.
2864 2875 2871 2880 ’

862 3001 1079 3054 ΛΟΓΟΣ
1116 3000 1242 3068 ne'.
1349 3021 1352 3024 η

2167 3062 2171 3066 .
2415 3001 2698 3058 HOMILIA
2739 3001 3026 3056 LXXXIX.

735 3114 873 3182 Περὶ
919 3115 1366 3183 ἁκτημοσύνης.

355 3227 418 3280 Ἥ
456 3227 808 3299 ἀκτημοσύνη
839 3227 1104 3300 εἰλικρινῆ
1147 3227 1248 3300 τὴν
1289 3227 1568 3282 πολιτείαν
1605 3227 1701 3282 τοῦ
1733 3246 1826 3298 μοι

264 3319 430 3390 ναχοῦ
460 3319 862 3374 ἀποδείκνυσιν.
909 3319 1197 3391 Ἀκτήμων
1229 3317 1456 3389 μοναχὸς
1479 3317 1636 3381 ἀετδς
1661 3319 1836 3390 ὖπάρ-

264 3427 352 3481 χει
401 3409 689 3480 ὑψιπέτης.
729 3411 1016 3482 ’Δκτήμων
1084 3409 1317 3480 μοναχδς
1379 3407 1668 3480 ἐλεύθερος
1721 3409 1831 3464 τῶν

261 3503 460 3570 ὀλίγων
490 3503 658 3567 ἐστὶν,
691 3502 778 3556 ῖνα
807 3503 886 3555 ·ὲν
930 3502 1230 3557 ἀπολαύσει
1263 3503 1372 3556 τῶν
1407 3502 1616 3557 πολλῶν
1670 3504 1833 3574 γένη-

261 3611 378 3648 ται.
444 3595 732 3666 ’Λκτήμων
781 3593 1061 3668 [μοναχὺς]
1104 3595 1392 3655 ἐπίσταται
1437 3595 1520 3650 ὅτι
1569 3595 1835 3667 πάροικός

262 3687 414 3738 ἔστιν
467 3686 558 3738 ἐπὶ
608 3687 707 3756 τῆς
753 3685 877 3756 γῆς.
922 3685 1103 3756 Μηδὲν
1150 3686 1257 3759 γὰρ
1299 3687 1693 3759 ἐπιφερόμενος
1737 3685 1832 3740 τοῦ

259 3778 598 3849 προσκαίρου
633 3777 850 3842 αἰῶνος,
881 3777 1040 3847 δῆλός
1077 3779 1222 3832 ἐστιν
1249 3779 1330 3833 δτι
1361 3780 1472 3832 τῶν
1501 3779 1686 3833 ἀϊδίων
1711 3779 1834 3850 ὀρέ-

257 3886 420 3938 γεται
475 3870 717 3938 ἀγαθῶν.
769 3870 828 3922 ’0
884 3870 1168 3939 ἀκτήμων,
1206 3870 1448 3942 μιμητὴς
1505 3872 1697 3925 Ἠλίου.
1738 3871 1833 3924 καὶ

274 3960 524 4014 Ἰωάννου
579 3961 912 4031 εὑρίσκεται,
967 3963 1062 4015 καλ¹
1110 3963 1217 4016 τῶν
1266 3963 1572 4032 λεγόντων·
1615 3982 1634 4016 ι
1700 3963 1832 4016 Ἰδοὺ

256 4050 423 4116 ἡμεῖς
462 4050 758 4121 ἀφήκαμεν
787 4052 984 4110 πάντα.
1024 4053 1124 4104 καὶ
1150 4052 1602 4122 ἠκολουθήσαμέν
1631 4069 1713 4104 σοι
1733 4069 1747 4084 ο
1779 4054 1832 4106 τί

2564 3114 2643 3167 De
2681 3115 2884 3184 inepia.

2003 3231 2348 3288 Facultatum
2383 3228 2630 3285 omnium
2653 3227 2933 3298 possessio
2981 3227 3232 3299 ablegata
3263 3230 3431 3284 semel
3482 3244 3513 3286 a

1933 3325 2194 3394 quopiam
2229 3332 2288 3380 et
2317 3337 2548 3377 excussa
2577 3321 2716 3376 nihil
2744 3321 2980 3377 obscure
3019 3320 3268 3377 declarat
3315 3337 3512 3394 synec-

1934 3430 2054 3470 ram
2100 3430 2222 3470 esse
2276 3413 2536 3469 monachi
2580 3413 3080 3470 conversationem.
3141 3413 3246 3481 Qui
3299 3415 3510 3470 nullum

1933 3505 2188 3577 possidet
2237 3505 2520 3574 peculium
2560 3506 2889 3571 monachus,
2915 3508 3098 3578 aquila
3133 3516 3221 3564 est
3265 3509 3510 3566 altivola.

1932 3597 2098 3667 Inops
2120 3595 2451 3658 monachus,
2474 3595 2617 3650 liber
2642 3597 2701 3651 lit
2734 3613 3035 3667 paucorum
3066 3616 3194 3665 usu,
3225 3608 3288 3656 ut
3312 3617 3511 3673 quam-

1933 3687 2188 3758 plurimis
2217 3686 2559 3758 perfruatur.
2599 3687 2703 3754 Qui
2744 3690 2961 3759 peculio
2984 3693 3138 3747 exuit
3187 3708 3267 3759 se,
3321 3695 3512 3766 utique

1932 3778 2092 3833 novit
2121 3777 2252 3848 quia
2282 3776 2590 3846 inquilinus
2623 3785 2706 3831 est
2735 3787 2791 3832 et
2813 3778 3024 3834 advena
3051 3795 3220 3851 super
3263 3792 3508 3842 terram:

1932 3887 2106 3927 exeo
2139 3871 2289 3925 enim
2315 3869 2460 3942 quod
2497 3868 2634 3923 nihil
2665 3869 2989 3926 circumfert
3016 3887 3204 3928 secum
3247 3876 3331 3930 rei
3367 3885 3510 3932 tem~

1932 3966 2168 4037 poraria:
2188 3981 2253 4019 ac
2283 3963 2586 4028 szecularis,
2617 3980 2716 4034 per
2746 3963 2855 4019 hoc
2870 3964 3058 4034 prodit
3084 3979 3143 4020 se
3171 3967 3507 4037 sempiterna

1933 4057 2026 4111 illa
2054 4065 2336 4126 expetere.
2374 4056 2476 4124 Qui
2508 4073 2567 4111 se
2595 4056 2749 4112 exuit
2779 4057 3128 4127 possessione
3153 4057 3504 4125 facultatum,

258 4139 372 4210 ἄρα
410 4139 560 4193 ἔσται
594 4141 765 4210 ήμῖν;
807 4159 826 4192 ι
863 4140 972 4193 Καὶ
1002 4139 1294 4194 ἀκούσουσι
1343 4139 1493 4210 παρά
1521 4138 1615 4192 τοῦ
1645 4140 1832 4211 Σωτῆ-

259 4249 356 4304 ρος
380 4247 395 4263 ο
432 4251 451 4282 ι
491 4233 613 4286 Ὅτι
649 4233 805 4303 ὑμεῖς
843 4233 892 4285 οἱ
917 4233 1141 4301 ἀφέντες
1175 4233 1370 4298 πάντα,
1405 4233 1502 4286 καὶ
1535 4231 1832 4302 ἀκολουθή-

1933 4146 2102 4201 Heliae
2139 4147 2478 4217 eomperitur
2524 4164 2647 4202 esse
2699 4147 2965 4212 imitator,
3013 4149 3240 4204 Joannis
3271 4150 3402 4206 item
3449 4161 3508 4210 et

1931 4251 2123 4294 eorum
2157 4239 2251 4308 qui
2301 4238 2536 4294 dicunt:
2565 4259 2582 4290 ε
2614 4239 2754 4294 Ecce
2786 4253 2888 4293 nos
2934 4239 3262 4308 reliquimus
3319 4242 3504 4297 omnia

261 4324 456 4386 σαντές
491 4341 600 4393 μοι,
655 4343 674 4375 ι
718 4323 1154 4377 πολλαπλασίονα
1191 4323 1427 4394 λήψεσθε
1471 4323 1528 4376 ἐν
1560 4322 1638 4394 τῷ
1672 4323 1829 4376 αἰῶνι

1935 4342 1986 4387 et
2019 4329 2193 4387 secuti
2225 4346 2416 4386 sumus
2446 4339 2499 4386 te
2527 4349 2538 4384 :
2567 4331 2700 4400 quid
2744 4346 2876 4402 ergo
2909 4331 3016 4385 erit
3045 4331 3308 4386 nobis"?
3345 4351 3362 4383 ι
3398 4333 3502 4399 Qui

254 4413 452 4485 τούτῳ,
487 4415 580 4466 καὶ
610 4417 666 4466 ὲν
697 4414 773 4484 τῷ
811 4414 1058 4484 μέλλοντι
1089 4415 1235 4480 ζωὴν
1273 4413 1512 4469 αίώνιον.
1559 4415 1616 4468 '0
1651 4416 1826 4484 ἀκτή-

1935 4425 2090 4488 tales,
2146 4424 2216 4478 ab
2281 4424 2402 4493 ipso
2457 4423 2651 4478 salutis
2701 4431 2905 4480 nostra:
2956 4423 3184 4478 Vindice
3227 4423 3500 4479 audiunt:

259 4523 399 4575 μων,
437 4507 528 4560 ἐπὶ
561 4506 663 4574 γῆς
708 4506 804 4576 μὲν
843 4504 1210 4568 πολιτεύεται,
1236 4504 1334 4575 τὴν
1361 4505 1415 4558 δὲ
1445 4505 1728 4576 διατριϐὴν
1769 4507 1828 4557 ὲν

1939 4515 2122 4582 «Quia
2147 4531 2250 4571 vos
2281 4515 2376 4585 qui
2414 4511 2718 4584 reliquistis
2772 4515 2957 4569 omnia
3021 4523 3077 4570 et
3139 4517 3315 4570 secuti
3370 4517 3504 4571 estis

252 4597 508 4664 οὐρανοῖς
556 4596 842 4665 κέκτηται.
878 4596 974 4647 Διά
1015 4593 1125 4664 γὰρ
1158 4595 1256 4664 τῆς
1302 4591 1688 4664 ἀκτημοσύνής
1714 4596 1828 4657 τοῖς

1935 4625 2020 4665 me
2041 4610 2110 4673 ⁸ο,
2156 4630 2174 4662 ›
2213 4608 2541 4678 multiplicia
2569 4608 2854 4679 accipietis
2884 4609 2938 4662 in
2972 4609 3173 4665 saeculo
3206 4609 3334 4673 isto,
3365 4617 3422 4664 et
3446 4609 3502 4664 in

250 4687 508 4752 ἀγγέλοις
534 4687 946 4756 συναμιλλᾶται,
974 4686 1068 4740 καὶ
1091 4687 1203 4748 τοῖς
1227 4685 1457 4748 δικαίοις
1484 4685 1820 4756 συγχορεύει.

1935 4701 2116 4757 l‘uturo
2142 4702 2309 4757 vitam
2326 4687 2618 4757 .mternam.
2651 4701 2754 4771 Qui
2785 4701 2946 4770 inops
2969 4710 3076 4766 est,
3105 4716 3273 4771 super
3297 4710 3501 4756 terram

266 4780 774 4850 Ἀποστρεφόμενος
827 4781 937 4850 γὰρ
1003 4779 1064 4832 τά
1115 4777 1353 4846 ἐπίγεια,
1406 4777 1474 4831 τά
1523 4779 1823 4848 ἐπουράνια

1935 4794 2154 4864 quidem
2213 4801 2499 4858 versatur,
2569 4792 3051 4848 conversationem
3103 4808 3236 4848 vero
3272 4793 3384 4862 jam
3445 4795 3501 4849 in

253 4871 612 4940 φαντάζεται.
660 4873 776 4942 Οὐχ
802 4873 936 4943 ὁρᾷς
967 4872 1107 4940 πόση
1136 4870 1368 4941 διαφορά
1410 4869 1501 4924 τοῦ
1533 4871 1822 4924 ἀπολιπεῖν

1935 4886 2085 4940 eoelis
2121 4885 2225 4938 sibi
2258 4884 2640 4954 comparavit:
2680 4884 2879 4953 inopiae
2909 4882 3058 4938 enim
3093 4884 3313 4948 merito,
3375 4901 3501 4940 cum

250 4964 326 5015 τὰ
375 4965 733 5033 ὀλιγοχρόνια,
773 4965 868 5016 καὶ
924 4963 1074 5027 ἐντὸς
1123 4963 1378 5030 γενέσθαι
1429 4963 1537 5015 τῶν
1587 4963 1822 5016 αἰωνίων

1935 4975 2138 5045 angelis
2172 4977 2530 5046 congreditur
2572 4975 2939 5038 familiariter,
2973 4975 3144 5030 choro
3176 4985 3504 5029 accensetur

251 5055 476 5121 ἀγαθῶν
498 5072 511 5084 ·
563 5055 881 5109 καταλιπεῖν
928 5055 993 5108 τά
1026 5055 1260 5126 φθαρτὰ,
1295 5055 1391 5110 κα),
1418 5055 1826 5126 κληρονομῆσαι

1935 5070 2220 5134 iustorum.
2284 5067 2497 5138 1170
2545 5068 2680 5121 Dum
2735 5066 2882 5121 enim
2926 5065 3044 5120 hare
3107 5075 3391 5120 aversatur
3447 5077 3504 5122 et

248 5149 324 5200 τὰ
376 5149 660 5219 ἄφθαρταο
715 5151 1034 5203 καταλιπεῖν
1071 5151 1137 5203 τὰ
1192 5151 1266 5220 μὴ
1305 5151 1588 5222 ἡμέτερα,
1618 5151 1713 5204 καὶ
1769 5154 1828 5204 ἐν

1935 5153 2182 5224 repudiat
2207 5162 2449 5218 terrena,
2490 5156 2575 5210 vel
2608 5156 2722 5226 ipsa
2751 5155 3143 5226 imaginatione
3166 5155 3502 5226 colligitjam

246 5241 551 5307 ἀπολαύσει
596 5243 848 5310 γενέσθαι
900 5243 1009 5296 τῶν
1059 5245 1479 5314 ἡτοιμασμένων
1528 5247 1640 5306 τοῖς
1693 5247 1828 5312 ἀγα-

1935 5253 1984 5300 et
2017 5245 2424 5315 contemplatur
2447 5247 2716 5302 cmlcstia.
2748 5247 2869 5302 Non
2900 5246 3059 5302 vides
3101 5254 3312 5316 quanto
3356 5246 3503 5302 inter

249 5332 402 5386 στῶσι
429 5335 516 5386 τὸν
553 5335 683 5387 Θεόν
705 5354 716 5366 ·
750 5334 1092 5406 [καταλιπεῖν
1124 5336 1188 5389 τὸ
1211 5337 1401 5405 όρατά,
1427 5335 1492 5389 λα
1502 5335 1729 5404 μϐἀνειν
1757 5335 1824 5390 τά

1935 5353 1984 5392 se
2012 5337 2318 5394 dissideant
2339 5339 2683 5402 discrimine,
2710 5340 2826 5394 haec
2863 5338 3180 5394 corruutiva
3202 5337 3502 5398 dimisisse.

325 5491 371 5560 ξε
393 5489 434 5542 11
461 5488 588 5544 Cor.
624 5506 696 5550 γι,
726 5492 839 5546 2-7.
918 5492 961 5521 ἐ’
986 5491 1186 5560 Ephes.
1209 5495 1340 5557 vui,
1369 5491 1671 5547 Ἷ.³⁰1(.οι’.
1703 5508 1792 5552 xv.
1817 5493 1829 5547 Ξ

1983 5493 2023 5523 θ’
2055 5491 2097 5545 ιι
2122 5493 2262 5546 Tim.
2301 5510 2373 5551 ιν.
2403 5492 2456 5544 5.
2519 5485 2984 5555 ἰιῐιοηι.ιν,δι.
3063 5487 3503 5560 “Hebr.vi,!0.

247 5558 339 5616 3’!
379 5561 524 5615 Petr.
551 5576 623 5621 iv,
654 5560 734 5613 l0.
811 5563 854 5593 ³⁵
896 5558 1043 5616 ibid.
1070 5564 1152 5616 ll.
1232 5564 1573 5629 “103mm,
1607 5563 1696 5617 26.
1773 5565 1814 5596 ³⁷

247 5627 301 5660 ⁴’⁹’
335 5626 467 5682 Luc.
501 5644 648 5692 xvul,
673 5629 759 5684 28.

1935 5578 1974 5617 c.
2002 5580 2130 5628 xm,
2168 5564 2256 5616 27.
2369 5564 2412 5596 ³⁸
2445 5563 2640 5617 Matth.
2667 5578 2756 5629 xx,
2780 5560 2868 5616 28.
2975 5562 3216 5618 "Matth.
3248 5575 3334 5617 ιιι
3357 5599 3373 5624 ,
3407 5558 3500 5620 9-7.

575 5720 841 5784 Panos.
886 5726 1001 5786 Gn.
1049 5727 1385 5792 LXXXIX,

3185 5725 3260 5785 5's
