4014 6310
550 334 686 404 i719

1787 334 2154 404 ANTIOCHI
2202 309 2548 407 monent

3694 341 3827 409 1713

545 458 716 515 mneii
754 459 825 516 de
860 461 1177 519 illiisiesse
1202 463 1280 517 ait
1307 479 1322 516 :
1362 479 1381 512 ε
1409 459 1488 515 Nc
1519 460 1784 530 respicias
1815 460 1872 514 in
1904 462 2118 515 vultum

2230 481 2327 533 μου
2360 463 2453 517 τοῦ
2480 467 2538 519 ὲν
2564 466 2831 536 οὐρανοῖς,
2859 458 3010 527 οὗτός
3044 480 3143 535 μου
3170 463 3430 535 ἀδελφὸς,
3462 462 3565 517 καὶ
3592 461 3819 533 ὀδελςὴ,

543 562 603 608 et
627 553 696 609 ad
713 554 1147 626 magnitudinem
1162 555 1305 625 ejus,
1344 553 1477 624 quia
1506 552 1672 608 homo
1718 554 1771 609 in
1810 553 2006 611 faciem
2033 553 2121 608 vi-

543 643 720 711 debit,
764 646 911 702 Deus
937 657 1122 703 autem
1147 648 1396 702 intuetur
1426 661 1524 703 cor
1550 646 1593 699 ἓ.
1633 666 1651 698 ι
1674 645 1794 715 Ipse
1818 660 1980 714 porro
2008 646 2120 701 Do-

544 738 877 795 minuscum
904 739 1199 810 aquodam
1222 738 1565 795 audivisset:
1603 758 1622 790 ‹
1665 738 1802 793 Erce
1827 745 2006 793 mater
2028 747 2123 807 tua
2155 747 2212 795 et
2265 738 2463 796 fratres
2490 741 2569 795 tui
2601 741 2738 797 foris
2770 747 2921 797 stant
2970 750 3281 812 quaerentes
3308 750 3364 795 te
3442 779 3460 806 ,

544 829 628 885 dit
653 830 731 886 illi

2231 557 2327 611 καὶ
2358 559 2541 629 μήτηρ
2578 560 2680 630 μού
2701 560 2873 612 Eutr/.-
2892 577 2910 610 ο
2931 557 3135 630 Αὐτῷὴ
3167 558 3300 625 δόξα
3318 558 3403 623 είς
3434 558 3576 622 τοὺς
3601 557 3812 621 αἰῶνας

2226 647 2333 700 τῶν
2362 648 2593 720 αἰώνων.
2642 651 2835 720 Ἀμήν.
2896 642 2904 650 ’

2366 718 2463 796 ξτοε
2490 741 2569 795 tui
2601 718 2738 797 foris
2770 718 2921 797 stant
2970 750 3281 808 quaerentes
3308 750 3364 795 te
3442 779 3460 806 ,
3589 749 3821 808 respon-

822 848 837 884 :
919 831 1056 898 Qua:
1085 840 1171 887 est
1200 843 1376 889 mater
1405 848 1548 897 mea,
1572 842 1630 889 et
1682 833 1775 903 qui
1815 843 1946 888 sunt
1990 833 2191 891 fratres
2218 836 2329 891 mei
2365 838 2447 891 “‘i
2483 855 2502 889 ι
2544 836 2795 908 Cumque
2849 839 3190 895 extendisset
3245 855 3477 895 manum
3534 851 3708 894 suam
3764 834 3817 891 in

544 918 870 991 discipulos,
900 923 1069 980 dicit:
1152 924 1292 980 Ecce
1319 933 1495 979 mater
1518 940 1637 979 mea
1658 934 1716 979 et
1736 924 1935 980 fratres
1990 926 2097 981 mei
2132 948 2146 981 :
2185 928 2506 999 quicunque
2559 930 2708 985 enim
2740 929 2935 986 fecerit
2967 930 3308 986 volun-tatem
3332 928 3519 986 Patris
3562 930 3681 987 mei
3724 929 3815 1001 qui

544 1023 630 1068 est
655 1013 709 1068 in
736 1014 913 1083 cat-lis,
946 1016 1041 1071 hic
1070 1032 1228 1072 meus
1254 1017 1425 1072 frater
1459 1027 1729 1073 etamater
1757 1012 1889 1076 est“
1917 1012 2130 1091 "lesi
2162 1021 2334 1093 gloria
2366 1021 2423 1077 in
2457 1023 2656 1079 saacnla
2705 1024 3052 1083 saeculorum.
3077 1021 3274 1079 Amen.

1075 1152 1361 1209 HOMILIA
1381 1154 1563 1211 XCIV.

735 1267 1156 1324 Cohaln'tanduut
1182 1270 1366 1339 paucis
1387 1269 1621 1339 quidem,
1654 1271 1747 1323 sed
1761 1271 1944 1349 bonis._

617 1379 914 1445 Profuerit,
940 1378 1283 1443 charissimi,
1310 1394 1435 1434 cum
1463 1381 1656 1449 paucis
1688 1380 1914 1450 quidem
1959 1381 2122 1449 babi—

544 1480 683 1534 tare,
708 1470 806 1525 sed
834 1469 998 1526 bonis
1026 1487 1040 1524 :
1070 1471 1124 1525 id
1162 1470 1313 1540 quod
1346 1471 1458 1525 Deo
1489 1470 1652 1543 longe
1689 1471 1925 1542 gratius,
1956 1486 2122 1541 quam

542 1573 608 1616 ut
633 1562 825 1617 multis
851 1561 1138 1617 cobabites
1164 1561 1261 1633 qui
1297 1561 1410 1617 sint
1436 1570 1849 1633 contemptores
1897 1562 2125 1618 manda-

545 1664 729 1708 torum
756 1654 996 1708 Domini.
1018 1653 1125 1711 Ubi
1146 1654 1296 1709 enim
1333 1654 1502 1710 timor
1538 1654 1780 1721 Domini,
1829 1655 1943 1713 illic
1987 1656 2120 1711 cha-

2832 1159 3046 1212 Aoroz
3072 1161 3185 1224 ιιΔν.

2432 1268 2573 1339 Περὶ
2598 1268 2706 1323 τοῦ
2727 1268 2916 1323 οἰκεῖν
2940 1270 3090 1340 μετὰ
3116 1270 3339 1340 ὀλίγων
3364 1268 3609 1323 καλῶν.

2294 1381 2477 1436 Καλόν
2506 1382 2676 1445 ἔστιν,
2709 1380 3004 1454 ἀγαπητοὶ,
3047 1381 3218 1435 οίκεῖν
3269 1380 3417 1452 μετά
3474 1381 3695 1450 ὀλίγων
3724 1382 3816 1434 εὖ.

2224 1454 2600 1543 αρεστοὺντων
2649 1470 2729 1544 τῷ
2760 1462 2900 1550 Θεῷ,
2932 1474 3082 1544 ἥπερ
3107 1473 3246 1544 μετά
3279 1472 3498 1526 πολλῶν
3525 1489 3817 1544 καταφρο-

2223 1564 2400 1635 νητῶν
2424 1564 2534 1619 τῶν
2566 1565 2799 1621 ἐντολῶν
2852 1567 3087 1637 Κυρίου.
3122 1566 3299 1620 Ὅπου
3333 1566 3450 1637 γὰρ
3494 1565 3673 1636 φόϐος
3703 1566 3817 1621 Kn-

2227 1656 2365 1729 ρίου,
2396 1658 2516 1711 ἐκεῖ
2541 1658 2636 1711 καὶ
2660 1657 2873 1729 ἀγάπη,
2910 1659 3007 1723 καὶ
3033 1659 3259 1729 ὁμόνοια
3275 1658 3531 1727 ἀδελφῶν
3551 1677 3567 1689 ·
3602 1658 3743 1713 ὅπου
3767 1657 3820 1711 δὲ

544 1743 683 1798 ritas
712 1752 773 1798 et
794 1742 1027 1799 fratrum
1050 1744 1349 1801 concordia
1379 1762 1393 1799 :
1431 1744 1526 1800 ubi
1556 1744 1747 1801 nullus
1788 1745 2121 1816 relinquitur

2230 1747 2444 1817 ἀφασία,
2480 1749 2600 1802 ἐκεῖ
2628 1747 2744 1820 ἔρις
2772 1748 2870 1803 καὶ
2911 1747 3073 1818 ζῆλος
3093 1766 3107 1779 '
3138 1751 3272 1805 ὅπου
3324 1748 3604 1804 εὐλάϐεια
3654 1746 3817 1813 Θεοῦ,

545 1837 736 1894 timori
765 1837 864 1894 Dei
898 1838 1077 1905 locus,
1111 1839 1189 1894 ibi
1223 1838 1535 1913 contentio
1561 1855 1627 1895 ac
1660 1839 1824 1895 zelus
1858 1857 1871 1894 :
1904 1839 2017 1896 ubi"
2037 1855 2126 1895 re-

541 1932 798 1987 verentia
829 1944 895 1986 ac
944 1930 1126 2001 pietas
1176 1944 1307 2001 erga
1356 1928 1646 1997 Deumfet
1692 1930 1947 1993 amabilis
1993 1946 2125 2003 erga

544 2022 857 2093 proximum
885 2020 1141 2090 allectus,
1184 2021 1299 2078 illic
1337 2021 1708 2079 intermedius
1730 2023 1929 2079 borum
1960 2023 2123 2079 habi-

544 2123 619 2170 tat
645 2115 793 2171 Deus
817 2132 831 2168 :
854 2114 953 2169 ubi
992 2122 1179 2170 autem
1224 2112 1433 2170 invidia
1493 2130 1557 2169 ac
1595 2115 1738 2171 male
1768 2116 2038 2185 morigera
2067 2124 2127 2171 et

545 2207 925 2278 inobsequens
951 2206 1242 2278 subiectio,
1269 2205 1383 2262 illic
1412 2222 1445 2262 e
1491 2208 1716 2279 regione
1749 2204 1984 2262 ambitio
2030 2220 2123 2263 re-

538 2304 677 2364 gnat
717 2295 1128 2366 gloriainanis.
1159 2294 1524 2353 Commodum
1543 2297 1711 2353 fuerit
1738 2313 1802 2353 ac
1828 2296 1973 2366 frugi
2022 2311 2127 2353 nos

547 2387 831 2443 mordicus
857 2386 1001 2442 tueri
1039 2402 1104 2441 ac
1129 2389 1369 2455 retinere
1418 2387 1833 2460 simplicitatem
1872 2398 1929 2443 et
1958 2387 2122 2441 inno-

546 2480 806 2546 centiam,
830 2488 997 2550 atqne
1020 2480 1088 2534 ad
1124 2478 1393 2537 infantilis
1445 2480 1572 2536 vita:
1609 2480 1904 2536 formulam
1939 2493 2125 2536 mores

547 2572 863 2637 instituere,
889 2571 1096 2644 quibus
1119 2573 1460 2645 incomperta
1493 2582 1579 2629 est
1600 2590 1825 2644 prorsus
1873 2572 2125 2645 improba

547 2665 881 2736 malignitas,
927 2665 1185 2724 humanae
1218 2666 1346 2722 vita:
1386 2666 1662 2738 crpultrix
1695 2685 1709 2722 :
1740 2682 1922 2739 neque
1952 2668 2126 2723 simus

547 2757 843 2812 adversum
902 2772 1007 2813 nos
1065 2758 1296 2814 invecta:
1348 2759 1518 2814 ullius
1566 2759 1782 2830 injuriae
1831 2776 2124 2826 memores,

548 2863 660 2901 neu
719 2861 820 2918 per
871 2846 1141 2903 malitiam
1198 2849 1347 2919 leges
1384 2851 1812 2919 prmvaricemnr
1868 2868 1884 2905 :
1952 2853 2126 2923 magis

546 2946 732 2994 autem
756 2953 976 2995 omnem
1003 2939 1342 3008 deponamus
1379 2939 1675 3005 malitiam,
1729 2956 1946 2996 omnem
1979 2956 2125 2998 ama-

2227 1841 2323 1894 xal.
2348 1830 2554 1912 mm
2575 1840 2668 1896 τοῦ
2720 1841 2967 1913 πλησίον,
3002 1843 3121 1897 ἐκεῖ
3145 1842 3175 1896 6
3222 1841 3357 1906 Θεὸς
3374 1842 3526 1896 οἰκεῖ
3545 1842 3611 1895 ἑν
3664 1840 3819 1911 psam.»

2227 1930 2444 1987 αὐτῶν⁴
2494 1933 2630 1987 ὅπου
2660 1933 2719 1987 δὲ
2771 1933 2966 2003 φθόνος
2999 1932 3098 1989 καὶ
3131 1933 3500 2001 ἀνυποταεία.
3533 1934 3665 1986 ἐκεῖ
3698 1934 3732 1986 ὀ
3760 1931 3819 1997 ἐξ

2227 2010 2476 2089 ἐναντίας
2493 2024 2868 2097 ἐναϐρύνεται.
2889 2026 3069 2081 Καλόν
3088 2029 3237 2081 ἐστιν
3256 2028 3486 2099 κρατεῖν
3521 2026 3630 2097 τὴν
3651 2025 3819 2079 ἁπλᾶ·

2224 2128 2365 2187 τητα
2390 2116 2486 2171 καὶ
2510 2116 2609 2189 τὴν
2636 2117 2893 2191 ἀκακίαν,
2924 2119 3018 2172 καὶ
3048 2111 3188 2172 εἶναι
3210 2118 3287 2181 ὡς
3311 2119 3383 2172 τὰ
3417 2119 3603 2188 νήπια
3642 2117 3711 2171 τὰ
3745 2116 3817 2188 μὴ

2224 2209 2566 2278 γινώσκοντα
2582 2211 2688 2282 ,τὴν
2703 2196 2992 2284 πονηρίαν,
3015 2213 3117 2283 τὴν
3138 2211 3531 2267 ἀπολλύουσαν
3545 2212 3654 2284 τὴν
3669 2213 3818 2282 ζωὴν

2223 2303 2335 2357 τῶν
2390 2304 2724 2376 ἀνθρώπων·
2765 2307 2860 2360 καὶ
2905 2306 2981 2377 μὴ
3022 2304 3162 2361 εἶναι
3206 2307 3622 2376 μνησικάκους,
3676 2307 3815 2376 μήτε

2226 2396 2577 2469 παρανόμους
2620 2401 2689 2469 τῇ
2735 2399 2922 2471 κακίᾳ,
2971 2398 3084 2452 ἀλλ’
3109 2397 3409 2452 ἀποθέσθαι
3453 2398 3561 2461 τὰς
3592 2396 3813 2462 κακίας,

2200 2482 2321 2543 ’καὶ
2356 2489 2455 2554 τὰς
2478 2490 2764 2562 πονηρίας,
2791 2493 2887 2545 καὶ
2908 2490 3007 2550 τὰς
3036 2490 3261 2560 πικρίας
3292 2490 3394 2552 τὰς
3427 2489 3814 2559 παρανόμους,

2226 2581 2318 2636 καὶ
2346 2581 2600 2651 γενέσθαι
2632 2581 2691 2636 ἒν
2720 2582 2963 2653 πνεῦμα,
2990 2570 3086 2637 καὶ
3116 2582 3187 2636 τὰ
3215 2583 3475 2654 σχήματα
3504 2582 3581 2634 τὰ
3606 2576 3817 2650 πονηρᾶ

2225 2673 2546 2745 ἀνατρέψαι,
2573 2676 2722 2737 ὅπως
2753 2677 2791 2730 ὁ.
2832 2673 3037 2748 Κύριος
3086 2674 3190 2744 τῆς
3229 2676 3461 2744 εἰρήνης
3500 2672 3813 2742 κατοικήσῃ

2226 2766 2285 2822 ὲν
2319 2766 2510 2829 πᾶσιν,
2540 2767 2627 2820 ἵνα
2646 2769 2741 2822 καὶ
2771 2766 2834 2822 τὸ
2890 2767 3108 2838 πνεῦμα
3154 2767 3307 2834 ὑγιὲς
3333 2767 3598 2836 γένηται,
3627 2764 3813 2832 ὥσπερ

2226 2858 2360 2915 αὐτὸ
2380 2857 2572 2913 ἐλαϐεν
2605 2860 2634 2913 ὁ
2661 2857 2968 2929 ἄνθρωπος.
3008 2859 3134 2912 Ἐὰν
3172 2858 3282 2928 γάρ
3314 2876 3402 2921 τις
3434 2858 3649 2927 κναφεῖ
3668 2854 3812 2924 δὼς-ξι

2230 2947 2446 3016 ἱμάτιον
2474 2947 2661 3004 καινὸν
2698 2949 2793 3005 καὶ
2818 2947 2992 3018 ὑγιὲς,
3026 2947 3121 3001 καὶ
3174 2945 3336 3000 τοῦτο
3364 2946 3515 2999 θέλει
3550 2956 3553 2965 “
3579 2945 3812 3015 κομίσα-

550 3030 855 3087 ritudinetn
914 3031 1116 3088 divinae
1169 3032 1306 3103 legis
1359 3031 1888 3100 praevaricatricem,
1956 3035 2124 3104 inque

2230 3039 2371 3094 σθαι·
2395 3039 2423 3095 ὁ
2452 3042 2508 3096 δὲ
2529 3042 2768 3111 κναφεὺς
2791 3041 2983 3113 σχίσας
3002 3040 3064 3094 τὸ
3086 3040 3325 3112 ἱμάτιον,
3359 3037 3673 3101 ἀποδώσει,
3704 3031 3812 3107 ἄρα

551 3138 724 3179 unum
772 3123 1145 3180 coalescamns
1182 3123 1466 3195 spiritum,
1514 3123 1663 3178 omni
1705 3137 1932 3192 prorsus
1961 3138 1992 3179 a
2018 3141 2121 3180 no-

2231 3131 2464 3201 λήψεται
2492 3133 2623 3186 αὐτό
2643 3149 2658 3198 ;

548 3215 636 3271 bis
708 3215 937 3286 depulsa
985 3214 1360 3279 simulatione,
1428 3225 1702 3286 quatenus
1754 3212 1810 3270 in
1864 3216 2026 3271 nobis
2098 3220 2356 3293 dignetur
2432 3225 2683 3282 habitare
2743 3226 3015 3282 Dominus
3064 3225 3233 3296 pacis,
3279 3233 3343 3279 ut
3393 3223 3637 3295 Spiritus
3697 3222 3813 3292 ipse

551 3305 872 3371 revalescat,
938 3305 1183 3376 pristinae
1224 3305 1445 3361 sanitati
1497 3320 1661 3377 quam
1698 3307 1939 3377 gratuito
1988 3323 2305 3381 acceperat,
2366 3315 2423 3370 in
2460 3316 2733 3389 integrum
2786 3319 3098 3376 restitutus.
3153 3317 3212 3373 Si
3248 3316 3526 3388 quispiam
3561 3323 3810 3371 nostrum

547 3404 760 3450 vestem
813 3393 1029 3450 dederit
1065 3394 1285 3456 fulloni,
1344 3409 1543 3448 novam
1611 3396 1836 3466 quidem
1896 3398 2044 3453 illam
2101 3409 2265 3472 atque
2330 3405 2700 3474 incolumem;
2749 3417 2806 3464 et
2860 3409 3003 3466 hanc
3045 3423 3079 3463 a
3113 3408 3322 3464 fullone
3360 3409 3624 3478 recipere
3643 3408 3808 3471 velit,

555 3484 768 3579 1177
836 3483 1001 3579 fullo‘
1027 3490 1212 3579 autem
1266 3484 1312 3538 si
1362 3483 1703 3579 frustillatim
1764 3488 2040 3545 concisam
2097 3502 2151 3549 et
2207 3495 2500 3554 dissectam
2550 3498 2893 3568 reddiderit,
2950 3501 3098 3557 itane
3136 3500 3365 3573 (quasso)
3422 3502 3808 3573 accipieteam

554 3577 815 3633 dominus
865 3574 1070 3630 vestis?

629 3666 895 3738 Nunquid
926 3682 1037 3723 non
1070 3681 1196 3722 cum
1238 3667 1333 3723 illo
1372 3669 1695 3725 veiitaribus
1726 3671 1914 3727 verbis
1944 3673 2129 3728 deliti-

551 3759 736 3831 gabit,
768 3746 1031 3830 vitioque
1069 3759 1150 3814 illi
1204 3769 1422 3826 vertet,
1461 3761 1696 3818 dicens:
1724 3764 2127 3821 Vestimentnm

552 3852 682 3909 dedi
727 3852 785 3909 in
824 3869 1021 3909 manus
1050 3861 1171 3908 tuas
1213 3869 1408 3909 sanum
1458 3865 1516 3911 et
1553 3856 1854 3923 incolume,
1889 3859 2021 3927 quid
2052 3859 2128 3914 ita

551 3946 734 4001 lacere
763 3944 1084 4007 coneidisti.
1125 3951 1186 4000 ut
1227 3946 1505 4018 nulli-jam
1544 3949 1671 4003 usui
1709 3950 2126 4004 accommodum

553 4037 858 4095 redderes?
900 4037 1059 4105 Quod
1106 4038 1150 4094 si
1194 4055 1339 4094 unus
1373 4038 1576 4110 aliquis
1607 4056 1709 4110 pro
1753 4041 2130 4113 qualicunque
2164 4030 2171 4033 Α

550 4130 906 4194 vestimento,
956 4128 1021 4184 ad
1065 4144 1191 4184 eum
1243 4130 1465 4184 modum
1526 4128 1766 4187 mcerore
1804 4131 2123 4200 conficitur,

552 4238 843 4294 pugnaque
884 4222 1101 4276 velitari
1146 4221 1457 4283 contendit,
1510 4222 1639 4290 quia
1679 4220 1790 4278 neu
1849 4222 2126 4295 integrum

554 4315 796 4385 recipit:
829 4322 1097 4385 quantum
1152 4329 1254 4369 nos
1297 4313 1549 4371 adituros
1591 4315 1851 4387 supplicii
1902 4332 2001 4387 par
2039 4326 2126 4371 cst

552 4405 805 4472 credere,
838 4404 1022 4461 ultorc
1057 4404 1313 4470 Domino,
1346 4405 1442 4475 qui
1489 4420 1616 4459 cum
1655 4406 1916 4475 spiritum
1967 4419 2129 4460 acce-

552 4498 799 4568 perimus
816 4496 962 4552 nulla
990 4505 1219 4568 contage
1234 4496 1548 4553 decolorcm
1578 4496 1674 4552 sed
1708 4513 1924 4563 sanum,
1948 4495 2128 4567 ipsum

554 4605 795 4646 moerere
843 4589 1098 4652 fecimus,
1147 4588 1410 4660 quodque
1457 4576 1628 4644 vitam
1687 4588 1831 4663 hanc
1884 4596 2131 4646 nostram

556 4686 741 4742 minus
788 4686 1208 4757 composuimus
1257 4686 1534 4758 religiose,
1575 4685 1924 4745 reddidimus
1961 4686 2133 4741 inuti-

556 4781 663 4835 lem
685 4779 826 4835 adeo
849 4787 908 4834 ut
926 4779 1064 4837 nulli
1090 4780 1203 4851 jam
1240 4779 1505 4835 usuiesse
1547 4779 1720 4850 possit
1739 4779 1967 4834 domino
1997 4779 2134 4834 suo?

557 4870 701 4927 Usus
751 4872 900 4927 enim
952 4871 1070 4941 ipse
1129 4871 1361 4941 spiritus
1412 4872 1610 4933 nostri.
1657 4880 1850 4927 nostra
1884 4887 2134 4942 ipsorum

558 4966 718 5036 culpa
764 4963 1022 5035 deperiit.
1076 4964 1215 5020 Dum
1248 4965 1397 5021 enim
1429 4965 1510 5021 sic
1551 4980 1649 5036 per
1696 4965 2135 5026 contentionem,

560 5058 764 5123 zelum,
810 5065 867 5113 et
900 5055 1255 5112 omnifariam
1296 5056 1646 5127 iniquitatem
1688 5056 1858 5112 vitam
1895 5055 2138 5117 traduci,-

560 5136 705 5210 mus.
731 5149 924 5219 utique
945 5148 1082 5203 nulli
1108 5148 1406 5204 obscurum
1434 5156 1542 5213 est,
1572 5147 1707 5218 quin
1733 5147 1837 5218 ipsi
1861 5147 2138 5202 nobismet

560 5238 706 5311 apud
739 5237 1034 5294 Dominum
1056 5239 1421 5296 conciliemus
1452 5239 1613 5300 iram.
1637 5240 1878 5309 denique
1910 5249 1963 5294 ct
1992 5255 2141 5294 mor-

564 5343 694 5388 tem.
728 5332 900 5389 Multo
929 5332 1099 5405 igitur
1124 5333 1197 5388 sit
1230 5331 1600 5413 praestabilius
1625 5330 1824 5402 degere
1849 5346 1972 5385 cum
2001 5347 2137 5401 pau-

563 5425 647 5481 cis
675 5426 771 5496 qui
820 5426 1126 5504 bonisint,
1165 5441 1330 5495 quam
1375 5438 1497 5478 cum
1532 5423 1727 5478 crebra
1782 5422 2137 5478 multitudine

566 5518 869 5588 inutilium,
900 5528 1042 5574 utet
1072 5518 1273 5573 divinat
1302 5516 1651 5573 tradiderunt
1698 5513 2017 5584 Scriptum.
2049 5514 2140 5568 Ait

564 5609 714 5663 cnim
745 5609 1134 5665 Parccmiastcs
1166 5627 1179 5663 :
1212 5629 1229 5662 ε
1250 5608 1329 5665 Nc
1367 5606 1654 5663 desideres
1684 5622 1807 5661 esse
1839 5620 1964 5659 cum
1998 5605 2136 5657 mul-

648 5786 710 5839 ⁸1
740 5788 875 5861 licg.
911 5804 1026 5858 tm,
1055 5793 1108 5847 7.

2304 3676 2438 3745 Οὐχὶ
2473 3677 2799 3747 μαχήσεται,
2831 3679 2927 3732 καὶ¹
2962 3667 3407 3751 ﬁgmentis.wa
3440 3682 3620 3753 αὐτῷ·
3657 3684 3807 3755 Ἱμέ-

2229 3766 2342 3818 τιόν
2374 3782 2457 3820 σοι
2493 3768 2645 3835 ὑγιὲς
2682 3768 2879 3833 ἔδωκα,
2916 3769 3007 3822 διὰ
3044 3770 3095 3823 τί
3139 3771 3272 3825 αὐτὸ
3312 3772 3564 3841 ἑσχισας,
3597 3775 3695 3827 καὶ
3721 3791 3809 3827 πε-

2232 3858 2464 3929 ποίηκας
2496 3859 2808 3930 ἄχρηστον;
2836 3863 2898 3915 Εἰ
2936 3857 3030 3915 οὖν
3062 3862 3236 3926 οὕτως
3281 3863 3415 3934 περὶ
3462 3866 3685 3933 ἱματίου
3721 3868 3806 3921 λυ-

2233 3951 2413 4004 πεῖταί
2439 3968 2520 4015 τις
2554 3953 2648 4005 καὶ
2689 3952 2944 4027 μάχεται,
2968 3954 3052 4007 ὅτι
3085 3955 3187 4007 οὐκ
3230 3955 3537 4024 ἀπείληφεν
3568 3958 3726 4025 ὑγιὲς
3756 3960 3811 4013 τὲ

2234 4043 2470 4112 ἱμάτιον,
2503 4043 2559 4096 τί
2588 4043 2857 4115 δοκοῦμεν
2882 4047 3045 4115 ἡμεῖς
3077 4046 3269 4100 παθεῖν
3310 4048 3416 4101 ὑπὸ
3443 4048 3541 4103 τοῦ
3576 4052 3810 4121 Κυρίου,

2233 4137 2293 4189 τὸ
2327 4134 2546 4211 πνεῦμα
2574 4136 2831 4199 λαϐόντες
2877 4137 3048 4205 ὑγιὲς,
3108 4140 3207 4192 καὶ
3246 4140 3403 4193 τοῦτο
3437 4129 3810 4211 λυτξήσαντες,

2231 4228 2325 4281 καὶ
2373 4226 2797 4298 ἀχρειώσαντες.
2836 4229 2911 4298 μὴ
2965 4231 3023 4282 ἐν
3071 4229 3372 4300 σεμνότητι,
3409 4232 3807 4303 πολιτευσάμε-

2229 4336 2339 4382 νοι;
2374 4319 2468 4372 καὶ
2498 4321 2573 4382 είς
2594 4319 2851 4389 οὐδεμίαν
2881 4320 3078 4391 χρῆσιν
3107 4320 3331 4374 δύναται
3359 4317 3501 4374 εἶναι
3520 4322 3605 4393 τῷ
3626 4325 3810 4395 Κυρίῳ

2235 4410 2465 4477 Ean-toﬁ;
2507 4411 2573 4465 Ἦ
2619 4411 2728 4483 γὰρ
2779 4414 2976 4482 χρῆσις
3022 4412 3115 4466 τοῦ
3164 4413 3475 4485 πνεύματος
3523 4416 3622 4485 ὑφ’
3655 4417 3809 4487 ἡμῶν

2239 4502 2577 4574 κατεφθάρη.
2612 4503 2704 4574 Τῷ
2739 4503 2850 4575 γὰρ
2890 4505 2949 4556 ὲν
2991 4503 3151 4574 ἔριδι,
3181 4505 3279 4558 καὶ
3317 4505 3485 4575 ζήλῳ,
3525 4508 3627 4560 καὶ
3664 4508 3811 4579 πάθει

2167 4628 2212 4687 D
2240 4596 2442 4668 ἀνομίᾳ
2485 4596 2717 4665 διάγειν,
2775 4596 3011 4668 φανερὸν
3055 4599 3139 4652 ὃτι
3190 4597 3363 4669 ὀργὴν
3422 4600 3519 4654 καὶ
3581 4601 3811 4656 θάνατον

2238 4687 2391 4759 παρὰ
2418 4687 2625 4759 Κυρίου
2654 4689 2869 4752 ἑαυτοῖς
2890 4689 3247 4761 ἐπιφέρομεν.
3284 4708 3303 4740 ε
3322 4689 3704 4762 Δίρετώτερον
3723 4690 3815 4747 οὖν

2231 4779 2348 4832 ἔστι
2398 4778 2541 4849 μετά
2582 4777 2783 4847 ὀλίγων
2823 4778 3011 4833 καλῶν
3055 4779 3282 4847 διάγειν.
3315 4781 3349 4851 ἢ
3387 4781 3530 4851 μετά
3576 4784 3814 4853 πλήθους

2232 4870 2547 4941 ἀχρήστων,
2585 4870 2636 4924 εί
2693 4870 2768 4942 μή
2824 4870 2942 4924 ἐστι
2975 4861 3145 4939 ’φόϐος
3184 4872 3395 4941 Κυρίου
3450 4875 3577 4943 μετ’
3611 4874 3812 4928 αὐτῶν.

2235 4962 2523 5030 Κρείσσων
2563 4962 2672 5031 γὰρ
2701 4957 2783 5024 εἷς
2815 4961 3047 5028 δίκαιος,
3083 4961 3304 5039 ῆλίλιοι
3334 4963 3683 5034 ἁμαρτωλοί.
3728 4965 3815 5018 Ἕν

2237 5055 2535 5124 Συναγωγῇ
2569 5054 2676 5122 γὰρ
2707 5053 3047 5124 ἁμαρτωλῶν
3072 5053 3482 5127 ἐκκαυθήσεται
3508 5055 3650 5127 πῦρ.
3682 5058 3813 5117 Καὶ,

2243 5147 2291 5196 εἰ
2380 5143 2879 5216 σκληροτράχηλος,
2913 5144 3228 5216 θαυμαστὸν
3258 5145 3439 5212 τοῦτο,
3472 5148 3523 5200 si
3553 5147 3812 5217 ἀθωωθήο

2243 5252 2428 5288 σεται·
2461 5234 2608 5300 ἔλεος
2631 5236 2740 5306 γὰρ
2773 5235 2870 5289 καὶ
2897 5235 3036 5306 ὀργὴ
3074 5235 3228 5308 παρά
3256 5237 3490 5309 Κυρίου,
3521 5257 3541 5290 ι
3582 5240 3692 5294 Καὶ
3723 5240 3813 5293 ἀλ-

2240 5325 2349 5388 λος·
2387 5346 2404 5377 ι
2435 5326 2526 5396 Mi;
2555 5325 2812 5398 ὲπιθύμει
2841 5325 3040 5396 πλῆθος
3080 5327 3375 5396 ἀχρήστων
3396 5343 3410 5357 ·
3450 5330 3547 5383 ὲάν
3584 5330 3811 5401 πληθυν-

2242 5418 2428 5480 οὧσ.ν,
2482 5419 2555 5487 μὴ
2593 5418 2886 5487 ε’)φραίνου
2924 5418 3011 5470 ἐπ’
3060 5418 3262 5481 αὐτοῖς,
3297 5421 3346 5471 εξ
3381 5421 3457 5489 μή
3509 5421 3631 5473 ἐστι
3660 5421 3809 5490 φὲὁο;

2243 5512 2447 5578 Κυρίου
2480 5510 2597 5579 μετ’
2635 5510 2832 5561 αὐτῶν.
2862 5509 2953 5575 Μὴ
2985 5508 3359 5581 ἑμπιστεύσῃς
3375 5513 3443 5580 τῇ
3478 5512 3595 5582 ζωῇ
3620 5512 3807 5566 αὑτῶν

2244 5604 2520 5668 στενάζεις
2553 5604 2661 5670 γὰρ
2693 5602 2879 5655 πένθει
2910 5601 3095 5674 ἀώρῳ·
3141 5604 3433 5675 κρείσσων
3482 5604 3594 5677 γάρ
3632 5597 3708 5667 δέ
3736 5601 3802 5660 δί’

1195 5792 1312 5834 'tL‘2
1340 5789 1527 5846 Matth.
1558 5806 1649 5857 xu,
1684 5792 1883 5860 6349;
1935 5790 2103 5846 Μᾶτε-

2248 5784 2453 5851 52·3ί;
2508 5784 2641 5838 Luc.
2669 5797 2785 5851 vui,
2829 5779 3013 5836 ‘20-‘31.
