4014 6310
176 288 309 360 1725

987 296 1319 390 bonum
1353 297 1550 369 xcvi.
1576 331 1622 342 --
1671 307 1770 367 DE
1810 258 2268 366 DILiEC'l‘lONE
2303 305 2658 368 PROXIMI.

3278 301 3416 371 1726

171 413 332 469 λαϐού
343 435 448 488 μην
473 415 579 474 ἀπὸ
611 423 901 494 προσώπου
930 429 1110 498 χειρός
1141 445 1257 492 σου,
1283 430 1378 483 καὶ
1405 429 1546 482 κατά
1569 428 1730 498 μόνας

1848 427 1949 481 stri
1984 425 2144 482 istius
2172 426 2444 480 iucolatus
2466 426 2603 481 dies.
2635 425 2746 480 Nos
2767 423 2938 494 ipsos,
2968 440 3173 494 quaeso,
3207 427 3415 482 charis—

170 509 476 581 ἐκαθήμην,
509 515 589 567 ὅτι
611 517 839 588 πικρίας
871 518 1174 590 ὲπλήσθην.
1220 538 1239 570 ι
1277 520 1336 572 Ὀ
1365 519 1420 572 δὲ
1461 519 1736 582 Ἰάκωϐος,

168 605 230 656 οὗ
265 606 424 673 μόνον
449 606 510 658 τὸ
539 605 704 676 γελᾷν
738 609 1057 678 ἀποτρέπει,
1095 608 1228 662 ἀλλὰ
1261 609 1353 661 καὶ
1387 608 1594 662 κλαίειν
1621 610 1740 660 ἐπι·-

173 695 351 762 μελῶς
380 697 472 748 καὶ
504 696 789 762 ὀλολύζειν
825 699 1174 769 προστάττει.
1219 717 1236 750 ι
1264 699 1738 768 Ταλαιπωρήσατε

168 787 297 853 γάρ,
336 787 518 855 φησὶν,
550 788 643 839 καὶ
673 788 946 842 κλαύσατε
969 803 981 817 ⁸
1000 791 1028 842 ὁ
1050 789 1222 855 γέλως
1262 788 1414 858 ὑμῶν
1440 791 1519 850 εἰς
1546 788 1739 850 πένθος

172 879 631 948 μεταστραφήτω,
659 881 754 932 καὶ
785 882 818 949 ἡ
858 879 1002 951 χαρὰ
1035 883 1115 943 εἰς
1145 883 1468 951 κατήφειαν.
1510 881 1600 934 Ἐν
1629 879 1738 952 γὰρ

168 967 366 1033 γέλωτι
388 969 578 1037 ἄφρων
599 971 837 1040 πράσσει
869 972 1017 1026 κακά
1041 988 1056 1001 ⁸
1089 974 1122 1043 ή
1157 972 1213 1024 δὲ
1250 973 1410 1041 σοφία
1439 973 1613 1028 τίκτει
1640 974 1736 1026 ἁν-

166 1058 351 1126 δρείαν
381 1062 472 1112 καὶ
517 1060 800 1130 φρόνησιν.
828 1079 847 1114 ι
887 1061 1179 1132 Γενὼμεθα
1201 1057 1313 1128 οὖν,
1343 1062 1580 1132 ἀδελφοὶ,
1608 1062 1741 1133 φρόια

165 1165 330 1218 νιμοι,
385 1150 819 1218 ἀποστυγοῦντες
864 1152 958 1206 τὸν
989 1153 1200 1224 ἄφρονα
1251 1153 1484 1222 γέλωτα,
1519 1155 1608 1206 ἵνα
1661 1151 1737 1224 μὴ

164 1241 513 1314 παραπέμψῃ
581 1245 734 1312 ἡμᾶς
781 1246 849 1314 τῇ
911 1244 1105 1316 αἰωνίᾳ
1161 1245 1403 1310 κολάσει,
1437 1245 1578 1300 κατὰ
1636 1245 1735 1317 τὴν

161 1331 435 1400 ἀπόφασιν
459 1334 684 1404 Κυρίου,
714 1335 813 1406 τὴν
843 1334 1132 1403 λέγουσανο
1170 1356 1189 1389 ι
1219 1338 1356 1391 Οὐαὶ
1385 1339 1436 1391 οι
1465 1337 1734 1406 γελῶντες

161 1421 276 1485 νῦν,
305 1423 384 1476 ὅτι
423 1424 578 1477 αὐτοὶ
610 1425 935 1479 κλαύσονται
962 1427 1058 1478 καὶ
1085 1427 1470 1495 πενθήσουσιν.
1501 1446 1520 1480 ι
1571 1426 1730 1482 Ἀλλά
1769 1481 1774 1486 .

163 1512 363 1580 μᾶλλον
401 1514 795 1586 ἐπαινεθῶμεν,
827 1516 1120 1582 ἀκούοντες
1145 1519 1298 1587 παρὰ
1324 1519 1418 1573 τοῦ
1451 1520 1723 1589 Σωτῆρος,

165 1621 184 1654 ι
209 1605 486 1678 Μακάριοι
513 1608 562 1659 οἱ
592 1607 936 1672 πενθοῦντες.
964 1611 1047 1663 ὅτι
1082 1610 1237 1663 αὐτοὶ
1269 1610 1725 1682 παρακληθήσον-

155 1709 262 1750 ται.
292 1713 312 1746 ι
344 1697 506 1768 Αὐτῷ
529 1700 560 1768 ἡ
584 1699 711 1763 δόξα
735 1701 817 1763 είς
843 1702 970 1765 τοὺς
1003 1701 1229 1765 αίῶνας.
1269 1703 1461 1773 Ἀμήν.

1842 516 1988 581 simi,
2033 516 2285 586 pervigili
2322 514 2573 570 custodia
2619 530 2925 578 servemus,
2965 530 3033 568 ne
3085 517 3260 570 hostis
3314 534 3416 572 nos

1841 605 2152 676 intercipiat
2171 607 2416 660 irretitos
2437 604 2805 675 intempestivi
2833 605 2974 659 risus
2995 605 3226 674 laqueis.
3241 606 3414 672 Quam

1841 699 2043 752 multas
2082 697 2506 766 intempestivus
2552 696 2641 749 hic
2681 697 2824 751 risus
2861 712 2927 750 ex
2972 713 3030 750 se
3063 697 3208 765 parit
3256 697 3413 751 indc-

1840 804 1998 843 coras
2022 803 2269 857 prorsus,
2298 789 2408 841 imo
2446 787 2750 841 diabolicae
2790 787 2987 840 anima:
3039 787 3413 856 perturbatio-

1841 890 1978 934 nes:
2013 881 2176 949 plane
2223 879 2369 933 risus
2417 878 2546 932 talis
2595 877 3030 947 imprudentium
3079 887 3201 931 est:
3231 880 3414 933 verius

1839 971 2072 1029 dixerim
2097 1011 2110 1036 ,
2163 971 2457 1028 stultorum
2507 985 2570 1024 ac
2613 979 2797 1024 mente
2836 977 3124 1038 captorum
3149 1012 3163 1030 ,
3193 970 3249 1023 in
3278 986 3412 1024 con-

1841 1062 2096 1117 tubernio
2142 1062 2424 1131 lupanaris
2460 1060 2845 1116 scortantium.
2887 1060 2968 1115 οι)
3001 1061 3107 1114 hoc
3145 1061 3410 1130 scriptqu

1838 1163 1924 1209 est
1968 1169 2078 1208 non
2127 1153 2444 1209 convenire
2481 1154 2653 1209 stulto
2688 1153 2991 1214 delicias",
3047 1160 3106 1206 ut
3149 1167 3217 1206 ne
3281 1154 3414 1208 hinc

1841 1253 2022 1300 sumat
2051 1245 2268 1299 animos
2291 1284 2306 1306 ,
2358 1260 2528 1313 seque
2584 1244 2778 1299 eﬂ‘erat
2807 1244 3184 1313 impotentius,
3215 1260 3414 1314 quem-

1841 1336 2138 1392 admodum
2171 1337 2263 1393 ille
2296 1337 2425 1390 olim
2471 1337 2708 1407 populus
2749 1336 3029 1405 profectus
3074 1353 3140 1390 ex
3159 1336 3411 1409 Egypto.

1836 1428 2068 1485 Utenim
2096 1429 2482 1500 primumjugo
2501 1428 2880 1499 Egyptiorum
2900 1429 3232 1499 emancipati
3261 1411 3411 1493 sunt,

1832 1519 2208 1589 videruntque
2252 1520 2525 1574 tumulum
2549 1519 2606 1572 in
2641 1520 2806 1573 altam
2837 1519 3156 1588 voraginem
3189 1518 3416 1587 depres-

1830 1627 1951 1666 sum
1973 1613 2081 1666 sibi
2105 1621 2292 1682 patere
2316 1619 2479 1667 :tunc
2495 1612 2559 1666 ad
2584 1611 2956 1666 idololatriam
2979 1609 3233 1664 conversi
3259 1619 3410 1663 sunt.

1768 1697 1807 1750 Β
1834 1703 2089 1774 Trajecto
2112 1706 2258 1758 enim
2284 1705 2447 1768 mari,
2471 1715 2598 1758 cum
2621 1703 2760 1757 nihil
2791 1702 2897 1756 sibi
2925 1701 3180 1755 viderent
3203 1701 3385 1768 itnpen

156 1784 286 1846 dere
311 1787 426 1856 jam
455 1787 712 1858 periculi,
743 1789 908 1856 simul
935 1798 1101 1859 atque
1132 1791 1436 1860 attigerunt
1461 1797 1689 1856 terram,
1725 1791 2032 1862 nauiragati
2068 1802 2200 1847 sunt
2223 1792 2289 1846 ’⁸.
2311 1791 2468 1847 Tune
2491 1793 2860 1863 impegeruut,
2887 1806 3011 1844 eum
3039 1789 3192 1859 prius
3214 1790 3412 1858 lugen-

156 1885 238 1932 tes
268 1881 717 1948 promeruissent
747 1881 881 1952 jugo
917 1881 1085 1936 eximi
1135 1897 1337 1937 amara:
1379 1882 1689 1938 servitutis.
1724 1882 1960 1939 Pulchre
2008 1884 2178 1954 igitur
2208 1884 2285 1938 ait
2309 1884 2695 1938 Parmmiastes
2727 1900 2740 1935 :
2775 1901 2800 1933 ‹⁴
2823 1883 2986 1936 Risus
3021 1881 3317 1936 stultorum
3354 1881 3410 1936 in

153 1968 372 2026 deliciis
398 1974 612 2042 peccati
636 1975 732 2027 ".t
759 1974 965 2029 Iterum
985 1993 998 2028 :
1022 1995 1040 2028 ι
1065 1976 1280 2031 Stultus
1307 1977 1365 2030 in
1398 1977 1512 2032 risu
1540 1979 1746 2033 exaltat
1773 1995 1966 2034 vocem
1991 1980 2270 2044 suam,vir
2298 1987 2483 2032 autem
2516 1985 2737 2033 astutus
2770 1978 2859 2031 vix
2897 1977 3061 2031 tacite
3083 1976 3403 2035 ridebit'ﬂ».

153 2063 351 2119 lterum
383 2083 396 2119 :
427 2085 444 2118 ι
467 2066 572 2132 Qui
613 2068 670 2122 in
709 2068 926 2124 deliciis
956 2070 1206 2126 nutritur
1237 2087 1267 2124 a
1295 2073 1532 2141 pueritia
1570 2088 1768 2129 servus
1805 2075 1912 2128 erit
1947 2094 1957 2127 :
1992 2074 2047 2128 in
2084 2073 2388 2127 novissimo
2419 2083 2604 2126 autem
2636 2073 2848 2126 dolebit
2873 2087 3042 2141 super
3070 2086 3128 2125 se
3158 2072 3226 2126 “.
3263 2090 3280 2122 ι
3318 2069 3408 2123 ln-

152 2161 304 2218 ducit
332 2181 346 2216 :
395 2183 414 2216 ι
447 2165 611 2232 Quasi
637 2181 741 2220 vox
778 2168 1061 2236 spinarum
1101 2167 1206 2222 sub
1239 2166 1456 2235 lebete',
1487 2169 1560 2223 ita
1587 2171 1752 2224 ~risus
1788 2171 2086 2224 stultorum
2112 2171 2179 2222 ³⁸.
2209 2169 2370 2224 ι’Νοε
2401 2169 2569 2239 igitur
2592 2185 2716 2223 cum
2759 2169 2921 2222 beato
2958 2167 3060 2222 Job
3106 2167 3359 2221 dicamus
3389 2184 3403 2220 :

158 2276 174 2308 ι
195 2255 349 2323 Quod
386 2259 432 2312 si
467 2259 790 2314 incedebam
821 2277 947 2316 cum
983 2259 1352 2325 derisoribus,
1383 2263 1716 2331 qumotristia
1749 2276 1900 2324 sunt.
1923 2263 2247 2332 contingant
2277 2261 2408 2353 mihi
2429 2261 2494 2315 ³³.
2518 2280 2535 2311 ι
2571 2254 2779 2315 Etcum
2803 2261 3046 2315 Jeremia
3073 2277 3085 2312 :
3111 2279 3129 2311 ι
3151 2259 3404 2314 Βοωὶιιοο

152 2361 261 2406 non
296 2351 415 2406 sedi
439 2365 564 2406 cum
589 2354 826 2408 concilio
857 2354 1194 2422 ludentium,
1227 2355 1323 2411 sed
1359 2355 1518 2410 timui
1553 2370 1583 2409 a
1620 2354 1760 2409 faeie
1803 2370 2001 2408 manus
2050 2365 2158 2408 tuae
2184 2371 2196 2405 :
2223 2351 2457 2408 seorsim
2497 2353 2778 2417 sedebam,
2839 2353 2970 2421 quia
3035 2351 3407 2416 amaritudine

153 2443 398 2510 repletus
414 2457 538 2496 sum
561 2443 624 2497 “.
654 2462 671 2493 ι
702 2443 944 2498 Iacobus
968 2443 1096 2498 item
1122 2460 1234 2498 non
1273 2460 1304 2499 a
1335 2445 1450 2498 risu
1485 2436 1648 2498 modo
1681 2444 1954 2498 absterret
1983 2459 2107 2509 nos,
2142 2442 2242 2498 sed
2286 2451 2340 2495 et
2366 2452 2426 2496 ut
2475 2440 2704 2496 ﬂeamus
2736 2440 2931 2495 sedulo
2962 2439 3208 2503 mandat,
3240 2449 3406 2508 atque

150 2535 464 2605 ejulemus:
510 2537 724 2606 1180
761 2537 990 2592 «Miseri
1044 2546 1224 2593 estote
1273 2545 1332 2593 et
1377 2539 1622 2608 plorate,
1662 2537 1760 2591 ait.
1811 2537 1979 2592 Risus
2033 2545 2222 2592 vester
2261 2537 2318 2590 in
2360 2536 2571 2590 luctum
2631 2542 3008 2594 convertatur,
3049 2541 3105 2588 et
3143 2533 3405 2602 gaudium

149 2637 394 2683 vestrum
425 2627 480 2681 in
505 2643 796 2684 maerorem
819 2629 884 2682 ³⁸.
909 2629 967 2684 ln
997 2630 1110 2685 risu
1130 2630 1277 2685 enim
1298 2631 1502 2685 stultus
1531 2640 1794 2700 operatur
1821 2631 1998 2685 mala:
2025 2629 2297 2700 sapientia
2331 2640 2515 2684 autem
2538 2628 2912 2698 paritvirilem
2931 2627 3281 2697 prudentiam
3302 2627 3398 2682 ³⁸.»

151 2717 337 2788 Itaque
364 2761 378 2785 ,
405 2719 606 2776 fratres
639 2721 874 2776 studiosi
906 2722 1214 2792 prudentia:
1250 2723 1482 2777 stultum
1525 2721 1676 2777 hunc
1719 2721 2006 2777 oderimus
2049 2722 2246 2787 riSum,
2279 2737 2347 2776 ne
2383 2737 2485 2776 nos
2521 2721 2743 2775 demum
2795 2719 3138 2774 transmittat
3169 2734 3232 2772 ac
3262 2733 3404 2787 pne-

151 2812 339 2880 cipitet
361 2813 420 2866 in
451 2820 718 2867 aeternum
762 2813 895 2868 illud
931 2815 1289 2884 supplicium,
1313 2816 1468 2886 juxta
1499 2815 1845 2869 Dominicam
1876 2813 2210 2870 sententiam
2245 2830 2259 2866 :
2303 2814 2451 2888 «γε,
2479 2812 2682 2881 inquit,
2717 2811 2811 2893 qui
2843 2811 3026 2866 rident
3056 2825 3226 2871 nunc,
3271 2809 3405 2868 quia

151 2903 362 2962 ﬂebunt
414 2917 474 2963 et
497 2908 848 2978 lugebant".
879 2928 897 2959 ›
929 2909 1072 2975 Quin
1110 2910 1222 2964 imo
1252 2920 1533 2968 strenuam
1563 2911 1763 2965 demus
1782 2924 2032 2978 operam,
2065 2917 2128 2963 ut
2167 2907 2455 2963 Dominiea
2485 2906 2709 2962 tandem
2742 2920 2875 2960 voce
2918 2904 3208 2959 laudemur
3237 2912 3406 2974 atque

152 3000 444 3055 audiamus
470 3015 514 3052 ε(
545 2999 698 3054 Beati
726 2999 820 3069 qui
849 2999 1060 3069 lugent,
1092 3000 1355 3069 quoniam
1379 3000 1482 3070 ipsi
1510 2998 2057 3054 consolabuntur”.i
2104 2997 2211 3067 Ipsi
2236 2998 2409 3067 gloria
2445 2997 2502 3050 in
2533 2996 2753 3050 saecula.
2790 2994 2986 3048 Amen.

733 3111 953 3164 ΛΟΓΟΣ
990 3110 1124 3178 ις’.

429 3220 568 3294 Περὶ
602 3223 708 3278 τοῦ
735 3222 979 3296 ἀγαπᾷν
1013 3222 1120 3278 τὸν
1143 3223 1432 3290 πλησίον.

231 3341 287 3395 '0
317 3339 550 3410 ἀγαπῶν
585 3337 677 3391 τὸν
715 3335 964 3408 πλησίον,
1012 3335 1230 3406 μακράν
1279 3337 1430 3389 ἐστιν
1473 3334 1582 3389 ἀπὸ
1620 3335 1726 3390 πά-

151 3448 248 3503 σης
279 3430 579 3503 ἁμαρτίας.
597 3430 754 3484 Πᾶσα
781 3427 891 3498 γὰρ
922 3429 1112 3497 Γραφὴ
1135 3427 1352 3481 ⁴’παλαιά
1380 3444 1462 3491 τε,
1485 3428 1580 3488 καὶ
1605 3428 1720 3494 νέα,

151 3525 306 3577 τοῦτο
341 3525 476 3594 ἡμῖν
517 3520 978 3592 παρακελεύεται,
1011 3523 1072 3574 τὸ
1115 3540 1132 3572 ι
1169 3520 1417 3589 Ἀγαπᾷν
1460 3519 1554 3571 τὸν
1589 3515 1724 3588 πλη-

153 3615 266 3669 σίον
291 3616 365 3679 ὠς
395 3614 610 3668 ἑαυτόν.
633 3632 652 3665 ι
683 3612 952 3683 Δευτέραν
967 3612 1075 3681 γὰρ
1101 3611 1271 3680 αὐτὴν
1301 3611 1439 3679 μετὰ
1459 3610 1556 3680 τὴν
1585 3611 1724 3681 πρὸς

151 3707 280 3762 Θεὸν
309 3708 535 3776 ἀγάπην
565 3709 593 3760 ὁ
625 3705 833 3775 Κύριος
863 3704 1082 3774 ἐντολὴν
1105 3701 1389 3766 ἀπέδειξεν
1417 3704 1482 3754 ὲκ
1516 3701 1610 3754 τοῦ
1639 3701 1724 3754 v6-

154 3817 254 3869 μου
287 3797 453 3854 εἶναι.
485 3798 649 3852 Ὅθεν
678 3797 839 3850 τοῦτο
890 3796 1081 3865 σαφῶς
1137 3797 1504 3862 ἐπιστάμενος
1541 3792 1724 3846 Ἰωνά-

151 3890 250 3943 θαν
277 3889 304 3941 ό
336 3885 468 3950 Υἱὸς
499 3885 694 3952 Σαοὺλ,
731 3886 1020 3956 ἠγάπησεν
1057 3883 1149 3938 τὸν
1177 3882 1340 3936 Δαυτδ
1386 3882 1724 3952 είλικρινῶς,
1769 3923 1773 3927 .

152 3977 290 4050 ὑπὲρ
317 3977 600 4045 ἀγάπησιν
643 3975 925 4043 γυναικός.
961 3973 1247 4044 Κρείσσων
1279 3971 1388 4041 γὰρ
1424 3971 1596 4042 μικρὰ
1631 3989 1726 4042 με·

156 4070 236 4137 ρἰς
303 4065 448 4138 μετά
502 4064 668 4135 φόϐου
705 4063 937 4134 Κυρίου,
968 4062 1002 4134 ἢ
1041 4061 1305 4133 θησαυροὶ
1338 4062 1563 4132 μεγάλοι
1595 4064 1727 4130 ἀφο-

151 4160 292 4222 ϐίας·
325 4161 443 4224 καὶ,
471 4157 757 4228 Κρείσσων
801 4155 1055 4224 ξενισμὸς
1083 4155 1336 4224 λαχάνων
1368 4153 1506 4224 πρὸς
1540 4153 1724 4222 φιλίαν

150 4251 244 4304 καὶ
280 4251 462 4320 χάριν,
511 4248 544 4320 ἢ
597 4249 796 4319 μόσχος
833 4246 973 4316 μετά
1007 4245 1229 4316 ἔχθρας,
1271 4245 1414 4298 κατά
1457 4246 1557 4316 τὴν
1587 4245 1724 4314 Γρα-

150 4342 275 4410 φήν.
319 4341 431 4393 Καὶ
495 4341 677 4405 πάλιν,
742 4339 1029 4410 Κρείσσων
1075 4337 1230 4407 ὀλίγη
1264 4336 1424 4408 λῆψις
1471 4337 1610 4404 μετὰ
1646 4337 1726 4391 δι-

149 4433 483 4501 καιοσύνης.
535 4431 568 4501 ἢ
621 4431 794 4486 πολλὰ
855 4431 1172 4500 γεννήματα

155 4539 172 4573 ι
199 4522 488 4592 Κρείσσων
524 4521 718 4590 ψωμὸς
751 4521 873 4591 μεθ’
902 4520 1102 4590 ἡδονῆς
1146 4521 1206 4572 ὲν
1254 4523 1466 4591 εἰρήνῃ,
1503 4519 1536 4590 ἢ
1572 4518 1722 4584 οἶκος

147 4613 363 4685 πλήρης
389 4613 614 4680 ἀγαθῶν
640 4613 781 4683 μετὰ
813 4601 1017 4681 μάχης.
1045 4630 1064 4662 ι
1085 4611 1255 4681 Φησὶν
1278 4610 1336 4664 δὲ
1363 4611 1457 4664 καὶ
1484 4613 1512 4664 ὁ
1545 4612 1726 4665 Ἰωάν-

145 4721 260 4773 νης,
281 4704 548 4771 ’Δδελφοὶ,
583 4701 887 4771 ἀγαπῶμεν
913 4701 1178 4771 ἀλλήλους
1196 4702 1277 4754 ὅτι
1314 4703 1342 4753 ό
1367 4701 1501 4764 Θεὸς
1532 4701 1722 4773 ἀγάπη

145 4795 315 4850 ἐστίν.
349 4795 485 4862 Καὶ,
523 4795 580 4848 Ὀ
612 4795 788 4864 μένων
817 4797 876 4846 ὲν
902 4795 968 4863 τῇ
999 4793 1212 4864 ἀγάπῃ,
1233 4794 1292 4844 ὲν
1310 4791 1390 4862 τῷ
1407 4792 1526 4862 Θεῷ
1549 4795 1721 4862 μένει.

149 4886 259 4937 Καὶ
305 4885 504 4936 πάλιν·
553 4884 609 4937 ’0
645 4882 876 4951 ἀγαπῶν
925 4882 1016 4934 τὸν
1062 4881 1290 4952 ἀδελφὸν
1339 4881 1526 4948 αὑτοῦ,
1557 4884 1614 4935 ὲν
1649 4882 1726 4953 τῷ

149 4980 287 5047 φωτὶ
314 4976 488 5046 μένει,
513 4975 608 5028 καὶ
636 4973 933 5029 σκάνδαλον
971 4977 1028 5026 ἐν
1051 4973 1204 5044 αὐτῷ
1224 4974 1325 5026 ohe
1353 4973 1523 5026 ἐστιν.
1560 4974 1672 5027 Καὶ
1693 4976 1722 5028 ὁ

131 5071 352 5140 ’Πέτρος
378 5086 395 5101 ·
435 5088 454 5120 r
488 5069 746 5132 Ἑαυτοὺς
781 5071 838 5121 ἐν
885 5068 1074 5138 ἀγάπη
1117 5070 1466 5137 τηρήσωμεν,
1493 5069 1723 5139 προσδε-

143 5159 367 5231 χόμενοι
393 5161 452 5214 ea
484 5161 628 5223 ἔλεος
660 5159 756 5213 τοῦ
782 5161 988 5231 Κυρίου
1011 5159 1170 5230 ήμῶν
1200 5158 1376 5227 Ἰησοῦ
1404 5160 1664 5230 Χριστοῦ.
1697 5179 1716 5214 ι

145 5254 253 5306 Καὶ
280 5251 463 5316 αὖθιςο
493 5275 510 5306 ι
535 5255 608 5308 Τὸ
636 5255 692 5309 δὲ
724 5255 874 5316 τέλος
903 5254 998 5322 τῆς
1015 5249 1393 5324 παραγγελίας
1419 5253 1567 5306 ἐστὶν
1587 5252 1724 5320 ἀγά-

154 5360 225 5414 πη
261 5348 324 5397 ὲκ
359 5346 604 5417 καθαρᾶς
659 5345 886 5417 καρδίας
914 5345 1006 5398 καὶ
1039 5343 1398 5416 συνειδήσεως
1433 5343 1667 5415 ἀγαθῆς.
1699 5365 1718 5398 ι

225 5478 270 5514 ⁸⁷
299 5481 462 5536 Prov.
497 5497 603 5537 xix.
643 5480 720 5534 l0.

157 5561 324 5616 xxvtt,
351 5551 440 5610 M.
515 5552 559 5583 ‘°
595 5552 758 5606 Evcli.
796 5569 906 5612 xxi.
934 5557 1022 5609 25.
1087 5558 1128 5588 ³¹
1163 5559 1319 5614 l’rov.
1358 5577 1503 5619 XXII.
1528 5562 1615 5616 ει.

157 5619 203 5650 ³⁵
231 5621 344 5676 ³*οι
371 5639 444 5684 IV.
475 5625 526 5677 9η
602 5622 644 5650 ³⁸
684 5623 840 5676 Prov.
877 5641 925 5682 ς.
971 5627 1059 5678 ‘23.
1143 5628 1187 5658 ³⁷
1217 5629 1350 5682 Luc.
1386 5646 1457 5688 vt.
1493 5632 1580 5682 εν..

157 5690 198 5719 ³ο
232 5691 393 5748 Prov.
425 5709 552 5756 xm,
591 5691 640 5745 l.
712 5694 753 5725 “
786 5695 896 5747 ιιιιο
933 5695 1083 5753 dudm
1117 5697 1207 5752 2i.

806 5483 850 5515 "
884 5485 1051 5563 qud.
1085 5503 1192 5563 xiv.
1225 5488 1418 5543 93-27.
1452 5490 1586 5544 Cum
1615 5503 1730 5546 ante

1834 5494 2001 5558 repius
2031 5505 2466 5550 mttt‘tttttrassenl
2503 5513 2601 5563 pro
2633 5499 2757 5551 cibo
2802 5510 2857 5552 et
2893 5510 3045 5562 potu.

1693 5564 1734 5592 ³⁹
1769 5567 1941 5617 Hrcle.
1981 5581 2074 5623 vit,
2108 5565 2162 5618 7.

1672 5633 1716 5664 ’⁸⁸
1747 5634 1935 5686 Matth.
1991 5652 2037 5690 ν.

1292 5699 1397 5752 "'l
1441 5699 1598 5771 Joun.
1631 5718 1701 5769 tv,
1738 5705 1788 5772 7,
1838 5704 1925 5758 'lG.

2352 3107 2633 3162 llOMlLlA
2675 3105 2856 3161 XCVI.

2289 3219 2364 3273 De
2399 3195 2674 3273 dilectione
2706 3218 2953 3288 proximi.

1896 3334 2211 3392 Proximum
2244 3331 2339 3402 qui
2368 3331 2568 3402 diligit,
2608 3332 2653 3385 is
2680 3347 2737 3385 se
2768 3331 2990 3400 longius
3017 3331 3128 3400 jam
3157 3329 3224 3384 ab
3254 3327 3402 3384 omni

1825 3424 2106 3480 submovit
2143 3431 2392 3492 peccato.
2439 3422 2584 3488 Quin
2623 3423 2729 3476 hoc
2779 3431 2840 3476 ut
2892 3422 3192 3486 faciamus,
3248 3422 3406 3490 jubet

1826 3511 2113 3586 Scriptu’ra
2151 3515 2362 3577 omnis,
2400 3529 2525 3568 cum
2560 3525 2722 3567 vetus
2755 3524 2868 3568 tum
2901 3511 3042 3569 nova
3094 3531 3106 3566 :
3156 3535 3173 3564 ι
3203 3515 3408 3584 Diliges

1824 3607 2136 3676 proximum
2165 3606 2309 3660 sicut
2343 3605 2580 3674 teipsum
2603 3607 2666 3658 ³³.
2703 3627 2718 3656 ›
2757 3607 2877 3674 ipse
2909 3607 3182 3676 siquidem
3217 3607 3406 3660 Domia

1823 3714 1931 3752 nus
1965 3697 2282 3751 mandatum
2330 3695 2438 3750 hoc
2467 3696 2656 3750 verbis
2689 3712 2753 3750 ex
2797 3697 2917 3765 lege
2963 3698 3274 3766 desumptis
3315 3697 3410 3752 dea

1824 3790 2056 3845 claravit
2103 3804 2225 3844 esse
2262 3787 2567 3843 secundum
2618 3805 2648 3842 a
2704 3789 2890 3858 primo
2922 3791 3072 3858 quod
3107 3801 3190 3843 est
3224 3793 3291 3844 de
3323 3791 3409 3844 di-

1822 3880 2064 3934 lectione
2113 3880 2229 3934 Dei.
2291 3879 2448 3935 Unde
2503 3879 2877 3935 et..lonathan
2931 3880 3116 3935 Saulis
3144 3883 3311 3947 iilius,
3349 3884 3408 3937 id

1824 3971 2038 4041 liquido
2080 3987 2205 4026 cum
2261 3981 2472 4036 nosset,
2523 3987 2640 4042 pra:
2693 3988 2865 4028 uxore
2910 3973 3106 4028 dilexit
3139 3975 3405 4028 Davidem

1823 4063 2023 4118 aﬂ‘ectu
2071 4079 2304 4133 prorsus
2342 4063 2586 4119 sincero.
2621 4063 2817 4118 Melior
2843 4065 2994 4119 enim
3033 4081 3199 4134 parva
3231 4068 3403 4134 parti~

1824 4156 1951 4210 cuia
1983 4171 2110 4210 eum
2157 4157 2357 4212 timore
2417 4158 2660 4222 Domini,
2702 4173 2894 4228 quanr
2925 4157 3170 4211 thesauri
3223 4158 3406 4225 magni

1824 4244 2032 4314 absque
2062 4245 2278 4300 timore.
2309 4245 2501 4300 Melior
2529 4247 2785 4302 invitatio
2821 4247 2890 4301 ad
2921 4247 3233 4300 convivium
3285 4249 3406 4301 uie-

1827 4352 1973 4401 rum,
2017 4337 2090 4391 ad
2137 4337 2441 4394 amicitiam
2474 4348 2533 4392 et
2576 4339 2830 4409 gratiam,
2907 4355 3070 4409 quam
3133 4339 3406 4393 ferculum

1246 4429 1386 4501 μετὰ
1458 4429 1671 4493 ἀδικίας
1699 4445 1711 4460 ·

1831 4430 2116 4485 vitulorum
2167 4445 2292 4484 cum
2343 4431 2655 4496 inimicitia,
2717 4431 2870 4501 juxta
2906 4431 3269 4500 Seripturam.
3303 4431 3408 4484 Ite-

1825 4538 1948 4576 rum
1985 4521 2215 4576 :Melior
2258 4538 2434 4592 pauca
2485 4523 2738 4592 acceptio
2792 4539 2916 4577 cum
2969 4524 3204 4593 justitia,
3243 4540 3412 4592 quam

1825 4614 2000 4667 multa
2037 4612 2286 4682 germina
2317 4628 2441 4666 cum
2483 4613 2798 4682 iniquitate.
2838 4633 2854 4663 ι
2883 4613 3076 4666 Melior
3127 4623 3209 4668 est
3265 4615 3408 4666 bur-

1825 4705 1965 4781 cella
1991 4720 2118 4759 cum
2168 4707 2454 4776 voluptate
2493 4705 2548 4759 in
2601 4722 2762 4776 pace,
2798 4721 2960 4773 quam
3001 4706 3200 4760 domus
3246 4707 3406 4775 plena

1831 4803 1992 4858 boms
2039 4818 2162 4857 cum
2201 4803 2385 4872 jurgio
2407 4801 2474 4857 ‘°.
2499 4819 2518 4855 ι
2559 4801 2676 4857 κὸοςι
2706 4811 2759 4853 et
2785 4797 3024 4857 Joannes
3053 4821 3068 4856 :
3101 4822 3120 4854 ‹
3170 4803 3407 4869 Fratres,

1829 4893 2119 4965 diligamus
2139 4909 2238 4948 nos
2260 4894 2516 4955 invicem,
2537 4898 2662 4961 quia
2695 4895 2833 4948 Deus
2853 4894 3090 4948 rbaritas
3113 4905 3214 4955 est.
3239 4907 3287 4949 et
3309 4897 3405 4965 qui

1831 4997 2011 5038 manet
2043 4985 2095 5038 in
2119 4985 2405 5045 c'naritate.
2433 4984 2487 5037 in
2517 4985 2622 5038 Deo
2654 4985 2916 5038 manet".
2943 5005 2958 5036 ι
2983 4985 3183 5039 iterum
3214 5005 3265 5040 ει
3300 4987 3405 5052 Qui

1829 5075 2004 5142 diligit
2028 5075 2254 5130 fratrem
2277 5093 2460 5139 suum,
2491 5078 2546 5130 in
2579 5075 2784 5131 lumine
2833 5088 3034 5135 manet.
3075 5089 3130 5132 et
3171 5080 3404 5132 scanda:

1831 5167 1940 5221 lum
1962 5185 2068 5222 non
2093 5179 2175 5222 est
2198 5170 2250 5222 in
2273 5186 2339 5224 eo
2360 5168 2444 5223 δι’.
2464 5191 2480 5220 ι
2503 5172 2692 5225 Petrus
2713 5187 2928 5241 quoque
2956 5187 2970 5226 :
3001 5172 3407 5241 «anmetipsos

1831 5260 1885 5314 in
1907 5260 2173 5314 cltaritate
2201 5276 2504 5323 servemus,
2541 5277 2920 5327 exspectantes
2970 5265 3402 5319 misericordiam

1833 5351 2046 5407 Domini
2098 5353 2270 5408 nostri
2315 5355 2444 5410 Jesu
2469 5355 2802 5411 Christi‘“.
2841 5377 2858 5408 ι
2908 5359 3151 5413 Rursus:
3192 5378 3210 5410 ι
3255 5359 3405 5416 Finis

3133 5503 3178 5534 ⁸⁸
3227 5501 3400 5560 Eccli.

2239 5568 2284 5596 ³³
2315 5565 2434 5620 Jul».
2482 5584 2627 5631 uix,
2676 5568 2767 5622 ΞΗ.
2842 5571 2884 5600 ³⁵
2915 5571 3117 5625 ,ἰιιι-ριη.
3173 5589 3264 5632 xv,
3307 5573 3398 5627 17.

2211 5636 2254 5708 ³Ῠ⁹
2289 5635 2462 5690 Levii.
2524 5653 2630 5704 λη,
2684 5638 2788 5703 18;
2860 5640 3051 5697 Μηιιιι.
3123 5660 3256 5708 xxii,
3309 5642 3397 5697 39,

2010 5703 2100 5736 δι’·
2128 5705 2264 5761 ibid.
2301 5708 2473 5775 11,10.
