4014 6310
210 263 341 328 Π29

903 255 1229 315 ΗΟΜΙῘᾸΑ
1264 253 1529 313 XCVIII.
1558 276 1624 287 --
1648 250 1745 309 DE
1786 299 1789 306 λ

1894 246 2044 307 ΟΒΕ
2085 246 2283 306 ERGA
2326 240 2740 304 PAUPERES.

3304 230 3440 296 1730

193 373 446 443 νωμένην
500 367 827 440 ἐμπλήσῃς·
893 367 1015 419 τότε
1069 364 1317 418 ἀνατελεί
1365 365 1423 415 ὲν
1464 361 1541 431 τῷ
1587 360 1770 415 σκότει

1893 356 2224 421 nurationis,
2260 365 2317 411 et
2341 352 2562 409 dederis
2610 364 2808 423 panem
2835 344 3126 409 esurienti,
3164 344 3441 400 exanima

191 464 256 516 τὸ
287 460 404 530 φῶς
432 475 526 511 σου
545 496 560 520 ,
595 456 689 510 καὶ
719 444 871 507 ἔσται
901 455 930 506 6
956 452 1089 516 Θεὸς
1122 452 1261 524 μετὰ
1289 450 1384 503 σοῦ
1412 449 1500 504 διὰ
1527 449 1729 511 παντός
1749 465 1761 478 ·

194 549 293 604 καὶ
335 544 701 618 ἐμπλησθήσῃ
746 541 1000 611 καθάπερ
1045 540 1308 609 ἐπιθυμεῖ
1337 541 1371 609 ἡ
1404 537 1551 610 ψυχή
1587 555 1702 591 σου.
1743 555 1763 589 ι

192 642 312 698 Καὶ
341 643 369 694 6
394 637 607 700 Παῦλος
628 654 643 667 '
699 652 721 687 ι
756 633 822 687 Ἠ
864 632 1186 702 φιλαδελφία
1218 631 1449 701 μενέτω,
1491 629 1589 698 τῆς
1615 629 1769 697 φιλο-

197 733 380 800 ξενίας
434 729 511 802 μὴ
549 723 977 782 ἐπιλανθάνεσθε
1000 741 1015 756 ο
1075 722 1166 778 διὰ
1204 721 1411 792 ταύτης
1439 721 1548 791 γὰρ
1579 719 1770 774 ἔλαθόν

189 842 342 888 τινες
379 822 690 888 ξενίσαντες
719 815 1009 886 ἀγγέλους.
1041 832 1060 865 ι
1121 812 1234 870 Kal
1264 807 1422 877 αὖθις
1444 827 1456 840 ’
1520 830 1538 863 ι
1574 810 1687 881 Τῆς
1706 809 1771 864 δὲ

194 916 449 977 εὐποιίας
479 911 575 965 καὶ
602 908 889 971 κοινωνίας
915 905 991 977 μὴ
1017 901 1463 959 ἐπιλανθάνεσθε·
1493 900 1773 962 τοιαύταις

192 1008 309 1078 γὰρ
339 1005 553 1067 θυσίαις
581 1000 959 1073 εὐαρεστεῖται
989 996 1017 1048 6
1040 995 1190 1058 Θεός.
1217 1012 1236 1046 ι
1272 993 1442 1078 Φησίν
1471 992 1528 1047 δὲ
1554 992 1650 1047 καὶ
1673 991 1772 1045 ἆλ-

190 1076 323 1166 λος·
385 1117 404 1150 ι
437 1095 706 1161 Φιλόξενοι
751 1088 969 1161 γίνεσθε
1018 1087 1099 1157 εἰς
1141 1076 1430 1156 ἀλλήλους,
1482 1085 1609 1139 ἄνευ
1643 1100 1775 1153 γογ-

193 1187 439 1259 γυσμοῦ.
475 1204 493 1237 ι
553 1183 616 1236 Εἰ
662 1181 772 1251 γὰρ
822 1179 855 1248 ή
903 1173 1185 1247 προθυμία
1227 1172 1545 1243 πρόκειται,
1593 1169 1717 1223 καθ’
1746 1167 1776 1220 ὃ

195 1280 301 1334 ἐὰν
349 1278 449 1350 ἔχῃ
494 1292 617 1338 τις,
670 1267 1097 1340 εὐπρόσδεκτος,
1149 1265 1214 1317 οὐ
1264 1263 1440 1318 καθ’ὃ
1486 1262 1585 1315 οὐκ
1621 1259 1771 1333 ἔχει’

206 1390 226 1420 ο
264 1370 338 1424 Οὐ
371 1360 622 1438 γὰρ’ἵνα
665 1362 846 1423 ἄλλοις
891 1357 1108 1425 ἄνεσις,
1156 1356 1286 1426 ὑμῖν
1327 1355 1385 1407 δὲ
1427 1353 1626 1424 θλῖψις,
1660 1350 1774 1405 ἀλλ’

202 1461 267 1526 ἐξ
313 1460 559 1530 ἰσότητος
608 1455 667 1507 ὲν
714 1453 793 1525 τῷ
838 1450 933 1504 νῦν
977 1447 1207 1519 καιρῷ.)
1264 1446 1374 1499 Kal
1414 1446 1548 1516 πρὸς
1585 1445 1772 1497 Τῖτονο

210 1571 230 1603 ι
256 1551 435 1622 Ζηνᾶν
458 1547 549 1600 τὸν
573 1542 795 1615 νομικὸν
820 1542 914 1595 καὶ
937 1540 1183 1595 Ἀπολλὼ
1203 1537 1409 1607 ταχέως
1433 1534 1775 1605 πρόπεμψον,

206 1641 298 1694 ἵνα
352 1637 516 1708 μηδὲν
563 1634 748 1695 αὐτοῖς
794 1631 994 1702 λείπῃο
1051 1626 1477 1701 μανθανέτωσαν
1508 1624 1568 1678 δὲ
1602 1623 1700 1677 καὶ
1731 1624 1778 1676 οἱ

1876 457 1989 514 tua,
2014 456 2071 502 et
2103 447 2343 502 animam
2363 442 2697 499 exinanitum
2721 438 3058 509 repleveris:
3082 444 3213 491 tunc
3233 434 3447 489 orietur

1876 540 1931 594 in
1967 538 2216 601 tenebris
2245 539 2342 593 lux
2375 546 2490 599 tua,
2523 547 2580 588 et
2605 532 2712 588 crit
2743 532 2890 585 Deus
2912 537 3042 597 tuus
3088 535 3269 583 tecum
3300 540 3448 580 sem~

1874 647 1998 701 per,
2021 640 2078 687 et
2111 629 2434 701 implcberis
2474 628 2619 683 sicut
2654 624 2936 681 desiderat
2991 621 3172 681 anima
3218 618 3391 673 tua“.
3423 636 3442 669 ι

1876 724 2082 780 Paulus
2116 724 2286 778 item:
2332 740 2350 773 ι
2385 721 2554 776 Amor
2592 714 2958 773 fraternitatis
2987 718 3228 777 maneat,
3264 708 3453 778 hospi-

1878 814 2113 869 talitatis
2140 814 2313 869 nolite
2341 809 2595 877 oblivisci
2618 826 2631 862 :
2654 820 2752 879 per
2779 806 2921 860 hanc
2947 804 3094 859 enim
3120 802 3454 871 placuerunt
3534 798 3538 802 ‘

1877 903 2126 973 quidam,
2154 902 2365 974 angelis
2396 899 2639 970 hospitio
2663 896 2905 966 receptis
2921 894 2997 947 ἰι
3030 913 3047 944 ι
3080 892 3292 961 1182
3310 890 3455 944 Rur-

1880 1010 2009 1051 sus:
2049 1014 2067 1045 ι
2106 992 2493 1049 Bcneficentiaa
2544 999 2601 1057 et
2649 983 3255 1049 communionisnolite
3306 979 3451 1035 obli-

1879 1085 2055 1142 visci:
2093 1085 2295 1139 talibus
2330 1083 2480 1138 enim
2523 1080 2722 1135 hostiis
2765 1084 3114 1148 promeretur
3158 1073 3379 1128 Deus".
3426 1088 3445 1121 ι

1882 1175 1987 1231 Sed
2024 1175 2199 1230 alius:
2250 1193 2268 1225 ι
2318 1171 2629 1242 Ilospilales
2676 1169 2910 1223 invicem
2963 1167 3084 1220 sine
3141 1177 3455 1217 murmura-

1883 1268 2033 1323 tione
2055 1268 2120 1319 ".
2153 1285 2171 1317 ι
2204 1265 2260 1320 Si
2286 1264 2435 1320 enim
2454 1263 2708 1317 voluntas
2732 1265 2985 1329 prompta
3012 1262 3117 1319 est,
3150 1252 3452 1308 secundum

1884 1359 1937 1415 id
1973 1359 2123 1429 quod
2142 1358 2329 1419 habet,
2361 1363 2589 1424 accepta
2619 1360 2725 1416 est,
2754 1364 2865 1404 non
2891 1346 3195 1403 secundum
3224 1344 3277 1398 id
3306 1343 3454 1413 quod

1864 1466 1996 1523 ‘non
2030 1450 2229 1504 habet:
2270 1467 2289 1498 ‹
2319 1446 2441 1501 Non
2472 1444 2620 1501 enim
2646 1449 2707 1497 ut
2736 1441 2877 1495 alius
2901 1440 2971 1495 sit
3000 1438 3272 1501 remissio,
3297 1435 3456 1489 vobis

1887 1549 2071 1596 autem
2095 1536 2402 1600 tribulatio,
2419 1534 2512 1590 sed
2534 1549 2602 1588 ex
2628 1531 2945 1602 aequalitate
2967 1530 3020 1583 in
3052 1537 3297 1597 tempore
3319 1540 3457 1596 prte-

1890 1629 2116 1685 senti“.
2159 1646 2177 1678 ι
2211 1627 2362 1682 Idem
2387 1624 2453 1679 ad
2483 1624 2707 1678 Titum:
2751 1641 2769 1673 ι
2806 1622 3011 1677 Zenam
3055 1618 3454 1690 legisperitum,

202 1701 497 1802 ἡμέτεροι,
552 1724 736 1779 καλῶν
778 1701 957 1794 ἔργων
1007 1718 1367 1792 προΐστασθαι
1421 1718 1502 1780 εἰς
1544 1717 1644 1777 τὰς
1679 1715 1773 1768 ἀν-

1893 1729 1951 1779 ει
1980 1721 2287 1791 Apollinem
2312 1715 2547 1773 sollicite
2573 1713 2874 1784 praemitte,
2908 1720 2970 1767 ut
3001 1711 3140 1767 nihil
3160 1701 3268 1766 illis
3287 1710 3454 1773 desit,

204 1821 450 1892 αγκαίας
477 1817 690 1889 χρείας,
728 1815 818 1883 ἵνα
847 1812 923 1884 μὴ
951 1806 1086 1866 ὦσιν
1112 1811 1406 1881 ἄκαρποι.»
1446 1807 1558 1862 Καὶ
1584 1806 1778 1889 «at»:

211 1934 232 1966 ι
258 1883 609 1976 ’Ἀσπέεται
633 1908 776 1979 ὑμᾶς
804 1883 985 1970 Γάϊος,
1017 1905 1046 1959 6
1070 1902 1218 1972 ξένος
1245 1919 1369 1972 μου,
1406 1900 1623 1970 καὶτῆς
1657 1883 1781 1952 Ἐκὲ

178 2001 448 2075 ,κλησίας
472 2001 600 2069 ὅλης
626 2017 645 2052 ι
666 2014 681 2030 ·
723 1995 846 2073 αντὶ
869 1992 963 2048 τοῦ
984 2036 998 2058 ,
1041 1995 1069 2046 6
1098 1992 1373 2063 ξενοὸὀχος
1401 1992 1641 2045 πάντων.
1673 1990 1785 2044 Kal

203 2095 238 2149 6
272 2090 479 2162 Κύριος
523 2087 581 2140 δὲ
632 2081 1108 2156 προσκαλούμενος
1163 2079 1300 2151 μετὰ
1333 2079 1442 2132 τῶν
1476 2077 1784 2149 ὲλεημόνων

192 2184 305 2251 ’καὶ
354 2181 481 2243 τούς
524 2175 873 2246 φιλοξένους,
925 2173 1041 2243 ὲρεῖ
1080 2170 1216 2242 πρὸς
1247 2169 1477 2234 αὐτούς’
1536 2187 1556 2221 ι
1593 2168 1783 2233 Δεῦτε,

207 2278 264 2332 οι
315 2268 671 2342 εὐλογημένοι
724 2264 819 2320 τοῦ
871 2264 1087 2335 Πατρός
1136 2279 1275 2342 μου,
1337 2260 1785 2333 κληρονομήσατε

210 2367 323 2438 τὴν
355 2340 764 2436 ἡτοιμασμένην
789 2357 918 2428 ὑμῖν
952 2354 1232 2426 βασιλείαν
1247 2340 1277 2385 ’⁸
1300 2353 1452 2421 ξένος
1482 2352 1589 2423 γὰρ
1612 2352 1783 2423 ήμην,

209 2459 315 2514 καὶ
368 2450 861 2523 συνηγάγετέμε·
922 2446 1228 2509 ὲπείνασα,
1276 2444 1375 2498 καὶ
1415 2442 1656 2519 εδώκατέ
1695 2460 1787 2513 μοι

208 2549 446 2617 φαγεῖν
503 2535 754 2611 ἐδίψησα,
791 2537 891 2592 καὶ
920 2536 1209 2590 ἐποτίσατέ
1244 2549 1341 2605 με·
1381 2531 1585 2604 γυμνὸς
1612 2532 1786 2602 ήμην,

211 2639 315 2693 καὶ
343 2654 407 2690 πε
420 2633 697 2706 ριεὸάλετέ
729 2648 816 2701 με.
845 2648 863 2682 ι
903 2626 1064 2700 Αὐτῷ
1097 2629 1130 2699 ἡ
1159 2625 1288 2695 δόξα
1321 2626 1402 2689 εἰς
1430 2625 1557 2688 τοὺς
1583 2623 1788 2686 αἰῶνας

216 2728 335 2783 τῶν
366 2726 598 2782 αἰώνων.
642 2724 838 2793 Ἀμήν.

819 2922 1036 2979 ΑοΓυΣ
1067 2904 1189 2989 ιιιιν.

705 3040 845 3109 Περί
875 3036 1306 3109 φιλοπτωχίας.

310 3163 374 3227 Ἥ
410 3156 753 3232 φιλοπτωχία
786 3154 884 3209 καὶ
914 3154 950 3223 ή
988 3149 1269 3221 φιλοξενία
1315 3147 1410 3202 δύο
1442 3143 1629 3200 κλάδοι
1656 3141 1795 3198 εἰσιν

217 3256 328 3327 τῆς
361 3252 616 3324 πιότητος
643 3248 739 3327 τῆς
772 3245 988 3309 ἐλαίας,
1022 3238 1091 3315 ἧς
1117 3244 1146 3296 6
1171 3240 1383 3312 καρπὸς
1414 3236 1630 3309 μυρίζει
1656 3232 1795 3327 πάνξ

218 3324 364 3413 τας,
417 3343 478 3409 ἐξ
516 3338 584 3415 ἧς
631 3324 918 3407 ἀλείφεται
955 3339 984 3391 6
1020 3334 1225 3405 Κύριος
1257 3331 1358 3402 τὴν
1386 3327 1663 3398 κεφαλὴν,
1702 3324 1798 3378 καὶ

219 3440 358 3501 τοὺς
400 3435 598 3499 πόδας,
652 3432 749 3486 καὶ
789 3428 1179 3500 ἀνταμείϐεται
1219 3425 1310 3478 τὸν
1351 3421 1662 3490 ἁλείφιιντα,
1698 3418 1799 3489 βα-

223 3528 440 3584 σιλείαν
481 3523 745 3595 οὐρανῶν.
779 3524 839 3593 'Q
880 3520 989 3591 γὰρ
1028 3516 1172 3572 οὕτω
1225 3514 1566 3584 φιλόπτωχος
1602 3508 1793 3566 ἀκούει

222 3620 327 3677 τοῦ
381 3618 630 3687 λέγοντος
649 3630 664 3645 ·
715 3633 734 3667 ι
756 3608 1144 3683 Ἐλεημοσύναι
1176 3605 1272 3660 καὶ
1300 3605 1483 3665 πίστις
1515 3600 1592 3672 μή
1621 3599 1795 3654 ἐκλει-

236 3711 496 3769 πέτωσάν
524 3707 861 3777 σε.“Δφαψαι
889 3705 946 3758 δὲ
976 3700 1144 3764 αὐτὰς
1173 3699 1266 3753 ἐπὶ
1297 3695 1375 3768 σῷ
1397 3693 1674 3768 τραχήλῳ,
1708 3690 1804 3746 καὶ

226 3803 490 3874 εὑρήσεις
515 3798 697 3871 χάριν.
725 3815 743 3849 ι
764 3825 835 3840 -υ-
866 3814 884 3846 ι
908 3792 1151 3864 Προνοοῦ
1176 3789 1320 3845 καλὰ
1343 3785 1573 3842 ἐνώπιον
1593 3782 1802 3854 Κυρίου

226 3871 333 3949 καί.
358 3871 692 3973 ἀνθρώπων.
716 3906 736 3940 ι
757 3885 873 3941 Καί
886 3903 899 3917 ’
926 3902 947 3937 ι
988 3883 1133 3937 Ὀδοὶ
1156 3879 1399 3941 δικαίων,
1432 3874 1634 3973 ὁμοίως
1662 3871 1806 3943 φωτὶ

225 3985 566 4054 λάμπουσιν.
600 3963 1041 4050 Προπορεύονται
1074 3973 1173 4028 καὶ
1198 3967 1526 4041 φωτίζουσιν
1551 3963 1656 4028 ἕως
1676 3966 1806 4054 κατ-

226 4052 456 4146 ορθώσῃ
487 4073 521 4141 ἦ
540 4068 758 4140 ἡμέρα.
793 4084 812 4118 ι
881 4064 1218 4118 Ἐντέλλεται
1246 4059 1305 4113 δὲ
1336 4057 1431 4141 καὶ
1462 4058 1491 4110 6
1517 4055 1682 4126 νόμος
1712 4052 1804 4106 λέ-

222 4140 383 4234 γων’
420 4140 721 4228 ι-’Ᾰνοίγων
749 4154 983 4221 ἀνοίξεις
1012 4155 1113 4218 τὰς
1141 4151 1331 4224 χεῖράς
1358 4140 1453 4202 σου
1487 4146 1564 4218 τῷ
1592 4144 1803 4213 πένητι,

228 4256 327 4307 ἵνα
379 4251 453 4322 μὴ
499 4250 764 4320 βοήσηται
815 4245 959 4299 κατὰ
1001 4243 1097 4296 σοῦ
1146 4241 1284 4312 πρὸς
1324 4238 1591 4309 Κύριον.»
1648 4235 1708 4290 Ὀ
1747 4234 1807 4289 δὲ

1888 1813 2105 1868 discant
2133 1819 2318 1866 autem
2351 1816 2408 1864 et
2434 1806 2632 1873 nostri,
2649 1805 2814 1861 bonis
2837 1805 3102 1875 operibus
3130 1818 3369 1874 praeesse
3387 1803 3455 1855 ad

1889 1920 2023 1959 usus
2050 1900 2420 1966 necessarios,
2454 1907 2515 1955 ut
2543 1914 2655 1952 non
2681 1898 2792 1953 sint
2838 1894 3170 1950 infructuosi
3191 1894 3257 1947 ".
3294 1913 3311 1945 ι
3343 1893 3456 1948 Ite-

1887 2010 2007 2049 rum
2031 2011 2044 2046 :
2077 2011 2095 2045 ι
2124 1991 2341 2048 Salutat
2362 2005 2464 2045 vos
2491 1988 2660 2044 Caius
2682 1988 2887 2058 hospes
2922 2002 3081 2041 meus
3107 1994 3163 2040 et
3184 1985 3457 2040 universa:

1886 2084 2223 2147 Ecclesiae",
2261 2103 2280 2167 ρ
2313 2098 2412 2153 pro
2436 2099 2505 2138 eo
2551 2080 2701 2152 quod
2726 2088 2831 2146 est,
2859 2086 3124 2149 exceptor
3174 2077 3454 2148 hospitum

1888 2176 2155 2231 omnium.
2188 2174 2457 2228 Dominus
2484 2187 2708 2244 quoque
2752 2187 2863 2226 una
2911 2185 3037 2225 cum
3081 2169 3460 2240 eleemosynas

1889 2260 2312 2323 conferentibus
2327 2264 2653 2335 peregrinos
2689 2261 2787 2333 qui
2818 2260 3122 2330 excipiunt,
3151 2259 3379 2314 advocat
3405 2274 3454 2312 ε.

1891 2356 2167 2412 dicturum
2207 2371 2265 2411 se
2291 2354 2652 2426 pronuntiat:
2685 2372 2703 2405 ι
2728 2352 2948 2429 Venite,
2975 2350 3253 2405 benedicti
3280 2350 3460 2404 Patris

1891 2446 2020 2510 mei,
2075 2444 2355 2515 possidete
2410 2452 2661 2515 paratum
2708 2441 2869 2497 vobis
2935 2453 3163 2511 regnum
3203 2458 3215 2493 :
3251 2440 3458 2508 hospes

1889 2535 2036 2588 enim
2066 2548 2238 2598 eram,
2268 2540 2325 2587 ει
2359 2530 2663 2602 collegistis
2697 2546 2805 2595 me,
2848 2529 3080 2595 esurivi,
3124 2537 3181 2583 et
3227 2527 3461 2582 dedistis

1892 2625 2025 2679 mihi
2059 2624 2396 2685 manducare
2422 2622 2629 2697 :_silivi
2677 2629 2733 2677 et
2766 2622 2999 2679 dedistis
3042 2620 3178 2675 mihi
3231 2619 3458 2673 hibero:

1893 2715 2072 2769 nudus
2104 2730 2277 2779 cram,
2327 2724 2385 2769 et
2430 2712 2738 2785 operuistis
2770 2712 2942 2769 me“.
2976 2732 2994 2763 ι
3037 2711 3144 2783 Ipsi
3197 2709 3369 2782 gloria
3405 2707 3461 2763 in

1893 2806 2109 2860 saecula.
2144 2798 2337 2861 A'mcn.
2382 2812 2388 2819 '

2397 2918 2686 2975 HOMILIA
2723 2917 2959 2975 XCVIII.

2093 3034 2168 3089 De
2202 3049 2381 3089 amore
2404 3042 2453 3087 et
2479 3034 2564 3103 pio
2608 3033 2795 3103 affectu
2829 3046 2958 3101 erga
2987 3045 3269 3101 pauperes.

1966 3151 2284 3219 Propensus
2308 3145 2400 3201 ille
2442 3147 2499 3200 in
2531 3158 2803 3214 pauperes
2835 3150 2891 3197 et
2936 3141 3259 3211 peregrinos
3287 3155 3462 3203 amor,

1895 3256 2084 3297 ramus
2115 3248 2352 3309 uterque
2384 3235 2590 3293 biﬁdos
2608 3242 2694 3290 est
2719 3231 3073 3305 pinguediuis
3095 3233 3276 3287 olivae:
3301 3234 3460 3301 cujus

1896 3333 2189 3401 utriusque
2220 3328 2437 3385 fructus
2469 3326 2695 3398 myrrha
2718 3338 2977 3396 perquam
2995 3337 3163 3378 suave
3194 3321 3464 3393 fragranti

1897 3418 2183 3492 perfundit
2207 3417 2520 3480 universos,
2551 3415 2711 3485 cujus
2731 3411 3022 3483 aspergine
3042 3410 3174 3465 sivit
3197 3410 3468 3465 Dominus

1899 3509 2006 3565 sibi
2041 3507 2236 3578 inungi
2264 3514 2323 3561 et
2352 3511 2520 3574 caput
2558 3512 2617 3559 et
2645 3503 2815 3574 pedes
2831 3502 2901 3558 ⁸⁸.
2922 3501 3030 3558 Sed
3046 3509 3103 3557 et
3132 3500 3285 3556 hunc
3305 3516 3465 3556 suum

1899 3601 2249 3656 inunctorem
2298 3596 2505 3651 vicaria
2550 3594 2808 3649 mercede
2865 3594 3208 3665 repignerat,
3265 3604 3467 3664 nempe

1898 3706 2070 3764 regno
2093 3689 2359 3746 caelorum
2392 3687 2554 3742 talem
2588 3685 2868 3756 dignatur.
2892 3686 3130 3740 Prorsus
3161 3699 3468 3755 pauperum

1899 3790 2117 3838 amator
2135 3796 2166 3835 a
2191 3779 2428 3835 Domino
2464 3782 2816 3848 promeretur
2841 3773 3062 3829 audire:
3110 3791 3128 3826 ι
3159 3773 3475 3830 Misericor-

1901 3874 1993 3929 dia
2018 3883 2076 3929 et
2108 3871 2247 3927 fides
2268 3885 2380 3925 non
2416 3879 2468 3923 te
2501 3867 2777 3930 deserant,
2802 3865 2961 3936 alliga
2985 3879 3082 3919 eas
3102 3864 3247 3919 collo
3270 3873 3389 3925 tuo,
3415 3875 3472 3918 et

1902 3960 2155 4017 invenies
2179 3959 2410 4031 gratiam
2426 3959 2494 4013 ⁶⁹.
2532 3976 2551 4009 ι
2610 3957 2711 4011 Et:
2749 3974 2768 4006 ι
2799 3955 3033 4011 Provide
3085 3954 3229 4009 bona
3284 3968 3470 4008 coram

1901 4052 2139 4109 Domino
2165 4049 2558 4106 ethominibus
2576 4049 2645 4101 ".
2682 4066 2700 4099 ι
2740 4046 2843 4102 Et:
2886 4064 2906 4097 ι
2940 4045 3055 4101 Viae
3093 4046 3370 4116 iustorum
3411 4055 3470 4101 ut

1901 4141 1997 4197 lux
2018 4140 2334 4211 splendent,
2366 4138 2792 4211 procedantque
2828 4146 2886 4192 et
2936 4135 3254 4191 illuminant
3296 4135 3475 4193 donec

1904 4231 2191 4287 illucescat
2219 4230 2341 4285 dies
2358 4230 2424 4284 τι.
2458 4248 2478 4282 ι
2539 4228 2763 4285 Mandat
2791 4235 2975 4283 autem
3010 4235 3068 4282 et
3110 4227 3197 4283 lex
3244 4227 3468 4283 dicens;

229 4318 685 4412 Παροιμιαστής·
750 4355 769 4388 ι
809 4334 963 4404 Ζωὴν
995 4331 1091 4386 τοῦ
1123 4328 1339 4413 πτωχοῦ
1390 4329 1465 4398 μὴ
1495 4327 1789 4397 ἀποστερή-

1915 4342 1933 4375 ι
1968 4321 2242 4391 Aperiens
2270 4321 2487 4391 aperies
2504 4334 2705 4375 manus
2741 4326 2865 4375 tuas
2898 4318 3130 4390 pauperi
3162 4325 3322 4374 utne
3360 4319 3472 4374 cla-

229 4447 361 4504 σῃς.
395 4450 413 4482 ι
477 4430 587 4484 Kal
609 4443 623 4459 °
687 4445 706 4478 ι
745 4425 939 4495 Ψυχὴν
969 4421 1243 4489 πεινῶσαν
1277 4420 1354 4490 μὴ
1378 4419 1661 4488 λυπήσῃς,
1706 4414 1803 4470 καὶ

233 4515 592 4591 παρελκύσῃς
635 4519 784 4573 δόσιν
829 4513 1211 4584 ὲπιᾷεομένου,
1263 4510 1451 4578 ἱκέτην
1487 4507 1803 4577 θλιϐόμενον

232 4611 319 4682 μὴ
345 4611 665 4689 ἀπαναίνου,
700 4609 794 4663 καὶ
828 4606 903 4678 μὴ
929 4602 1279 4674 ἀποστρέψῃς
1307 4598 1368 4653 τὸ
1392 4597 1685 4669 πρόσωπόν
1708 4613 1805 4651 σου

228 4702 348 4758 ἀπὸ
374 4702 618 4772 πτωχοῦ.
635 4721 652 4752 ι
679 4700 801 4757 ,Καὶ
827 4698 989 4754 πάλιν
1010 4713 1025 4727 ο
1080 4714 1098 4747 ι
1127 4696 1205 4764 Τῇ
1235 4692 1382 4762 ψυχῇ
1407 4689 1573 4744 αὐτοῦ
1601 4690 1804 4761 ἀγαθο-

229 4794 403 4864 ποιεί
425 4792 567 4862 ἀνὴρ
611 4791 866 4860 ἐλεήμων
888 4829 901 4854 ,
959 4780 1210 4853 ὲξόλλυσι
1240 4782 1298 4834 δὲ
1335 4781 1395 4833 τὸ
1423 4779 1619 4834 ἑαυτοῦ
1646 4780 1805 4849 σῶμα

227 4880 575 4951 ἁνελεήμων.
600 4898 619 4931 ι
660 4878 770 4932 Kal
798 4880 824 4931 6
855 4875 1140 4947 προφήτης
1181 4873 1357 4942 Ὠσηέτ
1378 4889 1396 4922 ι
1424 4864 1691 4941 Σπείρατε
1726 4867 1807 4931 εἰς

226 4971 623 5041 δικαιοσύνην,
677 4969 774 5024 καὶ
816 4968 996 5031 ἔλεον,
1040 4966 1136 5021 καὶ
1164 4964 1341 5037 κρῖμα
1370 4964 1671 5035 φυλάσσου,
1709 4961 1806 5015 καὶ

229 5064 429 5132 ἐγγιζε
463 5062 599 5133 πρὸς
622 5062 712 5115 τὸν
739 5060 873 5115 Θεόν
898 5076 991 5113 σου
1022 5058 1110 5111 διὰ
1137 5056 1389 5118 παντός.»
1425 5055 1534 5108 Kal.
1558 5057 1586 5108 6
1607 5049 1807 5123 Δανιὴλ

228 5153 317 5224 τῷ
343 5153 830 5224 Ναϐουχοδονόσωρ
853 5168 869 5185 ο
898 5170 918 5203 ι
938 5150 1003 5203 Ἣ
1037 5148 1199 5220 βουλή
1232 5165 1356 5219 μου,
1388 5146 1572 5217 φησὶν,
1607 5134 1808 5216 ἀρετάς

225 5265 317 5300 τω
347 5262 450 5310 σοι,
486 5243 730 5315 βασιλεῦ,
758 5243 856 5305 τὰς
884 5241 1164 5312 ἁμαρτίας
1180 5256 1285 5307 ,σου
1322 5239 1378 5291 ὲν
1406 5238 1806 5309 έλεημοσύναις

231 5335 540 5405 λύτρωσαι,
575 5333 671 5387 καὶ
699 5332 796 5395 τὰς
822 5330 1034 5394 ἀδικίας
1066 5346 1163 5383 σου
1219 5332 1277 5383 ἐν
1305 5329 1613 5396 οἱκτιρμοῖς
1641 5329 1805 5380 πενίη-

474 5464 485 5487 Ι

310 5513 461 5567 ⁸⁸19³
538 5529 684 5576 ινιιι,
724 5512 805 5574 l0,
856 5514 963 5567 ll.’
1028 5512 1264 5567 “Hebr.
1313 5529 1431 5568 xm.
1465 5513 1516 5576 1,
1552 5513 1607 5567 Εἰ.

236 5586 310 5638 15
336 5625 346 5634 .
385 5585 433 5614 ⁸⁸
466 5583 598 5634 llum
650 5598 761 5642 XVI,
791 5584 880 5637 ‘23.
961 5586 1004 5616 °"
1032 5583 1077 5636 Μ
1103 5585 1221 5638 νιιιι.
1258 5598 1376 5638 xxv.
1411 5584 1499 5643 δι,
1527 5584 1614 5637 55.

238 5656 289 5686 ’⁸
316 5654 478 5708 Prov.
515 5667 588 5718 Iv,
626 5654 712 5708 l8.
793 5655 840 5684 ⁷²
872 5654 1028 5710 Dz‘ul.
1066 5671 1151 5718 xv,
1187 5655 1238 5708 8.

1910 4422 2025 4468 met
2044 4419 2241 4468 contra
2274 4419 2327 4465 te
2348 4410 2417 4466 ad
2439 4411 2737 4467 Dominum
2760 4412 2829 4465 7’.
2865 4430 2884 4461 ι
2907 4411 3298 4465 Parmmiastcs
3320 4426 3473 4466 vero:

1915 4527 1934 4559 ι
1969 4507 2148 4562 Vitam
2180 4506 2441 4577 pauperis
2464 4521 2534 4561 ne
2565 4504 2864 4561 defraudes
2878 4505 2946 4560 ⁷.³.
2980 4523 3000 4557 ι
3030 4504 3132 4559 Et:
3171 4522 3190 4556 ‹
3223 4504 3476 4559 Animam

1909 4598 2216 4656 esurientis
2236 4614 2307 4654 ne
2326 4597 2759 4662 contristavc’ris,
2784 4605 2840 4651 et
2860 4612 2929 4652 ne
2952 4596 3252 4653 retraxeris
3270 4596 3476 4652 donum

1910 4693 1979 4747 ab
2014 4692 2332 4763 indigente:
2366 4691 2632 4745 famulum
2658 4690 2918 4746 afﬂictum
2953 4705 3033 4745 ne.
3053 4689 3301 4757 abjieias,
3333 4698 3478 4745 etne

1910 4791 2130 4838 avertas
2189 4783 2386 4838 faciem
2436 4790 2585 4837 tuam
2643 4789 2972 4851 a'paupere
3009 4780 3087 4836 ⁷⁵.
3148 4800 3168 4830 ι
3233 4780 3475 4839 lterum:

1914 4891 1934 4936 ς
1956 4873 2168 4929 Animae
2189 4889 2302 4929 suae
2325 4873 2602 4928 benefacit
2623 4873 2708 4928 vir
2722 4872 3060 4937 misericors,
3088 4872 3272 4943 perdit
3293 4882 3478 4927 autem

1909 4979 2073 5047 suum
2130 4980 2337 5034 corpus
2388 4964 2869 5020 imm‘isericors".
2908 4982 2927 5014 ι
2985 4963 3257 5034 Propheta
3304 4961 3513 5017 Osecz.

1916 5072 1934 5104 ι
1967 5053 2189 5109 Semina
2224 5055 2280 5108 in
2324 5055 2544 5124 justitia
2585 5053 3049 5118 misericordiam,
3106 5063 3163 5108 et
3211 5053 3479 5123 judicium

1910 5144 2155 5209 custodi,
2176 5153 2231 5201 et
2254 5147 2639 5215 appropinqua
2662 5146 2732 5202 ad
2750 5146 2921 5201 Deum
2947 5153 3101 5201 tuum
3126 5160 3346 5216 semper
3362 5147 3427 5200 ⁷⁸.
3459 5166 3476 5197 ι

1913 5238 2106 5293 Daniel
2133 5253 2355 5307 quoque
2412 5237 2926 5295 Nabuchodonosor
2968 5237 3079 5292 ait:
3126 5257 3145 5289 ι
3175 5237 3480 5293 Consilium

1914 5345 2099 5384 meum
2125 5329 2342 5399 placeat
2368 5330 2492 5393 tibi,
2522 5344 2554 5384 ο
2573 5346 2669 5384 rex
2707 5348 2720 5383 :
2754 5337 2975 5400 peccata
3004 5337 3095 5384 tua
3113 5329 3484 5402 eleemosynis

1680 5512 1988 5569 "'ibidei.
2049 5510 2143 5565 “l
2184 5509 2326 5565 Petr.
2363 5525 2433 5567 Iv.
2466 5506 2520 5563 9.
2606 5506 2864 5564 “llCor.
2900 5523 3017 5567 \‘lll.
3042 5507 3130 5562 1⁸5.
3173 5506 3219 5539 ⁸⁸
3254 5505 3363 5561 Tit.
3405 5518 3488 5569 ιιι,

1684 5583 1728 5614 ⁸⁸
1762 5583 1892 5637 Luc.
1940 5597 2041 5643 vn,
2072 5583 2140 5635 57
2168 5597 2319 5648 seqq.

1309 5653 1354 5683 ⁷³
1378 5654 1547 5708 Εε·ε1ἱ.
1584 5669 1655 5717 tv,
1688 5654 1737 5707 Ι.
1808 5655 1852 5685 ⁷³

2404 5580 2449 5611 ⁶⁹
2482 5580 2636 5633 [‘ruv.
2671 5595 2749 5640 ιιι,
2778 5579 2831 5634 3.
2916 5579 2963 5610 ⁷⁸
2988 5578 3026 5632 ll
3060 5578 3186 5633 Cor.
3233 5593 3347 5643 vni,
3396 5575 3489 5628 Εἰ.

1876 5653 2006 5707 ibid.
2032 5653 2086 5714 *2,
2114 5654 2165 5705 3.
2250 5653 2296 5682 τ⁵
2327 5651 2485 5707 Prov.
2514 5668 2586 5714 xl,
2627 5649 2707 5703 I7.
2799 5650 2842 5680 τε
2869 5648 3005 5705 Osce
3038 5666 3091 5715 χ,
3124 5650 3209 5705 l2.
