3898 6304
84 264 219 327 ίῗῗῗι

1024 261 1350 322 HOMILIA
1392 260 1600 321 XCIX.
1632 286 1697 296 ρ-
1728 259 1826 321 DE
1862 236 2373 322 VISITATIONE.

3187 256 3322 322 1734

76 384 207 435 θεὸν
239 379 411 449 Λόγον
448 378 861 441 ἐπισκέπτεται,
914 376 1098 441 καθὼς
1144 377 1309 441 αὐτὸς
1350 378 1641 448 μαρτυρεῖ.

1757 384 1812 431 et
1838 376 2077 433 visitatis
2103 391 2187 431 me
2215 376 2281 430 ".
2318 395 2335 426 ι
2372 373 2475 442 Qui
2506 374 2672 446 igitur
2700 383 2951 446 :egrotos,
2987 384 3081 431 aut
3105 391 3326 434 carem:

77 477 198 528 Ὀτι
220 474 273 528 δὲ
300 473 461 527 καλὸν
488 472 546 526 τὸ
568 469 993 525 ἐπισκέπτεσθαι
1015 469 1305 539 ὀρφανοὺς,
1332 469 1426 521 καὶ
1451 469 1646 539 χήρας,

77 570 135 620 ἰν
154 569 229 637 ’τῇ
261 565 438 635 θλίψει
467 564 667 627 αὐτῶν,
716 563 810 616 καὶ
848 560 1208 624 πολυτέκνους
1250 560 1511 631 πένητας,
1543 560 1649 629 μά-

75 658 229 713 λιστα
252 658 308 710 δέ
343 655 559 726 πρῶτον
589 655 684 708 καὶ
713 656 837 715 τοὺς
868 652 1102 714 οἰκείους
1126 652 1222 722 τῆς
1251 652 1509 717 πίστεως,
1543 650 1651 703 πᾶ-

78 767 162 803 σιν
211 748 451 821 πρόδηλα
498 748 591 800 καὶ
636 745 1003 817 ἀναντίρῤητᾶ
1054 746 1221 797 ἐστιν.
1270 743 1392 796 Ὂτι
1444 742 1502 795 δὲ
1557 743 1651 825 καὶ

77 840 237 922 τοῦτο
265 841 428 894 καλὸν
456 841 548 894 καὶ
579 839 851 907 ὠφέλιμον
880 840 946 908 τῇ
981 839 1043 919 ἐν
1080 837 1123 889 Χ
1134 834 1302 906 ρισ’τῷ
1330 833 1650 903 ἀδελφότητι

76 914 204 995 τοὺς
265 932 653 1001 δαιμονιῶντας
718 914 1177 986 ἐπισκέπτεσθαι,
1244 926 1338 978 καὶ
1399 923 1697 994 εὔχεσθαι.

78 1024 264 1076 ἐπάνω
306 1022 484 1076 αὐτῶν
534 1020 697 1090 εὐχὴν
730 1019 808 1077 τῶ
847 1018 966 1089 Θεῴ
1008 1018 1382 1089 ἀρέσκουσαν;
1425 1008 1648 1080 πιστῶς,

78 1116 174 1168 καὶ
220 1113 295 1185 μὴ
330 1106 417 1165 ’ἐκ
468 1098 769 1172 συνθέσεως
816 1112 987 1177 λόγων
1043 1109 1286 1173 πολλῶν,
1336 1107 1369 1178 ἧ
1424 1106 1653 1176 μελέτας

80 1203 423 1274 ἑξορκισμῶν
457 1204 593 1273 πρὸς
634 1202 893 1266 ἐπίδειξιν
940 1199 1483 1271 ἀνθρωπαρεσκείας,
1517 1197 1654 1269 πρὸς

79 1295 140 1347 τὸ
158 1294 404 1363 φανῆναι
436 1293 716 1355 εὑλάλους,
744 1291 778 1361 ἦ
810 1292 1088 1361 μνήμονας
1111 1290 1277 1359 ἡμᾶς,
1309 1289 1462 1358 δίκην
1487 1287 1649 1339 αὐλοῦ

79 1384 346 1454 ἠχοῦντας
401 1382 536 1454 πρὸς
587 1382 714 1441 τοὺς
757 1378 1200 1451 ἐνεργουμένους,
1250 1377 1516 1448 φλυαρίας
1564 1377 1655 1432 καὶ

81 1466 464 1543 βαττολογίας,
509 1473 603 1525 καὶ
656 1472 757 1524 οὐκ
812 1473 868 1523 ἐν
916 1471 1095 1521 πίστει
1144 1468 1427 1539 ἀληθείας,
1476 1467 1656 1531 καθὼς

78 1566 319 1631 ἐδίδαξεν
350 1566 377 1617 ὁ
408 1563 613 1635 Κύριος
638 1579 653 1595 ο
697 1562 857 1615 τοῦτο
887 1560 994 1630 γάρ
1035 1576 1216 1628 φησιν’
1258 1579 1275 1610 ι
1311 1559 1384 1614 Τό
1410 1560 1566 1625 γένος
1598 1561 1656 1613 ἐν

79 1657 356 1724 προσευχῇ
380 1656 609 1713 ἐκτενεῖ,
643 1654 738 1705 καὶ
780 1653 961 1706 πίστει
988 1652 1125 1721 μετὰ
1149 1651 1420 1721 νηστείας,
1440 1650 1657 1720 ἐξέρχε-

1752 476 2020 532 retentos,
2067 467 2307 536 denique
2339 466 2533 536 quavis
2584 468 2910 522 necessitate
2963 467 3161 523 misere
3195 470 3331 524 allls-

1751 564 1871 609 ctos
1904 556 2196 620 intervisit,
2224 558 2361 610 ‘eum
2393 557 2607 624 utique,
2648 555 2886 624 ipsomet
2932 564 3090 620 teste,
3121 558 3327 622 visitat,

1752 646 1845 716 qui
1908 647 2082 701 nostri
2128 661 2293 702 causa
2333 662 2541 717 pauper
2577 647 2691 701 ﬁeri
2722 648 2914 709 voluit,
2980 665 3179 720 nempe
3234 652 3329 705 Det

1748 736 2013 793 'V'erbum.
2068 739 2214 793 Nulli
2248 739 2476 808 proinde
2507 753 2634 792 reor
2660 753 2781 794 esse
2818 739 3139 806 obscurum,
3166 758 3330 811 quam

1754 829 1961 883 bonum
2016 828 2087 883 sit
2129 829 2368 899 pupillos
2421 824 2636 901 1184
2686 843 2751 884 ac
2795 831 2991 884 viduas
3020 833 3073 884 in
3105 832 3333 887 tribula-

1756 920 1904 974 tione
1929 934 2120 973 eorum
2142 918 2389 982 visitare,
2425 935 2694 988 pauperes
2717 918 2943 989 insuper
2963 936 3101 990 quns
3126 933 3331 990 prmter

1754 1008 1967 1079 privam
2016 1009 2303 1078 penuriam
2353 1008 2613 1078 degravat
2648 1024 2713 1063 ac
2767 1010 2966 1077 premit
3020 1010 3332 1066 fecunditas

1754 1096 1996 1157 ﬁliorum
2028 1117 2040 1151 :
2069 1099 2124 1154 iu
2161 1099 2351 1172 primis
2377 1108 2556 1154 tamen
2586 1108 2640 1153 et
2663 1101 2907 1153 omnium
2945 1102 3177 1155 maxime
3211 1103 3331 1158 il'os

1754 1191 1801 1245 si
1845 1192 2039 1247 visites
2078 1191 2173 1260 qui
2230 1184 2518 1245 domestici
2556 1199 2686 1244 sunt
2733 1189 2883 1259 ﬁdei,
2928 1192 3032 1246 hoc
3082 1194 3202 1247 esse
3226 1195 3330 1247 vir-

1756 1284 1895 1338 tutis
1923 1299 2084 1354 opus,
2105 1284 2310 1337 nemini
2333 1293 2518 1353 putem
2542 1285 3091 1339 controversartdum.
3114 1286 3331 1340 Rursus

1755 1376 1880 1446 quis
1913 1376 2194 1431 inﬁcietur
2229 1376 2444 1431 eximia:
2475 1374 2757 1445 cujusdam
2810 1390 2931 1429 esse
2980 1377 3241 1430 bonitatis
3275 1385 3333 1430 et
3394 1434 3405 1442 ,

1756 1466 1965 1524 alenda:
1987 1468 2221 1522 fratrum
2253 1467 2541 1522 dilectioni
2576 1469 2717 1536 (qua:
2744 1466 2797 1520 in
2824 1466 3044 1522 Christo
3067 1468 3171 1536 est)
3198 1484 3327 1538 per-

1756 1542 1920 1628 quam
1955 1559 2106 1622 utile,
2165 1559 2492 1612 intervisere
2542 1573 2640 1612 eos
2684 1559 2778 1628 qui
2831 1558 3031 1613 infesto
3080 1560 3329 1614 (la-mone

1756 1651 2015 1721 quopiam
2037 1650 2406 1706 divexantur?
2427 1665 2595 1719 super
2617 1650 2740 1704 illos
2766 1666 2926 1704 unam
2946 1650 3182 1721 aliquam
3208 1668 3332 1721 quae

78 1764 189 1801 ται.
223 1764 243 1796 ι
288 1745 584 1814 Νηφόντως
617 1743 711 1798 οὖν
747 1743 837 1796 τὸν
885 1743 1159 1813 κάμνοντα
1204 1742 1651 1812 ἐπισκεψώμεθα,

1759 1738 1871 1793 Deo
1905 1739 2141 1808 placeat,
2176 1737 2463 1792 effundere
2483 1738 2810 1803 orationem,
2835 1737 2940 1793 ﬁde
2964 1739 3138 1809 magis
3166 1755 3329 1809 quam

74 1836 153 1902 ὡς
178 1838 240 1889 ἐν
269 1835 542 1904 πνεύματι
574 1833 974 1897 ταπεινώσεως.
1007 1831 1188 1887 Καλὸν
1230 1828 1323 1886 οὖν
1357 1832 1417 1893 τὸ
1448 1848 1649 1899 συγκο-

78 1929 214 2000 πιᾷν
244 1929 357 1988 τοῖς
386 1928 688 1996 κάμνουσιν
713 1923 983 1994 ἀδελφοῖς,
1016 1924 1094 1991 ᾡς
1133 1923 1365 1997 εἴρηται,
1392 1921 1459 1976 δι’
1482 1922 1653 1991 ἀγρυ-

80 2017 279 2082 πνιῶν,
318 2017 412 2070 καὶ
456 2015 738 2087 νηστειῶν,
785 2016 880 2068 καὶ
907 2014 1083 2085 εὐχῶν
1128 2011 1654 2084 ιίέιδιαλείιιττων.Ἑρ⁹

78 2095 217 2180 ῥέθη
244 2108 356 2178 γὰρ
385 2099 493 2159 ὐπδ
539 2105 633 2158 τοῦ
667 2105 898 2176 Κυρίου,
928 2122 947 2154 ι
983 2104 1245 2169 Δαιμόνια
1285 2101 1595 2165 ἐκϐάλλετε,
1628 2120 1647 2154 ι

84 2197 227 2267 μετὰ
274 2196 369 2250 καὶ
406 2194 514 2249 τῶν
561 2194 737 2249 ἄλλων
786 2194 1022 2248 ίάσεωνο
1084 2211 1103 2244 ι
1135 2192 1355 2264 Δωρεὰν
1406 2192 1651 2254 ἐλάϐετε,

80 2287 293 2357 δωρεὰν
337 2287 477 2340 δότε.
513 2304 532 2337 ι
592 2271 778 2339 Πάντα
819 2284 877 2339 δὲ
935 2285 1324 2354 εὐσχημόνως,
1373 2285 1466 2337 καὶ
1511 2284 1655 2337 κατὰ

80 2378 258 2445 τάξιν,
291 2377 363 2440 ὡς
398 2376 598 2447 πρέπει
628 2376 937 2447 ἀνθρώποις
979 2376 1335 2447 φοϐουμένοις
1365 2375 1455 2430 τιν
1492 2374 1650 2431 Θεόν.

84 2468 411 2537 Ποιήσωμεν
463 2466 813 2537 παράκλησιν
870 2467 965 2520 καὶ
1016 2465 1366 2536 παραμυθίαν
1407 2464 1522 2518 τῶν
1570 2482 1656 2517 νο-

83 2555 326 2611 σούντων
347 2596 362 2621 ,
415 2555 449 2626 ἢ
487 2556 802 2625 καμνόντων
852 2555 1096 2625 ἀδελφῶν
1151 2554 1326 2625 ήμῶν.
1381 2553 1539 2606 Ἀλλὰ
1580 2553 1656 2624 μὴ

82 2645 424 2718 εὗρεθῶμεν,
455 2644 531 2709 ὡς
560 2645 610 2699 οἱ
641 2645 784 2713 φίλοι
822 2645 917 2699 τοῦ
948 2643 1091 2708 Ἰὼό,
1121 2641 1651 2712 .προσονειδίζοντες,

81 2736 163 2801 ὡς
182 2736 354 2800 είκὺς,
373 2735 617 2806 σφάλμα,
650 2734 684 2806 ἢ
709 2735 1015 2806 ἁμάρτημα
1046 2735 1156 2797 τοῖς
1197 2733 1444 2802 ἀδελφοῖς
1472 2733 1652 2805 ήμῶν,

81 2825 121 2917 η
150 2826 248 2881 καὶ
274 2827 335 2881 ὲν
369 2828 437 2898 τῇ
482 2825 681 2897 καρδίᾳ
710 2824 891 2896 ήμῶν,
942 2824 1195 2896 κρυπτῶς
1241 2824 1657 2895 κατακρίνοντες

84 2919 311 3002 αὐτοὺς,
344 2917 380 2990 ἢ
429 2917 490 2984 ἐξ
516 2917 849 2988 ἁπροσεξίας
876 2917 1164 2981 λαλοῦντες
1185 2917 1342 2987 λόγον
1365 2917 1657 2972 κεντοῦντα

1752 1830 2047 1885 verborum
2082 1829 2470 1899 multiplicium
2503 1828 2841 1905 conscientia
2893 1830 3195 1897 nitentem;
3233 1846 3332 1900 po-

1754 1920 1867 1975 tius
1900 1936 2063 1991 quam
2101 1921 2364 1975 exercitia
2396 1920 2487 1974 illa
2528 1921 2961 1993 exorcismorum
2991 1920 3058 1974 ad
3082 1929 3326 1976 ostenta-

1756 2014 1963 2068 tionem
1998 2012 2181 2068 studio
2223 2013 2532 2069 emerenda:
2566 2013 2853 2079 hominum
2884 2015 3092 2085 gratia},
3131 2024 3194 2070 ut
3224 2014 3328 2085 ipsi

1753 2102 2185 2173 beneloquentes
2213 2102 2500 2159 videamur
2528 2118 2592 2157 ac
2615 2103 3129 2169 memoriae'vivacis
3159 2104 3329 2169 ;dum

1754 2193 1979 2247 interim
2029 2192 2173 2262 apud
2207 2207 2608 2262 energumenos
2637 2192 2829 2248 ﬁstula:
2856 2194 3034 2259 instar
3070 2209 3332 2263 persona-

1755 2299 1879 2339 mus
1918 2299 2099 2340 meras
2142 2300 2316 2355 nugas
2361 2268 2798 2355 ac'battologias,
2839 2301 2948 2339 non
2981 2287 3107 2340 item
3137 2286 3189 2339 in
3222 2285 3330 2341 ﬁde

1753 2375 2024 2441 veritatis,
2057 2375 2522 2445 quemadmodum
2553 2375 2714 2431 nobis
2750 2392 2847 2432 sua
2892 2376 3142 2432 doctrina
3197 2394 3310 2447 pra:

1756 2467 1979 2537 scripsit
2022 2467 2326 2522 Dominus?
2374 2458 2469 2525 Ait
2504 2469 2651 2522 enim
2688 2486 2701 2522 :
2743 2488 2760 2519 ι
2801 2468 2916 2537 Hoc
2958 2477 3108 2525 certe
3159 2484 3334 2540 genus

1756 2558 1812 2612 in
1835 2557 2087 2611 oratione
2110 2558 2317 2612 intenta
2347 2565 2402 2612 et
2429 2557 2555 2629 (ﬁde
2580 2558 2727 2628 cum)
2755 2558 2965 2629 jejunio
2981 2558 3200 2629 ejicitur
3219 2557 3285 2610 ".
3305 2576 3325 2609 ι

1755 2635 2067 2705 Prudenter
2116 2646 2300 2716 itaque
2327 2657 2381 2701 et
2418 2655 2479 2702 ut
2524 2646 2694 2717 exigit
2719 2648 3005 2715 decorum,
3050 2649 3107 2703 in
3133 2649 3332 2719 spiritu

1756 2736 2082 2803 humiliatis,
2128 2738 2210 2793 sic
2247 2748 2521 2807 aegrotans
2564 2739 2725 2794 nobis
2753 2739 3061 2794 visitandns
3088 2750 3191 2795 est.
3223 2740 3331 2794 Bo-

1756 2844 1887 2883 num
1916 2842 2046 2883 sane
2065 2838 2152 2884 est
2174 2828 2514 2884 collaborare
2540 2828 2825 2895 fratribus,
2859 2846 2960 2885 ceu
2990 2831 3198 2886 dictum
3225 2840 3332 2899 cst,

1758 2918 1853 2989 qui
1885 2919 2080 2974 morbo
2118 2920 2377 2990 quopiam
2409 2920 2738 2976 aliiictantur
2781 2932 2836 2978 et
2868 2923 3141 2991 laborant,
3170 2925 3333 2996 idque

86 3009 326 3073 αὐτούς·
380 3008 476 3062 καὶ
527 3009 935 3082 ἁμαρτήσωμεν
984 3011 1066 3073 είς
1130 3009 1263 3063 Θεὸν
1323 3009 1384 3063 ἐν
1441 3010 1654 3081 ἀγνοίᾳ.

1759 3022 1858 3080 per
1880 3006 2115 3076 vigilias,
2138 3008 2348 3079 jejunia
2371 3017 2426 3063 et
2448 3010 2752 3066 indivulsas
2781 3013 3078 3089 orationes.
3117 3016 3331 3071 Dictum

86 3100 403 3171 Γέγραπται
440 3101 545 3181 γὰρ
580 3101 640 3154 ἐν
684 3102 804 3164 ταῖς
849 3099 1203 3171 Παροιμίαις,
1235 3119 1255 3151 ι
1287 3101 1384 3164 Ὃς
1426 3101 1659 3171 φράσσει

85 3192 156 3246 τὰ
184 3186 300 3246 ὦτα
330 3191 518 3257 αὑτοῦ,
555 3192 651 3247 τοῦ
685 3192 761 3269 μή
807 3192 1039 3247 ἀκοῦσαι
1067 3191 1347 3255 ἀσθενοῦς,
1378 3194 1471 3246 καὶ
1499 3193 1661 3256 αὐτὸς

86 3282 474 3337 ἐπικαλέσεται
500 3282 722 3355 Κύριον,
746 3285 841 3343 καὶ
890 3285 991 3337 οὐκ
1020 3283 1398 3339 είσακούσεται
1425 3282 1612 3339 αὑτοῦ.
1634 3299 1652 3333 ι

87 3370 291 3438 Καθὼς
326 3393 489 3447 φησιν
515 3378 545 3431 ὁ
580 3375 724 3443 Ἷὼσ,
764 3396 785 3430 ι
810 3378 884 3432 Οὐ
918 3377 1202 3448 προσεῖδόν
1240 3392 1308 3447 με
1348 3378 1399 3429 οἱ
1427 3376 1660 3445 ἐγγύτασ

88 3468 172 3520 τοί
204 3484 337 3538 μου·
375 3468 682 3540 θεράποντα
712 3486 816 3539 μου
858 3469 1113 3549 ἐκάλεσα,
1145 3469 1238 3523 καὶ
1285 3469 1384 3538 οὐχ
1423 3468 1664 3537 ὑπήκου-

92 3556 188 3608 σὲν
221 3572 322 3626 μου
348 3571 363 3587 ο
399 3554 576 3625 στόμα
594 3554 664 3609 ,δέ
695 3569 797 3623 μου
841 3555 1117 3608 ἱκέτευσεν
1144 3554 1244 3622 τὴν
1272 3553 1504 3621 γυναῖκά
1531 3568 1658 3622 μου,

90 3644 388 3715 ἀλλογενὴς
439 3644 589 3714 ήμην
642 3643 774 3714 παρ’
822 3644 1035 3707 αὐτοῖς’
1102 3638 1277 3697 οἰκεία
1340 3642 1446 3715 γὰρ
1500 3641 1663 3696 παντὶ

87 3729 274 3801 θνητῷ
303 3730 395 3798 γῆ.
434 3746 452 3779 ι
487 3729 599 3782 Kal
638 3729 797 3792 ἄλλος
827 3730 990 3799 σοφός
1013 3745 1027 3759 ·
1067 3750 1085 3782 ι
1114 3731 1206 3801 Μὴ
1249 3730 1411 3786 ὤκνει
1439 3729 1662 3784 ἐπισκέ-

90 3816 329 3873 πτεσθαι
365 3812 703 3891 ἀρρώστους.
734 3838 754 3873 ι
795 3820 853 3873 Ὀ
892 3820 949 3874 δὲ
991 3819 1282 3882 Ἰάκωϐος”
1337 3839 1354 3870 ι
1386 3817 1662 3892 Θρησκεία

90 3912 313 3984 καθαρὰ
335 3913 432 3966 καὶ
463 3913 727 3981 ἀμίαντος
756 3911 907 3982 παρὰ
929 3909 1005 3983 τῷ
1039 3908 1157 3979 Θεῷ
1187 3909 1282 3963 καὶ
1312 3902 1488 3981 natth
1522 3907 1660 3978 αὕτη

91 4005 265 4068 ἐστὶν,
295 3999 721 4056 ἐπισκέπτεσθαι
750 4001 1018 4072 ὀρφανοὺς
1045 4001 1139 4054 καὶ
1171 4002 1342 4073 χήρας
1371 4001 1428 4054 ἐν
1457 3998 1521 4070 τῇ
1550 3998 1663 4053 θλί-

90 4094 185 4164 ψει
210 4093 389 4147 αὐτῶν
411 4092 677 4148 ’ἄσπιλον
708 4084 897 4146 ἑαυτὸν
921 4092 1109 4161 τηρεῖν
1139 4090 1247 4143 ἀπὸ
1273 4089 1366 4144 τοῦ
1397 4090 1655 4161 κόσμου.»

91 4184 206 4238 Kal
256 4186 285 4238 ὁ
334 4183 547 4248 Παῦλος
576 4200 590 4216 υ
632 4202 652 4236 ι
687 4181 1073 4254 Μιμνήσκεσθε
1111 4182 1219 4235 τῶν
1267 4180 1535 4251 δεσμίων,
1586 4179 1661 4243 ὥς

94 4274 611 4346 συνδεδεμένοι,τῶν
636 4274 1105 4344 κακουχουμένων,
1125 4273 1199 4338 ὡς
1223 4272 1317 4327 καὶ
1333 4271 1487 4326 αὐτοὶ
1512 4270 1661 4335 ὄντες

93 4365 154 4417 ἐν
188 4362 419 4434 σώματι.
443 4383 462 4416 ι
496 4363 605 4417 Kal
633 4348 861 4433 ἐπάγειλ
891 4381 908 4415 ι
930 4363 1016 4427 Ὠς
1040 4362 1230 4435 καιρὸν
1253 4362 1472 4433 ἔχομεν,
1493 4364 1659 4433 ἐργα-

94 4451 323 4522 σώμεθα
363 4451 426 4506 τὺ
461 4451 663 4520 ἀγαθὸν
718 4453 856 4523 πρὸς
889 4444 1117 4519 πάντας,
1156 4451 1389 4522 μάλιστα
1432 4451 1487 4503 δέ
1522 4451 1659 4522 πρὸς

92 4542 223 4605 τοὺς
252 4541 483 4605 οἰκείους
513 4543 611 4611 τῆς
649 4542 903 4606 πίστεως.
945 4561 966 4596 ι
1003 4542 1117 4597 Kal
1145 4540 1527 4611 Φιλιππήσιοις
1551 4556 1658 4610 φη-

96 4634 184 4688 σίν
208 4649 224 4666 ο
263 4650 283 4685 ι
317 4634 439 4687 Ὀτι
482 4633 708 4705 ἐν.ἀρχῇ
740 4632 834 4686 τοῦ
882 4632 1211 4702 Εὐαγγελίου
1268 4630 1491 4703 οὐδεμία
1536 4630 1661 4684 Ἐκ-

94 4722 305 4793 κλησίαρ
316 4721 673 4795 ἐκοινώνησεν
696 4739 786 4792 μοι
809 4723 889 4786 είς
909 4721 1063 4790 λόγον
1087 4721 1285 4785 δόσεως
1303 4721 1398 4774 καὶ
1424 4721 1660 4794 λήψεως,

92 4817 144 4869 εί
178 4814 254 4885 μὴ
284 4814 442 4884 ὑμεῖς
479 4813 652 4884 μόνοι,
681 4813 763 4867 ὃτι
792 4816 851 4867 ἐν
876 4811 1246 4885 Θεσσαλονίκῃ
1274 4811 1370 4866 καὶ
1399 4811 1547 4876 απαξ
1567 4812 1660 4865 καὶ

91 4900 175 4967 δὶς
202 4906 281 4968 είς
309 4903 407 4975 τήν
441 4904 628 4974 χρείαν
665 4920 754 4973 μοι
783 4902 1087 4973 ἐπέμψατε.
1135 4901 1352 4972 Ἀπέχω
1392 4901 1449 4956 δὲ
1483 4902 1662 4956 πάντα

94 4996 188 5050 καὶ
212 4994 521 5063 περισσεύω
542 5005 557 5023 ⁶
590 4992 958 5063 πεπλήρωμαι
988 4991 1280 5064 δεξάμενος
1346 4991 1498 5063 παρὰ
1534 4991 1660 5045 Ἐπ-

94 5083 386 5154 αφροδίτου
437 5082 504 5136 τὰ
559 5085 688 5154 παρ’
740 5081 927 5151 ὑμῶν,
959 5081 1136 5151 ὀσμὴν
1183 5081 1433 5147 εὐωδίας,
1470 5080 1660 5134 θυσίαν

91 5175 309 5244 δεκτήν,
339 5175 630 5245 εὐάρεστον
656 5172 734 5245 τῷ
758 5172 897 5245 Θεῷ.
935 5191 953 5224 ι
1001 5172 1066 5224 Τί
1104 5173 1160 5225 δὲ
1193 5171 1280 5226 διὰ
1306 5172 1513 5226 τούτων
1536 5188 1661 5225 παι-

90 5265 385 5335 δευόμεθα;
416 5258 510 5327 Τὸ,
548 5263 621 5334 μή
658 5265 817 5332 μόνον
853 5262 1279 5317 ἐπισκέπτεσθαι
1317 5264 1439 5327 τοὺς
1474 5261 1663 5333 χρείαν

91 5357 336 5427 ἔχοντας,
384 5356 519 5411 ἀλλὰ
563 5356 657 5411 καὶ
701 5342 1186 5425 προσαναπληροῦν
1214 5354 1280 5408 τὰ
1311 5354 1662 5425 ὑστερήματα

171 5560 218 5591 ’³
256 5561 447 5617 Matth.
517 5577 640 5625 χεν,
690 5561 779 5615 55.

78 5646 209 5689 -ιᾳς,
254 5635 332 5685 ιε.
474 5650 477 5653 λ
796 5650 802 5655 ”

881 5559 928 5593 νο
982 5524 1168 5615 Matth.
1217 5574 1360 5624 xvn,
1409 5557 1499 5613 eo.
1590 5544 1649 5592 ὐτ
1684 5558 1875 5614 Matth.
1914 5577 1969 5625 ι,
2018 5559 2101 5615 8.’
2188 5563 2234 5596 οι
2263 5563 2400 5620 ibid.

1760 3097 1908 3179 enim
1937 3112 1966 3151 a
2006 3098 2235 3153 Domino
2268 3107 2352 3154 est
2385 3119 2398 3153 :
2440 3118 2458 3151 ι
2488 3100 2767 3159 Βιιειιιὸηίιι
2797 3103 2978 3177 ejicite
3026 3104 3110 3171 ’7;
3148 3125 3167 3157 ι
3204 3122 3329 3161 cum

1759 3188 1993 3253 caneris,
2015 3189 2266 3245 sanitatis
2294 3192 2529 3260 gratuito
2549 3190 2896 3248 confere'ndae
2924 3193 3085 3248 donis
3110 3211 3124 3249 :
3155 3213 3173 3245 ι
3196 3194 3331 3248 Nam

1760 3281 1933 3350 gratis
1982 3281 2295 3351 accepistis,
2355 3283 2525 3352 gratis
2555 3281 2682 3338 date
2734 3283 2798 3338 ”.
2835 3303 2854 3335 ι
2908 3282 3101 3340 Omnia
3144 3295 3329 3341 autem

1760 3368 1991 3439 honeste
2024 3379 2080 3422 et
2121 3370 2425 3425 secundum
2479 3372 2729 3428 ordinem
2769 3373 3117 3444 transigenda
3171 3375 3333 3431 nobis

1761 3467 1890 3515 sunt
1925 3461 2046 3531 (ceu
2089 3476 2187 3515 eos
2220 3460 2451 3517 addecet
2495 3464 2589 3533 qui
2622 3473 2812 3520 sancte
2844 3465 3015 3520 Deum
3047 3469 3332 3537 verentur)

1760 3549 1829 3604 ad
1871 3548 2103 3604 fratrum
2144 3559 2458 3609 nostrorum
2497 3538 2934 3611 exhortationem
2979 3567 3036 3612 et
3084 3560 3336 3613 conseia.

1762 3639 1993 3705 tionem,
2040 3640 2133 3710 qui
2167 3649 2262 3695 aut
2312 3650 2581 3711 aegrotant
2603 3651 2698 3698 aut
2724 3644 2973 3701 laborum
3004 3647 3156 3716 gravi
3188 3648 3330 3706 mole

1759 3736 2110 3799 premuntur.
2156 3727 2322 3799 Atqui
2360 3731 2593 3785 solerter
2641 3734 3057 3801 providendum.
3111 3753 3180 3790 ne
3228 3737 3331 3791 de.

1761 3819 2172 3890 prehendamur
2228 3821 2403 3877 nihilo
2459 3820 2757 3877 dissimiles
2805 3823 2997 3878 amicis
3027 3825 3151 3891 Job,
3205 3843 3329 3889 cum

1761 3909 1969 3983 probro
1992 3911 2318 3983 objicientes
2334 3912 2602 3969 fratribus
2620 3913 2921 3969 verisimile
2939 3915 3160 3985 aliquod
3179 3933 3333 3972 erra—

1760 4007 1899 4066 tum,
1937 4002 2053 4057 sive
2106 4002 2293 4073 etiam_
2319 4012 2625 4074 peccatum,
2658 4014 2753 4060 aut
2800 4004 2856 4061 in
2908 4021 3107 4061 arcano
3147 4008 3332 4067 cordis

1760 4091 1953 4173 nostri
1976 4108 2197 4148 recessu
2250 4094 2377 4150 illos
2398 4094 2859 4165 ,condemnantes,
2895 4105 2989 4155 ant
3016 4109 3168 4153 certe
3199 4099 3329 4162 dum

1761 4182 2022 4239 inattenti
2075 4200 2179 4240 nec
2217 4187 2350 4241 satis
2377 4187 2616 4263 providi,
2655 4188 2880 4268 verbum
2915 4189 2969 4243 in
3000 4189 3123 4246 illos
3148 4191 3332 4268 dolor.

1761 4288 1996 4343 quemus
2026 4275 2172 4345 quod
2199 4291 2390 4331 eorum
2429 4277 2665 4334 animam
2704 4264 2827 4334 urat
2856 4291 2911 4334 et
2943 4291 3149 4351 pungat
3178 4300 3191 4336 :
3222 4264 3329 4353 qua

1692 4368 1869 4423 Duna
1918 4380 1976 4420 re
2023 4365 2161 4421 nulli
2219 4366 2449 4421 dubium
2501 4360 2657 4439 quin
2691 4368 2746 4423 in
2794 4370 2966 4424 Deum
3016 4386 3329 4441 peccemus.

1756 4451 2032 4523 Scriptum
2051 4453 2198 4509 enim
2219 4466 2301 4510 est
2321 4455 2374 4510 in
2392 4456 2734 4517 Proverbiis:
2758 4477 2776 4509 ι
2801 4457 2905 4527 Qui
2932 4460 3153 4516 obturat
3167 4478 3332 4525 aures

1753 4554 1886 4596 suas
1903 4557 1973 4596 ne
1998 4543 2187 4599 audiat
2216 4544 2516 4611 inﬁrmum,
2551 4542 2667 4615 ipSe
2694 4547 2972 4605 invocabit
3013 4549 3325 4620 Dominum,

1756 4640 1815 4687 et
1838 4632 2107 4689 Dominus
2129 4650 2239 4689 non
2264 4634 2525 4691 exaudiet
2543 4642 2675 4693 'eum
2701 4638 2800 4692 ⁸⁸.)
2829 4638 2982 4694 Sicut
3010 4649 3065 4695 et
3093 4641 3189 4696 Iob
3212 4641 3324 4698 ait:

1766 4742 1785 4776 ι
1813 4725 1931 4780 Non
1954 4735 2285 4798 aspexerunt
2307 4743 2393 4782 me
2416 4729 2647 4798 proximi
2672 4729 2778 4785 mei
2806 4746 2818 4783 :
2850 4728 3111 4786 famulum
3144 4748 3330 4795 meum
3428 4771 3440 4782 .

1761 4817 1976 4883 vocavi,
2011 4825 2066 4871 et
2098 4833 2207 4871 non
2238 4818 2483 4873 obedivit
2516 4820 2672 4884 mihi,
2704 4835 2799 4876 ore
2827 4830 3009 4876 autem
3047 4824 3325 4893 supplieas

1763 4904 1888 4959 bam
1932 4920 2155 4961 uxorem
2201 4922 2421 4962 meam:
2456 4908 2765 4979 alienigena
2816 4925 2965 4965 eram
2999 4913 3141 4981 apud
3186 4928 3325 4968 eos:

1763 4994 1961 5051 domus
1999 4998 2147 5052 enim
2199 4999 2348 5053 omni
2402 5000 2639 5063 mortali,
2678 5009 2823 5056 terra
2858 5001 2896 5055 ¹.
2936 5020 2954 5053 ι
3002 5003 3155 5057 Alius
3197 5003 3329 5061 item

1765 5084 1996 5157 Sapiens
2033 5088 2157 5143 ait:
2206 5109 2225 5140 ι
2267 5089 2345 5144 Ne
2412 5090 2696 5160 pigriteris
2740 5090 2964 5147 visitare
2996 5103 3233 5163 :cgrotos
3308 5117 3326 5146 ι

1763 5178 2002 5233 Jacobus
2045 5190 2227 5236 autem
2266 5198 2279 5234 :
2319 5199 2337 5231 ‹
2379 5180 2591 5251 Religio
2638 5183 2841 5236 munda
2896 5193 2950 5238 et
2984 5185 3329 5240 immaculata

1766 5270 1910 5339 apud
1941 5270 2113 5325 Deum
2161 5272 2377 5326 Patrem
2408 5271 2524 5326 haec
2557 5281 2640 5326 est
2670 5289 2684 5326 :
2716 5273 2941 5328 visitare
2988 5275 3226 5344 pupillos
3276 5285 3332 5330 et

1765 5359 1961 5414 viduas
1989 5360 2065 5414 in'
2092 5360 2450 5416 tribulatione
2479 5376 2694 5428 eorum,
2734 5370 2790 5417 ct
2819 5362 3228 5418 immaculatum
3272 5379 3332 5420 so

2522 5567 2581 5599 ’ν
2602 5565 2764 5621 Prov.
2831 5582 2917 5620 nt
2945 5607 2959 5632 ,
3000 5565 3084 5621 l5.
3183 5566 3200 5599 ¹
3230 5567 3335 5625 Job
