4014 6310
556 295 715 365 1743

1826 288 2195 354 ANTIOCHI
2234 288 2578 352 MONACHI
2619 295 2622 298 ’

3727 276 3862 345 17“

555 412 746 475 nibus,
774 409 941 476 inque
976 401 1172 458 cellula
1191 401 1450 473 quapiam
1471 399 1646 456 dedas
1672 407 1726 455 te
1748 398 2044 465 custodia,
2076 413 2141 454 ae

2252 397 2381 453 ἁλλὰ
2427 398 2553 451 τότε
2607 395 2780 462 λαλεῖ,
2814 395 2946 451 ὅταν
2978 394 3116 468 θέλῃ
3152 393 3328 447 αὑτὸν
3356 392 3389 446 ὁ
3411 391 3556 455 Θεὸς
3583 389 3854 461 λαλῆσαι-

550 499 789 561 salveris
840 511 943 554 ceu
994 509 1194 565 caprea
1241 493 1431 549 vitatis
1487 492 1703 563 laqueis
1782 491 2024 557 assolet,
2080 498 2140 546 et

556 593 711 666 quasi
744 591 863 647 avis
891 604 922 644 e
963 586 1195 642 reticulo
1227 584 1478 655 aucupis.
1511 582 1720 654 Laqoei
1747 583 1897 639 enim
1941 592 1999 639 et
2045 599 2141 655 pe-

555 688 694 744 dica
712 694 841 743 sunt
859 679 1239 752 aspirantihus
1253 676 1323 733 ad
1344 677 1604 741 salutem,
1629 678 1980 733 saecularium
2010 693 2143 733 con-

557 791 800 850 gressus,
830 788 894 828 ac
928 771 1155 842 prolixae
1219 784 1416 826 eorum
1464 768 1948 824 confabulationes
1980 783 2141 822 men-

560 881 670 924 tem
699 880 931 939 prorsus
959 870 1191 917 avocant
1232 877 1262 915 a
1302 860 1397 916 Dei
1439 860 1840 932 gloriﬁcatione
1883 868 1943 916 et
1972 860 2137 930 spiri-

559 960 691 1015 tnali
721 957 931 1014 laetitia.
964 956 1045 1011 Eo
1066 956 1370 1011 etiamnum
1414 953 1588 1023 ipsam
1624 953 1856 1024 adigunt
1893 953 2142 1009 necessi-

560 1051 711 1115 tatis,
743 1057 805 1105 ut
859 1047 1012 1103 aliud
1076 1046 1215 1101 nihil
1270 1045 1679 1116 contempletur
1709 1061 1877 1114 quam
1919 1045 2142 1099 illorum

561 1141 902 1211 vaniloquia,
953 1139 1110 1209 juxta
1154 1137 1550 1194 Parmmiasteu
1582 1154 1594 1189 :
1633 1155 1653 1187 ι
1692 1136 1923 1205 Decepit
1957 1143 2141 1190 autem

556 1252 685 1293 eum
730 1235 905 1290 multo
938 1244 1216 1289 sermone.
1257 1229 1443 1285 verbis
1492 1236 1676 1283 autem
1729 1229 2002 1283 labiorum
2039 1229 2144 1282 im-

559 1331 711 1401 pegit
739 1342 867 1382 eum
896 1326 961 1380 “.
1002 1344 1026 1376 ο
1065 1323 1225 1390 Quod
1270 1322 1316 1378 si
1376 1323 1605 1393 propius
1651 1336 1753 1376 nos
1795 1321 2024 1384 adeunt,
2074 1321 2144 1377 de

558 1422 759 1478 anima:
791 1417 1019 1475 salutari
1052 1417 1291 1471 utilitate
1321 1415 1656 1479 consulturi,
1681 1430 1808 1468 cum
1837 1413 1957 1469 istis
1981 1415 2147 1470 liceat

562 1523 752 1568 texere
781 1522 1097 1565 sermonem
1135 1521 1261 1561 eum
1294 1504 1589 1560 verborum
1623 1504 1990 1575 compendio,
2023 1521 2147 1575 qum

561 1604 771 1674 alioqui
802 1601 994 1656 divino
1018 1598 1243 1653 condita
1273 1596 1387 1652 sint
1420 1596 1555 1661 sale,
1597 1606 1654 1651 et
1676 1596 1829 1651 illinc
1863 1612 1967 1652 nos
1991 1604 2148 1651 aetn—

564 1703 682 1748 tum
733 1689 1126 1761 proripiamus.
1165 1687 1298 1742 Plus
1350 1687 1499 1740 enim
1546 1686 1649 1741 hac
1679 1694 1867 1741 nostra
1902 1685 2145 1749 brevilo-

2245 492 2412 545 Ὅταν
2439 485 2534 544 οὖν
2564 504 2710 553 τινες
2733 486 3159 557 παραϐάλλωσιν
3225 482 3513 553 ὠφελείας
3543 484 3747 555 χάριν,
3768 488 3857 537 καὶ

2242 582 2460 651 ἔχουσιν
2495 580 2679 633 πίστιν
2722 578 2868 632 θείου
2903 577 3261 646 [Ινεὺματος.
3299 573 3663 648 ενοπςώτοις
3696 575 3858 644 γένη-

2241 689 2331 727 ται
2357 669 2597 735 ἔντευξις
2619 669 2757 740 πρὸς
2780 669 2871 722 τὸν
2900 668 3035 722 Θεὸν
3056 668 3189 737 περὶ
3212 667 3466 720 πάντων.
3496 666 3616 719 Καὶ
3649 665 3781 718 adu
3802 665 3859 718 τὸ

2243 760 2386 812 θεῖον
2435 758 2663 828 Πνεῦμα
2688 759 2894 830 πληροῖ
2920 758 3015 810 τὸν
3037 756 3359 827 ἄνθρωπον,
3393 758 3502 810 καὶ
3526 753 3856 826 πληρωθεὶς

2242 851 2415 917 λαλεῖ,
2438 852 2620 916 καθὼς
2665 854 2695 905 ὁ
2736 851 2944 921 Κύριος
2993 848 3246 918 βούλεται
3276 864 3291 878 ·
3336 848 3611 920 periisset
3656 850 3724 902 se
3768 849 3859 902 τώ

2246 945 2483 1014 σωθῆναι
2509 944 2687 997 πάντα
2712 940 3025 1013 ἄνθρωπον.
3055 941 3235 995 Καλὸν
3282 942 3392 1011 μὲν
3419 941 3489 994 τὸ
3534 940 3637 994 διὰ
3688 940 3864 1009 λόγων

2243 1035 2474 1104 ὠφελεῖν
2522 1037 2653 1100 τοὺς
2712 1035 3157 1105 πυνθανομένους
3181 1052 3194 1066 ·
3233 1037 3509 1103 κρεῖσσον
3557 1033 3625 1086 δὲ
3683 1032 3753 1085 τδ
3792 1032 3859 1084 δι’

2247 1129 2447 1200 ἀρετῆς
2485 1130 2581 1185 καὶ
2628 1128 2947 1199 ,προσευχῆς
3003 1129 3289 1197 συνεργεῖν
3325 1127 3558 1189 αὐτοῖς.
3592 1125 3731 1195 Χρὴ
3768 1121 3863 1180 ὥς

2246 1222 2373 1284 τοὺς
2420 1218 3022 1293 θέλονταςλκτήσασθαι
3075 1220 3139 1272 τὸ
3202 1220 3417 1288 πλῆθος
3459 1219 3588 1272 τῶν
3611 1220 3861 1289 ἀρετῶν,

2249 1315 2389 1383 μήτε
2438 1312 2599 1382 δόξης
2651 1312 2925 1382 ἐφίεσθαι,
2966 1314 3107 1383 μήτε
3150 1312 3372 1376 πολλοῖς
3419 1313 3857 1382 συντυγχάνειν,

2247 1407 2429 1470 καθὼς
2465 1407 2683 1477 εἴρηται
2714 1421 2729 1438 ⁶
2765 1404 3184 1476 μήτε-προόδοις
3211 1405 3475 1474 συνεχέσι
3516 1404 3858 1474 κεχρῆσθαι,

2246 1500 2280 1571 ἢ
2316 1500 2579 1569 λοιδορεῖν
2606 1515 2781 1561 τινας,
2808 1501 2856 1551 ει
2885 1497 2982 1550 καὶ
3017 1498 3083 1551 oi'
3101 1497 3524 1567 λοιδορούμενοι
3552 1498 3661 1568 τῆς
3690 1497 3861 1555 λοιδο-

2251 1593 2371 1665 ρίας
2425 1595 2566 1647 εἰσὶν
2609 1594 2774 1660 ἄξιοιο
2820 1595 2959 1665 μήτε
3015 1591 3187 1647 πολλὰ
3230 1593 3472 1663 ὁμιλεῖν,
3507 1593 3622 1646 κᾶν
3680 1594 3863 1647 nim

2249 1687 2393 1740 καλὰ
2420 1687 2602 1755 λέγειν
2641 1686 2916 1740 δύναιντο.
2961 1687 3026 1740 Ἦ
3053 1685 3166 1754 γὰρ
3197 1686 3507 1754 πολυλογία
3528 1688 3564 1755 ἡ
3584 1687 3859 1758 ἄμετρος,

563 1784 793 1856 quentia
848 1779 1293 1844 aedilicabun'tur,
1320 1794 1486 1849 quam
1537 1777 1584 1833 si
1620 1777 1997 1848 longissimam
2019 1792 2148 1831 ora-

2252 1776 2638 1847 διαφθείρουσα
2653 1778 2745 1829 τὸν
2771 1776 3000 1838 νοῦν,οὐ
3034 1778 3197 1846 μόνον
3233 1779 3366 1847 περὶ
3399 1790 3511 1846 τήν
3539 1795 3862 1846 πνευματι-

567 1879 779 1933 tionem
835 1889 1199 1946 prorogemus
1257 1872 1328 1929 de
1384 1872 1553 1928 rebus
1610 1871 1824 1926 mundi.
1883 1869 2043 1936 Quod
2103 1870 2148 1924 si

565 1970 842 2042 quispiam
892 1968 1139 2036 objiciat,
1167 1966 1302 2037 quid
1358 1965 1551 2036 utique
1601 1964 1804 2020 Paulus
1842 1964 1909 2018 ad
1932 1974 2148 2017 noetcm

566 2077 745 2133 usque
773 2061 1160 2130 intempestam
1190 2059 1392 2127 legitur
1419 2057 1767 2128 protendisse
1793 2070 2104 2110 sermonem
2132 2071 2150 2119 ;

565 2156 806 2225 primum
843 2153 976 2209 huic
1018 2151 1432 2222 responderim,
1461 2150 1609 2220 quod
1641 2151 1711 2204 ab
1734 2150 1818 2204 eis
1843 2157 1992 2204 esset
2026 2162 2149 2200 mox

568 2246 880 2307 soluturus,
919 2242 1123 2298 deinde
1173 2242 1303 2312 quia
1344 2256 1538 2295 recens
1569 2249 1730 2295 erant
1758 2239 1941 2299 edocti
1972 2239 2151 2307 prima

571 2337 700 2393 ﬁdei
733 2336 1072 2399 rudimenta.
1103 2334 1261 2389 Tunc
1288 2333 1438 2396 enim
1464 2333 1703 2402 primum
1728 2332 1837 2401 jaci
1872 2334 2154 2401 coeperant

570 2429 929 2485 fundamenta
965 2426 1092 2481 ﬁdei
1134 2441 1233 2495 per
1287 2424 1735 2495 praedicationem
1782 2420 2043 2476 ferendae.
2070 2419 2152 2474 Ad

571 2522 710 2586 haec,
734 2522 937 2577 Paulus
970 2520 1181 2590 Spiritu
1210 2528 1404 2575 sancto
1434 2525 1556 2571 erat
1579 2517 1797 2586 plenus,
1822 2529 1950 2568 nam
1971 2522 2027 2567 et
2058 2526 2156 2581 per

570 2629 699 2670 eum
726 2613 843 2684 ipse
867 2612 1110 2682 Spiritus
1132 2610 1484 2680 loquebatur.
1508 2609 1905 2678 Argumentum
1927 2604 2156 2663 evidens

574 2705 723 2777 quod
751 2706 877 2774 quis
909 2704 1176 2773 Spiritum
1203 2713 1453 2757 sanctum
1487 2701 1711 2764 habeat,
1745 2700 1980 2769 primum
2035 2697 2159 2767 qni-

572 2798 698 2853 dem
728 2796 775 2851 si
806 2803 1131 2850 mansuetus
1156 2803 1264 2859 est,
1291 2793 1337 2847 si
1364 2793 1673 2862 requietus,
1712 2800 1768 2846 et
1799 2791 1868 2847 de
1896 2806 1954 2845 se
1988 2804 2154 2860 quam

574 2887 985 2945 modestissime
1024 2886 1233 2941 sentiat
1263 2903 1278 2951 ;
1305 2883 1351 2939 si
1410 2884 1515 2939 sibi
1573 2891 1845 2952 temperat
1888 2882 1957 2936 ab
2003 2880 2155 2943 omni

575 2994 716 3034 vana
749 2978 1056 3048 cupiditate
1081 2975 1268 3033 saeculi
1305 2974 1492 3044 hujus,
1528 2988 1697 3042 seque
1726 2973 1904 3041 ipsum
1943 2970 2158 3026 caeteris

578 3070 898 3126 hominibus
931 3069 1105 3123 multo
1131 3066 1730 3123 mstimetinieriorem.
1761 3064 1868 3118 Sed
1894 3079 2073 3132 neque
2110 3063 2159 3117 is

574 3161 669 3234 qui
709 3159 925 3215 afﬂatus
946 3167 1032 3215 est
1059 3158 1268 3229 Spiritu
1309 3164 1523 3221 sancto,
1558 3155 1779 3225 quando
1823 3156 1940 3213 vult
1984 3155 2157 3225 loqui,

576 3253 825 3324 loquitur
875 3251 1142 3322 Spiritus,
1194 3250 1291 3304 sed
1348 3259 1479 3304 tunc
1522 3248 1805 3317 loquitur,
1834 3247 1885 3302 si
1936 3247 2159 3316 quando

581 3342 781 3400 siverit
831 3341 985 3395 illum
1027 3341 1178 3411 loqui
1209 3342 1375 3396 Dens.
1404 3338 1542 3394 Cum
1576 3338 1744 3409 igitur
1776 3340 2027 3394 nonnulli
2056 3355 2161 3395 nos

579 3433 821 3490 adierint
872 3432 1129 3487 utilitatis
1185 3430 1473 3500 captanda:
1526 3430 1726 3502 gratia,
1757 3430 1803 3485 si
1852 3431 1943 3485 isti
1990 3429 2157 3484 Iidem

578 3528 823 3583 habeant
853 3524 1031 3579 divini
1075 3525 1246 3595 hujus
1275 3524 1537 3595 Spiritus,
1572 3525 1627 3579 in
1654 3526 1850 3595 primis
1877 3524 1946 3579 ad
1982 3524 2156 3578 Deum

577 3633 677 3689 pro
737 3617 1060 3672 hominibus
1132 3617 1396 3672 fundatur
1463 3617 1868 3687 interpellatrix
1933 3615 2161 3671 oratio:

577 3722 703 3762 nam
763 3716 896 3763 tunc
926 3706 1168 3779 Spiritus
1205 3708 1301 3763 ille
1320 3707 1543 3762 divinus
1574 3707 1839 3776 adimplet
1858 3706 2160 3774 hominem,

576 3801 669 3870 qui
699 3802 876 3871 gratia
912 3800 1181 3872 impletus
1204 3801 1458 3871 loquitur
1489 3802 1604 3871 jam
1630 3802 1787 3871 juxta
1818 3801 2038 3855 Domini
2067 3815 2166 3855 vo-

575 3892 846 3947 luntatem
876 3910 889 3946 :
921 3894 1043 3948 vult
1075 3903 1261 3948 autem
1292 3893 1446 3963 ipse,
1475 3909 1699 3948 omnem
1741 3893 2022 3948 hominem
2052 3893 2164 3949 sal-

576 3997 704 4036 vum
763 3984 885 4039 ﬁeri
906 3984 970 4038 “.
1004 3985 1148 4041 Sane
1180 3993 1239 4038 ut
1263 3984 1472 4039 bonum
1495 3984 1799 4040 sitanxilio
1823 4000 1945 4040 esse
1976 3984 2162 4040 verbis

2252 1867 2354 1938 χὴν
2378 1868 2642 1938 ἐργασίαν
2667 1869 2837 1937 ἀργὸν
2864 1868 3028 1924 αὑτὸν
3042 1865 3443 1936 ἀπεργάζεται,
3472 1869 3624 1923 ἀλλὰ
3656 1872 3760 1922 καὶ
3787 1869 3863 1939 τῷ

2252 1962 2349 2029 τῆς
2388 1961 2618 2029 ἀκηδέας
2658 1961 2831 2013 αὑτὸν
2858 1960 3198 2032 παραδίδωσι
3224 1960 3466 2031 δαίμονι.
3511 1962 3748 2032 Ὠσπερ
3770 1960 3862 2017 οὖν

2252 2052 2309 2104 αἱ
2342 2050 2504 2122 θύραι
2530 2050 2624 2104 τοῦ
2666 2036 2952 2122 βαλανείου
3011 2051 3254 2121 συνεχῶς
3311 2054 3730 2123 ἀνοιγόμεναι.
3767 2058 3863 2123 τίςν

2252 2141 2401 2195 ἐνδοθ
2415 2142 2694 2214 ινθέρμην
2723 2141 2918 2195 θᾶττον
2936 2141 3204 2195 ὠθοῦνται
3234 2142 3374 2213 πρὸς
3401 2146 3471 2198 τὰ
3497 2146 3614 2211 ἔξω
3638 2162 3655 2175 ·
3687 2146 3861 2210 οὕτως

2254 2233 2351 2287 καὶ
2383 2234 2417 2303 ἡ
2446 2233 2593 2303 ψυχὴ
2622 2235 2752 2287 ὅταν
2782 2234 2950 2287 πολλὰ
2978 2234 3123 2287 θέλει
3153 2234 3540 2305 διαλέγεσθαι,
3570 2241 3677 2292 καὶ
3731 2243 3861 2294 πᾶνα-

2253 2341 2375 2377 τοτε
2408 2325 2548 2378 καλὰ
2574 2325 2749 2394 λέγει,
2782 2325 2882 2395 τὴν
2904 2326 3105 2396 ἑαυτῆς
3140 2328 3385 2397 μνήμην.
3413 2329 3509 2383 διὰ
3528 2334 3643 2397 τῆς
3682 2349 3835 2403 gmw;

2254 2418 2415 2486 τικῆς
2469 2416 2649 2486 πύλης
2693 2417 3092 2488 διαφθείρεται.
3128 2418 3281 2490 Καλὴ
3340 2415 3441 2473 οὖν
3496 2423 3659 2475 ἐστιν
3720 2424 3860 2476 κατὰ

2257 2509 2436 2561 πάντα
2462 2509 2495 2577 ἠ
2524 2511 2702 2580 σιωπή
2726 2526 2740 2540 ο
2761 2509 3031 2580 θησαυροὶ
3061 2511 3172 2581 γὰρ
3201 2511 3482 2581 βασιλικοὶ
3506 2516 3860 2586 πλησθήςον-

2256 2616 2347 2652 ⁴ται
2377 2600 2622 2670 χρυσίου,
2647 2601 2742 2654 καὶ
2781 2601 2900 2665 νόες
2950 2602 3061 2655 τῶν
3108 2604 3325 2674 ἀληθῶς
3358 2608 3659 2678 μοναχῶν,
3698 2609 3859 2661 πλεους

2259 2691 2381 2754 σίας
2424 2691 2831 2763 πλησθήσονται
2890 2693 3144 2759 γνώσεως
3169 2696 3254 2747 ἐί
3289 2696 3347 2748 δὲ
3402 2700 3508 2750 καὶ⁹
3553 2701 3857 2767 ἀναγκαῖόν

2256 2787 2406 2839 ἔστιν
2437 2785 2498 2838 τὸ
2537 2785 2836 2851 διδάσκειν,
2885 2789 3045 2859 πρὸς
3080 2790 3457 2860 ἐπανόρθωσιν
3486 2793 3686 2864 ψυχῆς
3716 2795 3857 2860 τινές

2260 2878 2394 2932 σθω.
2424 2876 2716 2951 Χρῄζομεν
2768 2876 2863 2935 οὖν
2912 2884 2972 2934 ἐν
3012 2885 3081 2953 τῇ
3102 2882 3425 2955 διὸαηαλέᾳ
3458 2884 3855 2960 seruemus,

2261 2970 2566 3039 σεμνότητα
2587 3011 2603 3036 ,
2666 2970 2825 3039 λόγον
2891 2973 3015 3043 ὑγιῆ
3041 3015 3061 3038 ,
3119 2974 3581 3042 ἀκατάγνωστον,
3647 2979 3739 3032 ἶνα
3796 2980 3857 3033 δι’

2260 3064 2417 3133 ἡμῶν
2471 3060 2702 3134 δοξασθῇ
2744 3065 2776 3117 ὁ
2816 3064 2951 3128 Θεὸς
3008 3066 3066 3117 ἑν
3127 3067 3310 3119 πᾶσιν.
3339 3085 3359 3116 ι
3401 3067 3486 3120 Τὰ
3544 3070 3665 3140 γὰρ
3716 3072 3859 3125 ὅπλα

2259 3153 2441 3223 ἡμῶν,
2473 3155 2536 3207 οὗ
2608 3156 2869 3226 σαρκικὰ.
2910 3175 2929 3207 ι
2969 3157 3105 3209 ἀλλὰ
3162 3156 3365 3209 δυνατὰ
3418 3158 3503 3229 τῷ
3546 3159 3681 3231 Θεῷ
3731 3162 3859 3231 πρὸς

2261 3245 2580 3316 καθαίρεσιν
2630 3247 3004 3318 ὀχυρωμάτων
3039 3266 3053 3279 ·
3108 3248 3407 3317 λογισμοὺς
3464 3252 3858 3323 καθαίροντες,

2261 3340 2357 3397 καὶ
2385 3340 2494 3394 πᾶν
2525 3339 2727 3409 ὕψωμα
2757 3342 3121 3411 ἐπαιρόμενον
3152 3342 3296 3395 κατὰ
3323 3341 3429 3411 τῆς
3461 3343 3740 3410 γνώσεως
3768 3346 3859 3399 τοῦ

2259 3430 2418 3497 Θεοῦ,
2462 3433 2613 3496 ὅπως
2661 3431 2917 3500 ἁθολώτῳ
2962 3433 3130 3505 ψυχῇ.
3155 3435 3250 3487 καὶ
3288 3418 3495 3506 τὲραείᾳ
3524 3437 3760 3507 καρδίᾳ.
3788 3437 3859 3501 ὥς

2259 3524 2460 3589 εὐῶδες
2480 3525 2732 3595 θυμίαμα
2757 3528 2791 3596 ή
2824 3526 2956 3596 εὐχὴ
2985 3524 3143 3595 ἡμῶν
3170 3526 3332 3595 δεκτὴ
3358 3527 3605 3597 γένηται
3631 3529 3720 3600 τῷ
3739 3531 3861 3582 ἐτά-

2261 3618 2407 3683 ζοντι
2439 3618 2669 3688 καρδίας
2700 3620 2795 3671 καὶ
2819 3620 3052 3688 νεφροὺς
3081 3618 3220 3688 Θεῷ.
3247 3620 3425 3689 the-iv
3449 3619 3510 3673 δὲ
3544 3623 3645 3675 καὶ
3682 3624 3713 3674 ὁ
3744 3622 3852 3675 K6-

2262 3727 2380 3781 ριος
2418 3714 2533 3775 τοῖς
2565 3711 2763 3765 ἑαυτοῦ
2818 3711 3090 3781 μαθηταῖς
3118 3728 3135 3742 ο
3164 3728 3185 3762 ι
3229 3710 3421 3780 Ὑμεῖς
3454 3712 3568 3766 οὔκ
3616 3714 3749 3766 ἐστε
3796 3715 3856 3765 ἑκ

2260 3804 2373 3863 τοῦ,
2408 3804 2612 3873 κόσμου
2645 3802 2862 3866 τούτου,
2894 3801 3012 3856 ἀλλ’
3036 3801 3146 3871 ἐγὼ
3193 3802 3541 3873 ἐξελεξάμην
3597 3807 3753 3874 ὑμᾶς
3790 3809 3852 3859 ἐι

2263 3897 2357 3947 τοῦ
2413 3893 2620 3962 κόσμου
2653 3911 2666 3923 ·
2694 3894 2797 3947 οὐκ
2830 3892 2910 3946 ἔτι
2968 3892 3141 3945 πολλὰ
3192 3892 3414 3963 λαλήσω
3458 3894 3587 3964 μεθ’
3617 3897 3801 3964 ὑμῶν.
3828 3915 3846 3947 ι

2264 3985 2423 4057 Αὐτῷ
2451 3987 2484 4055 ἡ
2512 3985 2638 4049 δόξα
2671 3987 2749 4048 εἰς
2769 3986 2898 4049 τοὺς
2925 3986 3151 4050 αἰῶνας.
3185 3989 3377 4057 Ἀμήν.

577 4072 688 4130 tuis
719 4074 769 4130 ei
796 4075 892 4146 qui
922 4084 975 4131 te
1000 4076 1262 4145 quiddam
1299 4084 1476 4146 rogat,
1502 4075 1599 4131 sed
1629 4075 1952 4146 praestiterit
1978 4077 2054 4138 ei.
2125 4085 2186 4131 ut
2223 4092 2525 4147 cooperere
2583 4093 2686 4148 per
2738 4078 3003 4132 virtutem
3066 4088 3125 4133 et
3169 4081 3501 4135 orationem.
3540 4080 3650 4148 Qui
3685 4083 3852 4155 igitur

578 4166 723 4221 volet
744 4184 1098 4225 numerosam
1119 4171 1340 4239 assequi
1370 4170 1642 4224 virtutum
1703 4170 1943 4240 cupiam,
2006 4186 2236 4227 necesse
2270 4172 2345 4227 sit
2397 4172 2648 4244 defugiat
2691 4173 2874 4229 inanis
2926 4174 3115 4244 gloriae
3145 4175 3530 4244 cupiditatem,
3561 4191 3682 4231 non
3728 4192 3847 4234 στ-

575 4257 765 4328 aliquo
800 4260 991 4317 multis
1017 4259 1392 4325 conﬂictetur,
1418 4276 1520 4317 ceu
1556 4260 1767 4315 dictum
1803 4262 1916 4331 jam
1957 4269 2066 4327 est,
2132 4277 2204 4317 ne
2242 4261 2550 4318 continenti
2606 4278 2710 4317 uso
2771 4272 3102 4318 consuescat
3153 4278 3382 4334 pergere
3432 4266 3562 4321 aliis
3608 4267 3845 4324 obvius:

576 4352 744 4409 nullis
769 4352 1139 4420 convicietur,
1172 4352 1479 4423 quamlibet
1506 4352 1657 4423 digni
1687 4352 1799 4407 sint
1824 4352 2032 4422 quibus
2080 4350 2392 4419 retalietur,
2430 4351 2527 4422 qui
2590 4351 2880 4407 incessunt
2943 4354 3176 4422 priores.
3206 4354 3326 4408 Non
3387 4355 3461 4408 ita
3485 4370 3619 4410 com
3666 4359 3850 4415 multis

577 4447 1007 4512 sermocinetur,
1057 4446 1275 4502 etiamsi
1329 4446 1510 4502 videri
1563 4446 1784 4517 possint
1840 4446 1993 4501 bona
2059 4459 2182 4500 esse
2220 4460 2344 4515 qua:
2390 4445 2577 4501 dicere
2626 4446 2869 4501 instituit
2925 4447 3133 4502 omnia.
3192 4448 3557 4504 immoderata
3599 4452 3756 4506 enim
3793 4461 3849 4507 et

576 4537 803 4601 effrenis
832 4538 1130 4595 verborum
1160 4540 1421 4609 prolatio,
1450 4553 1561 4610 qua
1587 4539 1936 4609 periclitatur
1957 4539 2162 4594 mentis
2197 4539 2590 4609 tranquillitas.
2628 4540 2844 4610 1190
2899 4556 3013 4595 non
3074 4541 3252 4595 solum
3280 4541 3430 4595 circa
3463 4545 3846 4613 operationem

574 4630 920 4703 spiritualem
951 4630 1259 4687 lentescere
1318 4629 1451 4685 facit
1515 4643 1635 4683 eam
1665 4644 1734 4683 ac
1789 4629 2065 4695 desidere,
2132 4628 2230 4684 sed
2268 4636 2325 4684 et
2348 4628 2739 4684 molestissimo
2770 4629 3007 4685 dasoni
3056 4630 3262 4686 ace-dite
3287 4634 3567 4703 mancipat
3597 4636 3753 4694 illam
3788 4653 3849 4694 ac

578 4721 753 4778 dedit.
788 4722 936 4779 Sane
963 4721 1432 4795 quemadmodum
1486 4721 1845 4776 exaestuantis
1893 4720 2077 4777 balnei
2144 4719 2296 4775 fores
2345 4721 2700 4776 continenter
2773 4730 2978 4791 apertae
3038 4722 3085 4775 si
3133 4733 3283 4784 sunt.
3330 4723 3591 4780 intimum
3622 4727 3845 4786 illorum

577 4817 820 4872 calorem
853 4814 1011 4870 ocius
1039 4813 1226 4869 emant
1272 4822 1331 4869 et
1367 4802 1650 4881 expellunt
1681 4812 1737 4867 in
1775 4828 1841 4867 ea
1869 4828 1994 4882 qua:
2022 4820 2154 4869 sunt
2190 4813 2565 4878 extrinsecus;
2610 4812 2687 4867 ita
2736 4821 2795 4868 et
2858 4813 3041 4867 anima
3066 4814 3113 4869 si
3175 4816 3399 4884 quando
3438 4818 3613 4873 multa
3639 4836 3847 4881 sermo.

577 4910 752 4968 cinari
804 4908 974 4970 volet.
1027 4907 1240 4961 tametsi
1302 4904 1442 4961 nihil
1482 4921 1593 4960 non
1628 4905 1776 4962 dicat
1816 4906 2080 4961 decorum
2145 4913 2203 4960 et
2242 4906 2556 4967 honestum,
2591 4904 2916 4961 memoriam
2978 4916 3163 4960 tamen
3204 4908 3292 4961 sui
3320 4907 3494 4977 ipsius
3526 4913 3721 4980 perdit
3756 4931 3845 4985 per

580 5002 785 5060 vocalis
811 5010 985 5073 porta:
1021 5016 1312 5072 organum.
1349 4999 1644 5056 Silentium
1716 5000 1886 5071 igitur
1954 5014 2056 5070 per
2112 4998 2298 5053 omnia
2326 4999 2535 5053 bonum
2571 5012 2636 5051 ac
2705 4997 2849 5069 frugi
2873 5009 2979 5054 est.
3042 4999 3274 5069 Regales
3321 5001 3552 5070 quidem
3604 5004 3841 5062 thesauri

579 5094 962 5166 implebuntur
997 5109 1157 5158 auro,
1189 5103 1247 5149 et
1267 5109 1465 5150 sensus
1491 5109 1685 5150 eorum
1710 5095 1805 5164 qui
1842 5108 1955 5149 non
2015 5093 2201 5147 fucate
2237 5102 2369 5147 sunt
2405 5092 2687 5156 monachi,
2720 5095 3122 5148 saturabuntur
3170 5093 3420 5149 scientiae
3444 5097 3758 5165 opulentia.
3788 5099 3839 5156 Si

578 5205 687 5260 qua
717 5171 939 5245 interim
966 5189 1201 5244 docendi
1232 5190 1507 5261 ingruerit
1534 5191 1859 5253 necessitas,
1884 5189 2163 5244 adanimze
2197 5190 2627 5253 correctionem,
2661 5189 2883 5244 doceto.
2943 5189 3002 5243 In
3064 5190 3168 5242 hac
3197 5197 3384 5243 tamen
3409 5188 3650 5246 docendi
3682 5196 3834 5250 ratio-

595 5302 665 5342 ne
688 5285 947 5340 volnmus
997 5284 1193 5338 adesse
1235 5283 1501 5339 doctrina:
1545 5284 1845 5354 legitimam
1897 5283 2391 5351 incorruptionem,
2420 5285 2770 5351 gravitatem,
2837 5284 3065 5339 verbum
3125 5299 3321 5338 sanum
3392 5293 3451 5338 et
3499 5288 3815 5357 irreprehen

578 5371 765 5437 sibJe,
819 5382 880 5428 ut
934 5389 1033 5444 per
1065 5388 1167 5427 nos
1226 5371 1566 5443 gloriﬁcetur
1624 5373 1770 5428 Deus
1821 5373 1877 5427 in
1930 5374 2211 5430 omnibus.
2272 5396 2291 5427 ι
2344 5376 2511 5430 Arma
2570 5395 2588 5428 ι
2627 5377 2776 5430 enim
2832 5392 2850 5427 ι
2906 5386 3092 5431 nostra
3128 5372 3414 5436 non'sunt
3445 5386 3711 5445 carnalia.
3750 5386 3833 5441 sed

590 5468 837 5537 potentia
876 5468 1009 5531 Deo,
1060 5467 1126 5522 ad
1159 5466 1594 5522 destructionem
1630 5466 2006 5523 munitionum
2046 5484 2058 5519 :
2092 5468 2321 5523 consilia
2357 5468 2715 5524 destrucntes
2744 5470 2788 5501 “
2848 5491 2865 5523 ι
2905 5485 2958 5525 ιιι
2992 5473 3172 5526 anima
3215 5472 3386 5528 nullis
3408 5478 3616 5547 agitata
3648 5480 3830 5533 intem-

589 5557 774 5623 pexiis,
806 5573 870 5612 ac
899 5559 1014 5612 miti
1052 5560 1240 5624 corde,
1287 5569 1475 5614 nostra
1512 5559 1688 5615 oratio
1722 5561 1867 5614 sicut
1902 5561 2186 5614 incensum
2219 5574 2387 5616 Suave
2421 5563 2688 5633 fragrans,
2724 5565 3077 5630 acccpial-ilis
3119 5565 3170 5619 ei
3220 5566 3313 5621 fiat
3352 5571 3450 5635 qui
3481 5574 3650 5626 mnia
3691 5590 3831 5628 scru-

658 5717 700 5745 "
731 5714 889 5768 Prov.
928 5731 1106 5778 xxviii,
1138 5716 1225 5768 25.
1308 5717 1347 5746 ³³
1383 5718 1396 5769 Ι
1434 5718 1572 5770 Tim.
1613 5736 1671 5781 ll,
1715 5721 1754 5773 i.
1840 5721 1876 5747 ³³
1917 5720 1958 5772 il
1988 5718 2117 5773 Cor.
2156 5737 2208 5784 ι,
2240 5722 2291 5777 -ί.
