3898 6304
82 282 235 351 1745

1131 299 1465 376 HOMILIA
1502 304 1666 365 CIII.
1709 331 1775 340 -
1816 309 1917 371 ΒΕ
1953 308 2328 371 SlLENTlO.

3230 309 3364 375 1743

38 466 43 471 ι
78 411 245 458 tatur
272 411 331 459 et
364 421 547 474 renes,
569 424 766 481 nempe
811 413 943 468 Deo.
970 412 1077 469 Sed
1124 423 1183 469 et
1239 416 1504 473 Dominus
1554 419 1671 475 suis
1707 418 1846 476 dixit
1900 419 2194 493 discipulis
2231 440 2245 476 :
2283 442 2301 475 ι
2342 422 2453 489 Vos
2502 439 2613 480 non
2669 424 2807 481 estis
2854 424 2925 480 de
2990 424 3200 483 mundo
3233 424 3361 488 hoc.

76 497 191 553 sed
235 514 340 570 ego
380 502 526 575 elegi
554 519 656 560 vos
692 505 761 561 de
801 508 1009 563 munda
1044 528 1056 562 :
1096 526 1206 567 non
1235 513 1350 584 jam
1378 513 1553 571 multa
1581 514 1781 587 loquar
1822 516 2113 575 vobiscum
2144 517 2209 573 “.
2250 537 2270 570 ι
2308 517 2423 589 Ipsi
2492 518 2669 590 gloria
2734 520 2795 576 in
2862 520 3089 578 secula.
3129 520 3361 578 saeculo-

79 605 240 651 rum.
268 592 467 650 Amen.

692 735 909 790 ΛΟΓΟΣ
962 738 1082 793 PP.

546 896 549 897 ν
664 850 798 935 Περὶ
825 852 1112 922 ἡσυχίας.

182 958 415 1030 Ἦσλχία
455 960 676 1028 ὠφελεῖ,
706 963 816 1017 τῶν
852 966 1041 1020 κακῶν
1078 967 1391 1041 ἀργήσασα.
1434 971 1561 1027 Ἐὰν
1613 974 1674 1030 δὲ

80 1051 191 1105 καὶ
219 1051 319 1114 τὰς
342 1051 616 1123 τέσσαρας
651 1055 854 1124 ἀρετὰς
892 1060 950 1123 ὲν
981 1063 1257 1133 προσευχῇ
1290 1046 1671 1135 προσλάϐηται

81 1141 373 1213 βοήθημα,
399 1145 690 1215 τοῦτ’ἒστι,
721 1148 820 1218 τὴν
844 1150 1224 1223 μακροθυμίαν
1244 1157 1340 1208 καὶ
1361 1156 1460 1224 τὴν
1477 1173 1673 1211 ταπειο

83 1236 462 1308 νοφροσύνην,
483 1240 793 1309 ἀγρυπνίαν
807 1260 866 1297 τε
884 1244 976 1299 καὶ
1000 1247 1349 1317 ἐγκράτειαν,
1364 1249 1516 1302 οὐδὲν
1534 1251 1673 1323 αὐτῇ

85 1324 509 1397 συντομώτερον
534 1330 670 1400 πρὸς
698 1332 988 1390 ἀπάθειαν.
1023 1337 1178 1408 Καλὴ
1207 1332 1301 1392 οὖν
1335 1340 1369 1409 ἡ
1419 1338 1676 1412 εὔκαιρος

86 1420 307 1487 σιωπὴ.
330 1421 493 1473 οὐδὲν
538 1420 728 1494 ἕτερον
771 1423 928 1488 οὖσα,
958 1427 992 1499 ἦ
1028 1431 1214 1500 μήτηρ
1247 1431 1467 1486 ἐννοιῶν
1494 1448 1673 1502 σοφω-

83 1511 281 1563 τάτων
306 1528 320 1542 ο
353 1513 543 1584 ἐπειδὴ
575 1516 668 1568 καὶ
699 1517 760 1570 τὸ
782 1519 984 1586 ἀγαθὸν
1009 1521 1233 1592 Πνεῦμα
1275 1525 1538 1593 ἐκφεύγει
1576 1526 1677 1597 τὴν

85 1602 452 1671 πολυλογίαν,
478 1606 555 1670 ὡς
593 1611 835 1680 ταραχῆς
862 1613 1043 1682 πάσης
1071 1615 1165 1667 καὶ
1189 1617 1491 1685 φαντασίας
1520 1616 1679 1681 ἐκτὸς

81 1694 187 1748 ὖν.’
225 1692 288 1746 Ἢ
321 1691 415 1748 οὖν
444 1696 644 1766 ἡσυχία
672 1698 748 1762 ὡς
778 1699 916 1768 καλὴ
945 1698 1080 1755 οὖσα
1132 1706 1316 1775 μήτηρ
1353 1705 1540 1758 πασῶν
1568 1704 1680 1760 τῶν

83 1781 313 1853 ἀρετῶν
337 1787 617 1855 τυγχάνει.
662 1789 960 1863 ’Ᾱποτεννᾷ
981 1792 1280 1862 γὰραὺτὰς
1308 1795 1393 1849 διὰ
1418 1795 1518 1864 τῆς
1543 1797 1679 1866 πρὸς

89 1874 239 1928 Θεὸν
270 1875 616 1932 ἀδιαλείπτου
646 1883 740 1935 καὶ
764 1884 1175 1954 ἁπερισπὰστου
1210 1887 1457 1957 ἡσυχίας.
1476 1889 1535 1942 ’0
1560 1888 1681 1954 φιλ-

90 1968 309 2037 ήσυχος
373 1968 608 2041 μοναχὸς
658 1974 942 2041 ἀγαπᾶται
981 1977 1086 2029 ὑπὸ
1133 1978 1230 2030 τοῦ
1270 1978 1429 2042 Θεοῦ,
1489 1980 1676 2052 ἐπειδὴ

1636 736 1641 740 ο
1703 707 1753 763 Δ

2353 746 2637 804 HOMILIA
2668 749 2802 804 CIII:

2410 860 2489 915 De
2515 861 2744 916 silentio.

1850 976 1947 1033 Vel
1978 977 2085 1032 hoc
2108 975 2337 1033 nomine
2367 975 2535 1032 nobis
2554 976 2936 1032 emolumento
2964 985 3049 1035 est
3078 977 3367 1032 silentium

1778 1076 1837 1125 et
1862 1068 2107 1138 adjuvat,
2131 1069 2279 1140 quod
2306 1068 2504 1125 doceat
2525 1085 2559 1123 a
2584 1069 2744 1125 malis
2767 1067 2956 1133 feriari
2977 1067 3363 1138 etinterquie-

1781 1162 2128 1230 εδει-ο.οαοά
2149 1165 2197 1219 si
2220 1162 2457 1218 virtutes
2482 1170 2723 1233 quatuor
2746 1163 2804 1217 in
2832 1161 3086 1218 oratione
3101 1160 3366 1218 concilia-

1782 1255 1857 1310 rit
1876 1254 1983 1311 sibi
2004 1264 2063 1310 et
2080 1256 2361 1319 asciverit,
2385 1255 2590 1326 quibus
2615 1257 2847 1319 nitatur,
2873 1254 3141 1310 nimirum
3165 1254 3364 1326 longa-

1781 1349 1988 1405 nimem
2056 1348 2406 1403 tolerantiam
2427 1387 2442 1411 ,
2478 1347 2646 1402 animi
2678 1346 3030 1413 modestiam,
3092 1345 3363 1417 vigiliam.

1784 1435 2205 1507 temperantiam
2230 1452 2246 1501 ;
2276 1435 2418 1490 nihil
2449 1436 2662 1505 uspiam
2699 1435 2948 1491 inveniet
2971 1433 3120 1504 quod
3147 1432 3368 1490 brevio-

1784 1542 1846 1582 re
1894 1524 2227 1595 compendio
2273 1524 2516 1580 animam
2575 1524 2769 1580 reddat
2827 1524 2974 1579 circa
3019 1523 3368 1581 turbulentas

1781 1619 2072 1691 passiones
2115 1619 2198 1674 sic
2244 1618 2520 1691 stabilem,
2556 1626 2619 1672 ut
2654 1616 2958 1674 silentium.
2985 1615 3158 1683 Quam
3197 1615 3370 1686 igitur

1785 1709 2037 1779 speciosa
2078 1723 2358 1778 quamque
2393 1717 2738 1779 opportuna,
2773 1715 2831 1762 et
2876 1705 3234 1764 accommoda
3281 1713 3370 1764 est

1783 1785 1950 1869 nobis
1998 1801 2182 1855 virtus
2234 1799 2485 1854 silentii?
2517 1798 2683 1854 Aliud
2732 1813 2965 1869 prorsus
3002 1797 3159 1854 .nibil
3196 1811 3367 1867 quam

1785 1893 2325 1964 sapientissimarum
2383 1892 2783 1963 cogitationum
2840 1898 3038 1947 mater.
3085 1890 3369 1962 Benigno:

1787 1986 1995 2043 etenim
2060 1986 2155 2041 ille
2227 1984 2471 2056 Spiritus
2528 1985 2622 2039 vix
2684 1983 2835 2040 aliud
2900 1990 3369 2041 tam.aversatur
3470 2042 3477 2049 ,

87 2061 199 2114 καὶ
247 2060 409 2126 αὐτὸς
446 2063 676 2130 ἀγαπῶν
706 2066 797 2119 τὸν
821 2068 954 2121 Θεὸν
983 2068 1133 2142 αὐτῷ
1171 2070 1317 2140 μόνῳ
1344 2070 1485 2125 θέλει
1512 2088 1680 2143 προσ--

1792 2086 1844 2133 et
1886 2077 2047 2149 fugit,
2090 2085 2153 2133 ut
2184 2077 2523 2147 multiloquii
2558 2079 2884 2145 vanitatem,
2912 2075 3368 2148 quandoquidem

85 2151 317 2223 ομιλεῖν
362 2154 451 2208 διὰ
497 2154 595 2225 τῆς
638 2156 887 2228 καθαρᾶς
939 2162 1268 2232 προσευχῆς,
1299 2165 1395 2216 καὶ
1440 2164 1535 2216 ἐπὶ
1579 2164 1683 2234 γῆς

87 2241 308 2308 διάγων
360 2243 428 2297 τὰ
483 2245 713 2315 οὐράνια
760 2245 1113 2314 φαντάζετᾱι.
1158 2250 1319 2314 Ὅλος
1350 2253 1460 2321 γὰρ
1495 2255 1522 2306 ὁ
1560 2254 1684 2316 νοῦς

90 2331 271 2388 αὐτοῦ
323 2324 565 2405 μεριμνᾷ
594 2336 655 2389 τὸ
677 2336 820 2401 οπῶς
848 2339 1033 2409 ἀρέσει
1073 2340 1153 2412 τῷ
1180 2340 1321 2413 Θεῷ,
1386 2342 1482 2396 καὶ
1504 2338 1507 2341 ’
1531 2343 1686 2411 γενέ-

91 2424 233 2481 σθαι
278 2426 405 2489 ναὸς
447 2426 541 2480 τοῦ
582 2428 738 2495 ἁγίου
774 2429 937 2485 αὑτοῦ
969 2431 1304 2502 Πνεῦματος.
1340 2433 1398 2487 '0
1443 2434 1685 2499 τοιοῦτος

92 2517 192 2571 ἀεὶ
232 2515 516 2570 ὐποκλίνει
543 2518 633 2571 τὸν
656 2521 858 2590 αὐχένα
889 2522 1055 2575 αὑτοῦ
1078 2524 1156 2594 τῷ
1185 2524 1408 2596 ἐλαφρῷ
1435 2526 1530 2580 καὶ
1556 2544 1685 2598 χρη-

93 2604 220 2678 στῷ
247 2608 396 2678 ζυγῷ
418 2610 512 2663 τοῦ
529 2613 764 2681 Χριστοῦ
787 2630 804 2645 ο
829 2615 922 2669 καὶ
950 2616 1127 2675 πάντα
1166 2618 1234 2671 τὰ
1262 2616 1515 2687 ὁρώμενα
1539 2636 1682 2690 παρ-

89 2698 274 2772 ορῶν,
307 2701 417 2754 τῶν
459 2704 707 2772 ἀοράτων
766 2705 998 2774 ἐφίεται.
1028 2706 1245 2761 Μᾶλλον
1278 2708 1334 2762 δὲ
1385 2710 1546 2763 αὑτὸν
1593 2709 1687 2763 τὸν

94 2793 342 2863 ἀόρατον
360 2795 434 2858 ὡς
470 2795 615 2862 ὁρῶν
637 2799 919 2869 καρτερεῖ.
951 2799 1015 2852 Οἱ
1041 2799 1275 2854 τοιοῦτοι
1297 2803 1410 2865 τοῖς
1431 2801 1685 2869 ἀγγέλοις

98 2885 187 2957 τῷ
238 2885 339 2956 βίῳ
379 2888 814 2958 συναμιλλῶνται
846 2906 857 2918 ·
897 2890 1253 2955 adnotata;
1284 2893 1529 2962 ἐρήμους
1555 2892 1684 2947 διώ.

97 2991 322 3040 κοντος,
349 2976 436 3029 ἵνα
466 2980 526 3030 ὲν
554 2978 723 3049 πολλῇ
760 2980 960 3049 ἡσυχίᾳ
994 2981 1088 3033 καὶ
1122 2982 1536 3054 ἀμερίμνίᾳμτῷ
1564 2982 1684 3055 Θεῷ

101 3068 577 3137 προσομιλοῦντες
603 3070 694 3123 τὸν
720 3071 930 3125 ἑαυτῶν
957 3072 1083 3126 νοῦν
1123 3072 1391 3143 ἔσοπτρον
1417 3075 1685 3144 ἀκηλίδω-

96 3177 204 3214 τον
252 3160 676 3231 ἀπεργάσωνται
694 3205 709 3227 ,
734 3165 874 3217 κιτὰ
904 3165 996 3217 τὸν
1026 3164 1201 3234 μέγαν
1237 3166 1447 3230 Ἠλίαν,
1471 3169 1567 3221 καὶ
1593 3168 1687 3222 τὸν

101 3251 422 3323 πρόδρομον
479 3254 574 3306 καὶ
628 3253 930 3325 βαπτιστήν
986 3255 1080 3310 τοῦ
1130 3258 1337 3328 Κυρίου
1407 3258 1683 3329 Ἰωάννην.

100 3345 390 3415 Μακάριοι
417 3345 467 3398 οί
515 3345 744 3399 τοιοῦτοι
772 3349 865 3400 καὶ
902 3348 997 3400 ἐπὶ
1042 3349 1147 3417 γῆς
1178 3351 1272 3402 καὶ
1301 3352 1360 3403 ἐν
1386 3351 1639 3420 οὐρανοῖς
1671 3365 1685 3381 ·

100 3435 312 3498 οὴινες
374 3434 449 3489 τὰ
490 3437 669 3491 πάντα
720 3436 984 3507 ἡγοῦνται
1009 3437 1278 3502 σκύῦαλα,
1324 3438 1411 3491 ἵνα
1455 3439 1691 3508 Χριστὸν

106 3527 445 3599 κερδήσωσι,
475 3530 571 3581 καὶ
600 3528 904 3598 εὑρεθῶσιν
932 3532 991 3581 ὲν
1025 3529 1103 3601 τῷ
1127 3531 1314 3602 πραέῳ
1350 3531 1444 3583 καὶ
1483 3530 1693 3601 ἡσυχίῳ

106 3621 389 3689 πνεύματι
432 3619 761 3689 βαδίζοντες,
786 3623 894 3681 καὶ
939 3622 1174 3691 μάλιστα
1206 3625 1288 3685 εις
1318 3621 1414 3683 οὓς
1454 3623 1696 3691 ἐφθάσα-

109 3728 222 3784 μεν
247 3711 497 3782 καιρούςο
542 3711 724 3776 καθὼς
748 3715 777 3766 ὁ
811 3717 1095 3785 προφήτης
1135 3715 1315 3783 ’Ᾱμὼς
1340 3717 1409 3770 τὰ
1438 3716 1568 3786 περὶ
1598 3714 1693 3769 τοῦ

106 3804 413 3868 ἐνεστῶτος
461 3804 653 3874 καιροῦ
701 3808 851 3876 ἡμᾶς
889 3807 1159 3861 παιδεύων
1206 3808 1394 3879 φησὶν,
1431 3826 1450 3860 ι
1478 3809 1585 3862 ιῈν
1618 3807 1696 3878 τῷ

109 3893 296 3965 καιρῷ
326 3894 521 3965 ἐκείνῳ
545 3896 575 3948 ὁ
599 3894 795 3949 συνιὼν
822 3898 1180 3969 σιωπήσεται,
1204 3899 1286 3952 ὅτι
1315 3900 1508 3970 καιρὸς
1531 3916 1697 3969 πονη-

111 3990 213 4061 ρός
244 3991 438 4043 suum
483 3988 593 4043 Καὶ
621 3991 650 4043 ὁ
680 3990 943 4053 -Ἠσαῒας,
982 4012 1000 4044 ι
1038 3993 1228 4045 Μισῶν
1283 3993 1571 4064 πονηρίαν,
1602 3992 1696 4046 καὶ

107 4079 219 4142 τὰς
292 4081 482 4148 χεῖρας
548 4079 941 4151 ἀποσειόμενος
994 4083 1101 4135 ἀπὸ
1153 4082 1362 4153 δώρων,
1419 4085 1695 4153 καμμύων

111 4170 451 4240 ὀφθαλμοὺς,
474 4172 561 4226 ἵνα
591 4171 666 4243 μὴ
685 4174 770 4245 ἴδῃ
792 4174 1032 4239 ἀδικίαν,
1053 4169 1443 4245 (οὗτοςοίκήσει
1474 4179 1541 4230 ἑν.
1557 4195 1701 4249 σπη-

111 4263 276 4334 λαίῳ,
306 4265 464 4335 ἄρτος
521 4265 671 4336 αὑτῷ
719 4266 1031 4337 δοθήσεται,
1074 4268 1169 4321 καὶ
1211 4268 1272 4322 τὸ
1330 4267 1481 4340 ὕδωρ
1534 4271 1697 4324 αὐτοῦ

114 4356 332 4414 πιστόν.
375 4376 393 4408 ι
420 4357 533 4412 Καὶ
585 4360 655 4411 ἐκ
703 4357 996 4429 προσώπου
1043 4348 1250 4430 Κυρίου
1294 4359 1479 4431 φησὶν,
1517 4381 1535 4412 ι
1578 4362 1701 4415 Ἐπὶ

114 4450 246 4503 τίνα
277 4450 578 4522 ἐπιδλέψω,
614 4452 731 4505 ἀλλ’
761 4453 794 4523 ἢ
826 4453 1034 4507 ὲπὶτὸν
1063 4452 1317 4506 ταπεινὸν
1334 4454 1427 4508 καὶ
1456 4455 1661 4525 ἥσυχον
1683 4497 1698 4520 ,

117 4545 220 4598 καὶ
265 4544 681 4616 τρέμοντά’μου
718 4549 848 4610 τοὺς
870 4545 1060 4614 λόγους
1093 4562 1107 4610 ;
1148 4564 1166 4597 ι
1200 4546 1313 4630 Κμὶ
1341 4551 1369 4600 ὁ
1403 4548 1696 4618 Ἱερεμίας,

125 4654 147 4688 ι
181 4635 279 4697 Τίς
307 4635 468 4689 δώσει
495 4654 604 4707 μοι,
630 4637 827 4704 λέγων,
854 4640 912 4691 ὲν
937 4640 1005 4708 τῇ
1036 4640 1246 4709 ἐρήμῳ,
1276 4638 1517 4709 σταθμὸν
1540 4640 1703 4711 ἔσχα-

1786 2170 1834 2226 is
1892 2170 1963 2225 ab
2024 2170 2175 2225 omni
2244 2169 2563 2225 turbulenta
2620 2184 2680 2225 se
2742 2170 3036 2226 submovet
3098 2169 3372 2240 intempe-

1784 2261 1865 2316 rie
1894 2270 2064 2332 atque
2095 2261 2465 2317 ludiﬁcatnria
2504 2262 2920 2333 imaginatione.
2948 2260 3242 2317 Silentium
3272 2258 3372 2332 igi-

1783 2363 1878 2410 tur
1902 2362 2059 2410 tanto
2089 2369 2216 2409 cum
2247 2355 2536 2424 splendeat
2568 2355 2814 2417 decore,
2842 2362 3028 2409 mater
3065 2354 3195 2424 jure
3216 2367 3368 2408 ‘ceno

1785 2452 1940 2500 setur
1966 2446 2240 2501 virtutum
2274 2446 2532 2500 monachi
2567 2465 2579 2499 :
2610 2460 2706 2500 eas
2726 2445 2879 2499 enim
2903 2451 3244 2513 progenerat
3272 2456 3373 2513 per

1780 2537 1972 2608 jugem
2017 2546 2076 2593 et
2110 2537 2451 2592 indivulsam
2497 2524 2565 2592 ad
2615 2537 2789 2592 Deum
2840 2532 3369 2604 interpellationem.

1786 2628 2089 2684 Monachus
2122 2628 2329 2684 silentii
2357 2636 2417 2684 et
2439 2628 2643 2700 quietis
2667 2636 2882 2683 amator
2908 2643 3020 2681 non
3042 2634 3231 2696 potest
3259 2633 3369 2680 non

1785 2735 1816 2773 a
1851 2719 1994 2775 Deo-
2030 2718 2208 2788 diligi.
2239 2717 2380 2773 Cum
2434 2719 2584 2773 enim
2637 2717 2737 2774 Dei
2784 2732 2981 2771 amore
3033 2715 3370 2775 inardescat.

1785 2809 1891 2867 soli
1923 2811 2078 2880 cupit
2100 2811 2212 2865 Deo
2239 2809 2917 2881 colloquiper-sinceram
2943 2809 3274 2864 orationem.
3300 2805 3372 2870 Is.

1785 2903 1891 2958 etsi
1913 2903 2127 2957 interra
2150 2909 2420 2979 moretur,
2436 2902 2684 2959 caulestia
2711 2910 2896 2957 tamen
2921 2899 3271 2955 transcendit
3285 2898 3375 2973 pia

1787 2993 2182 3064 imaginatione
2208 3002 2365 3050 :tota
2405 2994 2555 3050 enim
2583 2993 2751 3050 istius
2770 3008 2928 3049 mens
2957 2992 3015 3047 in
3053 2992 3159 3047 hac
3192 3006 3301 3045 una
3321 3001 3377 3047 et

1787 3087 1949 3142 anxia
1970 3086 2308 3157 cogitatione
2320 3098 2595 3151 versatur,
2612 3095 2675 3141 ut
2688 3087 2875 3141 Deose
2896 3085 3172 3154 probetac
3184 3080 3380 3137 reddat

1787 3179 2101 3244 amabilem,
2131 3179 2422 3251 sanctique
2445 3178 2687 3250 Spiritus
2712 3177 2977 3247 templum
2996 3180 3382 3246 promereatur

1787 3269 2170 3341 emcijlsl
2198 3271 2299 3326 llic
2314 3272 2590 3329 cervicem
2613 3284 2768 3325 suam
2791 3283 3058 3339 perquam
3084 3266 3197 3323 leni
3222 3266 3383 3322 Chri-

1792 3361 1861 3418 sti
1886 3365 2018 3434 jugo
2060 3375 2120 3418 et
2165 3364 2321 3418 suavi
2356 3363 2665 3419 substernit
2704 3360 2934 3416 acclinis
2964 3374 3203 3431 semper.
3233 3359 3382 3417 Visi-

1793 3452 1928 3508 bilia
1961 3462 2159 3508 cuncta
2196 3453 2601 3516 transmittens,
2639 3452 2711 3507 ad
2744 3449 3110 3507 invisibilium
3165 3448 3382 3519 rapitur

1793 3557 2061 3604 amorem,
2084 3543 2259 3612 magis
2277 3558 2410 3597 vero
2430 3542 2796 3598 invisibilium
2836 3548 3224 3612 tquatenusra
3250 3552 3385 3595 oon-

1795 3628 2120 3704 te'mplatur)
2153 3634 2526 3704 aliquousque
2563 3649 2795 3703 compos
2816 3635 2940 3704 jam
2959 3639 3066 3688 est.
3117 3629 3227 3698 Qui
3247 3630 3384 3687 tales

1796 3730 1947 3786 sunt,
1992 3722 2242 3791 puritate
2286 3722 2414 3777 vita:
2466 3736 2595 3776 cum
2653 3720 2865 3792 angelis
2920 3719 3381 3789 congrediuntur.

1797 3814 1891 3870 isti
1934 3815 2093 3869 nullo
2118 3829 2242 3868 non
2270 3821 2525 3883 tempore
2575 3819 2845 3882 expetunt
2895 3809 3213 3879 adeuntque
3253 3807 3387 3864 soli-

1797 3906 2045 3972 tudines,
2091 3913 2153 3960 ut
2214 3905 2481 3960 taciturni
2542 3919 2609 3959 ac
2648 3901 2937 3973 tranquilli
2972 3900 3145 3971 :prius
3195 3898 3384 3956 divina

1797 3998 2158 4069 perfruantur
2178 3996 2537 4062 allocutione,
2578 4008 2843 4064 suamque
2870 3993 3114 4063 ipsorum
3145 3999 3382 4049 mentem

1798 4091 2087 4161 speculum
2149 4089 2391 4145 eliiciant
2446 4089 2599 4143 nulla
2649 4087 2771 4142 labe
2821 4086 3234 4155 interpunetum
3289 4091 3386 4140 aut

1798 4197 2108 4252 aspersum,
2158 4196 2415 4253 magnum
2448 4181 2604 4236 illum
2658 4179 2856 4234 imitati
2902 4178 3080 4233 Etiam
3135 4189 3383 4247 sepra-

1799 4291 2085 4332 cursorem
2106 4283 2162 4331 et
2185 4275 2479 4345 baptistam
2497 4272 2717 4327 Domini
2733 4271 3024 4326 Joannem.
3050 4267 3204 4323 Beati
3224 4266 3384 4338 plane

1802 4368 1960 4434 tales,
1987 4383 2115 4423 cum
2151 4380 2320 4435 super
2350 4374 2578 4427 terram,
2616 4374 2733 4420 tum
2757 4372 2815 4418 et
2839 4362 2895 4418 in
2927 4361 3105 4425 caelis.
3137 4359 3234 4430 qui
3260 4358 3386 4430 qui-

1800 4459 1926 4514 dem
1948 4448 2133 4514 omnia
2165 4458 2379 4514 ducunt
2412 4457 2570 4528 quasi
2601 4464 2868 4520 stercora,
2895 4453 3179 4535 Christum
3212 4460 3274 4507 ut
3300 4451 3386 4507 lu-

1802 4551 2087 4606 erit‘aciaut
2126 4550 2589 4619 invenianturque
2647 4548 2704 4603 in
2748 4547 2869 4602 miti
2913 4562 2979 4602 ac
3016 4537 3270 4615 requieto
3300 4543 3386 4599 in-

1803 4643 2002 4697 cedere
2036 4642 2259 4712 spiritu.
2295 4641 2466 4712 quue
2498 4655 2604 4695 nos
2654 4637 2901 4694 omnium
2940 4637 3175 4693 maxime
3205 4635 3386 4692 facere

118 4742 254 4792 τον;
288 4728 383 4780 καὶ
410 4726 724 4798 καταλείψω
753 4728 844 4781 τὸν
870 4728 997 4782 λαὸν
1025 4729 1217 4782 τοῦτον
1241 4747 1256 4796 ;
1300 4749 1318 4781 ι
1352 4731 1464 4785 Καὶ
1493 4732 1656 4785 πάλιν
1681 4771 1689 4793 ,

1806 4732 2057 4797 addecet,
2102 4733 2197 4803 qui
2234 4732 2289 4786 in
2332 4731 2450 4785 haec
2499 4730 2861 4801 pervenimus
2885 4737 3177 4798 tempora..
3204 4725 3307 4781 Sic
3328 4733 3388 4782 et

125 4838 145 4870 ι
176 4820 298 4874 Οὐκ
349 4819 589 4873 ἐκάθισα
660 4821 797 4891 μετά
873 4820 1297 4893 συμπαιξόντων
1346 4823 1695 4890 αὐτῶν,ἀλλ’

122 4910 472 4982 δίελαδούμην
504 4912 935 4983 ἀπὸλπροσώπου
972 4914 1155 4983 χειρός
1190 4931 1306 4969 σου.
1344 4913 1501 4968 Κατὰ
1531 4916 1700 4986 μόνας

100 5002 433 5074 ¹ἐκαθήμην,
462 5004 545 5056 ὅτι
585 5003 814 5071 πικρίας
863 5003 1222 5074 ὲνεπλήσθην.
1260 5023 1278 5055 ι
1310 5005 1422 5058 Καὶ
1456 5008 1486 5059 ὁ
1512 5003 1699 5070 Δαυτδ,

132 5113 152 5147 ι
182 5094 502 5165 Ἑμάκρυνα
521 5096 863 5165 φυγαδεύων,
886 5097 981 5149 καὶ
1000 5096 1270 5166 ηὑλίσθην
1288 5098 1350 5150 ὲν
1363 5100 1428 5167 τῇ
1453 5099 1550 5169 ὲρή
1560 5115 1665 5167 μῳ.
1679 5115 1697 5149 ι

127 5188 261 5252 Καὶ,
292 5185 564 5260 [Ἑθέμην
587 5188 648 5241 τὸ
679 5187 886 5259 ἔνδυμὰ
913 5206 1036 5259 μου,
1066 5189 1314 5262 cauom]
1342 5208 1362 5241 ι
1398 5191 1606 5260 ἐθέμην
1628 5191 1706 5260 τῷ

128 5281 362 5351 στόματί
395 5297 497 5351 μου
549 5280 796 5349 φυλακὴν
839 5282 897 5333 ὲν
923 5279 1001 5350 τῷ
1027 5285 1286 5352 συστῆναι
1316 5284 1408 5336 τδν
1444 5283 1708 5355 ἀμαρτω-

128 5369 223 5424 λδν
268 5372 510 5427 ἐναντίον
540 5388 642 5443 μου
672 5370 998 5444 [ὲκωφώθην
1052 5372 1146 5426 καὶ
1192 5372 1564 5442 ὲταπεινώθην
1613 5375 1710 5428 καὶ

133 5464 368 5534 ὲσίγησα
396 5463 455 5531 ἐξ
487 5462 730 5533 ἀγαθῶν.
756 5464 867 5519 Καὶ
901 5463 1107 5539 πάλων]
1142 5465 1446 5536 ἐκωφώθην
1480 5466 1576 5518 καὶ
1610 5465 1710 5518 οὐκ

133 5554 326 5632 ῆνοιξα
352 5556 413 5611 τὸ
437 5556 615 5627 στόμα
646 5572 773 5629 μου,
803 5558 887 5612 ὅτι
917 5558 982 5613 σὺ
1004 5560 1283 5626 ἐποίησας.
1319 5577 1336 5608 ι
1372 5557 1500 5619 Καὶ,
1539 5576 1556 5607 ι
1599 5555 1710 5609 Κύ-

210 5712 256 5750 ⁸³
288 5711 444 5769 Joan.
474 5692 562 5775 xv,
598 5709 697 5774 l9;
720 5720 831 5773 IIV,
855 5703 1015 5761 50.."
1045 5706 1286 5768 Amosv,
1318 5703 1401 5760 θῖν’.

1787 4824 2068 4895 propheta
2115 4823 2314 4889 Amos,
2377 4838 2503 4892 qua
2567 4820 2797 4877 instanti
2845 4828 3097 4890 tempore
3134 4816 3385 4887 contige—

1802 4925 1955 4981 runt,
1997 4930 2101 4970 suo
2120 4930 2237 4971 nos-
2256 4913 2506 4984 prmerud
2519 4914 2639 4968 iens
2668 4912 2916 4977 oraculo,
2947 4911 3027 4966 ait
3060 4928 3074 4964 :
3111 4928 3128 4959 ι
3163 4908 3224 4965 lu
3253 4915 3388 4962 tem-

1803 5022 1939 5078 pore
1984 5006 2080 5061 illo
2130 5006 2446 5075 intelligens
2490 5003 2696 5068 silebit,
2741 5004 2870 5073 quia
2906 5009 3126 5071 tempus
3181 4997 3386 5055 malum

1802 5106 1888 5153 est
1936 5098 2002 5151 ⁸⁷.
2034 5116 2054 5148 ›
2088 5096 2255 5151 Isaias
2298 5110 2524 5166 quoque
2559 5113 2574 5149 :
2616 5114 2632 5145 ι
2660 5092 2763 5161 Qui
2805 5094 2925 5148 odit
2955 5091 3302 5162 iniquitatem
3332 5096 3388 5145 et

1777 5232 1781 5237 .
1810 5204 2015 5245 manus
2051 5188 2266 5244 excutit
2300 5204 2332 5243 a
2367 5186 2739 5252 muneribus;
2795 5184 2891 5255 qui
2932 5182 3142 5240 claudit
3195 5182 3388 5238 oculos

1805 5296 1876 5335 ne
1921 5279 2107 5335 videat
2140 5279 2516 5350 iniquitatem,
2566 5277 2661 5333 hic
2701 5276 2976 5332 habitabit
3024 5275 3079 5330 in
3123 5274 3387 5345 spelunca

1805 5373 2058 5437 excelsa;
2110 5371 2273 5441 panis
2312 5370 2373 5426 ei
2420 5369 2665 5429 dabitur.
2715 5376 2771 5424 et
2802 5382 2944 5439 aqua
2990 5368 3111 5437 ejus
3159 5364 3383 5421 ﬁdelis:

1806 5464 2012 5535 Regem
2065 5478 2192 5518 cum
2252 5462 2426 5534 gloria
2474 5461 2714 5527 videbit,
2770 5468 2826 5516 et
2880 5460 3025 5515 oculi
3080 5456 3248 5514 vestri
3307 5455 3387 5510 νῦν

1809 5555 2019 5611 debunt
2051 5563 2254 5611 terram
2285 5554 2353 5610 de
2388 5553 2567 5623 longe,
2599 5553 2780 5609 anima
2808 5560 2987 5607 vestra
3029 5547 3388 5605 meditabitur
