4014 6310
178 319 319 389 ιτδι
418 370 421 371 ν

786 449 1009 507 ΛΟΓΟΣ
1037 445 1158 502 ΡΖ⁹.

689 564 828 635 Περί
878 562 1277 629 κατανύξεως.

272 680 338 736 Ἦ
379 678 673 742 κατάνυξις
729 675 902 729 τίκτει
969 673 1060 727 τὸν
1106 670 1389 743 κλαυθμὸν
1451 670 1548 725 καὶ
1579 669 1649 721 τὰ
1677 670 1769 722 €1-

179 788 367 846 xpua'
398 773 551 839 κόπῳ
597 770 653 822 δέ
679 786 786 823 τινι
822 769 1063 840 ἔρχεται,
1092 768 1142 818 εί
1173 765 1247 835 μὴ
1302 762 1392 817 διὰ
1415 760 1616 827 πολλῆς
1651 759 1745 813 dbo

178 863 412 935 λεσχίας
455 862 549 916 καὶ
592 861 953 931 ὑπομνήσεως
996 858 1096 926 τῆς
1150 856 1388 925 φοϐερᾶς
1416 855 1633 924 ἡμέρας
1672 851 1770 920 τῆς

179 956 451 1026 κρίσεως,
491 952 587 1006 καὶ
610 950 1020 1012 ἁνταποδὸσεως
1050 942 1129 1002 ὢν
1162 950 1482 1018 ἡμάρτομεν
1521 947 1579 997 ἐν
1606 944 1769 1012 λόγῳ.

170 1047 289 1105 καὶ
314 1046 477 1116 ἔργῳ,
503 1043 600 1097 καὶ
635 1041 872 1111 διανοίᾳ·
902 1041 996 1092 καὶ
1022 1039 1122 1108 τῆς
1152 1038 1413 1108 αἰσχύνης
1434 1037 1649 1105 ἐκείνης
1674 1038 1774 1105 τῆς

210 1139 290 1191 ,πὶ
318 1136 413 1190 τοῦ
436 1133 667 1205 φοϐεροῦ
699 1132 966 1203 βήματος,
1013 1129 1245 1182 ἐνώπιον
1274 1128 1524 1197 ἀγγέλων
1554 1128 1650 1180 καὶ
1682 1127 1774 1179 άν-

195 1229 451 1302 3ρώπων,
514 1226 610 1279 καὶ
636 1226 773 1278 ὅλων
799 1224 909 1276 τῶν
961 1222 1303 1291 ἐπουρανίων
1340 1220 1644 1289 δυνάμεων,
1684 1219 1774 1271 ὅτε

186 1319 380 1388 γυμνὰ
404 1317 499 1370 καὶ
526 1313 995 1386 τετραχηλισμένα
1024 1312 1222 1371 πάντα.
1253 1311 1339 1364 ὅτε
1362 1310 1589 1372 ἕκαστος
1619 1308 1776 1378 ήμῶν

190 1412 530 1479 παρίσταται
562 1406 703 1473 ὑπὲρ
750 1404 946 1457 ἑαυτοῦ
979 1402 1435 1473 ἀπολογούμενος,
1491 1404 1578 1477 ὅτε
1605 1400 1778 1462 οὐδεὶς

189 1501 373 1556 οὐδενὶ
428 1498 643 1569 βοηθὸς,
700 1498 789 1550 ὅτε
819 1495 1181 1567 φανεροῦνται
1211 1499 1277 1547 τά
1310 1494 1692 1565 κεκρυμμένα,
1741 1491 1779 1546 ἃ

79 1594 117 1610 ’⁵
192 1594 373 1655 οὐδεὶς
401 1592 538 1655 τέως
566 1587 728 1655 οἶδεν,
766 1590 813 1642 εί
850 1592 924 1661 μὴ
950 1591 983 1657 ἠ
1017 1587 1322 1657 συνείδησις
1364 1586 1543 1656 ἡμῶν,
1578 1584 1778 1655 μᾶλλον

94 1721 117 1733 ,
189 1685 254 1739 δὲ
309 1686 380 1736 τά
429 1684 656 1739 πλεῖστα
709 1683 831 1736 ούδέ
897 1684 930 1753 ἡ
974 1681 1171 1751 καρδία
1232 1680 1544 1745 ἐπίσταται,
1601 1682 1650 1733 εἰ
1703 1678 1777 1749 μὴ

1104 312 1433 376 HOMILIA
1469 309 1738 372 (ΝΠ.-
1768 306 1866 366 DE
1906 307 2517 373 COMPUNCTIONE.

3303 318 3445 385 1762

2418 441 2705 498 HOMILIA
2739 444 2894 502 CVII.

2388 556 2465 610 De
2499 561 2922 627 compunctione.

1940 664 2308 734 Compunctio
2330 668 2518 723 ﬂetum
2548 673 2693 741 parit
2723 682 2780 727 et
2818 674 3123 746 lacrymas:
3164 693 3276 733 non
3326 692 3449 735 me-

1869 753 2047 811 diocri
2073 759 2295 827 negotio
2324 760 2551 815 obvenit
2575 762 2814 828 homini,
2844 764 2949 820 nisi
2973 766 3157 821 forsan
3180 770 3451 825 exercita-

1872 846 1948 902 tio
1979 848 2249 916 prolixior
2278 853 2661 916 autevcrterit,
2691 868 2789 910 aut
2826 860 3282 916 commemoratio
3331 861 3450 916 for-

1871 939 2400 1010 midabilisjudicii,
2460 954 2517 997 et
2548 945 2769 1001 vicaria:
2824 949 3209 1004 retributionis
3255 968 3449 1007 eorum

1871 1046 1994 1102 qua:
2030 1034 2219 1104 inique
2249 1037 2523 1105 gessimus
2552 1053 2831 1102 sermone,
2854 1056 3043 1109 Opere,
3080 1041 3452 1111 cogitatione:

1872 1132 1969 1178 aut
1994 1136 2146 1180 eerte
2171 1142 2270 1196 per
2293 1128 2561 1196 pudorem
2586 1145 2652 1183 ae
2677 1130 2923 1186 dedecus
2939 1133 3086 1201 quod
3112 1133 3457 1190 damnandos

1874 1224 2059 1268 manet
2083 1225 2210 1270 ante
2248 1216 2383 1270 illud
2408 1218 2758 1275 formidabile
2783 1223 3048 1287 tribunal,
3074 1225 3127 1277 in
3153 1237 3455 1294 conspectu

1875 1306 2195 1375 angelorum
2216 1316 2274 1361 et
2294 1308 2602 1370 hominum,
2631 1312 3123 1383 universarumque
3148 1315 3456 1369 caelestium

1875 1394 2182 1456 virtutum.
2229 1413 2352 1451 cum
2429 1399 2576 1453 nuda
2638 1409 2695 1454 et
2756 1411 2945 1470 aperta
2992 1413 3159 1456 erunt
3228 1404 3455 1467 omnia.

1875 1488 2107 1557 quando.
2128 1490 2511 1560 unusquisque
2538 1500 2789 1546 nostrum
2831 1495 3253 1563 praesentabitur
3276 1510 3376 1566 pro
3400 1512 3459 1552 se

1878 1595 2267 1650 responsurus,
2301 1599 2424 1636 eum
2452 1599 2615 1638 nemo
2634 1584 2791 1639 alteri
2825 1589 3027 1655 poterit
3061 1603 3181 1641 esse
3213 1589 3457 1650 auxilio;

1879 1672 2103 1739 quando
2161 1674 2378 1728 cunctis
2430 1690 2629 1729 arcana
2681 1685 2986 1744 patescent,
3040 1679 3175 1732 nulli
3232 1688 3462 1737 eatenus

197 1777 364 1847 μόνος
392 1778 419 1827 ό
472 1774 678 1839 ἐτάζων
732 1774 960 1841 καρδίας
988 1775 1083 1826 καὶ
1128 1775 1383 1843 νεφροὺς,
1441 1774 1470 1826 ὁ
1498 1771 1653 1833 Θεὸς,
1687 1771 1777 1824 ὅτε

1895 1773 2163 1831 :omperta
2187 1771 2243 1817 et
2270 1764 2578 1833 explorata.
2609 1766 2713 1819 nisi
2739 1782 2862 1835 quae
2888 1770 3157 1838 cujusque
3178 1770 3463 1825 conscien-

201 1885 224 1916 ο
258 1866 383 1938 Πῦρ
417 1866 648 1920 ἐνώπιον
701 1866 867 1920 αὑτοῦ
920 1866 1381 1937 προπορεύσεται,
1419 1865 1515 1918 καὶ
1569 1863 1784 1933 φλογιεί

195 1958 389 2029 κύκλῳ
422 1958 550 2020 τοὺς
581 1958 809 2027 ἐχθροὺς
846 1957 1037 2010 αὐτοῦ·
1071 1975 1091 2009 ι
1193 1958 1285 2011 ὅτε
1329 1956 1783 2020 καταδικάζονται

195 2050 250 2103 οί
276 2051 376 2119 μὲν
405 2051 484 2112 είς
511 2053 572 2102 τὸ
596 2049 784 2108 σκότος
809 2049 872 2101 τὸ
907 2048 1169 2119 ἐξώτερον
1198 2047 1257 2100 τὸ
1290 2048 1690 2119 ἡτοιμασμένον
1709 2046 1785 2116 τῷ

198 2140 435 2209 διαϐόλῳ
470 2140 562 2193 καὶ
610 2142 724 2201 τοῖς
752 2140 1003 2208 ἀγγέλοις
1046 2138 1213 2191 αὐτοῦ
1234 2155 1250 2170 ο
1298 2139 1350 2191 οί
1384 2139 1440 2192 δὲ
1473 2141 1554 2200 εἰς
1584 2138 1644 2190 τὸ
1676 2136 1788 2208 πῦρ

200 2228 265 2282 τὸ
283 2227 498 2281 αἰώνιον
522 2245 538 2260 ·
569 2227 718 2282 ἄλλοι
747 2228 1213 2297 παραπέμποντας.
1241 2226 1320 2297 τῷ
1348 2227 1631 2296 ἀκοιμήτῳ
1656 2225 1788 2279 σκώο

204 2317 358 2388 ληκι,
393 2318 543 2372 ἄλλοι
597 2318 674 2386 τῷ
726 2319 986 2388 ταρτάρῳ
1036 2317 1461 2384 παραδίδονται·
1494 2318 1591 2369 καὶ
1629 2316 1680 2367 τί
1710 2314 1789 2367 δεῖ

206 2410 390 2463 πάντα
436 2410 574 2462 κατὰ
599 2408 797 2462 λεπτὸν
823 2408 1211 2476 ἀπαγγέλλειν,
1271 2408 1366 2462 καὶ
1413 2409 1644 2478 άκηδίαν
1686 2410 1790 2478 ἐμ-

204 2503 381 2575 ποιεῖν
441 2503 553 2564 τοῖς
615 2503 947 2572 άκροαταῖςς,
1014 2499 1197 2554 Ταῦτα
1246 2497 1338 2555 οῦν
1376 2501 1554 2554 πάντα
1584 2503 1678 2554 καὶ
1723 2500 1791 2554 τὰ

203 2593 369 2663 ὃμοια
395 2590 723 2655 ἐννοοῦντες.
760 2593 1054 2663 ἀγαπητοὶ,
1082 2592 1326 2662 ἔλθωμεν
1351 2594 1430 2654 είς
1475 2591 1789 2656 κατάνυξιν,

205 2688 305 2740 καὶ
354 2684 693 2755 παυσώμεθα
748 2686 856 2738 τῶν
911 2683 1098 2737 κακῶν
1159 2684 1315 2754 ἡμῶν
1369 2683 1651 2756 πράξεων·
1699 2682 1794 2737 καὶ

206 2776 536 2846 κλαύσωμεν
572 2776 784 2846 ἡμέρας
815 2777 907 2828 καὶ
932 2775 1149 2837 νυκτὸς.
1183 2775 1425 2829 ἐναντίον
1457 2775 1661 2843 Κυρίου
1698 2772 1791 2825 τοῦ

208 2870 537 2936 ποιήσαντος
571 2868 920 2938 ἡμᾶς.”οπου
949 2868 1058 2937 γὰρ
1084 2867 1318 2937 δάκρυα,
1347 2869 1465 2920 ἐκεῖ
1482 2864 1795 2935 δυσώπησις

208 2958 377 3013 θεοῦ·
429 2962 462 3029 ἡ
499 2960 671 3032 πόρνη
719 2960 806 3013 διὰ
849 2960 1070 3031 θερμῶν
1124 2960 1395 3029 δακρύων.
1445 2961 1574 3029 μιᾶς
1623 2958 1792 3027 ὧρας,

210 3051 425 3105 πολλῶν
452 3052 589 3122 ό·ρλη
599 3054 785 3120 μάτων
803 3053 997 3121 ἄφεσιν
1018 3053 1344 3122 ἐκομίσατο·
1366 3052 1436 3104 τὰ
1455 3052 1670 3123 δάκρυα
1695 3054 1794 3121 τὴν

210 3145 380 3217 εὐχὴν
408 3145 487 3215 τῷ
514 3145 634 3215 Θεῷ
678 3146 1039 3215 παριστῶσιν,
1073 3145 1168 3198 καὶ
1194 3145 1592 3216 εὐπρόσδεκτον
1619 3146 1793 3215 αὐτὴν

212 3234 482 3289 ποιοῦσιν.
507 3237 566 3289 '0
602 3236 944 3306 Πέτροῃδιά
972 3238 1099 3306 μιᾶς
1124 3236 1270 3308 ὧρας
1289 3233 1507 3307 πικρῶν
1519 3236 1791 3305 δακρύων,

208 3327 281 3379 οὐ
313 3328 474 3395 μόνον
505 3328 857 3397 συνεχωρήθη
893 3327 972 3398 τῷ
998 3327 1302 3397 πταίσματι
1349 3332 1449 3398 τῆς
1480 3328 1792 3399 ἀρνήσεως,

210 3415 355 3469 ἀλλά
388 3417 483 3470 καὶ
514 3418 609 3478 τὰς
642 3418 789 3480 κλεῖς
817 3419 914 3487 τῆς
971 3417 1250 3487 βασιλείας
1280 3417 1389 3469 τῶν
1426 3418 1483 3470 οἱ
1497 3417 1673 3488 ρανῶν
1702 3431 1796 3467 πι-

216 3507 492 3563 στεύεται.
540 3509 759 3577 Ἐζεκίᾳ
792 3508 871 3580 τῷ
901 3508 1111 3578 βασιλεί
1179 3509 1247 3561 δι’
1299 3509 1494 3575 ὀλίγων
1545 3508 1798 3576 δακρύων

210 3599 515 3653 δεκαπέντε
562 3600 656 3669 ἐτη
687 3603 752 3669 τῇ
801 3600 912 3668 ζωῇ
945 3599 1269 3668 προσετέθη.
1326 3600 1392 3651 Al
1425 3599 1636 3671 ῥανίδες
1688 3599 1798 3651 τῶν

213 3692 472 3761 δακρύων
501 3692 577 3755 ὡς
619 3692 741 3761 μέλι
772 3692 1043 3760 γλυκάζον
1091 3693 1230 3744 είσὶν
1255 3695 1314 3744 ἐν
1358 3694 1425 3761 τῇ
1455 3691 1674 3762 καρδία,
1702 3691 1799 3745 καὶ

217 3782 475 3854 Θυμίαμα
508 3784 707 3847 εὑῶδες
736 3785 886 3853 παρὰ
904 3784 982 3855 τῷ
1012 3784 1151 3854 θεῷ.
1174 3783 1293 3854 Χρὴ
1322 3783 1438 3845 οὖν,
1465 3784 1572 3852 πρὸ
1600 3782 1798 3845 παντὸς

216 3875 548 3944 αίτήματος,
598 3874 937 3944 κατόρθωσιν
984 3875 1287 3944 κεχρῆσθαι
1342 3878 1452 3937 τιδς
1514 3874 1796 3944 δάκρυσιν.

216 3967 377 4019 Πάνυ
424 3966 531 4038 γάρ
558 3966 735 4035 χαίρει
761 3967 791 4017 ό
835 3967 1110 4037 Δεσπότης
1135 3970 1165 4037 ἡ
1177 3968 1292 4036 μῶν
1313 3967 1597 4038 δεχόμενος
1633 3982 1803 4037 προσ-

219 4059 391 4126 ευχὴν
420 4058 476 4108 ἐν
502 4058 764 4127 δάκρυσιν
795 4058 935 4126 μετὰ
967 4058 1230 4128 ταπεινῆς
1257 4058 1502 4128 καρδίας,
1538 4057 1802 4129 μηδαμῶς

220 4147 713 4218 ἐπαιρομένης,ὠς
744 4148 884 4217 ὑπὲρ
910 4150 1036 4210 τοὺς
1061 4148 1289 4211 πολλοὺς
1317 4150 1485 4202 ὅντων
1507 4151 1541 4220 ἡ
1552 4150 1689 4217 μῶν,
1714 4150 1803 4203 ἵνα

224 4240 307 4309 μὴ
334 4241 425 4292 ἐπὶ
446 4239 632 4292 πλεῖον
666 4242 1091 4310 παροργίσωμεν
1114 4240 1205 4293 τὸν
1221 4241 1489 4294 δεδωκότα
1507 4241 1604 4313 τὴν
1622 4242 1801 4312 χάριν.

223 4332 421 4386 Πολλοὶ
441 4333 550 4402 γάρ
578 4331 904 4400 δακρύοντες
934 4332 1074 4402 ὑπὲρ
1106 4332 1412 4403 ἁμαρτιῶν,
1448 4333 1804 4388 ἐπιλανθανό-

1885 1851 1963 1908 tia
2000 1853 2182 1908 novit:
2216 1855 2349 1924 quin
2378 1856 2563 1925 potius
2582 1858 2819 1926 plurima
2849 1875 2973 1928 qua!
3012 1877 3081 1914 ne.
3112 1876 3209 1915 cor
3237 1862 3462 1931 quidem

1884 1954 2137 2000 nostrum
2174 1947 2298 2010 scit,
2333 1956 2534 2015 prater
2556 1948 2728 2003 Deum
2762 1951 2854 2020 qui
2887 1950 3054 2007 corda
3108 1962 3386 2009 scrutatur
3409 1961 3467 2009 et

1885 2052 2084 2099 renes;
2120 2053 2268 2102 cum,
2306 2058 2324 2089 ι
2363 2039 2507 2109 Ignis
2530 2040 2585 2093 in
2625 2051 2924 2110 conspectu
2950 2044 3069 2111 ejus
3101 2044 3386 2113 procedet,
3411 2053 3469 2101 et

1889 2127 2252 2183 inﬂammabit
2279 2129 2334 2183 in
2361 2131 2599 2185 circuitu
2631 2132 2887 2188 inimicos
2920 2134 3129 2203 ejus“:
3179 2155 3199 2187 ι
3246 2134 3469 2203 quando

1888 2221 2408 2275 eondemnabuntur
2434 2222 2486 2276 hi
2512 2224 2736 2292 quidem
2769 2224 2821 2277 in
2867 2226 3123 2279 tenebras
3162 2226 3470 2280 exteriores

1890 2313 2202 2384 ablegandi.
2227 2330 2350 2383 quae
2379 2324 2581 2384 parata:
2606 2324 2737 2369 sunt
2766 2316 2988 2370 diabolo
3010 2325 3063 2370 et
3089 2318 3300 2384 angel's
3323 2318 3466 2386 ejus:

1892 2405 1971 2460 illi
2005 2421 2137 2460 vero
2161 2406 2542 2475 pra‘eipttandi
2575 2407 2632 2460 in
2658 2407 2839 2477 ignem
2874 2409 3224 2463 :rternum".
3254 2408 3320 2463 Et
3347 2408 3469 2479 qui-

1892 2496 2018 2552 dem
2047 2498 2138 2552 alii
2167 2500 2568 2568 propellentur,
2612 2498 2904 2554 addicendi
2957 2516 3238 2570 nunquam
3265 2500 3474 2556 dormi-

1896 2597 2019 2644 turo
2070 2590 2268 2653 vermi,
2314 2589 2409 2644 alii
2461 2590 2706 2661 voragini
2763 2591 3051 2645 tradentur
3133 2589 3470 2646 tartareae".

1892 2681 2104 2751 Ecquid
2133 2697 2362 2737 necesse
2396 2681 2468 2736 sit
2517 2682 2733 2753 singula
2795 2682 2911 2738 haec
2943 2683 3198 2737 minutim
3236 2691 3297 2736 ut
3342 2697 3474 2753 perv

1893 2788 2169 2834 censeam,
2198 2788 2438 2841 quorum
2464 2788 2633 2827 censu
2659 2773 3014 2828 auditoribus
3064 2774 3284 2830 taedium
3315 2774 3473 2846 inge—

1893 2863 2266 2920 nerem?llzec
2316 2865 2487 2936 igitur
2544 2875 2710 2936 atque
2765 2866 2853 2921 his
2917 2882 3183 2936 perquam
3245 2867 3475 2935 similia,

1894 2956 2232 3021 charissimi,
2261 2959 2305 3012 si
2350 2957 2803 3026 cxpenderimus,
2864 2959 2932 3013 ad
2988 2959 3476 3028 compunctionem

1894 3050 2088 3120 utique
2109 3054 2507 3121 pertingemus,
2532 3066 2743 3120 nosque
2760 3066 2922 3121 quam
2965 3050 3220 3105 ocissime
3246 3051 3480 3121 recipie-

1894 3157 2017 3196 mus
2041 3157 2071 3196 a
2096 3143 2380 3197 consuetis
2414 3142 2681 3211 Operibus
2740 3141 3047 3210 improbis:
3080 3141 3169 3196 die
3219 3158 3282 3196 ac
3308 3150 3478 3197 nocte

1895 3233 2240 3303 plorabimus
2267 3235 2321 3288 in
2349 3243 2649 3304 conspectu
2677 3234 2894 3288 Domini
2918 3235 3011 3303 qui
3057 3234 3189 3288 fecit
3220 3250 3342 3288 nos.
3370 3232 3474 3290 Ubi

1893 3325 2041 3379 enim
2066 3325 2343 3396 lacrymre.
2387 3325 2461 3379 ibi
2501 3324 2801 3381 exorabilis
2832 3325 2925 3379 Dei
2956 3324 3270 3380 clementia.
3303 3324 3481 3379 Mere-

1897 3415 2006 3468 trix
2032 3415 2125 3469 illa
2153 3416 2415 3486 lacrymis
2442 3418 2610 3471 unius
2642 3416 2793 3472 hora:
2812 3416 2906 3471 sed
2936 3417 3304 3487 prmfervidis,
3337 3415 3482 3470 mul-

1898 3518 2080 3565 torum
2132 3508 2322 3563 retulit
2371 3508 2757 3564 remissionem
2818 3508 3160 3564 debitorum.
3200 3507 3478 3579 Lacrymaa

1895 3600 2226 3674 pmsentem
2264 3600 2532 3655 exhibent
2555 3602 2668 3655 Deo
2701 3601 3034 3667 orationem,
3066 3616 3299 3671 eantque
3358 3615 3482 3671 gra-

1898 3695 2097 3749 tiosam
2173 3693 2419 3747 reddunt
2478 3702 2536 3747 et
2605 3693 3026 3763 acceptabilem.
3093 3694 3295 3749 Petrus
3362 3692 3481 3762 ipse

1897 3785 2262 3840 amarulentis
2288 3785 2546 3856 laerymis
2569 3801 2677 3839 una
2715 3785 2848 3839 hora
2887 3784 3249 3854 profusisnon
3282 3798 3482 3853 pecca-

1899 3877 2205 3932 tummodo
2229 3876 2617 3947 abnegationis
2658 3877 2968 3946 promeruit
3019 3874 3123 3928 sibi
3160 3874 3484 3936 condonari,

1902 3968 1998 4023 sed
2028 3977 2087 4022 et
2116 3968 2171 4022 in
2194 3983 2386 4022 earum
2412 3968 2644 4038 gratiam
2677 3967 2755 4021 illi
2775 3966 3111 4022 concredita:
3144 3973 3275 4020 sunt
3302 3965 3487 4023 claves

1903 4059 2057 4128 regni
2099 4059 2369 4113 cmlorum
2388 4059 2451 4112 ”.
2488 4058 2740 4113 Ezechiae
2766 4057 2876 4127 regi
2906 4056 3134 4127 eximio,
3175 4054 3324 4125 quod
3367 4064 3489 4109 tan-

1903 4152 2082 4207 tillum
2114 4148 2351 4204 fudisset
2385 4148 2780 4219 lacrymarum,
2820 4154 3183 4202 accreverunt
3220 4145 3288 4200 ad
3336 4144 3487 4200 illius

1905 4242 2076 4298 vitam
2096 4241 2232 4295 anni
2273 4240 2521 4310 quinque
2546 4248 2603 4295 et
2627 4239 2818 4295 decem
2857 4240 2905 4291 °.
2932 4239 3250 4294 Rorulentze
3294 4252 3486 4308 asper-

1906 4335 2063 4408 gines
2086 4335 2452 4405 lacrymarum
2489 4344 2554 4387 ut
2577 4332 2775 4387 dulcor
2807 4332 2987 4387 mellis
3004 4342 3137 4387 sunt
3169 4331 3350 4394 cordi,
3393 4338 3491 4386 aut

227 4440 385 4495 μενοι
414 4423 511 4476 τοῦ
547 4423 755 4476 σκοποῦ
814 4418 923 4476 τῶν
953 4423 1225 4493 δακρύων,
1277 4423 1536 4495 μανέντες
1574 4425 1794 4490 ἐξεπλά-

1908 4444 2076 4483 suave
2100 4427 2352 4497 fragrans
2381 4425 2675 4496 thymiama
2702 4423 2847 4494 apud
2884 4424 3075 4478 Deum.
3105 4420 3489 4477 Omnimodam

223 4535 427 4587 γησαν.
473 4518 598 4571 Ἐὰν
614 4518 688 4583 ,δέ
733 4534 817 4580 τις
842 4517 1053 4570 τελείαν
1077 4518 1370 4584 κατάνυξιν
1398 4520 1682 4589 κέκτηται,
1717 4524 1805 4576 αἱ·

224 4610 487 4664 σθάνεται
513 4610 707 4663 ἐαυτὸν
741 4611 891 4681 παρὰ
945 4609 1039 4662 τοῦ
1090 4610 1256 4679 ἄρτου
1281 4610 1381 4681 τῆς
1403 4611 1567 4683 ζωῆς,
1598 4613 1806 4683 τροφὴν

221 4702 516 4772 δεχόμενον
553 4701 971 4771 πνευματικὴν,
1014 4701 1224 4771 τροφὴν
1258 4699 1353 4753 τοῦ
1384 4702 1688 4772 κρείττονος
1713 4704 1810 4772 φό-

227 4793 352 4853 ϐου,
384 4790 590 4862 τροφὴν
620 4791 785 4845 πόθου
820 4792 1161 4861 ἐπουρανίου,
1207 4792 1302 4844 καὶ
1333 4793 1637 4864 στεναγμοῦ
1666 4811 1809 4867 παρ-

226 4877 461 4955 ηγορίας
489 4878 581 4930 καὶ
613 4878 975 4944 κατανύξεως.
1010 4880 1103 4933 καὶ
1124 4879 1412 4951 μελῳδίας,
1443 4882 1535 4934 καὶ
1556 4882 1812 4950 γνώσεως

231 4972 558 5044 βαθυτέρας,
595 4973 689 5027 καὶ
719 4972 878 5026 θείων
902 4972 1063 5027 τινῶν
1099 4975 1435 5045 μυστηρίων.
1481 4976 1544 5030 Ἡ
1575 4978 1811 5033 κατάνυ-

233 5062 319 5127 Et;
350 5062 691 5132 δακρυώδους
720 5063 871 5125 τινὰς
901 5064 995 5115 καὶ
1008 5063 1203 5132 ἠπίους
1232 5063 1442 5127 ἐννοίας
1463 5065 1563 5134 τὴν
1586 5066 1814 5135 καρδίαν

234 5154 647 5224 παρασκευάζει
682 5155 867 5225 φέρειν
897 5170 910 5184 ·
948 5153 1070 5206 ὅθεν
1136 5155 1305 5218 ὅντως
1348 5155 1497 5210 ἔστιν
1564 5156 1692 5209 ίδεῖν
1750 5157 1814 5211 τά

232 5247 531 5314 σπέρματα
584 5245 679 5315 τῆς
740 5244 907 5313 εύλῆς
962 5246 1101 5314 μετά
1144 5244 1394 5314 δακρύων
1424 5247 1482 5298 ἐν
1515 5250 1582 5319 τῇ
1614 5250 1684 5318 γῇ
1713 5251 1815 5319 τῆς

233 5338 463 5409 καρδίας
506 5337 901 5407 ἐνσπειρόμενα
953 5336 1040 5389 διὰ
1083 5337 1182 5407 τὴν
1232 5337 1423 5391 ἐλπίδα
1451 5338 1552 5408 τῆς
1584 5340 1677 5393 τοῦ
1725 5341 1818 5393 θε-

1905 4522 2078 4593 igitur
2103 4529 2233 4575 aute
2250 4519 2572 4589 petitionem
2596 4532 2823 4573 necesse
2842 4516 2917 4572 sit
2937 4516 3299 4587 lacrymarum
3320 4512 3493 4568 utaris

1907 4612 2192 4683 praasidio,
2226 4612 2294 4667 ad
2333 4611 2463 4665 vitae
2506 4608 2866 4665 obtinendam
2905 4607 3331 4663 correctionem.
3369 4605 3493 4674 Ipse

1910 4704 2061 4757 enim
2123 4701 2396 4757 Dominus
2442 4709 2634 4753 noster
2689 4712 3041 4767 summopere
3107 4696 3311 4767 gaudet
3359 4693 3492 4748 dum

1911 4792 2223 4848 orationem
2242 4791 2449 4861 excipit
2479 4805 2643 4859 quam
2684 4789 2935 4859 lacrymae
2994 4787 3332 4842 comitantur
3364 4798 3491 4840 cum

1915 4885 2112 4940 humili
2150 4884 2340 4947 corde,
2369 4878 2584 4953 1200
2611 4896 2714 4936 nec
2744 4881 2856 4935 ullo
2903 4888 3064 4950 pacto
3111 4893 3170 4932 se
3224 4876 3493 4931 efferente

1916 4976 2074 5045 quasi
2110 4984 2314 5044 prteter
2338 4975 2544 5028 multos
2570 4974 2665 5042 qui
2706 4973 2852 5026 inter
2878 4985 2981 5024 nos
3013 4977 3179 5024 sunt:
3228 4982 3293 5021 ea
3345 4966 3493 5020 enim

1917 5066 2086 5119 animi
2114 5064 2357 5133 exigitur
2379 5061 2670 5126 modestia,
2694 5069 2754 5114 ut
2785 5076 2854 5115 ne
2886 5067 3037 5112 tanto
3063 5055 3302 5125 amplius
3324 5053 3493 5123 largi-

1918 5167 2094 5212 torem
2135 5156 2299 5210 istius
2319 5156 2509 5224 gratia:
2532 5153 2947 5207 exacerbemus.
2968 5149 3106 5204 Sunt
3141 5147 3287 5202 enim
3326 5145 3497 5215 pleri-

1919 5264 2028 5318 que
2066 5262 2167 5316 pro
2198 5256 2439 5316 peccatis
2467 5244 2893 5314 illacrymantes,
2932 5257 3073 5311 quos
3089 5236 3289 5307 alioqui
3335 5235 3494 5305 fugit.

1920 5339 2016 5410 qui
2068 5339 2141 5393 sit
2194 5353 2396 5407 scopus
2452 5337 2843 5405 lacrymarum.
2906 5334 2971 5389 lli
3011 5330 3222 5387 insania
3279 5327 3498 5397 perciti,

237 5430 436 5502 ρισμοῦ
467 5432 662 5502 χαρᾶς,
705 5430 768 5482 Ἡ
815 5429 955 5499 μετὰ
980 5428 1330 5494 κατανύξεως
1380 5432 1474 5485 καὶ
1510 5437 1820 5503 προσευχῆς

240 5520 439 5591 μελέτη
492 5520 666 5575 τίκτει
700 5521 791 5573 τὸν
814 5518 910 5573 τοῦ
937 5518 1073 5573 Θεοῦ
1091 5518 1256 5587 φόϐον
1282 5522 1340 5573 ἐν
1365 5522 1515 5592 ἡμῖν.
1546 5524 1684 5593 Φησὶ
1713 5522 1821 5594 γὰρ

1921 5431 2145 5486 demum
2172 5438 2358 5484 mente
2410 5427 2575 5481 etiam
2624 5426 2758 5482 moti
2804 5435 2953 5479 sunt.
3011 5424 3067 5479 Si
3117 5421 3241 5492 quis
3271 5416 3503 5488 proinde

1923 5524 2222 5595 perfectus,
2276 5528 2567 5575 assecutus
2613 5528 2696 5571 est
2740 5516 3224 5585 compunctionem
3260 5553 3274 5577 ,
3335 5523 3502 5565 sensu

240 5742 273 5803 ‘
310 5675 358 5708 “
381 5677 524 5733 Psal.
554 5691 695 5743 xcvi,
731 5678 788 5732 ὅ.
863 5676 906 5707 ⁸⁷
942 5675 1133 5732 Matth.
1158 5692 1286 5743 xxv,
1314 5678 1403 5732 41.
1482 5678 1647 5733 "lsa.
1680 5695 1794 5734 LXVI

308 5760 424 5805 58!}.

1895 5683 1957 5748 4;
1995 5681 2164 5735 Mare.
2192 5679 2376 5741 13545.
2455 5678 2500 5709 δ’
2529 5676 2721 5731 Matth.
2757 5690 2869 5739 xvr,
2910 5673 2993 5728 l9.
3071 5671 3117 5703 “
3139 5669 3243 5726 lsa.
3273 5682 3503 5734 xxxvm,

337 5761 424 5819 eq.
