4014 6310
146 293 300 355 Ῐῗεΰ

974 291 1302 354 HOMILIA
1340 291 1550 356 CVIII.
1584 320 1655 333 -
1693 294 1793 354 DE
1832 294 2149 355 HONORE
2188 297 2629 357 PARENTUM.
2672 262 2683 269 ’

3232 323 3234 326 '
3298 300 3435 365 17εὸ

145 420 229 457 σα
259 404 604 474 ἀλάϐαστρον
638 404 831 475 μύρου,
893 407 989 457 καὶ
1021 408 1198 460 στᾶσα
1229 407 1406 461 ὀπίσω
1450 407 1605 479 παρὰ
1631 408 1759 473 τοὺς

1862 423 1984 463 rare
2018 418 2126 462 tam
2161 409 2488 464 clementem
2543 409 2856 474 Dominum,
2887 419 2943 463 et
2978 410 3071 480 qui
3111 410 3274 467 facile
3312 427 3425 467 ma-

140 495 328 557 πόδας
357 494 452 568 τοῦ
504 495 681 562 Ἰησοῦ
711 494 994 558 κλαίουσα,
1024 496 1228 565 ἤρξατο
1252 498 1465 568 βρέχειν
1493 500 1618 561 τοὺς
1648 501 1747 552 τοι

138 586 255 648 δας
289 566 457 640 αὑτοῦ
486 589 598 648 τοῖς
630 586 895 657 δάκρυσιν
916 626 930 648 ,
971 588 1063 639 καὶ
1092 591 1214 651 ταῖς
1244 566 1417 660 θριξίν
1442 589 1541 657 τῆς
1576 590 1750 660 κεφα-

138 674 258 745 λῆς
287 677 463 746 αὑτῆς
489 678 813 747 ἐκμάσσειν,
844 677 939 730 καὶ
994 676 1273 745 κατεφίλει
1302 679 1429 742 τοὺς
1453 679 1617 742 πὸὁας
1649 681 1749 733 αὐ-

138 765 273 829 τοῦ,
304 768 401 820 καὶ
437 768 660 839 ἤλειφεν
688 769 766 838 τῷ
803 766 982 838 μύρῳ,
1020 785 1042 819 ι
1080 769 1174 822 καὶ
1205 769 1437 841 ἤκουσεν
1465 771 1621 842 παρὰ
1653 770 1747 824 τοῦ

1854 497 2035 551 lorum
2065 502 2312 553 omnium
2367 500 2754 555 obliviscitur:
2785 500 2942 570 juxta
2988 503 3281 556 oraculum
3330 502 3427 557 So-

1851 590 2073 658 phonia’
2111 593 2413 661 prophetae,
2445 593 2720 646 dicentis:
2761 592 3073 662 «Apposuit
3110 593 3209 647 tibi
3248 593 3430 661 ignem

1845 694 1901 735 et
1931 697 2127 751 aquam
2151 700 2163 735 :
2196 684 2263 737 ad
2289 685 2613 738 utrumlibet
2641 684 2908 747 volueris,
2936 685 3171 739 extende
3208 697 3433 739 manum

1845 777 1995 826 tuam
2025 790 2037 825 :
2064 782 2191 827 ante
2218 775 2468 845 homines
2524 777 2637 828 vita
2656 785 2711 829 ct
2741 791 2914 839 mors,
2952 781 3006 826 et
3039 773 3421 842 quodcumque

139 860 431 928 Σωτῆρος,
472 878 490 910 ι
512 860 818 927 Ἀφέωνταί
846 878 939 912 σου
970 863 1024 913 αἱ
1056 862 1376 935 ἁμαρτίαι.»
1411 864 1573 935 Αὑτῷ
1595 867 1628 935 ἡ
1652 866 1737 918 δό-

1861 866 2129 929 ιΙιιειιετίι,
2163 866 2386 921 dabitur
2408 882 2510 921 eis.
2541 867 2865 922 Peccantem
2905 869 3056 923 enim
3098 869 3152 922 in
3185 870 3423 924 animum

139 952 219 1018 ξα
257 955 339 1016 εἰς
369 954 493 1015 τοὺς
521 953 740 1017 αἰῶνας.
790 954 979 1025 Ἀμήν.

1861 974 1988 1012 :uam
2007 958 2131 1027 quis
2147 958 2471 1028 juStilicabit
2488 959 2571 1012 "1'
2592 980 2610 1010 ι
2634 958 2786 1024 Quis,
2809 960 3052 1029 inquam,
3071 960 3175 1017 nisi
3198 961 3421 1031 praefer-

140 1051 306 1106 vida:
332 1051 605 1122 lacrymar,
634 1067 772 1120 quas
797 1056 1097 1109 comitetur
1121 1058 1475 1125 compunetio
1500 1061 1525 1112 ?
1563 1057 1695 1113 Sitit
1727 1057 1949 1128 quidem
1982 1075 2204 1129 semper
2239 1067 2484 1112 nostram
2509 1055 2755 1110 amntium
2787 1059 3021 1112 salutem
3054 1057 3327 1128 benignus
3366 1058 3423 1112 et

178 1143 480 1199 .-isericors
513 1143 780 1198 Dominus
801 1146 891 1200 vel
932 1152 1069 1201 teste
1093 1148 1392 1218 Apostolo:
1422 1167 1441 1199 ι
1470 1148 1574 1216 Qui
1611 1165 1806 1204 omnes
1839 1149 2089 1203 homines
2115 1149 2232 1203 vult
2265 1149 2444 1202 salvos
2481 1148 2620 1215 ﬁeri,
2645 1157 2700 1202 et
2723 1148 2789 1201 ad
2811 1147 3149 1219 agnitionem
3178 1146 3426 1205 veritatis

166 1238 353 1294 'enire
382 1238 448 1291 “.
486 1255 507 1290 ι
547 1237 823 1308 Scriptum
858 1224 1043 1295 autem
1078 1253 1161 1296 est
1192 1252 1249 1297 et
1278 1243 1334 1297 in
1368 1241 1530 1297 Luca:
1559 1244 1857 1314 Evangelia
1887 1259 1901 1295 :
1938 1238 1965 1292 ἶ
1994 1243 2212 1296 Etecce
2241 1242 2440 1295 mulier
2473 1257 2595 1311 qua:
2625 1251 2738 1296 erat
2776 1242 2830 1296 in
2866 1242 3088 1296 civitate
3120 1242 3417 1311 peccatrix.

144 1339 226 1384 at
258 1328 519 1401 cognovit
543 1329 673 1399 quia
711 1331 1067 1386 accumberet
1089 1332 1357 1388 Dominus
1400 1333 1456 1387 in
1486 1320 1651 1389 domo
1695 1333 1978 1397 Pharismi,
2023 1334 2210 1387 attulit
2242 1333 2578 1387 alabastrum
2620 1333 2889 1403 unguenti
2924 1351 2937 1385 :
2970 1348 3206 1403 cumque
3237 1331 3419 1387 stetis-

149 1428 249 1477 set
280 1431 430 1476 retro
477 1435 639 1476 secus
686 1420 856 1491 pedes
900 1423 1051 1493 ejus,’
1070 1422 1210 1478 ﬂens
1239 1423 1407 1493 cmpit
1432 1424 1611 1495 rigare
1638 1424 1806 1493 pedes
1838 1424 1958 1492 ejus
1981 1420 2260 1493 lacrymis,
2293 1430 2348 1476 et
2377 1422 2592 1491 capillis
2641 1422 2839 1492 capitis
2882 1424 2968 1477 sui
3017 1422 3327 1493 detergere,
3357 1430 3416 1477 et

157 1517 458 1582 unguento
491 1509 729 1580 ungeba't
757 1511 802 1542 “
822 1526 838 1575 ;

159 1602 281 1673 Ipsi
315 1603 486 1673 gloria
516 1603 827 1679 insaecula.
857 1604 1054 1660 Amen.

759 1781 980 1833 ΛΟΓΟΣ
1019 1782 1148 1833 PH’.

632 1892 771 1959 Περὶ
801 1890 975 1959 τιμῆς
1005 1892 1252 1960 γονέων.

231 2007 343 2063 Τοῦ
365 2006 535 2077 τιμᾷν
558 2005 685 2082 τοὺς
712 2002 972 2065 τεκόντας
994 2003 1160 2072 ἡμᾶς,
1187 2000 1282 2054 καὶ
1298 1998 1533 2079 ἀμοιϐάς
1564 1999 1750 2060 αὐτοῖς

151 2099 472 2154 ἀποδιδόναι
504 2095 781 2164 ὀφειλέται
815 2087 982 2163 ἐσμὲν
1034 2094 1126 2146 καὶ
1165 2094 1227 2145 ὲκ
1259 2095 1357 2163 τῆς
1397 2088 1747 2160 φυσικῆξνο-

155 2190 448 2261 μοθεσίας.
496 2189 584 2240 Ἐν
615 2184 851 2256 πρώτοις
912 2185 1032 2253 μὲν,
1086 2184 1170 2238 ὅτι
1214 2182 1561 2253 τὸ¹αίσοητὸν
1590 2179 1751 2234 τοῦτο

154 2282 279 2351 φῶς
311 2280 377 2334 δι’
401 2279 578 2333 αὐτῶν
604 2277 928 2346 ἑωράκαμεν
954 2291 968 2305 °
1021 2273 1210 2327 ἔπειτα
1234 2272 1291 2326 δὲ
1329 2273 1422 2324 καὶ
1450 2271 1510 2322 τὸ
1536 2269 1747 2340 νοητὸν,

154 2374 440 2427 τουτέστιν
463 2370 559 2441 τὴν
590 2371 666 2432 εἰς
692 2368 784 2421 τόν
828 2356 1028 2436 Κῦριον
1053 2365 1212 2435 ἡμῶν
1254 2362 1462 2433 Ἰησοῦν
1518 2360 1751 2429 Χριστὸν

153 2463 249 2518 διὰ
279 2462 372 2515 τοῦ
419 2459 797 2530 βαπτίσματος
829 2455 1124 2523 ἐπίγνωσιν
1143 2470 1156 2483 °
1186 2455 1280 2507 καὶ
1308 2454 1395 2505 διὰ
1444 2451 1543 2521 τὴν
1582 2467 1751 2519 ’φυσι-

156 2553 267 2624 κῂν
293 2551 472 2607 αὐτῶν
504 2548 639 2618 πρὸς
672 2548 739 2601 τὰ
768 2546 872 2599 ἱδια
898 2546 1092 2613 ἔγγονα
1128 2544 1362 2612 στοργήν
1386 2558 1401 2572 ·
1440 2542 1531 2593 καὶ
1553 2539 1641 2592 διὰ
1659 2538 1751 2591 τὸν

158 2648 336 2701 κόπον
357 2643 415 2696 ὃν
440 2640 805 2711 ὑπομένουσιν
836 2640 963 2709 περὶ
988 2637 1099 2709 τῆς,
1115 2633 1381 2704 ὲντροφῆς
1404 2632 1602 2694 αὐτῶν,
1658 2631 1752 2683 καὶ

158 2740 263 2808 τὴν
291 2737 561 2804 μέριμναν
587 2732 652 2802 ἢν
676 2722 894 2801 ἔχουσιν
919 2728 1111 2784 νυκτὸς
1133 2726 1223 2778 καὶ
1248 2725 1460 2795 ἡμέρας
1487 2721 1554 2775 δι’
1578 2721 1716 2775 αὑτά
1733 2737 1744 2747 ·

166 2830 247 2897 μή
296 2844 348 2897 τι
375 2825 481 2878 τῶν
524 2822 838 2890 ἀϐουλήτων
869 2820 1051 2882 αὐτοῖς
1093 2816 1402 2888 συναντήσῃ
1423 2831 1437 2844 ·
1464 2815 1555 2866 καὶ
1583 2815 1750 2882 ἐργα-

164 2920 392 2990 ζόμενοι
422 2918 517 2970 καὶ
550 2913 878 2986 μοχθοῦντες
910 2912 1040 2981 περὶ
1071 2911 1365 2979 ἐνδύματος
1417 2908 1511 2962 καὶ
1545 2908 1753 2975 τροφῆς

163 3012 373 3070 αὐτῶν,
408 3007 504 3061 καὶ
535 3005 629 3057 τοῦ
659 3001 1095 3075 ἀποθησαυρίσαι
1120 3000 1303 3061 αὐτοῖς
1342 2998 1478 3067 μετὰ
1501 2997 1749 3049 θάνατον.

884 1528 902 1561 ι
935 1520 993 1577 et
1018 1526 1086 1566 eo
1106 1513 1412 1582 promeruit
1434 1529 1570 1569 voce
1600 1512 1901 1568 Salvatoris
1925 1512 2063 1569 illud
2088 1512 2281 1567 audire
2309 1526 2323 1565 :
2359 1530 2377 1562 ι
2406 1511 2890 1567 Dimittunturtibi
2918 1523 3138 1583 peccata
3170 1522 3260 1567 tua
3285 1513 3350 1568 ⁸⁸.
3384 1534 3402 1566 ι

2237 1799 2243 1805 ι
2308 1774 2593 1831 HOMILIA
2620 1776 2803 1832 CVIII.

2204 1887 2281 1942 De
2309 1882 2509 1943 honore
2540 1900 2846 1960 parentum.

1920 1997 2188 2071 Parentes
2239 2008 2301 2053 ut
2351 1998 2561 2053 honore
2604 2015 3029 2070 prosequamur,
3061 2013 3231 2075 utque
3255 2006 3430 2064 vicem

1850 2089 2217 2158 rependamus
2254 2090 2673 2155 beneﬁciorum,
2722 2093 2809 2147 vel
2865 2093 2981 2162 ipse
3016 2106 3227 2151 naturte
3274 2107 3431 2153 tener

1849 2187 2015 2246 atque
2085 2178 2225 2256 ordo
2300 2179 2464 2234 docet
2513 2196 2615 2235 nos
2667 2181 2794 2251 jure
2851 2183 3145 2255 obstringi,
3188 2186 3426 2256 idipsnm

1850 2265 2142 2321 conﬁrmat
2197 2250 2409 2321 sanatio
2451 2268 2592 2338 legis
2650 2250 2871 2324 divina}.
2938 2271 2998 2325 In
3047 2250 3262 2342 primis,
3297 2278 3425 2343 quia

1850 2356 2051 2409 sensile
2093 2355 2200 2411 hoc
2229 2357 2439 2420 lumen,
2473 2357 2693 2411 illorum
2721 2375 2888 2433 opera
2921 2372 3293 2430 contuemur;
3328 2366 3427 2420 de-

1849 2446 1979 2500 mde
2009 2455 2066 2501 et
2115 2438 2458 2517 spiritualem
2493 2450 2669 2504 lucem
2718 2451 3026 2516 hausimus,
3060 2453 3429 2522 nimirumag-

1850 2538 2108 2596 nitionem
2206 2539 2329 2609 ﬁdei
2357 2556 2478 2609 quae
2511 2556 2611 2595 nos
2657 2558 2755 2611 per
2811 2544 3176 2615 regenerativi
3224 2547 3425 2602 lavacri

1851 2628 2080 2694 gratiam
2114 2637 2264 2683 recta
2295 2628 2449 2682 ducit
2482 2629 2546 2683 ad
2600 2630 2891 2687 Dominum
2931 2643 3182 2687 nostrum
3234 2635 3424 2692 Jesum

1851 2718 2176 2773 Christum:
2225 2729 2337 2774 tum
2386 2735 2612 2791 propter
2666 2724 2818 2794 pium
2871 2742 3001 2796 erga
3045 2743 3174 2781 suos
3203 2729 3425 2795 liberos,

1853 2827 2015 2880 quem
2043 2812 2262 2865 illorum
2303 2814 2503 2869 animis
2536 2826 2731 2869 natura
2775 2818 2995 2878 insevit,
3039 2818 3427 2875 allectumzob

1854 2906 2098 2959 laborem
2147 2921 2310 2977 quem
2348 2923 2450 2974 pro
2499 2908 2718 2962 illorum
2758 2909 3090 2965 educatione
3125 2911 3424 2976 sustinent,

1855 3004 1908 3050 et
1940 2996 2157 3049 anxiam
2212 2997 2644 3052 sollicitudinem
2702 3015 2810 3067 qua
2855 3001 3099 3061 interdiu
3148 3012 3427 3073 noctuque

168 3092 336 3163 Ποίας
366 3095 459 3152 οὖν
486 3097 641 3162 ἀξίας
671 3093 906 3167 ἀμοιϐὰς
961 3090 1100 3161 ὑπὲρ
1153 3089 1361 3142 τούτων
1392 3088 1610 3141 πάντων
1663 3086 1753 3138 δυ-

1861 3099 2094 3159 aguntur
2128 3088 2258 3142 dum
2293 3090 2437 3143 male.
2468 3097 2741 3151 metuunt,
2776 3105 2845 3144 ne
2881 3091 3011 3167 quid
3040 3092 3166 3147 tiliis
3196 3096 3312 3149 suis
3337 3111 3431 3152 oc-

169 3191 386 3260 ναμεοα
442 3184 832 3242 ἀνταποδοῦναι
871 3184 1096 3249 αὖτοῖς;
1163 3181 1402 3233 Πάντοτε
1465 3177 1752 3249 τοιγαροῦν

173 3282 567 3347 οπουόάσωμεν
611 3279 678 3330 τά
703 3278 782 3339 εἰς
829 3275 926 3344 τὴν
948 3274 1112 3344 τιμὴν
1154 3264 1251 3326 κα⁴ι
1304 3270 1600 3341 Θεραπείαν
1661 3270 1756 3321 καὶ

171 3376 479 3427 ἀνάπαυσιν
507 3368 689 3422 αὐτῶν
710 3365 1163 3439 διαπράττεσθαι,
1194 3363 1491 3433 ἐξαιρέτως
1523 3362 1580 3414 δὲ
1603 3363 1660 3412 ἑν
1678 3359 1756 3431 τῷ

174 3468 338 3534 γήρει
371 3461 571 3524 αὑτῶν,
602 3460 686 3513 ἕνα
745 3462 801 3511 ἑν
848 3458 1033 3530 ὁράσει
1055 3456 1163 3508 τῶν
1209 3455 1416 3508 τέκνων
1462 3451 1757 3523 άναζωξπυ-

206 3553 512 3625 ρῶνται,ὡς
533 3552 561 3604 ὁ
597 3548 791 3623 Ἰακὼϐ
833 3547 1091 3623 ἑωρακὼς
1105 3547 1195 3599 τὸν
1218 3546 1437 3614 Ἰωσήφ.
1466 3541 1757 3613 Γενώμεθα

178 3649 468 3720 ἐφάμιλλοι
503 3646 604 3699 κᾶν
635 3646 745 3704 τοῖς
789 3642 995 3711 ὀρνέοις
1024 3641 1139 3699 τοῖς
1177 3635 1492 3704 λεγομένοις
1543 3631 1756 3713 ἔποψιν.

192 3745 409 3797 Ἐκεῖνα
429 3738 537 3807 γὰρ
563 3738 693 3790 ὅταν
724 3733 906 3786 ίδωσιν
931 3732 1054 3794 τοὺς
1087 3731 1264 3797 γονεῖς
1292 3727 1471 3780 αὐτῶν
1492 3726 1763 3797 γηράσανγ

178 3852 306 3898 τας.
360 3832 453 3897 καὶ
481 3826 992 3898 ἁμϐλυωπήσαντας
1018 3861 1034 3887 ,
1076 3820 1168 3873 τά
1223 3819 1390 3873 τέκνα
1427 3817 1761 3871 ἑκτελλουσιν

179 3926 282 3985 τὰς
315 3922 590 3990 πτέρυγας
613 3912 721 3970 τῶν
746 3911 1082 3984 γονέωνριαὶ
1116 3910 1384 3983 λείχουσιν
1412 3909 1536 3972 τοὺς
1559 3908 1763 3977 ὀφθαλ-

184 4016 326 4084 μοὺς
365 4010 567 4075 αὐτῶν,
605 4009 698 4079 καὶ
745 4007 1037 4061 θάλπουσιν
1062 4003 1187 4066 τοὺς
1216 4003 1389 4070 γονεῖς
1437 4000 1616 4053 αὐτῶν
1660 4001 1764 4054 ὑπὸ

183 4107 286 4167 τὰς
319 4103 527 4156 ἑαυτῶν
573 4099 871 4169 πτέρυγας,
926 4094 1023 4147 καὶ
1049 4091 1454 4145 νοσσοποιοῦσιν
1483 4106 1499 4121 ο
1531 4091 1625 4143 καὶ
1655 4090 1764 4144 νέοι

183 4197 430 4263 γίνονται
468 4195 516 4245 ol.
542 4193 716 4259 γονεῖς
744 4186 923 4242 αὐτῶν
953 4202 964 4215 ·
989 4184 1236 4265 λέγοντες
1262 4185 1374 4244 τοῖς
1402 4180 1647 4249 γονεῦσιν
1670 4182 1766 4235 αὐ-

182 4288 317 4349 τῶνθ
357 4285 436 4348 ὡς
466 4285 558 4336 καὶ
594 4282 749 4350 ὑμεῖς
792 4278 1244 4343 ὲνοσσοποιήσατε
1271 4274 1435 4343 ἡμᾶς,
1461 4273 1553 4324 καὶ
1581 4272 1767 4342 τετλή-

183 4397 322 4435 κατε
356 4377 695 4445 κάμνοντες,·
716 4371 811 4424 καὶ
836 4369 1150 4439 τρέφοντες,
1189 4365 1286 4416 καὶ
1316 4364 1477 4433 ἡμεῖς
1504 4362 1565 4414 τὸ
1583 4350 1766 4432 ὃμοιοῦ

186 4470 318 4538 ὑμῖν
344 4464 626 4533 ποιοῦμεν.
657 4461 765 4513 Καὶ
795 4457 911 4518 πῶς
936 4454 1330 4522 λογικοὶήμεῖς
1352 4451 1522 4513 ὄντες,
1541 4451 1601 4538 ου
1634 4450 1765 4502 πολὺ

187 4537 351 4614 πλέον
382 4556 757 4624 ἀγαπήσωμεν
785 4550 908 4612 τοὺς
934 4546 1140 4600 ἑαυτῶν
1163 4547 1376 4612 γονεῖς;
1408 4540 1499 4609 Μὴ
1532 4537 1626 4594 οὖν
1646 4554 1769 4592 στε-

188 4649 441 4714 νάξουσιν
471 4642 592 4697 καθ’
618 4638 804 4709 ἡμὼνο
860 4634 1170 4697 ἀλυσῖτελὲς
1247 4633 1357 4704 γὰρ
1412 4632 1570 4684 τοῦτο
1615 4632 1766 4700 ἡμῖν,
1802 4665 1807 4670 τ

189 4739 392 4811 μᾶλλον
414 4737 471 4790 δὲ
505 4736 598 4787 καὶ
637 4729 928 4791 ἐπιϐλαϐές
955 4746 968 4758 ο
1009 4728 1103 4779 καὶ
1133 4726 1358 4783 εἰκότως
1398 4721 1767 4793 εὑρισκόμεθα

190 4827 506 4901 πατρολῷαι
557 4828 650 4880 καὶ
682 4823 1011 4894 μητρολῴαι,
1048 4821 1140 4872 Ἐν
1166 4819 1245 4890 τῷ
1269 4818 1417 4887 νῦμῳ
1436 4817 1767 4884 γέγραπται,

196 4947 213 4978 ι
256 4924 404 4992 Τίμα
432 4922 524 4973 τὸν
544 4917 754 4986 πατέρα
787 4932 905 4977 σου,
935 4910 1029 4966 καὶ
1057 4912 1156 4980 τὴν
1186 4911 1397 4979 μητέρα
1427 4924 1542 4970 σου,
1576 4906 1662 4959 ἴνα
1711 4901 1771 4958 εὖ

134 5052 137 5055 -
194 5014 279 5070 σοι
305 5014 551 5083 γένηται,
605 5010 701 5060 καὶ
730 5007 829 5080 ἔσῃ
887 5003 1279 5076 μακροχρόνιος
1312 5001 1405 5053 ἐπὶ
1447 5000 1563 5092 τῆς
1589 4997 1769 5092 γῆς.)

194 5108 326 5170 Καὶ,
363 5124 381 5156 ι
422 5103 480 5155 Ὀ
508 5098 824 5164 κακολογῶν
876 5094 1142 5165 πατέραῆ
1171 5092 1405 5164 μητέρα,
1438 5091 1653 5160 Θανάτῳ
1682 5091 1773 5143 τε-

193 5168 505 5253 ).ευτάτιο.ἰ
554 5191 827 5253 Ὡσαύτως
861 5190 951 5241 καὶ
994 5191 1021 5241 ὁ
1057 5186 1305 5246 Ἡσαΐας.
1347 5201 1367 5234 ι
1408 5184 1467 5235 Ὀ
1490 5181 1666 5249 λέγων
1696 5182 1773 5253 τῷ

194 5290 388 5361 πατρὶ,
422 5286 487 5341 Τί
514 5286 817 5355 γεννήσῃκ
846 5282 938 5335 καὶ
962 5283 1029 5349 τῇ
1063 5277 1250 5347 μητρὶ,
1275 5275 1338 5327 Τί
1360 5275 1587 5345 ὼδίνῃς;
1612 5273 1773 5341 γινώ-

197 5399 315 5435 σκω
360 5377 470 5453 ἐγὼ
514 5367 601 5430 ’ὅτι
651 5372 887 5443 σκληρὸς
915 5366 997 5433 εἴ,
1049 5369 1143 5422 καὶ
1188 5367 1380 5436 νεῦρον
1431 5365 1707 5435 σιδηροῦν,
1744 5367 1773 5418 ὁ

196 5471 467 5542 τράχηλος
498 5486 612 5522 σου.
653 5487 672 5519 ι
708 5465 901 5526 Ἄλλος
926 5462 1004 5527 δὲ,
1046 5460 1081 5511 ἰ
1126 5460 1186 5512 '0
1214 5456 1391 5527 τιμῶν
1419 5458 1659 5529 πατέρα,
1685 5458 1774 5511 εὑ-

198 5561 577 5635 φρανθήσεται
624 5559 716 5612 ἐπὶ
735 5557 967 5619 τέκνοις,
1019 5553 1116 5606 καὶ
1159 5552 1218 5605 ἐν
1249 5549 1434 5622 ἡμέρᾳ
1463 5549 1773 5621 προσευχῆς

270 5742 314 5775 ⁶²
345 5741 458 5796 [mo
493 5743 659 5797 Iit-cli.
697 5758 783 5809 xv,
821 5745 905 5811 l7,
940 5745 1032 5811 18;
1068 5761 1118 5810 χ,
1157 5744 1244 5798 52.
1322 5745 1365 5777 ⁸³
1400 5745 1417 5797 l
1448 5744 1587 5798 Tim.
1622 5761 1680 5811 ll,
1712 5747 1783 5801 4..
1845 5746 1888 5777 “"
1921 5747 2050 5802 Luc.
2082 5761 2176 5810 vn,
2212 5745 2278 5800 37
2308 5759 2462 5816 seqq.

1853 3190 2045 3236 currat
2072 3180 2286 3235 fortuiti
2341 3190 2397 3234 et
2424 3180 2641 3235 adversi
2666 3197 2858 3236 casus:
2907 3184 3099 3237 sedulo
3134 3185 3264 3240 item
3295 3187 3426 3242 dum

1854 3280 2179 3342 operantur,
2215 3287 2279 3325 ac
2307 3272 2596 3341 perplexos
2644 3272 2850 3328 adeunt
2892 3274 3114 3331 labores
3139 3279 3402 3346 quibusli

1856 3362 2005 3416 beris
2028 3363 2144 3415 suis
2170 3362 2551 3416 indumentum
2592 3371 2865 3431 parentet
2890 3365 3227 3429 alimoniam,
3264 3378 3433 3439 utque

1856 3452 2164 3523 posteritati
2215 3461 2484 3522 seponant
2530 3454 2853 3513 thesaurum
2882 3465 2937 3512 et
2968 3473 2999 3512 a
3032 3468 3208 3513 morte
3258 3460 3434 3515 relin-

1859 3525 2053 3614 quant.
2084 3542 2282 3609 Quam.
2324 3559 2531 3612 quaeso,
2578 3545 2756 3600 vicem
2824 3549 3098 3605 universis
3126 3550 3214 3605 his
3238 3552 3435 3607 condi-

1859 3651 2019 3707 gnam
2049 3635 2352 3705 rependere
2378 3636 2686 3705 possimus?
2712 3639 2978 3706 Quocirca
3001 3642 3317 3699 adnitamur
3336 3659 3438 3715 pro

1860 3725 2032 3791 virili,
2063 3742 2128 3780 ca
2157 3725 2381 3795 explere
2420 3741 2541 3795 quae
2565 3726 2633 3782 ad
2663 3744 2854 3782 eorum
2885 3730 3436 3801 attinenthonorem,

1860 3815 2226 3880 famulatum,
2276 3820 2547 3888 requiem,
2615 3818 2782 3889 idque
2847 3822 3223 3892 peculiariter,
3282 3826 3440 3882 senio

1862 3911 1996 3966 dum
2047 3920 2385 3982 gravantur:
2419 3912 2633 3982 1202
2670 3921 2729 3967 ut
2767 3913 2852 3968 vel
2904 3914 3025 3983 ipso
3080 3915 3318 3971 ﬁliorum
3351 3933 3441 3973 as-

1864 4011 2025 4074 pectu
2063 4013 2388 4057 recreentur
2431 4019 2495 4058 ac
2531 4020 2699 4074 prope
2765 4006 3138 4061 reviviscant:
3171 4010 3438 4078 quemad-

1866 4092 2088 4147 modum
2113 4092 2304 4155 Jacob,
2333 4092 2451 4147 viso
2477 4109 2602 4147 mox
2634 4093 2862 4164 Joseph.
2884 4094 3280 4153 Concertemus
3311 4114 3438 4154 cum

1867 4182 2102 4236 aviculis
2124 4195 2247 4251 qua:
2272 4194 2471 4252 upupre
2499 4182 2795 4247 dicuntur;
2827 4184 2934 4239 illis
2964 4201 3034 4240 ne
3064 4186 3315 4259 dispares
3340 4188 3441 4246 de-

1867 4272 2282 4343 prehendantur
2324 4281 2381 4326 et
2428 4273 2787 4329 dissentancl.
2820 4274 2876 4329 Si
2925 4277 3149 4345 quando
3175 4282 3320 4334 enim
3346 4295 3443 4349 pa-

1869 4373 2057 4418 rentes
2089 4377 2222 4417 suos
2246 4361 2488 4417 viderint
2538 4356 2918 4429 consenuisse,
2982 4376 3036 4420 et
3062 4383 3164 4437 per
3223 4371 3440 4425 senium

1861 4456 2189 4512 hebetiores
2240 4472 2363 4512 esse
2390 4458 2553 4512 visu:
2591 4456 2687 4512 ﬁlii
2728 4459 2905 4513 alares
2956 4460 3101 4530 pilos
3149 4472 3441 4532 parentum

1870 4548 2214 4612 convellunt,
2266 4548 2786 4604 deindeallambunt
2832 4551 3020 4606 oculos
3046 4552 3290 4617 illorum,
3321 4571 3446 4613 mox

1869 4635 2018 4704 ipsos
2048 4647 2303 4706 parentes
2340 4634 2568 4691 suismet
2593 4637 2695 4692 alis
2727 4639 3006 4708 subiectos
3042 4643 3445 4699 excalefaciunt

1870 4741 1934 4782 ac
1972 4728 2243 4791 rel‘ovent.
2282 4739 2448 4803 atque
2485 4730 2560 4784 ita
2624 4729 2848 4785 demum
2902 4747 2999 4786 eos
3058 4734 3214 4803 quasi
3262 4736 3447 4805 pullos

1869 4833 2067 4871 recens
2086 4818 2269 4874 editos
2300 4829 2564 4874 revocant
2590 4822 2656 4875 ad
2682 4821 2875 4876 llore'm
2901 4825 3101 4889 aetatis,
3153 4825 3234 4881 sic
3274 4836 3336 4881 ut
3357 4829 3450 4899 ju-

1869 4926 2041 4965 venes
2068 4911 2247 4967 videri
2279 4913 2535 4981 possint:
2598 4915 2756 4983 quasi
2781 4916 2826 4969 si
2859 4916 2977 4971 suis
3010 4917 3197 4973 dicant
3247 4935 3448 4987 paren-

1873 5003 2556 5068 tibuszouemadmodutu
2594 5022 2693 5060 vos
2713 5008 3018 5076 pullescere
3068 5025 3169 5064 nos
3216 5010 3445 5076 fecistis,

1872 5100 1928 5147 et
1958 5092 2177 5147 labores
2194 5094 2470 5149 tolerastis
2502 5111 2602 5164 pro
2635 5096 2964 5151 educatione
3001 5109 3210 5163 nostra,
3242 5109 3297 5154 et
3345 5116 3447 5154 nos

1873 5185 2054 5239 simile
2085 5184 2347 5254 quiddam
2384 5187 2541 5240 vobis
2573 5203 2956 5256 repensamus.
3005 5190 3209 5256 Quidni
3275 5191 3447 5261 igitur

1876 5284 2265 5344 nos-parentes
2286 5276 2523 5330 arctiore
2554 5277 2778 5332 vinculo
2823 5280 3113 5335 charitatis
3142 5297 3451 5353 proseque-

1876 5382 2002 5421 mur
2030 5366 2259 5421 rationis
2292 5379 2592 5437 compotes,
2620 5377 2682 5422 ut
2721 5386 2791 5424 ne
2843 5372 3134 5427 adversum
3165 5390 3266 5427 nes
3294 5374 3450 5447 inge-

1878 5457 2328 5512 miscant'?Plane
2377 5475 2465 5513 res
2514 5461 2850 5528 ejuscemodi
2898 5465 3221 5534 neutiquam
3261 5465 3448 5523 futura

1878 5534 2040 5605 nobis
2067 5558 2152 5606 est
2175 5551 2267 5603 ulli
2305 5552 2701 5616 emolumento,
2727 5557 2901 5623 magis
2939 5565 3121 5610 autem
3147 5556 3447 5614 detrimen-

2538 5746 2582 5778 ⁸⁸
2616 5742 2752 5800 ibid.
2782 5743 2872 5797 47.
