  <div class='ocr_page' id='page_1' title='image "/cluster/home/n/w/nwhite01/storage/ocr_20150623/89/pst.000005712953/894.png"; bbox 0 0 4014 6310; ppageno 0'>
   <div class='ocr_carea' id='block_1_1' title="bbox 275 211 453 347">
    <p class='ocr_par' dir='ltr' id='par_1_1' title="bbox 275 211 453 347">
     <span class='ocr_line' id='line_1_1' title="bbox 275 211 453 347; baseline 0.006 -2"><span class='ocrx_word' id='word_1_1' title='bbox 275 211 453 347; x_wconf 50' lang='grc'><strong>1773,</strong></span> 
     </span>
    </p>
   </div>
   <div class='ocr_carea' id='block_1_2' title="bbox 1142 226 2660 348">
    <p class='ocr_par' dir='ltr' id='par_1_2' title="bbox 1142 226 2660 348">
     <span class='ocr_line' id='line_1_2' title="bbox 1142 226 2660 348; baseline -0.001 -9"><span class='ocrx_word' id='word_1_2' title='bbox 1142 275 1470 340; x_wconf 80' lang='lat' dir='ltr'><strong>HOMILIA</strong></span> <span class='ocrx_word' id='word_1_3' title='bbox 1506 277 1655 340; x_wconf 79' lang='lat' dir='ltr'><strong>CXI.</strong></span> <span class='ocrx_word' id='word_1_4' title='bbox 1694 304 1764 314; x_wconf 93' lang='lat'><strong>-</strong></span> <span class='ocrx_word' id='word_1_5' title='bbox 1800 252 1909 338; x_wconf 68' lang='lat' dir='ltr'><strong>ne.</strong></span> <span class='ocrx_word' id='word_1_6' title='bbox 1934 226 2067 337; x_wconf 78' lang='lat' dir='ltr'><strong>nis</strong></span> <span class='ocrx_word' id='word_1_7' title='bbox 2103 276 2237 348; x_wconf 83' lang='lat' dir='ltr'><strong>QUI</strong></span> <span class='ocrx_word' id='word_1_8' title='bbox 2277 274 2660 338; x_wconf 48' lang='lat' dir='ltr'><strong>PRIESUNT.</strong></span> 
     </span>
    </p>
   </div>
   <div class='ocr_carea' id='block_1_3' title="bbox 3380 274 3514 340">
    <p class='ocr_par' dir='ltr' id='par_1_3' title="bbox 3380 274 3514 340">
     <span class='ocr_line' id='line_1_3' title="bbox 3380 274 3514 340; baseline 0 0"><span class='ocrx_word' id='word_1_9' title='bbox 3380 274 3514 340; x_wconf 62' lang='lat'><strong>1774</strong></span> 
     </span>
    </p>
   </div>
   <div class='ocr_carea' id='block_1_4' title="bbox 273 387 1849 471">
    <p class='ocr_par' dir='ltr' id='par_1_4' title="bbox 273 388 1839 471">
     <span class='ocr_line' id='line_1_4' title="bbox 273 388 1839 471; baseline -0.004 -21"><span class='ocrx_word' id='word_1_10' title='bbox 273 390 657 471; x_wconf 76' lang='grc' dir='ltr'><strong>μακροθυμίαν</strong></span> <span class='ocrx_word' id='word_1_11' title='bbox 679 388 940 464; x_wconf 75' lang='grc' dir='ltr'><strong>ψάλωμεν</strong></span> <span class='ocrx_word' id='word_1_12' title='bbox 973 392 1070 447; x_wconf 77' lang='grc' dir='ltr'><strong>σὺν</strong></span> <span class='ocrx_word' id='word_1_13' title='bbox 1099 392 1176 463; x_wconf 81' lang='grc' dir='ltr'><strong>τῷ</strong></span> <span class='ocrx_word' id='word_1_14' title='bbox 1210 392 1374 448; x_wconf 80' lang='grc' dir='ltr'><strong>Δαυῒδ</strong></span> <span class='ocrx_word' id='word_1_15' title='bbox 1416 390 1511 444; x_wconf 83' lang='grc' dir='ltr'><strong>τό·</strong></span> <span class='ocrx_word' id='word_1_16' title='bbox 1552 410 1571 443; x_wconf 76' lang='grc' dir='ltr'><strong>ι</strong></span> <span class='ocrx_word' id='word_1_17' title='bbox 1601 391 1839 463; x_wconf 79' lang='grc' dir='ltr'>Δοκίμα-</span> 
     </span>
    </p>
   </div>
   <div class='ocr_carea' id='block_1_5' title="bbox 1931 387 3511 471">
    <p class='ocr_par' dir='ltr' id='par_1_5' title="bbox 1941 387 3511 462">
     <span class='ocr_line' id='line_1_5' title="bbox 1941 387 3511 462; baseline 0 -17"><span class='ocrx_word' id='word_1_18' title='bbox 1941 390 2158 462; x_wconf 81' lang='lat' dir='ltr'><strong>longius</strong></span> <span class='ocrx_word' id='word_1_19' title='bbox 2197 405 2256 444; x_wconf 89' lang='lat' dir='ltr'><strong>se</strong></span> <span class='ocrx_word' id='word_1_20' title='bbox 2297 389 2610 454; x_wconf 83' lang='lat' dir='ltr'><strong>submovet,</strong></span> <span class='ocrx_word' id='word_1_21' title='bbox 2651 387 2896 459; x_wconf 72' lang='lat' dir='ltr'><strong>deligens</strong></span> <span class='ocrx_word' id='word_1_22' title='bbox 2929 387 3037 443; x_wconf 90' lang='lat' dir='ltr'><strong>sibi</strong></span> <span class='ocrx_word' id='word_1_23' title='bbox 3074 389 3412 446; x_wconf 76' lang='lat' dir='ltr'><strong>domicilium</strong></span> <span class='ocrx_word' id='word_1_24' title='bbox 3455 393 3511 445; x_wconf 89' lang='lat' dir='ltr'><strong>in</strong></span> 
     </span>
    </p>
   </div>
   <div class='ocr_carea' id='block_1_6' title="bbox 271 481 1839 557">
    <p class='ocr_par' dir='ltr' id='par_1_6' title="bbox 271 481 1839 557">
     <span class='ocr_line' id='line_1_6' title="bbox 271 481 1839 557; baseline -0.003 -16"><span class='ocrx_word' id='word_1_25' title='bbox 271 486 367 541; x_wconf 82' lang='grc' dir='ltr'><strong>σόν</strong></span> <span class='ocrx_word' id='word_1_26' title='bbox 399 502 486 557; x_wconf 87' lang='grc' dir='ltr'><strong>με,</strong></span> <span class='ocrx_word' id='word_1_27' title='bbox 510 483 706 554; x_wconf 81' lang='grc' dir='ltr'><strong>Κύριε,</strong></span> <span class='ocrx_word' id='word_1_28' title='bbox 734 484 831 538; x_wconf 72' lang='grc' dir='ltr'><strong>καὶ</strong></span> <span class='ocrx_word' id='word_1_29' title='bbox 887 483 1057 553; x_wconf 82' lang='grc' dir='ltr'>γνῶθι</span> <span class='ocrx_word' id='word_1_30' title='bbox 1083 483 1183 556; x_wconf 78' lang='grc' dir='ltr'><strong>τὴν</strong></span> <span class='ocrx_word' id='word_1_31' title='bbox 1226 484 1457 554; x_wconf 81' lang='grc' dir='ltr'><strong>καρδίαν</strong></span> <span class='ocrx_word' id='word_1_32' title='bbox 1489 501 1613 554; x_wconf 81' lang='grc' dir='ltr'>μου,</span> <span class='ocrx_word' id='word_1_33' title='bbox 1648 481 1839 536; x_wconf 64' lang='grc' dir='ltr'><strong>ἔται-κόν</strong></span> 
     </span>
    </p>
   </div>
   <div class='ocr_carea' id='block_1_7' title="bbox 272 570 1838 648">
    <p class='ocr_par' dir='ltr' id='par_1_7' title="bbox 272 570 1838 648">
     <span class='ocr_line' id='line_1_7' title="bbox 272 570 1838 648; baseline -0.004 -17"><span class='ocrx_word' id='word_1_34' title='bbox 272 596 364 648; x_wconf 83' lang='grc' dir='ltr'><strong>με,</strong></span> <span class='ocrx_word' id='word_1_35' title='bbox 393 576 489 631; x_wconf 73' lang='grc' dir='ltr'><strong>καὶ</strong></span> <span class='ocrx_word' id='word_1_36' title='bbox 516 575 690 644; x_wconf 82' lang='grc' dir='ltr'><strong>γνῶθι</strong></span> <span class='ocrx_word' id='word_1_37' title='bbox 723 574 822 640; x_wconf 76' lang='grc' dir='ltr'><strong>τὰς</strong></span> <span class='ocrx_word' id='word_1_38' title='bbox 840 572 1061 647; x_wconf 75' lang='grc' dir='ltr'>τρίϐους</span> <span class='ocrx_word' id='word_1_39' title='bbox 1091 592 1215 646; x_wconf 81' lang='grc' dir='ltr'>μου,</span> <span class='ocrx_word' id='word_1_40' title='bbox 1244 575 1341 630; x_wconf 55' lang='grc' dir='ltr'><strong>καὶ⁸</strong></span> <span class='ocrx_word' id='word_1_41' title='bbox 1367 570 1462 638; x_wconf 77' lang='grc' dir='ltr'><strong>ἴδε,</strong></span> <span class='ocrx_word' id='word_1_42' title='bbox 1497 576 1546 628; x_wconf 74' lang='grc' dir='ltr'><strong>εἰ</strong></span> <span class='ocrx_word' id='word_1_43' title='bbox 1574 572 1691 638; x_wconf 80' lang='grc' dir='ltr'><strong>ὁδὸς</strong></span> <span class='ocrx_word' id='word_1_44' title='bbox 1711 576 1838 627; x_wconf 83' lang='grc' dir='ltr'><strong>ἀνο-</strong></span> 
     </span>
    </p>
   </div>
   <div class='ocr_carea' id='block_1_8' title="bbox 268 658 1839 745">
    <p class='ocr_par' dir='ltr' id='par_1_8' title="bbox 268 658 1839 745">
     <span class='ocr_line' id='line_1_8' title="bbox 268 658 1839 745; baseline -0.002 -23"><span class='ocrx_word' id='word_1_45' title='bbox 268 669 403 739; x_wconf 84' lang='grc' dir='ltr'>μίας</span> <span class='ocrx_word' id='word_1_46' title='bbox 434 669 494 721; x_wconf 84' lang='grc' dir='ltr'><strong>ὲν</strong></span> <span class='ocrx_word' id='word_1_47' title='bbox 522 666 655 745; x_wconf 63' lang='grc' dir='ltr'>ἐμοί</span> <span class='ocrx_word' id='word_1_48' title='bbox 668 683 681 719; x_wconf 71' lang='grc' dir='ltr'><strong>τ</strong></span> <span class='ocrx_word' id='word_1_49' title='bbox 728 668 823 721; x_wconf 78' lang='grc' dir='ltr'><strong>καὶ</strong></span> <span class='ocrx_word' id='word_1_50' title='bbox 848 666 1116 737; x_wconf 82' lang='grc' dir='ltr'><strong>ὁδήγησόν</strong></span> <span class='ocrx_word' id='word_1_51' title='bbox 1147 683 1215 736; x_wconf 85' lang='grc' dir='ltr'>με</span> <span class='ocrx_word' id='word_1_52' title='bbox 1247 668 1307 719; x_wconf 84' lang='grc' dir='ltr'><strong>ὲν</strong></span> <span class='ocrx_word' id='word_1_53' title='bbox 1364 662 1469 738; x_wconf 80' lang='grc' dir='ltr'><strong>ὁδῷ</strong></span> <span class='ocrx_word' id='word_1_54' title='bbox 1507 658 1724 735; x_wconf 70' lang='grc' dir='ltr'><strong>αἰωνίᾲ,</strong></span> <span class='ocrx_word' id='word_1_55' title='bbox 1756 665 1839 719; x_wconf 75' lang='grc' dir='ltr'><strong>ὅτι</strong></span> 
     </span>
    </p>
   </div>
   <div class='ocr_carea' id='block_1_9' title="bbox 265 757 1834 831">
    <p class='ocr_par' dir='ltr' id='par_1_9' title="bbox 265 757 1834 831">
     <span class='ocr_line' id='line_1_9' title="bbox 265 757 1834 831; baseline -0.002 -19"><span class='ocrx_word' id='word_1_56' title='bbox 265 759 383 828; x_wconf 69' lang='grc' dir='ltr'><strong>ἐγὼ</strong></span> <span class='ocrx_word' id='word_1_57' title='bbox 399 763 457 812; x_wconf 78' lang='grc' dir='ltr'><strong>ἐν</strong></span> <span class='ocrx_word' id='word_1_58' title='bbox 483 758 689 831; x_wconf 80' lang='grc' dir='ltr'><strong>άκακίᾳ</strong></span> <span class='ocrx_word' id='word_1_59' title='bbox 718 776 818 829; x_wconf 85' lang='grc' dir='ltr'>μου</span> <span class='ocrx_word' id='word_1_60' title='bbox 845 757 1171 829; x_wconf 64' lang='grc' dir='ltr'><strong>ἐπορεύθην.</strong></span> <span class='ocrx_word' id='word_1_61' title='bbox 1200 758 1487 829; x_wconf 81' lang='grc' dir='ltr'><strong>Λύτρωσαί</strong></span> <span class='ocrx_word' id='word_1_62' title='bbox 1515 776 1603 828; x_wconf 82' lang='grc' dir='ltr'><strong>με,</strong></span> <span class='ocrx_word' id='word_1_63' title='bbox 1644 757 1834 828; x_wconf 76' lang='grc' dir='ltr'><strong>Κύριε,</strong></span> 
     </span>
    </p>
   </div>
   <div class='ocr_carea' id='block_1_10' title="bbox 266 849 1838 923">
    <p class='ocr_par' dir='ltr' id='par_1_10' title="bbox 266 849 1838 923">
     <span class='ocr_line' id='line_1_10' title="bbox 266 849 1838 923; baseline -0.003 -16"><span class='ocrx_word' id='word_1_64' title='bbox 266 852 365 908; x_wconf 78' lang='grc' dir='ltr'><strong>καὶ</strong></span> <span class='ocrx_word' id='word_1_65' title='bbox 387 851 611 923; x_wconf 75' lang='grc' dir='ltr'><strong>ἐλέησόν</strong></span> <span class='ocrx_word' id='word_1_66' title='bbox 652 869 740 921; x_wconf 80' lang='grc' dir='ltr'><strong>με.</strong></span> <span class='ocrx_word' id='word_1_67' title='bbox 777 870 795 903; x_wconf 83' lang='grc'><strong>1</strong></span> <span class='ocrx_word' id='word_1_68' title='bbox 830 851 942 906; x_wconf 76' lang='grc' dir='ltr'><strong>Καὶ</strong></span> <span class='ocrx_word' id='word_1_69' title='bbox 972 851 1031 904; x_wconf 82' lang='grc' dir='ltr'><strong>τό</strong></span> <span class='ocrx_word' id='word_1_70' title='bbox 1054 868 1069 883; x_wconf 88' lang='grc'><strong>·</strong></span> <span class='ocrx_word' id='word_1_71' title='bbox 1109 870 1128 903; x_wconf 76' lang='grc' dir='ltr'><strong>ι</strong></span> <span class='ocrx_word' id='word_1_72' title='bbox 1172 849 1338 921; x_wconf 83' lang='grc' dir='ltr'>Ἑμοῦ</span> <span class='ocrx_word' id='word_1_73' title='bbox 1366 850 1424 905; x_wconf 78' lang='grc' dir='ltr'><strong>δὲ</strong></span> <span class='ocrx_word' id='word_1_74' title='bbox 1450 851 1542 904; x_wconf 73' lang='grc' dir='ltr'><strong>διὰ</strong></span> <span class='ocrx_word' id='word_1_75' title='bbox 1569 851 1665 920; x_wconf 78' lang='grc' dir='ltr'><strong>τὴν</strong></span> <span class='ocrx_word' id='word_1_76' title='bbox 1699 852 1838 904; x_wconf 83' lang='grc' dir='ltr'><strong>ἀκα-</strong></span> 
     </span>
    </p>
   </div>
   <div class='ocr_carea' id='block_1_11' title="bbox 264 940 1839 1012">
    <p class='ocr_par' dir='ltr' id='par_1_11' title="bbox 264 940 1839 1012">
     <span class='ocr_line' id='line_1_11' title="bbox 264 940 1839 1012; baseline -0.003 -16"><span class='ocrx_word' id='word_1_77' title='bbox 264 942 394 997; x_wconf 73' lang='grc' dir='ltr'>κίαν</span> <span class='ocrx_word' id='word_1_78' title='bbox 418 942 737 1006; x_wconf 77' lang='grc' dir='ltr'><strong>άντελάὸου,</strong></span> <span class='ocrx_word' id='word_1_79' title='bbox 771 944 866 995; x_wconf 73' lang='grc' dir='ltr'><strong>καὶ</strong></span> <span class='ocrx_word' id='word_1_80' title='bbox 902 941 1239 1009; x_wconf 73' lang='grc' dir='ltr'><strong>ἐϐεϐαίῳσάς</strong></span> <span class='ocrx_word' id='word_1_81' title='bbox 1270 957 1339 1012; x_wconf 83' lang='grc' dir='ltr'>με</span> <span class='ocrx_word' id='word_1_82' title='bbox 1358 940 1588 994; x_wconf 77' lang='grc' dir='ltr'><strong>ἐνώπιόν</strong></span> <span class='ocrx_word' id='word_1_83' title='bbox 1636 957 1730 993; x_wconf 91' lang='grc' dir='ltr'><strong>σου</strong></span> <span class='ocrx_word' id='word_1_84' title='bbox 1756 942 1839 1002; x_wconf 79' lang='grc' dir='ltr'>είς</span> 
     </span>
    </p>
   </div>
   <div class='ocr_carea' id='block_1_12' title="bbox 264 1018 1865 1105">
    <p class='ocr_par' dir='ltr' id='par_1_12' title="bbox 264 1018 1865 1105">
     <span class='ocr_line' id='line_1_12' title="bbox 264 1018 1865 1105; baseline -0.005 -15"><span class='ocrx_word' id='word_1_85' title='bbox 264 1036 361 1090; x_wconf 79' lang='grc' dir='ltr'><strong>τὸν</strong></span> <span class='ocrx_word' id='word_1_86' title='bbox 387 1024 624 1090; x_wconf 60' lang='grc' dir='ltr'><strong>αἰῶνα.»</strong></span> <span class='ocrx_word' id='word_1_87' title='bbox 662 1036 825 1105; x_wconf 79' lang='grc' dir='ltr'><strong>Λέγει</strong></span> <span class='ocrx_word' id='word_1_88' title='bbox 850 1018 915 1088; x_wconf 44' lang='grc' dir='ltr'><strong>’δὲ</strong></span> <span class='ocrx_word' id='word_1_89' title='bbox 940 1036 1078 1088; x_wconf 83' lang='grc' dir='ltr'><strong>καὶὸ</strong></span> <span class='ocrx_word' id='word_1_90' title='bbox 1105 1029 1382 1104; x_wconf 82' lang='grc' dir='ltr'><strong>Σολομῶν·</strong></span> <span class='ocrx_word' id='word_1_91' title='bbox 1412 1052 1430 1084; x_wconf 76' lang='grc' dir='ltr'><strong>ι</strong></span> <span class='ocrx_word' id='word_1_92' title='bbox 1462 1031 1865 1102; x_wconf 83' lang='grc' dir='ltr'><strong>Μακρόθυμος,</strong></span> 
     </span>
    </p>
   </div>
   <div class='ocr_carea' id='block_1_13' title="bbox 263 1122 1836 1197">
    <p class='ocr_par' dir='ltr' id='par_1_13' title="bbox 263 1122 1836 1197">
     <span class='ocr_line' id='line_1_13' title="bbox 263 1122 1836 1197; baseline -0.004 -17"><span class='ocrx_word' id='word_1_93' title='bbox 263 1125 430 1197; x_wconf 77' lang='grc' dir='ltr'><strong>ἀνὴρ,</strong></span> <span class='ocrx_word' id='word_1_94' title='bbox 488 1125 772 1195; x_wconf 84' lang='grc' dir='ltr'><strong>φρόνιμος.</strong></span> <span class='ocrx_word' id='word_1_95' title='bbox 817 1142 836 1177; x_wconf 84' lang='grc'><strong>1</strong></span> <span class='ocrx_word' id='word_1_96' title='bbox 876 1123 1020 1178; x_wconf 83' lang='grc' dir='ltr'>Καί·</span> <span class='ocrx_word' id='word_1_97' title='bbox 1066 1141 1086 1175; x_wconf 77' lang='grc' dir='ltr'><strong>ι</strong></span> <span class='ocrx_word' id='word_1_98' title='bbox 1131 1122 1369 1193; x_wconf 74' lang='grc' dir='ltr'><strong>Ἀνοήτῳ</strong></span> <span class='ocrx_word' id='word_1_99' title='bbox 1423 1122 1836 1193; x_wconf 58' lang='grc' dir='ltr'><strong>ἐπερωτήσαντι</strong></span> 
     </span>
    </p>
   </div>
   <div class='ocr_carea' id='block_1_14' title="bbox 196 1201 1836 1293">
    <p class='ocr_par' dir='ltr' id='par_1_14' title="bbox 196 1201 1836 1293">
     <span class='ocr_line' id='line_1_14' title="bbox 196 1201 1836 1293; baseline -0.004 -22"><span class='ocrx_word' id='word_1_100' title='bbox 196 1288 211 1293; x_wconf 33' lang='grc' dir='ltr'><strong>ν</strong></span> <span class='ocrx_word' id='word_1_101' title='bbox 265 1217 483 1286; x_wconf 80' lang='grc' dir='ltr'><strong>σοφίαν,</strong></span> <span class='ocrx_word' id='word_1_102' title='bbox 517 1216 677 1285; x_wconf 80' lang='grc' dir='ltr'><strong>σοφία</strong></span> <span class='ocrx_word' id='word_1_103' title='bbox 715 1201 1100 1286; x_wconf 74' lang='grc' dir='ltr'><strong>λογισθήσεται</strong></span> <span class='ocrx_word' id='word_1_104' title='bbox 1126 1212 1297 1284; x_wconf 83' lang='grc' dir='ltr'><strong>αὐτῷ.</strong></span> <span class='ocrx_word' id='word_1_105' title='bbox 1331 1210 1566 1285; x_wconf 82' lang='grc' dir='ltr'><strong>Σύννουν</strong></span> <span class='ocrx_word' id='word_1_106' title='bbox 1621 1212 1680 1266; x_wconf 80' lang='grc' dir='ltr'><strong>δὲ</strong></span> <span class='ocrx_word' id='word_1_107' title='bbox 1743 1212 1836 1265; x_wconf 72' lang='grc' dir='ltr'><strong>καὶ</strong></span> 
     </span>
    </p>
   </div>
   <div class='ocr_carea' id='block_1_15' title="bbox 258 1300 1836 1377">
    <p class='ocr_par' dir='ltr' id='par_1_15' title="bbox 258 1300 1836 1377">
     <span class='ocr_line' id='line_1_15' title="bbox 258 1300 1836 1377; baseline -0.003 -15"><span class='ocrx_word' id='word_1_108' title='bbox 258 1308 415 1377; x_wconf 64' lang='grc' dir='ltr'><strong>ἐνεὸν</strong></span> <span class='ocrx_word' id='word_1_109' title='bbox 469 1306 660 1362; x_wconf 70' lang='grc' dir='ltr'><strong>ἑαυτὸν</strong></span> <span class='ocrx_word' id='word_1_110' title='bbox 697 1308 954 1377; x_wconf 78' lang='grc' dir='ltr'><strong>ποιήσας,</strong></span> <span class='ocrx_word' id='word_1_111' title='bbox 984 1306 1127 1372; x_wconf 79' lang='grc' dir='ltr'><strong>δόξει</strong></span> <span class='ocrx_word' id='word_1_112' title='bbox 1156 1305 1421 1376; x_wconf 79' lang='grc' dir='ltr'><strong>φρόνιμος</strong></span> <span class='ocrx_word' id='word_1_113' title='bbox 1447 1300 1608 1358; x_wconf 77' lang='grc' dir='ltr'><strong>εἶναι.</strong></span> <span class='ocrx_word' id='word_1_114' title='bbox 1668 1324 1686 1357; x_wconf 76' lang='grc'><strong>1</strong></span> <span class='ocrx_word' id='word_1_115' title='bbox 1725 1304 1836 1358; x_wconf 74' lang='grc' dir='ltr'><strong>Καὶ</strong></span> 
     </span>
    </p>
   </div>
   <div class='ocr_carea' id='block_1_16' title="bbox 260 1396 1836 1472">
    <p class='ocr_par' dir='ltr' id='par_1_16' title="bbox 260 1396 1836 1472">
     <span class='ocr_line' id='line_1_16' title="bbox 260 1396 1836 1472; baseline -0.004 -16"><span class='ocrx_word' id='word_1_116' title='bbox 260 1399 451 1456; x_wconf 66' lang='grc' dir='ltr'><strong>’πάλιν⁸</strong></span> <span class='ocrx_word' id='word_1_117' title='bbox 498 1418 518 1452; x_wconf 75' lang='grc' dir='ltr'><strong>ι</strong></span> <span class='ocrx_word' id='word_1_118' title='bbox 567 1400 848 1472; x_wconf 82' lang='grc' dir='ltr'><strong>Ἐλεήμων</strong></span> <span class='ocrx_word' id='word_1_119' title='bbox 874 1398 1013 1471; x_wconf 79' lang='grc' dir='ltr'><strong>ἀνὴρ</strong></span> <span class='ocrx_word' id='word_1_120' title='bbox 1068 1397 1437 1470; x_wconf 83' lang='grc' dir='ltr'><strong>μακροθυμεῖ.</strong></span> <span class='ocrx_word' id='word_1_121' title='bbox 1479 1416 1497 1449; x_wconf 77' lang='grc'><strong>1</strong></span> <span class='ocrx_word' id='word_1_122' title='bbox 1529 1397 1639 1450; x_wconf 80' lang='grc' dir='ltr'><strong>Καὶ</strong></span> <span class='ocrx_word' id='word_1_123' title='bbox 1675 1397 1704 1450; x_wconf 85' lang='grc' dir='ltr'><strong>ὁ</strong></span> <span class='ocrx_word' id='word_1_124' title='bbox 1736 1396 1836 1449; x_wconf 79' lang='grc' dir='ltr'><strong>Ἰά-</strong></span> 
     </span>
    </p>
   </div>
   <div class='ocr_carea' id='block_1_17' title="bbox 257 1486 1833 1564">
    <p class='ocr_par' dir='ltr' id='par_1_17' title="bbox 257 1486 1833 1564">
     <span class='ocr_line' id='line_1_17' title="bbox 257 1486 1833 1564; baseline -0.005 -16"><span class='ocrx_word' id='word_1_125' title='bbox 257 1493 462 1557; x_wconf 77' lang='grc' dir='ltr'><strong>κωὸος·</strong></span> <span class='ocrx_word' id='word_1_126' title='bbox 480 1511 500 1543; x_wconf 79' lang='grc' dir='ltr'><strong>ι</strong></span> <span class='ocrx_word' id='word_1_127' title='bbox 526 1490 1011 1564; x_wconf 83' lang='grc' dir='ltr'><strong>Μακροθυμήσατε</strong></span> <span class='ocrx_word' id='word_1_128' title='bbox 1028 1486 1141 1557; x_wconf 81' lang='grc' dir='ltr'><strong>οὖν,</strong></span> <span class='ocrx_word' id='word_1_129' title='bbox 1163 1490 1403 1558; x_wconf 74' lang='grc' dir='ltr'><strong>ἀδελφοὶ,</strong></span> <span class='ocrx_word' id='word_1_130' title='bbox 1430 1489 1542 1553; x_wconf 77' lang='grc' dir='ltr'><strong>ἓως</strong></span> <span class='ocrx_word' id='word_1_131' title='bbox 1556 1488 1656 1560; x_wconf 81' lang='grc' dir='ltr'><strong>τῆς</strong></span> <span class='ocrx_word' id='word_1_132' title='bbox 1687 1505 1833 1553; x_wconf 87' lang='grc' dir='ltr'><strong>παρ-</strong></span> 
     </span>
    </p>
   </div>
   <div class='ocr_carea' id='block_1_18' title="bbox 256 1577 1832 1653">
    <p class='ocr_par' dir='ltr' id='par_1_18' title="bbox 256 1577 1832 1653">
     <span class='ocr_line' id='line_1_18' title="bbox 256 1577 1832 1653; baseline -0.004 -18"><span class='ocrx_word' id='word_1_133' title='bbox 256 1581 453 1645; x_wconf 78' lang='grc' dir='ltr'>ουσίας</span> <span class='ocrx_word' id='word_1_134' title='bbox 506 1579 600 1635; x_wconf 77' lang='grc' dir='ltr'><strong>τοῦ</strong></span> <span class='ocrx_word' id='word_1_135' title='bbox 633 1580 866 1653; x_wconf 83' lang='grc' dir='ltr'>Κυρίου.</span> <span class='ocrx_word' id='word_1_136' title='bbox 905 1581 1041 1634; x_wconf 81' lang='grc' dir='ltr'><strong>Ἰδοὺ</strong></span> <span class='ocrx_word' id='word_1_137' title='bbox 1079 1579 1376 1651; x_wconf 80' lang='grc' dir='ltr'><strong>ὸγεωργὸς</strong></span> <span class='ocrx_word' id='word_1_138' title='bbox 1400 1579 1681 1649; x_wconf 77' lang='grc' dir='ltr'><strong>ἐκδέχεται</strong></span> <span class='ocrx_word' id='word_1_139' title='bbox 1738 1577 1832 1631; x_wconf 65' lang='grc' dir='ltr'><strong>τὴν</strong></span> 
     </span>
    </p>
   </div>
   <div class='ocr_carea' id='block_1_19' title="bbox 172 1667 1827 1744">
    <p class='ocr_par' dir='ltr' id='par_1_19' title="bbox 172 1667 1827 1744">
     <span class='ocr_line' id='line_1_19' title="bbox 172 1667 1827 1744; baseline -0.004 -18"><span class='ocrx_word' id='word_1_140' title='bbox 172 1682 179 1693; x_wconf 83' lang='lat'>‘</span> <span class='ocrx_word' id='word_1_141' title='bbox 254 1673 444 1742; x_wconf 78' lang='grc' dir='ltr'><strong>τίμιον</strong></span> <span class='ocrx_word' id='word_1_142' title='bbox 476 1672 689 1743; x_wconf 84' lang='grc' dir='ltr'><strong>καρπὸν</strong></span> <span class='ocrx_word' id='word_1_143' title='bbox 713 1673 805 1725; x_wconf 71' lang='grc' dir='ltr'><strong>ἐπὶ</strong></span> <span class='ocrx_word' id='word_1_144' title='bbox 831 1671 930 1744; x_wconf 82' lang='grc' dir='ltr'><strong>τῆς</strong></span> <span class='ocrx_word' id='word_1_145' title='bbox 969 1667 1096 1740; x_wconf 81' lang='grc' dir='ltr'><strong>γῆς,</strong></span> <span class='ocrx_word' id='word_1_146' title='bbox 1128 1669 1499 1742; x_wconf 82' lang='grc' dir='ltr'>μακροθυμῶν</span> <span class='ocrx_word' id='word_1_147' title='bbox 1529 1669 1616 1723; x_wconf 75' lang='grc' dir='ltr'><strong>ἐπ’</strong></span> <span class='ocrx_word' id='word_1_148' title='bbox 1656 1668 1827 1738; x_wconf 78' lang='grc' dir='ltr'><strong>αὐτῷ,</strong></span> 
     </span>
    </p>
   </div>
   <div class='ocr_carea' id='block_1_20' title="bbox 1937 478 3510 551">
    <p class='ocr_par' dir='ltr' id='par_1_20' title="bbox 1937 478 3510 551">
     <span class='ocr_line' id='line_1_20' title="bbox 1937 478 3510 551; baseline 0.002 -17"><span class='ocrx_word' id='word_1_149' title='bbox 1937 481 2162 536; x_wconf 85' lang='lat' dir='ltr'><strong>homine</strong></span> <span class='ocrx_word' id='word_1_150' title='bbox 2201 480 2414 551; x_wconf 87' lang='lat' dir='ltr'><strong>patiens</strong></span> <span class='ocrx_word' id='word_1_151' title='bbox 2454 480 2552 549; x_wconf 85' lang='lat' dir='ltr'><strong>qui</strong></span> <span class='ocrx_word' id='word_1_152' title='bbox 2592 480 2665 533; x_wconf 90' lang='lat' dir='ltr'><strong>sit</strong></span> <span class='ocrx_word' id='word_1_153' title='bbox 2702 486 2760 534; x_wconf 89' lang='lat' dir='ltr'><strong>et</strong></span> <span class='ocrx_word' id='word_1_154' title='bbox 2798 478 3148 551; x_wconf 86' lang='lat' dir='ltr'><strong>longanimis.</strong></span> <span class='ocrx_word' id='word_1_155' title='bbox 3181 481 3251 536; x_wconf 85' lang='lat' dir='ltr'><strong>At</strong></span> <span class='ocrx_word' id='word_1_156' title='bbox 3290 484 3510 540; x_wconf 88' lang='lat' dir='ltr'><strong>interim</strong></span> 
     </span>
    </p>
   </div>
   <div class='ocr_carea' id='block_1_21' title="bbox 1937 564 3509 642">
    <p class='ocr_par' dir='ltr' id='par_1_21' title="bbox 1937 564 3509 642">
     <span class='ocr_line' id='line_1_21' title="bbox 1937 564 3509 642; baseline 0.001 -14"><span class='ocrx_word' id='word_1_157' title='bbox 1937 564 2103 628; x_wconf 66' lang='lat' dir='ltr'><strong>homo</strong></span> <span class='ocrx_word' id='word_1_158' title='bbox 2131 573 2223 627; x_wconf 88' lang='lat' dir='ltr'><strong>ille</strong></span> <span class='ocrx_word' id='word_1_159' title='bbox 2250 573 2431 628; x_wconf 89' lang='lat' dir='ltr'><strong>inanis</strong></span> <span class='ocrx_word' id='word_1_160' title='bbox 2457 572 2518 627; x_wconf 80' lang='lat' dir='ltr'><strong>ﬁt</strong></span> <span class='ocrx_word' id='word_1_161' title='bbox 2548 571 2780 642; x_wconf 75' lang='lat' dir='ltr'><strong>spiritus</strong></span> <span class='ocrx_word' id='word_1_162' title='bbox 2802 572 2974 642; x_wconf 78' lang='lat' dir='ltr'><strong>justi;</strong></span> <span class='ocrx_word' id='word_1_163' title='bbox 3003 583 3310 629; x_wconf 59' lang='lat' dir='ltr'><strong>excaecatur</strong></span> <span class='ocrx_word' id='word_1_164' title='bbox 3336 584 3509 638; x_wconf 90' lang='lat' dir='ltr'><strong>totus,</strong></span> 
     </span>
    </p>
   </div>
   <div class='ocr_carea' id='block_1_22' title="bbox 1936 662 3515 736">
    <p class='ocr_par' dir='ltr' id='par_1_22' title="bbox 1936 662 3515 736">
     <span class='ocr_line' id='line_1_22' title="bbox 1936 662 3515 736; baseline 0.001 -16"><span class='ocrx_word' id='word_1_165' title='bbox 1936 662 2070 720; x_wconf 88' lang='lat' dir='ltr'><strong>dum</strong></span> <span class='ocrx_word' id='word_1_166' title='bbox 2101 665 2323 719; x_wconf 80' lang='lat' dir='ltr'><strong>exuitur</strong></span> <span class='ocrx_word' id='word_1_167' title='bbox 2358 666 2561 720; x_wconf 86' lang='lat' dir='ltr'><strong>mentis</strong></span> <span class='ocrx_word' id='word_1_168' title='bbox 2596 664 2891 729; x_wconf 84' lang='lat' dir='ltr'><strong>dulcedine</strong></span> <span class='ocrx_word' id='word_1_169' title='bbox 2925 679 2988 719; x_wconf 90' lang='lat' dir='ltr'><strong>ac</strong></span> <span class='ocrx_word' id='word_1_170' title='bbox 3020 664 3386 736; x_wconf 81' lang='lat' dir='ltr'><strong>benignitate.</strong></span> <span class='ocrx_word' id='word_1_171' title='bbox 3422 668 3515 722; x_wconf 86' lang='lat' dir='ltr'><strong>Ait</strong></span> 
     </span>
    </p>
   </div>
   <div class='ocr_carea' id='block_1_23' title="bbox 1934 755 3506 826">
    <p class='ocr_par' dir='ltr' id='par_1_23' title="bbox 1934 755 3506 826">
     <span class='ocr_line' id='line_1_23' title="bbox 1934 755 3506 826; baseline -0.001 -16"><span class='ocrx_word' id='word_1_172' title='bbox 1934 766 2122 811; x_wconf 85' lang='lat' dir='ltr'><strong>autem</strong></span> <span class='ocrx_word' id='word_1_173' title='bbox 2164 755 2451 825; x_wconf 86' lang='lat' dir='ltr'><strong>Scriptura</strong></span> <span class='ocrx_word' id='word_1_174' title='bbox 2490 773 2503 809; x_wconf 88' lang='lat'><strong>:</strong></span> <span class='ocrx_word' id='word_1_175' title='bbox 2548 774 2566 808; x_wconf 75' lang='grc' dir='ltr'><strong>ι</strong></span> <span class='ocrx_word' id='word_1_176' title='bbox 2613 755 2805 810; x_wconf 83' lang='lat' dir='ltr'><strong>Melior</strong></span> <span class='ocrx_word' id='word_1_177' title='bbox 2823 756 2911 809; x_wconf 91' lang='lat' dir='ltr'><strong>vir</strong></span> <span class='ocrx_word' id='word_1_178' title='bbox 2950 757 3166 826; x_wconf 86' lang='lat' dir='ltr'><strong>patiens</strong></span> <span class='ocrx_word' id='word_1_179' title='bbox 3206 757 3334 811; x_wconf 79' lang='lat' dir='ltr'><strong>forti</strong></span> <span class='ocrx_word' id='word_1_180' title='bbox 3358 759 3445 810; x_wconf 77' lang='grc'><strong>⁹¹·.</strong></span> <span class='ocrx_word' id='word_1_181' title='bbox 3487 778 3506 808; x_wconf 74' lang='grc' dir='ltr'><strong>ι</strong></span> 
     </span>
    </p>
   </div>
   <div class='ocr_carea' id='block_1_24' title="bbox 1935 846 3514 918">
    <p class='ocr_par' dir='ltr' id='par_1_24' title="bbox 1935 846 3514 918">
     <span class='ocr_line' id='line_1_24' title="bbox 1935 846 3514 918; baseline 0.001 -19"><span class='ocrx_word' id='word_1_182' title='bbox 1935 846 2005 899; x_wconf 89' lang='grc' dir='ltr'><strong>Ει</strong></span> <span class='ocrx_word' id='word_1_183' title='bbox 2035 864 2049 899; x_wconf 88' lang='lat'><strong>:</strong></span> <span class='ocrx_word' id='word_1_184' title='bbox 2086 864 2106 897; x_wconf 72' lang='grc' dir='ltr'><strong>ι</strong></span> <span class='ocrx_word' id='word_1_185' title='bbox 2146 846 2305 902; x_wconf 83' lang='lat' dir='ltr'><strong>Sicut</strong></span> <span class='ocrx_word' id='word_1_186' title='bbox 2342 848 2613 916; x_wconf 85' lang='lat' dir='ltr'><strong>probatur</strong></span> <span class='ocrx_word' id='word_1_187' title='bbox 2646 862 2842 901; x_wconf 90' lang='lat' dir='ltr'><strong>aurum</strong></span> <span class='ocrx_word' id='word_1_188' title='bbox 2882 854 2949 905; x_wconf 68' lang='lat' dir='ltr'><strong>et</strong></span> <span class='ocrx_word' id='word_1_189' title='bbox 2974 857 3273 918; x_wconf 82' lang='lat' dir='ltr'><strong>argentum</strong></span> <span class='ocrx_word' id='word_1_190' title='bbox 3304 849 3360 902; x_wconf 91' lang='lat' dir='ltr'><strong>in</strong></span> <span class='ocrx_word' id='word_1_191' title='bbox 3400 849 3514 904; x_wconf 78' lang='lat' dir='ltr'><strong>for-</strong></span> 
     </span>
    </p>
   </div>
   <div class='ocr_carea' id='block_1_25' title="bbox 1934 936 3511 1009">
    <p class='ocr_par' dir='ltr' id='par_1_25' title="bbox 1934 936 3511 1009">
     <span class='ocr_line' id='line_1_25' title="bbox 1934 936 3511 1009; baseline 0.001 -18"><span class='ocrx_word' id='word_1_192' title='bbox 1934 952 2093 1000; x_wconf 83' lang='lat' dir='ltr'><strong>nace,</strong></span> <span class='ocrx_word' id='word_1_193' title='bbox 2119 938 2198 992; x_wconf 89' lang='lat' dir='ltr'><strong>sic</strong></span> <span class='ocrx_word' id='word_1_194' title='bbox 2219 938 2396 992; x_wconf 88' lang='lat' dir='ltr'><strong>electa</strong></span> <span class='ocrx_word' id='word_1_195' title='bbox 2419 937 2588 992; x_wconf 88' lang='lat' dir='ltr'><strong>corda</strong></span> <span class='ocrx_word' id='word_1_196' title='bbox 2615 936 2814 1007; x_wconf 87' lang='lat' dir='ltr'><strong>probat</strong></span> <span class='ocrx_word' id='word_1_197' title='bbox 2835 937 3000 1002; x_wconf 87' lang='lat' dir='ltr'><strong>Deus,</strong></span> <span class='ocrx_word' id='word_1_198' title='bbox 3036 957 3054 989; x_wconf 77' lang='grc'><strong>1</strong></span> <span class='ocrx_word' id='word_1_199' title='bbox 3079 940 3232 1009; x_wconf 77' lang='lat' dir='ltr'><strong>juxta</strong></span> <span class='ocrx_word' id='word_1_200' title='bbox 3260 938 3511 1009; x_wconf 86' lang='lat' dir='ltr'><strong>Scriptu-</strong></span> 
     </span>
    </p>
   </div>
   <div class='ocr_carea' id='block_1_26' title="bbox 1935 1027 3513 1085">
    <p class='ocr_par' dir='ltr' id='par_1_26' title="bbox 1935 1027 3513 1085">
     <span class='ocr_line' id='line_1_26' title="bbox 1935 1027 3513 1085; baseline 0.002 -3"><span class='ocrx_word' id='word_1_201' title='bbox 1935 1043 2052 1083; x_wconf 88' lang='lat' dir='ltr'><strong>ram</strong></span> <span class='ocrx_word' id='word_1_202' title='bbox 2074 1028 2141 1083; x_wconf 82' lang='grc'><strong>⁹¹.</strong></span> <span class='ocrx_word' id='word_1_203' title='bbox 2183 1027 2390 1083; x_wconf 88' lang='lat' dir='ltr'><strong>Iterum</strong></span> <span class='ocrx_word' id='word_1_204' title='bbox 2430 1046 2444 1081; x_wconf 90' lang='lat'>:</span> <span class='ocrx_word' id='word_1_205' title='bbox 2483 1046 2503 1080; x_wconf 76' lang='grc' dir='ltr'><strong>ι</strong></span> <span class='ocrx_word' id='word_1_206' title='bbox 2544 1028 2642 1082; x_wconf 82' lang='lat' dir='ltr'><strong>Vir</strong></span> <span class='ocrx_word' id='word_1_207' title='bbox 2677 1036 2999 1083; x_wconf 84' lang='lat' dir='ltr'><strong>mansuetos</strong></span> <span class='ocrx_word' id='word_1_208' title='bbox 3040 1028 3228 1084; x_wconf 80' lang='lat' dir='ltr'><strong>cordis</strong></span> <span class='ocrx_word' id='word_1_209' title='bbox 3264 1031 3513 1085; x_wconf 83' lang='lat' dir='ltr'><strong>medicus</strong></span> 
     </span>
    </p>
   </div>
   <div class='ocr_carea' id='block_1_27' title="bbox 1934 1118 3508 1192">
    <p class='ocr_par' dir='ltr' id='par_1_27' title="bbox 1934 1118 3508 1192">
     <span class='ocr_line' id='line_1_27' title="bbox 1934 1118 3508 1192; baseline -0.001 -17"><span class='ocrx_word' id='word_1_210' title='bbox 1934 1126 2021 1175; x_wconf 88' lang='lat' dir='ltr'><strong>est</strong></span> <span class='ocrx_word' id='word_1_211' title='bbox 2038 1119 2105 1173; x_wconf 78' lang='lat'><strong>&quot;.</strong></span> <span class='ocrx_word' id='word_1_212' title='bbox 2138 1137 2157 1171; x_wconf 75' lang='grc' dir='ltr'><strong>ι</strong></span> <span class='ocrx_word' id='word_1_213' title='bbox 2187 1120 2403 1175; x_wconf 80' lang='lat' dir='ltr'><strong>Rursus</strong></span> <span class='ocrx_word' id='word_1_214' title='bbox 2428 1137 2441 1172; x_wconf 90' lang='lat'><strong>:</strong></span> <span class='ocrx_word' id='word_1_215' title='bbox 2476 1138 2495 1171; x_wconf 76' lang='grc' dir='ltr'><strong>ι</strong></span> <span class='ocrx_word' id='word_1_216' title='bbox 2528 1118 2653 1184; x_wconf 85' lang='lat' dir='ltr'><strong>Fili,</strong></span> <span class='ocrx_word' id='word_1_217' title='bbox 2677 1118 2720 1173; x_wconf 88' lang='lat' dir='ltr'><strong>si</strong></span> <span class='ocrx_word' id='word_1_218' title='bbox 2749 1119 3057 1192; x_wconf 79' lang='lat' dir='ltr'><strong>accesseris</strong></span> <span class='ocrx_word' id='word_1_219' title='bbox 3084 1119 3153 1175; x_wconf 89' lang='lat' dir='ltr'><strong>ad</strong></span> <span class='ocrx_word' id='word_1_220' title='bbox 3184 1120 3508 1176; x_wconf 83' lang='lat' dir='ltr'><strong>servitutem</strong></span> 
     </span>
    </p>
   </div>
   <div class='ocr_carea' id='block_1_28' title="bbox 1934 1209 3511 1285">
    <p class='ocr_par' dir='ltr' id='par_1_28' title="bbox 1934 1209 3511 1285">
     <span class='ocr_line' id='line_1_28' title="bbox 1934 1209 3511 1285; baseline 0 -19"><span class='ocrx_word' id='word_1_221' title='bbox 1934 1209 2068 1276; x_wconf 84' lang='lat' dir='ltr'><strong>Dei,</strong></span> <span class='ocrx_word' id='word_1_222' title='bbox 2095 1224 2341 1281; x_wconf 69' lang='lat' dir='ltr'><strong>praepara</strong></span> <span class='ocrx_word' id='word_1_223' title='bbox 2367 1210 2608 1265; x_wconf 77' lang='lat' dir='ltr'><strong>animum</strong></span> <span class='ocrx_word' id='word_1_224' title='bbox 2639 1219 2788 1265; x_wconf 90' lang='lat' dir='ltr'><strong>tuam</strong></span> <span class='ocrx_word' id='word_1_225' title='bbox 2816 1210 2883 1264; x_wconf 91' lang='lat' dir='ltr'><strong>ad</strong></span> <span class='ocrx_word' id='word_1_226' title='bbox 2916 1212 3307 1285; x_wconf 84' lang='lat' dir='ltr'><strong>tentationem,</strong></span> <span class='ocrx_word' id='word_1_227' title='bbox 3335 1213 3511 1283; x_wconf 79' lang='lat' dir='ltr'><strong>dirige</strong></span> 
     </span>
    </p>
   </div>
   <div class='ocr_carea' id='block_1_29' title="bbox 1933 1300 3514 1372">
    <p class='ocr_par' dir='ltr' id='par_1_29' title="bbox 1933 1300 3514 1372">
     <span class='ocr_line' id='line_1_29' title="bbox 1933 1300 3514 1372; baseline 0.001 -16"><span class='ocrx_word' id='word_1_228' title='bbox 1933 1315 2032 1356; x_wconf 90' lang='lat' dir='ltr'><strong>cor</strong></span> <span class='ocrx_word' id='word_1_229' title='bbox 2064 1308 2217 1356; x_wconf 89' lang='lat' dir='ltr'><strong>tuum</strong></span> <span class='ocrx_word' id='word_1_230' title='bbox 2245 1307 2302 1357; x_wconf 91' lang='lat' dir='ltr'><strong>et</strong></span> <span class='ocrx_word' id='word_1_231' title='bbox 2330 1300 2543 1355; x_wconf 88' lang='lat' dir='ltr'><strong>sustine</strong></span> <span class='ocrx_word' id='word_1_232' title='bbox 2575 1318 2588 1353; x_wconf 94' lang='lat'><strong>:</strong></span> <span class='ocrx_word' id='word_1_233' title='bbox 2618 1315 2781 1357; x_wconf 90' lang='lat' dir='ltr'><strong>omne</strong></span> <span class='ocrx_word' id='word_1_234' title='bbox 2810 1300 2960 1370; x_wconf 88' lang='lat' dir='ltr'><strong>quod</strong></span> <span class='ocrx_word' id='word_1_235' title='bbox 2989 1301 3312 1372; x_wconf 85' lang='lat' dir='ltr'><strong>applicitum</strong></span> <span class='ocrx_word' id='word_1_236' title='bbox 3342 1301 3514 1359; x_wconf 83' lang='lat' dir='ltr'><strong>fuerit</strong></span> 
     </span>
    </p>
   </div>
   <div class='ocr_carea' id='block_1_30' title="bbox 1934 1392 3511 1463">
    <p class='ocr_par' dir='ltr' id='par_1_30' title="bbox 1934 1392 3511 1463">
     <span class='ocr_line' id='line_1_30' title="bbox 1934 1392 3511 1463; baseline 0.001 -17"><span class='ocrx_word' id='word_1_237' title='bbox 1934 1392 2059 1463; x_wconf 84' lang='lat' dir='ltr'><strong>tibi,</strong></span> <span class='ocrx_word' id='word_1_238' title='bbox 2086 1392 2309 1463; x_wconf 88' lang='lat' dir='ltr'><strong>suscipe</strong></span> <span class='ocrx_word' id='word_1_239' title='bbox 2343 1392 2606 1458; x_wconf 84' lang='lat' dir='ltr'><strong>libenter,</strong></span> <span class='ocrx_word' id='word_1_240' title='bbox 2637 1400 2695 1447; x_wconf 90' lang='lat' dir='ltr'><strong>et</strong></span> <span class='ocrx_word' id='word_1_241' title='bbox 2725 1392 2780 1447; x_wconf 92' lang='lat' dir='ltr'><strong>in</strong></span> <span class='ocrx_word' id='word_1_242' title='bbox 2816 1392 3218 1450; x_wconf 86' lang='lat' dir='ltr'><strong>mutationibus</strong></span> <span class='ocrx_word' id='word_1_243' title='bbox 3250 1394 3511 1449; x_wconf 86' lang='lat' dir='ltr'><strong>humilia—</strong></span> 
     </span>
    </p>
   </div>
   <div class='ocr_carea' id='block_1_31' title="bbox 1933 1482 3512 1554">
    <p class='ocr_par' dir='ltr' id='par_1_31' title="bbox 1933 1482 3512 1554">
     <span class='ocr_line' id='line_1_31' title="bbox 1933 1482 3512 1554; baseline 0.002 -17"><span class='ocrx_word' id='word_1_244' title='bbox 1933 1482 2105 1538; x_wconf 92' lang='lat' dir='ltr'><strong>tionis</strong></span> <span class='ocrx_word' id='word_1_245' title='bbox 2129 1491 2240 1538; x_wconf 64' lang='lat' dir='ltr'><strong>tua:</strong></span> <span class='ocrx_word' id='word_1_246' title='bbox 2261 1483 2583 1553; x_wconf 84' lang='lat' dir='ltr'><strong>patientiam</strong></span> <span class='ocrx_word' id='word_1_247' title='bbox 2609 1482 2751 1538; x_wconf 90' lang='lat' dir='ltr'><strong>habe</strong></span> <span class='ocrx_word' id='word_1_248' title='bbox 2777 1484 2981 1539; x_wconf 88' lang='lat' dir='ltr'><strong>:.crede</strong></span> <span class='ocrx_word' id='word_1_249' title='bbox 3003 1484 3053 1537; x_wconf 89' lang='lat' dir='ltr'><strong>ei</strong></span> <span class='ocrx_word' id='word_1_250' title='bbox 3080 1492 3136 1540; x_wconf 93' lang='lat' dir='ltr'><strong>et</strong></span> <span class='ocrx_word' id='word_1_251' title='bbox 3162 1486 3512 1554; x_wconf 77' lang='lat' dir='ltr'><strong>recuperabit</strong></span> 
     </span>
    </p>
   </div>
   <div class='ocr_carea' id='block_1_32' title="bbox 1935 1571 3509 1646">
    <p class='ocr_par' dir='ltr' id='par_1_32' title="bbox 1935 1571 3509 1646">
     <span class='ocr_line' id='line_1_32' title="bbox 1935 1571 3509 1646; baseline 0 -16"><span class='ocrx_word' id='word_1_252' title='bbox 1935 1577 2087 1630; x_wconf 74' lang='lat' dir='ltr'><strong>tc‘“.~</strong></span> <span class='ocrx_word' id='word_1_253' title='bbox 2115 1593 2134 1625; x_wconf 75' lang='grc'><strong>1</strong></span> <span class='ocrx_word' id='word_1_254' title='bbox 2177 1573 2287 1628; x_wconf 88' lang='lat' dir='ltr'><strong>Nos</strong></span> <span class='ocrx_word' id='word_1_255' title='bbox 2324 1573 2512 1645; x_wconf 78' lang='lat' dir='ltr'><strong>itaque</strong></span> <span class='ocrx_word' id='word_1_256' title='bbox 2553 1571 2798 1642; x_wconf 80' lang='lat' dir='ltr'><strong>(fratres)</strong></span> <span class='ocrx_word' id='word_1_257' title='bbox 2837 1573 3272 1644; x_wconf 73' lang='lat' dir='ltr'><strong>longanimitatis</strong></span> <span class='ocrx_word' id='word_1_258' title='bbox 3309 1590 3374 1630; x_wconf 90' lang='lat' dir='ltr'><strong>ac</strong></span> <span class='ocrx_word' id='word_1_259' title='bbox 3409 1590 3509 1646; x_wconf 80' lang='lat' dir='ltr'><strong>pa-</strong></span> 
     </span>
    </p>
   </div>
   <div class='ocr_carea' id='block_1_33' title="bbox 1933 1664 3507 1749">
    <p class='ocr_par' dir='ltr' id='par_1_33' title="bbox 1933 1664 3507 1749">
     <span class='ocr_line' id='line_1_33' title="bbox 1933 1664 3507 1749; baseline -0.001 -27"><span class='ocrx_word' id='word_1_260' title='bbox 1933 1667 2144 1722; x_wconf 75' lang='lat' dir='ltr'><strong>tientia:</strong></span> <span class='ocrx_word' id='word_1_261' title='bbox 2176 1666 2376 1749; x_wconf 71' lang='lat' dir='ltr'><strong>merito</strong></span> <span class='ocrx_word' id='word_1_262' title='bbox 2409 1664 2665 1731; x_wconf 83' lang='lat' dir='ltr'><strong>subnixi,</strong></span> <span class='ocrx_word' id='word_1_263' title='bbox 2704 1680 2814 1720; x_wconf 89' lang='lat' dir='ltr'><strong>una</strong></span> <span class='ocrx_word' id='word_1_264' title='bbox 2848 1679 2974 1723; x_wconf 85' lang='lat' dir='ltr'><strong>cum</strong></span> <span class='ocrx_word' id='word_1_265' title='bbox 3009 1666 3212 1721; x_wconf 87' lang='lat' dir='ltr'><strong>Davide</strong></span> <span class='ocrx_word' id='word_1_266' title='bbox 3246 1667 3507 1721; x_wconf 85' lang='lat' dir='ltr'><strong>concina-</strong></span> 
     </span>
    </p>
   </div>
   <div class='ocr_carea' id='block_1_34' title="bbox 180 1754 1849 1834">
    <p class='ocr_par' dir='ltr' id='par_1_34' title="bbox 180 1754 1830 1834">
     <span class='ocr_line' id='line_1_34' title="bbox 180 1754 1830 1834; baseline -0.006 -17"><span class='ocrx_word' id='word_1_267' title='bbox 180 1754 191 1759; x_wconf 58' lang='grc'><strong>’</strong></span> <span class='ocrx_word' id='word_1_268' title='bbox 254 1763 367 1828; x_wconf 75' lang='grc' dir='ltr'><strong>ἓως</strong></span> <span class='ocrx_word' id='word_1_269' title='bbox 393 1762 458 1817; x_wconf 82' lang='grc' dir='ltr'><strong>ἂν</strong></span> <span class='ocrx_word' id='word_1_270' title='bbox 478 1761 621 1834; x_wconf 76' lang='grc' dir='ltr'><strong>λάϐῃ</strong></span> <span class='ocrx_word' id='word_1_271' title='bbox 637 1760 850 1832; x_wconf 79' lang='grc' dir='ltr'><strong>καρπὸν</strong></span> <span class='ocrx_word' id='word_1_272' title='bbox 898 1759 1148 1831; x_wconf 82' lang='grc' dir='ltr'><strong>πρώῖμον</strong></span> <span class='ocrx_word' id='word_1_273' title='bbox 1176 1760 1273 1812; x_wconf 75' lang='grc' dir='ltr'><strong>καὶ</strong></span> <span class='ocrx_word' id='word_1_274' title='bbox 1293 1757 1510 1828; x_wconf 73' lang='grc' dir='ltr'><strong>ὄψιμον.</strong></span> <span class='ocrx_word' id='word_1_275' title='bbox 1537 1756 1830 1827; x_wconf 87' lang='grc' dir='ltr'><strong>Μακροθυ-</strong></span> 
     </span>
    </p>
   </div>
   <div class='ocr_carea' id='block_1_35' title="bbox 1931 1754 3504 1834">
    <p class='ocr_par' dir='ltr' id='par_1_35' title="bbox 1934 1755 3504 1823">
     <span class='ocr_line' id='line_1_35' title="bbox 1934 1755 3504 1823; baseline 0 -11"><span class='ocrx_word' id='word_1_276' title='bbox 1934 1771 2057 1812; x_wconf 89' lang='lat' dir='ltr'><strong>mus</strong></span> <span class='ocrx_word' id='word_1_277' title='bbox 2085 1774 2098 1809; x_wconf 90' lang='lat'><strong>:</strong></span> <span class='ocrx_word' id='word_1_278' title='bbox 2125 1775 2144 1808; x_wconf 77' lang='grc' dir='ltr'><strong>ι</strong></span> <span class='ocrx_word' id='word_1_279' title='bbox 2171 1757 2348 1811; x_wconf 88' lang='lat' dir='ltr'><strong>Proba</strong></span> <span class='ocrx_word' id='word_1_280' title='bbox 2376 1770 2485 1820; x_wconf 91' lang='lat' dir='ltr'><strong>me,</strong></span> <span class='ocrx_word' id='word_1_281' title='bbox 2516 1755 2767 1819; x_wconf 87' lang='lat' dir='ltr'><strong>Domine,</strong></span> <span class='ocrx_word' id='word_1_282' title='bbox 2800 1762 2856 1810; x_wconf 88' lang='lat' dir='ltr'><strong>et</strong></span> <span class='ocrx_word' id='word_1_283' title='bbox 2887 1757 3024 1811; x_wconf 88' lang='lat' dir='ltr'><strong>scito</strong></span> <span class='ocrx_word' id='word_1_284' title='bbox 3051 1769 3148 1811; x_wconf 89' lang='lat' dir='ltr'><strong>cor</strong></span> <span class='ocrx_word' id='word_1_285' title='bbox 3171 1772 3382 1823; x_wconf 89' lang='lat' dir='ltr'><strong>meum;</strong></span> <span class='ocrx_word' id='word_1_286' title='bbox 3417 1759 3504 1812; x_wconf 82' lang='lat' dir='ltr'><strong>in-</strong></span> 
     </span>
    </p>
   </div>
   <div class='ocr_carea' id='block_1_36' title="bbox 248 1850 1830 1928">
    <p class='ocr_par' dir='ltr' id='par_1_36' title="bbox 248 1850 1830 1928">
     <span class='ocr_line' id='line_1_36' title="bbox 248 1850 1830 1928; baseline -0.006 -18"><span class='ocrx_word' id='word_1_287' title='bbox 248 1858 476 1928; x_wconf 72' lang='grc' dir='ltr'><strong>μήσατε</strong></span> <span class='ocrx_word' id='word_1_288' title='bbox 506 1852 599 1910; x_wconf 80' lang='grc' dir='ltr'><strong>οὖν</strong></span> <span class='ocrx_word' id='word_1_289' title='bbox 624 1857 719 1909; x_wconf 76' lang='grc' dir='ltr'><strong>καὶ</strong></span> <span class='ocrx_word' id='word_1_290' title='bbox 749 1855 909 1922; x_wconf 77' lang='grc' dir='ltr'><strong>ὑμεῖς</strong></span> <span class='ocrx_word' id='word_1_291' title='bbox 929 1868 955 1921; x_wconf 50' lang='lat' dir='ltr'>ﬁ</span> <span class='ocrx_word' id='word_1_292' title='bbox 974 1853 1280 1924; x_wconf 72' lang='grc' dir='ltr'><strong>ὑπόδειγμα</strong></span> <span class='ocrx_word' id='word_1_293' title='bbox 1307 1851 1502 1907; x_wconf 80' lang='grc' dir='ltr'><strong>λάϐετε</strong></span> <span class='ocrx_word' id='word_1_294' title='bbox 1530 1850 1629 1919; x_wconf 66' lang='grc' dir='ltr'><strong>τῆς</strong></span> <span class='ocrx_word' id='word_1_295' title='bbox 1661 1865 1830 1902; x_wconf 84' lang='grc' dir='ltr'><strong>κακο-</strong></span> 
     </span>
    </p>
   </div>
   <div class='ocr_carea' id='block_1_37' title="bbox 254 1937 1823 2015">
    <p class='ocr_par' dir='ltr' id='par_1_37' title="bbox 254 1937 1823 2015">
     <span class='ocr_line' id='line_1_37' title="bbox 254 1937 1823 2015; baseline -0.006 -17"><span class='ocrx_word' id='word_1_296' title='bbox 254 1944 514 2009; x_wconf 82' lang='grc' dir='ltr'><strong>παθείας,</strong></span> <span class='ocrx_word' id='word_1_297' title='bbox 559 1945 653 1997; x_wconf 73' lang='grc' dir='ltr'><strong>καὶ</strong></span> <span class='ocrx_word' id='word_1_298' title='bbox 691 1943 790 2015; x_wconf 82' lang='grc' dir='ltr'><strong>τῆς</strong></span> <span class='ocrx_word' id='word_1_299' title='bbox 829 1940 1243 2014; x_wconf 81' lang='grc' dir='ltr'>μακροθυμίας,</span> <span class='ocrx_word' id='word_1_300' title='bbox 1282 1940 1413 2002; x_wconf 76' lang='grc' dir='ltr'><strong>τοὺς</strong></span> <span class='ocrx_word' id='word_1_301' title='bbox 1456 1937 1759 2009; x_wconf 82' lang='grc' dir='ltr'><strong>προφήτας.</strong></span> <span class='ocrx_word' id='word_1_302' title='bbox 1798 1955 1823 1988; x_wconf 82' lang='grc'><em>›</em></span> 
     </span>
    </p>
   </div>
   <div class='ocr_carea' id='block_1_38' title="bbox 251 2027 1828 2107">
    <p class='ocr_par' dir='ltr' id='par_1_38' title="bbox 251 2027 1828 2107">
     <span class='ocr_line' id='line_1_38' title="bbox 251 2027 1828 2107; baseline -0.006 -17"><span class='ocrx_word' id='word_1_303' title='bbox 251 2036 375 2091; x_wconf 69' lang='grc' dir='ltr'>Καὶ</span> <span class='ocrx_word' id='word_1_304' title='bbox 392 2035 553 2107; x_wconf 76' lang='grc' dir='ltr'><strong>ὲνοτῷ</strong></span> <span class='ocrx_word' id='word_1_305' title='bbox 577 2034 895 2105; x_wconf 80' lang='grc' dir='ltr'><strong>Εὑαγγελίῳ</strong></span> <span class='ocrx_word' id='word_1_306' title='bbox 913 2035 1245 2104; x_wconf 81' lang='grc' dir='ltr'><strong>γέγραπται·</strong></span> <span class='ocrx_word' id='word_1_307' title='bbox 1281 2050 1301 2085; x_wconf 78' lang='grc' dir='ltr'><strong>ι</strong></span> <span class='ocrx_word' id='word_1_308' title='bbox 1342 2031 1563 2093; x_wconf 80' lang='grc' dir='ltr'><strong>’ἰδόντες</strong></span> <span class='ocrx_word' id='word_1_309' title='bbox 1582 2027 1639 2083; x_wconf 78' lang='grc' dir='ltr'><strong>δέ</strong></span> <span class='ocrx_word' id='word_1_310' title='bbox 1663 2045 1828 2099; x_wconf 82' lang='grc' dir='ltr'><strong>φησιν</strong></span> 
     </span>
    </p>
   </div>
   <div class='ocr_carea' id='block_1_39' title="bbox 249 2119 1828 2198">
    <p class='ocr_par' dir='ltr' id='par_1_39' title="bbox 249 2119 1828 2198">
     <span class='ocr_line' id='line_1_39' title="bbox 249 2119 1828 2198; baseline -0.005 -18"><span class='ocrx_word' id='word_1_311' title='bbox 249 2127 309 2180; x_wconf 74' lang='grc' dir='ltr'><strong>οῖ</strong></span> <span class='ocrx_word' id='word_1_312' title='bbox 338 2126 598 2198; x_wconf 76' lang='grc' dir='ltr'><strong>μαθηταὶ,</strong></span> <span class='ocrx_word' id='word_1_313' title='bbox 629 2125 884 2187; x_wconf 81' lang='grc' dir='ltr'><strong>Ἰάκωϐος</strong></span> <span class='ocrx_word' id='word_1_314' title='bbox 917 2124 1012 2178; x_wconf 79' lang='grc' dir='ltr'><strong>καὶ</strong></span> <span class='ocrx_word' id='word_1_315' title='bbox 1046 2124 1321 2195; x_wconf 81' lang='grc' dir='ltr'><strong>Ἰωάννης,</strong></span> <span class='ocrx_word' id='word_1_316' title='bbox 1350 2122 1433 2176; x_wconf 82' lang='grc' dir='ltr'><strong>ὅτι</strong></span> <span class='ocrx_word' id='word_1_317' title='bbox 1460 2124 1562 2174; x_wconf 80' lang='grc' dir='ltr'><strong>οὑκ</strong></span> <span class='ocrx_word' id='word_1_318' title='bbox 1581 2119 1828 2186; x_wconf 76' lang='grc' dir='ltr'><strong>ἐδέξαντο</strong></span> 
     </span>
    </p>
   </div>
   <div class='ocr_carea' id='block_1_40' title="bbox 250 2211 1823 2291">
    <p class='ocr_par' dir='ltr' id='par_1_40' title="bbox 250 2211 1823 2291">
     <span class='ocr_line' id='line_1_40' title="bbox 250 2211 1823 2291; baseline -0.006 -18"><span class='ocrx_word' id='word_1_319' title='bbox 250 2218 456 2283; x_wconf 62' lang='grc' dir='ltr'><strong>αὐτοὺς</strong></span> <span class='ocrx_word' id='word_1_320' title='bbox 470 2218 525 2271; x_wconf 82' lang='lat' dir='ltr'><strong>oi</strong></span> <span class='ocrx_word' id='word_1_321' title='bbox 543 2214 899 2291; x_wconf 64' lang='grc' dir='ltr'><strong>Σαμαρεῐῖαι,</strong></span> <span class='ocrx_word' id='word_1_322' title='bbox 930 2211 1102 2270; x_wconf 76' lang='grc' dir='ltr'><strong>εἷπον·</strong></span> <span class='ocrx_word' id='word_1_323' title='bbox 1128 2235 1149 2267; x_wconf 73' lang='grc' dir='ltr'><strong>ι</strong></span> <span class='ocrx_word' id='word_1_324' title='bbox 1171 2215 1365 2286; x_wconf 67' lang='grc' dir='ltr'><strong>Κύριε,</strong></span> <span class='ocrx_word' id='word_1_325' title='bbox 1384 2213 1560 2277; x_wconf 73' lang='grc' dir='ltr'><strong>θέλεις</strong></span> <span class='ocrx_word' id='word_1_326' title='bbox 1578 2212 1823 2282; x_wconf 72' lang='grc' dir='ltr'><strong>εἴπωμεν</strong></span> 
     </span>
    </p>
   </div>
   <div class='ocr_carea' id='block_1_41' title="bbox 252 2298 1820 2377">
    <p class='ocr_par' dir='ltr' id='par_1_41' title="bbox 252 2298 1820 2377">
     <span class='ocr_line' id='line_1_41' title="bbox 252 2298 1820 2377; baseline -0.004 -18"><span class='ocrx_word' id='word_1_327' title='bbox 252 2306 370 2377; x_wconf 78' lang='grc' dir='ltr'><strong>πῦρ</strong></span> <span class='ocrx_word' id='word_1_328' title='bbox 402 2306 708 2377; x_wconf 79' lang='grc' dir='ltr'><strong>καταϐῆναι</strong></span> <span class='ocrx_word' id='word_1_329' title='bbox 737 2306 834 2360; x_wconf 81' lang='grc' dir='ltr'><strong>ἀπ’</strong></span> <span class='ocrx_word' id='word_1_330' title='bbox 865 2302 1121 2377; x_wconf 78' lang='grc' dir='ltr'><strong>οὐρανοῦ,</strong></span> <span class='ocrx_word' id='word_1_331' title='bbox 1152 2303 1247 2359; x_wconf 68' lang='grc' dir='ltr'><strong>καὶ</strong></span> <span class='ocrx_word' id='word_1_332' title='bbox 1275 2300 1542 2359; x_wconf 78' lang='grc' dir='ltr'><strong>ἀναλώσει</strong></span> <span class='ocrx_word' id='word_1_333' title='bbox 1598 2298 1820 2363; x_wconf 78' lang='grc' dir='ltr'><strong>αὐτοὺς,</strong></span> 
     </span>
    </p>
   </div>
   <div class='ocr_carea' id='block_1_42' title="bbox 249 2390 1823 2468">
    <p class='ocr_par' dir='ltr' id='par_1_42' title="bbox 249 2390 1823 2468">
     <span class='ocr_line' id='line_1_42' title="bbox 249 2390 1823 2468; baseline -0.003 -18"><span class='ocrx_word' id='word_1_334' title='bbox 249 2399 335 2460; x_wconf 84' lang='grc' dir='ltr'>ὡς</span> <span class='ocrx_word' id='word_1_335' title='bbox 371 2398 465 2450; x_wconf 71' lang='grc' dir='ltr'>καὶ</span> <span class='ocrx_word' id='word_1_336' title='bbox 505 2396 696 2463; x_wconf 83' lang='grc' dir='ltr'>Ἠλίας</span> <span class='ocrx_word' id='word_1_337' title='bbox 739 2397 1027 2468; x_wconf 71' lang='grc' dir='ltr'><strong>ὲποίησενς</strong></span> <span class='ocrx_word' id='word_1_338' title='bbox 1090 2395 1359 2467; x_wconf 72' lang='grc' dir='ltr'><strong>Στραφεὶς</strong></span> <span class='ocrx_word' id='word_1_339' title='bbox 1407 2394 1464 2448; x_wconf 84' lang='grc' dir='ltr'><strong>δὲ</strong></span> <span class='ocrx_word' id='word_1_340' title='bbox 1510 2396 1540 2448; x_wconf 82' lang='grc' dir='ltr'><strong>δ</strong></span> <span class='ocrx_word' id='word_1_341' title='bbox 1593 2390 1823 2462; x_wconf 80' lang='grc' dir='ltr'><strong>Ἰησοῦς.</strong></span> 
     </span>
    </p>
   </div>
   <div class='ocr_carea' id='block_1_43' title="bbox 252 2470 1825 2567">
    <p class='ocr_par' dir='ltr' id='par_1_43' title="bbox 252 2470 1825 2567">
     <span class='ocr_line' id='line_1_43' title="bbox 252 2470 1825 2567; baseline -0.007 -21"><span class='ocrx_word' id='word_1_342' title='bbox 252 2470 594 2562; x_wconf 78' lang='grc' dir='ltr'><strong>ὲπέτίμησεν</strong></span> <span class='ocrx_word' id='word_1_343' title='bbox 622 2490 826 2567; x_wconf 61' lang='grc' dir='ltr'><strong>αὐεοῖς,</strong></span> <span class='ocrx_word' id='word_1_344' title='bbox 862 2490 956 2545; x_wconf 76' lang='grc' dir='ltr'><strong>καὶ</strong></span> <span class='ocrx_word' id='word_1_345' title='bbox 996 2484 1168 2543; x_wconf 72' lang='grc' dir='ltr'><strong>εἶπενο</strong></span> <span class='ocrx_word' id='word_1_346' title='bbox 1209 2507 1228 2540; x_wconf 79' lang='grc' dir='ltr'><strong>ι</strong></span> <span class='ocrx_word' id='word_1_347' title='bbox 1266 2488 1383 2541; x_wconf 78' lang='grc' dir='ltr'><strong>Οὐκ</strong></span> <span class='ocrx_word' id='word_1_348' title='bbox 1426 2484 1604 2567; x_wconf 74' lang='grc' dir='ltr'><strong>οῖδατε</strong></span> <span class='ocrx_word' id='word_1_349' title='bbox 1670 2483 1825 2537; x_wconf 84' lang='grc' dir='ltr'><strong>ποίου</strong></span> 
     </span>
    </p>
   </div>
   <div class='ocr_carea' id='block_1_44' title="bbox 249 2564 1827 2659">
    <p class='ocr_par' dir='ltr' id='par_1_44' title="bbox 249 2564 1827 2659">
     <span class='ocr_line' id='line_1_44' title="bbox 249 2564 1827 2659; baseline -0.006 -23"><span class='ocrx_word' id='word_1_350' title='bbox 249 2580 571 2659; x_wconf 60' lang='grc' dir='ltr'><strong>⁸πνεύματός·</strong></span> <span class='ocrx_word' id='word_1_351' title='bbox 616 2564 761 2638; x_wconf 48' lang='lat' dir='ltr'><strong>sese.</strong></span> <span class='ocrx_word' id='word_1_352' title='bbox 798 2581 855 2636; x_wconf 89' lang='grc'><strong>’0</strong></span> <span class='ocrx_word' id='word_1_353' title='bbox 893 2581 1022 2645; x_wconf 74' lang='grc' dir='ltr'>Υἱὸς</span> <span class='ocrx_word' id='word_1_354' title='bbox 1057 2580 1154 2634; x_wconf 81' lang='grc' dir='ltr'><strong>τοῦ</strong></span> <span class='ocrx_word' id='word_1_355' title='bbox 1192 2576 1484 2648; x_wconf 83' lang='grc' dir='ltr'><strong>ἀνθρώπου</strong></span> <span class='ocrx_word' id='word_1_356' title='bbox 1518 2564 1619 2631; x_wconf 77' lang='grc' dir='ltr'><strong>οὐκ</strong></span> <span class='ocrx_word' id='word_1_357' title='bbox 1664 2571 1827 2645; x_wconf 79' lang='grc' dir='ltr'><strong>ἦλθεν</strong></span> 
     </span>
    </p>
   </div>
   <div class='ocr_carea' id='block_1_45' title="bbox 222 2665 1825 2742">
    <p class='ocr_par' dir='ltr' id='par_1_45' title="bbox 222 2665 1825 2742">
     <span class='ocr_line' id='line_1_45' title="bbox 222 2665 1825 2742; baseline -0.001 -19"><span class='ocrx_word' id='word_1_358' title='bbox 222 2671 436 2742; x_wconf 51' lang='grc' dir='ltr'><strong>⁸ψυχὰς</strong></span> <span class='ocrx_word' id='word_1_359' title='bbox 467 2669 1092 2735; x_wconf 72' lang='grc' dir='ltr'><strong>ἀνθρώπωνάπολέσαι,</strong></span> <span class='ocrx_word' id='word_1_360' title='bbox 1128 2667 1266 2727; x_wconf 82' lang='grc' dir='ltr'><strong>ἀλλὰ</strong></span> <span class='ocrx_word' id='word_1_361' title='bbox 1297 2669 1491 2725; x_wconf 81' lang='grc' dir='ltr'><strong>σῶσαι.</strong></span> <span class='ocrx_word' id='word_1_362' title='bbox 1533 2687 1552 2720; x_wconf 79' lang='grc'><strong>1</strong></span> <span class='ocrx_word' id='word_1_363' title='bbox 1602 2665 1761 2735; x_wconf 75' lang='grc' dir='ltr'><strong>Αὑτῷ</strong></span> <span class='ocrx_word' id='word_1_364' title='bbox 1792 2667 1825 2736; x_wconf 74' lang='grc' dir='ltr'><strong>ἡ</strong></span> 
     </span>
    </p>
   </div>
   <div class='ocr_carea' id='block_1_46' title="bbox 249 2762 1122 2835">
    <p class='ocr_par' dir='ltr' id='par_1_46' title="bbox 249 2762 1122 2835">
     <span class='ocr_line' id='line_1_46' title="bbox 249 2762 1122 2835; baseline 0.001 -18"><span class='ocrx_word' id='word_1_365' title='bbox 249 2762 384 2831; x_wconf 79' lang='grc' dir='ltr'><strong>δόξα</strong></span> <span class='ocrx_word' id='word_1_366' title='bbox 405 2766 493 2828; x_wconf 79' lang='grc' dir='ltr'><strong>είς</strong></span> <span class='ocrx_word' id='word_1_367' title='bbox 510 2765 637 2828; x_wconf 63' lang='grc' dir='ltr'><strong>τοὺς</strong></span> <span class='ocrx_word' id='word_1_368' title='bbox 668 2764 893 2828; x_wconf 73' lang='grc' dir='ltr'><strong>αἰῶνας.</strong></span> <span class='ocrx_word' id='word_1_369' title='bbox 931 2765 1122 2835; x_wconf 81' lang='grc' dir='ltr'><strong>Ἀμήν.</strong></span> 
     </span>
    </p>
   </div>
   <div class='ocr_carea' id='block_1_47' title="bbox 1927 1846 3504 1918">
    <p class='ocr_par' dir='ltr' id='par_1_47' title="bbox 1927 1846 3504 1918">
     <span class='ocr_line' id='line_1_47' title="bbox 1927 1846 3504 1918; baseline 0.003 -17"><span class='ocrx_word' id='word_1_370' title='bbox 1927 1854 2143 1918; x_wconf 84' lang='lat' dir='ltr'><strong>terroga</strong></span> <span class='ocrx_word' id='word_1_371' title='bbox 2169 1862 2277 1908; x_wconf 85' lang='lat' dir='ltr'><strong>me,</strong></span> <span class='ocrx_word' id='word_1_372' title='bbox 2302 1855 2360 1902; x_wconf 89' lang='lat' dir='ltr'><strong>et</strong></span> <span class='ocrx_word' id='word_1_373' title='bbox 2382 1861 2651 1917; x_wconf 89' lang='lat' dir='ltr'><strong>cognosce</strong></span> <span class='ocrx_word' id='word_1_374' title='bbox 2674 1846 2900 1902; x_wconf 84' lang='lat' dir='ltr'><strong>semitas</strong></span> <span class='ocrx_word' id='word_1_375' title='bbox 2922 1862 3092 1913; x_wconf 89' lang='lat' dir='ltr'><strong>meas,</strong></span> <span class='ocrx_word' id='word_1_376' title='bbox 3116 1848 3322 1917; x_wconf 30' lang='lat' dir='ltr'><strong>et‘vide</strong></span> <span class='ocrx_word' id='word_1_377' title='bbox 3346 1850 3392 1905; x_wconf 92' lang='lat' dir='ltr'><strong>si</strong></span> <span class='ocrx_word' id='word_1_378' title='bbox 3414 1850 3504 1912; x_wconf 81' lang='lat' dir='ltr'><strong>via</strong></span> 
     </span>
    </p>
   </div>
   <div class='ocr_carea' id='block_1_48' title="bbox 1926 1934 3501 2007">
    <p class='ocr_par' dir='ltr' id='par_1_48' title="bbox 1926 1934 3501 2007">
     <span class='ocr_line' id='line_1_48' title="bbox 1926 1934 3501 2007; baseline 0.003 -16"><span class='ocrx_word' id='word_1_379' title='bbox 1926 1936 2237 2007; x_wconf 88' lang='lat' dir='ltr'><strong>iniquitatis</strong></span> <span class='ocrx_word' id='word_1_380' title='bbox 2259 1936 2314 1990; x_wconf 92' lang='lat' dir='ltr'><strong>in</strong></span> <span class='ocrx_word' id='word_1_381' title='bbox 2339 1953 2426 2003; x_wconf 83' lang='lat' dir='ltr'><strong>me</strong></span> <span class='ocrx_word' id='word_1_382' title='bbox 2448 1944 2556 1998; x_wconf 86' lang='lat' dir='ltr'><strong>est,</strong></span> <span class='ocrx_word' id='word_1_383' title='bbox 2573 1946 2630 1993; x_wconf 91' lang='lat' dir='ltr'><strong>et</strong></span> <span class='ocrx_word' id='word_1_384' title='bbox 2667 1937 2849 1993; x_wconf 90' lang='lat' dir='ltr'><strong>deduc</strong></span> <span class='ocrx_word' id='word_1_385' title='bbox 2886 1953 2974 1993; x_wconf 90' lang='lat' dir='ltr'><strong>me</strong></span> <span class='ocrx_word' id='word_1_386' title='bbox 3009 1934 3066 1993; x_wconf 89' lang='lat' dir='ltr'><strong>in</strong></span> <span class='ocrx_word' id='word_1_387' title='bbox 3089 1939 3174 1993; x_wconf 83' lang='lat' dir='ltr'><strong>via</strong></span> <span class='ocrx_word' id='word_1_388' title='bbox 3199 1943 3501 1996; x_wconf 66' lang='lat' dir='ltr'><strong>aeterna&quot;:</strong></span> 
     </span>
    </p>
   </div>
   <div class='ocr_carea' id='block_1_49' title="bbox 1930 2026 3501 2099">
    <p class='ocr_par' dir='ltr' id='par_1_49' title="bbox 1930 2026 3501 2099">
     <span class='ocr_line' id='line_1_49' title="bbox 1930 2026 3501 2099; baseline 0.003 -20"><span class='ocrx_word' id='word_1_389' title='bbox 1930 2027 2144 2099; x_wconf 75' lang='lat'><strong>1206</strong></span> <span class='ocrx_word' id='word_1_390' title='bbox 2171 2026 2299 2097; x_wconf 88' lang='lat' dir='ltr'><strong>quia</strong></span> <span class='ocrx_word' id='word_1_391' title='bbox 2329 2042 2431 2097; x_wconf 90' lang='lat' dir='ltr'><strong>ego</strong></span> <span class='ocrx_word' id='word_1_392' title='bbox 2462 2027 2518 2081; x_wconf 88' lang='lat' dir='ltr'><strong>in</strong></span> <span class='ocrx_word' id='word_1_393' title='bbox 2550 2026 2866 2083; x_wconf 87' lang='lat' dir='ltr'><strong>innocentia</strong></span> <span class='ocrx_word' id='word_1_394' title='bbox 2895 2042 3017 2083; x_wconf 89' lang='lat' dir='ltr'><strong>mea</strong></span> <span class='ocrx_word' id='word_1_395' title='bbox 3048 2028 3330 2098; x_wconf 86' lang='lat' dir='ltr'><strong>ingressus</strong></span> <span class='ocrx_word' id='word_1_396' title='bbox 3355 2046 3501 2095; x_wconf 86' lang='lat' dir='ltr'><strong>sum,</strong></span> 
     </span>
    </p>
   </div>
   <div class='ocr_carea' id='block_1_50' title="bbox 1924 2119 3504 2195">
    <p class='ocr_par' dir='ltr' id='par_1_50' title="bbox 1924 2119 3504 2195">
     <span class='ocr_line' id='line_1_50' title="bbox 1924 2119 3504 2195; baseline 0.002 -20"><span class='ocrx_word' id='word_1_397' title='bbox 1924 2119 2134 2175; x_wconf 86' lang='lat' dir='ltr'><strong>redime</strong></span> <span class='ocrx_word' id='word_1_398' title='bbox 2158 2134 2245 2175; x_wconf 91' lang='lat' dir='ltr'><strong>me</strong></span> <span class='ocrx_word' id='word_1_399' title='bbox 2273 2128 2328 2174; x_wconf 91' lang='lat' dir='ltr'><strong>et</strong></span> <span class='ocrx_word' id='word_1_400' title='bbox 2356 2119 2619 2176; x_wconf 88' lang='lat' dir='ltr'><strong>miserere</strong></span> <span class='ocrx_word' id='word_1_401' title='bbox 2650 2121 2758 2195; x_wconf 88' lang='lat' dir='ltr'><strong>mei</strong></span> <span class='ocrx_word' id='word_1_402' title='bbox 2780 2120 2847 2174; x_wconf 75' lang='lat'><strong>°‘.</strong></span> <span class='ocrx_word' id='word_1_403' title='bbox 2881 2140 2899 2172; x_wconf 77' lang='grc'><strong>1</strong></span> <span class='ocrx_word' id='word_1_404' title='bbox 2931 2121 2998 2177; x_wconf 85' lang='grc' dir='ltr'><strong>Ει</strong></span> <span class='ocrx_word' id='word_1_405' title='bbox 3023 2121 3157 2176; x_wconf 82' lang='lat' dir='ltr'><strong>illud</strong></span> <span class='ocrx_word' id='word_1_406' title='bbox 3186 2138 3200 2175; x_wconf 89' lang='lat'><strong><em>:</em></strong></span> <span class='ocrx_word' id='word_1_407' title='bbox 3237 2140 3255 2172; x_wconf 84' lang='grc'><strong><em>‹</em></strong></span> <span class='ocrx_word' id='word_1_408' title='bbox 3286 2122 3371 2177; x_wconf 83' lang='lat' dir='ltr'><strong>Me</strong></span> <span class='ocrx_word' id='word_1_409' title='bbox 3401 2138 3504 2177; x_wconf 84' lang='lat' dir='ltr'><strong>au-</strong></span> 
     </span>
    </p>
   </div>
   <div class='ocr_carea' id='block_1_51' title="bbox 1929 2207 3502 2282">
    <p class='ocr_par' dir='ltr' id='par_1_51' title="bbox 1929 2207 3502 2282">
     <span class='ocr_line' id='line_1_51' title="bbox 1929 2207 3502 2282; baseline 0.001 -16"><span class='ocrx_word' id='word_1_410' title='bbox 1929 2207 2039 2266; x_wconf 87' lang='lat' dir='ltr'><strong>tem</strong></span> <span class='ocrx_word' id='word_1_411' title='bbox 2069 2218 2295 2281; x_wconf 83' lang='lat' dir='ltr'><strong>prepter</strong></span> <span class='ocrx_word' id='word_1_412' title='bbox 2323 2210 2695 2266; x_wconf 89' lang='lat' dir='ltr'><strong>innocentiam</strong></span> <span class='ocrx_word' id='word_1_413' title='bbox 2724 2212 3047 2282; x_wconf 83' lang='lat' dir='ltr'><strong>suscepisti,</strong></span> <span class='ocrx_word' id='word_1_414' title='bbox 3080 2222 3139 2268; x_wconf 91' lang='lat' dir='ltr'><strong>et</strong></span> <span class='ocrx_word' id='word_1_415' title='bbox 3166 2213 3502 2271; x_wconf 82' lang='lat' dir='ltr'><strong>conﬁrmasti</strong></span> 
     </span>
    </p>
   </div>
   <div class='ocr_carea' id='block_1_52' title="bbox 1930 2300 3504 2371">
    <p class='ocr_par' dir='ltr' id='par_1_52' title="bbox 1930 2300 3504 2371">
     <span class='ocr_line' id='line_1_52' title="bbox 1930 2300 3504 2371; baseline 0.003 -15"><span class='ocrx_word' id='word_1_416' title='bbox 1930 2316 2019 2356; x_wconf 90' lang='lat' dir='ltr'><strong>me</strong></span> <span class='ocrx_word' id='word_1_417' title='bbox 2054 2300 2112 2355; x_wconf 92' lang='lat' dir='ltr'><strong>in</strong></span> <span class='ocrx_word' id='word_1_418' title='bbox 2153 2313 2455 2371; x_wconf 87' lang='lat' dir='ltr'><strong>conspectu</strong></span> <span class='ocrx_word' id='word_1_419' title='bbox 2498 2310 2593 2357; x_wconf 91' lang='lat' dir='ltr'><strong>tuo</strong></span> <span class='ocrx_word' id='word_1_420' title='bbox 2635 2302 2690 2356; x_wconf 90' lang='lat' dir='ltr'><strong>in</strong></span> <span class='ocrx_word' id='word_1_421' title='bbox 2729 2313 2999 2359; x_wconf 71' lang='lat' dir='ltr'><strong>aeternum</strong></span> <span class='ocrx_word' id='word_1_422' title='bbox 3017 2305 3085 2358; x_wconf 82' lang='lat'><strong>&quot;&#39;.</strong></span> <span class='ocrx_word' id='word_1_423' title='bbox 3128 2324 3147 2357; x_wconf 78' lang='lat'><strong>|</strong></span> <span class='ocrx_word' id='word_1_424' title='bbox 3186 2305 3329 2360; x_wconf 88' lang='lat' dir='ltr'><strong>Dicit</strong></span> <span class='ocrx_word' id='word_1_425' title='bbox 3370 2307 3504 2361; x_wconf 89' lang='lat' dir='ltr'><strong>item</strong></span> 
     </span>
    </p>
   </div>
   <div class='ocr_carea' id='block_1_53' title="bbox 1923 2391 3500 2467">
    <p class='ocr_par' dir='ltr' id='par_1_53' title="bbox 1923 2391 3500 2467">
     <span class='ocr_line' id='line_1_53' title="bbox 1923 2391 3500 2467; baseline 0.003 -18"><span class='ocrx_word' id='word_1_426' title='bbox 1923 2391 2183 2459; x_wconf 86' lang='lat' dir='ltr'><strong>Salomon</strong></span> <span class='ocrx_word' id='word_1_427' title='bbox 2222 2411 2237 2448; x_wconf 93' lang='lat'><strong>:</strong></span> <span class='ocrx_word' id='word_1_428' title='bbox 2280 2412 2301 2446; x_wconf 72' lang='grc' dir='ltr'><strong>ι</strong></span> <span class='ocrx_word' id='word_1_429' title='bbox 2334 2393 2433 2449; x_wconf 79' lang='lat' dir='ltr'><strong>Vir</strong></span> <span class='ocrx_word' id='word_1_430' title='bbox 2467 2395 2818 2467; x_wconf 83' lang='lat' dir='ltr'><strong>longanimis,</strong></span> <span class='ocrx_word' id='word_1_431' title='bbox 2854 2397 3076 2466; x_wconf 77' lang='lat' dir='ltr'><strong>sapiens</strong></span> <span class='ocrx_word' id='word_1_432' title='bbox 3112 2398 3283 2453; x_wconf 68' lang='lat' dir='ltr'><strong>est&quot;.</strong></span> <span class='ocrx_word' id='word_1_433' title='bbox 3327 2400 3450 2467; x_wconf 28' lang='lat' dir='ltr'><strong>)‘El</strong></span> <span class='ocrx_word' id='word_1_434' title='bbox 3485 2417 3500 2454; x_wconf 89' lang='lat'><strong>:</strong></span> 
     </span>
    </p>
   </div>
   <div class='ocr_carea' id='block_1_54' title="bbox 1928 2482 3502 2559">
    <p class='ocr_par' dir='ltr' id='par_1_54' title="bbox 1928 2482 3502 2559">
     <span class='ocr_line' id='line_1_54' title="bbox 1928 2482 3502 2559; baseline 0.004 -22"><span class='ocrx_word' id='word_1_435' title='bbox 1928 2502 1948 2537; x_wconf 76' lang='grc' dir='ltr'><strong>ι</strong></span> <span class='ocrx_word' id='word_1_436' title='bbox 1987 2482 2172 2539; x_wconf 90' lang='lat' dir='ltr'><strong>Stulto</strong></span> <span class='ocrx_word' id='word_1_437' title='bbox 2202 2485 2564 2555; x_wconf 80' lang='lat' dir='ltr'><strong>interroganti</strong></span> <span class='ocrx_word' id='word_1_438' title='bbox 2596 2486 2952 2556; x_wconf 80' lang='lat' dir='ltr'><strong>sapientiam,</strong></span> <span class='ocrx_word' id='word_1_439' title='bbox 2987 2488 3253 2559; x_wconf 85' lang='lat' dir='ltr'><strong>sapientia</strong></span> <span class='ocrx_word' id='word_1_440' title='bbox 3286 2488 3366 2553; x_wconf 88' lang='lat' dir='ltr'><strong>illi</strong></span> <span class='ocrx_word' id='word_1_441' title='bbox 3394 2489 3502 2543; x_wconf 90' lang='lat' dir='ltr'><strong>im-</strong></span> 
     </span>
    </p>
   </div>
   <div class='ocr_carea' id='block_1_55' title="bbox 1922 2576 3501 2650">
    <p class='ocr_par' dir='ltr' id='par_1_55' title="bbox 1922 2576 3501 2650">
     <span class='ocr_line' id='line_1_55' title="bbox 1922 2576 3501 2650; baseline 0.003 -20"><span class='ocrx_word' id='word_1_442' title='bbox 1922 2576 2208 2648; x_wconf 88' lang='lat' dir='ltr'><strong>putabitur</strong></span> <span class='ocrx_word' id='word_1_443' title='bbox 2248 2595 2262 2630; x_wconf 90' lang='lat'>:</span> <span class='ocrx_word' id='word_1_444' title='bbox 2300 2583 2511 2631; x_wconf 88' lang='lat' dir='ltr'><strong>mutum</strong></span> <span class='ocrx_word' id='word_1_445' title='bbox 2552 2585 2737 2632; x_wconf 85' lang='lat' dir='ltr'><strong>autem</strong></span> <span class='ocrx_word' id='word_1_446' title='bbox 2779 2579 2826 2633; x_wconf 87' lang='lat' dir='ltr'><strong>i3</strong></span> <span class='ocrx_word' id='word_1_447' title='bbox 2866 2578 2960 2649; x_wconf 90' lang='lat' dir='ltr'><strong>qui</strong></span> <span class='ocrx_word' id='word_1_448' title='bbox 2998 2580 3247 2650; x_wconf 87' lang='lat' dir='ltr'><strong>seipsum</strong></span> <span class='ocrx_word' id='word_1_449' title='bbox 3284 2579 3501 2645; x_wconf 76' lang='lat' dir='ltr'><strong>fecerit,</strong></span> 
     </span>
    </p>
   </div>
   <div class='ocr_carea' id='block_1_56' title="bbox 1921 2665 3503 2736">
    <p class='ocr_par' dir='ltr' id='par_1_56' title="bbox 1921 2665 3503 2736">
     <span class='ocr_line' id='line_1_56' title="bbox 1921 2665 3503 2736; baseline 0.005 -17"><span class='ocrx_word' id='word_1_450' title='bbox 1921 2665 2201 2733; x_wconf 82' lang='lat' dir='ltr'><strong>videbitur</strong></span> <span class='ocrx_word' id='word_1_451' title='bbox 2226 2681 2353 2721; x_wconf 85' lang='lat' dir='ltr'><strong>esse</strong></span> <span class='ocrx_word' id='word_1_452' title='bbox 2384 2666 2627 2736; x_wconf 87' lang='lat' dir='ltr'><strong>prudens</strong></span> <span class='ocrx_word' id='word_1_453' title='bbox 2648 2669 2714 2721; x_wconf 85' lang='lat'><strong>&quot;.</strong></span> <span class='ocrx_word' id='word_1_454' title='bbox 2752 2686 2770 2718; x_wconf 76' lang='grc'><strong>1</strong></span> <span class='ocrx_word' id='word_1_455' title='bbox 2807 2668 3013 2724; x_wconf 87' lang='lat' dir='ltr'><strong>iterum</strong></span> <span class='ocrx_word' id='word_1_456' title='bbox 3049 2688 3061 2723; x_wconf 89' lang='lat'><strong>:</strong></span> <span class='ocrx_word' id='word_1_457' title='bbox 3103 2688 3122 2721; x_wconf 79' lang='grc' dir='ltr'><strong>ι</strong></span> <span class='ocrx_word' id='word_1_458' title='bbox 3158 2671 3252 2733; x_wconf 87' lang='lat' dir='ltr'><strong>Vir</strong></span> <span class='ocrx_word' id='word_1_459' title='bbox 3279 2672 3503 2727; x_wconf 88' lang='lat' dir='ltr'><strong>miseri-</strong></span> 
     </span>
    </p>
   </div>
   <div class='ocr_carea' id='block_1_57' title="bbox 1924 2758 3506 2835">
    <p class='ocr_par' dir='ltr' id='par_1_57' title="bbox 1924 2758 3506 2835">
     <span class='ocr_line' id='line_1_57' title="bbox 1924 2758 3506 2835; baseline 0.003 -22"><span class='ocrx_word' id='word_1_460' title='bbox 1924 2772 2067 2825; x_wconf 83' lang='lat' dir='ltr'><strong>cors,</strong></span> <span class='ocrx_word' id='word_1_461' title='bbox 2094 2758 2422 2828; x_wconf 77' lang='lat' dir='ltr'><strong>longanimis</strong></span> <span class='ocrx_word' id='word_1_462' title='bbox 2447 2758 2587 2813; x_wconf 79' lang='lat' dir='ltr'><strong>est&#39;.</strong></span> <span class='ocrx_word' id='word_1_463' title='bbox 2619 2777 2637 2809; x_wconf 77' lang='grc'><strong>1</strong></span> <span class='ocrx_word' id='word_1_464' title='bbox 2667 2758 2906 2815; x_wconf 70' lang='lat' dir='ltr'><strong>Iacobus</strong></span> <span class='ocrx_word' id='word_1_465' title='bbox 2933 2779 2946 2813; x_wconf 89' lang='lat'><strong>:</strong></span> <span class='ocrx_word' id='word_1_466' title='bbox 2980 2780 2998 2811; x_wconf 86' lang='grc'><strong>‹</strong></span> <span class='ocrx_word' id='word_1_467' title='bbox 3029 2762 3312 2827; x_wconf 86' lang='lat' dir='ltr'><strong>Patientcs</strong></span> <span class='ocrx_word' id='word_1_468' title='bbox 3334 2763 3506 2835; x_wconf 83' lang='lat' dir='ltr'><strong>igitur</strong></span> 
     </span>
    </p>
   </div>
   <div class='ocr_carea' id='block_1_58' title="bbox 248 2844 3507 2929">
    <p class='ocr_par' dir='ltr' id='par_1_58' title="bbox 248 2844 3507 2929">
     <span class='ocr_line' id='line_1_58' title="bbox 248 2844 3507 2929; baseline -0.001 -18"><span class='ocrx_word' id='word_1_469' title='bbox 248 2862 432 2912; x_wconf 83' lang='lat' dir='ltr'><strong>estote</strong></span> <span class='ocrx_word' id='word_1_470' title='bbox 468 2854 706 2927; x_wconf 81' lang='lat' dir='ltr'><strong>(fratres)</strong></span> <span class='ocrx_word' id='word_1_471' title='bbox 741 2869 915 2929; x_wconf 85' lang='lat' dir='ltr'><strong>usque</strong></span> <span class='ocrx_word' id='word_1_472' title='bbox 944 2851 1013 2929; x_wconf 83' lang='lat' dir='ltr'><strong>ad</strong></span> <span class='ocrx_word' id='word_1_473' title='bbox 1050 2849 1347 2906; x_wconf 86' lang='lat' dir='ltr'><strong>adventum</strong></span> <span class='ocrx_word' id='word_1_474' title='bbox 1382 2844 1598 2904; x_wconf 90' lang='lat' dir='ltr'><strong>Domini</strong></span> <span class='ocrx_word' id='word_1_475' title='bbox 1636 2862 1650 2898; x_wconf 91' lang='lat'><strong>:</strong></span> <span class='ocrx_word' id='word_1_476' title='bbox 1690 2859 1819 2901; x_wconf 91' lang='lat' dir='ltr'><strong>ecce</strong></span> <span class='ocrx_word' id='word_1_477' title='bbox 1856 2846 2095 2918; x_wconf 82' lang='lat' dir='ltr'><strong>agricola</strong></span> <span class='ocrx_word' id='word_1_478' title='bbox 2123 2855 2405 2917; x_wconf 83' lang='lat' dir='ltr'><strong>exspectat</strong></span> <span class='ocrx_word' id='word_1_479' title='bbox 2440 2847 2746 2917; x_wconf 87' lang='lat' dir='ltr'><strong>pretiosum</strong></span> <span class='ocrx_word' id='word_1_480' title='bbox 2784 2848 3025 2906; x_wconf 81' lang='lat' dir='ltr'><strong>fructum</strong></span> <span class='ocrx_word' id='word_1_481' title='bbox 3078 2859 3239 2908; x_wconf 70' lang='lat' dir='ltr'><strong>terra:</strong></span> <span class='ocrx_word' id='word_1_482' title='bbox 3289 2854 3507 2923; x_wconf 87' lang='lat' dir='ltr'><strong>patien-</strong></span> 
     </span>
    </p>
   </div>
   <div class='ocr_carea' id='block_1_59' title="bbox 253 2927 3506 3016">
    <p class='ocr_par' dir='ltr' id='par_1_59' title="bbox 253 2927 3506 3016">
     <span class='ocr_line' id='line_1_59' title="bbox 253 2927 3506 3016; baseline -0.001 -13"><span class='ocrx_word' id='word_1_483' title='bbox 253 2957 344 3003; x_wconf 82' lang='lat' dir='ltr'><strong>ter</strong></span> <span class='ocrx_word' id='word_1_484' title='bbox 369 2945 755 3004; x_wconf 69' lang='lat' dir='ltr'><strong>ferensdonec</strong></span> <span class='ocrx_word' id='word_1_485' title='bbox 790 2927 1024 3016; x_wconf 84' lang='lat' dir='ltr'><strong>accipiat</strong></span> <span class='ocrx_word' id='word_1_486' title='bbox 1060 2942 1300 3015; x_wconf 83' lang='lat' dir='ltr'><strong>pluviam</strong></span> <span class='ocrx_word' id='word_1_487' title='bbox 1334 2932 1748 3015; x_wconf 78' lang='lat' dir='ltr'><strong>temporaneam</strong></span> <span class='ocrx_word' id='word_1_488' title='bbox 1801 2945 1858 2991; x_wconf 90' lang='lat' dir='ltr'><strong>et</strong></span> <span class='ocrx_word' id='word_1_489' title='bbox 1893 2939 2192 3001; x_wconf 85' lang='lat' dir='ltr'><strong>serotinam</strong></span> <span class='ocrx_word' id='word_1_490' title='bbox 2236 2956 2248 2992; x_wconf 93' lang='lat'><strong>:</strong></span> <span class='ocrx_word' id='word_1_491' title='bbox 2291 2940 2562 3008; x_wconf 86' lang='lat' dir='ltr'><strong>patientes</strong></span> <span class='ocrx_word' id='word_1_492' title='bbox 2605 2940 2771 3010; x_wconf 81' lang='lat' dir='ltr'><strong>igitur</strong></span> <span class='ocrx_word' id='word_1_493' title='bbox 2816 2950 2996 2997; x_wconf 85' lang='lat' dir='ltr'><strong>estote</strong></span> <span class='ocrx_word' id='word_1_494' title='bbox 3036 2951 3095 2998; x_wconf 89' lang='lat' dir='ltr'><strong>et</strong></span> <span class='ocrx_word' id='word_1_495' title='bbox 3130 2960 3258 3010; x_wconf 87' lang='lat' dir='ltr'><strong>vos,</strong></span> <span class='ocrx_word' id='word_1_496' title='bbox 3312 2959 3506 3001; x_wconf 77' lang='lat' dir='ltr'><strong>exem-</strong></span> 
     </span>
    </p>
   </div>
   <div class='ocr_carea' id='block_1_60' title="bbox 250 3023 3508 3111">
    <p class='ocr_par' dir='ltr' id='par_1_60' title="bbox 250 3023 3508 3111">
     <span class='ocr_line' id='line_1_60' title="bbox 250 3023 3508 3111; baseline -0.002 -16"><span class='ocrx_word' id='word_1_497' title='bbox 250 3041 409 3111; x_wconf 82' lang='lat' dir='ltr'><strong>plum</strong></span> <span class='ocrx_word' id='word_1_498' title='bbox 437 3038 668 3108; x_wconf 83' lang='lat' dir='ltr'><strong>accipite</strong></span> <span class='ocrx_word' id='word_1_499' title='bbox 695 3036 902 3092; x_wconf 87' lang='lat' dir='ltr'><strong>laboris</strong></span> <span class='ocrx_word' id='word_1_500' title='bbox 924 3043 981 3091; x_wconf 90' lang='lat' dir='ltr'><strong>et</strong></span> <span class='ocrx_word' id='word_1_501' title='bbox 1004 3032 1302 3105; x_wconf 70' lang='lat' dir='ltr'><strong>patientia,</strong></span> <span class='ocrx_word' id='word_1_502' title='bbox 1325 3030 1622 3102; x_wconf 86' lang='lat' dir='ltr'><strong>prophetas</strong></span> <span class='ocrx_word' id='word_1_503' title='bbox 1638 3023 1733 3080; x_wconf 80' lang='grc'><strong>².’›</strong></span> <span class='ocrx_word' id='word_1_504' title='bbox 1774 3028 1835 3083; x_wconf 82' lang='grc'><strong>111</strong></span> <span class='ocrx_word' id='word_1_505' title='bbox 1873 3027 2168 3099; x_wconf 78' lang='lat' dir='ltr'><strong>Evangelia</strong></span> <span class='ocrx_word' id='word_1_506' title='bbox 2191 3044 2411 3101; x_wconf 90' lang='lat' dir='ltr'><strong>quoque</strong></span> <span class='ocrx_word' id='word_1_507' title='bbox 2434 3029 2702 3098; x_wconf 87' lang='lat' dir='ltr'><strong>scriptum</strong></span> <span class='ocrx_word' id='word_1_508' title='bbox 2729 3040 2816 3086; x_wconf 89' lang='lat' dir='ltr'><strong>est</strong></span> <span class='ocrx_word' id='word_1_509' title='bbox 2841 3047 2855 3085; x_wconf 86' lang='lat'><strong>:</strong></span> <span class='ocrx_word' id='word_1_510' title='bbox 2883 3049 2901 3081; x_wconf 78' lang='grc' dir='ltr'><strong>ι</strong></span> <span class='ocrx_word' id='word_1_511' title='bbox 2933 3032 3195 3109; x_wconf 82' lang='lat' dir='ltr'><strong>Videntes</strong></span> <span class='ocrx_word' id='word_1_512' title='bbox 3214 3042 3397 3089; x_wconf 79' lang='lat' dir='ltr'><strong>autem</strong></span> <span class='ocrx_word' id='word_1_513' title='bbox 3422 3035 3508 3090; x_wconf 81' lang='lat' dir='ltr'><strong>di-</strong></span> 
     </span>
    </p>
   </div>
   <div class='ocr_carea' id='block_1_61' title="bbox 249 3119 3506 3200">
    <p class='ocr_par' dir='ltr' id='par_1_61' title="bbox 249 3119 3506 3200">
     <span class='ocr_line' id='line_1_61' title="bbox 249 3119 3506 3200; baseline -0.001 -13"><span class='ocrx_word' id='word_1_514' title='bbox 249 3131 449 3200; x_wconf 80' lang='lat' dir='ltr'><strong>scipuli</strong></span> <span class='ocrx_word' id='word_1_515' title='bbox 475 3125 712 3193; x_wconf 79' lang='lat' dir='ltr'><strong>Jacobus</strong></span> <span class='ocrx_word' id='word_1_516' title='bbox 738 3137 794 3183; x_wconf 90' lang='lat' dir='ltr'><strong>et</strong></span> <span class='ocrx_word' id='word_1_517' title='bbox 820 3124 1090 3191; x_wconf 70' lang='lat' dir='ltr'><strong>Jo’annes,</strong></span> <span class='ocrx_word' id='word_1_518' title='bbox 1120 3123 1252 3194; x_wconf 89' lang='lat' dir='ltr'><strong>quia</strong></span> <span class='ocrx_word' id='word_1_519' title='bbox 1280 3121 1589 3178; x_wconf 87' lang='lat' dir='ltr'><strong>noluissent</strong></span> <span class='ocrx_word' id='word_1_520' title='bbox 1617 3136 1715 3177; x_wconf 91' lang='lat' dir='ltr'><strong>eos</strong></span> <span class='ocrx_word' id='word_1_521' title='bbox 1744 3120 1988 3189; x_wconf 85' lang='lat' dir='ltr'><strong>recipere</strong></span> <span class='ocrx_word' id='word_1_522' title='bbox 2034 3119 2399 3185; x_wconf 89' lang='lat' dir='ltr'><strong>Samaritani,</strong></span> <span class='ocrx_word' id='word_1_523' title='bbox 2435 3121 2697 3176; x_wconf 84' lang='lat' dir='ltr'><strong>dixerunt</strong></span> <span class='ocrx_word' id='word_1_524' title='bbox 2726 3138 2742 3175; x_wconf 87' lang='lat'><strong>:</strong></span> <span class='ocrx_word' id='word_1_525' title='bbox 2778 3139 2796 3173; x_wconf 74' lang='grc' dir='ltr'><strong>ι</strong></span> <span class='ocrx_word' id='word_1_526' title='bbox 2829 3122 3092 3188; x_wconf 88' lang='lat' dir='ltr'><strong>Domine,</strong></span> <span class='ocrx_word' id='word_1_527' title='bbox 3132 3124 3220 3181; x_wconf 90' lang='lat' dir='ltr'><strong>vis</strong></span> <span class='ocrx_word' id='word_1_528' title='bbox 3256 3125 3506 3189; x_wconf 80' lang='lat' dir='ltr'><strong>dicamus</strong></span> 
     </span>
    </p>
   </div>
   <div class='ocr_carea' id='block_1_62' title="bbox 249 3208 3508 3291">
    <p class='ocr_par' dir='ltr' id='par_1_62' title="bbox 249 3208 3508 3291">
     <span class='ocr_line' id='line_1_62' title="bbox 249 3208 3508 3291; baseline 0 -16"><span class='ocrx_word' id='word_1_529' title='bbox 249 3227 320 3275; x_wconf 83' lang='lat' dir='ltr'><strong>ut</strong></span> <span class='ocrx_word' id='word_1_530' title='bbox 344 3216 486 3291; x_wconf 68' lang='lat' dir='ltr'><strong>ignis</strong></span> <span class='ocrx_word' id='word_1_531' title='bbox 510 3216 807 3272; x_wconf 89' lang='lat' dir='ltr'><strong>descendat</strong></span> <span class='ocrx_word' id='word_1_532' title='bbox 830 3215 900 3270; x_wconf 90' lang='lat' dir='ltr'><strong>de</strong></span> <span class='ocrx_word' id='word_1_533' title='bbox 927 3215 1088 3280; x_wconf 69' lang='lat' dir='ltr'><strong>eicio,</strong></span> <span class='ocrx_word' id='word_1_534' title='bbox 1114 3219 1172 3269; x_wconf 90' lang='lat' dir='ltr'><strong>et</strong></span> <span class='ocrx_word' id='word_1_535' title='bbox 1194 3219 1485 3267; x_wconf 84' lang='lat' dir='ltr'><strong>consumat</strong></span> <span class='ocrx_word' id='word_1_536' title='bbox 1525 3224 1623 3266; x_wconf 89' lang='lat' dir='ltr'><strong>eos</strong></span> <span class='ocrx_word' id='word_1_537' title='bbox 1650 3208 2115 3280; x_wconf 89' lang='lat' dir='ltr'><strong>quemadmodum</strong></span> <span class='ocrx_word' id='word_1_538' title='bbox 2179 3209 2327 3267; x_wconf 80' lang='lat' dir='ltr'><strong>Elias</strong></span> <span class='ocrx_word' id='word_1_539' title='bbox 2367 3210 2498 3265; x_wconf 80' lang='lat' dir='ltr'><strong>fecit</strong></span> <span class='ocrx_word' id='word_1_540' title='bbox 2540 3212 2597 3265; x_wconf 81' lang='lat'><strong>&#39;?</strong></span> <span class='ocrx_word' id='word_1_541' title='bbox 2631 3209 2942 3268; x_wconf 88' lang='lat' dir='ltr'><strong>Conversus</strong></span> <span class='ocrx_word' id='word_1_542' title='bbox 2987 3222 3171 3269; x_wconf 87' lang='lat' dir='ltr'><strong>autem</strong></span> <span class='ocrx_word' id='word_1_543' title='bbox 3199 3215 3362 3275; x_wconf 84' lang='lat' dir='ltr'><strong>Jesus</strong></span> <span class='ocrx_word' id='word_1_544' title='bbox 3424 3223 3508 3276; x_wconf 79' lang='lat' dir='ltr'><strong>in-</strong></span> 
     </span>
    </p>
   </div>
   <div class='ocr_carea' id='block_1_63' title="bbox 248 3296 3506 3380">
    <p class='ocr_par' dir='ltr' id='par_1_63' title="bbox 248 3296 3506 3380">
     <span class='ocr_line' id='line_1_63' title="bbox 248 3296 3506 3380; baseline -0.003 -16"><span class='ocrx_word' id='word_1_545' title='bbox 248 3309 500 3380; x_wconf 88' lang='lat' dir='ltr'><strong>crepavit</strong></span> <span class='ocrx_word' id='word_1_546' title='bbox 524 3296 667 3373; x_wconf 88' lang='lat' dir='ltr'><strong>eos,</strong></span> <span class='ocrx_word' id='word_1_547' title='bbox 701 3316 759 3363; x_wconf 90' lang='lat' dir='ltr'><strong>et</strong></span> <span class='ocrx_word' id='word_1_548' title='bbox 800 3306 938 3362; x_wconf 83' lang='lat' dir='ltr'><strong>dixit</strong></span> <span class='ocrx_word' id='word_1_549' title='bbox 976 3324 989 3360; x_wconf 90' lang='lat'>:</span> <span class='ocrx_word' id='word_1_550' title='bbox 1033 3323 1053 3356; x_wconf 79' lang='grc' dir='ltr'><strong>ι</strong></span> <span class='ocrx_word' id='word_1_551' title='bbox 1098 3303 1362 3364; x_wconf 82' lang='lat' dir='ltr'><strong>Nescitis.</strong></span> <span class='ocrx_word' id='word_1_552' title='bbox 1398 3303 1558 3373; x_wconf 80' lang='lat' dir='ltr'><strong>cuius</strong></span> <span class='ocrx_word' id='word_1_553' title='bbox 1596 3302 1826 3372; x_wconf 89' lang='lat' dir='ltr'><strong>spiritus</strong></span> <span class='ocrx_word' id='word_1_554' title='bbox 1864 3300 2232 3361; x_wconf 83' lang='lat' dir='ltr'><strong>estis:Filius</strong></span> <span class='ocrx_word' id='word_1_555' title='bbox 2289 3302 2532 3360; x_wconf 87' lang='lat' dir='ltr'><strong>hominis</strong></span> <span class='ocrx_word' id='word_1_556' title='bbox 2562 3319 2673 3359; x_wconf 90' lang='lat' dir='ltr'><strong>non</strong></span> <span class='ocrx_word' id='word_1_557' title='bbox 2698 3304 2849 3380; x_wconf 80' lang='lat' dir='ltr'><strong>venit</strong></span> <span class='ocrx_word' id='word_1_558' title='bbox 2876 3305 3104 3375; x_wconf 82' lang='lat' dir='ltr'><strong>perdere</strong></span> <span class='ocrx_word' id='word_1_559' title='bbox 3134 3306 3348 3375; x_wconf 65' lang='lat' dir='ltr'><strong>animas</strong></span> <span class='ocrx_word' id='word_1_560' title='bbox 3401 3312 3506 3367; x_wconf 74' lang='lat' dir='ltr'><strong>ho-</strong></span> 
     </span>
    </p>
   </div>
   <div class='ocr_carea' id='block_1_64' title="bbox 249 3378 2707 3468">
    <p class='ocr_par' dir='ltr' id='par_1_64' title="bbox 249 3378 2707 3468">
     <span class='ocr_line' id='line_1_64' title="bbox 249 3378 2707 3468; baseline -0.003 -11"><span class='ocrx_word' id='word_1_561' title='bbox 249 3378 492 3468; x_wconf 75' lang='lat' dir='ltr'><strong>minium,</strong></span> <span class='ocrx_word' id='word_1_562' title='bbox 519 3401 613 3456; x_wconf 83' lang='lat' dir='ltr'><strong>sed</strong></span> <span class='ocrx_word' id='word_1_563' title='bbox 643 3400 823 3456; x_wconf 88' lang='lat' dir='ltr'><strong>salvas</strong></span> <span class='ocrx_word' id='word_1_564' title='bbox 850 3413 946 3455; x_wconf 88' lang='lat' dir='ltr'><strong>eas</strong></span> <span class='ocrx_word' id='word_1_565' title='bbox 975 3398 1158 3454; x_wconf 78' lang='lat' dir='ltr'><strong>facere</strong></span> <span class='ocrx_word' id='word_1_566' title='bbox 1176 3398 1219 3449; x_wconf 71' lang='grc'><strong>⁸.</strong></span> <span class='ocrx_word' id='word_1_567' title='bbox 1254 3415 1273 3448; x_wconf 75' lang='lat' dir='ltr'><strong>i</strong></span> <span class='ocrx_word' id='word_1_568' title='bbox 1304 3394 1413 3464; x_wconf 92' lang='lat' dir='ltr'><strong>ipsi</strong></span> <span class='ocrx_word' id='word_1_569' title='bbox 1441 3395 1615 3465; x_wconf 88' lang='lat' dir='ltr'><strong>gloria</strong></span> <span class='ocrx_word' id='word_1_570' title='bbox 1644 3395 1701 3449; x_wconf 93' lang='lat' dir='ltr'><strong>in</strong></span> <span class='ocrx_word' id='word_1_571' title='bbox 1730 3393 1930 3451; x_wconf 71' lang='lat' dir='ltr'><strong>saecula</strong></span> <span class='ocrx_word' id='word_1_572' title='bbox 1963 3392 2312 3461; x_wconf 65' lang='lat' dir='ltr'><strong>saeculorum.</strong></span> <span class='ocrx_word' id='word_1_573' title='bbox 2346 3394 2546 3451; x_wconf 87' lang='lat' dir='ltr'><strong>Amen.</strong></span> <span class='ocrx_word' id='word_1_574' title='bbox 2696 3378 2707 3387; x_wconf 68' lang='grc'><em>’</em></span> 
     </span>
    </p>
   </div>
   <div class='ocr_carea' id='block_1_65' title="bbox 837 3512 1273 3570">
    <p class='ocr_par' dir='ltr' id='par_1_65' title="bbox 837 3512 1273 3570">
     <span class='ocr_line' id='line_1_65' title="bbox 837 3512 1273 3570; baseline -0.005 0"><span class='ocrx_word' id='word_1_575' title='bbox 837 3512 1063 3570; x_wconf 82' lang='grc' dir='ltr'><strong>ΛΟΓΟΣ</strong></span> <span class='ocrx_word' id='word_1_576' title='bbox 1095 3515 1243 3567; x_wconf 76' lang='lat' dir='ltr'><strong>PIA&#39;.</strong></span> <span class='ocrx_word' id='word_1_577' title='bbox 1266 3561 1273 3568; x_wconf 94' lang='lat'><strong><em>.</em></strong></span> 
     </span>
    </p>
   </div>
   <div class='ocr_carea' id='block_1_66' title="bbox 772 3606 1357 3675">
    <p class='ocr_par' dir='ltr' id='par_1_66' title="bbox 772 3606 1357 3675">
     <span class='ocr_line' id='line_1_66' title="bbox 772 3606 1357 3675; baseline -0.002 -15"><span class='ocrx_word' id='word_1_578' title='bbox 772 3606 911 3674; x_wconf 81' lang='grc' dir='ltr'><strong>Περὶ</strong></span> <span class='ocrx_word' id='word_1_579' title='bbox 944 3607 1316 3675; x_wconf 73' lang='grc' dir='ltr'><strong>ἡγουμένων.</strong></span> <span class='ocrx_word' id='word_1_580' title='bbox 1354 3612 1357 3615; x_wconf 86' lang='grc'><em>’</em></span> 
     </span>
    </p>
   </div>
   <div class='ocr_carea' id='block_1_67' title="bbox 322 3716 1825 3797">
    <p class='ocr_par' dir='ltr' id='par_1_67' title="bbox 322 3716 1825 3797">
     <span class='ocr_line' id='line_1_67' title="bbox 322 3716 1825 3797; baseline -0.006 -19"><span class='ocrx_word' id='word_1_581' title='bbox 322 3726 492 3797; x_wconf 68' lang='grc' dir='ltr'><strong>Φησὶ-δ</strong></span> <span class='ocrx_word' id='word_1_582' title='bbox 518 3727 552 3795; x_wconf 77' lang='grc' dir='ltr'><strong>ἡ</strong></span> <span class='ocrx_word' id='word_1_583' title='bbox 579 3722 700 3777; x_wconf 82' lang='grc' dir='ltr'><strong>θεία</strong></span> <span class='ocrx_word' id='word_1_584' title='bbox 727 3721 940 3794; x_wconf 79' lang='grc' dir='ltr'><strong>Γραφὴ,</strong></span> <span class='ocrx_word' id='word_1_585' title='bbox 966 3721 1041 3784; x_wconf 86' lang='grc' dir='ltr'>ὡς</span> <span class='ocrx_word' id='word_1_586' title='bbox 1071 3739 1091 3773; x_wconf 78' lang='grc' dir='ltr'><strong>ι</strong></span> <span class='ocrx_word' id='word_1_587' title='bbox 1116 3720 1399 3790; x_wconf 83' lang='grc' dir='ltr'><strong>Ἠρξατοὸ</strong></span> <span class='ocrx_word' id='word_1_588' title='bbox 1422 3716 1630 3787; x_wconf 82' lang='grc' dir='ltr'><strong>Ἰησοῦς</strong></span> <span class='ocrx_word' id='word_1_589' title='bbox 1648 3717 1825 3769; x_wconf 87' lang='grc' dir='ltr'><strong>ποιεῖν</strong></span> 
     </span>
    </p>
   </div>
   <div class='ocr_carea' id='block_1_68' title="bbox 250 3806 1827 3884">
    <p class='ocr_par' dir='ltr' id='par_1_68' title="bbox 250 3806 1827 3884">
     <span class='ocr_line' id='line_1_68' title="bbox 250 3806 1827 3884; baseline -0.009 -11"><span class='ocrx_word' id='word_1_590' title='bbox 250 3835 315 3873; x_wconf 75' lang='grc' dir='ltr'><strong>τε</strong></span> <span class='ocrx_word' id='word_1_591' title='bbox 344 3820 436 3872; x_wconf 55' lang='grc' dir='ltr'><strong>καὶ⁵</strong></span> <span class='ocrx_word' id='word_1_592' title='bbox 465 3817 756 3871; x_wconf 82' lang='grc' dir='ltr'><strong>διδάσκειν.</strong></span> <span class='ocrx_word' id='word_1_593' title='bbox 792 3834 811 3866; x_wconf 79' lang='grc'><strong>1</strong></span> <span class='ocrx_word' id='word_1_594' title='bbox 853 3814 1081 3884; x_wconf 76' lang='grc' dir='ltr'><strong>Πρῶτον</strong></span> <span class='ocrx_word' id='word_1_595' title='bbox 1107 3808 1333 3882; x_wconf 74' lang='grc' dir='ltr'><strong>ἐποίησε</strong></span> <span class='ocrx_word' id='word_1_596' title='bbox 1371 3810 1468 3864; x_wconf 72' lang='grc' dir='ltr'><strong>καὶ</strong></span> <span class='ocrx_word' id='word_1_597' title='bbox 1515 3808 1690 3871; x_wconf 76' lang='grc' dir='ltr'><strong>οὕτως</strong></span> <span class='ocrx_word' id='word_1_598' title='bbox 1720 3806 1827 3860; x_wconf 70' lang='grc' dir='ltr'><strong>ὲδίο</strong></span> 
     </span>
    </p>
   </div>
   <div class='ocr_carea' id='block_1_69' title="bbox 246 3898 1826 3977">
    <p class='ocr_par' dir='ltr' id='par_1_69' title="bbox 246 3898 1826 3977">
     <span class='ocr_line' id='line_1_69' title="bbox 246 3898 1826 3977; baseline -0.008 -13"><span class='ocrx_word' id='word_1_599' title='bbox 246 3907 433 3974; x_wconf 78' lang='grc' dir='ltr'><strong>δαξεν.</strong></span> <span class='ocrx_word' id='word_1_600' title='bbox 473 3908 705 3977; x_wconf 84' lang='grc' dir='ltr'>Ὁμοίως</span> <span class='ocrx_word' id='word_1_601' title='bbox 743 3907 836 3960; x_wconf 75' lang='grc' dir='ltr'><strong>καὶ</strong></span> <span class='ocrx_word' id='word_1_602' title='bbox 868 3904 1059 3975; x_wconf 36' lang='grc' dir='ltr'><strong>αὐτὸς,</strong></span> <span class='ocrx_word' id='word_1_603' title='bbox 1086 3902 1391 3957; x_wconf 71' lang='grc' dir='ltr'><strong>ἐντέλλεται</strong></span> <span class='ocrx_word' id='word_1_604' title='bbox 1424 3901 1633 3969; x_wconf 85' lang='grc' dir='ltr'><strong>λέγων·</strong></span> <span class='ocrx_word' id='word_1_605' title='bbox 1671 3917 1691 3950; x_wconf 82' lang='grc' dir='ltr'><strong>ι</strong></span> <span class='ocrx_word' id='word_1_606' title='bbox 1713 3898 1826 3961; x_wconf 56' lang='grc' dir='ltr'><strong>’⁸ος</strong></span> 
     </span>
    </p>
   </div>
   <div class='ocr_carea' id='block_1_70' title="bbox 249 3989 1823 4072">
    <p class='ocr_par' dir='ltr' id='par_1_70' title="bbox 249 3989 1823 4072">
     <span class='ocr_line' id='line_1_70' title="bbox 249 3989 1823 4072; baseline -0.009 -16"><span class='ocrx_word' id='word_1_607' title='bbox 249 4003 473 4072; x_wconf 80' lang='grc' dir='ltr'><strong>ποιήσει</strong></span> <span class='ocrx_word' id='word_1_608' title='bbox 517 4001 610 4054; x_wconf 75' lang='grc' dir='ltr'><strong>καὶ</strong></span> <span class='ocrx_word' id='word_1_609' title='bbox 639 3999 861 4065; x_wconf 80' lang='grc' dir='ltr'><strong>διδάξει.</strong></span> <span class='ocrx_word' id='word_1_610' title='bbox 897 3989 1054 4059; x_wconf 71' lang='grc' dir='ltr'><strong>οὗτος</strong></span> <span class='ocrx_word' id='word_1_611' title='bbox 1091 3996 1264 4066; x_wconf 75' lang='grc' dir='ltr'>μέγας</span> <span class='ocrx_word' id='word_1_612' title='bbox 1312 3993 1643 4064; x_wconf 80' lang='grc' dir='ltr'><strong>κληθήσεται</strong></span> <span class='ocrx_word' id='word_1_613' title='bbox 1667 3992 1724 4044; x_wconf 75' lang='grc' dir='ltr'><strong>ὲν</strong></span> <span class='ocrx_word' id='word_1_614' title='bbox 1755 3993 1823 4060; x_wconf 78' lang='grc' dir='ltr'><strong>τῇ</strong></span> 
     </span>
    </p>
   </div>
   <div class='ocr_carea' id='block_1_71' title="bbox 251 4081 1825 4165">
    <p class='ocr_par' dir='ltr' id='par_1_71' title="bbox 251 4081 1825 4165">
     <span class='ocr_line' id='line_1_71' title="bbox 251 4081 1825 4165; baseline -0.007 -19"><span class='ocrx_word' id='word_1_615' title='bbox 251 4092 504 4165; x_wconf 75' lang='grc' dir='ltr'><strong>βασιλείᾳ</strong></span> <span class='ocrx_word' id='word_1_616' title='bbox 530 4091 638 4144; x_wconf 80' lang='grc' dir='ltr'><strong>τῶν</strong></span> <span class='ocrx_word' id='word_1_617' title='bbox 664 4089 930 4158; x_wconf 83' lang='grc' dir='ltr'><strong>οὐρανῶν.</strong></span> <span class='ocrx_word' id='word_1_618' title='bbox 950 4084 988 4139; x_wconf 48' lang='grc'><strong>”“1</strong></span> <span class='ocrx_word' id='word_1_619' title='bbox 1032 4087 1093 4141; x_wconf 84' lang='grc'><strong>’0</strong></span> <span class='ocrx_word' id='word_1_620' title='bbox 1119 4085 1579 4156; x_wconf 70' lang='grc' dir='ltr'><strong>ἑμπιστευόμενος</strong></span> <span class='ocrx_word' id='word_1_621' title='bbox 1602 4084 1702 4138; x_wconf 74' lang='grc' dir='ltr'><strong>ὑπὸ</strong></span> <span class='ocrx_word' id='word_1_622' title='bbox 1729 4081 1825 4136; x_wconf 82' lang='grc' dir='ltr'><strong>τοῦ</strong></span> 
     </span>
    </p>
   </div>
   <div class='ocr_carea' id='block_1_72' title="bbox 248 4172 1825 4255">
    <p class='ocr_par' dir='ltr' id='par_1_72' title="bbox 248 4172 1825 4255">
     <span class='ocr_line' id='line_1_72' title="bbox 248 4172 1825 4255; baseline -0.007 -17"><span class='ocrx_word' id='word_1_623' title='bbox 248 4182 391 4238; x_wconf 80' lang='grc' dir='ltr'><strong>Θεοῦ</strong></span> <span class='ocrx_word' id='word_1_624' title='bbox 412 4183 613 4255; x_wconf 73' lang='grc' dir='ltr'>ψυχὰς,</span> <span class='ocrx_word' id='word_1_625' title='bbox 653 4181 847 4234; x_wconf 81' lang='grc' dir='ltr'><strong>πολλοῦ</strong></span> <span class='ocrx_word' id='word_1_626' title='bbox 870 4179 1082 4248; x_wconf 82' lang='grc' dir='ltr'><strong>ἀγῶνος</strong></span> <span class='ocrx_word' id='word_1_627' title='bbox 1115 4172 1283 4232; x_wconf 79' lang='grc' dir='ltr'><strong>δεῖται</strong></span> <span class='ocrx_word' id='word_1_628' title='bbox 1338 4178 1478 4247; x_wconf 79' lang='grc' dir='ltr'><strong>ὑπὲρ</strong></span> <span class='ocrx_word' id='word_1_629' title='bbox 1524 4177 1634 4229; x_wconf 82' lang='grc' dir='ltr'><strong>τῶν</strong></span> <span class='ocrx_word' id='word_1_630' title='bbox 1662 4172 1825 4246; x_wconf 56' lang='grc' dir='ltr'><strong>άρχοὲ</strong></span> 
     </span>
    </p>
   </div>
   <div class='ocr_carea' id='block_1_73' title="bbox 206 4262 1825 4347">
    <p class='ocr_par' dir='ltr' id='par_1_73' title="bbox 206 4262 1825 4347">
     <span class='ocr_line' id='line_1_73' title="bbox 206 4262 1825 4347; baseline -0.007 -19"><span class='ocrx_word' id='word_1_631' title='bbox 206 4288 221 4293; x_wconf 68' lang='lat'><strong><em>&#39;</em></strong></span> <span class='ocrx_word' id='word_1_632' title='bbox 253 4277 458 4347; x_wconf 76' lang='grc' dir='ltr'><strong>μένων,</strong></span> <span class='ocrx_word' id='word_1_633' title='bbox 484 4274 560 4337; x_wconf 84' lang='grc' dir='ltr'><strong>ὡς</strong></span> <span class='ocrx_word' id='word_1_634' title='bbox 586 4262 741 4336; x_wconf 83' lang='grc' dir='ltr'><strong>εἰδὼς</strong></span> <span class='ocrx_word' id='word_1_635' title='bbox 761 4272 844 4326; x_wconf 81' lang='grc' dir='ltr'><strong>ὅτι</strong></span> <span class='ocrx_word' id='word_1_636' title='bbox 867 4271 961 4324; x_wconf 77' lang='grc' dir='ltr'><strong>τὸν</strong></span> <span class='ocrx_word' id='word_1_637' title='bbox 977 4271 1120 4342; x_wconf 79' lang='grc' dir='ltr'><strong>ὑπὲρ</strong></span> <span class='ocrx_word' id='word_1_638' title='bbox 1143 4268 1329 4323; x_wconf 80' lang='grc' dir='ltr'><strong>αὐτῶν</strong></span> <span class='ocrx_word' id='word_1_639' title='bbox 1361 4267 1551 4336; x_wconf 78' lang='grc' dir='ltr'><strong>ὑφέξει</strong></span> <span class='ocrx_word' id='word_1_640' title='bbox 1578 4266 1825 4320; x_wconf 85' lang='grc' dir='ltr'><strong>κίνδυνον</strong></span> 
     </span>
    </p>
   </div>
   <div class='ocr_carea' id='block_1_74' title="bbox 249 4357 1826 4432">
    <p class='ocr_par' dir='ltr' id='par_1_74' title="bbox 249 4357 1826 4432">
     <span class='ocr_line' id='line_1_74' title="bbox 249 4357 1826 4432; baseline -0.006 -13"><span class='ocrx_word' id='word_1_641' title='bbox 249 4368 351 4421; x_wconf 77' lang='grc' dir='ltr'><strong>καὶ</strong></span> <span class='ocrx_word' id='word_1_642' title='bbox 371 4365 688 4432; x_wconf 82' lang='grc' dir='ltr'><strong>ἀπολογίαν,</strong></span> <span class='ocrx_word' id='word_1_643' title='bbox 716 4362 1068 4416; x_wconf 67' lang='grc' dir='ltr'><strong>οὺκῈλαττον</strong></span> <span class='ocrx_word' id='word_1_644' title='bbox 1110 4360 1218 4415; x_wconf 86' lang='grc' dir='ltr'><strong>τῶν</strong></span> <span class='ocrx_word' id='word_1_645' title='bbox 1246 4359 1378 4430; x_wconf 74' lang='grc' dir='ltr'><strong>περὶ</strong></span> <span class='ocrx_word' id='word_1_646' title='bbox 1403 4357 1600 4412; x_wconf 81' lang='grc' dir='ltr'><strong>ἑαυτοῦ</strong></span> <span class='ocrx_word' id='word_1_647' title='bbox 1618 4376 1632 4390; x_wconf 85' lang='grc'>·</span> <span class='ocrx_word' id='word_1_648' title='bbox 1660 4357 1689 4411; x_wconf 80' lang='grc' dir='ltr'>ὃ</span> <span class='ocrx_word' id='word_1_649' title='bbox 1716 4357 1826 4429; x_wconf 80' lang='grc' dir='ltr'><strong>γὰρ</strong></span> 
     </span>
    </p>
   </div>
   <div class='ocr_carea' id='block_1_75' title="bbox 188 4447 1822 4533">
    <p class='ocr_par' dir='ltr' id='par_1_75' title="bbox 188 4447 1822 4533">
     <span class='ocr_line' id='line_1_75' title="bbox 188 4447 1822 4533; baseline -0.006 -23"><span class='ocrx_word' id='word_1_650' title='bbox 188 4488 205 4533; x_wconf 63' lang='grc' dir='ltr'><em>τ</em></span> <span class='ocrx_word' id='word_1_651' title='bbox 251 4457 559 4525; x_wconf 78' lang='grc' dir='ltr'><strong>παρέθεντο</strong></span> <span class='ocrx_word' id='word_1_652' title='bbox 573 4455 732 4518; x_wconf 74' lang='grc' dir='ltr'><strong>πολὺ,</strong></span> <span class='ocrx_word' id='word_1_653' title='bbox 763 4448 1154 4525; x_wconf 83' lang='grc' dir='ltr'><strong>περισσότερον</strong></span> <span class='ocrx_word' id='word_1_654' title='bbox 1183 4451 1584 4519; x_wconf 79' lang='grc' dir='ltr'><strong>ἀπαιτήσουσιν</strong></span> <span class='ocrx_word' id='word_1_655' title='bbox 1633 4447 1822 4501; x_wconf 76' lang='grc' dir='ltr'><strong>αὐτοῦ.</strong></span> 
     </span>
    </p>
   </div>
   <div class='ocr_carea' id='block_1_76' title="bbox 190 4536 1822 4618">
    <p class='ocr_par' dir='ltr' id='par_1_76' title="bbox 190 4536 1822 4618">
     <span class='ocr_line' id='line_1_76' title="bbox 190 4536 1822 4618; baseline -0.009 -12"><span class='ocrx_word' id='word_1_656' title='bbox 190 4542 200 4563; x_wconf 60' lang='grc'><em>²</em></span> <span class='ocrx_word' id='word_1_657' title='bbox 262 4548 502 4617; x_wconf 76' lang='grc' dir='ltr'><strong>Ὀφείλει</strong></span> <span class='ocrx_word' id='word_1_658' title='bbox 531 4545 626 4601; x_wconf 84' lang='grc' dir='ltr'><strong>οὖν</strong></span> <span class='ocrx_word' id='word_1_659' title='bbox 653 4548 682 4599; x_wconf 87' lang='grc' dir='ltr'><strong>ὁ</strong></span> <span class='ocrx_word' id='word_1_660' title='bbox 712 4546 916 4618; x_wconf 81' lang='grc' dir='ltr'><strong>ποιμὴν</strong></span> <span class='ocrx_word' id='word_1_661' title='bbox 932 4546 1054 4608; x_wconf 76' lang='grc' dir='ltr'><strong>ὅλος</strong></span> <span class='ocrx_word' id='word_1_662' title='bbox 1078 4542 1206 4607; x_wconf 80' lang='grc' dir='ltr'><strong>νοῦς</strong></span> <span class='ocrx_word' id='word_1_663' title='bbox 1240 4544 1336 4597; x_wconf 63' lang='grc' dir='ltr'><strong>κα)⁸</strong></span> <span class='ocrx_word' id='word_1_664' title='bbox 1358 4540 1638 4611; x_wconf 73' lang='grc' dir='ltr'><strong>ὀφθαλμὸς</strong></span> <span class='ocrx_word' id='word_1_665' title='bbox 1662 4536 1822 4603; x_wconf 81' lang='grc' dir='ltr'><strong>εἶναι,</strong></span> 
     </span>
    </p>
   </div>
   <div class='ocr_carea' id='block_1_77' title="bbox 249 4629 1825 4709">
    <p class='ocr_par' dir='ltr' id='par_1_77' title="bbox 249 4629 1825 4709">
     <span class='ocr_line' id='line_1_77' title="bbox 249 4629 1825 4709; baseline -0.01 -14"><span class='ocrx_word' id='word_1_666' title='bbox 249 4642 348 4695; x_wconf 76' lang='grc' dir='ltr'><strong>ἶνα</strong></span> <span class='ocrx_word' id='word_1_667' title='bbox 399 4640 473 4709; x_wconf 82' lang='grc' dir='ltr'>μὴ</span> <span class='ocrx_word' id='word_1_668' title='bbox 527 4638 588 4691; x_wconf 75' lang='grc' dir='ltr'><strong>ἓν</strong></span> <span class='ocrx_word' id='word_1_669' title='bbox 641 4639 750 4692; x_wconf 83' lang='grc' dir='ltr'><strong>τῶν</strong></span> <span class='ocrx_word' id='word_1_670' title='bbox 778 4635 1251 4707; x_wconf 80' lang='grc' dir='ltr'><strong>ὲμπιστευθὲντων</strong></span> <span class='ocrx_word' id='word_1_671' title='bbox 1297 4629 1825 4703; x_wconf 80' lang='grc' dir='ltr'><strong>αὐτῷ-θρεμμάτων</strong></span> 
     </span>
    </p>
   </div>
   <div class='ocr_carea' id='block_1_78' title="bbox 245 4724 1817 4801">
    <p class='ocr_par' dir='ltr' id='par_1_78' title="bbox 245 4724 1817 4801">
     <span class='ocr_line' id='line_1_78' title="bbox 245 4724 1817 4801; baseline -0.006 -14"><span class='ocrx_word' id='word_1_672' title='bbox 245 4731 625 4801; x_wconf 74' lang='grc' dir='ltr'><strong>ἁπρόσδεκτον</strong></span> <span class='ocrx_word' id='word_1_673' title='bbox 645 4730 875 4799; x_wconf 79' lang='grc' dir='ltr'><strong>γένηται</strong></span> <span class='ocrx_word' id='word_1_674' title='bbox 895 4728 983 4781; x_wconf 81' lang='grc' dir='ltr'><strong>διὰ</strong></span> <span class='ocrx_word' id='word_1_675' title='bbox 1005 4725 1106 4795; x_wconf 79' lang='grc' dir='ltr'><strong>τῆς</strong></span> <span class='ocrx_word' id='word_1_676' title='bbox 1131 4725 1415 4796; x_wconf 79' lang='grc' dir='ltr'><strong>ἀμελείας.</strong></span> <span class='ocrx_word' id='word_1_677' title='bbox 1445 4724 1477 4796; x_wconf 74' lang='grc' dir='ltr'><strong>ἢ</strong></span> <span class='ocrx_word' id='word_1_678' title='bbox 1523 4725 1817 4795; x_wconf 79' lang='grc' dir='ltr'><strong>λειχηνιῶν</strong></span> 
     </span>
    </p>
   </div>
   <div class='ocr_carea' id='block_1_79' title="bbox 2484 3509 2944 3566">
    <p class='ocr_par' dir='ltr' id='par_1_79' title="bbox 2484 3509 2944 3566">
     <span class='ocr_line' id='line_1_79' title="bbox 2484 3509 2944 3566; baseline 0.007 -3"><span class='ocrx_word' id='word_1_679' title='bbox 2484 3509 2769 3566; x_wconf 75' lang='lat' dir='ltr'><strong>IIOMILIA</strong></span> <span class='ocrx_word' id='word_1_680' title='bbox 2809 3511 2944 3566; x_wconf 77' lang='lat' dir='ltr'><strong>CXI.</strong></span> 
     </span>
    </p>
   </div>
   <div class='ocr_carea' id='block_1_80' title="bbox 2431 3599 3023 3669">
    <p class='ocr_par' dir='ltr' id='par_1_80' title="bbox 2431 3599 3023 3669">
     <span class='ocr_line' id='line_1_80' title="bbox 2431 3599 3023 3669; baseline 0.002 -18"><span class='ocrx_word' id='word_1_681' title='bbox 2431 3599 2504 3663; x_wconf 74' lang='lat' dir='ltr'><strong>De</strong></span> <span class='ocrx_word' id='word_1_682' title='bbox 2533 3600 2613 3653; x_wconf 76' lang='lat' dir='ltr'><strong>his</strong></span> <span class='ocrx_word' id='word_1_683' title='bbox 2636 3601 2728 3669; x_wconf 84' lang='lat' dir='ltr'><strong>qui</strong></span> <span class='ocrx_word' id='word_1_684' title='bbox 2763 3610 3023 3669; x_wconf 70' lang='lat' dir='ltr'><strong>prmum.</strong></span> 
     </span>
    </p>
   </div>
   <div class='ocr_carea' id='block_1_81' title="bbox 1974 3727 3506 3801">
    <p class='ocr_par' dir='ltr' id='par_1_81' title="bbox 1974 3727 3506 3801">
     <span class='ocr_line' id='line_1_81' title="bbox 1974 3727 3506 3801; baseline 0.006 -19"><span class='ocrx_word' id='word_1_685' title='bbox 1974 3728 2092 3782; x_wconf 72' lang='lat' dir='ltr'><strong>&#39;Ait</strong></span> <span class='ocrx_word' id='word_1_686' title='bbox 2125 3727 2436 3801; x_wconf 87' lang='lat' dir='ltr'><strong>Scriptura,</strong></span> <span class='ocrx_word' id='word_1_687' title='bbox 2461 3729 2591 3797; x_wconf 88' lang='lat' dir='ltr'><strong>quia</strong></span> <span class='ocrx_word' id='word_1_688' title='bbox 2637 3747 2654 3779; x_wconf 75' lang='grc' dir='ltr'><strong>ι</strong></span> <span class='ocrx_word' id='word_1_689' title='bbox 2690 3728 2859 3799; x_wconf 60' lang='lat' dir='ltr'><strong>carpit</strong></span> <span class='ocrx_word' id='word_1_690' title='bbox 2886 3728 3046 3785; x_wconf 82' lang='lat' dir='ltr'><strong>Jcsus</strong></span> <span class='ocrx_word' id='word_1_691' title='bbox 3092 3730 3274 3786; x_wconf 82' lang='lat' dir='ltr'><strong>facere</strong></span> <span class='ocrx_word' id='word_1_692' title='bbox 3309 3743 3365 3788; x_wconf 90' lang='lat' dir='ltr'><strong>et</strong></span> <span class='ocrx_word' id='word_1_693' title='bbox 3401 3734 3506 3791; x_wconf 84' lang='lat' dir='ltr'><strong>do-</strong></span> 
     </span>
    </p>
   </div>
   <div class='ocr_carea' id='block_1_82' title="bbox 1930 3818 3508 3889">
    <p class='ocr_par' dir='ltr' id='par_1_82' title="bbox 1930 3818 3508 3889">
     <span class='ocr_line' id='line_1_82' title="bbox 1930 3818 3508 3889; baseline 0.004 -15"><span class='ocrx_word' id='word_1_694' title='bbox 1930 3820 2115 3874; x_wconf 82' lang='lat' dir='ltr'><strong>cere&#39;.</strong></span> <span class='ocrx_word' id='word_1_695' title='bbox 2158 3838 2175 3870; x_wconf 77' lang='grc'><strong>1</strong></span> <span class='ocrx_word' id='word_1_696' title='bbox 2222 3820 2467 3877; x_wconf 82' lang='lat' dir='ltr'><strong>Primum</strong></span> <span class='ocrx_word' id='word_1_697' title='bbox 2509 3818 2660 3880; x_wconf 84' lang='lat' dir='ltr'><strong>fecit.</strong></span> <span class='ocrx_word' id='word_1_698' title='bbox 2706 3830 2763 3875; x_wconf 91' lang='lat' dir='ltr'><strong>et</strong></span> <span class='ocrx_word' id='word_1_699' title='bbox 2807 3821 2888 3876; x_wconf 90' lang='lat' dir='ltr'><strong>sic</strong></span> <span class='ocrx_word' id='word_1_700' title='bbox 2948 3821 3158 3889; x_wconf 88' lang='lat' dir='ltr'><strong>docuit,</strong></span> <span class='ocrx_word' id='word_1_701' title='bbox 3200 3838 3305 3878; x_wconf 86' lang='lat' dir='ltr'><strong>nec</strong></span> <span class='ocrx_word' id='word_1_702' title='bbox 3346 3824 3508 3881; x_wconf 82' lang='lat' dir='ltr'><strong>s&#39;ccus</strong></span> 
     </span>
    </p>
   </div>
   <div class='ocr_carea' id='block_1_83' title="bbox 1930 3898 3508 3982">
    <p class='ocr_par' dir='ltr' id='par_1_83' title="bbox 1930 3898 3508 3982">
     <span class='ocr_line' id='line_1_83' title="bbox 1930 3898 3508 3982; baseline 0.004 -17"><span class='ocrx_word' id='word_1_703' title='bbox 1930 3911 2108 3965; x_wconf 91' lang='lat' dir='ltr'><strong>sancit</strong></span> <span class='ocrx_word' id='word_1_704' title='bbox 2134 3898 2407 3981; x_wconf 58' lang='lat' dir='ltr'><strong>pracepto</strong></span> <span class='ocrx_word' id='word_1_705' title='bbox 2448 3911 2784 3974; x_wconf 84' lang='lat' dir='ltr'><strong>faciendum,</strong></span> <span class='ocrx_word' id='word_1_706' title='bbox 2816 3913 3010 3968; x_wconf 85' lang='lat' dir='ltr'><strong>dicens</strong></span> <span class='ocrx_word' id='word_1_707' title='bbox 3052 3931 3065 3967; x_wconf 88' lang='lat'><strong>:</strong></span> <span class='ocrx_word' id='word_1_708' title='bbox 3115 3934 3133 3966; x_wconf 83' lang='grc'><strong>1</strong></span> <span class='ocrx_word' id='word_1_709' title='bbox 3178 3913 3282 3982; x_wconf 89' lang='lat' dir='ltr'><strong>Qui</strong></span> <span class='ocrx_word' id='word_1_710' title='bbox 3312 3914 3508 3972; x_wconf 78' lang='lat' dir='ltr'><strong>fecerit</strong></span> 
     </span>
    </p>
   </div>
   <div class='ocr_carea' id='block_1_84' title="bbox 1930 4000 3499 4077">
    <p class='ocr_par' dir='ltr' id='par_1_84' title="bbox 1930 4000 3499 4077">
     <span class='ocr_line' id='line_1_84' title="bbox 1930 4000 3499 4077; baseline 0.006 -22"><span class='ocrx_word' id='word_1_711' title='bbox 1930 4010 1987 4055; x_wconf 91' lang='lat' dir='ltr'><strong>et</strong></span> <span class='ocrx_word' id='word_1_712' title='bbox 2024 4000 2303 4063; x_wconf 76' lang='lat' dir='ltr'><strong>docuerit;</strong></span> <span class='ocrx_word' id='word_1_713' title='bbox 2328 4002 2419 4057; x_wconf 90' lang='lat' dir='ltr'><strong>hic</strong></span> <span class='ocrx_word' id='word_1_714' title='bbox 2464 4018 2696 4074; x_wconf 86' lang='lat' dir='ltr'><strong>magnus</strong></span> <span class='ocrx_word' id='word_1_715' title='bbox 2726 4005 3018 4060; x_wconf 87' lang='lat' dir='ltr'><strong>vocabitur</strong></span> <span class='ocrx_word' id='word_1_716' title='bbox 3054 4004 3108 4060; x_wconf 91' lang='lat' dir='ltr'><strong>in</strong></span> <span class='ocrx_word' id='word_1_717' title='bbox 3141 4022 3308 4077; x_wconf 83' lang='lat' dir='ltr'><strong>regno</strong></span> <span class='ocrx_word' id='word_1_718' title='bbox 3339 4010 3499 4065; x_wconf 86' lang='lat' dir='ltr'><strong>coelo-</strong></span> 
     </span>
    </p>
   </div>
   <div class='ocr_carea' id='block_1_85' title="bbox 1931 4092 3505 4163">
    <p class='ocr_par' dir='ltr' id='par_1_85' title="bbox 1931 4092 3505 4163">
     <span class='ocr_line' id='line_1_85' title="bbox 1931 4092 3505 4163; baseline 0.005 -17"><span class='ocrx_word' id='word_1_719' title='bbox 1931 4106 2051 4146; x_wconf 88' lang='lat' dir='ltr'><strong>rnm</strong></span> <span class='ocrx_word' id='word_1_720' title='bbox 2081 4092 2123 4146; x_wconf 80' lang='grc'><strong>⁸.</strong></span> <span class='ocrx_word' id='word_1_721' title='bbox 2167 4111 2184 4144; x_wconf 80' lang='grc'><strong>1</strong></span> <span class='ocrx_word' id='word_1_722' title='bbox 2238 4092 2289 4148; x_wconf 87' lang='lat' dir='ltr'><strong>is</strong></span> <span class='ocrx_word' id='word_1_723' title='bbox 2331 4092 2499 4163; x_wconf 86' lang='lat' dir='ltr'><strong>igitur</strong></span> <span class='ocrx_word' id='word_1_724' title='bbox 2528 4095 2685 4163; x_wconf 82' lang='lat' dir='ltr'><strong>cujus</strong></span> <span class='ocrx_word' id='word_1_725' title='bbox 2729 4095 2863 4150; x_wconf 85' lang='lat' dir='ltr'><strong>ﬁdei</strong></span> <span class='ocrx_word' id='word_1_726' title='bbox 2908 4097 3078 4151; x_wconf 87' lang='lat' dir='ltr'><strong>tutela</strong></span> <span class='ocrx_word' id='word_1_727' title='bbox 3120 4099 3429 4153; x_wconf 88' lang='lat' dir='ltr'><strong>animarum</strong></span> <span class='ocrx_word' id='word_1_728' title='bbox 3475 4117 3505 4154; x_wconf 91' lang='lat' dir='ltr'><strong>a</strong></span> 
     </span>
    </p>
   </div>
   <div class='ocr_carea' id='block_1_86' title="bbox 1929 4177 3507 4261">
    <p class='ocr_par' dir='ltr' id='par_1_86' title="bbox 1929 4177 3507 4261">
     <span class='ocr_line' id='line_1_86' title="bbox 1929 4177 3507 4261; baseline 0.005 -23"><span class='ocrx_word' id='word_1_729' title='bbox 1929 4184 2043 4238; x_wconf 91' lang='lat' dir='ltr'><strong>Deo</strong></span> <span class='ocrx_word' id='word_1_730' title='bbox 2073 4183 2391 4239; x_wconf 88' lang='lat' dir='ltr'><strong>concredita</strong></span> <span class='ocrx_word' id='word_1_731' title='bbox 2425 4193 2531 4251; x_wconf 88' lang='lat' dir='ltr'><strong>est,</strong></span> <span class='ocrx_word' id='word_1_732' title='bbox 2556 4201 2665 4240; x_wconf 90' lang='lat' dir='ltr'><strong>non</strong></span> <span class='ocrx_word' id='word_1_733' title='bbox 2696 4187 2962 4243; x_wconf 87' lang='lat' dir='ltr'><strong>mediocri</strong></span> <span class='ocrx_word' id='word_1_734' title='bbox 2996 4177 3179 4243; x_wconf 84' lang='lat' dir='ltr'><strong>studio</strong></span> <span class='ocrx_word' id='word_1_735' title='bbox 3205 4188 3507 4261; x_wconf 86' lang='lat' dir='ltr'><strong>advigilare</strong></span> 
     </span>
    </p>
   </div>
   <div class='ocr_carea' id='block_1_87' title="bbox 1931 4265 3508 4350">
    <p class='ocr_par' dir='ltr' id='par_1_87' title="bbox 1931 4265 3508 4350">
     <span class='ocr_line' id='line_1_87' title="bbox 1931 4265 3508 4350; baseline 0.003 -19"><span class='ocrx_word' id='word_1_736' title='bbox 1931 4275 2096 4331; x_wconf 89' lang='lat' dir='ltr'><strong>debet</strong></span> <span class='ocrx_word' id='word_1_737' title='bbox 2149 4265 2251 4345; x_wconf 80' lang='lat' dir='ltr'><strong>pro</strong></span> <span class='ocrx_word' id='word_1_738' title='bbox 2296 4277 2472 4330; x_wconf 89' lang='lat' dir='ltr'><strong>salute</strong></span> <span class='ocrx_word' id='word_1_739' title='bbox 2518 4274 2871 4332; x_wconf 90' lang='lat' dir='ltr'><strong>subditorum</strong></span> <span class='ocrx_word' id='word_1_740' title='bbox 2911 4272 3166 4350; x_wconf 55' lang='lat' dir='ltr'><strong>{quippe</strong></span> <span class='ocrx_word' id='word_1_741' title='bbox 3215 4280 3310 4350; x_wconf 91' lang='lat' dir='ltr'><strong>qui</strong></span> <span class='ocrx_word' id='word_1_742' title='bbox 3354 4292 3508 4336; x_wconf 91' lang='lat' dir='ltr'><strong>certo</strong></span> 
     </span>
    </p>
   </div>
   <div class='ocr_carea' id='block_1_88' title="bbox 1930 4362 3508 4443">
    <p class='ocr_par' dir='ltr' id='par_1_88' title="bbox 1930 4362 3508 4443">
     <span class='ocr_line' id='line_1_88' title="bbox 1930 4362 3508 4443; baseline 0.004 -21"><span class='ocrx_word' id='word_1_743' title='bbox 1930 4368 2070 4423; x_wconf 86' lang='lat' dir='ltr'><strong>sciat</strong></span> <span class='ocrx_word' id='word_1_744' title='bbox 2112 4382 2170 4422; x_wconf 90' lang='lat' dir='ltr'><strong>se</strong></span> <span class='ocrx_word' id='word_1_745' title='bbox 2219 4382 2323 4437; x_wconf 90' lang='lat' dir='ltr'><strong>pro</strong></span> <span class='ocrx_word' id='word_1_746' title='bbox 2362 4362 2478 4422; x_wconf 84' lang='lat' dir='ltr'><strong>illis</strong></span> <span class='ocrx_word' id='word_1_747' title='bbox 2514 4368 2797 4423; x_wconf 87' lang='lat' dir='ltr'><strong>aditurum</strong></span> <span class='ocrx_word' id='word_1_748' title='bbox 2853 4385 2975 4426; x_wconf 88' lang='lat' dir='ltr'><strong>esse</strong></span> <span class='ocrx_word' id='word_1_749' title='bbox 3019 4371 3215 4428; x_wconf 82' lang='lat' dir='ltr'><strong>animae</strong></span> <span class='ocrx_word' id='word_1_750' title='bbox 3271 4375 3508 4443; x_wconf 68' lang='lat' dir='ltr'><strong>propriae</strong></span> 
     </span>
    </p>
   </div>
   <div class='ocr_carea' id='block_1_89' title="bbox 1932 4444 3521 4529">
    <p class='ocr_par' dir='ltr' id='par_1_89' title="bbox 1932 4444 3521 4529">
     <span class='ocr_line' id='line_1_89' title="bbox 1932 4444 3521 4529; baseline 0 -16"><span class='ocrx_word' id='word_1_751' title='bbox 1932 4458 2261 4527; x_wconf 86' lang='lat' dir='ltr'><strong>periculum,</strong></span> <span class='ocrx_word' id='word_1_752' title='bbox 2297 4444 2353 4513; x_wconf 87' lang='lat' dir='ltr'><strong>at</strong></span> <span class='ocrx_word' id='word_1_753' title='bbox 2385 4458 2606 4529; x_wconf 86' lang='lat' dir='ltr'><strong>quidem</strong></span> <span class='ocrx_word' id='word_1_754' title='bbox 2638 4474 2740 4528; x_wconf 90' lang='lat' dir='ltr'><strong>pro</strong></span> <span class='ocrx_word' id='word_1_755' title='bbox 2775 4476 2833 4515; x_wconf 90' lang='lat' dir='ltr'><strong>se</strong></span> <span class='ocrx_word' id='word_1_756' title='bbox 2862 4475 2932 4515; x_wconf 89' lang='lat' dir='ltr'><strong>ne</strong></span> <span class='ocrx_word' id='word_1_757' title='bbox 2964 4461 3245 4517; x_wconf 86' lang='lat' dir='ltr'><strong>minimam</strong></span> <span class='ocrx_word' id='word_1_758' title='bbox 3278 4462 3521 4519; x_wconf 29' lang='lat' dir='ltr'><strong>habitum</strong></span> 
     </span>
    </p>
   </div>
   <div class='ocr_carea' id='block_1_90' title="bbox 1931 4547 3506 4611">
    <p class='ocr_par' dir='ltr' id='par_1_90' title="bbox 1931 4547 3506 4611">
     <span class='ocr_line' id='line_1_90' title="bbox 1931 4547 3506 4611; baseline 0.006 -10"><span class='ocrx_word' id='word_1_759' title='bbox 1931 4563 2054 4601; x_wconf 90' lang='lat' dir='ltr'><strong>rum</strong></span> <span class='ocrx_word' id='word_1_760' title='bbox 2105 4563 2228 4604; x_wconf 88' lang='lat' dir='ltr'><strong>esse</strong></span> <span class='ocrx_word' id='word_1_761' title='bbox 2278 4547 2714 4603; x_wconf 60' lang='lat' dir='ltr'><strong>eacusationem.</strong></span> <span class='ocrx_word' id='word_1_762' title='bbox 2752 4548 2836 4603; x_wconf 76' lang='lat' dir='ltr'><strong>Ab</strong></span> <span class='ocrx_word' id='word_1_763' title='bbox 2888 4564 2955 4604; x_wconf 90' lang='lat' dir='ltr'><strong>eo</strong></span> <span class='ocrx_word' id='word_1_764' title='bbox 3000 4549 3149 4605; x_wconf 87' lang='lat' dir='ltr'><strong>enim</strong></span> <span class='ocrx_word' id='word_1_765' title='bbox 3195 4549 3283 4605; x_wconf 88' lang='lat' dir='ltr'><strong>cui</strong></span> <span class='ocrx_word' id='word_1_766' title='bbox 3331 4552 3506 4611; x_wconf 85' lang='lat' dir='ltr'><strong>multa</strong></span> 
     </span>
    </p>
   </div>
   <div class='ocr_carea' id='block_1_91' title="bbox 1931 4638 3507 4715">
    <p class='ocr_par' dir='ltr' id='par_1_91' title="bbox 1931 4638 3507 4715">
     <span class='ocr_line' id='line_1_91' title="bbox 1931 4638 3507 4715; baseline 0.004 -23"><span class='ocrx_word' id='word_1_767' title='bbox 1931 4638 2180 4708; x_wconf 84' lang='lat' dir='ltr'><strong>apposita</strong></span> <span class='ocrx_word' id='word_1_768' title='bbox 2214 4650 2364 4704; x_wconf 92' lang='lat' dir='ltr'><strong>sunt,</strong></span> <span class='ocrx_word' id='word_1_769' title='bbox 2409 4639 2784 4695; x_wconf 88' lang='lat' dir='ltr'><strong>abundantius</strong></span> <span class='ocrx_word' id='word_1_770' title='bbox 2815 4650 3087 4713; x_wconf 86' lang='lat' dir='ltr'><strong>repetent.</strong></span> <span class='ocrx_word' id='word_1_771' title='bbox 3136 4642 3308 4698; x_wconf 88' lang='lat' dir='ltr'><strong>Debet</strong></span> <span class='ocrx_word' id='word_1_772' title='bbox 3339 4641 3507 4715; x_wconf 82' lang='lat' dir='ltr'><strong>igitur</strong></span> 
     </span>
    </p>
   </div>
   <div class='ocr_carea' id='block_1_92' title="bbox 1930 4732 3508 4806">
    <p class='ocr_par' dir='ltr' id='par_1_92' title="bbox 1930 4732 3508 4806">
     <span class='ocr_line' id='line_1_92' title="bbox 1930 4732 3508 4806; baseline 0.006 -25"><span class='ocrx_word' id='word_1_773' title='bbox 1930 4736 2119 4796; x_wconf 88' lang='lat' dir='ltr'><strong>pastor</strong></span> <span class='ocrx_word' id='word_1_774' title='bbox 2153 4736 2313 4783; x_wconf 83' lang='lat' dir='ltr'><strong>totus‘</strong></span> <span class='ocrx_word' id='word_1_775' title='bbox 2348 4745 2469 4784; x_wconf 88' lang='lat' dir='ltr'><strong>esse</strong></span> <span class='ocrx_word' id='word_1_776' title='bbox 2501 4745 2656 4785; x_wconf 88' lang='lat' dir='ltr'><strong>mens</strong></span> <span class='ocrx_word' id='word_1_777' title='bbox 2689 4739 2744 4785; x_wconf 89' lang='lat' dir='ltr'><strong>et</strong></span> <span class='ocrx_word' id='word_1_778' title='bbox 2780 4732 2996 4794; x_wconf 89' lang='lat' dir='ltr'><strong>oculus,</strong></span> <span class='ocrx_word' id='word_1_779' title='bbox 3025 4741 3086 4787; x_wconf 91' lang='lat' dir='ltr'><strong>ut</strong></span> <span class='ocrx_word' id='word_1_780' title='bbox 3124 4749 3195 4788; x_wconf 92' lang='lat' dir='ltr'><strong>ne</strong></span> <span class='ocrx_word' id='word_1_781' title='bbox 3241 4749 3352 4788; x_wconf 82' lang='lat' dir='ltr'><strong>una</strong></span> <span class='ocrx_word' id='word_1_782' title='bbox 3386 4736 3508 4806; x_wconf 89' lang='lat' dir='ltr'><strong>qui-</strong></span> 
     </span>
    </p>
   </div>
   <div class='ocr_carea' id='block_1_93' title="bbox 244 4813 1849 4898">
    <p class='ocr_par' dir='ltr' id='par_1_93' title="bbox 244 4813 1823 4892">
     <span class='ocr_line' id='line_1_93' title="bbox 244 4813 1823 4892; baseline -0.007 -14"><span class='ocrx_word' id='word_1_783' title='bbox 244 4826 367 4880; x_wconf 82' lang='grc' dir='ltr'><strong>ἅπδ</strong></span> <span class='ocrx_word' id='word_1_784' title='bbox 395 4821 742 4892; x_wconf 77' lang='grc' dir='ltr'><strong>λογισμῶν,ἢ</strong></span> <span class='ocrx_word' id='word_1_785' title='bbox 773 4817 1001 4890; x_wconf 64' lang='grc' dir='ltr'><strong>ψωριῶν</strong></span> <span class='ocrx_word' id='word_1_786' title='bbox 1032 4821 1101 4889; x_wconf 80' lang='grc' dir='ltr'><strong>τῇ</strong></span> <span class='ocrx_word' id='word_1_787' title='bbox 1135 4815 1533 4884; x_wconf 73' lang='grc' dir='ltr'><strong>συγκαταθέσει</strong></span> <span class='ocrx_word' id='word_1_788' title='bbox 1560 4813 1761 4877; x_wconf 80' lang='grc' dir='ltr'><strong>αὐτῶν,</strong></span> <span class='ocrx_word' id='word_1_789' title='bbox 1789 4813 1823 4882; x_wconf 85' lang='grc' dir='ltr'>ἦ</span> 
     </span>
    </p>
   </div>
   <div class='ocr_carea' id='block_1_94' title="bbox 1931 4813 3508 4898">
    <p class='ocr_par' dir='ltr' id='par_1_94' title="bbox 1932 4814 3508 4897">
     <span class='ocr_line' id='line_1_94' title="bbox 1932 4814 3508 4897; baseline 0.007 -24"><span class='ocrx_word' id='word_1_790' title='bbox 1932 4814 2057 4874; x_wconf 87' lang='lat' dir='ltr'><strong>dem</strong></span> <span class='ocrx_word' id='word_1_791' title='bbox 2098 4821 2542 4875; x_wconf 83' lang='lat' dir='ltr'><strong>cencreditarum</strong></span> <span class='ocrx_word' id='word_1_792' title='bbox 2574 4823 2679 4878; x_wconf 90' lang='lat' dir='ltr'><strong>sibi</strong></span> <span class='ocrx_word' id='word_1_793' title='bbox 2710 4824 2983 4894; x_wconf 89' lang='lat' dir='ltr'><strong>pecudum</strong></span> <span class='ocrx_word' id='word_1_794' title='bbox 3024 4824 3252 4897; x_wconf 86' lang='lat' dir='ltr'><strong>rejicula</strong></span> <span class='ocrx_word' id='word_1_795' title='bbox 3318 4826 3411 4881; x_wconf 79' lang='lat' dir='ltr'><strong>ﬁat</strong></span> <span class='ocrx_word' id='word_1_796' title='bbox 3449 4837 3508 4884; x_wconf 86' lang='lat' dir='ltr'><strong>et</strong></span> 
     </span>
    </p>
   </div>
   <div class='ocr_carea' id='block_1_95' title="bbox 240 4903 1830 4989">
    <p class='ocr_par' dir='ltr' id='par_1_95' title="bbox 240 4903 1830 4989">
     <span class='ocr_line' id='line_1_95' title="bbox 240 4903 1830 4989; baseline -0.007 -21"><span class='ocrx_word' id='word_1_797' title='bbox 240 4914 430 4989; x_wconf 68' lang='grc' dir='ltr'><strong>χωλὸν</strong></span> <span class='ocrx_word' id='word_1_798' title='bbox 444 4913 513 4966; x_wconf 87' lang='grc' dir='ltr'><strong>δι’</strong></span> <span class='ocrx_word' id='word_1_799' title='bbox 533 4913 631 4966; x_wconf 84' lang='grc' dir='ltr'><strong>ὰσέ</strong></span> <span class='ocrx_word' id='word_1_800' title='bbox 642 4929 772 4983; x_wconf 87' lang='grc' dir='ltr'>μνου</span> <span class='ocrx_word' id='word_1_801' title='bbox 797 4903 1148 4980; x_wconf 70' lang='grc' dir='ltr'><strong>βαδίσματος,</strong></span> <span class='ocrx_word' id='word_1_802' title='bbox 1160 4908 1194 4977; x_wconf 77' lang='grc' dir='ltr'>ἢ</span> <span class='ocrx_word' id='word_1_803' title='bbox 1212 4907 1528 4977; x_wconf 80' lang='grc' dir='ltr'><strong>ὠτότμητον</strong></span> <span class='ocrx_word' id='word_1_804' title='bbox 1546 4905 1632 4959; x_wconf 82' lang='grc' dir='ltr'><strong>διά</strong></span> <span class='ocrx_word' id='word_1_805' title='bbox 1651 4919 1830 4975; x_wconf 85' lang='grc' dir='ltr'>παρα-</span> 
     </span>
    </p>
   </div>
   <div class='ocr_carea' id='block_1_96' title="bbox 246 4997 1827 5078">
    <p class='ocr_par' dir='ltr' id='par_1_96' title="bbox 246 4997 1827 5078">
     <span class='ocr_line' id='line_1_96' title="bbox 246 4997 1827 5078; baseline -0.011 -13"><span class='ocrx_word' id='word_1_806' title='bbox 246 5008 412 5076; x_wconf 76' lang='grc' dir='ltr'><strong>κοῆς,</strong></span> <span class='ocrx_word' id='word_1_807' title='bbox 443 5007 477 5078; x_wconf 75' lang='grc' dir='ltr'>ἦ</span> <span class='ocrx_word' id='word_1_808' title='bbox 510 5005 710 5075; x_wconf 74' lang='grc' dir='ltr'><strong>τυφλὸν</strong></span> <span class='ocrx_word' id='word_1_809' title='bbox 739 5003 826 5058; x_wconf 80' lang='grc' dir='ltr'><strong>διὰ</strong></span> <span class='ocrx_word' id='word_1_810' title='bbox 880 5002 1056 5066; x_wconf 79' lang='grc' dir='ltr'><strong>κακῆς</strong></span> <span class='ocrx_word' id='word_1_811' title='bbox 1110 5001 1375 5072; x_wconf 84' lang='grc' dir='ltr'><strong>ὁράσεως,</strong></span> <span class='ocrx_word' id='word_1_812' title='bbox 1416 4998 1450 5070; x_wconf 80' lang='grc' dir='ltr'>ἢ</span> <span class='ocrx_word' id='word_1_813' title='bbox 1492 4997 1827 5066; x_wconf 75' lang='grc' dir='ltr'><strong>θηριάλωτον</strong></span> 
     </span>
    </p>
   </div>
   <div class='ocr_carea' id='block_1_97' title="bbox 245 5084 1826 5168">
    <p class='ocr_par' dir='ltr' id='par_1_97' title="bbox 245 5084 1826 5168">
     <span class='ocr_line' id='line_1_97' title="bbox 245 5084 1826 5168; baseline -0.011 -12"><span class='ocrx_word' id='word_1_814' title='bbox 245 5101 355 5158; x_wconf 72' lang='grc' dir='ltr'><strong>καὶ</strong></span> <span class='ocrx_word' id='word_1_815' title='bbox 387 5099 706 5168; x_wconf 84' lang='grc' dir='ltr'><strong>θνησιμαῖον</strong></span> <span class='ocrx_word' id='word_1_816' title='bbox 732 5095 822 5150; x_wconf 73' lang='grc' dir='ltr'><strong>διὰ</strong></span> <span class='ocrx_word' id='word_1_817' title='bbox 850 5094 1028 5162; x_wconf 83' lang='grc' dir='ltr'><strong>κακῆς</strong></span> <span class='ocrx_word' id='word_1_818' title='bbox 1057 5089 1326 5162; x_wconf 73' lang='grc' dir='ltr'><strong>πράξεως.</strong></span> <span class='ocrx_word' id='word_1_819' title='bbox 1367 5090 1454 5153; x_wconf 80' lang='grc' dir='ltr'><strong>Ὧς</strong></span> <span class='ocrx_word' id='word_1_820' title='bbox 1489 5084 1584 5142; x_wconf 83' lang='grc' dir='ltr'><strong>οὖν</strong></span> <span class='ocrx_word' id='word_1_821' title='bbox 1612 5087 1826 5160; x_wconf 72' lang='grc' dir='ltr'><strong>εἴρηται</strong></span> 
     </span>
    </p>
   </div>
   <div class='ocr_carea' id='block_1_98' title="bbox 244 5178 1825 5264">
    <p class='ocr_par' dir='ltr' id='par_1_98' title="bbox 244 5178 1825 5264">
     <span class='ocr_line' id='line_1_98' title="bbox 244 5178 1825 5264; baseline -0.013 -15"><span class='ocrx_word' id='word_1_822' title='bbox 244 5194 543 5264; x_wconf 74' lang='grc' dir='ltr'><strong>γινώσκων</strong></span> <span class='ocrx_word' id='word_1_823' title='bbox 571 5192 653 5244; x_wconf 82' lang='grc' dir='ltr'><strong>ὃτι</strong></span> <span class='ocrx_word' id='word_1_824' title='bbox 695 5188 857 5258; x_wconf 81' lang='grc' dir='ltr'><strong>λόγον</strong></span> <span class='ocrx_word' id='word_1_825' title='bbox 888 5188 1029 5257; x_wconf 81' lang='grc' dir='ltr'><strong>ὑπὲρ</strong></span> <span class='ocrx_word' id='word_1_826' title='bbox 1051 5184 1231 5238; x_wconf 76' lang='grc' dir='ltr'><strong>αὐτῶν</strong></span> <span class='ocrx_word' id='word_1_827' title='bbox 1274 5182 1482 5253; x_wconf 79' lang='grc' dir='ltr'><strong>ὑφέξει.</strong></span> <span class='ocrx_word' id='word_1_828' title='bbox 1517 5180 1651 5235; x_wconf 66' lang='grc' dir='ltr'><strong>πολὺ</strong></span> <span class='ocrx_word' id='word_1_829' title='bbox 1677 5178 1825 5248; x_wconf 80' lang='grc' dir='ltr'>ὀφεί-</span> 
     </span>
    </p>
   </div>
   <div class='ocr_carea' id='block_1_99' title="bbox 242 5273 1824 5367">
    <p class='ocr_par' dir='ltr' id='par_1_99' title="bbox 242 5273 1824 5367">
     <span class='ocr_line' id='line_1_99' title="bbox 242 5273 1824 5367; baseline -0.011 -26"><span class='ocrx_word' id='word_1_830' title='bbox 242 5288 338 5343; x_wconf 75' lang='grc' dir='ltr'><strong>λει</strong></span> <span class='ocrx_word' id='word_1_831' title='bbox 367 5287 729 5367; x_wconf 80' lang='grc' dir='ltr'><strong>ὲναγρυπνεϊν</strong></span> <span class='ocrx_word' id='word_1_832' title='bbox 779 5283 845 5353; x_wconf 78' lang='grc' dir='ltr'><strong>τῇ</strong></span> <span class='ocrx_word' id='word_1_833' title='bbox 873 5280 1080 5352; x_wconf 81' lang='grc' dir='ltr'>ποίμνῃ</span> <span class='ocrx_word' id='word_1_834' title='bbox 1113 5276 1309 5340; x_wconf 79' lang='grc' dir='ltr'><strong>αὐτοῦ,</strong></span> <span class='ocrx_word' id='word_1_835' title='bbox 1369 5276 1465 5330; x_wconf 67' lang='grc' dir='ltr'><strong>καὶ</strong></span> <span class='ocrx_word' id='word_1_836' title='bbox 1496 5274 1573 5338; x_wconf 81' lang='grc' dir='ltr'><strong>ὡς</strong></span> <span class='ocrx_word' id='word_1_837' title='bbox 1604 5273 1824 5367; x_wconf 76' lang='grc' dir='ltr'><strong>ἄριστος</strong></span> 
     </span>
    </p>
   </div>
   <div class='ocr_carea' id='block_1_100' title="bbox 250 5365 1825 5451">
    <p class='ocr_par' dir='ltr' id='par_1_100' title="bbox 250 5365 1825 5451">
     <span class='ocr_line' id='line_1_100' title="bbox 250 5365 1825 5451; baseline -0.011 -16"><span class='ocrx_word' id='word_1_838' title='bbox 250 5378 441 5451; x_wconf 70' lang='grc' dir='ltr'><strong>ἰατρὸς</strong></span> <span class='ocrx_word' id='word_1_839' title='bbox 477 5381 579 5449; x_wconf 73' lang='grc' dir='ltr'><strong>τὴν</strong></span> <span class='ocrx_word' id='word_1_840' title='bbox 631 5375 1017 5445; x_wconf 75' lang='grc' dir='ltr'><strong>προσήκουσαν</strong></span> <span class='ocrx_word' id='word_1_841' title='bbox 1066 5372 1283 5441; x_wconf 73' lang='grc' dir='ltr'><strong>ἑκάστῳ</strong></span> <span class='ocrx_word' id='word_1_842' title='bbox 1352 5368 1512 5421; x_wconf 73' lang='grc' dir='ltr'><strong>πάθει</strong></span> <span class='ocrx_word' id='word_1_843' title='bbox 1573 5365 1825 5437; x_wconf 70' lang='grc' dir='ltr'><strong>βοήθειαν</strong></span> 
     </span>
    </p>
   </div>
   <div class='ocr_carea' id='block_1_101' title="bbox 320 5543 1849 5625">
    <p class='ocr_par' dir='ltr' id='par_1_101' title="bbox 320 5545 1822 5625">
     <span class='ocr_line' id='line_1_101' title="bbox 320 5545 1822 5625; baseline -0.009 -7"><span class='ocrx_word' id='word_1_844' title='bbox 320 5565 393 5598; x_wconf 63' lang='grc'><strong>⁸⁸⁵</strong></span> <span class='ocrx_word' id='word_1_845' title='bbox 431 5562 591 5617; x_wconf 68' lang='grc' dir='ltr'><strong>Ρτοῑν.</strong></span> <span class='ocrx_word' id='word_1_846' title='bbox 623 5575 731 5619; x_wconf 70' lang='lat' dir='ltr'><strong>3m,</strong></span> <span class='ocrx_word' id='word_1_847' title='bbox 759 5557 851 5614; x_wconf 74' lang='grc'><strong>52.</strong></span> <span class='ocrx_word' id='word_1_848' title='bbox 924 5557 971 5590; x_wconf 82' lang='grc'><strong>⁹¹</strong></span> <span class='ocrx_word' id='word_1_849' title='bbox 1011 5546 1142 5625; x_wconf 71' lang='grc' dir='ltr'><strong>Βοβῖ</strong></span> <span class='ocrx_word' id='word_1_850' title='bbox 1164 5545 1245 5618; x_wconf 75' lang='lat' dir='ltr'><strong>in,</strong></span> <span class='ocrx_word' id='word_1_851' title='bbox 1273 5554 1327 5610; x_wconf 74' lang='grc' dir='ltr'><strong>ὃ.</strong></span> <span class='ocrx_word' id='word_1_852' title='bbox 1404 5552 1451 5625; x_wconf 59' lang='grc' dir='ltr'><strong>ξ’</strong></span> <span class='ocrx_word' id='word_1_853' title='bbox 1490 5552 1651 5625; x_wconf 66' lang='lat' dir='ltr'><strong>Prov.</strong></span> <span class='ocrx_word' id='word_1_854' title='bbox 1680 5568 1735 5616; x_wconf 70' lang='grc' dir='ltr'><strong>κ,</strong></span> <span class='ocrx_word' id='word_1_855' title='bbox 1768 5550 1822 5605; x_wconf 88' lang='lat'><strong>8.</strong></span> 
     </span>
    </p>
   </div>
   <div class='ocr_carea' id='block_1_102' title="bbox 1931 5543 3224 5625">
    <p class='ocr_par' dir='ltr' id='par_1_102' title="bbox 1931 5543 3224 5625">
     <span class='ocr_line' id='line_1_102' title="bbox 1931 5543 3224 5625; baseline 0.002 -18"><span class='ocrx_word' id='word_1_856' title='bbox 1931 5554 1942 5583; x_wconf 65' lang='grc'><strong><em>⁵</em></strong></span> <span class='ocrx_word' id='word_1_857' title='bbox 1971 5553 2154 5625; x_wconf 82' lang='lat' dir='ltr'><strong>_Ecc_li.</strong></span> <span class='ocrx_word' id='word_1_858' title='bbox 2188 5567 2246 5612; x_wconf 89' lang='grc'><strong>11,</strong></span> <span class='ocrx_word' id='word_1_859' title='bbox 2279 5552 2398 5625; x_wconf 63' lang='grc' dir='ltr'><strong>Ιτῦ.</strong></span> <span class='ocrx_word' id='word_1_860' title='bbox 2474 5553 2520 5586; x_wconf 79' lang='grc'><strong>⁸⁸</strong></span> <span class='ocrx_word' id='word_1_861' title='bbox 2553 5553 2696 5608; x_wconf 80' lang='lat' dir='ltr'><strong>Psal.</strong></span> <span class='ocrx_word' id='word_1_862' title='bbox 2731 5543 2984 5625; x_wconf 55' lang='lat' dir='ltr'><strong>rrxvvm,</strong></span> <span class='ocrx_word' id='word_1_863' title='bbox 3014 5552 3106 5616; x_wconf 74' lang='lat'><strong>25,</strong></span> <span class='ocrx_word' id='word_1_864' title='bbox 3133 5554 3224 5625; x_wconf 60' lang='lat'><strong>24.</strong></span> 
     </span>
    </p>
   </div>
   <div class='ocr_carea' id='block_1_103' title="bbox 246 5620 1849 5695">
    <p class='ocr_par' dir='ltr' id='par_1_103' title="bbox 246 5620 1849 5695">
     <span class='ocr_line' id='line_1_103' title="bbox 246 5620 1849 5695; baseline -0.012 -3"><span class='ocrx_word' id='word_1_865' title='bbox 246 5650 379 5695; x_wconf 75' lang='lat' dir='ltr'><strong>xxv,</strong></span> <span class='ocrx_word' id='word_1_866' title='bbox 407 5634 491 5687; x_wconf 74' lang='lat' dir='ltr'><strong>il.</strong></span> <span class='ocrx_word' id='word_1_867' title='bbox 531 5632 576 5665; x_wconf 84' lang='lat'><strong>&quot;</strong></span> <span class='ocrx_word' id='word_1_868' title='bbox 619 5630 762 5685; x_wconf 80' lang='lat' dir='ltr'><strong>Psal.</strong></span> <span class='ocrx_word' id='word_1_869' title='bbox 793 5645 877 5694; x_wconf 74' lang='grc' dir='ltr'><strong>ιι,</strong></span> <span class='ocrx_word' id='word_1_870' title='bbox 907 5627 996 5683; x_wconf 73' lang='grc'><strong>15.</strong></span> <span class='ocrx_word' id='word_1_871' title='bbox 1073 5620 1119 5660; x_wconf 60' lang='grc' dir='ltr'><strong>ί⁸</strong></span> <span class='ocrx_word' id='word_1_872' title='bbox 1158 5625 1286 5694; x_wconf 81' lang='lat' dir='ltr'><strong>Sap.</strong></span> <span class='ocrx_word' id='word_1_873' title='bbox 1319 5641 1359 5690; x_wconf 87' lang='lat' dir='ltr'><strong>l,</strong></span> <span class='ocrx_word' id='word_1_874' title='bbox 1391 5622 1479 5695; x_wconf 78' lang='lat'><strong>6._</strong></span> <span class='ocrx_word' id='word_1_875' title='bbox 1510 5620 1563 5695; x_wconf 64' lang='lat' dir='ltr'><strong>ff</strong></span> <span class='ocrx_word' id='word_1_876' title='bbox 1602 5621 1766 5695; x_wconf 77' lang='lat' dir='ltr'><strong>Prov.</strong></span> <span class='ocrx_word' id='word_1_877' title='bbox 1797 5638 1849 5675; x_wconf 62' lang='grc' dir='ltr'><strong>ιι</strong></span> 
     </span>
    </p>
   </div>
   <div class='ocr_carea' id='block_1_104' title="bbox 1931 5620 2693 5695">
    <p class='ocr_par' dir='ltr' id='par_1_104' title="bbox 1959 5623 2693 5695">
     <span class='ocr_line' id='line_1_104' title="bbox 1959 5623 2693 5695; baseline -0.001 -18"><span class='ocrx_word' id='word_1_878' title='bbox 1959 5623 2166 5695; x_wconf 71' lang='lat'><strong>27,_28.</strong></span> <span class='ocrx_word' id='word_1_879' title='bbox 2247 5625 2262 5654; x_wconf 79' lang='lat'><strong><em>‘</em></strong></span> <span class='ocrx_word' id='word_1_880' title='bbox 2308 5624 2568 5695; x_wconf 54' lang='lat' dir='ltr'><strong>Prov“.</strong></span> <span class='ocrx_word' id='word_1_881' title='bbox 2616 5625 2693 5678; x_wconf 74' lang='lat' dir='ltr'><strong>l7.</strong></span> 
     </span>
    </p>
   </div>
   <div class='ocr_carea' id='block_1_105' title="bbox 1462 5691 2608 5765">
    <p class='ocr_par' dir='ltr' id='par_1_105' title="bbox 1462 5691 2608 5765">
     <span class='ocr_line' id='line_1_105' title="bbox 1462 5691 2608 5765; baseline -0.005 -17"><span class='ocrx_word' id='word_1_882' title='bbox 1462 5693 1483 5724; x_wconf 80' lang='grc'>⁸</span> <span class='ocrx_word' id='word_1_883' title='bbox 1510 5691 1703 5748; x_wconf 70' lang='lat' dir='ltr'><strong>Matth.</strong></span> <span class='ocrx_word' id='word_1_884' title='bbox 1740 5707 1794 5754; x_wconf 91' lang='lat' dir='ltr'><strong>v,</strong></span> <span class='ocrx_word' id='word_1_885' title='bbox 1842 5692 1926 5748; x_wconf 75' lang='lat' dir='ltr'><strong>i9.</strong></span> <span class='ocrx_word' id='word_1_886' title='bbox 2003 5694 2022 5723; x_wconf 87' lang='grc'><strong>⁷</strong></span> <span class='ocrx_word' id='word_1_887' title='bbox 2046 5693 2224 5748; x_wconf 79' lang='lat' dir='ltr'><strong>Levit.</strong></span> <span class='ocrx_word' id='word_1_888' title='bbox 2251 5709 2358 5757; x_wconf 68' lang='grc' dir='ltr'><strong>χχι,</strong></span> <span class='ocrx_word' id='word_1_889' title='bbox 2396 5693 2420 5747; x_wconf 75' lang='grc'><strong>1</strong></span> <span class='ocrx_word' id='word_1_890' title='bbox 2459 5707 2608 5765; x_wconf 81' lang='lat' dir='ltr'><strong>seqq.</strong></span> 
     </span>
    </p>
   </div>
   <div class='ocr_carea' id='block_1_106' title="bbox 244 5695 1373 5769">
    <p class='ocr_par' dir='ltr' id='par_1_106' title="bbox 244 5695 1373 5769">
     <span class='ocr_line' id='line_1_106' title="bbox 244 5695 1373 5769; baseline -0.012 -6"><span class='ocrx_word' id='word_1_891' title='bbox 244 5723 327 5769; x_wconf 79' lang='lat' dir='ltr'><strong>lx.</strong></span> <span class='ocrx_word' id='word_1_892' title='bbox 361 5703 450 5759; x_wconf 72' lang='grc'><strong>54.</strong></span> <span class='ocrx_word' id='word_1_893' title='bbox 524 5703 545 5733; x_wconf 69' lang='grc'>⁸</span> <span class='ocrx_word' id='word_1_894' title='bbox 583 5699 720 5755; x_wconf 85' lang='lat' dir='ltr'><strong>ibid.</strong></span> <span class='ocrx_word' id='word_1_895' title='bbox 750 5700 847 5765; x_wconf 77' lang='grc'><strong>55,</strong></span> <span class='ocrx_word' id='word_1_896' title='bbox 874 5697 963 5753; x_wconf 78' lang='grc'><strong>56.</strong></span> <span class='ocrx_word' id='word_1_897' title='bbox 1043 5697 1065 5728; x_wconf 83' lang='grc'>⁸</span> <span class='ocrx_word' id='word_1_898' title='bbox 1096 5695 1373 5760; x_wconf 75' lang='grc' dir='ltr'><strong>Αο1.1,1.</strong></span> 
     </span>
    </p>
   </div>
   <div class='ocr_carea' id='block_1_107' title="bbox 1932 4908 3506 4989">
    <p class='ocr_par' dir='ltr' id='par_1_107' title="bbox 1932 4908 3506 4989">
     <span class='ocr_line' id='line_1_107' title="bbox 1932 4908 3506 4989; baseline 0.004 -21"><span class='ocrx_word' id='word_1_899' title='bbox 1932 4913 2156 4982; x_wconf 78' lang='lat' dir='ltr'><strong>indigna</strong></span> <span class='ocrx_word' id='word_1_900' title='bbox 2189 4929 2311 4983; x_wconf 75' lang='lat' dir='ltr'><strong>quas</strong></span> <span class='ocrx_word' id='word_1_901' title='bbox 2342 4914 2644 4983; x_wconf 87' lang='lat' dir='ltr'><strong>recipiatur</strong></span> <span class='ocrx_word' id='word_1_902' title='bbox 2670 4932 2700 4971; x_wconf 89' lang='lat' dir='ltr'><strong>a</strong></span> <span class='ocrx_word' id='word_1_903' title='bbox 2732 4917 2965 4972; x_wconf 91' lang='lat' dir='ltr'><strong>Domino</strong></span> <span class='ocrx_word' id='word_1_904' title='bbox 3007 4934 3104 4989; x_wconf 90' lang='lat' dir='ltr'><strong>per</strong></span> <span class='ocrx_word' id='word_1_905' title='bbox 3130 4908 3506 4987; x_wconf 86' lang='lat' dir='ltr'><strong>oseitantiam,</strong></span> 
     </span>
    </p>
   </div>
   <div class='ocr_carea' id='block_1_108' title="bbox 1932 5002 3507 5081">
    <p class='ocr_par' dir='ltr' id='par_1_108' title="bbox 1932 5002 3507 5081">
     <span class='ocr_line' id='line_1_108' title="bbox 1932 5002 3507 5081; baseline 0.004 -23"><span class='ocrx_word' id='word_1_906' title='bbox 1932 5002 2027 5059; x_wconf 83' lang='lat' dir='ltr'><strong>aut</strong></span> <span class='ocrx_word' id='word_1_907' title='bbox 2071 5003 2298 5058; x_wconf 88' lang='lat' dir='ltr'><strong>decolor</strong></span> <span class='ocrx_word' id='word_1_908' title='bbox 2323 5004 2394 5057; x_wconf 89' lang='lat' dir='ltr'><strong>sit</strong></span> <span class='ocrx_word' id='word_1_909' title='bbox 2438 5004 2760 5077; x_wconf 83' lang='lat' dir='ltr'><strong>impetigiue</strong></span> <span class='ocrx_word' id='word_1_910' title='bbox 2792 5009 3185 5079; x_wconf 88' lang='lat' dir='ltr'><strong>cogitationum</strong></span> <span class='ocrx_word' id='word_1_911' title='bbox 3208 5011 3252 5072; x_wconf 89' lang='lat'><strong>&quot;,</strong></span> <span class='ocrx_word' id='word_1_912' title='bbox 3280 5018 3373 5064; x_wconf 92' lang='lat' dir='ltr'><strong>aut</strong></span> <span class='ocrx_word' id='word_1_913' title='bbox 3406 5004 3507 5081; x_wconf 85' lang='lat' dir='ltr'><strong>per</strong></span> 
     </span>
    </p>
   </div>
   <div class='ocr_carea' id='block_1_109' title="bbox 1930 5092 3509 5170">
    <p class='ocr_par' dir='ltr' id='par_1_109' title="bbox 1930 5092 3509 5170">
     <span class='ocr_line' id='line_1_109' title="bbox 1930 5092 3509 5170; baseline 0.004 -21"><span class='ocrx_word' id='word_1_914' title='bbox 1930 5110 2086 5150; x_wconf 87' lang='lat' dir='ltr'><strong>suam</strong></span> <span class='ocrx_word' id='word_1_915' title='bbox 2127 5092 2368 5164; x_wconf 88' lang='lat' dir='ltr'><strong>pastoris</strong></span> <span class='ocrx_word' id='word_1_916' title='bbox 2390 5093 2791 5165; x_wconf 83' lang='lat' dir='ltr'><strong>indulgentiam</strong></span> <span class='ocrx_word' id='word_1_917' title='bbox 2836 5098 3047 5154; x_wconf 86' lang='lat' dir='ltr'><strong>laboret</strong></span> <span class='ocrx_word' id='word_1_918' title='bbox 3082 5115 3145 5154; x_wconf 90' lang='lat' dir='ltr'><strong>ac</strong></span> <span class='ocrx_word' id='word_1_919' title='bbox 3168 5100 3381 5170; x_wconf 88' lang='lat' dir='ltr'><strong>pruriat</strong></span> <span class='ocrx_word' id='word_1_920' title='bbox 3407 5117 3509 5170; x_wconf 78' lang='lat' dir='ltr'><strong>pe-</strong></span> 
     </span>
    </p>
   </div>
   <div class='ocr_carea' id='block_1_110' title="bbox 1932 5172 3510 5264">
    <p class='ocr_par' dir='ltr' id='par_1_110' title="bbox 1932 5172 3510 5264">
     <span class='ocr_line' id='line_1_110' title="bbox 1932 5172 3510 5264; baseline 0.006 -23"><span class='ocrx_word' id='word_1_921' title='bbox 1932 5202 2030 5241; x_wconf 83' lang='lat' dir='ltr'><strong>cus</strong></span> <span class='ocrx_word' id='word_1_922' title='bbox 2058 5185 2206 5243; x_wconf 69' lang='lat' dir='ltr'><strong>{teda</strong></span> <span class='ocrx_word' id='word_1_923' title='bbox 2247 5187 2454 5249; x_wconf 76' lang='lat' dir='ltr'><strong>scabie,</strong></span> <span class='ocrx_word' id='word_1_924' title='bbox 2495 5203 2566 5241; x_wconf 87' lang='lat' dir='ltr'><strong>ne</strong></span> <span class='ocrx_word' id='word_1_925' title='bbox 2600 5188 2877 5244; x_wconf 80' lang='lat' dir='ltr'><strong>claudicet</strong></span> <span class='ocrx_word' id='word_1_926' title='bbox 2916 5208 3014 5261; x_wconf 89' lang='lat' dir='ltr'><strong>per</strong></span> <span class='ocrx_word' id='word_1_927' title='bbox 3050 5172 3414 5264; x_wconf 82' lang='lat' dir='ltr'><strong>irreligiosum</strong></span> <span class='ocrx_word' id='word_1_928' title='bbox 3443 5209 3510 5250; x_wconf 89' lang='lat' dir='ltr'><strong>ac</strong></span> 
     </span>
    </p>
   </div>
   <div class='ocr_carea' id='block_1_111' title="bbox 1931 5275 3511 5354">
    <p class='ocr_par' dir='ltr' id='par_1_111' title="bbox 1931 5275 3511 5354">
     <span class='ocr_line' id='line_1_111' title="bbox 1931 5275 3511 5354; baseline 0.004 -25"><span class='ocrx_word' id='word_1_929' title='bbox 1931 5277 2114 5331; x_wconf 89' lang='lat' dir='ltr'><strong>minus</strong></span> <span class='ocrx_word' id='word_1_930' title='bbox 2154 5290 2376 5346; x_wconf 82' lang='lat' dir='ltr'><strong>gravem</strong></span> <span class='ocrx_word' id='word_1_931' title='bbox 2413 5275 2712 5338; x_wconf 84' lang='lat' dir='ltr'><strong>incessum.</strong></span> <span class='ocrx_word' id='word_1_932' title='bbox 2753 5288 2850 5333; x_wconf 89' lang='lat' dir='ltr'><strong>aut</strong></span> <span class='ocrx_word' id='word_1_933' title='bbox 2888 5281 3102 5336; x_wconf 82' lang='lat' dir='ltr'><strong>derecta</strong></span> <span class='ocrx_word' id='word_1_934' title='bbox 3135 5283 3207 5336; x_wconf 89' lang='lat' dir='ltr'><strong>sit</strong></span> <span class='ocrx_word' id='word_1_935' title='bbox 3245 5298 3377 5336; x_wconf 82' lang='lat' dir='ltr'><strong>aure</strong></span> <span class='ocrx_word' id='word_1_936' title='bbox 3410 5297 3511 5354; x_wconf 88' lang='lat' dir='ltr'><strong>per</strong></span> 
     </span>
    </p>
   </div>
   <div class='ocr_carea' id='block_1_112' title="bbox 1932 5367 3510 5443">
    <p class='ocr_par' dir='ltr' id='par_1_112' title="bbox 1932 5367 3510 5443">
     <span class='ocr_line' id='line_1_112' title="bbox 1932 5367 3510 5443; baseline 0.005 -23"><span class='ocrx_word' id='word_1_937' title='bbox 1932 5367 2366 5422; x_wconf 80' lang='lat' dir='ltr'><strong>imbedientiam</strong></span> <span class='ocrx_word' id='word_1_938' title='bbox 2459 5383 2528 5422; x_wconf 88' lang='lat' dir='ltr'><strong>ne</strong></span> <span class='ocrx_word' id='word_1_939' title='bbox 2584 5384 2725 5423; x_wconf 69' lang='lat' dir='ltr'><strong>caeca</strong></span> <span class='ocrx_word' id='word_1_940' title='bbox 2788 5385 2910 5426; x_wconf 87' lang='lat' dir='ltr'><strong>esse</strong></span> <span class='ocrx_word' id='word_1_941' title='bbox 2979 5373 3354 5442; x_wconf 88' lang='lat' dir='ltr'><strong>comperiatur</strong></span> <span class='ocrx_word' id='word_1_942' title='bbox 3412 5390 3510 5443; x_wconf 78' lang='lat' dir='ltr'><strong>per</strong></span> 
     </span>
    </p>
   </div>
   <div class='ocr_carea' id='block_1_113' title="bbox 3301 5556 3509 5613">
    <p class='ocr_par' dir='ltr' id='par_1_113' title="bbox 3301 5556 3509 5613">
     <span class='ocr_line' id='line_1_113' title="bbox 3301 5556 3509 5613; baseline 0.01 -2"><span class='ocrx_word' id='word_1_943' title='bbox 3301 5556 3509 5613; x_wconf 62' lang='lat' dir='ltr'><strong>&quot;Piai.</strong></span> 
     </span>
    </p>
   </div>
   <div class='ocr_carea' id='block_1_114' title="bbox 2775 5623 3504 5692">
    <p class='ocr_par' dir='ltr' id='par_1_114' title="bbox 2775 5623 3504 5692">
     <span class='ocr_line' id='line_1_114' title="bbox 2775 5623 3504 5692; baseline 0.005 -14"><span class='ocrx_word' id='word_1_944' title='bbox 2775 5626 2796 5657; x_wconf 78' lang='lat'><strong>’</strong></span> <span class='ocrx_word' id='word_1_945' title='bbox 2844 5623 2961 5679; x_wconf 78' lang='lat' dir='ltr'><strong>Jac.</strong></span> <span class='ocrx_word' id='word_1_946' title='bbox 2986 5640 3042 5692; x_wconf 90' lang='lat' dir='ltr'><strong>v,</strong></span> <span class='ocrx_word' id='word_1_947' title='bbox 3080 5624 3135 5691; x_wconf 86' lang='lat' dir='ltr'><strong>&#39;l,</strong></span> <span class='ocrx_word' id='word_1_948' title='bbox 3177 5624 3232 5680; x_wconf 89' lang='lat'><strong>8.</strong></span> <span class='ocrx_word' id='word_1_949' title='bbox 3310 5625 3331 5657; x_wconf 85' lang='grc'>³</span> <span class='ocrx_word' id='word_1_950' title='bbox 3369 5624 3504 5682; x_wconf 79' lang='lat' dir='ltr'><strong>Luc.</strong></span> 
     </span>
    </p>
   </div>
  </div>
