4014 6310
538 306 542 311 -
605 260 737 327 i779

1854 275 2218 338 ANTIOCHI
2256 281 2411 341 ΜοΝ
2420 281 2599 343 ACHI

3734 272 3861 342 Ιτω

594 373 870 432 dicentem
907 397 921 432 :
955 399 973 430 ι
1009 379 1306 447 Rectorem
1335 392 1641 452 posuerunt
1671 392 1757 449 te;
1788 387 1915 450 noli
1959 389 2168 455 extolli,

2271 391 2508 459 γινέσθω
2535 392 2645 445 τοῦς
2664 390 2918 462 ποιμνίου
2945 391 3004 446 ὲν
3036 393 3186 466 πᾶσῃ
3216 390 3554 463 δικαιοσύνῃ
3582 391 3692 444 καὶ
3732 393 3857 445 ἀναρ-

594 471 693 526 sed
710 487 901 533 curam
950 473 1093 529 habe
1143 474 1388 541 illorum,
1428 485 1488 532 et
1520 476 1601 535 sic
1654 477 1805 543 sede,
1848 487 1905 534 et
1947 496 2196 536 omnem-

594 577 756 621 usum
783 564 863 619 tui
881 564 1048 620 facito
1073 575 1243 637 atque
1265 569 1557 625 accumbe.
1599 586 1618 619 ι
1723 570 1827 626 Sed
1847 582 1911 627 et
1943 571 2168 630 Gedeon

598 657 860 713 trecentis
884 672 1069 712 secum
1099 660 1500 719 militantibus:
1534 680 1555 715 ι
1580 663 1627 718 Α
1646 679 1735 719 me
1763 664 1967 731 videte,
2003 675 2063 723 et
2087 666 2169 722 sic

596 746 780 803 facite.
817 767 837 801 ι
881 748 997 804 Nec
1044 766 1206 807 secus
1277 752 1562 811 Abimelec
1617 765 1847 825 accepto
1892 757 2169 828 lignorum

595 840 767 903 fasce,
795 840 964 909 inque
1008 842 1272 899 humeros
1302 845 1543 912 sublato,
1571 848 1827 917 sequenti
1871 863 1931 903 se
1965 848 2168 918 populo

586 930 737 997 dixit
769 950 782 985 :
818 952 836 984 ι
871 932 1029 1005 Quod
1058 935 1259 992 videtis
1292 953 1380 998 me
1420 938 1624 1006 facere,
1652 941 1814 996 facite
1837 950 1895 997 et
1916 957 2014 997 vos
2040 942 2103 997 ".
2140 960 2162 993 ι

592 1023 775 1089 Ετιιιὸο
795 1025 996 1097 Joseph
1015 1028 1245 1084 melicus
1272 1030 1613 1085 Psalmorum
1633 1015 1827 1087 cantor
1854 1052 1867 1085 :
1898 1053 1917 1085 ι
1952 1031 2171 1109 consti-

594 1116 704 1177 tuit
744 1131 873 1171 eum
894 1117 1179 1174 dominum
1209 1120 1406 1176 domus
1431 1136 1544 1177 sua:
1573 1132 1630 1176 et
1660 1124 1961 1193 principem
1984 1124 2169 1178 omnis

593 1208 960 1278 possessionis
995 1225 1129 1277 suae,
1167 1222 1228 1267 ut
1266 1212 1513 1285 erudiret
1561 1215 1842 1284 principes
1872 1216 1994 1286 ejus
2023 1215 2169 1270 sicut

592 1300 1042 1368 semetipsum,et
1059 1304 1310 1359 seniores
1330 1306 1451 1375 ejus
1477 1306 1805 1374 sapientiam
1826 1307 2128 1362 doceret".
2142 1327 2161 1361 ι

597 1391 812 1462 1209
840 1393 1041 1448 Paulus
1065 1394 1199 1449 item
1230 1413 1243 1448 :
1283 1414 1303 1446 ι
1333 1395 1708 1452 Admonentes
1738 1412 1958 1452 omnem
1991 1397 2171 1453 homi-

490 1539 501 1544 g
592 1491 722 1531 nem
770 1478 826 1535 in
879 1480 1032 1533 omni
1082 1479 1376 1549 sapientia,
1428 1489 1490 1534 ut
1535 1480 1899 1537 exhibeamus
1946 1497 2167 1538 omnem

592 1569 876 1626 hominem
912 1570 1220 1639 perfectum
1265 1573 1323 1626 in
1356 1572 1577 1630 Christo
1601 1574 1756 1639 Jesu,
1787 1575 1841 1629 in
1874 1591 1987 1645 quo
2005 1584 2062 1631 et
2091 1578 2171 1631 la-

592 1659 732 1715 boro
762 1659 1056 1717 decertans
1080 1663 1146 1717 ".
1186 1682 1204 1712 ι
1240 1663 1535 1719 Timotheo
1563 1680 1823 1734 quoque:
1867 1684 1885 1716 ι
1931 1666 2167 1722 Attende

2242 486 2477 555 ,στροφῇ
2533 485 2700 561 ἁγία·
2759 482 2926 559 ὁσίως
2974 483 3075 537 καὶ
3125 483 3359 548 δικαίως
3398 484 3856 555 πολιτευόμενος,

2268 570 2453 641 τηρῶν
2506 573 2608 625 ὅσα
2663 571 2817 625 ἐστὶν
2870 572 3033 641 ἁγνὰ,
3072 574 3174 628 ὃτα
3223 574 3425 645 σεμνὰ,
3448 580 3616 637 εἴτις
3667 577 3856 646 ἀρετὴ,

2270 660 2527 725 καὶεῐτις
2558 661 2877 726 intime,“
2886 679 2970 725 τις
3002 661 3280 733 εὔφημος·
3315 663 3599 733 ὠφελείας
3637 664 3860 736 διόρθω-

2271 769 2357 816 σις
2392 753 2627 821 γινέσθω
2672 755 2803 824 παρ’
2841 753 3032 818 αὐτοῦ,
3078 755 3317 809 ἐκδικεῖν
3344 755 3521 809 αὐτοῦ
3569 756 3673 809 τὸν
3702 757 3861 810 τύπον

2271 844 2331 897 ἐν
2384 844 2534 916 πάσῃ
2590 844 2881 916 ἐπιμελείᾳ⁸
2939 849 3311 923 πνευματικῇ,
3372 848 3711 918 φροντίζειν
3764 850 3861 919 τῆς

2270 932 2518 998 ἐνὼσεως
2571 935 2680 990 τῶν
2738 935 2942 1006 μελῶν,
2981 932 3050 1009 ἦς
3085 937 3240 991 οὐδὲν
3288 939 3542 1008 ἄμεινον.
3604 939 3860 1011 [Πάντων

2270 1024 2556 1095 ἀνέχεσθαι
2608 1028 2666 1080 ὲν
2714 1025 2990 1099 ἀγάπῃτ]
3030 1029 3246 1091 Πάντας
3280 1028 3609 1099 βαστάζειν,
3649 1031 3735 1094 ὡς
3769 1033 3860 1085 καὶ

2270 1116 2432 1179 αὐτὸν
2463 1118 2494 1170 ὁ
2530 1117 2755 1188 Κύριος.
2806 1119 3201 1192 Προπυχὲσθω
3243 1121 3387 1193 ὑπὲρ
3428 1122 3670 1175 πάντων
3712 1121 3862 1174 ἀδια-

2270 1209 2525 1273 λείπτως.
2574 1211 2756 1264 Αίτείν
2809 1208 3024 1265 σύνεσιν
3055 1210 3456 1281 πνευματικὴν,
3489 1212 3580 1273 εἰς
3622 1210 3694 1263 τδ
3743 1209 3858 1262 δια-

2270 1300 2478 1370 κρίνειν
2507 1300 2670 1354 αὑτὸν
2703 1305 2774 1358 τὰ
2806 1302 3176 1376 συμφέροντα·
3211 1303 3538 1373 γρηγορεῐν,
3578 1302 3860 1371 μεριμνᾲν

2271 1393 2399 1462 περὶ
2430 1391 2648 1448 πάντων
2667 1409 2683 1423 '
2717 1394 2786 1450 τὰ
2822 1395 3195 1463 ἐλαττώματα
3222 1393 3465 1455 πάντων,
3501 1393 3604 1444 καὶ
3631 1391 3740 1452 τὰς
3770 1391 3859 1443 v6-

2271 1473 2395 1546 σους
2441 1481 2733 1553 βαστάζειν
2783 1489 2863 1547 ὡς
2914 1483 3118 1547 τέλειος
3188 1484 3449 1554 ἀθλητής.
3510 1482 3699 1535 Ὅπου
3752 1480 3859 1550 γὰρ

2272 1572 2471 1625 πλείων
2524 1573 2741 1636 κόπος..
2771 1574 2906 1627 πολὺ
2950 1573 3049 1629 καὶ
3093 1566 3153 1626 τδ
3195 1574 3406 1644 κέρδος.
3452 1572 3603 1636 Τοὺς
3657 1571 3860 1635 καλοὺς

2274 1661 2523 1732 μαθητὰς
2573 1664 2668 1718 ἐὰν
2722 1664 2875 1734 φιλῇ,
2925 1663 3089 1734 χάρις
3138 1664 3289 1735 αὗτῷ
3335 1665 3439 1718 οὐκ
3492 1663 3677 1727 ἐστιν,
3724 1663 3860 1718 ἀλλᾶ

590 1751 839 1814 lectioni,
863 1754 1259 1818 cxhortationi,
1290 1755 1555 1810 doctrinae
1587 1773 1600 1809 :
1645 1759 1787 1812 insta
1819 1756 1874 1811 in
1914 1757 2003 1811 his
2031 1758 2097 1812 “.
2141 1776 2161 1809 ›

2273 1752 2470 1822 μᾶλλον
2500 1753 2628 1816 τοὺς
2654 1753 3077 1822 ἁπειθεστέρους
3105 1755 3164 1808 ὲν
3190 1754 3461 1825 πραότητι
3492 1755 3857 1807 ὑποπάσσειν.

591 1832 848 1910 Ephesiis
876 1842 1020 1897 idem
1053 1844 1133 1898 ait
1162 1862 1174 1897 :
1216 1864 1235 1894 ι
1282 1843 1552 1899 Mcmores
1574 1846 1729 1907 estis,
1763 1846 1895 1916 quia
1927 1863 2025 1916 per
2054 1857 2168 1902 tres

589 1947 769 1987 annos
793 1943 955 1989 nocte
996 1950 1061 1990 ac
1095 1935 1188 1991 die
1222 1952 1334 1991 non
1361 1937 1569 1991 cessavi
1611 1952 1739 1992 cum
1775 1938 2034 2009 lacrymis
2066 1942 2165 1994 ad-

591 2036 820 2079 monere
872 2042 1325 2098 unumquemque
1380 2026 1628 2085 vestrum
1678 2030 1747 2083 ’³.
1811 2049 1829 2080 ι
1895 2031 2166 2088 Rursus:

598 2133 616 2164 ς
659 2113 960 2185 Argentum
1003 2126 1098 2172 aut
1124 2133 1319 2172 aurum
1359 2129 1454 2174 aut
1487 2128 1695 2174 vestem
1728 2119 1939 2175 nullius
1964 2135 2168 2176 concu-

589 2204 733 2274 pivi;
773 2206 877 2275 ipsi
914 2207 1064 2261 enim
1097 2209 1274 2275 scitis,
1320 2210 1447 2279 quia
1483 2200 2078 2269 necessitatibus-meis
2112 2222 2170 2269 et

592 2296 686 2366 qui
744 2313 963 2363 mecum
1017 2310 1168 2360 sunt,
1232 2302 1685 2358 ministraverunt
1742 2316 1940 2359 manus
1976 2305 2164 2361 istae:

591 2388 779 2442 omnia
812 2390 1028 2446 catendi
1052 2391 1228 2456 vobis,
1270 2393 1531 2462 quoniam
1560 2394 1640 2449 sic
1660 2394 1976 2451 laborantes
1999 2411 2167 2466 opor-

595 2487 669 2532 tet
710 2480 993 2550 suscipere
1035 2482 1286 2553 infirmos
1329 2484 1395 2536 ".
1447 2503 1466 2536 ι
1498 2484 1580 2538 Ad
1605 2485 1754 2540 hunc
1781 2500 1912 2540 sane
1943 2486 2166 2541 modum

590 2574 891 2627 contendat
922 2590 1126 2646 prmses
1158 2575 1362 2645 quivis,
1407 2584 1467 2630 ut
1492 2575 1665 2630 forma
1696 2576 1769 2630 sit
1797 2585 1962 2646 atque
1983 2593 2169 2637 exem-

591 2663 713 2737 plar
763 2680 863 2726 suo
902 2666 1051 2736 gregi
1103 2666 1160 2720 in
1209 2667 1356 2727 omni
1394 2668 1612 2737 justitia
1653 2677 1710 2722 et
1745 2667 2166 2722 conversatione

590 2765 1005 2820 sancta,sancte
1037 2765 1092 2812 et
1109 2759 1258 2826 juste
1289 2758 1991 2825 conversatus,observans
2018 2754 2178 2839 quas?

590 2863 811 2917 cunque
853 2857 983 2902 sunt
1023 2848 1248 2911 munda,
1300 2864 1642 2918 quaecunque
1683 2848 1919 2918 pudica;
1967 2847 2012 2903 si
2057 2863 2166 2918 qua

588 2939 768 2995 virtus
813 2949 921 3005 est,
950 2940 997 2994 si
1028 2955 1137 3010 qua
1185 2939 1329 3005 laus,
1376 2940 1422 2995 si
1457 2938 1584 3010 quis
1614 2939 1771 2995 bona:
1818 2938 1977 2994 fama:
2004 2939 2050 2970 "
2086 2956 2099 2992 :
2135 2954 2167 2993 a

590 3029 818 3099 praelato
850 3028 1027 3100 frugis
1086 3029 1244 3085 bonae
1276 3039 1440 3099 atque
1472 3029 1730 3084 utilitatis
1763 3029 1939 3100 gratia
1978 3044 2167 3084 corre-

2275 1843 2350 1896 Οὐ
2388 1844 2494 1897 πᾶν
2536 1843 2759 1914 τραῦμα
2787 1846 2853 1915 τῇ
2896 1844 3036 1915 αὐτῇ
3071 1844 3409 1913 ὲμπλάστρῳ
3446 1843 3855 1913 θεραπεύεται·

2272 1936 2396 1997 τοὺς
2458 1935 2837 2005 παροξυσμοὺς
2882 1935 2944 1986 ὲν
2991 1935 3213 2005 βροχαῖς
3263 1934 3345 1987 δεῖ
3389 1934 3613 1989 παύειν.
3675 1934 3859 1987 Ἔστω

2275 2026 2538 2096 φρόνιμος
2587 2029 2647 2078 ἐν
2696 2027 2864 2080 πᾶσιν
2906 2026 2984 2088 ὡς
3033 2026 3302 2094 οί-ὅφεις,
3346 2025 3444 2078 καὶ
3476 2025 3757 2096 ἀκέραιος
3785 2025 3860 2088 ὡς

2274 2122 2331 2173 αἱ
2381 2118 2736 2189 περιστεραίυ
2787 2118 2874 2172 ἵνα
2932 2119 3006 2172 τὰ
3055 2117 3155 2188 μὲν
3200 2119 3509 2187 φαινόμενα
3552 2118 3745 2171 αὐτῶν
3780 2119 3859 2179 εις

2275 2213 2566 2283 πρόσωπον
2594 2211 2885 2283 κολακεύῃ,
2914 2213 2984 2264 τὰ
3010 2211 3071 2265 δὲ
3104 2211 3312 2283 ἀόρατα
3353 2214 3480 2281 αἰτῇ
3532 2211 3858 2282 φανερωθῇ-

2274 2325 2360 2362 ναι
2388 2306 2571 2377 αὐτῷ’-
2602 2308 2689 2361 ἴνα
2724 2306 2957 2375 μηδενὸς
2987 2305 3269 2376 λείπηται,
3300 2304 3420 2359 ἀλλ’
3459 2307 3525 2357 ὲν
3556 2305 3734 2380 παντὶ
3762 2321 3858 2374 χα-

2278 2400 2502 2470 ρίσματι
2533 2382 2854 2473 περισσεύη.
2907 2398 2966 2451 '0
3012 2396 3200 2468 καιρὸς
3229 2396 3341 2465 γὰρ
3368 2397 3623 2473 ’ἀπαιτεῖ
3670 2395 3855 2455 αὑτὸν,

2272 2490 2348 2552 ὡς
2400 2488 2740 2559 κυϐερνήτην
2773 2487 2910 2556 πρὸς
2949 2488 3076 2549 τοὺς
3118 2487 3351 2555 ἀνέμους
3387 2486 3481 2537 καὶ
3514 2486 3623 2547 τὰς
3664 2501 3857 2552 τρικυ-

2276 2581 2409 2651 μίας
2450 2579 2548 2634 καὶ
2594 2578 2759 2644 ζάλας
2787 2579 2897 2631 τῶν
2925 2577 3249 2648 πνευμάτων
3288 2577 3388 2646 τῆς
3418 2576 3695 2645 πορνείας
3728 2575 3856 2643 στῆ-

2273 2689 2361 2726 ναι
2388 2670 2776 2739 γενναίως,καὶ
2800 2669 3014 2740 ὁδηγεῖν
3037 2669 3165 2731 τοὺς
3188 2665 3631 2737 χειμαζομένους
3650 2666 3750 2717 ἐπὶ
3766 2667 3857 2717 τὸν

2273 2761 2468 2830 λιμένα
2505 2760 2600 2814 τοῦ
2656 2759 2960 2829 θελήματος
3010 2758 3106 2811 τοῦ
3156 2757 3315 2825 Θεοῦ.
3363 2756 3535 2824 Λέγει
3568 2756 3628 2809 δὲ
3686 2755 3787 2807 καὶ
3828 2756 3858 2807 ὀ

2274 2852 2476 2925 Κύριος
2501 2870 2516 2884 ο
2549 2872 2569 2906 ‹
2600 2852 2673 2908 Et
2689 2869 2772 2916 τις
2803 2851 2947 2905 θέλει
2981 2851 3041 2904 ἐν
3087 2850 3216 2919 ὑμῖν
3264 2847 3466 2917 μείζων
3513 2841 3690 2910 εῖναι,
3720 2848 3855 2899 ἔστω

2275 2946 2490 3005 πάντων
2521 2942 2705 3006 δοῦλος
2729 2942 2827 2997 καὶ
2859 2943 3079 2996 πάντων
3106 2940 3376 3003 διάκονος.
3440 2937 3556 2992 Καὶ
3588 2939 3619 2990 ὁ
3651 2935 3855 3007 μείζων

2272 3038 2330 3091 ὲν
2363 3037 2514 3106 ὑμῖν,
2551 3032 2788 3103 γενέσθω
2829 3033 2905 3096 ὡς
2945 3033 2975 3084 ὁ
3008 3031 3308 3101 νεώτερος·
3344 3030 3441 3082 καὶ
3476 3030 3506 3080 ὁ
3538 3028 3850 3098 ἡγούμενος

590 3120 701 3175 ctio
730 3121 1014 3190 procedat,
1047 3121 1231 3175 locum
1264 3136 1426 3176 suum
1458 3129 1519 3174 ut
1562 3120 1866 3175 tueatur-in
1900 3122 2050 3175 omni
2076 3121 2165 3175 di-

2271 3129 2345 3190 ὡς
2374 3129 2403 3179 ὁ
2427 3123 2708 3179 διακονῶν.
2744 3142 2763 3175 t
2785 3121 2966 3182 Τύπος
3006 3115 3100 3174 οὖν
3125 3116 3382 3187 γινέσθω,
3409 3118 3483 3181 ὡς
3511 3120 3767 3186 εῑρηται,
3801 3117 3856 3167 ἓν

587 3212 813 3283 ligentia
840 3210 1136 3281 spirituali,
1162 3211 1383 3266 laudem
1406 3219 1466 3265 ut
1485 3221 1747 3280 procuret
1767 3211 2164 3275 membrorum,

2271 3218 2444 3270 ἆπααι
2477 3217 2589 3277 τοῖς
2632 3213 2722 3266 ὑπ’
2755 3212 2918 3266 αὑτὸν
2949 3207 3451 3279 ταπεινοφροσύνης
3490 3214 3509 3233 ⁸
3558 3203 3636 3267 ὡς
3691 3205 3792 3257 καὶ
3830 3218 3857 3251 ο

590 3320 696 3373 qua
754 3303 953 3357 melius
980 3302 1118 3356 nihil
1152 3311 1255 3357 est.
1291 3300 1515 3365 Omnes,
1552 3311 1614 3356 ut
1656 3311 1879 3371 oportet
1923 3302 2086 3369 tsicut
2113 3310 2168 3357 ct

2271 3307 2473 3379 Κύριος
2519 3303 2695 3372 λέγων
2723 3318 2738 3332 ·
2776 3322 2794 3355 ι
2842 3303 2903 3354 '0
2948 3299 3077 3362 Υἱὸς
3103 3298 3210 3365 ,τοῦ
3236 3295 3528 3365 ἀνθρώπου
3574 3294 3683 3346 οὐκ
3726 3288 3855 3361 ἦλθε

593 3398 772 3466 ipsum
800 3395 1110 3463 Dominus),
1136 3408 1351 3457 omnes,
1372 3394 1615 3463 inquam.
1641 3394 1782 3449 ferat
1797 3394 1855 3449 in
1871 3395 2167 3459 charitate,

2271 3396 2679 3467 διακονηθῆναι,
2698 3394 2833 3449 ἀλλὰ
2859 3392 3204 3463 διακονῆσαι,
3223 3389 3321 3445 καὶ⁵
3342 3386 3527 3442 δοῦναι
3552 3387 3657 3454 τὴν
3676 3384 3856 3454 ψυχὴν

592 3501 692 3554 pro
741 3485 1001 3540 omnibus
1048 3486 1254 3556 jugiter
1298 3493 1439 3548 oret,
1473 3485 1716 3554 postulet
1749 3485 2168 3556 intelligentiam

2274 3486 2441 3545 αὐτοῦ
2484 3486 2680 3558 λύτρον
2719 3488 2840 3540 θιντὶ
2873 3484 3105 3538 πολλῶν.
3145 3502 3165 3536 t
3204 3482 3315 3536 Καὶ
3346 3479 3506 3533 πάλιν
3531 3496 3547 3507 ·
3596 3496 3616 3528 t
3666 3477 3856 3546 'l’psi;

591 3579 934 3647 Spiritualem
976 3578 1077 3633 sibi
1124 3579 1387 3643 conferri,
1417 3590 1477 3633 ut
1499 3594 1624 3648 qua:
1661 3593 1998 3648 magnopere
2038 3593 2168 3632 con-

2274 3582 2332 3634 δὲ
2374 3581 2450 3652 μὴ
2496 3579 2732 3651 κληθῆτε
2768 3574 3100 3647 καθηγηταί.
3148 3567 3243 3635 Εἷς
3273 3572 3381 3638 γάρ
3428 3571 3579 3621 ἐστιν
3646 3569 3678 3620 ὁ
3721 3566 3857 3619 καθ-

591 3671 821 3745 ducunt,
848 3670 1068 3725 noverit
1104 3669 1446 3735 discernere,
1479 3669 1789 3740 pervigilet,
1835 3669 1904 3722 de
1939 3669 2168 3740 singulis

2280 3672 2491 3744 ηγητὴς
2520 3670 2687 3742 ἡμῶν⁴
2703 3670 2732 3721 ὁ
2756 3667 3011 3739 Χριστός.
3037 3684 3056 3717 ι
3078 3662 3236 3733 Αὐτῷ
3254 3664 3288 3733 ἠ
3308 3660 3438 3733 δόξα
3463 3660 3543 3721 είς
3567 3659 3701 3720 τοὺς
3730 3657 3856 3709 uitii-

592 3765 751 3817 anxic
782 3762 1072 3827 sollicitu_s,
1103 3763 1352 3819 omnium
1399 3760 1650 3815 defectus
1679 3776 1745 3814 ac
1793 3760 2017 3816 morbos
2066 3777 2170 3831 pro
2278 3781 2393 3827 νας.
2440 3764 2631 3834 'Apijv.
2790 3810 2801 3816 _
3140 3815 3151 3825 ,

593 3858 817 3912 modulo
838 3855 1069 3913 rationis
1086 3855 1263 3909 discat
1284 3854 1427 3910 ferre
1445 3854 1601 3924 quasi
1626 3852 1905 3922 perfectus
1926 3853 2180 3909 athletes.
2200 3855 2304 3910 Ubi
2320 3854 2468 3911 enim
2488 3852 2827 3924 fatigationis
2849 3849 3022 3906 moles
3040 3850 3233 3918 major,
3251 3846 3330 3901 ibi
3351 3844 3525 3914 major
3546 3842 3856 3942 etiamnum

591 3957 852 4020 quiestus.
878 3949 1033 4016 Quod
1064 3949 1110 4002 si
1136 3946 1544 4002 multitudinem
1573 3946 1970 4016 discipulorum
1996 3945 2130 4001 velit
2164 3963 2458 4020 aggregare
2485 3948 2766 4018 copiosam
2794 3965 2807 3999 :
2841 3959 2951 3998 non
2988 3942 3175 3997 statim
3212 3940 3290 3994 illi
3326 3937 3500 4009 gratia
3520 3945 3645 4001 est;
3681 3932 3782 3990 sed
3810 3932 3856 3986 si

594 4041 774 4096 minus
795 4040 945 4095 dicto
978 4038 1269 4095 audientes
1296 4046 1461 4107 atque
1489 4037 1950 4093 intractabiliores
1978 4037 2047 4092 ad
2076 4038 2317 4094 oiiicium
2357 4050 2416 4096 et
2454 4039 2850 4100 obedientiam,
2878 4035 3103 4090 amabili
3129 4034 3355 4088 lenitate
3378 4046 3508 4100 erga
3542 4029 3673 4082 illos
3701 4044 3855 4088 usuS.

592 4134 904 4189 revocarit:
931 4149 1042 4187 non
1078 4132 1226 4188 enim
1257 4132 1458 4185 vulnus
1486 4145 1650 4185 omne
1681 4118 1794 4184 uno
1816 4140 1872 4185 et
1900 4131 2095 4186 eodem
2130 4140 2359 4187 curatur
2393 4131 2715 4202 emplastro.
2753 4129 2994 4185 Curandi
3032 4126 3264 4181 veniunt
3296 4120 3612 4192 paroxysmi
3660 4120 3859 4189 prolu-

591 4230 756 4284 vione
781 4226 1062 4299 et.crebra
1088 4224 1362 4283 inlusione
1394 4223 1768 4278 bumidorum.
1798 4224 1857 4277 In
1886 4224 2147 4279 omnibus
2177 4224 2395 4280 imitare
2428 4224 2774 4310 prudentiam
2808 4221 3116 4291 serpentis,
3154 4216 3527 4273 columbinam
3566 4215 3856 4269 mulator

595 4317 1000 4387 simplicitatem
1034 4333 1059 4368 :.
1084 4324 1143 4367 ut
1177 4328 1302 4384 qua:
1345 4313 1451 4366 sibi
1499 4312 1722 4383 quidem
1751 4322 1942 4382 patent
1974 4315 2028 4371 iu
2056 4314 2275 4379 faciem,
2313 4307 2623 4371 observet}
2654 4328 2778 4383 qua:
2805 4323 2993 4369 autem
3029 4311 3218 4365 minus
3266 4308 3322 4362 in
3364 4307 3673 4374 conspicuo
3707 4314 3857 4369 sunt,

594 4413 839 4479 postulet
874 4409 979 4463 sibi
1020 4406 1382 4469 manifestari,
1419 4406 1492 4460 ita
1536 4416 1595 4459 ut
1628 4407 1779 4461 nulla
1810 4422 1871 4461 re
1902 4407 2260 4473 destituatur,
2287 4409 2383 4465 sed
2423 4408 2577 4463 omni
2609 4406 2859 4462 abundet
2890 4404 3114 4475 gratia.
3144 4402 3535 4473 Opportunum
3589 4411 3730 4481 sane
3767 4397 3854 4457 sit,

594 4514 685 4569 ut,
711 4519 812 4559 ceu
842 4502 1138 4558 nauclerus
1168 4499 1480 4570 quispiam,
1515 4514 1781 4568 generose
1812 4500 2103 4561 conﬁrmet
2138 4516 2198 4556 se
2234 4500 2506 4557 adversus
2556 4509 2849 4554 ventorum
2904 4498 3181 4557 turbines,
3236 4495 3493 4563 ingentes
3539 4489 3751 4544 ﬂuctus
3800 4497 3857 4541 et

592 4595 884 4663 naufragus
908 4591 1178 4662 procellas
1206 4583 1574 4658 undecunque
1611 4589 1906 4657 aspirantis
1934 4591 2157 4646 malitia:
2180 4610 2193 4645 :
2217 4593 2319 4648 viai
2347 4591 2574 4663 praedux
2602 4600 2664 4645 ut
2691 4590 2766 4645 sit
2794 4590 2864 4662 ad
2894 4595 3114 4659 portum
3150 4601 3323 4656 usque
3362 4584 3570 4638 divinae
3598 4582 3858 4636 volunta-

595 4686 685 4747 tis,
718 4686 785 4740 iis
820 4686 915 4755 qui
957 4683 1242 4759 undisonae
1280 4679 1623 4750 tempestatis
1657 4679 1935 4749 agitantur
1962 4680 2253 4738 .ﬂuctibus.
2299 4682 2657 4748 Dicit-autem
2686 4692 2747 4736 et
2774 4679 3043 4734 Dominus
3073 4696 3086 4730 :
3120 4697 3136 4731 ι
3172 4676 3229 4732 Si
3259 4675 3384 4745 quis
3407 4674 3528 4728 vult
3566 4672 3720 4726 inter
3764 4683 3857 4724 vos

592 4779 770 4848 major
797 4793 941 4840 esse,
968 4775 1270 4837 sit‘minor,
1298 4784 1353 4828 et
1381 4773 1478 4845 qui
1504 4784 1720 4842 praeest,
1743 4773 2101 4828 ministret“.
2125 4793 2144 4824 ι
2176 4774 2365 4843 Itaque
2398 4789 2501 4829 ceu
2537 4774 2750 4829 dictum
2782 4771 2918 4832 mihi
2945 4779 3050 4834 est,
3087 4770 3157 4825 iis
3177 4768 3271 4837 qui
3309 4776 3415 4821 tua:
3441 4776 3575 4821 sunt
3605 4765 3856 4832 ditionis,

594 4870 857 4925 modesta:
910 4864 1239 4923 humilitatis
1287 4873 1407 4918 esto
1438 4864 1676 4918 formula
1744 4862 1800 4916 in
1849 4863 2127 4918 omnibus.
2190 4863 2268 4917 Ita
2316 4864 2463 4917 enim
2518 4872 2575 4918 et
2614 4863 2888 4919 Dominus
2927 4878 2941 4913 :
2982 4879 3001 4911 ι
3033 4859 3203 4923 Filius
3257 4852 3497 4913 hominis
3544 4874 3658 4913 non
3710 4860 3857 4913 venit

595 4962 924 5027 ministrari,
953 4960 1048 5015 sed
1083 4958 1423 5020 ministrare,
1464 4966 1521 5011 et
1556 4957 1688 5011 dare
1732 4956 1968 5011 animum
2002 4970 2156 5010 suam
2204 4955 2642 5024 redemptionem
2686 4970 2787 5023 pro
2824 4952 3087 5007 multis”.
3116 4971 3133 5003 ι
3178 4951 3381 5005 lterum
3416 4967 3430 5002 :
3471 4970 3490 5001 ι
3529 4950 3643 5006 Vos
3674 4964 3855 5006 autem

594 5073 679 5111 me
706 5054 935 5115 vocatis,
967 5051 1254 5124 magister.
1296 5050 1451 5106 Unus
1473 5049 1624 5103 enim
1653 5059 1738 5103 est
1766 5049 2025 5118 magister
2050 5056 2234 5104 vester
2250 5047 2315 5111 ⁸⁸,
2391 5045 2486 5115 qui
2510 5055 2596 5100 est
2616 5045 2887 5100 Christus.
2906 5039 3216 5112 tlpsigloria
3255 5041 3312 5096 in
3332 5043 3551 5095 saecula.
3587 5042 3791 5101 Amen.

1008 5165 1223 5237 1210
1256 5163 1557 5219 HOMILIA’
1589 5156 1747 5216 CXII.

1123 5279 1199 5332 De
1232 5279 1642 5332 renuntiatione.

666 5393 769 5461 Qui
811 5392 981 5448 semel
1022 5388 1227 5445 mundo
1270 5404 1588 5459 supremum
1634 5389 1769 5443 dicit
1804 5374 1945 5454 vale,
1983 5388 2051 5442 ab
2086 5386 2172 5442 his

597 5485 760 5540 debet
796 5498 1026 5537 avocare
1074 5491 1336 5544 tuentem,
1364 5496 1709 5551 quaecunque
1752 5482 1930 5536 oculis
1954 5487 2166 5549 patent,

2861 5157 2990 5210 ΛΟΓ
2995 5156 3077 5208 ΟΣ
3125 5154 3270 5207 Ρ1Β’.

2806 5267 2942 5333 Περὶ
2995 5261 3320 5329 dam/artic.

2359 5385 2415 5437 Ὀ
2456 5383 2916 5452 ἁποτασσόμενος,
2976 5377 3182 5447 ὀφείλει
3232 5377 3379 5429 κατὰ
3422 5377 3673 5431 διάνοιαν
3729 5378 3850 5448 μεθ-

2278 5477 2527 5532 ίστασθαι
2558 5477 2665 5530 τῶν
2688 5474 3004 5546 ὁρωμένων,
3031 5470 3213 5523 καὶτὰ
3241 5469 3451 5540 ἀόρατα
3481 5470 3747 5541 καθορᾷν.
3777 5471 3847 5523 Τὰ

662 5599 705 5627 ¹⁹
742 5594 922 5649 Jidic.
958 5566 1185 5653 νιι.1¹1,
1229 5610 1306 5654 ix,
1361 5592 1450 5647 48.
1528 5592 1573 5624 ’⁸
1608 5592 1746 5646 Psat.
1783 5607 1891 5645 clv.
1945 5592 2036 5658 2i,
2092 5590 2163 5646 22

2271 5593 2303 5625 ¹¹
2335 5592 2542 5646 Coloss.
2580 5607 2618 5654 ι,
2652 5591 2743 5644 '28.
2820 5591 2867 5620 "
2897 5589 3081 5658 .V'l‘im.
3115 5586 3305 5658 "316:
3383 5586 3431 5658 ν
3463 5589 3589 5643 Act.
3628 5609 3718 5644 λι.
3749 5592 3832 5643 ει.

591 5670 735 5719 "Act
792 5682 878 5724 xx,
911 5664 1097 5717 33-55.
1151 5664 1193 5693 "
1226 5664 1462 5731 Philipp.
1503 5678 1576 5727 Iv,
1610 5664 1660 5718 8.
1740 5661 2004 5717 "Matth.
2039 5676 2129 5729 xx,
2159 5661 2248 5716 26.
2301 5664 2341 5697 ’⁷
2376 5662 2540 5717 Marc.
2582 5677 2638 5725 ι,
2670 5660 2759 5716 45.
2833 5660 2877 5691 ’⁸
2909 5657 3064 5715 Joan.
3101 5673 3215 5721 xm,
3251 5657 3350 5723 1‘5;
3381 5657 3575 5713 Matth.
3612 5678 3741 5716 xxxii
3787 5663 3825 5714 8.
