3898 6304
161 278 271 345 ’ἷ81

1028 282 1355 342 HOMILIA
1393 278 1552 339 CXII
1607 301 1674 311 -
1706 273 1803 336 DE
1845 266 2498 333 RENUNTIA'I‘JONE.

3283 254 3387 319 ’ῖδὲ

116 394 245 462 γὰρ
291 381 563 464 ὁρώμενα,
600 393 932 464 πρόσκαιρα,
969 392 1035 445 τὰ
1079 393 1134 445 δὲ
1177 392 1250 461 μὴ
1284 389 1546 462 ὁρώμενα
1586 385 1748 444 αἰῶ-ο.

1836 395 1872 439 ιι
1902 400 2021 438 eam
2055 382 2119 437 ad
2148 380 2512 434 invisibilium
2544 370 3065 435 contemplatimiem
3093 369 3342 422 attollere
3367 383 3384 430 ;

109 503 241 540 νια..
281 486 376 564 Διά
407 486 564 539 τοῦτο
597 487 706 556 γὰρ
731 487 744 498 ⁸
765 485 1090 556 ὀνομάζεται
1123 487 1156 555 ἡ
1186 482 1458 553 ἀποταγὴ,
1489 483 1570 535 ὅτι
1603 479 1710 533 τῶν

112 577 336 644 γηΐνων
366 575 824 644 ἀποτασσόμενοι,
867 574 976 626 τῶν
1019 573 1364 641 ἐπουρανίων
1412 570 1712 624 συντασσός

118 668 300 737 μεθα,
348 669 444 721 καὶ
481 668 578 737 τὴν
609 667 842 746 ἐνταῦθα
885 666 1121 736 πατρίδα
1180 664 1707 734 καταλιμπάνοντες,

117 760 236 828 τὴν
276 759 388 813 ἄνω
416 757 786 830 ἐπιζητοῦμεν
828 757 1208 829 Ἰερουσαλὴμ,
1237 756 1364 819 τοὺς
1402 753 1714 823 κοσμόφρο-

119 869 236 912 νας
260 850 790 921 ἀπαυτομολοῦντες,
817 853 929 913 τοῖς
961 850 1350 919 πνευματικοῖς
1377 843 1714 915 συναμιλλώο

124 941 304 1012 μεθα.
349 941 474 993 Ἐὰν
503 937 595 994 οὖν
650 941 896 1010 θέλωμεν
935 939 1238 1010 κτήσασθαι
1280 937 1502 1009 ἀρετάς,
1549 935 1717 1004 ἀσκήο

122 1049 326 1102 σωμεν
382 1033 750 1104 ἐγκράτειαν,
805 1032 1120 1101 ὑπομονὴν,
1190 1028 1712 1100 ταπεινοφροσύνην

121 1125 234 1176 ἐπὶ
264 1125 429 1177 πᾶσιν
469 1123 527 1177 δὲ
557 1123 793 1186 τούτοις.
850 1123 950 1191 τὴν
995 1121 1194 1189 συνεχῆ
1241 1121 1546 1190 προσευχήν
1577 1136 1591 1150 ο
1619 1117 1715 1170 καὶ

125 1217 278 1286 ῥᾷον
329 1213 601 1285 ἀνύσομεν
642 1213 704 1266 τὸ
754 1213 1208 1282 σπουδαζόμενον.
1263 1211 1474 1280 Ὥσπερ
1525 1209 1633 1278 γὰρ
1691 1210 1718 1260 ό

125 1306 318 1358 θέλων
358 1305 710 1376 οἰκοδομῆσαι
743 1300 914 1370 οἷκον,
950 1307 1129 1356 πᾶσαν
1166 1303 1265 1370 τὴν
1298 1301 1432 1370 ’ύλην
1476 1317 1722 1372 προετοι-

130 1393 333 1464 μάζει,
365 1395 502 1464 πρὸς
541 1395 916 1464 καταρτισμὸν
945 1393 1047 1462 τῆς
1071 1393 1272 1456 οἰκίας,
1302 1391 1474 1455 οὓτως
1512 1393 1605 1448 καὶ
1629 1392 1720 1444 τὸν

125 1485 342 1540 ἑαυτοῦ
388 1481 569 1548 οἷκον,
621 1486 925 1546 τουτέστιν,
973 1485 1069 1555 τὴν
1119 1483 1284 1554 μονὴν
1321 1483 1420 1552 τῆς
1468 1483 1718 1553 Τριάδος.

133 1595 156 1627 ε
213 1575 366 1642 Ἐγὼ
394 1577 523 1646 γάρ,
567 1577 752 1646 φησὶν,
787 1577 881 1628 καὶ
915 1577 942 1628 ό
979 1576 1170 1643 Πατήρ
1200 1592 1324 1643 μου,
1363 1572 1719 1642 ἐλευσόμεθα,

127 1667 238 1718 καὶ
312 1665 480 1735 μονὴν
535 1665 665 1734 παρ’
731 1663 880 1734 αύτῷ
949 1665 1306 1733 ποιησόμεθα.
1374 1682 1392 1713 ›
1461 1664 1570 1715 Καὶ
1626 1663 1720 1726 τὸ,

134 1775 156 1807 ι
224 1755 456 1825 Πνεῦμα
487 1757 628 1808 οἰκεῖ
661 1757 718 1807 ἐν
757 1756 906 1824 ύμῖν.
967 1774 987 1805 ι
1037 1756 1178 1824 Πρὸς
1203 1754 1381 1817 ”τέλος
1460 1753 1556 1806 -τοῦ
1602 1753 1725 1806 κατ’
1755 1739 1802 1794 Β

127 1848 349 1919 ἀρετὴν
399 1841 541 1900 εἶναι
590 1847 728 1917 βίου,
780 1847 1046 1900 ἀκόλουθα
1103 1847 1358 1916 ὑπάρχει,
1407 1847 1722 1918 ἐγκράτεια,

131 1939 239 1990 καὶ
275 1937 543 2005 ὑπομονὴ,
571 1936 668 1990 καὶ
691 1939 724 2007 ἡ
754 1935 1248 2007 ταπεινοφροσύνη,
1279 1937 1374 1989 καὶ
1418 1938 1451 2004 ἡ
1489 1952 1726 2006 προσευ-
1752 1973 1760 1979 -

130 2030 208 2099 χή
226 2069 238 2079 .
284 2028 398 2096 Τὴν
418 2030 527 2100 γὰρ
556 2029 864 2099 ἄθραυστον
893 2029 988 2082 καὶ
1015 2028 1243 2082 ἄλεκτον
1287 2027 1635 2098 δικαιοσύνην
1677 2029 1726 2081 οἱ

134 2123 303 2176 πόνοι
353 2123 448 2176 καὶ
492 2125 543 2175 oi.
589 2123 802 2191 ἀγῶνες
845 2123 1095 2192 φύουσιν.
1147 2123 1255 2175 Καὶ
1281 2108 1432 2176 οὐδὲν
1461 2123 1508 2174 οί
1540 2121 1728 2192 μόχθοι

133 2216 287 2282 πρὸς
333 2213 394 2266 τὸ
440 2213 666 2282 μέγεθος
712 2214 811 2283 τῆς
860 2212 1249 2281 εὐκλείαςντῆς
1281 2213 1582 2282 ὑπομονῆς,
1629 2213 1730 2281 τῆς

133 2307 255 2360 ὑπὸ
291 2306 390 2368 τῆς
429 2307 628 2377 ἀρετῆς
673 2307 1036 2376 τικτομένης·
1094 2305 1281 2367 καθὼς
1326 2305 1420 2359 καὶ
1467 2307 1495 2358 ό
1525 2303 1730 2374 Κύριος

129 2397 460 2468 διαγορεύει
485 2413 498 2426 ·
546 2415 568 2446 ι
617 2398 738 2452 Ὅτι
774 2397 954 2468 θλίψιν
980 2398 1136 2463 ἒξετε
1173 2399 1232 2451 ἐν
1274 2397 1353 2467 τῷ
1391 2397 1583 2468 κόσμῳ
1606 2396 1730 2450 τού-

134 2507 244 2557 τῳ.
292 2507 309 2537 ι
345 2487 512 2555 Δῆλον
536 2488 644 2558 γὰρ
673 2488 884 2541 ὅτιτῶν
911 2488 1010 2558 μέν
1041 2487 1267 2555 ἀγώνων
1294 2489 1388 2541 καὶ
1415 2488 1524 2539 τῶν
1555 2487 1730 2541 ἄθλων

139 2563 368 2632 στάδιόν
419 2581 565 2631 ἐστιν
616 2581 644 2632 ό
691 2579 885 2651 παρὼν
936 2581 1086 2649 βίος·
1139 2581 1246 2631 τῶν
1299 2581 1354 2632 δέ
1399 2580 1651 2633 ἐπάθλων
1705 2582 1734 2633 ὀ

142 2669 390 2740 μέλλων.
437 2670 838 2740 Ἀγαπήσωμεν
883 2667 974 2724 οὖν
1024 2672 1114 2723 τὸν
1152 2671 1352 2742 Κύριον
1399 2671 1729 2742 εἰλικρινῶς,

141 2763 240 2818 ἵνα
270 2762 527 2838 παράσχῃ
559 2764 689 2832 ἡμῖν
720 2761 755 2816 ἀ
777 2763 1143 2834 ἐπηγγείλατο
1181 2766 1292 2826 τοῖς
1324 2763 1611 2831 ἀγαπῶσιν
1640 2764 1734 2817 αύ-

139 2854 242 2906 τόν
268 2871 282 2883 ⁸
322 2873 340 2904 ι
380 2854 445 2906 Ἃ
482 2853 760 2922 ὀφθαλμὸς
798 2855 898 2905 οὐκ
940 2854 1070 2918 ἴδεν,
1121 2857 1212 2907 καὶ
1243 2853 1334 2918 οὖς
1361 2856 1461 2908 οὐκ
1505 2857 1730 2927 ἤκουσε,

143 2946 247 2998 καὶ
279 2945 372 2996 ἐπὶ
415 2944 642 3014 καρδίαν
683 2943 970 3014 ἀνθρώπου
999 2947 1099 2998 οὐκ
1126 2946 1316 3017 ἀνέϐη.
1359 2965 1377 2998 ι
1426 2944 1732 3014 Ἀγωνισώ-

1813 493 1935 547 qua:
1966 475 2113 529 enim
2143 473 2426 532 videntur,
2463 465 2793 536 temporaria
2837 472 2968 518 sunt
2996 479 3010 514 :
3043 475 3165 530 qua:
3206 467 3387 512 autem

1814 565 1924 623 non
1974 566 2256 626 videntur,
2303 571 2527 616 :etcrna.
2586 558 2665 612 Eo
2711 553 2985 626 siquidem
3052 549 3388 606 renuntiatio

1815 659 2040 720 dicitur,
2075 656 2223 726 quod
2262 652 2499 709 terrenis
2544 650 2639 720 qui
2674 647 3017 706 renuntiant,
3047 645 3099 697 in
3135 641 3386 696 ordinem

1815 761 2147 821 cooptantur
2189 746 2496 803 cmlestium
2529 762 2541 796 :
2576 742 2708 796 dum
2755 740 2902 794 enim
2953 737 3189 806 patriam
3246 735 3388 788 hanc

1816 859 1926 896 non
1977 840 2135 894 inviti
2189 837 2521 898 deserimus,
2557 831 2850 888 sublimem
2881 828 3031 882 illam
3078 825 3388 894 expetimus

1815 934 2141 996 Jerusalem,
2178 931 2304 985 dum
2353 926 2542 982 mundi
2582 923 2740 980 istius
2779 921 3054 990 sapientes
3101 931 3168 970 ne
3213 916 3388 970 salute

1817 1027 2043 1099 quidem
2074 1027 2390 1096 dignamur,
2419 1019 2594 1089 magis
2623 1031 2754 1071 vero
2777 1025 3095 1080 aversamur
3127 1024 3192 1062 ac
3222 1022 3387 1075 repu-

1819 1097 2068 1186 diamus,
2139 1131 2263 1170 cum
2321 1109 2708 1182 spiritualibus
2763 1107 2899 1160 viris
2964 1111 3116 1160 tanto
3165 1097 3394 1169 propius

1820 1209 2229 1281 congredimur.
2261 1206 2504 1261 Virtutes
2531 1201 2700 1272 igitur
2731 1195 2964 1268 adipisci
2991 1207 3321 1264 magnopere
3351 1189 3393 1242 si

1821 1306 2098 1374 cupimus,
2146 1301 2199 1355 in
2234 1298 2430 1370 primis
2471 1296 2586 1365 jugi
2623 1291 2887 1349 exercitio
2921 1285 3234 1344 excolendae
3268 1291 3397 1338 sunt

1823 1399 1927 1461 ha},
1959 1395 2322 1456 continentia,
2357 1388 2642 1462 patientia,
2675 1384 2924 1440 modesta
2953 1379 3258 1436 humilitas.
3303 1376 3398 1430 llis

1823 1489 2082 1543 omnibus
2129 1485 2422 1540 continens
2459 1479 2792 1549 sutl‘ragetur
2824 1490 2890 1528 ac
2942 1486 3142 1542 perpes
3196 1466 3396 1529 oratio,

1823 1591 1880 1636 et
1924 1579 2071 1649 quod
2107 1577 2353 1631 studiose
2397 1572 2616 1628 cllicere
2669 1569 2948 1631 molimur,
2983 1565 3196 1617 minore
3229 1558 3398 1630 perﬁ-

1826 1676 2040 1729 ciemus
2087 1671 2330 1741 negotio.
2374 1667 2443 1723 Ut
2479 1666 2626 1720 enim
2676 1664 2898 1717 domum
2938 1655 3277 1713 exmdiﬁcare
3305 1653 3399 1722 qui

1829 1767 1967 1831 vult,
2002 1765 2288 1820 materiam
2321 1769 2549 1832 apparat
2573 1760 2728 1829 prius
2745 1758 2965 1812 fabrica:
2997 1753 3258 1809 omnibus
3286 1750 3402 1806 suis

1829 1858 2078 1929 partibus
2140 1853 2490 1910 absolvendze
2542 1852 2823 1913 idoneam,
2872 1849 2945 1902 ita
2991 1857 3047 1901 et
3095 1845 3189 1915 qui
3248 1858 3403 1898 suam

1829 1945 2004 2016 ipsius
2033 1945 2282 2009 domum,
2310 1941 2650 1998 domicilium
2678 1955 2874 2009 nempe
2898 1943 3260 1991 sacrosancta
3281 1933 3407 1988 Tri-

1829 2040 2020 2094 nitatis
2050 2037 2276 2092 molitur
2303 2044 2606 2090 exstruere.
2645 2051 2662 2084 ι
2695 2032 2807 2101 Ego
2831 2031 3004 2092 enim,
3031 2028 3131 2092 ait,
3159 2035 3212 2081 et
3245 2027 3406 2080 Pater

1831 2146 1987 2185 meus
2039 2129 2327 2184 veniemus
2375 2135 2431 2180 et
2476 2125 2816 2179 mansionem
2867 2120 3011 2191 apud
3059 2135 3183 2174 eum
3235 2117 3403 2172 facie-

1832 2240 1955 2278 mus
1984 2224 2049 2275 ”.
2095 2240 2114 2274 ι
2151 2221 2221 2276 Ει
2256 2219 2390 2274 illud
2422 2235 2435 2272 :
2487 2237 2506 2268 ι
2543 2216 2782 2286 Spiritus
2811 2223 3034 2268 sanctus
3069 2211 3163 2281 qui
3193 2209 3406 2264 habitat

1831 2312 1888 2366 in
1919 2310 2078 2365 vobis
2113 2310 2180 2364 ³ο.
2225 2327 2243 2359 ι
2287 2307 2367 2363 Ad
2413 2306 2576 2361 tinem
2620 2305 2747 2359 vita:
2795 2302 2958 2357 istius
2987 2301 3054 2369 (si
3101 2298 3405 2355 secundum

1831 2405 2092 2458 virtutem
2126 2399 2472 2471 transigitur)
2501 2399 2586 2453 hae
2611 2397 2795 2452 adsint
2827 2394 3128 2449 individua:
3155 2391 3405 2454 comites,

1833 2491 2195 2556 continentia,
2235 2491 2526 2561 patientia,
2560 2487 2808 2543 modesta
2851 2486 3160 2548 humilitas,
3189 2493 3245 2538 et
3285 2498 3409 2536 ora-

1836 2581 1932 2635 tio.
1969 2581 2308 2636 lneﬂ'abilem
2344 2580 2491 2632 enim
2517 2577 2783 2648 justitiam
2815 2591 2918 2631 nec
2953 2574 3244 2645 aliquando
3269 2573 3412 2626 otio-

1835 2689 1948 2728 sam
1983 2683 2076 2726 aut
2111 2671 2454 2725 desinentem
2487 2667 2707 2722 labores
2742 2672 3113 2735 progenerant
3149 2678 3211 2718 ac
3249 2662 3414 2732 spiri-

1838 2765 2012 2819 tuales
2042 2762 2355 2818 conﬂictus.
2405 2760 2482 2814 Ne
2524 2759 2663 2812 tanti
2689 2756 2915 2827 quidem
2961 2754 3272 2810 aestimandi
3315 2769 3410 2806 ve-

1836 2859 1998 2912 n‘iunt
2031 2855 2248 2910 labores
2291 2853 2477 2908 collati
2511 2851 2580 2905 ad
2610 2849 3048 2920 magnitudinem
3083 2847 3412 2902 felicissima:

1839 2949 1984 3002 illius
2030 2945 2237 3016 εισι-ξω,
2284 2959 2448 3013 quam
2497 2941 2643 3012 parit
2685 2939 2909 2995 virtutis
2946 2938 3215 2999 studium,
3259 2937 3414 3005 juxta

149 3037 300 3107 μεθα
343 3037 565 3106 νικῆσαι
609 3037 707 3107 τὴν
747 3039 944 3109 σάρκα,
999 3040 1090 3092 καὶ
1135 3038 1195 3092 τὸ
1227 3039 1430 3109 ταύτης
1461 3038 1732 3109 φρόνημα,

1838 3041 2055 3097 Domini
2098 3037 2405 3093 doctrinam
2444 3034 2718 3089 dicentis:
2759 3052 2776 3083 ι
2816 3031 2954 3098 Quia
2995 3029 3412 3084 tribulationem

149 3131 213 3181 ἐν
241 3127 514 3198 πνεύματι
547 3129 681 3182 Θεοῦ
701 3147 716 3162 ο
757 3132 1068 3200 νικήσωμεν
1106 3132 1196 3184 τὸν
1222 3131 1463 3185 Σατανᾶν
1493 3131 1585 3184 τὸν
1603 3130 1733 3202 δρά-

150 3236 328 3274 κοντα
379 3219 438 3271 ἐν
466 3218 543 3288 τῷ
586 3221 970 3290 ἐνδυναμοῦντι
1019 3222 1162 3290 ἡμᾶς
1187 3221 1429 3292 Χριστῷ.
1481 3223 1737 3292 ’Ᾱρωμεν

150 3311 250 3363 τὸν
282 3311 537 3380 σταυρδν,
589 3313 684 3364 καὶ
733 3313 1189 3382 ἀκολουθήσωμεν
1223 3313 1300 3381 τῷ
1331 3313 1590 3383 νικοποιῷ
1639 3313 1740 3382 ’1η-

152 3399 280 3454 σοῦ.
343 3399 765 3469 Ἀγωνισὼμεθα
794 3397 888 3454 οὖν
912 3400 1141 3470 δραμεῖν
1180 3401 1382 3463 εὐθέως
1419 3403 1515 3454 καὶ
1546 3419 1740 3454 πεποι-

155 3491 360 3552 θότως,
388 3490 477 3542 ἵνα
515 3491 915 3558 καταλάϐοιμεν
959 3491 1020 3544 τὸ
1050 3491 1300 3561 βραϐεῖον
1331 3492 1429 3560 τῆς
1455 3491 1566 3544 ἀνω
1613 3493 1741 3563 κλή-

153 3600 306 3646 σεως
337 3583 395 3635 ἐν
421 3583 662 3652 Χριστῷ.
706 3585 819 3645 Πᾶς
849 3585 958 3652 γάρ
999 3587 1026 3636 ὁ
1060 3583 1268 3653 τρέχων
1315 3583 1741 3656 πεπληροφορη-

157 3674 352 3743 μένος,
384 3675 474 3725 καὶ
497 3674 598 3724 οὐκ
627 3673 856 3742 ἀδήλως,
886 3671 1299 3740 καταλαμϐάνει
1341 3673 1431 3724 τὸν
1478 3674 1743 3741 στέφανον

153 3765 258 3833 τῆς
304 3763 619 3832 ἀποταγῆς,
672 3763 767 3816 καὶ
820 3762 921 3827 τῆς
975 3762 1198 3828 ἁγνείας
1257 3762 1350 3814 τὸν
1399 3761 1744 3834 πολύμοχθον

156 3856 258 3908 καὶ
281 3853 616 3924 πολύμισθον
644 3851 893 3908 πλοῦτον.
922 3853 1128 3923 Γράφει
1175 3847 1268 3906 οὖν
1288 3855 1317 3904 ὀ
1341 3853 1546 3923 Πέτρος
1567 3870 1580 3884 ·
1603 3874 1620 3905 ι
1659 3853 1746 3918 Ὡς

156 3945 533 4018 ἀρτιγέννητα
575 3942 772 4015 βρέφη,
805 3944 1000 4011 λέγων,
1055 3944 1118 3996 τὸ
1157 3941 1379 4012 λογικὸν
1418 3944 1511 3997 καὶ
1560 3945 1746 3999 ἄδολον

158 4039 309 4107 γάλα
361 4037 772 4108 ἐπιποθήσατε,
851 4037 946 4090 ἵνα
996 4037 1054 4090 ἐν
1121 4035 1271 4106 αὐτῷ
1320 4035 1660 4106 αύξηνθῆτε*
1721 4057 1739 4089 ι

159 4130 481 4194 τουτέστιν,
503 4130 602 4198 τὴν
635 4129 911 4198 ἀκήρατον
967 4128 1153 4181 πίστιν
1173 4169 1188 4192 ,
1254 4128 1374 4199 ἥτις
1403 4128 1625 4193 αὐξάνει
1654 4129 1748 4181 καὶ

161 4221 400 4290 φωτίζει
444 4221 538 4274 τδν
570 4220 856 4290 ἄνθρωπον
901 4223 960 4273 ἐν
990 4223 1102 4282 τοῖς
1131 4221 1316 4284 καλοῖς
1343 4221 1544 4291 ἔργοις.
1586 4222 1696 4274 Καὶ
1721 4223 1750 4274 ό

168 4313 409 4375 Παῦλος·
431 4330 451 4364 1
481 4311 808 4366 Ἐνδύσασθε
835 4311 935 4382 τὴν
962 4312 1268 4367 πανοπλίαν
1298 4311 1394 4365 τοῦ
1429 4312 1586 4377 Θεοῦ,
1613 4315 1750 4385 πρὸς

1839 3133 2056 3188 habetis
2076 3132 2137 3207 in
2165 3128 2372 3184 mundo
2408 3127 2514 3181 hoc
2541 3127 2607 3179 ³¹.
2644 3143 2662 3176 ι
2699 3124 2876 3178 Vitam
2908 3123 3056 3177 enim
3087 3129 3414 3191 praesentem

1839 3226 2013 3295 liquet
2061 3237 2182 3278 esse
2217 3220 2582 3276 certaminum
2615 3226 2779 3285 atque
2812 3216 3091 3270 luctarum
3123 3212 3363 3267 stadium
3399 3230 3413 3265 :

1841 3317 2191 3387 prazmiorum
2217 3321 2403 3368 autem
2447 3327 2569 3381 quae
2608 3321 2761 3365 certo
2802 3315 3027 3362 manent
3057 3307 3298 3360 victores
3330 3305 3418 3359 fn-

1791 3466 1801 3474 ,
1845 3421 1968 3465 tura
2005 3409 2096 3463 illa
2132 3417 2218 3463 est
2263 3407 2397 3460 vita.
2431 3405 2726 3459 Dominum
2766 3403 2932 3473 igitur
2960 3401 3181 3455 sincero
3225 3398 3420 3467 diliga-

1845 3517 1968 3556 mus
1995 3500 2220 3563 affectu,
2257 3506 2320 3554 ut
2348 3496 2511 3550 nobis
2538 3512 2603 3550 ea
2625 3495 2928 3549 clementer
2963 3491 3265 3561 impartiat.
3298 3504 3421 3559 quae

1846 3590 2204 3662 diligentibus
2238 3603 2364 3643 eum
2407 3586 2669 3641 daturum
2713 3601 2771 3640 se
2804 3600 2926 3641 esse
2972 3583 3252 3654 pollicitus
3293 3591 3419 3635 est:

1852 3704 1870 3735 ι
1909 3683 2039 3749 Quae
2066 3680 2292 3752 quidem
2320 3695 2431 3733 non
2454 3679 2649 3732 oculus
2675 3676 2836 3740 vidit,
2861 3693 2972 3730 non
3005 3675 3219 3731 audivit
3247 3674 3420 3734 auris,

1845 3788 1950 3830 nec
1995 3773 2050 3826 in
2091 3786 2188 3826 cor
2238 3771 2480 3826 hominis
2510 3768 2883 3823 ascenderunt
2915 3767 2978 3821 ³².
3020 3785 3038 3819 ι
3089 3768 3284 3836 Magno
3325 3781 3422 3820 co-

1846 3873 1980 3919 natu
2028 3863 2345 3918 adnitamur
2389 3859 2821 3928 studeamusque
2855 3871 3080 3911 carnem
3129 3857 3272 3909 hanc
3305 3857 3424 3909 vin-

1848 3971 1995 4022 cere,
2041 3964 2098 4009 ct
2126 3955 2246 4024 ejus
2290 3952 2663 4024 prudentiam,
2706 3949 3000 4019 adiuvante
3049 3962 3148 4001 nos
3181 3947 3275 4000 Dei
3313 3949 3426 4015 spi-

1849 4045 1996 4111 ritu;
2048 4044 2272 4100 Christo
2323 4043 2486 4099 nobis
2532 4042 2681 4098 vires
2731 4047 3100 4112 suggerente.
3166 4037 3422 4093 Satanam

1849 4138 2145 4193 draconem
2174 4135 2576 4206 implacabilem
2618 4146 2975 4205 superemus;
3009 4131 3266 4185 tollamus
3301 4144 3428 4184 crn-

1851 4244 1992 4293 cem,
2035 4243 2442 4304 sequamurque
2472 4227 2658 4282 Jesum
2716 4227 2811 4295 qui
2859 4231 3083 4293 praastat
3113 4222 3422 4277 victoriam.

1849 4317 2028 4375 Cursu
2069 4317 2271 4398 festino
2312 4333 2417 4371 nec
2451 4317 2664 4370 minore
2703 4315 2901 4370 ﬁducia
2953 4315 3324 4376 decertemus,
3370 4321 3427 4369 ut

163 4409 228 4462 τό
286 4405 550 4460 δύνασθαι
611 4407 756 4474 ὑμᾶς
785 4406 977 4474 στῆναι
1016 4405 1154 4474 πρὸς
1195 4406 1294 4468 τὰς
1327 4405 1611 4474 μεθοδείας
1651 4407 1745 4460 τοῦ

1853 4411 2104 4466 bravium
2128 4409 2461 4479 attingamus
2492 4423 2744 4477 superna:
2757 4407 3067 4460 vecationis
3095 4406 3149 4459 in
3180 4404 3424 4459 Christo;

167 4497 420 4551 διαϐόλου
452 4513 466 4528 ’
496 4486 707 4549 ὅτιούκ
749 4495 896 4546 ἐστιν
931 4497 1065 4564 ἡμῖν
1111 4497 1144 4564 ἡ
1194 4495 1342 4564 πάλη
1392 4495 1528 4566 πρὸς
1577 4492 1745 4565 αἷμα,

169 4589 268 4642 καὶ
299 4590 480 4658 σάρκα
513 4603 528 4615 ’
564 4587 699 4641 ἀλλά
733 4584 870 4655 πρὸς
921 4586 1020 4649 τὰς
1067 4587 1264 4655 ἀρχὰς,
1302 4587 1437 4658 πρὸς
1470 4587 1570 4652 τὰς
1606 4577 1778 4653 ἐεξουοΔ

172 4680 319 4744 σίας,
358 4679 495 4750 πρὸς
538 4678 664 4741 τοὺς
709 4678 1159 4748 κοσμοκράτορας
1199 4677 1296 4730 τοῦ
1329 4679 1579 4741 σκότους,
1613 4679 1748 4749 πρὸς

171 4770 242 4823 τὰ
286 4767 638 4838 πνευματικά
662 4769 761 4837 τῆς
776 4769 1079 4838 ’πονηρίας.
1122 4787 1140 4819 ι
1177 4768 1287 4820 Καὶ
1316 4764 1472 4828 αὖθις
1497 4785 1510 4799 ο
1546 4790 1564 4820 ι
1626 4772 1748 4822 Ἐπὶ

174 4863 344 4917 πᾶσιν
397 4860 761 4921 ἀναλαϐόντες
799 4859 889 4912 τὸν
934 4859 1275 4942 θυρεδνητῆς
1307 4859 1542 4922 πίστεως
1568 4901 1582 4924 ,
1618 4863 1675 4913 ἐν
1705 4856 1749 4929 ᾧ

169 4951 468 5023 δυνήσεσθε
501 4951 679 5005 πάντα
715 4951 784 5003 τά
812 4950 941 5021 βέλη
970 4950 1062 5003 τοῦ
1099 4937 1353 5020 Ϊιονηροῦ
1383 4953 1451 5003 τά
1493 4970 1751 5023 πεπυρω-

178 5045 317 5114 μένα
382 5043 596 5097 σϐέσαι.
629 5043 727 5095 Διά
776 5043 956 5112 πάσης
991 5043 1301 5113 προσευχῆς
1357 5045 1449 5096 καὶ
1491 5044 1750 5114 δεήσεως,

174 5137 612 5206 προσευχόμενοι
665 5135 722 5186 ἐν
757 5134 919 5186 παντὶ
968 5133 1164 5205 καιρῷ,
1197 5135 1291 5188 καὶ
1320 5137 1400 5199 είς
1429 5138 1560 5190 αὐτὸ
1592 5139 1751 5192 τοῦτο

172 5227 582 5299 ἀγρυπνοῦντες
611 5227 670 5280 ἐν
698 5225 848 5295 πάσῃ
874 5227 1346 5298 προσκαρτερήσει
1393 5229 1486 5281 καὶ
1509 5229 1742 5299 δεήσει.)

175 5316 369 5380 Οὕτως
429 5317 539 5386 γὰρ
595 5314 1012 5384 ἀγωνιζόμενοι,
1049 5315 1344 5386 δυνήσεσθε
1408 5321 1467 5372 ἐν
1519 5321 1749 5394 ἀληθείᾳ.

178 5409 389 5471 ἑαυτοῖς
460 5406 930 5478 ἐμμορφὼσασθαι
985 5409 1086 5476 τὴν
1140 5409 1322 5462 είκόνα
1365 5410 1460 5464 τοῦ
1508 5413 1746 5484 Χριστοῦ

151 5498 242 5558 ,ἐν
323 5501 528 5566 πᾶσιν,
579 5500 638 5554 ἐν
691 5498 823 5570 βίῳ,
874 5498 934 5551 ἐν
1013 5501 1362 5573 ἀναστροφῇ,
1422 5505 1480 5557 ὲν
1545 5505 1747 5578 προθέ.

187 5612 307 5743 ":1
332 5595 487 5668 Joun.
518 5629 630 5671 xlv.
658 5611 746 5665 25.
860 5612 904 5642 "
945 5612 962 5665 I
991 5613 1117 5668 Cor.
1155 5629 1234 5676 Ill,
1305 5617 1384 5670 l6.

1498 5621 1536 5652 "
1579 5621 1734 5677 Joan.
1790 5639 1900 5690 χνι,
1929 5622 2018 5676 55.

1849 4502 2039 4559 Omnis
2078 4501 2226 4554 enim
2257 4501 2350 4570 qui
2390 4500 2585 4563 currit,
2627 4515 2722 4569 spe
2760 4500 2898 4552 nihil
2931 4499 3101 4553 dubia
3134 4500 3426 4558 subnixus.

1848 4609 1960 4648 non
1992 4593 2120 4647 item
2168 4593 2224 4645 in
2270 4591 2559 4651 incertum.
2613 4589 2813 4660 accipit
2864 4589 3120 4644 bravium
3172 4589 3428 4658 perlecta:

1805 4701 1808 4703 λ
1849 4679 2296 4736 renuntiationis.
2339 4679 2420 4734 Ad
2455 4679 2560 4734 hoc
2585 4694 2719 4748 opes
2769 4678 3086 4748 assequitur
3129 4677 3428 4733 sanctimo-

1852 4776 1958 4830 nia:
1989 4789 2251 4845 operosus
2291 4787 2444 4838 sane,
2477 4771 2573 4826 sed
2608 4787 2710 4826 nec
2737 4771 3002 4825 mediocri
3044 4770 3299 4824 mercede
3330 4785 3430 4823 cu-

1851 4868 2106 4922 mulatas.
2136 4867 2205 4920 Et
2233 4864 2455 4935 quidem
2483 4865 2681 4919 Petrus
2719 4863 2956 4918 scribit:
2999 4880 3018 4913 ‹
3054 4861 3222 4928 Quasi
3265 4861 3430 4915 modo

1849 4957 2019 5028 geniti
2054 4955 2312 5019 infantes,
2361 4953 2629 5008 rationale
2670 4960 2727 5008 et
2773 4952 2892 5008 sine
2937 4952 3064 5007 dolo
3093 4952 3179 5007 lac
3224 4966 3433 5007 concu-

1852 5049 2070 5120 piscite,
2112 5056 2172 5102 ut
2206 5048 2262 5102 in
2305 5047 2425 5116 ipso
2457 5045 2719 5100 crescatis
2745 5045 2811 5110 ³³,
2852 5066 2869 5094 ι
2912 5045 3119 5113 1211
3171 5045 3275 5098 hoc
3325 5052 3430 5103 est.

1857 5141 2252 5210 impermistam
2282 5125 2338 5193 et
2369 5139 2744 5206 incorruptam
2792 5137 2976 5197 ﬁdem,
3017 5145 3075 5189 ut
3123 5137 3175 5189 in
3205 5151 3267 5189 ea
3312 5150 3432 5190 crc-

1857 5233 2044 5290 scatis.
2087 5231 2298 5288 Crescit
2338 5231 2488 5285 enim
2536 5230 2592 5283 in
2640 5229 2867 5283 homine
2922 5229 3058 5282 ﬁdes
3107 5227 3432 5297 quotidiana

1856 5325 2195 5388 accessione,
2244 5323 2376 5377 dum
2432 5330 2674 5377 mentem
2725 5320 2966 5376 hominis
3024 5315 3125 5373 suo
3197 5319 3435 5372 illustrat

1856 5419 2150 5489 splendore
2192 5417 2246 5471 in
2278 5415 2440 5471 bonis
2463 5415 2729 5485 operibus
2761 5411 3158 5468 conversantis.
3189 5411 3391 5465 Paulus
3417 5425 3432 5462 :

1863 5528 1882 5561 ι
1917 5507 2135 5564 Induite
2167 5523 2261 5561 vos
2291 5515 2622 5562 armaturam
2657 5505 2753 5559 Dei
2789 5512 2848 5558 ut
2888 5503 3112 5574 possitis
3153 5510 3296 5560 stam
3339 5501 3428 5556 rd-

3287 5611 3314 5627 α

2133 5621 2175 5651 δ’
2218 5619 2320 5674 lsa.
2377 5634 2517 5682 ωιιγ,
2554 5617 2669 5683 4;Ι
2726 5616 2854 5672 Cor.
2896 5633 2952 5680 ιι,
2981 5615 3036 5669 9.
3145 5615 3167 5646 ³
3225 5655 3237 5672 .
3284 5615 3423 5675 Ξ”ξ.ιι
