4014 6310
541 263 673 333 i787
1809 274 2168 337 ANTIOCHI
2208 274 2545 337 MONACUI
3651 276 3801 342 1788

535 395 659 448 quae
695 378 836 434 nihil
869 378 1021 437 aliud
1058 396 1220 450 quam
1257 356 1458 451 repunt
1486 381 1663 449 humi,
1705 376 1845 439 viles
1869 393 1925 439 et
1950 385 2101 455 ahje-

2209 383 2339 454 πρὸς
2371 384 2460 437 τὸν
2490 382 2673 451 φόϐον.
2701 382 3015 454 Γέγραπται
3040 382 3096 435 δὲ
3127 382 3219 434 καὶ
3245 384 3396 454 ἐντῇ
3428 384 3632 455 Σοφίᾳ.
3665 408 3687 438 σ
3758 398 3799 439 υ

538 481 639 526 cla:
682 487 696 523 :
738 470 1060 525 mandatum
1110 487 1332 541 quoque
1383 472 1685 529 Salvatoris
1734 475 1909 529 nostri
1964 475 2101 531 illud

2209 476 2377 546 τιμῶν
2420 476 2627 545 πατέρα
2670 468 3023 538 ἑξιλάσκεται
3078 473 3375 543 ἁμαρτίας.
3413 494 3434 527 ι
3484 477 3619 530 Καὶ.
3674 498 3696 529 ι
3741 479 3801 533 '0

541 557 823 613 aitivolum
864 558 1089 627 (quippe
1116 558 1264 628 quod
1309 559 1366 613 in
1406 575 1700 630 supernam
1734 578 1906 632 usque
1944 562 2106 618 Jeru-

2209 560 2538 637 φοϐούμενος
2568 564 2792 635 Κύριον,
2825 564 3049 635 τιμήσει
3089 564 3179 617 τὸν
3209 564 3431 636 πατέρα
3463 565 3663 627 αὑτοῦ,
3706 570 3802 620 καὶ

537 649 708 702 salem
740 664 843 704 nos
874 662 1023 704 recta
1054 650 1355 722 provehit),
1385 652 1766 709 observemus.
1808 655 1952 710 Dicit
1992 646 2104 710 Do-

2209 653 2280 716 ὼς
2310 646 2543 724 δεσπότῃ
2585 650 2859 704 δουλεύσει
2913 646 3084 721 αύτῷ.
3127 670 3145 702 ι
3184 653 3293 704 Καὶ
3334 651 3549 707 πάλινο
3582 672 3603 702 α
3642 655 3803 723 Τέελξι

542 736 766 792 minus:
803 757 821 789 ι
856 736 959 804 Qui
991 739 1147 794 audit
1181 756 1301 804 vos,
1333 757 1422 797 me
1454 742 1631 808 audit,
1669 743 1764 814 qui
1800 754 1983 800 autem
2016 762 2105 802 me

2209 743 2296 796 τὸν
2326 743 2541 811 πατέρα
2574 742 2794 805 σου,ῖνα
2821 740 3022 811 ἐπέλθῃ
3054 758 3136 794 σοι
3159 740 3383 811 εὐλογία
3404 744 3796 814 παράύτοῦ..

542 825 714 890 audit,
751 826 905 881 audit
928 843 1053 882 eum
1082 829 1177 900 qui
1202 846 1287 906 me
1316 832 1467 888 misit
1496 833 1563 887 ".
1591 852 1609 884 ι
1642 833 1877 905 Necesse
1918 836 2106 907 itaque

542 912 615 967 sit
634 929 732 970 eos
748 915 843 985 qui
862 932 922 972 se
942 916 1249 989 disciplina:
1264 922 1708 991 substraverunt,
1729 934 1987 995 tanquam
2011 943 2108 998 pa.

544 1011 658 1058 tres
692 1013 754 1059 ut
780 1006 1037 1061 deament
1060 1024 1211 1074 suos,
1242 1009 1287 1065 si
1311 1011 1475 1065 modo
1504 1011 1621 1067 veri
1648 1021 1797 1077 sunt,
1827 1012 2106 1078 doctores,

541 1103 598 1149 et
629 1096 784 1164 quasi
832 1097 1133 1169 principes,
1186 1100 1368 1155 timori
1404 1102 1628 1158 eosdem
1663 1113 1723 1157 ut
1770 1103 2011 1158 habeant
2044 1120 2111 1160 ac

544 1193 882 1240 vereantur:
914 1204 1023 1242 non
1065 1190 1231 1245 etiam
1260 1206 1360 1261 per
1389 1193 1594 1247 amoris
1627 1193 1804 1247 mutui
1826 1193 2113 1249 familiari-

547 1282 711 1329 tatem
747 1275 867 1332 illos
898 1290 1288 1348 aspernentur,
1312 1292 1407 1336 aut
1440 1292 1591 1337 certe
1618 1301 1649 1338 a
1680 1284 1859 1355 rigore
1884 1293 2112 1355 arrepto

2207 834 2315 887 Kal.
2338 830 2520 895 πάλιν,
2550 853 2568 885 ι
2618 832 2707 885 Ἐν
2736 833 2829 903 ὅλῃ
2859 832 3059 903 καρδίᾳ
3089 850 3183 886 σου
3198 832 3423 897 δόξασον
3443 835 3539 887 τὸν
3574 835 3801 903 πατέρα

2207 941 2321 979 σου.
2362 943 2381 975 ι
2413 924 2566 978 Καὶὸ
2595 923 2843 987 Παῦλος,
2885 941 2903 973 ι
2945 922 3226 989 Πείθεσθε,
3247 923 3447 991 λέγων,
3476 927 3597 988 τοῖς
3627 928 3804 994 inmu-

2213 1017 2393 1085 μένοις
2428 1014 2602 1085 ὑμῶν,
2641 1015 2736 1073 καὶ
2761 1013 3039 1085 ύπείκετε.
3077 1015 3242 1068 Αὐτοὶ
3273 1017 3384 1087 γὰρ
3408 1016 3800 1088 ἀγρυπνοῦσιν

2209 1104 2349 1173 ὑπὲρ
2386 1103 2494 1155 τῶν
2521 1102 2710 1173 ψυχῶν
2739 1103 2917 1173 ἡμῶν,
2952 1103 3030 1166 ὡς
3070 1103 3227 1172 λόγον
3259 1103 3669 1168 ἀποδώσοντες,
3712 1106 3801 1157 ἴνα

2213 1197 2347 1266 μετά
2372 1197 2543 1267 χαρᾶς
2566 1194 2725 1248 τοῦτο
2750 1194 2972 1271 ποιῶσι,
3000 1195 3093 1249 καὶ
3128 1197 3205 1264 μὴ
3239 1178 3619 1260 στενάζοντες.
3638 1197 3803 1249 ’Δλυο

2211 1288 2416 1351 σιτελὲς
2443 1288 2551 1358 γὰρ
2575 1286 2703 1358 ὑμῖν
2727 1286 2905 1340 τοῦτο.
2950 1306 2969 1340 ι
3008 1288 3116 1340 Καὶ
3146 1283 3324 1352 αὖθις,
3372 1308 3393 1340 ι
3434 1277 3603 1343 Πᾶσα
3644 1288 3800 1360 ψυχὴ

546 1363 731 1419 sinant
761 1381 819 1420 se
871 1368 1071 1423 resolvi
1106 1377 1162 1422 et
1203 1370 1477 1436 emolliri;
1530 1372 1797 1442 scriptum
1844 1372 1993 1428 enim
2027 1380 2107 1428 est

2209 1377 2479 1443 ἐξουσίαις
2509 1377 2905 1449 ὑπερεχούσαις
2935 1377 3345 1445 ὑποτασσέσθω.
3368 1379 3460 1431 ὒύ
3496 1379 3614 1449 γὰρ
3642 1381 3801 1432 ἔστιν

552 1454 605 1507 in
650 1454 969 1524 Sapientia:
1010 1477 1029 1509 ι
1063 1459 1166 1525 Qui
1203 1460 1439 1516 honorat
1467 1471 1698 1531 patrem,
1732 1464 1974 1533 peccatis
2006 1463 2107 1517 im-

2211 1468 2448 1534 ὲξουσία,
2476 1469 2531 1522 εί
2590 1468 2665 1539 μὴ
2701 1469 2809 1522 ἀπὸ
2833 1467 2989 1522 Θεοῦ.
3018 1471 3081 1522 At
3112 1468 3168 1522 δὲ
3189 1464 3349 1523 οὖσαι
3375 1468 3655 1535 ἐξουσίαι,
3689 1471 3803 1524 ἀπὺ

547 1554 727 1614 petrat
773 1547 992 1601 veniam
1033 1549 1100 1602 ⁵³.
1152 1567 1171 1600 ι
1211 1550 1325 1604 Et:
1375 1571 1393 1602 ι
1432 1550 1535 1618 Qui
1586 1552 1744 1606 timet
1795 1553 2107 1617 Dominum,

2212 1558 2303 1611 τοῦ
2330 1558 2466 1612 Θεοῦ
2512 1558 2843 1627 τεταγμέναι
2870 1558 3027 1612 είσίν.
3064 1559 3229 1611 Ὥστε
3254 1561 3283 1612 ὁ
3320 1560 3802 1627 ἀντιτασσόμενος

545 1634 843 1691 honorabit
880 1648 1090 1707 patrem
1124 1657 1316 1706 suum,
1352 1650 1408 1696 ct
1441 1643 1598 1713 quasi
1647 1644 1881 1699 Domino
1910 1644 2107 1699 serviet

2217 1648 2283 1716 τῇ
2309 1645 2545 1716 ἐξουσίᾳ,
2576 1648 2647 1717 τῇ
2675 1644 2787 1698 τοῦ,
2807 1644 2942 1697 Θεοῦ
2987 1645 3217 1715 διαταγῇ
3254 1646 3617 1715 ἀνθέστηκεν.
3643 1648 3717 1700 οε
3740 1648 3799 1700 δὲ

545 1728 598 1782 ei
625 1728 689 1782 ⁸⁵.
730 1749 747 1780 ι
786 1729 988 1785 Iterum
1022 1750 1035 1786 :
1073 1751 1091 1783 ι
1130 1732 1351 1789 Honora
1381 1745 1593 1804 patrem
1628 1744 1802 1802 tuum,
1830 1736 2107 1793 ut'veniat

2212 1737 2621 1807 ἀνθεστηκότες,
2654 1736 2868 1798 ἑαυτοῖς
2894 1730 3066 1805 κρῖμα
3080 1735 3361 1807 λήψονται.
3398 1755 3417 1787 ι
3454 1738 3569 1791 Καὶ
3606 1735 3791 1800 αὖθις,

545 1831 713 1888 super
748 1828 801 1873 te
830 1819 1145 1877 benedictio
1174 1824 1243 1877 ab
1274 1823 1367 1879 illo
1393 1827 1457 1879 ".
1495 1844 1514 1877 ι
1555 1825 1807 1882 Rursus:
1848 1846 1867 1878 ι
1902 1827 1959 1881 ln
1995 1835 2107 1883 toto

2216 1846 2234 1879 ι
2278 1825 2368 1888 Ὠς
2397 1826 2575 1880 δοῦλοι
2606 1825 2842 1895 Χριστοῦ
2872 1825 3240 1889 ποιοῦντες-τὺ
3261 1824 3476 1895 θέλημα
3507 1826 3609 1880 τοῦ
3650 1827 3795 1893 Θεοῦ

545 1909 712 1963 corde
757 1920 850 1965 tuo
905 1912 1151 1983 gloriﬁca
1198 1926 1407 1984 patrem
1461 1920 1615 1970 tuum
1662 1916 1727 1969 ".
1787 1936 1805 1969 ι
1861 1918 2103 1973 Paulus:

550 2015 570 2047 ι
624 1996 855 2055 Obedite
909 2003 1221 2072 praapositis
1271 2005 1472 2060 vestris
1530 2014 1585 2060 et
1637 2008 1916 2077 subiacete
1949 2023 1963 2061 :
2001 2008 2106 2077 ipsi

544 2088 691 2141 enim
725 2089 957 2160 vigilant
995 2107 1096 2160 pro
1139 2094 1431 2149 animabus
1457 2096 1677 2159 vestris,
1711 2104 1972 2165 tanquam
2017 2110 2108 2150 ra-

545 2178 750 2233 tionem
783 2181 1055 2236 reddituri
1084 2200 1101 2242 ;
1136 2193 1197 2239 ut
1230 2200 1354 2239 cum
1402 2187 1603 2256 gaudio
1648 2187 1753 2241 hoc
1795 2186 2018 2252 faciant,
2051 2196 2109 2242 et

543 2285 655 2323 non
687 2280 970 2339 gementes
1001 2289 1016 2326 :
1050 2274 1156 2328 hoc
1192 2276 1339 2329 enim
1380 2290 1492 2330 non
1528 2275 1752 2347 expedit
1789 2276 1949 2331 vobis
1977 2276 2041 2331 ⁵⁷.
2082 2294 2102 2327 ι

546 2361 748 2414 lterum
779 2378 794 2419 :
836 2381 853 2412 ι
880 2361 1071 2420 Omnis
1100 2366 1281 2421 anima
1303 2366 1669 2436 potestatibus
1692 2366 2108 2423 sublimioribus

543 2448 764 2504 subdita
793 2450 864 2505 sit
890 2469 905 2508 :
935 2467 1043 2507 non
1073 2463 1158 2509 est
1182 2455 1331 2509 enim
1364 2463 1610 2525 potestas
1637 2455 1742 2510 nisi
1776 2471 1805 2509 a
1834 2456 1968 2519 Deo,
1996 2464 2105 2511 etc.

546 2539 732 2610 Itaque
781 2543 875 2613 qui
921 2546 1132 2602 resistit
1163 2546 1460 2617 potestati,
1503 2547 1601 2602 Dei
1639 2546 1977 2611 ordinationi
2014 2563 2107 2602 re-

544 2630 691 2685 sistit
718 2645 732 2685 :
770 2633 864 2702 qui
898 2644 1082 2690 autem
1115 2638 1411 2701 resistunt,
1442 2637 1543 2708 ipsi
1571 2638 1672 2693 sibi
1701 2638 2107 2694 damnationem

544 2722 911 2790 acquirunt".
941 2746 957 2777 ι
993 2727 1208 2782 Rursus
1233 2745 1246 2782 :
1287 2749 1305 2780 ι
1334 2729 1403 2784 Ut
1430 2730 1574 2784 servi
1602 2730 1809 2785 Christi
1839 2731 2105 2786 facientes

544 2810 882 2868 voluntatem
934 2815 1031 2869 Dei
1090 2832 1159 2871 ex
1207 2819 1413 2886 animo,
1455 2835 1585 2875 cum
1632 2821 1777 2876 bona
1824 2822 2107 2876 voluntate

545 2904 873 2985 servientes,
892 2908 1033 2962 sicut
1058 2908 1311 2975 Domino,
1341 2919 1394 2966 et
1428 2928 1536 2966 non
1570 2912 1907 2976 hominibus,
1931 2915 2110 2969 scien-

2209 1919 2273 1970 ἐκ
2317 1916 2517 1987 ψυχῆς,
2566 1918 2684 1986 μετ’
2716 1917 2930 1980 εὐνοίας
2975 1915 3321 1979 δουλεύοντες
3355 1917 3432 1978 ὡς
3459 1917 3541 1987 τῷ
3575 1919 3793 1988 Κυρίῳ,

2209 2012 2303 2064 καὶ
2333 2011 2433 2063 οὐκ
2460 2008 2791 2081 ἀνθρώποις,
2816 2008 3021 2071 εἰδότες
3054 2010 3135 2061 ὃτι
3162 2009 3271 2061 ἀπὸ
3301 2008 3514 2080 Κυρίου
3546 2010 3795 2076 λήψεσθε

2208 2102 2305 2173 τὴν
2329 2098 2679 2154 ἀνταπόδοσιν
2710 2101 2884 2168 ὑμῶν.
2918 2120 2937 2152 ι
2972 2100 3083 2154 Καὶ
3112 2101 3252 2170 πρὸς
3280 2098 3468 2163 Τῖτον,
3507 2118 3533 2176 ξ
3558 2100 3796 2170 Ὑπομί-

2212 2209 2419 2263 μνησκε
2459 2192 2655 2253 αὐτοὺς
2702 2192 2898 2261 ἀρχαῖς
2922 2191 3016 2244 καὶ
3054 2180 3321 2254 ἐξουσίαις
3349 2190 3792 2256 ὑποτάσσεσθαι,

2209 2282 2526 2353 πειθαρχεῖν
2579 2284 2656 2344 είς
2695 2283 2803 2335 πᾶν
2831 2282 2992 2350 ἔργον
3036 2282 3271 2349 ἀγαθὸν,
3309 2282 3572 2350 ἑτοίμους
3621 2278 3789 2345 εἶναι,

2208 2374 2303 2428 καὶ
2334 2374 2409 2443 μὴ
2440 2372 2836 2440 ἀντιλέγοντας.
2884 2393 2903 2425 ι
2937 2373 3044 2427 Καὶ
3073 2374 3102 2426 ὁ
3145 2373 3372 2444 Πέτρος,
3410 2391 3432 2424 ι
3474 2373 3791 2443 Ὑποτάγη-

2207 2481 2266 2517 τε
2300 2464 2447 2533 πάσῃ
2472 2452 2792 2536 ἀνθρωπίνῃ
2817 2463 2995 2517 κτίσει
3022 2463 3112 2517 διά
3137 2463 3228 2516 τὸν
3254 2463 3483 2533 Κύριον,
3506 2464 3595 2517 ὅτι
3616 2463 3791 2525 οὕτως

2208 2556 2323 2608 ἐστὶ
2340 2556 2401 2607 τὸ
2413 2554 2540 2623 θὲλη
2548 2564 2622 2623 μα
2637 2554 2728 2607 τοῦ
2748 2553 2906 2618 Θεοῦ,
2923 2552 3393 2622 ἀγαθοποιοῦντας
3416 2552 3626 2622 φιμοῦν
3643 2551 3791 2625 [τὴν]

2208 2643 2314 2697 τῶν
2347 2645 2598 2714 ἀφρόνων
2625 2642 2928 2714 ἀνθρώπιον
2956 2645 3252 2711 ἀγνωσίαν.
3296 2663 3317 2695 ι
3361 2644 3427 2697 '0
3451 2644 3510 2697 δὲ
3545 2645 3786 2713 Κύριος,

2214 2752 2234 2783 ι
2260 2733 2629 2803 Καταϐἐϐηκα
2650 2736 2712 2786 ἐκ
2734 2732 2827 2786 τοῦ
2853 2733 3217 2804 ούρανοῦ,ούχ
3234 2732 3476 2786 ίναποιῶ
3489 2733 3558 2786 τὸ
3575 2733 3787 2802 θέλημα

2206 2822 2268 2876 τὸ
2298 2825 2451 2893 ὲμδν,
2474 2824 2608 2877 ἀλλὰ
2629 2825 2689 2877 τὸ
2716 2825 2926 2894 θέλημα
2955 2823 3048 2878 τοῦ
3080 2824 3399 2893 πέμψαντος
3419 2840 3486 2893 με
3512 2824 3784 2893 Πατρός.»

2208 2915 2367 2985 Αὐτῷ
2394 2918 2427 2985 ἡ
2456 2916 2581 2980 δόξα
2614 2919 2694 2979 εἰς
2728 2919 2854 2979 τοὺς
2900 2917 3122 2979 αἰῶνας.
3165 2915 3359 2986 ’Λμήν.

546 3004 628 3052 trs
650 3000 778 3067 quia
808 3003 1224 3060 retributionem
1258 3022 1289 3061 ιι
1319 3007 1554 3062 1)οωίηο
1585 3007 1871 3077 accipietis
1890 3010 1955 3061 ⁵⁸.
1984 3027 2003 3059 ι
2062 3007 2146 3064 Ad
2184 3009 2367 3064 Titum
2400 3028 2413 3063 :
2455 3030 2473 3062 ι
2509 3011 2756 3065 Admone
2794 3011 2920 3066 illos
2948 2989 3291 3080 principibus
3338 3017 3395 3063 et
3422 3006 3790 3078 potestatibus

545 3090 796 3147 subditos
824 3108 966 3157 esse,
994 3104 1050 3150 et
1086 3096 1235 3151 dicto
1297 3097 1547 3164 obedire,
1612 3098 1679 3153 ad
1722 3114 1883 3154 omne
1911 3115 2049 3171 opus
2115 3099 2320 3156 bonum
2355 3111 2574 3171 paratos
2622 3116 2767 3167 esse,
2838 3110 2893 3156 et
2938 3116 3049 3156 nou
3097 3099 3484 3155 contradicere
3523 3100 3595 3153 ⁸⁸.
3637 3117 3656 3150 ι
3692 3098 3789 3152 Pe-

547 3187 667 3234 trus
706 3199 719 3235 :
757 3201 774 3232 ι
812 3182 1055 3254 Subjecti
1099 3194 1276 3243 estote
1321 3189 1469 3242 omni
1502 3189 1756 3244 humana:
1785 3197 2051 3245 creaturae
2088 3198 2315 3262 propter
2349 3193 2664 3256 Dominum,
2694 3192 2823 3261 quia
2853 3191 2933 3247 sic
2962 3200 3047 3245 est
3071 3190 3326 3245 voluntas
3363 3190 3461 3243 Dei
3509 3198 3575 3242 ut
3623 3190 3786 3242 bene-

545 3270 810 3327 facientes
837 3275 1216 3332 obmutescere
1242 3278 1454 3334 faciatis
1493 3280 1922 3349 imprudentium
1955 3281 2241 3336 hominum
2274 3282 2639 3353 ignorantiam
2665 3285 2730 3338 ⁶¹.
2764 3302 2797 3335 r
2816 3283 3087 3351 Dominus
3117 3291 3300 3337 autem
3327 3297 3341 3334 :
3370 3300 3390 3331 ι
3422 3280 3695 3335 Descendi
3724 3280 3787 3335 de

546 3362 705 3423 cmlo,
724 3379 833 3418 non
861 3374 919 3419 ut
955 3367 1150 3422 faciam
1177 3368 1515 3424 voluntatem
1540 3385 1739 3438 meam,
1774 3371 1868 3426 sed
1891 3371 2228 3428 voluntatem
2257 3373 2376 3443 ejus
2413 3372 2515 3453 qui
2530 3373 2679 3427 misit
2700 3388 2785 3427 me
2812 3373 3070 3428 Patris".
3104 3391 3122 3424 ι
3157 3370 3264 3441 Ipsi
3289 3371 3465 3442 gloria
3486 3371 3546 3425 in
3570 3372 3783 3426 smeula.

545 3453 738 3509 Amen.
1378 3514 1387 3527 l

944 3564 1158 3641 1214
1206 3569 1492 3627 HOMlLlA
1534 3571 1720 3628 CXIV.

955 3684 1033 3738 De
1061 3685 1420 3739 observatione
1450 3687 1710 3741 mandati.

620 3793 857 3849 Mandati
880 3794 1214 3851 observatio
1255 3794 1538 3850 hominem
1584 3805 1736 3851 recta
1768 3794 2027 3866 provehit
2051 3795 2108 3849 in

551 3887 699 3941 illam
730 3887 1062 3942 felicissimae
1090 3887 1218 3942 vitae
1248 3885 1530 3956 regionem
1563 3903 1575 3940 :
1612 3896 1826 3952 contra,
1858 3886 2109 3957 ejusdem

550 3978 926 4047 praevaricatio
1012 3978 1176 4033 letale
1211 3978 1414 4032 vulnus
1458 3976 1625 4048 aﬂigit
1667 3979 1864 4034 anima:
1898 3995 1912 4033 :
1943 3978 2111 4048 idque

548 4069 734 4124 dicere
767 4069 930 4124 liceat
971 4069 1240 4135 exactius,
1270 4069 1457 4123 divina
1500 4080 1604 4124 nos
1642 4068 1935 4125 erudiente
1958 4069 2110 4124 Scri-

547 4170 728 4230 ptura.
764 4160 878 4215 Nisi
913 4160 1060 4215 enim
1087 4161 1251 4226 initio
1281 4161 1462 4214 statim
1501 4159 1840 4215 conditionis
1883 4169 2107 4226 nostrae,

547 4251 602 4305 in
632 4251 884 4321 paradiso
909 4251 1226 4305 mandatum
1258 4251 1554 4306 fuissemus
1579 4251 2109 4321 transgressi,haud-

547 4359 821 4414 quaquam
857 4343 1178 4414 contigisset
1218 4343 1412 4398 audire
1452 4359 1553 4399 nos
1586 4342 1745 4407 illud,
1781 4362 1800 4394 ι
1844 4342 2013 4398 Terra
2048 4359 2110 4397 es

545 4445 602 4490 et
632 4436 682 4489 in
711 4444 913 4490 terram
955 4435 1132 4489 abibis
1158 4435 1204 4468 ⁸³
1228 4453 1241 4489 :
1270 4456 1287 4486 ι
1316 4437 1637 4505 neutiquam
1664 4435 1929 4489 mundum
1955 4435 2105 4489 hunc

546 4537 736 4581 noster
763 4528 854 4581 ille
879 4526 1229 4581 adversarius
1262 4535 1341 4581 tot
1374 4535 1524 4581 retro
1560 4527 1722 4581 annis
1751 4541 1893 4581 saeva
1925 4534 2111 4596 tyran-

544 4616 674 4685 nide
729 4616 1145 4687 grassabundus
1199 4616 1585 4687 oppressisset.
1639 4613 1811 4669 Nemo
1836 4615 1975 4685 'qui,
2012 4615 2108 4670 Dei

545 4706 866 4761 mandatum
893 4707 1311 4778 contempserit,
1353 4708 1408 4760 in
1445 4704 1781 4759 rectitudine
1810 4705 1979 4758 vitam
2017 4705 2108 4759 in—

544 4799 725 4853 stituit
769 4815 945 4854 suam.
980 4798 1106 4856 Saul
1132 4799 1230 4853 Dei
1274 4779 1535 4851 mandato
1578 4797 1718 4851 male
1754 4796 2018 4867 moriger,
2049 4796 2108 4851 in

2777 3572 2995 3626 ΛΟΓΟΣ
3058 3573 3204 3626 ΡΙΔ’.

2489 3684 2628 3754 Περὶ
2680 3684 2786 3740 τοῦ
2822 3683 3172 3754 φυλάσσειν
3220 3683 3503 3749 ἐντολάς.

2280 3796 2352 3851 Τὸ
2372 3795 2665 3865 φυλάσσειν
2686 3794 2927 3864 ἐντολὴν,
2952 3795 3032 3856 είς
3067 3792 3213 3864 ζωῆς
3241 3793 3425 3864 χῶρον
3454 3794 3675 3862 είσάγει
3698 3796 3783 3848 τὸν

2211 3882 2495 3954 ἄνθρωπον
2523 3898 2537 3913 ·
2567 3881 2629 3936 τὸ
2687 3882 2745 3935 δὲ
2811 3880 3191 3953 παραϐαίνειν,
3234 3879 3637 3952 θανατηφόρον.
3677 3886 3778 3936 Καὶ

2210 3948 2368 4028 τοῦτο
2392 3973 2635 4044 ἀκριϐῶς
2660 3973 2811 4044 παρά
2838 3948 2938 4045 τῆς
2973 3972 3123 4036 θείας
3152 3973 3375 4044 Γραφῆς

2210 4066 2275 4118 Et
2297 4065 2406 4135 γάρ
2432 4064 2507 4135 μὴ
2529 4063 2591 4129 ἐξ
2617 4064 2792 4134 ἀρχῆς
2820 4063 3149 4135 παρέϐημεν
3186 4064 3285 4133 τὴν
3316 4066 3374 4115 ὲν
3414 4063 3495 4134 τῷ
3526 4065 3785 4133 παραδεξ-

2214 4174 2291 4225 σῳ
2319 4157 2560 4227 ἐντολὴν,
2588 4156 2688 4210 ούκ
2709 4156 2774 4210 ἀν
2801 4156 3138 4225 ἠκούσαμεν,
3171 4155 3256 4207 ὅτι
3296 4177 3316 4206 ε
3372 4151 3449 4225 Γῆ
3478 4152 3554 4218 εἴ,
3584 4158 3681 4209 καὶ
3709 4159 3787 4219 είς

2210 4247 2312 4317 γῆν
2343 4247 2617 4320 ἀπελεύσῃ
2654 4263 2669 4280 ο
2716 4267 2731 4298 ι
2769 4247 2869 4301 οὐκ
2901 4248 2968 4301 ἂν
3009 4246 3286 4308 τοσούτοις
3321 4246 3505 4321 ἐτεσιν
3532 4248 3563 4299 ὁ
3586 4249 3784 4317 κόσμος

2212 4338 2318 4392 ὑπὸ
2338 4337 2429 4392 τοῦ
2440 4338 2705 4410 τυράννου
2721 4340 3026 4409 ἐκρατεῖτο.
3045 4338 3235 4400 Οὐδεὶς
3252 4340 3681 4408 καταφρονήσας
3704 4340 3787 4390 ἔνο

2208 4428 2367 4498 τολῆς
2396 4427 2556 4494 Θεοῦ,
2584 4427 2762 4499 ὀρθῶς
2784 4412 3045 4483 ὲϐίωσενί
3066 4429 3241 4483 Σαοὺλ
3273 4417 3653 4498 παρακούσας
3691 4430 3787 4497 τῆς

2189 4519 2304 4573 -τοῦ
2331 4514 2465 4573 Θεοῦ
2490 4520 2730 4590 ἐντολῆς,
2752 4522 2849 4575 καὶ
2874 4523 2931 4574 ἒν
2946 4519 3148 4583 λύπαις
3172 4519 3458 4591 βιοτεύσας
3471 4522 3568 4572 τὸν
3593 4522 3784 4574 ἑαυτοῦ

2211 4609 2422 4679 χρόνον,
2455 4608 2605 4672 τέλος
2644 4611 2740 4663 καὶ
2785 4611 2886 4680 τῆς
2934 4610 3211 4679 βασιλείας
3252 4610 3536 4674 ἐξέπεσεν.
3570 4609 3641 4664 οι
3681 4612 3785 4664 υίοὶ

2221 4692 2358 4765 Ἠλὶ,
2402 4700 2554 4765 Ὀφνὶ
2578 4703 2673 4754 καὶ
2695 4700 2901 4765 Φινεὲς,
2935 4701 3010 4772 μὴ
3059 4701 3425 4764 ὑπακούοντες
3457 4703 3561 4771 τῆς
3604 4702 3784 4770 φωνῆς

2208 4788 2303 4843 τοῦ
2344 4791 2548 4862 πατρὸς
2598 4791 2799 4855 αὐτῶν,
2839 4791 2938 4862 τὴν
2981 4793 3081 4862 μὲν
3112 4792 3346 4846 κιϐωτὸν
3393 4793 3491 4846 τοῦ
3526 4793 3667 4847 Θεοῦ
3709 4797 3781 4858 εὶς

544 4906 783 4949 maerore
827 4891 993 4945 vitam
1050 4906 1174 4945 cum
1226 4891 1467 4962 egisset,
1526 4897 1771 4958 tempore
1822 4884 1927 4958 ipsi
1976 4904 2107 4958 pra:-

2210 4883 2396 4951 χείρας
2432 4881 2745 4950 ἀλλοφύλων
2793 4882 3153 4953 παρέδωκαν·
3211 4882 3367 4935 αὐτοὶ
3399 4882 3458 4935 δὲ
3510 4883 3784 4936 οἴκτιστον

544 4981 754 5051 scripto
803 4980 1027 5036 demum
1097 4996 1266 5052 regno
1315 4996 1536 5051 quoque
1597 4979 1802 5035 excidit
1853 4980 1919 5034 ⁸⁵.
1983 4980 2108 5035 Filii

544 5072 687 5137 lleli,
718 5071 895 5142 Opimi
948 5082 1003 5126 et
1028 5071 1263 5127 Phinees
1292 5072 1360 5137 ⁸⁸,
1402 5086 1528 5125 cum
1578 5070 1687 5125 illis
1745 5070 2109 5141 immorigerze

544 5179 708 5217 aures
736 5163 1123 5219 occalluissent
1152 5164 1221 5219 ad
1252 5157 1442 5219 vocem
1484 5171 1728 5232 paternae
1760 5161 2105 5225 monitionis,

543 5270 649 5309 nec
671 5255 975 5325 patuissent
1008 5255 1179 5320 dicto,
1209 5270 1392 5310 arcam
1420 5254 1643 5325 quidem
1672 5253 1792 5314 Dei.
1819 5253 1878 5307 in
1911 5268 2110 5309 manus

544 5342 979 5414 alienigenarum
1024 5344 1393 5409 tradiderunt,
1451 5342 1552 5412 ipsi
1604 5351 1786 5397 autem
1826 5356 1935 5397 una
1981 5358 2106 5398 cum

616 5511 663 5542 ⁸⁸
704 5510 835 5563 Luc.
864 5527 917 5572 τ,
956 5509 1035 5563 l6.
1133 5509 1179 5542 ⁸³
1217 5508 1383 5563 Eeeli.
1426 5523 1511 5571 ιιι,
1559 5506 1610 5561 6.

1712 5505 1758 5537 ιδ
1797 5504 1930 5559 im.
1993 5522 2075 5575 ιιι,
2105 5504 2156 5560 8.
2247 5500 2301 5537 --'
2333 5503 2469 5557 ibid.
2517 5504 2573 5566 ει,
2632 5502 2715 5575 ιο.
2758 5503 2840 5575 ἐξα
2876 5502 3014 5575 ista.
3049 5504 3136 5560 is.

2214 4966 2444 5025 θάνατον
2458 4970 2837 5042 ἀπηνέγκαντο
2867 4974 2964 5026 σὺν
2995 4973 3071 5044 τῷ
3090 4972 3226 5042 λαῷ.
3260 4973 3362 5026 Διά
3380 4972 3545 5026 τοῦτο
3575 4974 3675 5044 βοᾷ
3701 4973 3782 5027 διὰ

2213 5063 2308 5117 τοῦ
2350 5063 2612 5136 Ἰεζεκιήλ
2632 5080 2647 5095 ⁸
2689 5085 2707 5117 ι
2764 5066 3132 5138 Ἀπορρίψατε
3168 5066 3262 5135 ἀφ’
3289 5066 3446 5135 ὑμῶν
3476 5066 3661 5129 πάσας
3691 5067 3779 5127 τὰς

2213 5156 2469 5220 ἀσεϐείας
2515 5156 2689 5227 ὑμῶν,
2718 5158 2813 5211 καὶ
2859 5159 3124 5229 ποιήσατε
3163 5159 3383 5222 ὲντολάς
3418 5176 3547 5228 μου,
3579 5161 3677 5212 καὶ
3700 5159 3779 5210 ἴνα

2212 5250 2267 5302 τί
2294 5249 2688 5320 ἀποθνήσκετε,
2717 5245 2865 5315 οἶκος
2897 5251 3137 5321 Ἰσραὴλ,
3170 5250 3319 5320 λέγει
3348 5250 3590 5322 Κύριοςς
3631 5251 3781 5303 Ἀπο-

2212 5339 2481 5412 στρέψατε
2527 5340 2636 5394 ἀπὸ
2680 5340 2783 5412 τῆς
2825 5340 2944 5395 ὁδοῦ
2978 5342 3131 5414 ὑμῶν
3153 5342 3255 5412 τῆς
3284 5342 3530 5413 πονηρᾶς
3563 5360 3578 5372 ·
3617 5360 3639 5394 ι
3670 5339 3778 5412 [καὶ

3240 5504 3286 5535 "
3325 5502 3499 5559 Hebr.
3533 5518 3654 5565 ιιιι,
3701 5503 3773 5556 l7.

548 5576 596 5611 ⁸⁸
636 5580 790 5632 Ilotn.
833 5570 945 5642 xm,
980 5580 1030 5641 l,
1059 5580 1121 5635 9.
1188 5582 1232 5613 ⁵³
1274 5578 1473 5642 Ephes.
1502 5570 1579 5639 τι,
1613 5575 1731 5631 6-8.
1809 5577 1853 5608 ⁶⁹
1892 5575 1999 5630 Tit.
2032 5570 2107 5642 ιιί,

2229 5576 2271 5607 ⁸⁸
2316 5575 2332 5629 Ι
2361 5575 2508 5630 Petr.
2538 5590 2599 5642 ιι,
2634 5574 2714 5641 l3,
2749 5573 2835 5629 l5.
2878 5573 3099 5631 “Joan.
3130 5589 3205 5639 vn,
3237 5572 3328 5630 38.
3363 5576 3409 5607 ”
3432 5573 3667 5641 Ganll,
3698 5570 3775 5627 l9.

551 5648 601 5679 “'
628 5648 646 5701 l
676 5647 850 5702 Paral.
886 5665 937 5715 ιι,
984 5648 1065 5703 l5.
1144 5649 1188 5682 ⁸⁸
1232 5648 1251 5703 Ι
1298 5646 1412 5717 Reg
1485 5664 1555 5712 tv,
1596 5646 1796 5714 lscqq.
