3898 6304
183 330 323 404 £789

1023 342 1354 405 HOMILIA
1392 306 1590 406 c'xw.
1621 368 1691 397 -ε-
1718 334 1815 404 DE
1853 344 2172 408 OBSERV.
2213 346 2581 409 MANDATI.

3294 333 3431 402 1790

182 448 271 502 ἶνα
295 446 351 501 τί
369 440 738 520 ἀποθνήσκετε
758 441 905 511 οἶκος
918 437 1135 519 Ἰσραήλ
1150 466 1165 516 ;
1181 447 1314 520 [Kal
1333 449 1362 501 6
1386 447 1570 518 νόμος,
1599 465 1618 499 ι
1641 449 1756 502 Οὐκ

1858 451 2065 521 p0pulo
2108 452 2363 507 meritam
2409 448 2723 506 mercedem
2771 446 3081 502 retulerunt
3121 443 3429 499 miserrima

180 538 536 610 ἐκπειράσεις
584 539 787 608 Κύριον
812 540 904 615 τον
931 540 1062 593 Θεὸν
1093 556 1209 595 σου.
1267 538 1559 593 Φυλάσσων
1585 538 1754 609 φυλά-

181 628 293 692 ξεις
322 629 422 692 τὰς
445 628 662 694 ἐντολάς
694 629 901 700 Κυρίου
925 628 1023 683 τοῦ
1053 629 1189 683 Θεοῦ
1224 647 1338 685 σου.
1381 649 1401 681 ι
1436 631 1545 683 Καὶ
1572 629 1753 693 αὖθιςο

186 736 208 771 ι
223 718 449 791 ’Δνδρες
466 720 613 788 ἅγιοι
634 720 824 775 ἔσεσθέ
856 738 969 791 μοι,
996 720 1091 774 ἐὰν
1111 724 1226 784 τοῖς
1243 723 1630 792 προστάγμασι
1652 739 1752 792 μου

183 809 510 880 πορεύησθε,
534 812 632 864 καὶ
680 810 779 874 τὰς
816 811 1037 874 ἐντολάς
1087 828 1190 881 μου
1225 808 1564 881 φυλάξησθε’
1582 812 1751 881 ἐμπε-

184 901 469 970 ριπατήσω
506 904 564 955 ὲν
600 902 753 973 ὑμῖν,
785 902 881 956 καὶ
907 902 1099 972 ἔσομαι
1130 904 1259 974 ὑμῖν
1285 902 1440 966 Θεὸς,
1471 903 1566 955 καὶ
1595 903 1753 973 ὑμεῖς
1786 898 1789 901 ’

180 989 368 1043 ἐσεσθέ
408 1008 499 1060 μοι
527 991 675 1057 λαὸς,
702 990 850 1061 λέγει
885 993 1107 1065 Κύριος.
1145 1014 1162 1046 ι
1199 995 1309 1047 Kal.
1345 990 1624 1064 {msice-5v
1658 995 1753 1048 ἐὰν

179 1079 428 1144 ποιῶμεν
477 1080 645 1134 αὑτοῦ
688 1082 748 1134 τὸ
796 1076 1044 1152 θέλημα,
1077 1082 1172 1135 καὶ
1219 1079 1582 1152 πορευώμεθα
1612 1081 1755 1134 κατὰ

177 1169 280 1231 τὰς
324 1169 542 1232 ἐντολάς
575 1172 762 1237 αὑτοῦ,
799 1174 894 1225 καὶ
942 1172 1245 1243 ἀγαπῶμεν
1276 1172 1496 1235 habri);
1538 1173 1751 1243 ἀγαπᾷ,

179 1259 306 1322 ναὸς
366 1260 530 1313 αὑτοῦ
587 1263 882 1343 γινόμεθα..
909 1262 967 1314 ὐ
993 1264 1102 1330 γάρ
1131 1263 1269 1332 ἔχων
1318 1263 1419 1333 τὴν
1459 1264 1540 1325 εἰς
1589 1263 1754 1316 αὐτὸν

178 1348 419 1419 ἀγάπην,
453 1352 548 1404 καὶ
576 1354 656 1414 εἰς
693 1353 784 1405 τὸν
828 1353 1076 1422 πλησίον,
1110 1352 1326 1422 μακρὰν
1370 1353 1523 1405 ἔσται
1572 1355 1754 1423 πάσης

44 1488 47 1489 ν
146 1423 493 1516 ὶάμαρτίας,
556 1447 652 1500 καὶ
705 1447 1228 1519 ἀνταγαπηθήσεται
1279 1448 1385 1501 ὑπὸ
1442 1448 1533 1501 τοῦ
1593 1447 1751 1502 Θεοῦ.

134 1548 142 1554 ·
193 1530 455 1586 Ἐπεὶὲὰν
470 1529 927 1603 καταφρονῶμεν,
963 1531 1102 1587 οἶδεν
1127 1534 1755 1607 κολάζειν,παρακουόν-

175 1637 284 1674 των
325 1622 483 1693 ἡμῶν
544 1623 655 1676 τῶν
712 1625 883 1694 ἁγίων
908 1623 1081 1679 αὐτοῦ
1105 1626 1355 1680 ἐντολῶν.
1391 1628 1482 1697 Μὴ
1525 1622 1617 1680 οῦν
1659 1626 1753 1680 λυ-

177 1714 385 1769 πείσθω
415 1716 538 1769 καθ’
559 1715 719 1786 ἡμῶν
746 1717 775 1769 6
807 1715 1008 1783 ἀγαθὸς
1051 1717 1210 1788 ἡμῶν
1232 1704 1391 1795 Θεὸς,
1417 1718 1446 1770 6
1475 1715 1751 1787 εὔσπλαγ-

1857 552 2035 599 mortc
2070 543 2370 614 perfuncti.
2404 541 2651 613 Hujusce
2673 539 2822 594 enim
2853 536 3069 593 vitandi
3096 536 3225 591 mali
3252 536 3427 606 gratia

1854 636 2055 692 clamat
2084 636 2351 691 Dominus
2378 649 2478 705 per
2503 616 2861 689 Ezechielem'
2894 648 2907 685 :
2953 650 2971 681 ι
3000 629 3239 699 Abjicite
3269 644 3299 681 a
3330 643 3431 681 vo-

1853 726 1943 780 bis
1983 740 2179 781 omnes
2211 714 2557 793 iniquitates
2596 729 2829 784 vestras,
2875 725 2930 772 et
2972 718 3139 773 facite
3171 714 3432 769 mandata

1854 832 1998 882 mea,
2030 815 2169 872 dicit
2200 808 2487 877 Dominus,
2527 823 2584 868 et
2613 810 3006 867 convertimini
3055 825 3086 863 a
3114 809 3207 864 via
3244 815 3432 866 vestra

1854 926 1976 979 quae
2006 908 2148 963 maia
2168 919 2254 964 est
2282 909 2347 962 “.
2383 927 2402 959 ι
2445 907 2513 961 Ει
2547 923 2561 959 :
2591 924 2610 957 ι
2641 904 2712 963 Ut
2739 902 2873 974 quid
2902 884 3203 965 morimini,
3229 899 3432 954 domus

1852 1000 2020 1055 Israel
2052 994 2131 1049 ‘Y?
2178 1017 2196 1050 ι
2239 997 2356 1052 Lex
2394 992 2617 1067 quoque
2660 1012 2673 1047 :
2716 1012 2739 1044 ι
2775 989 3110 1048 Custodiens
3149 987 3431 1042 custodies

1856 1091 2112 1146 mandata
2146 1090 2363 1145 Domini
2408 1088 2515 1167 Dei
2545 1086 2628 1141 tui
2665 1086 2731 1140 ".
2763 1103 2781 1136 ι
2816 1084 3070 1139 Rursus:
3108 1099 3126 1131 ι
3160 1079 3276 1134 Viri
3300 1094 3429 1133 san—

1853 1183 1927 1239 cti
1958 1182 2113 1237 eritis
2134 1180 2302 1242 milii,
2345 1179 2392 1234 si
2416 1179 2472 1233 in
2498 1166 2791 1248 praeceptis
2814 1173 2956 1228 meis
2983 1166 3425 1232 ambulaveritis,

1853 1285 1910 1331 et
1938 1275 2192 1330 mandata
2218 1288 2341 1329 mea
2384 1267 2772 1328 custodieritis
2797 1267 2863 1320 “.
2896 1284 2914 1317 ι
2935 1292 3007 1305 —-
3028 1282 3045 1315 ι
3066 1258 3429 1333 lnambulabo

1854 1368 1998 1422 inter
2020 1381 2141 1430 vos,
2171 1377 2229 1421 et
2252 1380 2351 1420 ero
2380 1363 2540 1417 vobis
2567 1363 2733 1424 Deus,
2768 1368 2825 1414 et
2859 1372 2959 1412 vos
2979 1356 3139 1410 eritis
3160 1352 3297 1407 mihi
3330 1366 3427 1421 po-

1810 1475 1817 1483 ·
1852 1460 2036 1528 pulus,
2068 1456 2204 1513 dicit
2235 1455 2498 1511 Dominus
2523 1453 2590 1506 ⁷ο.
2627 1471 2650 1502 ι
2690 1450 2805 1505 Nos
2842 1448 3008 1519 igitur
3046 1445 3092 1499 si
3121 1443 3428 1513 expleveri-

1853 1566 1978 1605 mus
2002 1549 2122 1620 eius
2148 1549 2513 1610 voluntatem,
2547 1544 2594 1599 si
2634 1542 2703 1598 ad
2742 1535 3425 1619 tenorem‘mandatorum

1853 1642 2032 1711 ipsius
2055 1638 2498 1710 progrediemur,
2519 1636 2564 1691 si
2590 1649 2712 1705 qua;
2739 1633 2821 1688 illi
2863 1630 3122 1686 novimus
3143 1641 3269 1682 esse
3298 1641 3427 1696 gra-

1855 1733 1997 1788 tiosa
2019 1741 2076 1787 et
2113 1729 2390 1793 amabilia,
2420 1728 2523 1797 ipsi
2550 1726 2719 1781 etiam
2741 1721 3126 1784 dilexerimus,
3159 1717 3426 1787 templum

176 1825 324 1878 χνος.
360 1809 388 1862 6
413 1781 685 1879 ἐλεημφν,
711 1809 740 1861 6
778 1781 952 1876 ᾱγίοε,
985 1810 1019 1863 ι
1046 1781 1308 1879 καθαρὸς,
1337 1781 1752 1893 δ’ξάμισιντοςζὸ

1854 1827 1932 1883 illi
1959 1815 2282 1880 elliciemur.
2312 1820 2417 1887 Qui
2452 1819 2602 1874 enim
2633 1831 2771 1893 erga
2817 1815 2992 1869 Deum
3023 1821 3078 1867 et
3114 1809 3427 1882 proximum

178 1876 365 1966 ἀῦλος,
395 1904 423 1954 6
452 1876 633 1973 μόνος,
663 1901 692 1954 6
716 1895 822 1966 εἷς,
851 1902 881 1953 6
919 1876 1285 1971 ’άμετάὸολος,
1321 1903 1350 1954 6
1375 1876 1692 1973 εἰλικρινὴς,
1724 1904 1753 1955 6

182 1992 383 2055 ἄδολος,
421 1991 450 2042 6
474 1992 762 2062 άόργητος,
803 1989 831 2041 6
868 1991 1049 2061 πάσης
1075 1992 1380 2061 λεγομένης
1405 1993 1501 2045 καὶ
1521 1992 1752 2061 νοουμέ-

180 2101 277 2153 νης
334 2086 468 2165 ἡμίν
517 2082 893 2154 προσηγορίας
932 2081 1211 2165 ’ἀνώτερος
1266 2083 1358 2135 καὶ
1421 2080 1751 2154 ὑψηλότερος

176 2176 329 2239 Θεὸς,
375 2162 582 2246 Ἰησοῦς
616 2174 849 2245 Χριστός
873 2190 888 2204 ·
922 2162 1298 2244 εὐφραίνέσθω
1331 2174 1427 2226 σὺν
1455 2175 1587 2245 ἡμῖν
1610 2215 1624 2235 ,
1654 2191 1752 2243 xa-

179 2268 286 2330 λῶς
354 2266 510 2338 ἡμῶν
602 2266 1040 2336 πολιτευομένων
1073 2282 1087 2297 ο
1153 2264 1392 2336 χαιρέτω
1419 2304 1434 2328 ,
1493 2264 1753 2335 καθαρῶς

179 2356 441 2427 βιούντων
502 2356 656 2426 ἡμῶν
689 2373 704 2387 ’
743 2353 1113 2410 ἀναπαυέσθω
1135 2396 1148 2418 ,
1181 2353 1392 2423 σεμνῶς
1424 2337 1582 2423 ήμῶν
1619 2355 1752 2406 ἁνα-

177 2448 583 2517 στρεφομένωνο
618 2447 950 2518 εὐωχείσθω,
978 2444 1276 2523 φιλούντων
1338 2445 1500 2498 αὑτὸν
1554 2445 1710 2516 ήμῶν
1732 2485 1748 2510 ,

178 2544 272 2594 καὶ
294 2541 472 2615 καλῶς
492 2541 996 2609 ὲγκρατευομένων,
1018 2541 1114 2593 καὶ
1129 2539 1551 2609 σωφρονούντων
1568 2539 1746 2608 ἡμῶν.

189 2631 318 2684 Ἐὰν
361 2612 455 2683 οὖν
505 2608 811 2701 ἀρξώμεθα
840 2628 1057 2699 θερμῶς
1097 2629 1198 2691 τὰς
1226 2608 1452 2689 ἐντολὰς
1485 2627 1579 2680 τοῦ
1610 2608 1749 2680 Θεοῦ

176 2722 623 2792 διαπράττεσθαι,
656 2721 874 2775 ἅπαντα
899 2718 1087 2772 λοιπὸν
1116 2718 1186 2771 τά
1211 2718 1546 2789 αἰσθητήρια
1567 2717 1747 2788 ἡμῶν,

179 2819 238 2870 ὲν
280 2815 534 2887 αἰσθήσει
580 2814 895 2893 φωτίζουσα
931 2817 965 2884 ὴ
1001 2813 1194 2883 χάρις,
1249 2813 1317 2866 τὰ
1363 2812 1463 2882 μὲν
1509 2812 1752 2882 ἡμέτερα

180 2907 387 2978 ἑνθυμή
398 2923 566 2977 ματα,
589 2905 665 2966 ὡς
692 2904 803 2974 πῦρ
826 2905 1183 2976 καταφλέγει,
1217 2902 1484 2972 ἡδύνουσα
1509 2902 1566 2955 δὲ
1591 2902 1751 2976 ἡμῶν

178 2999 285 3073 τὴν.
298 2994 525 3070 καρδίαν
547 2999 605 3050 ὲν
629 2997 821 3069 εἰρήνῃ
849 2995 959 3050 τινὶ
987 2994 1172 3063 φιλίας
1189 2993 1492 3055 ἀνενδότου,
1513 3011 1751 3063 πνευμα-

1814 1904 1819 1907 ’
1850 1917 2045 1989 ﬂagrat
2071 1914 2361 1977 cbaritate,
2396 1912 2557 1981 longe
2600 1924 2659 1965 se
2699 1906 2779 1989 ab_
2800 1905 2953 1961 omni
2996 1900 3268 1975 proripiet
3295 1914 3426 1969 pec-

1850 1984 1994 2073 cato,
2031 2008 2190 2079 isque
2233 2023 2265 2060 a
2304 2005 2419 2059 Deo
2447 2002 2732 2072 diligetur.
2761 1984 2921 2064 Quod
2959 1997 3005 2052 si
3034 1990 3427 2064 deprehende-

1850 2117 1975 2155 mur
2020 2096 2443 2167 contempsisse,
2480 2092 2671 2161 utique
2717 2089 2875 2144 novit
2926 2082 3428 2151 meritas'exigere

1849 2205 2043 2262 ptenas
2071 2188 2139 2244 de
2165 2187 2253 2242 his
2285 2185 2493 2253 sanctis
2535 2182 2650 2237 suis
2686 2180 2781 2250 qui
2814 2178 2999 2232 minus
3037 2175 3429 2242 obtemperant

1850 2279 2146 2336 mandatis.
2170 2277 2422 2332 Nolimus
2447 2271 2674 2343 (quaeso)
2705 2269 3000 2323 adversum
3025 2281 3126 2322 nos
3150 2279 3277 2317 eum
3301 2278 3429 2318 cva-

1850 2385 2097 2441 sperare,
2126 2379 2234 2422 tam
2292 2364 2566 2435 benignus
2596 2376 2720 2415 cum
2768 2358 2840 2413 sit
2882 2358 3030 2411 Deus
3081 2361 3293 2416 noster,
3330 2351 3427 2421 qui
3472 2364 3487 2371 '

1849 2460 2002 2515 aliud
2058 2459 2198 2512 nihil
2245 2471 2411 2526 quam
2457 2454 2668 2507 viscera
2717 2446 3115 2521 misericordia;
3166 2438 3425 2515 gestitat,

1849 2550 2169 2606 misericors
2207 2546 2487 2616 siquidem
2525 2553 2631 2608 est,
2668 2551 2915 2605 sanctus,
2951 2553 3145 2608 purus,
3171 2535 3429 2605 impollu-

1851 2651 1963 2703 tus,
2013 2637 2083 2693 ab
2129 2635 2281 2691 omni
2331 2633 2685 2689 concretione
2742 2626 2985 2682 materiae
3028 2623 3425 2686 alienissimus,

1851 2732 2024 2794 solus,
2074 2743 2260 2793 unus,
2309 2723 2627 2786 exorabilis,
2676 2721 2970 2782 sincerus,
3016 2715 3084 2770 ab
3119 2712 3271 2770 omni
3298 2704 3428 2767 dolo

1852 2817 2315 2892 sejunctissimus,
2343 2811 2729 2875 inirascibilis,
2756 2806 2909 2863 omni
2932 2805 3172 2873 denique
3196 2816 3428 2856 nomen-

1851 2912 2098 2974 clatum,
2127 2924 2249 2978 quae
2285 2922 2314 2960 a
2350 2904 2512 2959 nobis
2557 2902 2645 2957 vel
2690 2896 2920 2970 cogitari
2963 2894 3050 2950 vel
3086 2893 3198 2948 dici
3246 2900 3428 2962 potest

1852 3003 2028 3058 multo
2069 2996 2324 3067 superior
2372 2997 2453 3049 ac‘
2488 2991 2780 3048 sublimior
2836 2989 2986 3067 Deus
3034 2994 3225 3038 noster
3266 2982 3426 3036 Jesus

180 3068 307 3141 τικά
344 3068 465 3142 τινα
510 3087 606 3142 καὶ
642 3068 745 3140 οὐκ
773 3085 854 3139 ἔτι
885 3085 1028 3141 κατὰ
1055 3086 1234 3156 σάρκα
1256 3076 1571 3152 λογίζεσθαι
1598 3085 1746 3155 ἡμᾶς

1851 3091 2130 3148 Christus.
2164 3085 2407 3143 Laetetur
2449 3081 2635 3152 potius
2677 3075 2968 3131 nobiscum
3015 3081 3072 3125 et
3107 3068 3425 3130 bilarescat,

183 3177 612 3251 παρασκευάζει.
637 3178 955 3248 Γέγραπται
977 3178 1033 3230 δὲ
1058 3178 1152 3245 καὶ
1169 3177 1228 3227 ὲν
1247 3178 1368 3238 ταῖς
1389 3175 1743 3245 Παροιμίαις·

186 3290 205 3323 ι
231 3271 345 3334 Υἱὲ,
372 3269 447 3340 μὴ
468 3269 820 3340 παρὰρῤυῇς,
838 3268 1079 3337 τήρησον
1099 3265 1156 3318 δὲ
1176 3264 1314 3335 ἐμὴν
1344 3263 1539 3334 βουλὴν
1562 3264 1655 3318 καὶ
1673 3264 1750 3319 ἐν·

179 3378 349 3426 νοιαν,
382 3361 472 3415 ἵνα
501 3359 640 3430 ζήσῃ
669 3361 711 3429 ἡ¹
733 3358 880 3429 ψυχή
911 3374 1028 3410 σου.
1067 3357 1178 3411 Καὶ
1208 3354 1446 3426 πορεύου
1474 3352 1750 3417 πεποιθὼς

178 3456 235 3506 ἐν
265 3453 458 3524 εἰρήνῃ
488 3451 669 3513 πάσας
698 3450 797 3512 τὰς
824 3448 974 3511 ὁδούς
1002 3464 1095 3500 σου
1117 3464 1132 3478 ·
1185 3447 1214 3499 6
1239 3447 1348 3516 γὰρ
1368 3445 1575 3518 ,Κύριος
1595 3444 1749 3498 ἔσται

181 3562 265 3597 σοι
314 3545 408 3598 ἐπὶ
455 3543 647 3595 πασῶν
694 3541 826 3593 ὁδῶν
877 3556 992 3591 σου.
1021 3559 1038 3589 ι
1100 3537 1210 3591 Καὶ
1245 3537 1438 3590 πάλινο
1474 3554 1514 3595 ,ι
1538 3535 1749 3590 Φυλάσ-

181 3653 273 3689 σου
305 3634 546 3699 ἐντολὰς,
585 3632 662 3703 μὴ
691 3620 954 3702 ἐπιλάθῃ,
992 3629 1127 3701 μηδὲ
1159 3627 1392 3702 παρίδῃς
1423 3628 1584 3698 ρἧιν
1611 3626 1748 3697 ἐμοῦ

180 3727 470 3797 στόματος,
496 3724 627 3796 μηδὲ
647 3722 897 3794 ἐκκλίνῃς
921 3722 1029 3797 άπὸ
1048 3720 1311 3791 ῥημάτων
1333 3717 1604 3788 στόματός
1624 3735 1748 3789 μου,

182 3796 317 3889 μηδὲ
348 3817 722 3887 ὲγκαταλίπῃς
748 3815 917 3882 αὐτὴν
940 3854 954 3876 ,
999 3796 1093 3866 καὶ
1123 3809 1554 3887 ἀνθέξεταί-σου.
1585 3828 1602 3862 ι
1644 3810 1752 3863 Καὶ

179 3909 381 3964 πάλιν⁸
439 3926 459 3961 ι
498 3906 631 3971 Υίὲ,
683 3904 822 3976 πρὸς
869 3903 969 3967 τὰς
1012 3901 1154 3973 ἐμὰς
1198 3901 1387 3971 ῥήσεις
1434 3898 1750 3970 παράϐαλλε

180 4004 273 4058 σὺν
298 3999 422 4069 οῦς,
456 4002 552 4056 καὶ
580 4000 824 4070 φύλασσε
851 3999 1021 4062 αὐτὰς
1049 3999 1105 4055 ὲν
1132 3996 1334 4067 καρδία
1365 3997 1462 4067 σῇ·
1498 3994 1614 4065 ζωὴ
1642 3995 1752 4065 γάρ

178 4095 325 4147 ἐστιν
348 4095 459 4156 τοῖς
481 4091 826 4162 εὑρίσκουσιν
850 4089 1040 4153 αὑτὰς,
1066 4089 1160 4142 καὶ
1186 4087 1338 4158 πάσῃ
1359 4088 1524 4158 σαρκὶ
1550 4086 1745 4149 ἴασις.»

179 4184 291 4259 Kal.
318 4184 398 4255 ,ὲν
440 4173 952 4253 τῷ”νΕκκλησιαστῇ
974 4195 987 4207 ·
1048 4196 1066 4229 ι
1097 4178 1160 4232 ῙΟ
1189 4177 1479 4251 φυλάσσων
1508 4176 1750 4248 ἐντολὴν,

179 4274 241 4327 οὐ
281 4273 551 4340 γνώσεται
600 4271 753 4343 ῥῆμα
793 4268 1062 4339 πονηρόν·
1120 4268 1149 4320 6
1189 4267 1479 4337 φυλάσσων
1504 4267 1749 4339 ἐντολὴν,

1849 3182 1984 3238 dum
2011 3180 2116 3250 ipsi
2144 3178 2344 3232 decore
2375 3174 2543 3229 vitam
2579 3167 2955 3228 instituimus,
2991 3161 3191 3234 gaudio
3217 3156 3429 3211 dilfou

1850 3273 2036 3339 datur,
2084 3268 2248 3325 nobis
2292 3264 2586 3322 sinceriter
2625 3257 2980 3318 viventibus;
3018 3253 3086 3308 ab
3121 3248 3271 3304 omni
3309 3256 3426 3302 tur—

1849 3364 1974 3420 bela
2005 3338 2427 3427 interquiescat,
2461 3353 2634 3424 probe
2663 3350 2824 3404 nobis
2859 3364 2924 3402 ac
2952 3345 3153 3416 pudice
3175 3338 3429 3412 degenti-

1849 3455 1976 3518 bus,
2002 3449 2198 3521 dapsili
2220 3446 2384 3517 epulo
2413 3443 2620 3501 anobis
2641 3440 2968 3510 excipiatur,
2994 3434 3089 3506 qui
3120 3433 3302 3503 ipsum
3329 3430 3427 3485 dc-

1850 3558 2119 3607 amamus,
2143 3540 2274 3595 dum
2295 3535 2456 3591 nobis
2481 3534 2710 3605 pulchre
2736 3541 3104 3600 temperamus
3133 3525 3201 3579 ab
3226 3523 3426 3576 immo—

1852 3636 2061 3695 deratis
2107 3630 2313 3689 eduliis
2360 3643 2425 3682 ac
2450 3623 2625 3682 sobrii
2666 3638 2878 3678 sumus.
2901 3616 3120 3689 1215
3154 3614 3209 3670 Si
3258 3613 3429 3683 igitur

1852 3726 2106 3786 aestuanti
2133 3738 2258 3780 cum
2296 3720 2521 3775 fervore
2568 3715 2636 3770 ad
2685 3704 2781 3769 Dei
2817 3711 3201 3766 mandatorum
3239 3704 3428 3773 imple—

1854 3823 2057 3876 tionem
2120 3814 2471 3882 acciugemur
2505 3848 2520 3871 ,
2577 3820 2780 3876 organa
2830 3814 3094 3857 sensuum
3177 3796 3427 3851 omnium

1852 3911 2112 3978 deinceps
2127 3904 2301 3976 gratia
2318 3902 2415 3975 Dei
2428 3898 2748 3955 illuminans
2769 3895 2822 3948 in
2838 3894 2958 3963 ipso
2978 3898 3101 3944 actu
3125 3885 3427 3947 sentiendi,

1851 3976 2068 4063 nostras
2089 3997 2311 4068 quidem
2327 3993 2501 4050 veluti
2517 3988 2806 4047 comburet
2834 3976 3214 4054 cogitationes,
3238 3984 3429 4031 nostra

1852 4105 2038 4152 autem
2060 4067 2260 4153 virtus,
2294 4102 2391 4142 cor
2414 4085 2593 4154 ipsum
2619 4081 2695 4135 ita
2724 4076 2924 4132 afﬁciet
2951 4081 3012 4127 ut
3041 4083 3229 4125 secum
3262 4067 3428 4120 ratio-

1853 4187 2070 4243 cinetur
2104 4190 2159 4237 et
2179 4177 2452 4248 expendat
2481 4170 2800 4243 spirituales
2822 4163 2988 4221 animi
3012 4158 3427 4229 conccptiones,

1853 4292 1965 4331 non
2018 4273 2131 4343 jam
2182 4250 2485 4323 secundum
2544 4273 2790 4323 carnem,
2827 4255 2885 4309 in
2935 4248 3159 4322 paciﬁca
3191 4243 3426 4314 quadam

179 4334 338 4434 τηρεῖ
362 4364 461 4434 τὴν
491 4334 860 4431 αὑτοῦ-ψυχήν
883 4375 897 4389 ⁸
999 4334 1291 4427 φυλάσσων
1317 4357 1562 4426 ἐντολὴν,
1594 4334 1752 4422 οὗτος

1859 4361 2100 4421 amicitia
2126 4368 2183 4414 et
2207 4357 2278 4412 ab
2300 4353 2451 4410 omni
2485 4351 2611 4406 fuco
2634 4348 2836 4402 aliena.
2870 4341 3149 4410 Scriptum
3170 4334 3319 4390 enim
3343 4339 3427 4387 est

182 4425 469 4527 bviaivsdt
504 4458 617 4510 Kal.
645 4425 861 4524 ἐπάγει·
895 4474 913 4505 ι
945 4425 1231 4525 Μακάριος
1257 4451 1397 4522 ἀνὴρ
1424 4425 1753 4515 ὃςείσακού-

1862 4463 1917 4516 in
1948 4453 2262 4513 Proverbiis
2287 4469 2305 4519 :_
2332 4470 2348 4502 ι
2370 4447 2496 4513 Fili,
2524 4460 2593 4500 ne
2617 4437 3007 4514 praetereﬂluas
3035 4451 3049 4487 :
3083 4428 3297 4487 custodi
3324 4442 3427 4481 an-

142 4534 155 4622 }
182 4552 335 4605 σεταί
366 4568 492 4622 μου,
524 4552 620 4602 καὶ
647 4547 934 4616 ἄνθρωπος
966 4545 1024 4609 ὃς
1051 4544 1153 4607 τὰς
1177 4545 1318 4614 ὲμὰς
1341 4542 1562 4606 ἐντολάς
1584 4543 1753 4612 φυλά-

183 4641 327 4706 ξει.»
384 4640 495 4696 Kal.
541 4642 569 4693 6
612 4638 826 4701 Παῦλος
877 4635 1160 4706 Τιμοθέῳ⁸
1212 4654 1231 4686 ι
1265 4634 1639 4704 Παραγγέλλω
1671 4652 1754 4688 σοι

180 4729 421 4785 ἐνώπιον
457 4728 668 4799 Κυρίου
688 4767 704 4792 ,
758 4728 998 4797 τηρῆσαί
1032 4743 1091 4779 σε
1125 4725 1222 4795 τὴν
1252 4724 1475 4794 ἐντολὴν
1500 4725 1754 4787 ἄσπιλον,

179 4821 568 4892 ἀνεπίληπτον.
596 4839 615 4872 ι
658 4821 770 4873 Καὶ
798 4817 1109 4888 Κορινθίοις
1130 4833 1144 4847 ο
1201 4836 1220 4868 ι
1256 4815 1497 4869 Ἐπαινῶ
1521 4815 1577 4868 δὲ
1611 4817 1755 4885 ὑμᾶς

178 4912 264 4967 ὅτι
312 4909 546 4964 πάντοτὲ
598 4926 700 4978 μου
747 4905 1029 4978 μέμνησθε
1054 4946 1070 4969 ,
1116 4909 1211 4961 καὶ
1245 4902 1427 4969 καθὼς
1461 4905 1756 4976 παρέδωκα

181 5003 331 5071 ὑμῖν.
364 5000 464 5062 τὰς
494 4998 827 5068 παραδόσεις
856 4996 1174 5066 κατέχετε.»
1209 4995 1379 5048 Τοῦτο
1404 4994 1463 5046 δὲ
1496 4994 1752 5047 παιδευό-

183 5090 461 5162 μεθαηδιά
502 5091 680 5160 πάσης
726 5088 823 5157 τῆς
864 5088 1017 5151 θείας
1042 5088 1304 5159 Γραφῆς,
1359 5087 1442 5140 ὅτι
1485 5087 1546 5139 οὑ
1591 5089 1753 5156 μόνον

178 5182 455 5252 ὀφειλέται
484 5179 683 5250 ἐσμὲν,
718 5179 818 5243 τὰς
852 5178 1070 5255 ἐντολάς
1100 5178 1194 5233 τοῦ
1223 5177 1358 5253 Θεοῦ
1391 5181 1580 5249 τηρεῖν
1607 5180 1752 5234 άπα-

182 5274 457 5346 ραϐάτως,
493 5272 630 5326 ἀλλά
658 5273 754 5326 καὶ
787 5272 885 5335 τὰς
912 5260 1020 5327 τῶν
1052 5273 1305 5343 πατέρων
1333 5271 1512 5342 ἡμῶν,
1545 5271 1640 5323 καὶ
1669 5270 1750 5324 διο

178 5367 463 5422 δασκάλων
510 5366 607 5419 καὶ
648 5364 1000 5435 ἡγουμένων,
1053 5364 1193 5435 μετὰ
1242 5363 1423 5433 πάσης
1465 5361 1751 5427 εὐλαϐείας

180 5456 456 5527 ἀτρώτους
510 5454 914 5526 διαφυλάττειν.
966 5455 1137 5525 Φησὶν
1185 5453 1242 5507 δὲ
1296 5454 1391 5506 καὶ
1439 5454 1467 5506 6
1509 5452 1746 5524 Κύριος·

186 5563 208 5598 ι
229 5545 418 5616 Ὑμεῖς
448 5546 590 5616 φίλοι
620 5549 727 5615 μσύ
742 5544 1015 5612 ἒστε,ὲάν,
1049 5543 1087 5600 ἃ
1111 5542 1223 5613 ἐγὼ
1248 5542 1565 5613 ἐντέλλομαι
1592 5544 1740 5613 ὑμῖν,

256 5660 302 5692 ⁸⁸
332 5657 532 5712 Ezech.
579 5674 688 5720 xtv,
717 5658 767 5712 6.
826 5647 844 5661 ’
893 5657 937 5689 ⁸⁷
967 5658 1164 5712 Ezecb.
1200 5630 1471 5719 xvnt,.3l.

190 5728 231 5764 ⁷¹
268 5728 429 5785 Prov.
459 5741 537 5787 ιιι,
566 5725 658 5792 ⁸21,
681 5725 770 5781 25.

1578 5654 1622 5687 ⁸⁸
1665 5655 1839 5711 Levit.
1883 5673 2011 5714 xm.
2067 5653 2155 5707 5|.

911 5728 955 5759 "
987 5728 1147 5784 Prov.
1181 5744 1257 5796 tv,
1289 5727 1359 5782 20
1387 5726 1476 5780 ‘22.
1545 5727 1591 5759 ⁷³
1622 5726 1805 5783 Eccle.
1838 5742 1952 5791 vut,
1979 5725 2032 5781 5.

1851 4559 1964 4606 tem
2006 4545 2298 4603 consilium
2330 4554 2514 4595 meum
2545 4547 2600 4591 et
2624 4534 2792 4590 animi
2827 4530 2936 4585 mei
2972 4523 3324 4584 sententiam,
3364 4528 3427 4572 ut

1851 4643 2001 4698 vivat
2024 4638 2206 4693 anima
2252 4645 2348 4688 tua
2381 4640 2436 4685 et
2468 4626 2719 4684 ambules
2758 4619 3043 4678 conﬁdens
3079 4617 3135 4669 in
3170 4629 3302 4683 pace
3328 4624 3427 4680 per

1850 4746 2044 4788 omnes
2064 4729 2186 4783 vias
2209 4735 2336 4780 tuas
2361 4739 2376 4776 :
2409 4720 2678 4798 Dominus
2705 4714 2851 4770 enim
2880 4709 3059 4765 aderit
3089 4706 3186 4760 tibi
3220 4705 3273 4758 in
3302 4717 3424 4757 om-

1850 4824 2016 4879 nibus
2046 4819 2154 4874 viis
2182 4815 2376 4871 tuis“.
2407 4813 2667 4866 i'lterum
2697 4826 2710 4861 :
2750 4827 2767 4857 ι
2796 4800 3025 4860 Custodi
3054 4798 3331 4855 mandata,
3355 4807 3428 4848 ne
3484 4840 3488 4844 .

1851 4905 2221 4970 obliviscaris,
2257 4900 2375 4957 noli
2409 4897 2697 4967 despicere
2728 4908 2790 4947 os
2825 4903 3031 4952 meum,
3066 4897 3124 4940 ct
3159 4899 3228 4937 ne
3254 4879 3427 4935 decli-

1856 5013 1955 5054 nes
1988 5014 2018 5052 a
2053 4994 2242 5051 verbis
2287 4992 2404 5047 oris
2430 4988 2560 5052 mei,
2581 5000 2762 5054 neque
2806 4980 3167 5046 derelinquas
3192 4970 3427 5026 manda-

1854 5102 1971 5143 tum
2005 5086 2132 5149 hoc,
2157 5092 2215 5139 et
2242 5079 2529 5153 adiuvabit
2553 5087 2624 5130 te.
2656 5074 2781 5138 Fili,
2814 5070 3003 5126 verbis
3035 5066 3174 5121 meis
3205 5076 3427 5118 accom‘

1855 5179 2017 5234 moda
2054 5190 2266 5238 aurem,
2315 5180 2371 5226 et
2408 5167 2621 5225 custodi
2654 5167 2710 5220 in
2757 5164 2923 5221 corde
2972 5171 3089 5216 tuo.
3126 5158 3249 5212 Vita
3276 5155 3426 5211 enim

1849 5280 1937 5326 est
1973 5265 2385 5323 invenientibus
2422 5278 2486 5317 ea
2511 5301 2525 5323 ,
2561 5268 2618 5314 et
2665 5256 2814 5313 omni
2860 5252 3014 5308 cordi
3052 5250 3263 5305 sanitas
3292 5246 3362 5299 ν’.
3401 5263 3422 5297 ι

1854 5361 1925 5417 Et
1954 5359 2008 5414 in
2033 5357 2362 5414 Ecclesiaste
2397 5372 2411 5407 :
2453 5372 2470 5404 ι
2516 5350 2622 5418 Qui
2670 5341 2907 5405 custodi]
2937 5342 3283 5404 mandatum,
3313 5352 3428 5392 non

1854 5457 2146 5522 cognoscet
2168 5446 2397 5502 verbum
2423 5445 2625 5498 malum
2660 5462 2673 5495 :
2700 5440 2792 5511 qui
2820 5435 3061 5494 custodit
3085 5431 3427 5495 mandatum,

1854 5543 1946 5598 hic
1986 5555 2151 5596 sanus
2176 5547 2262 5594 cst
2295 5539 2363 5592 ⁷⁸.
2400 5555 2419 5588 ι
2456 5534 2675 5589 lnducit
2711 5550 2725 5586 :
2769 5552 2787 5583 ι
2824 5531 3027 5585 Beatus
3052 5526 3140 5581 vir
3165 5522 3424 5581 exaudiet

2265 5653 2308 5685 "
2339 5646 2573 5706 Zachar.
2607 5664 2683 5716 ιιι,
2716 5650 2765 5701 7.
2871 5645 2918 5679 ⁷⁸
2940 5642 3121 5702 chit.
3155 5658 3303 5709 xxvr,
3340 5641 3421 5698 1‘3.
