4014 6310
518 284 652 352 1795

1777 283 2140 345 ANTIOCHI
2184 283 2519 344 MONACH'I

3640 287 3782 353 1796

512 399 596 453 eis
637 393 1054 466 expostulamus
1112 394 1184 449 ob
1246 408 1315 448 ea
1359 409 1482 464 qua:
1532 407 1629 462 per
1669 393 2082 446 immoderatam

2189 392 2283 443 καὶ
2325 391 2435 444 τῶν
2465 390 2560 443 τοῦ
2591 392 2788 456 αἰῶνος
2811 393 3006 446 τούτου
3036 394 3393 467 ἀνθρώπων;
3439 399 3500 452 ’0
3534 399 3637 470 μὲν
3668 404 3778 475 γὰρ

513 487 875 556 cupiditatem
917 491 1271 538 extorserunt
1294 499 1324 536 a
1353 483 1536 538 nobis.
1572 483 1738 537 Plane
1769 476 1852 536 ea'
1875 493 1960 538 est
1990 482 2086 537 Dei

514 580 769 630 voluntas
815 585 876 630 ut
913 577 1196 628 lucremur
1229 575 1409 643 ipsum
1443 575 1521 628 rei
1565 584 1767 628 nostra:
1793 583 2090 642 occupato-

516 685 652 727 rum.
687 684 794 720 non
842 681 952 718 rem
1001 663 1196 718 fraude
1241 644 1584 733 occupatam.
1627 664 1844 718 Etenim
1877 664 1970 733 qui
2009 663 2089 717 sic

517 759 799 812 hominum
839 757 1179 826 malignitate
1225 755 1480 819 afﬁcitur,
1525 757 1662 809 vitat
1709 766 1955 825 peccata.
1989 754 2086 810 sed

514 862 569 905 et
622 854 673 904 in
722 851 1078 904 tribulatione.
1111 848 1250 901 nihil
1298 848 1575 918 disparem
1613 849 1950 902 nanciscitur
1978 848 2085 901 Dn-

520 945 669 994 mino
712 948 1070 994 suecurrente
1099 939 1502 993 defensionem.
1536 937 1636 1003 Qui
1667 939 1943 1007 particeps
1967 937 2086 991 efﬁ-

517 1031 661 1081 citur
703 1038 904 1082 sancte
934 1027 1291 1096 cognitionis,
1345 1027 1578 1094 plusque
1628 1028 1878 1080 melleam
1919 1027 2089 1099 degu-

517 1120 680 1173 stavit
709 1119 1080 1181 dulcedinem,
1109 1134 1215 1170 non
1258 1117 1425 1170 debet
1463 1117 1508 1169 is
1534 1117 1831 1186 aliquando
1855 1118 1921 1171 de
1951 1133 2090 1188 quo-

517 1229 678 1280 quam
729 1211 1059 1265 sententiam
1105 1210 1271 1273 ferre,
1312 1219 1407 1262 aut
1457 1208 1730 1262 actionem
1798 1209 2088 1264 intendere

521 1307 611 1358 ulli
662 1305 967 1361 hominum.
1004 1304 1220 1357 tametsi
1261 1313 1388 1372 toga
1441 1312 1536 1355 aut
1582 1303 1749 1371 pallio
1795 1303 2084 1372 spolietur.

517 1397 688 1462 Quam
719 1397 868 1450 enim
909 1395 1148 1448 immane
1187 1403 1272 1448 est
1305 1394 1625 1455 discrimen,
1657 1410 1765 1463 quo
1796 1395 1940 1448 inter
1966 1411 2086 1449 sese

517 1487 790 1541 dissident
827 1496 883 1540 et
923 1485 1015 1540 Dei
1051 1495 1107 1538 et
1151 1485 1335 1540 επιξυιί
1377 1483 1540 1538 istius
1583 1483 1835 1537 alumni?
1865 1485 2088 1540 Mandat

517 1581 603 1634 lex
638 1596 652 1631 :
689 1579 843 1632 «Non
891 1576 1056 1633 facies
1093 1576 1349 1647 injuriam
1370 1575 1622 1644 proximo
1650 1577 1894 1630 tuo”-”.
1921 1596 1938 1628 ι
1976 1567 2082 1632 Eli

524 1687 542 1718 ι
567 1668 683 1721 Non
732 1666 968 1720 dormiet
1021 1681 1231 1720 merces
1277 1664 1601 1720 mercenarii
1638 1665 1783 1732 apud
1821 1665 1924 1720 te‘.
1963 1665 2084 1719 Non

517 1758 820 1813 maledices
855 1757 1045 1821 surdo,
1081 1765 1137 1811 et
1165 1771 1350 1810 coram
1384 1770 1530 1810 caeco
1562 1770 1671 1809 non
1710 1769 1882 1824 pones
1905 1754 2083 1809 offeno

517 1850 822 1904 diculum'.
856 1869 872 1899 ι
911 1848 1295 1903 Parmmiastes
1325 1863 1338 1898 :
1375 1867 1392 1898 ι
1413 1847 1529 1900 Non
1560 1846 1729 1900 facias
1765 1846 2082 1900 violentiam

517 1939 768 2010 pauperi,
800 1954 1009 2007 pauper
1035 1939 1182 1991 enim
1223 1946 1327 2000 est,
1364 1953 1546 2006 neque
1585 1937 1886 1991 inhonores
1932 1936 2088 1989 inﬁr-

517 2043 666 2082 tuum
712 2029 766 2080 in
820 2026 1342 2091 portis:Dominus
1409 2027 1558 2080 enim
1609 2026 1882 2096 iudicabit
1935 2026 2086 2094 judi-

515 2117 734 2171 cium."
761 2137 778 2168 ι
825 2118 1040 2186 1218
1056 2118 1122 2171 Et
1149 2118 1263 2172 haec
1305 2117 1527 2186 quidem
1561 2127 1721 2171 vetus
1768 2117 1858 2170 illa
1889 2117 1995 2181 lex,
2025 2123 2086 2170 ut

513 2224 638 2276 qua:
672 2209 993 2277 imperfecta
1030 2216 1170 2270 erat,
1205 2224 1331 2262 cum
1381 2208 1628 2262 nondum
1659 2208 1865 2262 adultis
1895 2217 1950 2262 et
1979 2221 2086 2277 pu-

513 2298 768 2354 sionihus
797 2298 865 2352 ad
894 2315 1018 2353 eum
1055 2298 1276 2353 modum
1318 2299 1539 2354 texebat
1570 2314 1895 2363 sermones;
1921 2297 2085 2354 Chri-

514 2390 587 2444 sti
620 2385 819 2444 "autem
870 2391 954 2444 lex
1005 2390 1247 2460 perfecta
1295 2405 1418 2444 cum
1473 2391 1568 2454 slt,
1607 2389 1864 2458 perfectis
1889 2389 1999 2458 jam
2028 2399 2085 2444 et

515 2479 610 2546 qui
647 2479 942 2549 participes
988 2480 1116 2534 facti
1170 2488 1298 2534 sunt
1347 2479 1508 2534 solidi
1537 2479 1670 2543 cibi,
1697 2484 1799 2533 "sua
1830 2480 2084 2548 praescri-

517 2570 601 2624 bit
631 2571 905 2624 mandata.
952 2571 1042 2625 Ait
1079 2571 1227 2625 enim
1272 2572 1578 2626 Dominus:
1617 2569 1820 2625 «Orate
1865 2587 1965 2640 pro
1993 2587 2085 2626 ca-

517 2660 918 2714 lumniantibus
944 2676 1041 2726 vos
1074 2669 1133 2714 et
1167 2660 1627 2728 persequentibus
1651 2661 1689 2714 ³.
1718 2678 1735 2710 ι
1769 2661 1881 2716 Hoc
1901 2661 2087 2730 exple:-

517 2757 721 2803 veruut
756 2758 1088 2818 praeceptum
1133 2749 1294 2802 initio
1324 2749 1452 2804 fidei
1488 2751 1834 2805 coruscantis
1857 2751 1935 2804 illi
1963 2767 2086 2819 ger-

517 2853 680 2891 mane
728 2837 932 2892 Christi
991 2837 1270 2906 discipuli,
1324 2837 1639 2906 Stephanus
1689 2849 1744 2894 et
1785 2841 2023 2894 Jacobus
2067 2881 2080 2894 .

517 2928 612 2984 Ille
645 2928 866 2997 quidem
901 2929 1240 2984 creberrimo
1276 2931 1522 3000 lapidum
1564 2933 1710 3002 jactu
1758 2930 2080 2996 adobrutus,

2189 479 2352 547 νόμος
2379 478 2709 533 ἐντέλλεται·
2747 499 2765 530 ι
2795 481 2908 534 Ούκ
2931 481 3216 553 ἀδικήσεις
3238 485 3334 537 τὸν
3357 485 3596 555 πλησίον
3620 504 3775 542 φοοδ

2189 567 2316 620 Καί’
2354 589 2372 620 ι
2399 569 2476 621 Οὑ
2500 568 2891 639 κοιμηθήσεται
2919 571 2948 622 6
2974 571 3163 640 μισθὸς
3187 572 3283 625 τοῦ
3311 574 3596 642 μισθωτοῦ
3623 578 3779 645 παρὰ

2191 659 2292 714 σοί.
2350 661 2424 713 Οὐ
2477 660 2662 722 κακῶς
2711 660 2857 731 ζερεῖς
2901 662 3101 731 κωφῷ,
3136 663 3233 716 καὶ
3266 665 3536 720 ἀπέναντι
3571 667 3779 734 τυφλοῦ

2188 750 2250 802 ού
2288 751 2474 820 θήσεις
2511 750 2862 804 σκάνδαλονδ
2916 753 3026 803 Kal
3059 755 3087 805 6
3115 755 3548 825 Παροιμιαστής
3571 772 3587 785 ·
3634 777 3655 807 ι
3688 758 3778 826 Μὴ

2181 841 2484 904 ’ἀποὸιάζου
2515 843 2754 911 πένητα,
2790 843 3138 914 πτωχὸςγάρ
3170 845 3351 896 ἐστιν·
3401 847 3542 915 μηδὲ
3574 848 3781 915 ἀτιμα-

2191 947 2289 1006 σῃς
2318 932 2518 1001 ἀσθενῆ
2549 935 2606 985 ὲν
2639 933 2836 996 πύλαις
2867 950 2880 964 ο
2929 936 2957 987 6
2996 936 3104 1005 γὰρ
3133 937 3341 1002 Κύριος
3373 941 3564 1007 κρινεῖ
3592 939 3776 991 αὑτῶν

2189 1024 2287 1092 τὴν
2321 1025 2521 1095 κρίσιν.
2549 1025 2683 1079 »Καὶ
2710 1025 2882 1078 ταῦτα
2917 1026 3018 1096 μὲν
3049 1030 3078 1081 6
3108 1027 3342 1090 παλαιὸς
3363 1068 3380 1092 9
3435 1029 3534 1081 an
3579 1031 3646 1099 δὴ
3699 1032 3775 1093 ὡς

2189 1118 2350 1186 ἀτελῆ
2402 1117 2616 1187 νηπίοις
2659 1116 2948 1185 διελέγετο.
3000 1117 3056 1170 Ὅ
3088 1117 3144 1170 δὲ
3176 1119 3272 1170 τοῦ
3303 1103 3549 1190 Χριστοῦ
3581 1123 3773 1190 νόμος,

2188 1205 2392 1270 τέλειος
2419 1207 2494 1259 ὢν
2518 1248 2532 1268 ,
2585 1211 2697 1270 τοῖς
2741 1204 2969 1271 τελείοις
2996 1210 3096 1278 τῆς
3119 1209 3331 1273 τελείας
3381 1213 3599 1282 τροφῆς
3635 1231 3770 1282 μετ-

2196 1298 2416 1368 έχουσιν
2444 1297 2815 1350 διατάσσεται.
2846 1299 3015 1368 Φησὶν
3039 1303 3145 1369 γὰρ
3161 1299 3188 1350 6
3211 1300 3419 1368 Κύριος
3439 1317 3453 1330 ·
3476 1320 3495 1352 ι
3525 1302 3770 1372 Εῦχεσθε

2187 1387 2328 1457 ὑπὲρ
2379 1388 2488 1441 τῶν
2531 1387 2838 1443 διωκόντων
2882 1389 3029 1458 ὑμᾶς
3095 1391 3187 1441 καὶ
3235 1391 3688 1460 ἐπηρεαζόντων.
3750 1415 3766 1446 ι

2188 1477 2402 1548 Ταύτην
2436 1478 2532 1549 τὴν
2557 1480 2778 1550 ἐντολὴν
2813 1480 3013 1542 εὐθέως
3037 1481 3404 1552 ἐκπληροῦσιν
3433 1483 3484 1536 οἱ
3517 1484 3773 1555 ἀληθινοὶ

3678 1577 3775 1628 καὶ

2187 1665 2214 1715 6
2239 1663 2339 1732 μὲν
2362 1663 2740 1734 λιθαζόμενος,
2764 1667 2790 1716 6
2815 1664 2870 1716 δὲ
2899 1665 3357 1736 κρημνιζόμενος,
3385 1667 3774 1737 προσηύχοντο

2189 1754 2327 1825 ὑπὲρ
2373 1754 2484 1806 τῶν
2525 1739 2896 1822 ἀναιρούντων
2936 1756 3156 1819 αὐτούς.
3209 1755 3466 1825 mutva:
3502 1759 3600 1810 καὶ
3636 1759 3770 1826 περι

2199 1841 2453 1898 Ἰακώϐου
2477 1846 2570 1898 τοῦ
2591 1845 2823 1913 ἀδελφοῦ
2841 1847 3110 1914 Ἰωάννου,
3127 1849 3209 1900 ὄτι
3227 1843 3349 1900 ἰδὼν
3375 1849 3541 1900 αὐτὴν
3567 1851 3770 1917 ἀπαγό-

2189 1934 2349 2004 μενοῖι
2397 1936 2496 2006 τὴν
2539 1939 2631 1990 ἐπὶ
2670 1937 2923 2001 θάνατον,
2975 1939 3002 1990 6
3043 1941 3435 2007 κατηγορήσας
3463 1939 3631 1990 αὐτον
3669 1958 3770 2008 με·

2184 2029 2534 2098 ταμεληθεὶς,
2569 2028 2912 2100 προσέπεσεν
2943 2028 3114 2096 αὐτῷ,
3147 2028 3354 2095 λέγων·
3393 2029 3769 2099 Συγχώρησὲν

2189 2134 2300 2186 μοι.
2343 2117 2400 2169 Ὁ
2429 2116 2486 2169 δὲ
2542 2115 2784 2185 ἐπισχὼν
2814 2116 3030 2186 μικρὸν,
3063 2113 3246 2168 εἶπεν·
3283 2118 3488 2188 Εἰρήνη
3528 2136 3633 2170 σοι·
3674 2123 3768 2171 καὶ

2185 2208 2552 2276 κατεφίλησεν
2605 2205 2791 2261 αὐτόν.
2853 2208 2912 2258 ’0
2962 2206 3019 2258 δὲ
3070 2207 3272 2271 εὐθέως
3549 2211 3769 2282 μεγάλῃ

2184 2297 2510 2366 Χριστιανὸν
2535 2297 2725 2348 ἑαυτὴν
2747 2298 3137 2365 ἀνηγόρευσεν.
3163 2298 3270 2349 Καὶ
3291 2303 3767 2370 συγκατακριθεὶς

2184 2385 2263 2455 τῷ
2304 2382 2500 2436 ἑαυτοῦ
2549 2384 3009 2454 κατηγορηθέντι,
3062 2383 3160 2438 σὺν
3187 2384 3337 2455 αὐτῷ
3367 2387 3467 2439 τοῦ
3496 2386 3762 2458 βραϐείου

2185 2475 2284 2542 τῆς
2332 2475 2442 2527 ἀνω
2488 2475 2738 2544 κλήσεως
2781 2474 2992 2544 ῑτνχεν.
3045 2475 3215 2544 Φησὶν
3243 2474 3302 2527 δὲ
3335 2476 3432 2528 καὶ
3460 2478 3489 2528 6
3520 2477 3762 2547 Πέτρος·

2190 2583 2210 2615 ι
2252 2568 2409 2619 Ποῖον
2447 2567 2600 2629 κλέος
2649 2568 2700 2619 οἱ
2744 2567 3151 2637 ἁμαρτάνοντες
3199 2568 3294 2621 καὶ
3333 2569 3762 2639 κολαφιζόμενοι

2185 2656 2543 2726 ὑπομενεῖτες
2598 2657 2715 2710 ἀλλ’
2750 2659 2801 2709 εί
2831 2658 3292 2725 ἀγαθοποιοῦντες
3327 2661 3425 2712 καὶ
3453 2661 3762 2730 πάσχοντες
3799 2709 3806 2716 .

2185 2747 2506 2816 ὑπομενεῖτε
2526 2788 2540 2811 ,
2597 2748 2684 2800 ἵνα
2730 2747 2787 2800 ἓν
2813 2739 2857 2814 ᾧ
2894 2747 3461 2819 γαταλαλοῦσινὺμῶν
3487 2751 3572 2816 ὡς
3595 2771 3759 2807 m9-

2187 2838 2354 2890 ποιῶν
2375 2837 2844 2906 καταισχυνθῶσιν
2864 2838 2914 2890 οξ
2930 2839 3332 2908 ἐπηρεάζοντες
3347 2841 3452 2912 τὴν
3467 2833 3585 2894 {vx
3596 2843 3764 2913 ριστῷ

2191 1569 2432 1638 μαθηταὶ
2459 1569 2552 1622 τοῦ
2581 1569 2844 1640 Χριστοῦ,
2880 1571 3152 1638 Στέφανος
3189 1572 3283 1624 καὶ
3320 1573 3590 1637 Ἰάκωϐος
3611 1593 3625 1605 ·

2187 2926 2357 2996 ἁγνὴν
2388 2927 2737 2995 ἀναστροφὴν
2763 2926 2939 2994 ὑμῶν.
2956 2946 2974 2978 ι
3015 2928 3124 2980 Καὶ
3154 2928 3348 2993 ἰπάγει
3366 2946 3402 2960 ο·
3423 2947 3443 2980 ι
3468 2927 3625 2982 Οἶδεν
3652 2932 3761 2982 K6-

517 3019 607 3073 hic
643 3034 794 3081 vero,
823 3021 1126 3090 praecipitio
1154 3022 1390 3076 traditus
1417 3022 1560 3085 neci,
1586 3032 1817 3092 uterque
1842 3039 1942 3091 pro
1967 3024 2082 3076 suis

2189 3034 2304 3096 ριος
2350 3017 2594 3080 εὐσεϐεῖς
2643 3021 2709 3070 ὲκ
2750 3019 3072 3088 πειρασμῶν
3105 3019 3406 3089 ῥύσασθαι,
3449 3023 3674 3086 ἀδίκους
3703 3025 3760 3078 δὲ

518 3108 972 3165 interfectoribus
1048 3128 1240 3181 preces
1299 3111 1502 3168 fudit‘.
1549 3114 1621 3168 De
1672 3114 1879 3168 Iacobo
1933 3115 2080 3168 enim

514 3199 749 3253 Joannis
796 3198 968 3254 fratre
1023 3201 1301 3254 memoria:
1356 3201 1634 3269 proditum
1693 3211 1798 3263 est,
1850 3203 1994 3270 quod
2037 3204 2084 3258 is

514 3291 676 3360 cujus
710 3289 976 3343 dilatione
1031 3290 1210 3344 fuerat
1250 3291 1636 3354 denuntiatus,
1685 3307 1810 3346 cum
1855 3293 2084 3348 vidisset

511 3379 784 3433 Jacobum
823 3380 938 3449 rapi
976 3381 1046 3435 ad
1083 3389 1342 3445 mortem,
1377 3381 1583 3436 ductus
1615 3375 2083 3453 ptenitentia,'pe-

513 3469 682 3525 dibus
709 3471 948 3540 procidit
975 3472 1144 3534 beati,
1174 3471 1366 3526 dicens
1392 3490 1404 3525 :
1434 3472 1659 3543 lndulge
1692 3475 1847 3527 mihi.
1879 3475 2083 3529 Beatus

514 3572 650 3612 vero
678 3557 1022 3626 aliquantum
1059 3559 1288 3613 morulas
1318 3561 1592 3626 restitans,
1621 3562 1903 3630 respondit
1934 3581 1945 3614 :
1972 3562 2078 3617 Pax

516 3647 654 3712 tibi;
696 3647 802 3700 hoc
836 3646 1006 3708 dicto.
1037 3649 1093 3702 in
1145 3648 1297 3703 illius
1330 3650 1616 3719 amplexus
1646 3653 1760 3706 ruit
1787 3647 1846 3706 et
1871 3653 2078 3707 oscula.

514 3739 709 3792 Atille
751 3754 888 3794 voce
929 3749 1115 3794 exerta
1159 3740 1534 3797 Christianum
1568 3758 1626 3798 se
1655 3759 1777 3798 esse
1799 3744 2084 3813 professus

512 3833 623 3890 est,
677 3827 843 3896 eique
905 3841 1304 3885 annumeratus
1341 3841 1447 3892 est,
1479 3847 1642 3901 quem
1685 3832 1985 3897 incusarat,
2025 3845 2082 3889 et

512 3914 763 3972 bravium
816 3933 944 3972 cum
996 3918 1090 3972 illo
1132 3930 1420 3975 assecutus
1457 3937 1708 3990 supernae
1752 3923 2104 3980 vocationis'.

510 4005 604 4060 Ait
631 4016 814 4060 autem
848 4017 905 4062 et
932 4007 1132 4064 Petrus
1160 4026 1174 4061 :
1208 4029 1226 4059 ι
1254 4009 1388 4075 Quae
1415 4011 1561 4065 enim
1590 4012 1759 4082 gloria
1803 4013 1848 4068 si
1889 4029 2082 4083 pecca-

513 4095 604 4159 tis,
633 4105 689 4149 et
733 4096 1068 4166 colaphizati
1117 4099 1398 4154 sull'erlis?
1445 4100 1551 4155 Sed
1598 4102 1644 4156 si
1677 4102 2081 4160 benefacientes

510 4189 784 4255 patienter
824 4189 1134 4256 sustinetis,
1184 4191 1303 4247 haec
1344 4201 1429 4246 est
1473 4193 1646 4263 gratia
1691 4195 1836 4263 apud
1868 4195 2076 4261 Deum;

2183 3110 2262 3171 είς
2309 3107 2524 3178 ἡμέραν
2574 3110 2810 3177 κρίσεως
2867 3109 3268 3178 κολαζομένους
3315 3114 3532 3180 τηρεῖν.
3575 3132 3594 3164 ι
3653 3113 3760 3166 Καὶ

2146 3265 2150 3278 Ι
2181 3201 2210 3253 6
2239 3200 2407 3252 Δαυϊδ
2427 3215 2442 3228 ·
2483 3217 2501 3250 ι
2534 3198 2799 3252 Ποιοῦντα
2825 3202 2999 3268 κρῖμα
3019 3203 3135 3263 τοῖς
3158 3201 3568 3269 ἀδικουμένοις,
3593 3203 3760 3256 διδόν-

2175 3305 2249 3342 τα
2281 3287 2483 3358 τροφὴν
2511 3291 2624 3351 τοῖς
2655 3288 2931 3344 πεινῶσιν.
2958 3308 2976 3340 ι
3016 3290 3300 3343 Διάτοῦτο
3327 3293 3484 3358 κάγὼ
3505 3309 3521 3322 ·
3579 3313 3598 3344 ι
3622 3294 3760 3345 18:-

2183 3378 2304 3434 κίαν
2353 3379 2592 3448 ἐμίσησα
2643 3379 2738 3430 καὶ
2782 3379 3190 3449 ὲὸδελυξάμην,
3244 3381 3336 3434 τὴν
3367 3382 3426 3434 δὲ
3462 3383 3631 3452 νόμον
3663 3401 3754 3436 σου

2179 3474 2461 3543 ἠγάπησα.
2499 3493 2516 3525 ι
2577 3461 2684 3525 Kal.
2731 3474 2941 3542 ἐπειδὴ,
2981 3475 3247 3536 Δέσποτα,
3288 3476 3353 3544 σὴ
3383 3477 3578 3546 ἐντολή
3607 3480 3753 3531 ἐστιν

2181 3562 2504 3626 ἀδικεῖσθαι,
2536 3562 2633 3615 καὶ
2667 3562 2742 3630 μὴ
2769 3562 3002 3615 ἀδικεῖν⁶
3036 3564 3462 3618 ἀνταπεδίδοσάν
3489 3584 3583 3635 μοι
3610 3568 3750 3620 κακὰ

2179 3655 2302 3708 ἀντὶ
2344 3654 2588 3721 ἀγαθῶν.
2645 3651 2790 3720 Ἐγὼ
2818 3653 2876 3706 δὲ
2905 3655 3338 3724 προσηυχόμην,
3386 3656 3417 3707 6
3449 3655 3586 3718 Θεός
3627 3673 3747 3724 μου,

2185 3744 2345 3816 ῥῦσαί
2377 3762 2444 3815 με
2475 3747 2538 3796 ὲκ
2561 3744 2742 3814 χειρὸς
2766 3743 3213 3814 παρανομοῦντος
3244 3746 3336 3798 καὶ
3365 3746 3702 3809 ἀδικοῦντος.
3727 3765 3747 3796 ι

2191 3838 2250 3890 '0
2274 3837 2333 3890 δὲ
2360 3835 2572 3897 Παῦλος
2589 3851 2604 3867 ο
2648 3852 2667 3886 ι
2695 3835 2795 3888 Διά
2826 3834 2881 3886 τί
2915 3836 3038 3904 οὐχὶ
3067 3834 3269 3902 μᾶλλον
3294 3836 3609 3903 “naides;
3637 3835 3751 3890 ἀλλ’

2181 3927 2341 3996 ὑμεῖς
2361 3927 2618 3990 ἀδικεῖτε,
2642 3925 2737 3977 καὶ
2757 3913 3136 3996 ἀποστερεῖτε·
3161 3925 3450 3982 καὶταῦτα
3463 3928 3746 3997 ἀδελφούς.

2181 4019 2252 4070 Ἦ
2300 4017 2402 4070 οὐκ
2451 4017 2630 4071 οῐδατε
2685 4019 2767 4074 ὅτι
2816 4018 2996 4072 ἄδικοι
3047 4019 3325 4087 βασιλείαν
3357 4021 3495 4074 Θεοῦ
3531 4024 3597 4075 οῦ
3623 4023 3746 4094 κλη-

2183 4110 2639 4180 ρονομήσουσινςι
2671 4109 2781 4162 Kal
2799 4111 2862 4162 ἐν
2881 4095 3083 4173 ἄλλοις·
3115 4131 3134 4161 r
3159 4111 3749 4182 Ἀδελφοὶ,ἀναμιμνή-

2179 4201 2340 4253 κεσθε
2397 4201 2496 4263 τὰς
2541 4201 2809 4271 πρότερον
2847 4202 3066 4272 ἡμέρας
3116 4205 3174 4254 ἐν
3217 4197 3308 4265 αἷς
3353 4203 3744 4271 φωτισθέντες,

511 4288 573 4332 ιιι
618 4279 670 4332 in
719 4296 786 4334 eo
828 4281 977 4349 quod
1039 4282 1357 4337 detractant
1385 4283 1454 4339 de
1498 4285 1658 4340 vobis
1704 4297 1961 4356 tanquam
2010 4288 2078 4342 de

2183 4291 2380 4362 πολλὴν
2419 4291 2645 4363 ἄθλησιν
2689 4292 3020 4360 ὑπεμείνατε
3049 4293 3416 4362 παθημάτων·
3457 4293 3624 4346 τοῦτο
3651 4295 3750 4364 μὲν

508 4369 978 4432 malefactoribus.
1000 4374 1414 4444 suppudescant
1435 4375 1529 4445 qui
1549 4378 1956 4436 calumniantur
1976 4394 2075 4433 ve-

2183 4358 2502 4451 ὀνειδισμοῖς
2530 4358 2592 4435 τε
2626 4384 2720 4436 καὶ
2749 4358 2994 4452 θλίψεσιν
3025 4358 3437 4454 θεατριζόμενοι
3456 4425 3472 4449 ,
3506 4358 3670 4438 τοῦτο
3691 4386 3747 4438 δὲ

507 4467 680 4514 stram
726 4463 780 4514 in
825 4458 1048 4518 Christo
1087 4474 1332 4520 sanctam
1371 4468 1848 4524 conversationem
1867 4470 1953 4522 ‘.a
1986 4471 2074 4525 ln-

507 4551 709 4605 ducit:
744 4554 944 4607 «Novit
987 4556 1139 4608 enim
1180 4557 1448 4612 Dominus
1494 4558 1616 4628 pios
1661 4559 1730 4614 de
1771 4561 2071 4617 tentatioue

506 4641 748 4712 eripere,
776 4645 992 4714 iniquos
1029 4655 1212 4700 autem
1261 4647 1316 4700 in
1357 4646 1503 4700 diem
1530 4647 1721 4716 judicii
1744 4649 2072 4706 cruciandos

507 4746 728 4786 servare
750 4733 790 4785 '.
809 4750 830 4782 ι
859 4732 1070 4788 David:
1093 4751 1110 4782 ι
1133 4733 1236 4798 Qui
1261 4733 1670 4803 facitjudicium
1691 4736 1946 4805 injuriam
1971 4753 2068 4806 pa-

508 4822 795 4885 tientibus,
823 4825 919 4892 qui
962 4824 1057 4878 dat
1087 4839 1270 4879 escam
1310 4826 1690 4882 esurientibus
1706 4828 1786 4880 ⁸.»
1843 4828 2074 4898 Propter

507 4912 614 4969 hoc
641 4922 702 4968 et
731 4929 836 4983 ego
863 4931 877 4964 :
913 4914 1296 4984 «Iniquitatem
1316 4916 1445 4970 odio
1469 4917 1658 4980 habui,
1686 4919 1858 4990 legem
1889 4929 2073 4975 autem

507 5003 739 5059 dilexi’.
770 5025 786 5054 ι
831 5004 948 5061 Jam
1000 5005 1223 5074 quando
1281 5006 1598 5062 mandatum
1649 5018 1806 5063 tuum
1861 5020 1966 5073 est,
2012 5018 2076 5064 ut

507 5096 711 5151 illatam
750 5097 1006 5166 injuriam
1044 5096 1265 5153 fortiter
1288 5098 1491 5161 ferens.
1529 5100 1734 5155 nemini
1776 5101 1881 5156 sim
1926 5101 2074 5172 inju-

509 5194 660 5258 rius,
714 5192 804 5248 isti
874 5193 1242 5248 reddiderunt
1297 5195 1438 5248 mala
1488 5209 1590 5262 pro
1620 5193 1864 5248 bonis“.
1918 5193 2074 5263 «Ego

503 5297 686 5341 autem
719 5286 962 5348 orabam,
995 5287 1139 5340 Deus
1163 5302 1338 5349 meus,
1361 5285 1513 5356 eripe
1548 5301 1635 5341 me
1657 5286 1726 5341 de
1753 5300 1914 5340 manu
1945 5301 2077 5340 con-

2178 4474 2426 4528 κοινωνοὶ⁵
2475 4473 2584 4526 τῶν
2627 4471 3322 4544 οὕτωςάναστρεφομένων
3343 4475 3690 4548 γενηθέντες.
3724 4494 3741 4526 ι

2177 4565 2344 4631 Λέγει
2367 4563 2425 4616 δι
2454 4565 2483 4616 6
2505 4561 2747 4632 Κύριος·
2803 4582 2822 4614 ι
2857 4564 2983 4617 Ἐάν
3011 4565 3095 4627 τίς
3130 4581 3189 4616 σε
3214 4565 3537 4637 ἀγγαρεύσει
3574 4567 3746 4634 μίλιον

2176 4655 2257 4718 ἐν,
2293 4654 2470 4722 ὕπαγε
2506 4655 2623 4722 μετ’
2645 4654 2811 4707 αὐτοῦ
2839 4654 2952 4718 No,
2983 4656 3080 4708 καὶ
3108 4653 3187 4725 τῷ
3211 4654 3417 4708 θέλοντί
3445 4673 3528 4708 σοι
3553 4656 3746 4726 κριθῆ-

2176 4762 2295 4809 ναι,
2333 4745 2428 4798 καὶ
2459 4745 2547 4797 τὸν
2573 4745 2782 4813 χιτῶνά
2809 4760 2903 4798 σου
2931 4745 3124 4798 λαϐεῖν
3143 4786 3158 4808 ,
3215 4745 3352 4814 ἄφες
3379 4739 3535 4818 αὺτῷ
3566 4749 3664 4801 καὶ
3687 4748 3744 4801 τὺ

2181 4837 2394 4906 ίμάτιόν
2442 4851 2567 4889 σου·
2624 4837 2721 4889 καὶ
2769 4838 2850 4908 τῷ
2887 4837 3147 4890 τύπτοντί
3191 4854 3249 4890 σε
3303 4837 3398 4889 ἐπὶ
3437 4838 3540 4907 τὴν
3568 4837 3744 4902 δεξιὰν

2181 4929 2434 4994 σιαγόνα,
2473 4929 2681 4997 πάρεχε
2711 4929 2806 4980 καὶ
2832 4927 2931 4998 τὴν
2958 4927 3146 4998 ἀλλην.
3184 4927 3464 4996 Μακάριοι
3488 4930 3602 4998 γάρ
3623 4933 3740 4982 ἐστε

2178 5019 2306 5071 ὅταν
2335 5019 2640 5087 μισήσωσιν
2669 5019 2815 5088 ὑμᾶς
2848 5021 2898 5070 oi
2932 5019 3210 5088 ἄνθρωποι
3235 5057 3250 5076 .
3285 5019 3381 5071 καὶ
3407 5019 3741 5089 ἀφορίσωσιν

2178 5108 2362 5161 ἕνεκεν
2391 5108 2485 5162 τοῦ
2513 5107 2647 5161 Υἱοῦ
2675 5105 3087 5177 τοῦάνθρώπου
3106 5125 3121 5138 ·
3173 5109 3418 5184 χαίρετε,
3453 5109 3548 5162 καὶ
3579 5110 3743 5176 ἀγαλ-

2177 5198 2386 5259 λιᾶσθε,
2423 5198 2506 5250 ὅτι
2537 5201 2567 5251 6
2597 5200 2789 5269 μισθδς
2817 5199 2972 5267 ὑμῶν
3001 5199 3252 5260 πολυσιὲν
3279 5201 3395 5261 τοῖς
3420 5199 3695 5268 οὐρανοῖς.
3718 5218 3735 5250 ι

2177 5288 2336 5358 Λύτῷ
2365 5290 2399 5357 ἠ
2425 5287 2551 5355 δόξα
2582 5291 2660 5352 είς
2685 5291 2812 5350 τοὺς
2838 5289 3059 5352 αἰῶνας.
3097 5289 3286 5360 ’Δμήν.

508 5390 588 5436 tra
621 5383 794 5452 legem
830 5382 1044 5452 agentis
1076 5389 1131 5436 ct
1163 5379 1337 5449 iniqui
1363 5382 1426 5433 ¹¹.
1457 5399 1474 5430 ι
1520 5379 1722 5434 Paulus
1764 5379 1894 5434 item
1925 5395 1940 5432 :
1968 5401 1984 5430 ι
2009 5380 2078 5436 Ut
2112 5382 2242 5464 quid
2277 5397 2386 5436 non
2425 5381 2598 5453 magis
2657 5382 2916 5452 injuriam
2977 5383 3264 5453 patimini?
3292 5383 3401 5438 Sed
3435 5400 3537 5439 vos
3570 5385 3739 5441 facitis

601 5521 722 5552 "'"
754 5522 924 5576 Exod.
961 5539 1047 5580 xx,
1084 5521 1171 5574 16.

509 5604 604 5650 vn,
650 5586 720 5638 58

506 5673 659 5725 θεων,
694 5662 746 5714 7,.
819 5661 840 5692 ’
867 5660 1007 5717 Psal.
1041 5676 1219 5726 cxvm,
1270 5659 1388 5714 H3.

1300 5521 1313 5551 '
1349 5520 1521 5574 Levit.
1549 5538 1658 5583 xu,
1698 5522 1784 5575 15.

1885 5525 1904 5554 ²
1929 5523 2062 5578 ibid.
2110 5525 2194 5580 M.
2270 5526 2311 5555 "
2348 5525 2508 5578 Prov.
2545 5541 2670 5587 χιιι,
2712 5527 2800 5590 22,
2832 5526 2920 5582 9-5.

895 5594 913 5622 ⁵
944 5592 1079 5644 V'itle
1140 5590 1460 5655 Eusebium,
1517 5607 1566 5646 c.
1596 5592 1649 5654 9,
1695 5593 1792 5646 lib.
1824 5608 1859 5646 ll
1885 5592 2169 5648 Ecclﬂist.

3025 5529 3046 5560 ³
3070 5526 3256 5581 Matth.
3289 5543 3342 5589 ν,
3388 5529 3481 5583 44.
3585 5536 3605 5560 ⁸
3628 5532 3736 5586 Art.

2285 5595 2304 5625 ⁸
2330 5594 2348 5647 1
2374 5595 2521 5648 Petr.
2558 5611 2615 5660 ιι,
2645 5596 2746 5663 20;
2776 5613 2853 5663 ιιι,
2893 5597 2978 5654 16.
3054 5599 3073 5631 '
3094 5593 3140 5652 Il
3163 5597 3308 5652 Petr.
3337 5613 3394 5663 ιι,
3416 5597 3451 5652 9
3551 5599 3573 5632 ⁸
3603 5600 3735 5659 Ρεεῑ.

1495 5662 1539 5694 ¹⁹
1568 5661 1708 5718 Psal.
1743 5664 2013 5727 xxwa‘l.
2091 5666 2128 5696 ¹¹
2161 5663 2298 5719 Psal.
2333 5680 2453 5732 ιη,
2479 5665 2531 5720 4.
