3898 6304
168 334 311 402 1797
890 340 1217 403 HOMILIA
1253 342 1482 404 CXVII.
1518 370 1585 378 -
1607 343 1704 404 DE
1742 356 1747 393 ι

1853 342 2198 407 ATIARUM
2238 343 2583 406 ACTIONE.
3027 405 3038 408 _
3279 340 3416 408 1798

162 446 427 517 injuriam
482 455 540 502 et
581 447 876 513 fraudatis;
910 458 967 505 et
1007 451 1113 505 hoc
1165 450 1450 506 fratribus.
1500 450 1582 506 An
1630 466 1739 505 non
1780 451 1936 505 scitis
1955 452 2083 521 quia
2109 451 2284 520 iniqui
2324 467 2549 522 regnum
2589 435 2684 506 Dei
2723 437 3409 520 non'con'sequcntur"?s

167 541 298 595 Alio
329 541 459 596 item
486 537 647 597 loco:
686 561 703 594 ι
735 527 1205 601 Rememoramini
1247 547 1513 616 pristinos
1546 547 1666 601 dies
1729 547 1782 600 in
1821 547 2025 616 quibus
2062 547 2352 602 illuminati
2411 562 2665 617 magnum
2745 541 3026 620 certamen
3079 541 3421 604 sustinuistis

167 635 526 701 passionum;
569 634 625 689 in
669 636 845 690 altero
872 637 1096 708 quidem
1132 640 1445 709 opprobriis
1501 643 1558 695 et
1589 640 2036 695 tribulationibus
2063 640 2436 709 spectaculum
2493 639 2643 704 facti,
2717 638 2770 692 in
2839 641 3017 695 altero
3051 651 3236 696 autem
3284 638 3420 697 socii

171 726 357 780 taliter
403 725 849 782 conversantium
905 728 1211 784 effecti”.r
1272 731 1414 785 Dicit
1458 729 1641 786 antem
1679 741 1736 787 et
1809 733 2121 787 Dominus:
2163 731 2256 786 «Si
2291 732 2415 801 quis
2454 731 2822 802 angariaverit
2854 739 2904 787 te
2940 734 3175 789 milliare
3222 751 3416 797 unum,

165 815 312 869 vade
339 830 462 869 cum
493 829 559 869 eo
582 825 637 869 et
671 809 821 882 duo;
855 825 911 872 et
933 817 982 872 ei
1013 819 1108 888 qui
1140 820 1259 874 vult
1298 829 1478 874 tecum
1514 820 1567 873 in
1606 807 1816 890 judicio
1859 820 2222 884 contendere,
2250 829 2305 874 et
2329 820 2568 873 tunicam
2605 829 2753 873 tuam
2784 819 3002 883 tollere,
3034 822 3251 878 dimitte
3283 823 3332 879 ei
3365 834 3422 878 et

169 908 401 982 pallium
436 916 631 971 tuum;
672 907 714 960 si
754 907 880 976 quis
925 917 978 962 te
1015 911 1357 979 percusserit
1392 911 1448 964 in
1475 910 1752 964 dexteram
1792 909 2302 980 maxillam,‘praabe
2336 910 2385 964 ei
2427 917 2499 990 ‘et
2520 911 2718 974 aliam;
2749 910 2896 966 beati
2925 912 3071 966 enim
3103 913 3261 969 eritis
3293 931 3416 970 cum

170 997 399 1052 oderint
451 1011 549 1050 vos
603 996 876 1059 homines,
908 1008 963 1052 et
1002 1001 1378 1070 separaverint
1410 1009 1638 1070 propter
1665 999 1862 1053 Filiqu
1906 1000 2174 1062 hominis;
2252 997 2521 1067 gaudete,
2555 997 2684 1066 quia
2727 1013 2940 1054 merces
2997 1010 3179 1055 vestra
3247 1004 3419 1056 multa

169 1097 262 1143 est
289 1089 343 1142 in
370 1086 734 1157 ca’alis‘htlpsi
765 1089 939 1157 gloria
970 1089 1024 1141 in
1049 1089 1270 1142 saecula.
1297 1089 1492 1144 Amen.

771 1203 989 1255 ΛυΓΟΣ
1016 1203 1160 1255 PIZ'.

2255 1195 2471 1266 1219
2509 1197 2800 1261 HOMILIA.
2830 1199 3034 1256 CXVII.

655 1291 813 1378 ’Περὶ
840 1311 1252 1377 εὐχαριστίας.

247 1424 358 1478 Ιἰξοῦ
388 1428 446 1478 ὲν
480 1427 645 1476 παντὶ
669 1423 1017 1493 εὐχαριστεῖν
1065 1423 1344 1491 ὀφειλέται
1379 1420 1566 1490 ἐσμὲν.
1607 1422 1752 1474 κατὰ

175 1519 272 1572 τὸν
306 1515 648 1575 Ἀπόστολον,
677 1515 789 1566 εἴτε
804 1512 1288 1584 παρακαλούμεθα,
1309 1514 1419 1564 εἴτε
1431 1511 1748 1580 ϐλιόόμεθα.

189 1607 251 1662 Ὀ
280 1608 390 1677 γὰρ
419 1607 725 1674 προνοητὴς
753 1603 862 1656 τῶν
877 1603 1067 1673 ψυχῶν
1095 1604 1252 1673 ἡμῶν
1282 1601 1751 1676 Κύριος,τόι;.ολι-

176 1699 306 1769 (per:
343 1699 484 1765 ὑπὲρ
520 1697 616 1747 τοῦ
653 1696 1029 1764 συμφέροντος
1057 1694 1277 1760 ἐπάγει,
1307 1693 1383 1755 ὡς
1411 1693 1634 1763 ἄριστος
1667 1694 1749 1745 ἰα-

177 1789 343 1858 τρός·
373 1789 468 1842 καὶ
493 1789 619 1849 τοὺς
641 1786 858 1855 δριμεῖς
886 1784 1209 1856 καυστῆρας
1256 1785 1395 1855 πρὸς
1428 1784 1489 1836 τὸ
1535 1784 1751 1852 νόσημα

179 1882 508 1951 προσφέρει.
546 1877 632 1930 ἴνα
671 1876 858 1946 ἄρτιος
895 1875 1120 1946 γένηται
1151 1877 1178 1928 ό
1210 1875 1524 1944 ἅνθρωπος·
1558 1874 1653 1926 καὶ
1676 1873 1752 1934 ὡς

179 1970 535 2040 φιλόστοργος
567 1968 773 2039 πατὴρ,
828 1968 956 2020 ὅταν
982 1968 1080 2036 μὲν
1114 1968 1217 2038 ὁρᾷ
1266 1965 1360 2018 τὸν
1393 1964 1589 2018 ἑαυτοῦ
1635 1966 1752 2016 υἱὸν

179 2059 539 2122 ἀτακτοῦντα,
583 2058 828 2113 παιδεύει
850 2073 864 2087 ·
900 2057 1028 2110 ὅταν
1049 2058 1107 2109 δὲ
1153 2058 1240 2127 ῖδῃ
1272 2055 1659 2126 ὀλιγωροῦντα,
1715 2056 1747 2126 ἢ

179 2150 574 2222 δυσφοροῦντα,
603 2148 910 2220 παρακαλεῖ
933 2163 948 2178 °
991 2147 1163 2211 οὕτως
1209 2150 1358 2200 ποιεῖ
1383 2148 1516 2217 ἡμῖν
1548 2146 1751 2212 ἀγαθὸς

180 2243 342 2312 ἡμῶν
373 2237 646 2311 Δεσπότης
669 2240 763 2292 καὶ
795 2239 1008 2309 Πατὴρ,
1067 2239 1251 2292 πάντα
1286 2238 1424 2304 πρὸς
1452 2237 1515 2290 τὺ
1541 2237 1748 2306 συμφέ-

185 2349 278 2402 ρον
309 2333 439 2401 ἡμῖν
467 2330 754 2401 ἐπιφέρει·
786 2329 898 2382 εἴτε
937 2329 1308 2398 παράκλησιν,
1341 2328 1451 2378 εἴτε
1479 2327 1746 2388 παιδείαν,

181 2421 262 2484 ὡς
286 2421 619 2490 φιλότεκνος.
652 2420 844 2489 Ἡμεῖς
899 2412 992 2471 οὖν
1034 2419 1092 2470 ὲν
1121 2420 1241 2480 ταῖς
1277 2417 1520 2487 θλίψεσιν
1568 2417 1749 2469 πλεῖον

2305 1308 2376 1360 Ι)ε
2402 1311 2703 1378 gratiarum
2736 1312 2959 1365 actione.

1921 1414 2048 1470 Sive
2089 1416 2190 1484 ipsi
2225 1418 2598 1482 consolamur,
2625 1420 2740 1474 sive
2772 1420 2995 1476 amictat
3016 1437 3120 1479 nos
3149 1425 3418 1496 quaepiam

1852 1506 2158 1568 tribulatio,
2216 1517 2272 1562 et
2322 1525 2654 1577 quocunque
2723 1512 2776 1564 iu
2838 1521 2980 1566 statu
3043 1516 3416 1584 consistimus,

1845 1597 1999 1666 juxta
2023 1600 2380 1667 apostolicam
2413 1601 2766 1666 sententiam,
2801 1605 3100 1672 gratiarum
3143 1609 3416 1664 actionem

1851 1685 2116 1741 debemus
2155 1689 2460 1743 exsolvere.
2493 1689 2758 1744 Dominus
2791 1692 2937 1746 enim
2981 1695 3283 1750 animarum
3316 1712 3418 1751 no-

1851 1788 2088 1834 strarum
2144 1789 2370 1834 curator
2405 1781 2942 1848 providentissimus.
2987 1776 3215 1852 perinde
3255 1796 3419 1858 atque

1853 1886 1996 1930 unus
2030 1871 2232 1939 aliquis
2279 1871 2508 1924 medicae
2553 1871 2632 1924 rei
2673 1873 3204 1941 experientissimus,
3229 1886 3420 1931 nostro

1850 1961 2095 2015 omnium
2152 1962 2274 2019 usui
2337 1962 2632 2016 consulens
2693 1963 3075 2018 tribulationes
3105 1965 3320 2036 inﬂigit,
3360 1975 3420 2021 et

1851 2054 2209 2107 acrimoniam
2275 2054 2743 2122 asperitatemque
2789 2057 3001 2125 urentis
3052 2059 3282 2112 cauterii
3321 2059 3422 2113 ad-

1851 2159 2045 2198 versus
2077 2145 2475 2198 coalescentem
2507 2143 2764 2197 morbum
2794 2145 3069 2209 admovet,
3116 2146 3328 2215 integer
3355 2155 3419 2201 ut

1851 2233 1924 2286 sit
1948 2233 2112 2286 homo
2137 2241 2194 2286 et
2223 2232 2533 2286 incolumis.
2561 2233 2628 2286 Et
2660 2241 2912 2302 tanquam
2938 2235 3099 2288 Pater
3130 2235 3183 2288 in
3209 2235 3416 2289 liberos

1851 2323 2245 2392 pientissimus,
2292 2323 2337 2376 si
2383 2324 2608 2396 quando
2651 2324 3008 2392 perpenderit
3053 2340 3212 2379 suum
3244 2326 3418 2394 ipsius

1853 2414 2030 2469 lilium
2055 2411 2336 2482 quidpiam
2367 2414 2660 2484 designare
2681 2414 2950 2477 indecori,
2976 2417 3203 2485 castigat
3229 2417 3414 2470 illum:

181 2510 472 2579 ὀφείλομεν
499 2511 862 2580 εὐχαριστεῖν,
889 2507 966 2570 ὡς
995 2496 1232 2577 γνήσιοι,
1264 2509 1356 2559 καὶ
1376 2507 1472 2576 οὐχ
1508 2506 1583 2568 ὡς
1599 2505 1745 2558 νόθοι

1850 2505 1993 2571 quod
2032 2505 2076 2558 si
2101 2505 2444 2573 perspexerit
2465 2505 2758 2574 neglectim
2789 2505 3081 2560 admittere
3104 2507 3416 2576 correptio-

184 2603 312 2655 υῖοι.
354 2603 417 2655 Et
444 2601 678 2672 Χριστὸς
705 2599 979 2667 Δεσπότης
1013 2598 1136 2650 κατ’
1183 2596 1392 2662 οὐόίαν,
1425 2597 1523 2650 καὶ⁵
1544 2597 1748 2648 Δεσπό-

183 2708 284 2762 της
315 2692 435 2743 κατ’
463 2689 792 2758 οἰκονομίαν.
831 2689 978 2757 (Ὅτι
1014 2689 1108 2740 καῖ
1138 2688 1213 2757 μὴ
1267 2689 1430 2750 δντας
1469 2687 1748 2757 ἐποίησεν,

184 2785 286 2834 καῖ’
306 2781 564 2842 θανόντας
590 2781 654 2849 τῇ
675 2778 944 2849 ἁμαρτίᾳ,
975 2777 1062 2830 διὰ
1086 2776 1190 2830 τοῦ
1212 2778 1342 2831 [δίου
1369 2777 1602 2847 αἵματος
1663 2777 1750 2840 ἐξ·

185 2868 503 2940 ηγόρασεν.)
536 2868 725 2935 Ἡμεῖς
757 2868 816 2920 δὲ
847 2868 897 2919 οῖ
929 2868 1140 2937 ἀχρεῖοι
1167 2867 1365 2933 δοῦλοι,
1393 2867 1552 2920 ποίαν
1584 2867 1749 2938 εὐχα-

170 2959 400 3029 ριστίαν
453 2958 728 3027 δυνάμεθα
779 2958 930 3027 αὐτῷ
979 2957 1291 3020 ἀποδοῦναι,
1336 2958 1459 3010 ἐπεὶ
1503 2959 1598 3010 ἐὰν
1629 2961 1750 3019 ταῖς

187 3049 516 3120 εὐημερίαις
525 3050 682 3119 μόνον
702 3042 1137 3117 εὐχαριστῶμιν,
1184 3048 1358 3118 ὅμοιοι
1380 3049 1750 3118 εὑρισκόμεθα

187 3141 640 3211 τοῖςάχαρῖστοις
671 3139 982 3201 Ἰουδαίοις·
1020 3138 1242 3202 οἵτινες,
1277 3140 1408 3192 ὅταν
1447 3141 1545 3208 μὲν
1576 3139 1748 3209 ἐτρω-

188 3219 283 3298 γον
313 3231 372 3282 ὲν
419 3231 486 3298 τῇ
519 3227 714 3297 ἐρήμῳ
764 3224 1312 3296 θαυματουργοῦντος
1363 3227 1456 3279 τοῦ
1518 3226 1746 3295 Κυρίου,

189 3319 375 3388 ἔλεγον
405 3333 420 3347 ο
464 3335 484 3369 ι
521 3311 688 3379 Οὗτός
733 3319 882 3369 ἐστιν
909 3313 1126 3383 ἀληθῶς
1178 3319 1208 3369 ό
1242 3317 1548 3384 προφήτης,
1601 3334 1620 3366 ›
1655 3316 1751 3367 καὶ

186 3409 375 3480 ἢθελον
409 3407 570 3461 αὐτὸν
599 3405 866 3475 ἁρπάσαι,
926 3407 1020 3458 καὶ
1053 3405 1278 3473 ποιῆσαι
1300 3405 1544 3473 βασιλέα.
1578 3405 1750 3458 Ὀταν

163 3500 244 3553 ’δὲ
272 3499 456 3567 ἔλεγεν
475 3499 682 3561 αὐτοῖς,
717 3514 736 3546 ι
776 3495 1128 3565 Ἑργάζεσθε,
1153 3496 1232 3564 ’μὴ
1263 3495 1364 3562 τὴν
1423 3493 1626 3563 βρῶσιν
1650 3496 1749 3564 τὴν

186 3587 590 3656 ἀπολλυμένην,
617 3586 753 3638 ἀλλὰ
774 3586 872 3655 τὴν
893 3587 1168 3654 μένουσαν
1191 3587 1272 3649 εἰς
1289 3584 1434 3655 ζωὴν
1447 3585 1688 3646 αἰώνιον,
1705 3602 1741 3636 ἰ

189 3679 392 3746 ελεγον,
435 3695 464 3728 1
503 3677 568 3728 Τί
605 3671 832 3743 σημεῖον
877 3674 1144 3738 δεικνύεις
1180 3677 1352 3745 ήμῖν;
1399 3676 1462 3729 Οἱ
1515 3667 1750 3746 πατέρες

185 3770 344 3839 ἡμῶν
369 3769 432 3821 τὸ
469 3769 649 3835 ’μάννα
679 3769 882 3834 ἔφαγον
905 3767 963 3818 ἐν
990 3769 1058 3836 τῇ
1082 3768 1294 3836 ἐρήμῳ.
1327 3754 1362 3818 ἰ
1392 3767 1628 3828 Εἰκότως
1656 3763 1748 3820 οὖν

189 3853 418 3929 ἁρμόζει
437 3860 573 3927 ἡμῖν
596 3862 658 3908 τό
685 3872 699 3886 ο
731 3877 750 3904 σ
793 3855 1302 3926 Ἐξομολογήσονταῖ
1336 3873 1437 3919 σοι,
1459 3858 1584 3910 ὅταν
1611 3861 1748 3926 ἀγαι-

191 3949 355 4019 θύνῃς
399 3948 619 4011 αὐτούς.
659 3967 677 3999 ι
717 3949 873 4001 Καὶό
903 3947 1166 4008 τοιοῦτος,
1204 3967 1223 3998 ι
1265 3949 1410 4011 Ἕως
1437 3947 1748 4011 αῖῶνοςούκ

187 4040 374 4110 ὄψεται
401 4041 540 4109 φῶς.
585 4057 605 4091 ι
632 4041 723 4109 Μὴ
752 4039 846 4092 οὖν
873 4035 1231 4109 όμοιωθῶμεν
1266 4037 1381 4100 τοῖς
1413 4035 1745 4109 ἀχαρίστὸις,

186 4130 299 4184 ἀλλ’
327 4131 401 4192 ὡς
437 4129 678 4200 μαθηταὶ⁹
705 4130 802 4198 τῆς
834 4130 1057 4198 χάριτος
1096 4129 1400 4198 ὑπόδειγμα
1444 4129 1612 4200 αὐτῆς
1661 4129 1748 4183 διὰ

185 4223 282 4290 τῆς
337 4221 692 4291 εὐχαριστίας
725 4217 1036 4290 γενώμεθα,
1073 4221 1160 4273 ἵνα
1205 4221 1298 4273 καὶ
1331 4220 1485 4273 αὐτοὶ
1509 4215 1748 4288 δυνηθῶ-

144 4372 150 4383 ,
187 4325 289 4369 σιν,
319 4310 554 4379 ὁρῶντες
576 4307 642 4360 τὸ
667 4308 782 4376 φῶς
807 4307 908 4376 τῆς
937 4307 1289 4377 εὐχαριστίας
1311 4308 1488 4378 ἡμῶν,
1508 4309 1747 4379 ἀποστῆ-

147 4394 154 4445 ἱ
193 4413 269 4449 θαι
297 4397 392 4450 τοῦ
427 4397 754 4465 κατέχοντος
791 4397 991 4460 αὐτοὺς
1027 4397 1248 4460 σκότους
1282 4397 1380 4465 τῆς
1399 4397 1772 4466 ἀχαριστίας..

181 4485 255 4540 Τὸ
283 4484 390 4555 γάρ
412 4501 426 4515 ο
464 4503 482 4535 ι
505 4484 606 4536 'Ev‘
625 4485 789 4537 παντὶ
822 4485 1218 4555 εὐχαριστεῖτε,
1249 4503 1270 4536 ›
1310 4488 1631 4556 περιεκτικὴ
1660 4489 1748 4539 ιν-

173 4575 307 4644 ’τολή
340 4577 523 4627 ἐστιν·
555 4573 669 4626 εἴτε
706 4573 935 4643 εὐθυμεῖ
961 4590 1066 4637 τις,
1097 4575 1206 4626 εἴτε
1239 4574 1459 4643 ἀθυμεῖ.
1487 4575 1596 4627 εἴτε
1637 4575 1746 4628 θλι-
1779 4604 1782 4606 ~

181 4665 356 4729 σεται,
389 4663 502 4716 εῐτε
529 4663 736 4733 χαίρει,
769 4663 1055 4733 ὀφειλέτης
1079 4663 1228 4716 ἐστὶν
1249 4663 1343 4716 τοῦ
1363 4665 1708 4734 εὐχαριστεῖν
1729 4683 1742 4696 ·

179 4751 288 4817 οἷος
310 4751 378 4826 ἦν
403 4757 434 4809 ό
461 4755 638 4825 μέγας
676 4753 815 4808 Ἰὼϐ.
850 4753 1146 4815 ’Δπολέσας
1179 4753 1288 4823 γὰρ
1311 4755 1488 4808 πάντα
1514 4757 1582 4808 τὰ
1613 4758 1744 4808 ἐαυ-

179 4846 296 4911 τοῦ,
331 4847 411 4899 ἑτι
447 4847 504 4899 δὲ
526 4851 624 4899 καὶ
648 4845 746 4916 τὴν
767 4843 1144 4917 δεκ[άατεγον]
1173 4846 1366 4898 καλιὰν
1383 4847 1493 4899 τῶν
1515 4847 1741 4913 τέκνων,

184 4937 600 5006 συγχωσθέντων
620 4935 802 4990 αὐτῶν
831 4937 942 4990 ὑπὸ
967 4935 1399 5007 συμπτώματος,
1420 4940 1477 4990 ἐν
1498 4939 1576 5009 τῷ
1608 4956 1744 5009 συμ-

191 5029 373 5098 τοσιῳ,
407 5029 808 5098 εὐχαριστήσας
853 5027 1038 5093 ἔλεγεν
1061 5044 1076 5058 ο
1113 5046 1132 5078 ι
1175 5025 1236 5080 '0
1286 5027 1494 5098 Κύριος
1517 5029 1739 5093 ἔδωκεν,

1850 2610 1997 2659 nem,
2029 2603 2124 2648 aut
2153 2595 2443 2664 implacide
2469 2597 2632 2659 ferre,
2662 2597 2989 2652 obsecratet
3022 2598 3304 2664 hortatur;
3341 2599 3418 2654 ita

1850 2679 2134 2740 uobiscum
2162 2688 2273 2756 agit
2308 2687 2578 2757 benignus
2614 2697 2802 2742 noster
2830 2689 3096 2743 Dominus
3121 2705 3185 2744 ac
3213 2689 3374 2744 Pater
3397 2707 3414 2754 ;

1850 2793 1972 2846 quae
2001 2776 2156 2831 novit
2188 2787 2390 2832 nostra:
2439 2778 2724 2846 profutura
2750 2781 2936 2843 saluti,
2968 2780 3180 2835 invehit
3207 2781 3414 2841 omnia.

1853 2867 1970 2920 sive
2018 2865 2397 2920 consolatione
2452 2875 2592 2936 opas
2629 2875 2714 2922 est
2765 2877 2861 2921 aut
2910 2877 3060 2922 certe
3117 2869 3418 2937 asperitate

1849 2957 2236 3027 correptionis,
2291 2965 2352 3010 ut
2381 2957 2473 3026 qui
2537 2965 2644 3010 tam
2704 2967 2954 3012 amanter
3003 2959 3188 3013 erudit
3251 2958 3428 3014 filios.

1850 3047 2331 3102 Tribulationibus
2365 3047 2533 3116 igitur
2576 3047 2749 3100 attriti
2793 3056 3051 3118 tanquam
3085 3049 3312 3118 genuini
3352 3065 3418 3105 ac

1849 3140 2102 3210 legitimi,
2129 3155 2239 3194 non
2287 3139 2416 3192 item
2461 3147 2520 3192 ut
2562 3138 2755 3206 spurii,
2788 3147 2940 3194 tanto
2968 3141 3289 3208 ampliorem
3314 3140 3416 3196 de-

1851 3231 2047 3286 bemus
2080 3230 2382 3298 rependere
2411 3231 2710 3299 gratiarum
2750 3230 3047 3284 actionem.
3075 3230 3132 3286 Si
3161 3231 3416 3288 Christus

1850 3328 2044 3389 suapte
2079 3321 2388 3375 substantia
2431 3321 2696 3375 Dominus
2739 3317 2824 3375 εει
2873 3330 3081 3386 noster,
3115 3321 3161 3376 si
3189 3322 3333 3376 idem
3360 3332 3419 3378 et

1849 3409 2114 3463 Dominus
2151 3416 2236 3462 est
2277 3408 2688 3477 dispensatione
2730 3418 3023 3478 assumpta:
3058 3411 3243 3464 carnis
3275 3412 3418 3480 (ipse

1848 3499 2018 3563 enim,
2052 3513 2176 3559 nos,
2202 3513 2328 3552 cum
2359 3512 2470 3550 non
2515 3511 2786 3562 essemus,
2816 3499 3085 3559 condidit.
3120 3501 3414 3556 conditos:

1849 3587 1942 3642 sed
1987 3589 2199 3656 peccati
2248 3586 2538 3658 tyrannide
2587 3586 2855 3652 mortuos,
2923 3591 3143 3660 proprio
3183 3592 3418 3647 redemit

1850 3678 2160 3747 sanguine),
2189 3691 2312 3732 nos
2343 3677 2570 3732 inutiles
2611 3679 2777 3742 servi,
2810 3695 2972 3748 quam
3017 3682 3095 3735 illi
3143 3675 3417 3741 resolvere

1850 3770 2068 3840 dignam
2125 3783 2421 3838 possumus
2474 3769 3123 3839 gratiarum—actionem?
3171 3776 3324 3840 Quod
3368 3777 3415 3831 si

1851 3870 1965 3915 tum
1998 3859 2201 3930 gratias
2228 3859 2608 3928 rependimus,
2652 3859 2922 3930 tantisper
2953 3861 3085 3915 dum
3120 3867 3415 3921 commode

1848 3952 2134 4018 habemus,
2169 3951 2314 4006 felici
2368 3965 2554 4005 rerum
2606 3951 2888 4006 laetissime
2937 3952 3253 4007 cadentium
3285 3971 3414 4011 suc-

1845 4057 2027 4106 cessu,
2085 4042 2258 4096 nihilo
2288 4041 2762 4110 deprehendimur
2795 4041 3024 4112 ingratis
3056 4043 3168 4099 illis
3209 4045 3416 4101 ludatis

1845 4132 2142 4187 dissimiles
2169 4149 2182 4186 :
2209 4132 2327 4200 qui,
2359 4146 2484 4187 eum
2509 4132 2741 4186 Domino
2762 4133 3112 4202 suspicienda
3147 4136 3412 4192 miracula

1845 4224 2066 4289 edente,
2101 4224 2158 4277 in
2181 4227 2378 4278 eremo
2412 4232 2773 4278 vescerentur
2808 4225 3066 4294 panibus,
3099 4227 3364 4283 dicebant
3396 4245 3412 4284 :

1853 4333 1872 4366 ι
1909 4314 2009 4369 Hic
2034 4324 2122 4369 est
2150 4329 2278 4369 vere
2330 4315 2593 4383 propheta
2623 4317 2686 4379 “,
2718 4333 2737 4365 ι
2774 4305 3010 4385 eumque
3063 4333 3233 4388 prope
3261 4335 3414 4374 arre-

1845 4414 2008 4474 ptum
2045 4419 2230 4474 regem
2281 4413 2441 4459 erant
2488 4404 2708 4460 facturi.
2746 4407 2818 4461 At
2850 4407 2945 4460 ubi
2977 4409 3098 4463 istis
3129 4418 3236 4463 tam
3271 4411 3412 4466 male

1844 4496 2015 4565 gratis
2043 4495 2304 4552 dieebat:
2344 4515 2362 4546 ι
2390 4495 2709 4566 Operamini
2745 4513 2852 4552 non
2886 4499 3073 4554 cibum
3118 4501 3210 4570 qui
3245 4499 3410 4570 perit,

1844 4586 1940 4641 sed
1969 4585 2065 4654 qui
2097 4594 2283 4640 manet
2311 4586 2366 4640 in
2394 4583 2562 4640 vitam
2585 4597 2848 4641 aeternam
2873 4590 2936 4654 ¹⁶,
2969 4607 2988 4640 ι
3036 4590 3369 4661 subjunxere
3394 4613 3409 4646 :

1853 4697 1870 4730 ι
1888 4677 2045 4744 Quod
2073 4677 2294 4748 signum
2317 4678 2566 4738 ostendis
2589 4677 2783 4732 nobis?
2807 4679 2998 4734 Patres
3025 4682 3198 4736 nostri
3228 4697 3415 4738 come-

1845 4769 2049 4824 derunt
2090 4783 2294 4821 manna
2329 4768 2383 4820 in
2432 4768 2730 4822 deserto".
2753 4789 2771 4820 ι
2801 4769 2894 4824 Sic
2925 4771 3072 4825 enim
3117 4772 3316 4828 merito
3354 4773 3410 4827 in

1842 4873 1945 4912 nos
1994 4856 2241 4926 apposite
2303 4857 2730 4925 detorquehitur
2788 4859 2965 4914 illud:
3000 4880 3018 4911 ι
3043 4860 3411 4916 Confitebitur

1846 4945 1943 4999 tibi
1975 4959 2102 4999 cum
2153 4945 2496 5000 benefeceris
2529 4945 2661 5001 ei".
2695 4965 2714 4997 ι
2758 4947 2861 5013 Qui
2905 4949 3067 5018 plane
3106 4951 3231 5005 talis
3261 4967 3412 5006 com-

1842 5033 2091 5103 perietur
2123 5049 2138 5087 :
2172 5033 2404 5102 «Usque
2470 5035 2526 5089 in
2588 5036 2847 5090 sarculum
2903 5053 3012 5092 non
3069 5039 3281 5094 videbit
3329 5040 3412 5093 lu-

189 5114 436 5190 ὁΚύριος
463 5120 741 5188 ἀφείλατο.
781 5121 870 5182 Ὠς
899 5119 979 5189 τῷ
1011 5119 1200 5190 Κυρίῳ
1229 5119 1425 5184 ἔδοξεν,
1453 5120 1626 5185 οὕτως
1642 5125 1735 5176 καὶ

1850 5141 1972 5179 men
1997 5126 2062 5178 ι’.
2089 5143 2106 5176 ι
2148 5125 2226 5179 Ne
2257 5125 2487 5198 (quaso)
2518 5136 2624 5180 tam
2655 5143 2849 5184 averse
2886 5141 3069 5200 gratos
3105 5146 3411 5201 reprzcseno

191 5213 416 5279 ὲῖένετο*
435 5213 520 5284 εἴη
549 5215 609 5266 τὺ
633 5214 804 5284 δνομα
823 5214 1025 5283 Κυρίου
1055 5213 1442 5282 εὐλογημένοι).
1479 5232 1496 5263 ι
1534 5215 1641 5266 Καὶ
1672 5214 1734 5264 οὐ

193 5316 336 5370 μονον
359 5303 540 5367 τοῦτο,
569 5304 703 5356 ἀλλὰ
745 5307 834 5356 καὶ
888 5307 948 5355 ὲν
980 5307 1044 5374 τῇ
1077 5305 1282 5374 κοπρίᾳ
1307 5305 1638 5373 καθήμενος,
1681 5308 1738 5357 ἐν

192 5394 381 5464 σατρίᾳ
407 5395 722 5462 σκωλήκων,
776 5397 868 5446 καὶ
901 5395 1139 5456 ἀκούσας
1187 5397 1335 5464 παρὰ
1376 5397 1472 5464 τῆς
1508 5397 1736 5461 συμϐἰου

190 5483 338 5545 αὐτοῦ
383 5487 444 5540 τό
465 5503 476 5516 '
516 5507 534 5538 ι
567 5487 701 5540 Εἰπὲ
733 5487 885 5556 ῥῆμα.
915 5487 1046 5553 πρὸς
1077 5474 1302 5557 Κύριον,
1329 5491 1421 5540 καὶ
1448 5487 1726 5556 uisurum

1847 5223 2026 5270 temus
2064 5232 2279 5271 morum
2317 5218 2706 5283 similitudine,
2738 5221 2911 5290 magis
2937 5231 3120 5276 autem
3154 5224 3408 5294 discipuli

1843 5306 2034 5376 gratia:
2078 5308 2175 5376 qui
2216 5323 2428 5373 sumus,
2471 5309 2644 5364 simus
2691 5326 2790 5380 per
2819 5313 3194 5368 continentem
3235 5317 3412 5370 actio-

1845 5413 1969 5452 nem
1998 5399 2299 5466 gratiarum
2336 5401 2449 5455 illis
2475 5405 2748 5471 exemplo.
2785 5413 2845 5458 ut
2875 5404 2930 5458 in
2978 5406 3138 5460 nobis
3167 5417 3413 5463 contem-

1846 5490 1979 5559 plati
2019 5490 2208 5545 lumen
2247 5493 2636 5562 splendescere
2670 5496 2773 5565 piae
2809 5498 3180 5567 gratitudinis,
3205 5510 3412 5570 queant

251 5597 485 5679 ξξῖορζ.
543 5615 612 5679 vi:
855 5602 897 5635 ¹³
939 5603 1108 5679 Hebr:
1170 5604 1445 5679 “D2753.
1501 5607 1572 5679 _”
1602 5607 1747 5665 Matt!

1850 5626 1876 5677 ι,
1927 5607 2119 5672 δοοιι,
2165 5582 2253 5672 η,
2311 5607 2399 5663 te.
2480 5610 2706 5668 "Joau.
2761 5629 2834 5678 Vl,
2871 5614 2958 5671 tt.
3044 5614 3247 5679 “ibid.
3309 5615 3404 5670 εγ.

189 5668 226 5698 ¹⁷
255 5667 368 5724 ibd.
399 5671 485 5724 5i.
569 5671 612 5701 ”
639 5671 782 5728 Psal.
825 5673 1127 5734 κ1.ν111,19.
1209 5667 1250 5707 "
1284 5676 1414 5730 ibid.
1457 5677 1542 5731 Η.
