3898 6304
68 314 224 375 nm
839 274 1167 376 Ποπιωᾶ
1206 316 1559 379 cxvuI.——
1587 316 1685 377 DE
1726 316 2299 378 DELECTATIONE
2339 318 2419 379 IN
2464 319 2629 380 nso.

3219 324 3353 389 150?.

64 415 241 472 bis“
300 419 464 475 ‘tNos
503 420 687 490 itaque
738 421 848 476 Deo
905 432 961 476 et
1028 423 1176 477 Patri
1245 433 1525 493 perpetem
1567 431 1621 476 et
1665 422 1994 477 iudivulsam
2041 425 2340 493 gratiarum
2375 426 2648 480 actionem
2702 429 3090 497 rependamus,
3156 436 3249 496 qui
3296 451 3365 490 ne

67 509 389 582 unigenito
422 511 642 582 quidem
679 512 816 567 Filio
844 528 945 568 suo
969 514 1239 584 pepercit,
1267 513 1362 569 sed
1405 529 1502 583 pro
1527 512 1688 568 nobis
1726 514 1984 568 omnibus
2026 513 2413 569 tradiditillum
2438 514 2504 548 ³⁸·
2533 559 2545 571 .
2590 517 2807 575 Gratias
2870 522 3096 593 insuper
3143 542 3365 596 agamus

68 601 327 657 Christo
353 602 487 670 Deo,
524 603 651 673 quia
677 619 779 659 nos
811 605 946 659 tanti
986 605 1280 660 mstimavit
1314 620 1453 675 quos
1478 605 1704 675 proprio
1741 605 2006 675 sanguine
2052 604 2337 661 redimeret
2370 607 2437 662 de
2507 608 2802 665 maledicto
2841 612 2999 683 legis,
3035 614 3215 672 factus
3248 618 3365 688 ipse

71 695 281 749 nostri
307 710 473 750 causa
494 694 848 749 maledictum
909 695 973 747 ³⁷.
1008 696 1251 764 Ecquam
1310 694 1552 756 laudem,
1614 708 1846 766 quamve
1903 694 2204 764 gratiarum
2268 697 2541 752 actionem
2594 698 2696 768 ipsi
2747 703 3028 771 possimus
3078 708 3363 765 exsolvere

68 801 191 856 pro
225 786 496 841 omnibus
521 785 684 842 bonis
712 801 835 856 quze
861 786 1022 865 nobis
1054 786 1361 842 humilibus
1402 786 1691 856 opulenter
1728 786 2001 841 contulit?
2068 787 2285 842 Gratias
2344 789 2582 859 denique
2630 807 2856 862 agamus
2884 806 3074 851 sancto
3108 798 3363 869 Spiritui,

69 873 183 942 qui
237 874 300 928 in
348 873 490 942 lege,
525 872 584 926 in
634 874 945 944 prophetis,
988 876 1195 945 1221
1248 872 1305 929 in
1354 874 1509 930 Novo
1559 875 1688 930 item
1725 877 1948 932 locutus
2015 886 2096 931 cst
2166 877 2541 945 Testamento,
2573 882 2669 951 qui
2718 893 2934 940 mentes
2962 900 3180 946 nostra;
3209 891 3366 960 prius

70 964 327 1035 quidem
354 965 524 1020 densa
554 965 788 1037 caligine
820 966 1183 1036 ignorationis
1205 975 1377 1023 tectas
1401 967 1679 1023 illustrare
1718 967 1977 1038 dignatus
2011 979 2095 1023 est
2132 968 2199 1022 ad
2267 972 2635 1041 cognitionem
2705 978 3194 1050 Operationemque
3235 998 3365 1038 suo-

78 1071 218 1111 rum
259 1056 436 1125 ipsius
484 1057 889 1123 mandatorum,
932 1059 1028 1129 qui
1079 1075 1142 1115 os
1205 1068 1455 1116 nostrum
1515 1062 1808 1131 adaperuit
1854 1062 1921 1116 ad
1965 1061 2368 1118 confessionem
2403 1074 2460 1118 et
2521 1066 2822 1135 gratiarum
2879 1071 3151 1127 actionem
3205 1075 3366 1130 boni-

73 1147 227 1202 tatis
266 1146 462 1216 ipsius.
494 1147 585 1202 Ait
614 1148 843 1218 insupcr
885 1149 1218 1218 eVangelista
1251 1166 1263 1201 :
1302 1168 1319 1201 ι
1356 1151 1416 1205 In
1452 1149 1545 1205 illo
1578 1158 1825 1221 tempore
1873 1153 2219 1222 respondens
2277 1154 2437 1209 Jesus
2490 1155 2664 1210 dixit:
2692 1157 2972 1214 Confiteor
3043 1163 3162 1226 tibi,
3204 1166 3364 1220 Pater

77 1228 341 1294 Domine
378 1238 505 1294 caeli
550 1249 606 1293 et
650 1247 833 1305 terrm,
856 1240 985 1310 quia
1022 1240 1360 1296 abscondisti
1409 1242 1580 1298 liteca
1611 1243 1955 1313 sapientibus
1996 1253 2053 1299 et
2100 1245 2492 1315 prudentibus,
2533 1256 2589 1303 et
2652 1252 2908 1309 revelasti
2969 1269 3033 1308 ea
3100 1259 3363 1326 parvulis.

73 1331 189 1397 Ita,
226 1330 419 1396 Pater,
449 1330 577 1400 quia
608 1331 688 1385 sic
718 1332 817 1384 fuit
847 1333 1108 1402 placitum
1144 1341 1270 1387 ante
1307 1342 1358 1388 te
1380 1334 1474 1386 ³⁸.»
1516 1334 1620 1402 lpsi
1649 1334 1821 1405 gloria
1850 1335 1904 1389 in
1930 1335 2146 1391 saecula.
2180 1336 2375 1393 Amen.

698 1446 916 1498 ΛΟΓΟΣ
946 1444 1096 1498 Plll'.

410 1557 551 1625 Περὶ
580 1557 691 1624 τῆς
717 1558 787 1611 ἐν
819 1558 939 1623 Θεῷ
969 1558 1375 1626 εὐφροσύνης.

170 1667 248 1723 Ἥ
267 1670 512 1739 ἀοίδιμος
531 1670 862 1742 εὐφροσύνη,
886 1672 993 1724 τῶν
1010 1672 1112 1741 τὴν
1138 1673 1275 1742 πρὸς
1301 1672 1435 1726 Θεὸν
1463 1666 1678 1725 τελείαν

14 1744 17 1755 ’
76 1755 324 1829 ἀγάπην
354 1762 712 1840 κεκτημένων
739 1763 911 1816 ἐστίν.
950 1762 1106 1817 Ὅσοι
1140 1763 1547 1834 ὲμιρορηθέντες
1580 1763 1677 1816 τοῦ

75 1848 259 1921 ἁγίου
291 1852 607 1923 Πνεύματος
630 1853 689 1906 ὲν
718 1853 869 1926 αὐτῷ
890 1854 1298 1927 εὐφραίνονται,
1317 1857 1366 1907 οἱ
1394 1854 1522 1925 περὶ
1548 1855 1676 1917 τοὺς

14 2016 22 2030 ι
76 1942 462 2010 ἀποστόλους,
495 1944 593 1998 καὶ
606 1946 915 2015 προφήτας,
944 1948 1037 1999 καὶ
1066 1946 1368 2018 μάρτυρας,
1389 1948 1483 1999 καὶ
1507 1948 1556 1998 οἱ
1582 1947 1674 1998 τέ-

14 2096 17 2101 ,
76 2035 231 2087 λειοι
264 2036 526 2104 ἀσκηταὶ,
559 2034 758 2099 οἵτινες
785 2039 910 2099 τοὺς
943 2037 1240 2107 διωγμοὺς,
1285 2044 1382 2090 καὶ
1426 2037 1526 2101 τὰς
1562 2037 1669 2090 ολί-

75 2126 242 2196 ψεις,
279 2127 375 2180 καὶ
408 2127 508 2190 τὰς
550 2127 843 2197 βασάνους,
894 2128 1237 2201 εὐφροσύνην
1289 2130 1553 2198 ἡγοῦντο·
1584 2132 1679 2183 καὶ

80 2221 283 2274 πάντα
318 2219 388 2273 τὰ
425 2219 520 2272 τοῦ
559 2220 790 2290 κόσμου,
819 2221 897 2284 ὡς
928 2220 1179 2275 σκύϐαλα
1227 2222 1563 2289 ὲλογίσαντο,
1592 2222 1678 2274 ἵνα

79 2308 337 2378 Χριστὸν
367 2307 727 2378 κερδήσωσιν.
756 2310 828 2361 Τὸ
863 2308 994 2380 πῦρ,
1027 2310 1096 2363 τὰ
1134 2310 1320 2381 Θηρία,
1356 2310 1424 2363 τὰ
1462 2309 1609 2381 ξίφη,
1644 2311 1676 2380 ἡ

80 2399 279 2469 λιμὸς,
309 2400 337 2451 ὁ
365 2400 597 2470 κρυμὸς,
633 2400 728 2453 καὶ
757 2400 824 2453 τά
859 2400 1020 2454 λοιπὰ
1055 2402 1239 2455 πάντα
1266 2401 1549 2472 ηὔφρανεν
1580 2403 1677 2454 αύ-

82 2491 249 2556 τοὺς,
280 2489 370 2541 διὰ
395 2488 494 2561 τὴν
531 2492 611 2552 είς
639 2488 769 2543 Θεὸν
803 2492 1026 2562 ἀγάπην
1048 2511 1060 2523 ·
1095 2492 1275 2555 καθὼς
1312 2495 1410 2545 καὶ
1447 2493 1676 2556 Ἡσαΐας

80 2580 427 2650 διαγορεύει.
459 2596 477 2630 ι
508 2581 783 2647 Ἔσονται,
813 2584 997 2651 φησὶν,
1026 2582 1426 2652 λελυτρωμένοι
1447 2582 1540 2636 καὶ
1553 2601 1677 2637 συν·

82 2671 331 2744 ηγμένοι
364 2671 452 2724 διὰ
511 2672 715 2743 Κύριον
736 2690 751 2704 ι
783 2674 1094 2744 εὐφροσύνη
1142 2675 1358 2737 αἰώνιος
1407 2673 1547 2747 ὑπὲρ
1578 2692 1673 2728 xs-

2298 1450 2584 1508 llOMlLlA
2622 1454 2853 1512 CXVIII.

2060 1560 2139 1615 De
2181 1563 2367 1619 (milia
2399 1576 2448 1619 et
2477 1566 2824 1624 delectatione
2862 1574 2915 1627 in
2963 1574 3087 1631 Deo.

1854 1675 2057 1731 Eorum
2091 1687 2177 1734 est
2201 1678 2827 1755 oblectatiolzetitiaquc
2867 1688 2954 1744 illa
2979 1693 3235 1761 celebris,
3265 1698 3361 1766 qui

1780 1782 1911 1835 erga
1943 1766 2115 1821 Deum
2144 1767 2474 1825 charitatem
2500 1774 2804 1842 perfectam
2841 1779 3050 1851 indepti
3071 1785 3182 1853 jam
3210 1796 3360 1844 sunt.

1781 1859 1916 1913 Nam
1974 1868 2251 1929 quotquot
2323 1865 2619 1932 praesentia
2686 1868 3052 1937 perfruuntur
3125 1876 3363 1947 Spiritus

1782 1945 1982 2015 sancti,
2010 1952 2065 2005 in
2100 1953 2221 2021 ipso
2250 1955 2639 2025 jucundanlur
2680 1968 2739 2015 el;
2772 1965 3215 2036 caltilarescunt,
3265 1975 3360 2044 qui

1781 2042 2048 2097 nimirum
2088 2046 2484 2114 Apostolorum
2512 2059 2643 2105 sunt
2679 2065 3070 2123 asscclatores,
3110 2042 3363 2134 Prophe—

1782 2141 1960 2188 tarum
1994 2145 2051 2190 et
2091 2137 2415 2213 Μίλωνι-ιλιι),
2462 2143 2556 2211 qui
2610 2145 2665 2199 in
2704 2151 3007 2205 monastiea
3068 2153 3365 2225 disciplina

1779 2237 2044 2282 exercent
2082 2244 2163 2294 se,
2206 2232 2301 2300 qui
2350 2237 2792 2302 persecutiones,
2830 2241 3184 2309 afﬂictiones,
3252 2255 3365 2302 tor-

1780 2325 1974 2373 menta
2011 2319 2229 2375 ducunt
2263 2323 2433 2377 animi
2456 2340 2577 2381 esse
2604 2326 2875 2400 integram
2927 2333 3361 2402 jucunditatem,

1778 2416 1835 2463 et
1856 2424 1978 2479 qua:
2031 2412 2220 2467 mundi
2276 2424 2407 2468 sunt
2456 2422 2641 2473 omnia
2694 2421 2762 2475 ad
2822 2437 3022 2478 suaves
3065 2426 3363 2487 illecebras

1777 2501 2154 2568 prolicientia,
2187 2504 2311 2559 loco
2340 2505 2662 2563 habuerunt
2685 2511 2878 2566 vilium
2917 2521 3251 2584 stercorum,
3301 2527 3362 2573 ut

1777 2590 2059 2646 Christum
2080 2594 2492 2653 lucrifacercnt.
2510 2599 2677 2671 Ignis,
2706 2603 2919 2671 bestiae,
2945 2608 3137 2677 gladii,
3160 2609 3356 2673 fames,

1776 2683 2110 2752 praecipitia,
2151 2694 2206 2739 et
2239 2701 2362 2756 quae
2395 2704 2701 2760 supersunt
2727 2704 2948 2762 caetera,
2988 2700 3129 2756 tales
3166 2703 3357 2759 oblec-

85 2763 276 2833 φαλῆς
297 2761 505 2816 αὐτῶνθ
541 2765 636 2816 καὶ
684 2764 1000 2834 ἁγαλλίαμα
1034 2766 1126 2818 καὶ
1158 2767 1466 2836 εὐφροσύνη
1502 2780 1669 2820 κατα-

1778 2780 1914 2837 tant,
1939 2773 2068 2829 dum
2107 2777 2206 2830 toti
2233 2778 2287 2831 in
2318 2779 2490 2835 Deum
2537 2781 2775 2853 flagrant
2828 2761 3123 2855 charitate,
3161 2803 3358 2850 eonte-

82 2852 333 2923 λήψεται
358 2852 578 2917 αὐτούς.
604 2872 623 2905 ι
661 2856 769 2907 Kal
791 2854 974 2909 πάλινο
1011 2873 1028 2906 ι
1056 2857 1377 2927 Εὑφροσύνη
1405 2856 1546 2927 ὑπὲρ
1571 2874 1665 2910 κε-

86 2944 277 3015 φαλῆς
298 2945 497 3000 αὐτῶν.
513 2946 626 3009 Πᾶς
637 2947 664 2998 ὁ
675 2944 814 3013 ὁρῶν
832 2946 1050 3014 αὐτοὺς,
1068 2948 1429 3015 ἐπιγνώσεται
1450 2947 1669 3010 αὐτοὺς,

91 3056 111 3089 ι
138 3037 272 3090 ’Ότι
299 3028 445 3089 οὗτοι
465 3038 602 3089 εἰσιν
628 3038 851 3108 σπέρμα
879 3039 1241 3109 εὐλογημένον
1258 3039 1363 3092 ὑπὸ
1384 3036 1544 3105 Θεοῦ,
1576 3037 1673 3092 καὶ

86 3118 560 3197 εὒιςρανθήσονται
595 3128 686 3180 ἐπὶ
718 3123 942 3196 Κύριον.
1012 3149 1031 3180 ι
1088 3132 1196 3183 Kal
1224 3127 1413 3192 αὖθις·
1465 3151 1484 3184 ‹
1534 3128 1668 3185 Ἰδοὺ

84 3216 140 3269 οῐ
190 3214 539 3278 δουλεύοντες
580 3232 691 3284 μοι,
724 3218 1007 3286 φάγονται,
1043 3217 1137 3271 καὶ
1170 3219 1405 3281 πίονται,
1453 3219 1549 3270 καὶ
1581 3219 1671 3270 εύ-

88 3305 507 3377 φρανθήσονται
553 3307 650 3360 καὶ
698 3307 1118 3374 άγαλλιάσονται
1181 3309 1239 3360 ἐν
1268 3306 1597 3377 εὐφροσύνῃ.
1646 3325 1664 3359 t

89 3395 210 3450 Kal
244 3396 273 3447 ὁ
303 3395 563 3465 Σοφονίας
584 3412 597 3426 ·
637 3415 655 3445 ι
714 3397 935 3462 Ἐπάξει
991 3399 1083 3450 ἐπὶ
1107 3399 1166 3450 σὲ
1201 3398 1543 3468 εὐφροσύνην
1574 3398 1670 3450 καὶ

89 3487 305 3540 αἵνεσιν
321 3489 378 3541 ἐν
402 3490 469 3557 τῇ
489 3489 766 3558 ἀγαπήσει
790 3488 976 3541 αὑτοῦ.
1014 3506 1032 3538 ›
1076 3489 1183 3540 Kal
1207 3487 1424 3555 Ναοὺμ,
1458 3505 1476 3537 ‹
1517 3486 1671 3557 Ἐὀρ-

16 3582 33 3617 ⁵
89 3580 252 3643 ταζε,
280 3578 474 3646 λέγων,
517 3578 690 3631 Ἰούδα
726 3578 824 3642 τὰς
852 3578 1043 3650 ἑορτάς
1075 3595 1193 3643 σου,
1240 3579 1438 3642 ἀπόδος
1476 3580 1669 3649 Κυρίῳ

88 3670 194 3734 τὰς
207 3670 379 3739 εὐχάς
408 3686 503 3722 σου
523 3687 536 3699 ·
567 3671 652 3723 ὄτι
679 3669 846 3740 ἀνέϐη
875 3671 904 3722 ὁ
944 3669 1209 3740 ἐμφυσῶν
1238 3671 1320 3732 είς
1374 3669 1668 3739 πρόσωπόν

91 3777 212 3815 σου.
240 3779 261 3811 ι
301 3763 410 3814 Kal
435 3765 463 3815 ὁ
486 3762 722 3832 Χριστὸς
751 3765 867 3825 τοῖς
886 3762 1232 3826 ἀποστόλοις,
1260 3760 1435 3832 λέγων
1455 3779 1467 3790 ·
1503 3781 1523 3813 ι
1559 3761 1669 3815 Λά-

20 3862 31 3891 ?
91 3852 222 3906 ϐετε
252 3850 476 3922 Πνεῦμα
503 3851 678 3920 ἆγιον.
708 3870 727 3904 t
766 3854 915 3907 Καὶὸ
938 3853 1124 3918 Δαυῒδ,
1153 3873 1171 3907 ι
1201 3847 1669 3925 Εὐφρανθήσομαι

14 3950 31 3993 β
92 3941 192 3996 καὶ
226 3941 624 4012 ἀγαλλιάσομαι
649 3944 706 3997 ὲν
732 3944 834 3998 σοί.
872 3962 968 3996 ι--
989 3962 1009 3996 ι
1044 3944 1193 4014 Αὕτη
1258 3944 1370 4014 γὰρ
1403 3947 1436 4015 ή
1462 3944 1664 4015 ἡμέρα,

14 4330 29 4381 Ρ

14 4420 31 4459 ρ

13 4508 29 4553 ﬂ

13 4608 27 4645 ι

14 4698 29 4733 9

14 4771 29 4829 β

14 4876 29 4925 ί

13 4978 29 5017 ,ι

14 5050 31 5109 l

13 5148 31 5207 ,ι

14 5250 29 5299 ﬂ

94 5537 215 5589 LXV,
254 5523 348 5599 ἓξ,
439 5523 768 5599 "__ib_id.;l3.
871 5524 915 5556 ’⁵³
955 5524 1126 5599 Soph.
1158 5545 1240 5587 In.
1283 5529 1367 5581 17.
1439 5532 1669 5588 "Nalm:

1785 5577 1797 5596 ν
1844 5536 1930 5592 15.

26 5646 29 5653 ,
96 5594 377 5667 emptum.
471 5594 517 5625 ⁸⁷
549 5593 694 5667 Psal.
727 5610 930 5660 Lxxxv,
971 5593 1047 5651 4.·
1116 5598 1161 5630 ⁴⁸
1186 5600 1330 5653 Psal.
1366 5616 1546 5667 xxxw,
1570 5604 1655 5656 77.

89 4034 159 4104 ἢν
186 4033 444 4104 ἐποίησεν
462 4034 705 4105 ὁΚύριος
720 4050 734 4066 ο
755 4033 1213 4105 ἀγαλλιασώμεθα
1242 4038 1335 4089 καὶ
1358 4036 1668 4107 εὐφρανθῶ-

96 4101 200 4195 μεν
232 4128 290 4179 ὲν
316 4101 508 4196 αὐτῇ·›
531 4101 732 4197 δηλαδὴ
760 4101 922 4196 ή-τοῦ
958 4101 1196 4197 Χριστοῦ
1228 4101 1621 4198 ἀναστάσιμος.
1645 4148 1663 4180 ι
1697 4101 1738 4157 C

90 4216 229 4271 Καί·
256 4233 275 4267 ι
317 4215 595 4285 Εὕφρανον
626 4215 723 4287 τὴν
740 4217 920 4286 ψυχὴν
944 4217 1038 4271 τοῦ
1051 4217 1239 4271 δούλου
1259 4217 1505 4271 σου.”οτι
1536 4218 1673 4288 πρὸς

93 4307 175 4372 σὲ,
208 4306 403 4378 Κύριε,
437 4302 546 4377 ἦρα
572 4307 672 4377 τὴν
691 4308 867 4378 ψυχήν
886 4325 1011 4374 μου.
1033 4328 1052 4361 ι
1087 4310 1217 4375 Kal,
1242 4293 1361 4371 ιζἮ
1390 4309 1536 4381 ψυχή
1567 4327 1668 4380 μου

91 4396 483 4466 ἀγαλλιάσεται
512 4397 605 4450 ἐπὶ
635 4398 1318 4471 τῷΚυρίῳ,τερφθήσεται
1338 4403 1429 4455 ἐπὶ
1453 4401 1532 4472 τῷ
1566 4417 1672 4454 σω-

93 4486 471 4559 τηρίῳσαύτοῦ.
514 4505 638 4540 ι-ι
677 4490 787 4544 Kal
818 4491 927 4561 γὰρ
954 4492 1239 4564 ηὐφράνθη
1259 4492 1505 4564 ήκαρδία
1541 4510 1667 4564 μου,

1778 2872 1962 2919 stante
1989 2864 2150 2929 lsaia,
2188 2887 2206 2919 ι
2256 2868 2435 2923 Erunt
2477 2872 2753 2945 redempti
2799 2885 2856 2931 et
2885 2885 3202 2952 congregati
3255 2902 3359 2955 per

1773 2953 2094 3021 Dominum,
2149 2958 2343 3014 laetitia
2414 2963 2753 3033 sempiterna
2808 2983 2980 3037 super
3035 2981 3204 3041 caput
3257 2953 3358 3032 eo-

1775 3060 1899 3100 rum
1914 3045 1979 3100 ³⁸.
2019 3065 2038 3099 ι
2075 3046 2266 3105 Omnis
2297 3050 2495 3108 videns
2517 3069 2634 3124 eos,
2667 3062 2967 3127 cognosca
2992 3061 3136 3128 illos,
3170 3082 3190 3116 ι
3223 3068 3355 3136 quia

1775 3129 1864 3192 isti
1899 3146 2030 3193 sunt
2051 3154 2239 3195 semen
2272 3140 2630 3199 benedictum
2679 3161 2711 3200 a
2739 3140 2872 3213 Deo,
2926 3160 2984 3205 et
3016 3129 3348 3211 laetabuntur

1774 3244 1942 3298 super
1968 3230 2263 3287 Dominum
2286 3232 2353 3288 ‘°.
2393 3253 2413 3285 ι
2456 3236 2669 3292 Rursus
2696 3255 2710 3292 :
2742 3258 2760 3291 ι
2792 3234 2935 3296 Ecce
2959 3241 3054 3312 qui
3100 3244 3356 3303 serviunt.

1775 3317 1933 3383 mihi,
1961 3320 2276 3383 comedent.
2314 3323 2535 3391 bibent,
2564 3326 3003 3399 etlaztabuntur,
3035 3337 3353 3393 etexsulta~
3426 3361 3431 3373 ε

1773 3407 1912 3463 bunt
1946 3409 2001 3463 in
2026 3410 2303 3467 laetitia“.
2348 3433 2365 3465 ι
2404 3415 2749 3487 Sophonias:
2784 3441 2803 3473 ι
2832 3422 3063 3480 lnducet
3099 3442 3269 3498 super
3295 3440 3351 3484 to

1771 3496 2018 3552 lmtitiam
2050 3500 2103 3555 in
2153 3502 2450 3561 dilectione
2496 3524 2592 3563 sua
2614 3512 2679 3565 ".
2717 3531 2734 3563 ι
2769 3513 3001 3582 Nahum,
3035 3536 3052 3567 ι
3088 3496 3347 3581 Celebra.

1769 3591 2331 3656 Judaea,festivitatcs
2378 3606 2518 3664 tuas,
2568 3603 2738 3657 redde
2781 3607 3017 3663 Domino
3063 3622 3191 3666 vota
3233 3621 3347 3674 tua.

1771 3680 1902 3748 quia
1932 3682 2183 3737 ascendit
2208 3684 2498 3742 insufllans
2528 3688 2583 3742 in
2611 3690 2806 3746 faciem
2838 3699 3072 3752 tuam”.
3106 3719 3123 3751 ι
3160 3700 3348 3755 1)οωὶ-

1770 3786 1876 3825 nus
1898 3771 2028 3827 item
2057 3773 2135 3828 ait
2159 3774 2483 3844 discipulis:
2537 3798 2553 3829 ι
2587 3779 2833 3850 Accipite
2866 3784 3134 3854 Spiritum
3188 3805 3321 3845 sane

1774 3867 1886 3914 tum
1911 3860 1978 3914 “.
2021 3881 2039 3914 ι
2084 3862 2280 3927 David,
2321 3883 2338 3915 ι
2370 3864 2624 3921 Laetabor
2648 3880 2704 3923 et
2738 3873 3030 3930 exsultabo
3071 3876 3128 3929 in
3156 3877 3284 3931 te”.
3322 3898 3343 3931 ι

1769 3974 1840 3992 ι·-
1875 3972 1894 4004 ‹
1925 3954 2054 4009 llaec
2074 3957 2223 4013 enim
2266 3956 2386 4012 dies
2410 3974 2575 4027 quam
2610 3960 2743 4016 fecit
2785 3964 3074 4030 Dominus,
3107 3969 3351 4024 exsulte-

1771 4059 1896 4098 mus
1954 4055 2011 4100 et
2052 4045 2304 4102 laetemur
2347 4050 2403 4103 in
2452 4050 2613 4106 ea":
2655 4070 2672 4104 ι
2742 4070 2942 4126 nempe
3009 4060 3350 4115 resurrectio

1771 4133 2005 4190 Christi.
2040 4136 2135 4190 Et:
2171 4155 2189 4187 ι
2222 4137 2463 4195 Laetifica
2488 4142 2755 4210 animam,
2777 4145 3030 4212 Domine,
3067 4152 3212 4205 servi
3243 4154 3346 4213 tui.

1770 4225 1900 4294 quia
1923 4227 1990 4281 ad
2012 4234 2064 4281 te
2092 4229 2271 4283 levavi
2312 4232 2552 4287 animam
2598 4251 2776 4290 meam
2798 4237 2863 4291 θ’.
2900 4258 2917 4289 ι
2950 4240 3017 4294 Ει
3048 4261 3060 4294 :
3101 4259 3119 4291 ‹
3149 4243 3348 4298 Anima

1769 4332 1892 4372 mea
1945 4319 2245 4374 exsultabit
2311 4321 2366 4375 in
2422 4323 2696 4390 Domino,
2747 4327 3118 4385 delectabitur
3179 4349 3351 4404 super

1768 4411 1997 4465 salutari
2056 4426 2160 4467 suo
2182 4410 2260 4467 “.-
2312 4431 2331 4462 ›
2382 4445 2453 4455 —-
2488 4435 2505 4467 ι
2541 4417 2761 4473 Etenim
2811 4420 3054 4476 laetatum
3111 4434 3196 4480 est
3252 4441 3345 4482 cor

1767 4517 1974 4565 meum,
2011 4509 2067 4555 et
2091 4504 2388 4559 exsultavit
2421 4507 2610 4579 lingua
2643 4527 2787 4577 mea,
2821 4514 2953 4582 quia
2990 4518 3231 4586 replebis
3258 4537 3349 4577 me

93 4578 192 4629 καὶ
217 4577 589 4645 ἠγαλλιάσατο
605 4582 638 4650 ή
660 4580 884 4667 γλῶσσά
900 4599 1022 4652 μου,
1040 4585 1123 4637 ὃτι
1149 4584 1457 4655 πληρώσεις
1486 4602 1553 4656 με
1571 4586 1663 4638 εύ-

1776 4592 2113 4661 iucunditate
2147 4610 2273 4650 cum
2304 4597 2461 4653 vultu
2493 4577 2590 4654 tuo
2605 4602 2684 4657 ".
2723 4622 2740 4653 ι
2790 4577 3147 4664 .lticunditate
3197 4613 3347 4667 enim

94 4662 387 4734 φροσύνης,
424 4665 564 4734 μετὰ
590 4660 697 4721 ’τοῦ
719 4670 1014 4740 προσώπου
1046 4688 1162 4726 σου.
1189 4690 1208 4722 ι
1235 4674 1345 4727 Καὶ
1375 4674 1663 4745 ἐμπλησθῇ

95 4774 183 4821 τις
223 4757 477 4833 τοιαύτης
505 4761 847 4834 εὐφροσύνης
890 4763 978 4817 διὰ
1006 4765 1109 4835 τῆς
1138 4767 1218 4829 εἰς
1249 4764 1382 4819 Θεὸν
1421 4766 1661 4837 ἀγάπης.

104 4852 169 4906 Ἢ
195 4854 302 4927 γάρ
328 4856 636 4928 εὐφροσύνη
679 4857 789 4912 τῶν
814 4857 1059 4925 δικαίων,
1092 4861 1126 4930 ἠ
1174 4862 1255 4924 εἰς
1311 4860 1444 4914 Θεὸν
1473 4862 1663 4930 ἀγάπη

90 4943 260 5001 ἐστίν.
282 4947 483 5000 Λοιπὸν
517 4950 613 5002 καὶ
650 4946 842 5012 ἄλλους
877 4950 1268 5021 προτρέπεται,
1310 4951 1550 5015 (Δεῦτε,
1576 4951 1665 5004 λέ-

91 5046 240 5100 γων,
304 5035 792 5106 Ἀγαλλιασώμεοα
863 5039 942 5109 τῷ
997 5040 1206 5111 Κυρίῳ.
1248 5058 1265 5089 ι
1298 5040 1428 5104 Kal,
1474 5046 1491 5093 ι
1529 5044 1659 5093 Δου-

90 5122 316 5179 λεύσατε
343 5127 421 5197 τῷ
449 5127 636 5199 Κυρίῳ
663 5132 721 5182 ἐν
738 5130 889 5200 φόὸῳ
910 5131 1003 5184 καὶ
1020 5135 1077 5185 ἐν
1102 5132 1428 5206 εὐφροσύνῃ.
1472 5153 1490 5185 ι
1527 5135 1658 5198 Καὶ,

102 5234 120 5265 ι
150 5216 586 5288 Κατατρύφησον
613 5220 708 5272 τοῦ
729 5219 989 5291 Κυρίου,›
1013 5222 1310 5286 τουτέστιν,
1329 5223 1662 5277 Ἀπόλαυσον

92 5305 193 5378 τῆς
244 5309 579 5379 γλυκύτητος
641 5311 839 5367 αὐτοῦ.
897 5331 916 5363 ι
981 5314 1129 5380 Φάγε
1186 5315 1315 5385 γὰρ,
1365 5317 1468 5383 υἱὲ,
1516 5318 1657 5387 μέλι,

167 5453 210 5485 ³⁸
249 5451 462 5527 [Ἦλθε.
502 5468 586 5527 tu,
609 5455 662 5527 ξ).
692 5454 820 5527 ψη*
874 5455 1032 5527 Rom.
1076 5474 1189 5522 vnt,
1215 5458 1303 5513 52.
1382 5458 1425 5490 ³⁷
1459 5459 1630 5519 Galat.
1672 5479 1750 5527 tu,
1782 5465 1866 5519 15.

28 5670 31 5679 ·
97 5662 142 5695 "
173 5663 313 5718 Psal.
341 5679 523 5728 xxxvi,
556 5664 609 5718 4.

416 5760 684 5821 Parnm.
720 5759 834 5821 Gn.
866 5761 1210 5825 LXXXIX.

1756 5605 1798 5638 ‘9
1838 5606 1978 5662 Psal.
2007 5624 2091 5673 xv,
2135 5611 2189 5664 9.

1772 4683 1866 4738 tali
1893 4685 2230 4756 adimpletur
2250 4689 2379 4758 quis
2437 4706 2536 4761 per
2572 4694 2899 4753 eharitatem
2950 4717 3082 4772 erga
3136 4705 3345 4773 Deum;

1769 4774 1966 4861 laetitia
2019 4777 2167 4832 enim
2195 4779 2477 4849 justorum
2512 4783 2632 4853 ipsa
2668 4797 2755 4842 est
2786 4804 2914 4861 erga
2946 4793 3120 4851 Deum
3157 4797 3351 4853 citari--

1773 4873 1875 4919 tas.
1898 4854 2050 4920 Talis
2065 4866 2311 4938 denique
2335 4871 2477 4926 alios
2495 4874 2662 4929 etiam
2681 4854 3108 4950 eoadliortatur,
3134 4886 3348 4946 dicens.

1776 4954 1988 5024 1222
2051 4973 2069 5007 ι
2103 4956 2331 5023 Venite,
2394 4963 2736 5021 exsultemus
2787 4954 3020 5028 deino
3042 4977 3109 5031 ³ο.
3175 4998 3193 5030 ι
3244 4980 3341 5034 Et.

1777 5062 1794 5093 ι
1833 5044 2045 5100 Set-vite
2099 5046 2332 5104 Domino
2364 5051 2423 5107 in
2467 5051 2745 5111 laetitia“.
2812 5079 2831 5111 ι
2863 5061 2964 5117 Et:
3006 5083 3024 5116 ι
3064 5066 3350 5124 Delectari:

1768 5135 1825 5190 in
1853 5137 2182 5206 Domino";
2219 5160 2237 5192 ι
2286 5142 2392 5198 hoc
2447 5153 2557 5211 est,
2617 5148 2802 5206 fruere
2852 5152 3149 5215 dulcedine
3203 5162 3347 5231 ejus.
3442 5180 3447 5185 '

1770 5228 1916 5283 Dicit
1968 5231 2117 5284 enim
2171 5231 2498 5304 Scriptura:
2540 5257 2558 5290 ‹
2588 5239 2852 5311 Comede,
2886 5245 2987 5314 fili,
3022 5228 3247 5319 favum,‘
3288 5269 3351 5310 ut

1768 5319 2060 5376 edulcetur
2109 5334 2300 5394 guttur
2354 5336 2535 5397 tuum,
2575 5339 2633 5387 et
2686 5332 2842 5391 dabit
2891 5340 2989 5396 tibi
3047 5344 3347 5412 petitiones

1944 5467 1989 5499 ³⁸
2011 5466 2200 5548 Matth.
2229 5486 2303 5535 XI,
2340 5470 2436 5548 23,
2459 5473 2552 5548 26.
2603 5477 2671 5548 _”
2715 5479 2820 5535 lsa.
2852 5497 2977 5548 xxv,
3004 5483 3089 5541 10.
3167 5486 3210 5518 ⁸⁸
3242 5488 3348 5547 Isa.

2033 5537 2078 5569 ⁸⁵
2103 5539 2260 5617 Joan.
2294 5544 2499 5617 9,22.
2601 5545 2645 5578 ⁸⁵
2682 5549 2824 5605 Psal.
2853 5568 2927 5616 tv,
2960 5537 3011 5610 3.
3046 5537 3088 5541 η
3121 5557 3164 5590 ⁸⁸

2297 5612 2340 5642 ³ο
2368 5613 2509 5667 Psal.
2538 5631 2679 5684 κων,
2728 5621 2774 5674 l.
2878 5612 2924 5653 ³¹’
2949 5625 3093 5681 Psal.
3123 5612 3343 5697 amart.

2929 5789 3005 5844 {‘37
