4014 6310
300 381 441 444 σίας,
478 377 536 430 ὲν
585 375 787 433 ἀπαθεῖ
840 375 934 430 καὶ
971 375 1121 445 άῢλῳ
1151 373 1336 444 τῷ’νῷ
1370 375 1685 445 μετέχοντες
1716 413 1731 438 ,

297 472 394 542 τῆς
448 469 592 540 ὑπὲρ
637 469 760 521 νοῦν
795 466 1062 530 ἑνώσεως,
1105 466 1170 520 ἐν
1217 469 1337 530 ταῖς
1388 466 1497 520 τῶν
1551 464 1871 536 περιφανῶν

297 559 556 624 ἀκτίνων,
604 557 904 627 ἀγνώστοις
963 558 1060 618 καὶ
1119 557 1413 629 μακαρίοις
1451 556 1769 619 ἐπιϐουλαῖς
1807 557 1872 608 ὲν

287 652 546 723 -θειοτέρᾳ
581 633 809 721 μιμήσει
842 649 952 702 τῶν
999 651 1340 722 ἐπουρανίων
1387 649 1523 702 νοῶν
1545 665 1557 678 ·
1595 648 1872 717 ἰσάγγελοι

297 743 429 814 γὰρ,
475 745 550 806 ὡς
583 747 616 797 6
658 744 810 807 -θείος
868 743 1032 813 λόγος,
1087 744 1211 813 ἔφη,
1281 740 1554 808 ἐσόμεθα,
1608 742 1708 795 καὶ
1765 740 1874 794 ιιἰοί

287 835 455 901 θεοῦ,
492 836 596 905 τῆς
640 836 994 898 ἀναστάσεως
1039 835 1191 899 ὄντες
1223 834 1352 888 υἱοί.
1398 851 1418 885 ι
1481 833 1679 897 Καλῶς
1709 828 1800 886 οὖν
1843 833 1873 884 6

311 926 739 996 Ἐκκλησιαστὴς
767 925 1092 996 διαγορεύει,
1128 927 1335 995 φήσαςο
1365 943 1390 976 4
1417 923 1626 988 Γλυκὺς
1650 926 1677 978 6
1707 923 1873 985 ὕπνος

297 1017 375 1087 τῷ
400 1017 596 1087 δούλῳ,
628 1019 677 1070 εἰ
703 1017 881 1084 ὀλίγον
915 1019 1008 1070 καὶ
1037 1019 1085 1070 εί
1118 1018 1254 1071 πολὺ
1285 1012 1539 1087 φάγεται.
1578 1036 1601 1069 ›
1636 1017 1747 1071 Καὶ
1775 1019 1874 1070 έπ-

298 1110 458 1178 άγει’
499 1128 517 1162 ι
559 1109 744 1161 Ἔστιν
782 1109 1063 1182 ἀρρωστία
1097 1110 1163 1181 ἢν
1222 1111 1329 1163 ἴδον
1382 1110 1488 1163 ὑπὸ
1547 1110 1640 1163 τὸν
1695 1110 1868 1178 ἥλιον,

299 1197 528 1250 πλοῦτον
560 1197 969 1267 φυλασσόμενον
1013 1198 1092 1267 τῷ
1125 1199 1258 1269 παρ’
1309 1199 1500 1263 αὑτοῦ,
1550 1201 1630 1263 εἰς
1675 1201 1870 1254 κακίαν

296 1288 499 1340 αὐτοῦ·
535 1289 631 1345 καὶ
679 1288 960 1342 ἀπολεῖται
1007 1290 1036 1341 6
1073 1289 1303 1354 πλοῦτος
1349 1291 1558 1354 ἐκεῖνος
1612 1294 1669 1346 ὲν
1713 1309 1870 1362 περι-

299 1377 538 1447 σπασμῷ
591 1377 844 1448 πονηρῷ·
881 1379 974 1432 καί
1006 1394 1070 1445 γε
1093 1382 1265 1432 πᾶσαι
1289 1383 1342 1434 αἰ
1375 1382 1578 1451 ἡμέραι
1626 1381 1788 1434 αὑτοῦ
1813 1383 1872 1434 ὲν

298 1470 501 1533 σκότει,
538 1471 634 1522 καὶ
689 1469 894 1534 πένθει,
926 1469 1201 1542 καὶθυμῷ
1232 1472 1410 1542 πολλῷ
1431 1474 1525 1527 καὶ
1548 1472 1829 1545 ἀρρωστίᾳ
1851 1487 1868 1505 ο

297 1563 393 1614 καὶ
429 1563 459 1616 6
488 1561 686 1631 μόχθος
725 1561 886 1614 αὐτοῦ
915 1562 994 1624 εἰς
1021 1562 1242 1632 ἄνεμον.
1307 1565 1521 1635 Ὥσπερ
1559 1567 1667 1635 γὰρ
1718 1583 1862 1636 παρ-

298 1651 518 1719 εγένετο
551 1651 779 1720 γυμνὸς,
806 1652 980 1716 οὕτως
996 1655 1090 1708 καὶ
1113 1654 1496 1709 ἀπελεύσεται.
1521 1655 1782 1720 Πολλάκις
1814 1658 1870 1710 δὲ

1317 261 1643 322 HOMILIA
1680 260 1852 320 CXX.
1896 285 1962 293 -
1991 260 2088 320 DE
2125 257 2528 323 PRIMITIIS.

1779 373 1876 428 καὶ
1907 383 1948 436 Α
1977 375 2296 447 guratione:
2334 373 2634 444 participes
2684 381 2867 428 autem
2900 369 3242 434 intellectilis
3287 373 3463 442 ipsius
3497 375 3553 428 in

3415 257 3555 322 1806

1980 480 2080 521 nos
2112 463 2304 522 eiusa:
2333 464 2494 528 lucis,
2529 473 2820 517 consortes
2848 477 3068 532 quoque
3113 463 3337 518 unionis
3387 465 3552 519 intel-

1979 553 2186 608 lectum
2208 553 2367 623 longe
2400 551 2805 620 exsuperantis,
2835 552 2897 614 in
2926 551 3035 605 illis
3069 552 3357 608 constituti
3385 552 3554 610 nulli-

1979 643 2111 698 dum
2140 643 2377 714 cognitis
2405 643 2661 698 acbcatis
2691 643 3162 713 ejaculationibus
3208 645 3326 702 sive
3369 646 3555 706 vibra-

1979 735 2179 790 meutis
2204 734 2613 806 praeuitentium
2633 735 2948 800 radiorum,
2972 736 3024 789 in
3074 737 3349 792 diviniore
3389 739 3557 792 cccle-

1979 827 2146 882 stium
2186 826 2452 881 mentium
2505 825 2651 880 felici
2706 825 3033 886 imitatione.
3087 827 3241 883 Tunc
3287 830 3458 892 enim,
3496 837 3558 884 ut

1978 919 2227 976 divinum
2257 918 2501 978 asseruit
2532 917 2799 980 Verbum,
2837 917 3051 988 angelis
3076 919 3317 987 aequales
3346 919 3557 977 erimus

1976 1020 2034 1065 et
2067 1009 2165 1064 lilii
2205 1008 2325 1075 Dei,
2376 1007 2826 1071 resurrectionis,
2881 1006 3127 1077 inquam,
3186 1008 3397 1064 erimus
3435 1010 3554 1064 ﬁlii.

1977 1100 2272 1172 Eleganter
2305 1116 2435 1156 sane
2479 1100 2840 1154 concionatur
2881 1091 3282 1154 Ecclesiastes:
3321 1120 3339 1152 ι
3369 1101 3556 1156 Dulcis

1977 1208 2203 1248 somnus
2232 1193 2401 1256 servi,
2425 1193 2471 1246 si
2497 1208 2693 1262 parum
2724 1201 2780 1247 ct
2807 1190 2852 1245 si
2887 1191 3120 1246 multum
3155 1192 3489 1247 comedet".
3531 1213 3550 1244 ι

1976 1286 2195 1340 lnducit
2221 1303 2233 1338 :
2273 1304 2290 1336 ι
2325 1285 2425 1340 Est
2458 1284 2752 1339 inﬁrmitas
2783 1297 2948 1358 quam
2965 1283 3078 1338 vidi
3103 1285 3208 1339 sub
3237 1285 3385 1340 sole:
3416 1286 3557 1340 divi-

1978 1377 2082 1433 tias
2131 1385 2578 1440 conservantem,
2635 1383 2692 1430 et
2735 1376 2842 1430 hoc
2873 1391 2974 1432 suo
3023 1375 3214 1431 labore
3250 1377 3304 1431 in
3347 1378 3552 1432 malum

1978 1469 2117 1524 sibi:
2146 1477 2200 1523 et
2230 1469 2498 1538 peribunt
2526 1467 2739 1522 divitia:
2767 1467 2874 1522 illae
2895 1468 2949 1522 in
2982 1469 3344 1538 occupatione
3376 1469 3552 1523 mala:

1959 1569 2032 1632 get
2059 1568 2210 1615 certe
2245 1575 2440 1615 omnes
2488 1559 2609 1615 dies
2654 1561 2776 1631 ejus
2807 1561 2862 1614 in
2896 1561 3142 1616 tenebris
3177 1571 3235 1616 et
3293 1561 3446 1616 luctu
3497 1571 3556 1616 et

1978 1651 2358 1722 indignatione
2395 1653 2568 1707 multa
2588 1662 2646 1707 et
2669 1651 2989 1710 inﬁrmitate
3012 1670 3026 1708 :
3053 1662 3108 1708 et
3143 1653 3299 1708 labor
3348 1655 3470 1724 ejus
3499 1655 3556 1712 in

296 1743 399 1796 οὐκ
438 1743 744 1807 ὲξουσιάσει
774 1744 923 1815 αὐτῷ
944 1748 972 1798 6
999 1746 1132 1810 Θεὸς
1152 1749 1356 1815 φαγεῖν
1379 1747 1481 1802 ,ἀπ’
1507 1746 1696 1813 αὑτοῦ,
1753 1749 1870 1803 ἀλλ’

1978 1751 2200 1798 ventum
2231 1744 2619 1812 transvolabit.
2657 1743 3132 1810 Quemadmodum
3154 1745 3301 1801 enim
3333 1747 3557 1801 advenit

292 1835 329 1886 '6
351 1833 499 1900 ξένος
524 1834 964 1902 φάγεταιαύτόν.
1003 1836 1150 1902 Διότι
1181 1837 1350 1910 πένης
1373 1833 1518 1892 οἰδεν
1533 1839 1871 1910 πορευθῆναι

299 1925 593 1978 κατέναντι
615 1927 715 1994 τῆς
741 1925 906 1997 ζωῆς.
945 1943 964 1978 ι
1000 1927 1288 1992 natam;
1312 1943 1328 1962 ο
1357 1943 1378 1980 ι
1402 1929 1494 1999 Μὴ
1528 1931 1872 2002 μεριμνήσῃς

299 2015 431 2086 περὶ
460 2015 552 2069 τοῦ
583 2015 768 2084 αὔριον
788 2028 803 2046 ⁵
861 2019 920 2070 οὐ
956 2017 1065 2087 γὰρ
1095 2013 1242 2082 οἶδας
1279 2019 1328 2072 τί
1360 2018 1571 2083 τέξεται
1617 2022 1650 2092 ὴ
1684 2021 1870 2076 ἐπιοῦ-

301 2122 391 2160 σα.
414 2124 431 2156 ι
452 2106 561 2159 Καὶ
589 2105 802 2158 «eam
821 2107 914 2176 Μὴ
937 2106 1002 2178 δὴ
1018 2109 1318 2180 καυχάσθω
1334 2111 1414 2173 εἰς
1443 2109 1648 2182 αὔριον.
1667 2111 1740 2164 Ού
1765 2111 1873 2181 γὰρ

300 2193 448 2260 οἰδας
485 2198 539 2250 τί
598 2214 692 2250 σον
712 2197 1018 2268 ἀπαντήσει
1040 2214 1054 2229 ο
1112 2199 1513 2270 παρελεύσεται
1568 2200 1678 2271 γὰρ
1706 2202 1734 2254 ὁ
1761 2199 1874 2270 βίος

301 2288 481 2358 ἡμῶν,
512 2287 587 2350 ὡς
615 2290 736 2359 ῐχνη
783 2289 1012 2360 νεφέλης
1038 2306 1053 2322 ο
1089 2292 1248 2354 σκιᾶς
1294 2290 1404 2364 γὰρ
1429 2291 1572 2358 ὁδὸς,
1624 2291 1652 2344 6
1682 2291 1870 2365 καιρὸς

299 2381 479 2453 ἡμῶν.
509 2383 633 2446 ,Καὶ
660 2381 760 2436 οὐκ
787 2381 934 2435 ἐστιν
966 2383 1335 2453 άναποδισμὸς
1371 2383 1630 2454 τελευτῆς
1658 2383 1873 2454 ἀνθρώ-

300 2477 426 2527 που.
466 2491 486 2525 ι
537 2472 595 2525 '0
629 2471 686 2525 δὲ
716 2473 916 2526 Δαυϊδ·
970 2491 989 2526 ι
1031 2473 1348 2544 Ἔπίρῤιψον
1385 2476 1490 2528 ent
1513 2476 1726 2546 -Κύριον
1773 2477 1873 2545 τὴν

305 2563 575 2635 μέριμναν
615 2580 730 2628 σου,
772 2563 867 2617 καὶ
897 2564 1060 2627 αὐτός
1101 2580 1160 2616 σε
1198 2564 1599 2636 διαθρέψει.-Ού
1633 2565 1742 2636 γὰρ
1765 2567 1874 2620 ῑδον

298 2653 512 2706 δίκαιον
569 2653 1152 2724 ἐγκαταλελειμμένον,
1204 2655 1325 2708 οὐδὲ
1355 2655 1415 2707 τὸ
1449 2656 1675 2726 σπέρμα
1706 2657 1872 2709 αὑτοῦ

301 2742 502 2813 ζητοῦν
527 2743 728 2814 ἄρτους
748 2760 762 2775 ·
793 2744 853 2797 ού
886 2744 1441 2814 καταισχυνθήσονται
1479 2746 1538 2798 ὲν
1567 2746 1742 2817 καιρῷ
1774 2762 1872 2800 πο-

300 2835 474 2906 νηρῷ,
520 2837 614 2890 καὶ
647 2838 707 2889 ὲν
743 2835 979 2906 ἡμέραις
1029 2835 1187 2905 λιμοῦ
1240 2836 1724 2908 χορτασθήσονται.
1763 2840 1875 2908 Τὴν

300 2928 412 2998 γὰρ
437 2926 612 2997 θήραν
640 2926 810 2996 αὐτῆς
837 2925 1096 2995 εὐλογῶν,
1129 2927 1431 2998 εὐλογήσω,
1456 2928 1548 2981 καὶ
1579 2929 1704 2994 τοὺς
1728 2944 1875 2982 πτω-

301 3017 432 3086 χοὺς
462 3017 633 3086 αὐτῆς
661 3017 910 3087 χορτάσω
945 3016 1130 3086 ἄρτον.
1165 3037 1185 3070 ι
1239 3018 1350 3072 Καὶ
1385 3020 1414 3072 6
1441 3019 1668 3090 Πέτρος,
1707 3030 1725 3071 ι
1763 3020 1876 3074 Ilio

1973 1837 2176 1901 nudus,
2215 1838 2296 1896 sic
2329 1837 2618 1892 etabibit:
2651 1837 2888 1893 subinde
2915 1854 3047 1893 vero
3065 1849 3407 1916 potestatem
3442 1857 3555 1895 non

1976 1928 2230 1984 dabitilli
2255 1926 2400 1983 Deus
2440 1937 2500 1983 ut
2536 1929 2790 1984 comedat
2823 1929 2891 1984 de
2928 1929 3116 1986 labore
3163 1946 3285 1996 suo,
3339 1931 3436 1986 sed
3467 1933 3552 1986 vel

1974 2028 2273 2075 extraneas
2326 2021 2579 2075 comedet
2631 2021 2782 2076 illius
2829 2021 3071 2078 divitias.
3125 2021 3358 2093 Propter
3405 2023 3552 2093 quod

1961 2127 2186 2190 [pauper
2217 2112 2372 2166 novit
2393 2127 2624 2182 pergere
2651 2112 2870 2168 obviam
2901 2113 3110 2168 vitae“.
3149 2131 3168 2166 ι
3193 2113 3350 2169 Alius
3384 2114 3550 2168 item:

1982 2221 2000 2254 ‹
2037 2204 2116 2259 Ne
2145 2203 2422 2258 sollicitus
2442 2203 2517 2258 sis
2550 2203 2617 2258 de
2646 2204 2912 2268 crastino,
2944 2220 3054 2260 non
3099 2205 3245 2262 enim
3281 2205 3392 2261 scis
3418 2207 3552 2276 quid

1976 2295 2417 2368 crastina‘pariet
2451 2295 2651 2351 dies".
2698 2315 2716 2348 ι
2749 2296 2986 2352 lterum:
3025 2315 3044 2347 ι
3087 2297 3209 2352 Noli
3237 2298 3461 2368 gloriari
3497 2299 3551 2354 in

1977 2380 2304 2448 crastinum,
2355 2396 2540 2452 neque
2594 2381 2744 2438 enim
2796 2384 2908 2439 scis
2958 2385 3091 2454 quid
3124 2385 3226 2440 tibi
3261 2395 3552 2443 occurret:

1976 2474 2238 2528 transibit
2263 2474 2411 2529 enim
2446 2476 2560 2530 vita
2591 2484 2780 2531 nostra
2809 2485 3066 2546 tanquam
3099 2478 3332 2549 vestigia
3363 2479 3552 2534 nubis.

1975 2551 2196 2621 Umbrae
2220 2566 2368 2620 enim
2401 2567 2510 2630 via,
2542 2575 2757 2637 tempus
2795 2577 3072 2634 nostrum,
3101 2575 3156 2623 et
3196 2573 3306 2625 nbn
3331 2578 3418 2626 est
3463 2586 3555 2627 rc-

1977 2653 2162 2710 versio
2204 2653 2331 2710 finis
2367 2655 2609 2710 hominis
2629 2641 2693 2710 τ’.
2739 2675 2758 2709 ι
2808 2657 2979 2712 David
3025 2665 3280 2728 quoque:
3329 2678 3348 2712 ι
3399 2661 3555 2717 Jacta

1975 2759 2142 2816 super
2176 2745 2470 2800 Dominum
2501 2762 2692 2803 curam
2720 2755 2892 2814 tuam,
2917 2756 2973 2803 et
3005 2751 3122 2820 ipse
3150 2757 3202 2806 te
3227 2753 3552 2807 enutriet":

1975 2848 2086 2889 non
2123 2833 2271 2887 enim
2303 2833 2416 2889 vidi
2447 2836 2658 2906 justum
2690 2836 3044 2903 derelictum,
3072 2853 3176 2895 nec
3209 2854 3398 2896 semen
3434 2842 3554 2912 ejus

1977 2939 2232 2992 quarens
2283 2940 2488 2994 panes:
2540 2941 2654 2980 non
2721 2926 3135 2984 confundantur
3187 2930 3243 2984 in
3307 2938 3554 3000 tempore

1977 3015 2147 3080 malo,
2180 3015 2275 3070 sed
2301 3015 2357 3070 in
2397 3015 2596 3070 diebus
2642 3016 2806 3072 famis
2843 3019 3260 3074 saturabuntur.
3292 3021 3555 3076 Venatio-

305 3125 406 3162 σαν
437 3108 534 3180 τὴν
569 3107 845 3180 μέριμναν
879 3107 1032 3179 ὑμῶν
1060 3109 1392 3181 tmpestas
1427 3111 1517 3163 ἐπ’
1550 3110 1734 3176 αὑτὸν,
1792 3111 1872 3164 ὅτι

1979 3121 2104 3161 nem
2133 3108 2281 3162 enim
2320 3108 2657 3164 benedicens
2694 3109 3043 3177 benedicam,
3107 3127 3381 3181 pauperes
3433 3113 3552 3182 ejus

302 3197 453 3268 αὐτῷ
499 3199 652 3268 μέλει
705 3199 833 3269 περὶ
876 3199 1052 3269 ὑμῶν.
1096 3213 1115 3251 ι
1183 3200 1414 3270 Ὁμοίως
1445 3200 1596 3255 καὶὸ
1625 3200 1872 3269 Παῦλος,

307 3303 328 3340 ι
368 3287 426 3341 '0
456 3287 679 3358 Κύριος,
715 3286 908 3354 λέγων,
937 3288 1136 3356 ἐγγὺς,
1179 3288 1346 3358 μηδὲν
1382 3292 1705 3361 μεριμνᾶτε.
1736 3292 1877 3346 Ἀλλ’

303 3381 363 3432 ὲν
397 3381 558 3434 παντὶ
604 3383 670 3451 τῇ
721 3382 997 3451 προσευχῇ
1039 3382 1135 3434 καί
1161 3381 1442 3452 ’τῇ-δεήσει
1481 3381 1621 3451 μετὰ
1651 3381 1875 3452 εὐχαρι-

305 3472 464 3534 στίας
514 3472 584 3525 τά
654 3473 931 3542 αἰτήματα
983 3472 1142 3543 ὑμῶν
1201 3473 1552 3542 γνωριζέσθω
1603 3472 1740 3543 πρὸς
1787 3473 1877 3528 τὸν

301 3561 458 3614 Θεόν.
492 3579 510 3613 ι
537 3561 653 3615 Καὶ
679 3558 835 3624 αὖθις
859 3573 872 3587 ·
908 3579 927 3613 ι
959 3560 1192 3625 Δυνατδς
1223 3562 1279 3616 δὲ
1307 3564 1336 3615 6
1359 3561 1491 3626 Θεὸς
1508 3563 1690 3618 πᾶσαν
1717 3563 1878 3634 χάριν

304 3650 663 3722 περισσεῦσαι
687 3653 764 3714 εἰς
794 3652 939 3723 ὑμᾶς
959 3667 972 3681 '
1003 3651 1089 3705 ἴνα
1117 3655 1176 3705 ἐν
1207 3653 1372 3712 παντὶ
1423 3654 1655 3708 πάντοτε
1696 3657 1877 3709 πᾶσαν

303 3740 636 3809 αὐτάρκειαν
666 3738 878 3809 ἔχοντες
902 3740 1298 3811 περισσεύσητε
1321 3744 1400 3806 εἰς
1423 3745 1531 3796 πᾶν
1561 3742 1721 3814 ἔργον
1741 3744 1878 3812 ἀγα-

297 3830 450 3883 θόν.)
473 3831 580 3884 Καὶ
602 3833 630 3884 6
652 3831 884 3902 Κύριος,
901 3848 919 3884 ι
939 3832 1031 3904 Μὴ
1047 3833 1425 3904 μεριμνήσητε
1448 3835 1514 3904 τῇ
1532 3833 1678 3905 ψυχῇ
1702 3834 1854 3904 ὑμῶν

304 3922 358 3974 τί
391 3921 601 3991 φάγητε
655 3922 687 3992 ἢ
721 3923 774 3975 τί
801 3922 987 3994 πίητε,
1015 3923 1155 3994 μηδὲ
1175 3923 1252 3994 τῷ
1284 3925 1495 3994 σώματι
1523 3925 1674 3992 ὑμῶν
1704 3926 1755 3978 τί
1787 3927 1877 3986 ενι

303 4008 571 4077 δύσησθε·
607 4003 748 4064 οἰδεν
772 4011 881 4080 γάρ
930 4013 958 4064 6
1003 4011 1190 4084 Πατὴρ
1226 4011 1381 4082 ὑμῶν
1412 4015 1440 4065 6
1483 4013 1751 4084 οὐράνιος,
1793 4016 1878 4075 ,ὅτι

304 4099 535 4169 χρῄζετε
581 4099 784 4153 τούτων
835 4102 1092 4158 ἁπάντων
1115 4119 1129 4133 ο
1168 4104 1386 4174 ζητεῖτε
1419 4104 1476 4158 δὲ
1515 4104 1730 4175 πρῶτον
1783 4105 1878 4175 τὴν

307 4189 587 4258 βασιλείαν
619 4190 728 4246 τῶν
757 4193 1026 4266 οὐρανῶν,
1061 4195 1158 4248 καὶ
1198 4195 1372 4254 ταῦτα
1422 4197 1601 4250 πάντα
1649 4215 1880 4268 προστε-

305 4279 530 4350 θήσεται
591 4284 738 4358 ὑμῖν.
777 4301 796 4337 ι
847 4284 1009 4356 Δύτῷ
1051 4287 1085 4356 ἡ
1143 4286 1270 4352 δόξα
1332 4289 1413 4350 εἰς
1468 4288 1593 4351 τοὺς
1654 4288 1875 4354 αἰῶνας.

320 4371 509 4442 Ἀμήν.

889 4661 1109 4732 ΛΟΓΟΣ
1125 4669 1272 4732 nx".

840 4789 979 4858 Περὶ
1007 4789 1310 4862 ἀπαρχῶν.

361 4900 508 4970 ,Περὶ
527 4901 635 4958 τῶν
661 4902 944 4978 ἀπαρχῶν,
973 4905 1106 4966 πᾶσι
1139 4905 1357 4975 τρόποις
1380 4902 1874 4977 κεχρεωστήκαμεν

305 4992 374 5044 τά
409 4993 474 5045 ὲκ
502 4993 595 5047 τοῦ
627 4993 763 5052 Θεοῦ
796 4994 871 5064 τῷ
914 4994 1031 5066 θεῷ
1081 4997 1409 5067 προσφέρειν
1454 4997 1518 5050 ὲκ
1564 4995 1672 5050 τῶν
1733 4995 1875 5049 ἰδίων

306 5085 588 5154 καμάτων,
633 5087 726 5141 καὶ
755 5087 820 5138 ὲκ
846 5087 944 5156 τῆς
969 5087 1174 5157 ἰσχύος,
1224 5081 1290 5159 ἧς
1321 5087 1480 5151 αὐτὸς
1535 5088 1874 5170 ἐπιχορηγεῇ

307 5178 402 5230 καὶ
434 5179 494 5243 ἐξ
513 5171 594 5232 ,ὧν
627 5178 786 5242 αὐτὸς
815 5179 1210 5250 προνοούμενος
1239 5179 1512 5248 φροντίζει
1537 5179 1714 5256 ἡμῶν,
1733 5177 1877 5231 κατὰ

306 5270 678 5342 τὴνιΓραφήνο
720 5289 738 5322 ι
771 5269 916 5342 Τίμα
944 5271 1074 5343 γάρ,
1108 5273 1261 5343 φησί,
1296 5273 1386 5325 τὸν
1420 5271 1645 5340 Κύριον,
1671 5273 1734 5324 ὲκ
1767 5270 1876 5324 σῶν

307 5361 482 5414 πόνων
513 5361 760 5425 δικαίων,
791 5363 890 5432 υαί
937 5364 1186 5432 ἀπάρχου
1236 5362 1383 5432 αὐτῷ
1405 5363 1490 5415 .ὲκ
1516 5363 1622 5416 σῶν
1648 5363 1875 5432 καρπῶν

306 5451 671 5525 δικαιοσύνης,
707 5455 792 5509 ῐνα
821 5454 1242 5526 ὲμπιμπλῶνται
1271 5455 1340 5510 τά
1368 5454 1591 5524 ταμιεῖά
1611 5472 1703 5512 σου
1727 5455 1876 5525 ,πλη-

386 5581 627 5638 ⁷².Εεο1θ.
656 5598 708 5643 v.
753 5583 841 5636 Η.
920 5583 961 5616 ⁷⁸
1016 5583 1191 5638 Eccle.
1223 5600 1275 5642 ν.
1309 5584 1493 5639 12-16.
1572 5587 1616 5618 "
1649 5584 1807 5639 Prov.
1839 5600 2008 5643 um.
2041 5585 2092 5636 1.

1982 3196 2243 3252 saturabo
2273 3195 2510 3266 panibus
2527 3198 2592 3252 ⁷⁸.
2632 3215 2650 3247 ι
2686 3197 2884 3252 Petrus
2917 3198 3082 3253 item:
3121 3216 3140 3250 ι
3170 3199 3398 3266 Omnem
3429 3202 3554 3266 sub

1980 3287 2328 3343 licitudinem
2374 3297 2614 3344 vestram
2670 3289 2925 3359 projicite
2971 3290 3027 3344 in
3074 3295 3234 3357 eum,
3269 3291 3398 3361 quia
3447 3291 3554 3362 ipsi

1979 3391 2110 3432 cura
2140 3378 2249 3433 erit
2278 3379 2348 3433 de
2379 3380 2617 3434 vobis”.
2645 3398 2663 3430 ι
2700 3381 2812 3435 Nec
2844 3381 3005 3436 aliter
3043 3381 3277 3436 Paulus:
3320 3400 3338 3434 ι
3364 3382 3556 3437 Domi~

1979 3479 2088 3517 nus
2138 3479 2312 3535 prope
2346 3475 2452 3529 est,
2503 3467 2646 3522 nihil
2691 3468 2914 3524 solliciti
2972 3468 3116 3534 sitis,
3151 3469 3249 3534 sed
3302 3471 3360 3526 in
3403 3473 3553 3539 omni

1979 3559 2229 3612 oratione
2281 3567 2338 3613 et
2389 3558 2780 3614 obsecratione
2833 3561 3128 3630 petitiones
3186 3571 3384 3617 vestra:
3426 3576 3551 3618 cum

1978 3648 2279 3716 gratiarum
2325 3648 2542 3702 actione
2610 3649 2963 3705 innotescant
3018 3652 3166 3722 apud
3201 3651 3373 3707 Deum
3403 3651 3470 3706 "°.
3529 3674 3547 3703 ›

1979 3739 2222 3794 Rursus:
2255 3757 2275 3792 ι
2306 3740 2506 3795 Potens
2535 3749 2723 3794 autem
2749 3751 2856 3800 est
2881 3742 3028 3797 Deus
3066 3759 3289 3800 omnem
3322 3744 3558 3816 gratiam

1978 3830 2435 3899 superabundare
2485 3831 2671 3887 facere
2727 3832 2783 3886 in
2828 3831 3027 3898 vobis,
3078 3843 3140 3887 ut
3192 3833 3248 3887 in
3295 3835 3556 3899 omnibus

1978 3937 2200 3990 omnem
2221 3919 2606 3976 sufﬁcientiam
2633 3921 2925 3988 habentes,
2963 3923 3266 3988 abundetis
3303 3924 3359 3978 in
3389 3939 3554 3982 omne

1979 4026 2118 4080 opus
2147 4011 2436 4069 bonum“.
2481 4028 2499 4061 ι
2529 4010 2984 4070 Dominusitem:
3045 4029 3064 4063 ‹
3105 4011 3284 4067 Nolite
3330 4014 3552 4071 solliciti

1977 4116 2100 4156 esse
2121 4102 2317 4160 animae
2337 4108 2534 4155 vestra:
2551 4100 2688 4170 quid
2723 4100 3069 4158 manducetis
3109 4111 3205 4156 aut
3233 4102 3366 4172 quid
3396 4103 3553 4170 biba.

1981 4192 2073 4257 tis,
2102 4208 2282 4262 neque
2305 4193 2521 4263 corpori
2547 4204 2902 4264 vestro,lqum
2924 4192 3254 4252 induamini:
3279 4195 3379 4248 scit
3405 4195 3554 4249 enim

1978 4288 2141 4344 Pater
2177 4298 2360 4345 vester
2385 4289 2651 4359 caelestis,
2680 4289 2810 4359 quia
2839 4289 2927 4344 his
2960 4289 3225 4358 omnibus
3254 4289 3550 4359 indigetis:

1979 4381 2208 4452 quaerite
2237 4391 2424 4451 autem
2471 4381 2706 4450 primum
2732 4396 2977 4451 ,regnum
3008 4382 3296 4448 caelorum,
3349 4390 3406 4436 et
3437 4381 3554 4436 haec

1979 4474 2165 4528 omnia
2184 4473 2519 4545 adjicientur
2555 4467 2793 4538 vobis".
2845 4492 2862 4524 ι
2900 4472 3008 4543 ipsi
3034 4473 3204 4544 gloria
3235 4473 3289 4527 in
3328 4473 3548 4528 satcuia.

1980 4563 2176 4620 Amen.

2391 4671 2607 4754 ηερ,
2644 4652 2940 4749 uolnus
2965 4677 3128 4732 cxx.

2575 4791 2652 4847 De
2680 4794 2946 4864 primitiis.

2047 4907 2324 4986 Quantum
2379 4907 2574 4962 attinet
2617 4906 2683 4962 ad
2728 4905 3026 4977 primitias,
3077 4905 3165 4960 his
3203 4902 3555 4960 exsolvendis

1980 4999 2158 5055 modis
2213 4998 2473 5054 omnibus
2524 4999 2945 5070 obstringimur,
2999 5013 3065 5052 ex
3119 4997 3204 5052 his
3249 4997 3554 5051 etiamnum

1980 5104 2101 5160 qua:
2128 5095 2257 5142 sunt
2285 5088 2510 5158 proprio
2536 5105 2659 5158 quae
2681 5090 2785 5143 sita
2811 5089 3022 5151 labore,
3047 5103 3115 5142 ex
3145 5086 3396 5159 corporis
3421 5085 3558 5140 viri-

1978 5183 2106 5248 bus,
2127 5197 2265 5252 quas
2307 5181 2545 5251 benigne
2575 5181 2691 5253 ipse
2720 5182 3039 5252 suppeditat
3074 5180 3364 5245 Dominus,
3387 5194 3558 5248 quas-

1981 5287 2088 5341 que
2116 5287 2213 5325 sua
2248 5269 2420 5351 solius
2473 5266 2824 5339 providentia
2885 5271 3150 5342 suggerit,
3193 5269 3330 5325 dum
3373 5269 3554 5322 nostri

1982 5363 2269 5434 providam
2317 5362 2428 5432 agit
2457 5377 2664 5415 .curam
2687 5403 2701 5425 ,
2755 5363 2910 5432 juxta
2946 5363 3263 5434 Scriptura:
3303 5370 3555 5416 tenorem

1981 5452 2257 5522 dicentis:
2292 5471 2310 5504 ‹
2345 5451 2562 5515 llonora
2585 5451 2874 5522 Dominum
2910 5453 2980 5510 de
3014 5453 3124 5509 tuis
3153 5451 3556 5534 justislabori-

2174 5582 2216 5616 τ⁸
2268 5583 2394 5646 Sap.
2462 5599 2518 5644 Il,
2578 5583 2631 5635 5.
2708 5581 2752 5612 ⁷⁷
2783 5579 2922 5634 Psai.
2991 5575 3212 5645 Lt~v,33.
3293 5579 3338 5611 ⁷⁸
3400 5579 3550 5633 Psa'.

313 5661 499 5722 um,
532 5653 618 5718 t9,
645 5653 715 5707 ‘23
737 5657 964 5721 (cum,
995 5655 1071 5710 I5.
1126 5655 1168 5686 ”
1200 5653 1216 5707 l
1248 5655 1391 5711 Pelr.
1432 5655 1555 5722 v,7.
1583 5655 1653 5728 "°
1687 5656 1916 5724 Philipp.
1953 5671 2023 5722 tv,
2049 5655 2102 5720 5,
2127 5654 2188 5710 6.
2245 5655 2288 5686 ”
2317 5645 2354 5705 ll
2383 5653 2508 5707 Cor.
2543 5669 2615 5717 ιι,
2649 5651 2701 5718 8,
2723 5653 2781 5708 9.
2820 5651 2867 5692 ³³
2906 5651 3095 5704 Matth.
3127 5666 3197 5715 Vl,
3233 5647 3305 5703 2‘5
3354 5645 3550 5702 διεδ.
