3898 6304
171 375 308 440 1809

1096 374 1421 435 HOMILIA
1461 373 1666 434 CXXI.
1688 396 1757 406 ·-
1787 372 1885 432 ΒΕ
1925 367 2529 430 PROPITIATIONE.

3282 359 3420 425 1810

156 482 550 554 ταπεινωμένῳ
573 498 588 513 ·
618 481 748 536 Ἐὰν
793 481 963 545 οὕτως
996 480 1383 553 ὀλακαυτὼσῃς
1420 481 1644 535 σεαυτὸν
1670 481 1717 533 τί

1851 495 1978 537 cum
2013 477 2432 549 operationibus
2470 476 2590 541 vim,
2622 474 2736 528 sive
2780 471 3220 528 conversationis
3269 483 3416 526 recta

153 574 297 647 Θεῷ,
326 575 674 647 ἀποκαθαίρῃ
714 573 815 645 μὲν
861 573 962 637 τὰς
1016 573 1223 644 λέπρας
1250 572 1359 627 τῶν
1410 573 1733 642 ἀκαθάρτων

154 667 370 731 παθῶν,
426 668 551 739 γίνῃ
583 667 640 720 δὲ
695 666 1087 737 θυσιαστήριον
1130 666 1225 724 καὶ
1266 665 1393 728 ναὸς
1446 663 1544 716 τοῦ
1575 665 1730 731 ἁγίου

163 759 504 829 Πνεύματος,
545 758 888 824 κᾳὶακοὺεις
925 773 939 787 ⁸
975 777 991 808 σ
1022 757 1263 825 ’Ὑπαγε,
1292 755 1519 808 σεαυτὸν
1562 754 1734 818 δεῖξον

152 847 230 917 τῷ
255 851 409 918 ἱερεῖ,
452 868 470 902 ι
492 848 833 925 ⁸ιιῖκΧριστῷ,
853 866 871 898 ι
907 849 1002 902 καὶ
1022 849 1388 917 προσένεγκαι
1407 850 1467 899 τὸ
1493 846 1686 918 δῶρον,
1709 847 1737 899 ὸ

152 939 486 1008 προσέταξεν
530 956 610 992 σοι
651 940 729 1009 τῷ
771 939 828 991 ὲν
854 938 1121 1008 πνεύματι
1146 936 1385 1006 Ἰουδαίῳ
1410 956 1428 988 ‹
1456 938 1484 987 ὁ
1506 937 1732 1004 Μωσῆς,

154 1033 232 1095 εἰς
270 1031 590 1102 μαρτύριον,
618 1050 636 1083 ι
701 1028 767 1103 ἧς
818 1031 1005 1101 ἔτυχες
1034 1028 1326 1093 υἱοθεσίας.
1361 1027 1519 1098 Αὑτῷ
1550 1030 1582 1098 ἡ
1608 1027 1734 1092 δόξα

150 1125 231 1187 είς
257 1126 383 1188 τοὺς
410 1124 631 1188 αἰῶνας.
658 1125 854 1195 Ἀμήν.

152 1208 395 1279 Spiritus
432 1212 629 1267 sancti.
670 1212 880 1267 Audies
922 1211 1030 1266 dici
1105 1211 1238 1266 tibi:
1294 1229 1312 1261 ι
1346 1208 1529 1274 Vade,

1841 575 1908 629 ad
1938 575 2107 627 vitam
2132 569 2519 642 provehentis;
2556 581 2774 621 omnem
2804 565 2944 621 oﬂ‘er
2963 564 3133 620 animi
3184 578 3415 633 concep-

1842 666 2073 730 tionem,
2114 664 2184 719 da
2220 663 2299 717 illi
2344 677 2511 731 opera
2564 659 2770 723 omnia,
2810 667 2866 711 et
2915 667 3123 712 motum
3170 656 3421 725 corporis

1844 764 2010 824 atque
2043 752 2563 822 contemplationem
2598 750 2711 802 Deo
2758 748 3191 802 consecrandam
3241 754 3420 800 trans-

1838 846 1988 901 cribc
2032 844 2199 900 corde
2246 843 2505 898 contrito.
2538 842 2799 910 Tcipsum
2847 839 2894 894 si
2934 839 3015 894 sic
3054 839 3111 891 in
3146 828 3444 893 holocauJ

1838 949 2015 993 stoma
2054 937 2325 992 obtuleris
2358 930 2493 999 Deo,
2529 934 2740 1003 lepram
2786 932 2982 986 anima:
3018 940 3125 985 tum
3173 929 3419 999 pressius

1836 1016 2306 1083 adlzmrescentem
2361 1067 2377 1091 ,
2434 1026 2730 1089 ‘ohscenas
2796 1022 3064 1076 nimirum
3133 1020 3419 1091 passiones

1837 1119 2165 1190 expurgabit
2191 1136 2204 1175 :
2229 1117 2467 1173 eﬂiciere
2490 1126 2674 1172 autem
2703 1124 2761 1170 tu
2792 1116 2988 1182 altare,
3012 1113 3126 1168 imo
3150 1112 3417 1182 templum

1606 1208 2113 1278 ostendetcipsum
2162 1207 2434 1263 sacerdoti
2470 1225 2489 1257 ι
2542 1206 2636 1275 qui
2665 1205 2919 1261 Christus
2955 1213 3068 1270 est,
3114 1222 3133 1256 ι
3183 1210 3241 1258 ct
3279 1202 3420 1256 οιτον

150 1317 353 1357 munus
379 1302 525 1373 quod
562 1302 821 1372 przecepit
892 1303 1123 1374 Moyses,
1157 1320 1176 1354 ι
1225 1302 1278 1356 ei
1342 1302 1436 1370 qui
1468 1302 1524 1355 in
1575 1300 1774 1371 spiritu
1812 1299 2037 1356 Judaeus
2080 1306 2186 1365 est,
2219 1317 2237 1350 ι
2303 1298 2360 1353 in
2397 1298 2773 1354 testimonium
2832 1299 2847 1329 ¹
2885 1316 2904 1349 ι
2949 1297 3069 1368 ejus
3103 1293 3430 1366 adoptionis.

146 1410 315 1465 quam
347 1402 631 1449 assecutus
659 1408 741 1448 es.
778 1393 885 1463 Ipsi
911 1394 1083 1464 gloria
1117 1394 1172 1447 in
1205 1393 1425 1449 saecula.
1454 1392 1650 1448 Amen.

731 1507 953 1560 ΛΟΓΟΣ
985 1506 1159 1563 PKA'.

675 1618 812 1687 Περὶ
859 1617 928 1682 ἐξ
933 1618 1215 1687 ιλασμοῦ.

2359 1500 2651 1557 HOMILIA
2703 1500 2890 1557 CXXI.

2113 1615 2191 1670 De
2237 1616 2613 1687 propitiatione
2665 1631 2755 1669 seu
2808 1613 3127 1685 placatione.

216 1731 346 1784 Δέον
373 1730 522 1783 ἐστὶν
538 1729 629 1783 τὸν
653 1729 801 1800 ἱερέα
820 1728 1036 1801 πρῶτον
1070 1729 1209 1801 ὑπὲρ
1230 1729 1422 1783 ἑαυτοῦ
1447 1728 1717 1796 ὲξιλεώσαη

1907 1727 2145 1784 Necesse
2183 1728 2277 1792 sit,
2314 1735 2375 1782 ut
2404 1743 2505 1798 pro
2557 1726 2675 1782 suis
2697 1726 2937 1796 primum
2968 1725 3213 1796 peccatis
3242 1725 3429 1780 Deum'

146 1822 272 1876 σθαι
299 1822 393 1875 τὸν
431 1821 585 1883 Θεὸν,
615 1819 711 1874 καί⁵
732 1817 904 1883 οὕτως
932 1819 1073 1890 ὑπὲρ
1101 1818 1195 1874 τοῦ
1236 1817 1389 1873 λαοῦ.
1424 1816 1556 1872 Είτα
1590 1818 1731 1873 κατὰ

144 1913 242 1985 τὴν
273 1912 493 1983 ἐντολὴν
515 1911 608 1966 τοῦ
642 1912 845 1983 Κυρίου
876 1911 1154 1980 λέγοντος·
1199 1931 1217 1964 ι
1244 1912 1557 1982 Καθάρισον
1580 1911 1730 1981 πρῶ-

141 2024 234 2059 τον
255 2006 317 2058 τὸ
342 2006 491 2069 ἐντὸς
525 2005 617 2059 τοῦ
644 2005 926 2077 ποτηρίου,
963 2006 1057 2058 καὶ
1081 2004 1202 2058 τότε
1228 2004 1287 2058 τὸ
1337 2005 1514 2067 ἐκτός.
1552 2022 1571 2056 ι
1608 2003 1731 2066 Πῶς

141 2098 254 2170 γὰρ
272 2096 495 2152 δύναταί
526 2114 610 2160 τις
659 2096 1118 2166 ίλεωποιήσασθαι
1147 2095 1237 2148 τὸν
1287 2096 1419 2150 Θεὸν
1459 2095 1602 2166 ὑπὲρ
1628 2094 1727 2149 ἆλ-

140 2190 257 2252 λου,
303 2189 351 2240 εί
386 2188 459 2257 μὴ
494 2186 709 2255 πρῶτον
734 2187 875 2257 ὑπὲρ
900 2186 1092 2241 ἑαυτοῦ
1125 2202 1139 2251 ;
1190 2186 1348 2239 τοῦτο
1375 2185 1484 2257 γὰρ
1520 2185 1614 2239 καὶ
1636 2183 1726 2238 νό-

145 2280 314 2349 μιμόν
348 2282 515 2344 ἐστιν,
564 2276 745 2340 καθώς
772 2294 935 2348 φησιν
957 2279 985 2331 ὁ
1010 2278 1251 2346 Μωῦσῆς
1302 2277 1437 2347 πρὸς
1487 2275 1731 2347 Ἀαρὼν,

137 2371 232 2425 τὸν
252 2369 479 2436 ἀδελφὸν
499 2368 686 2421 αὐτοῦ’
715 2386 732 2419 ι
755 2368 1127 2438 Προσένεγκαι
1144 2368 1204 2420 τὸ
1223 2368 1585 2439 ὁλοκαύτωμά
1614 2385 1731 2435 σου,

140 2460 236 2513 καί⁵
260 2458 481 2529 ἐξιλάσῃ
504 2457 631 2529 περὶ
647 2457 808 2510 αὐτοῦ
834 2457 929 2511 καὶ
945 2457 1038 2509 τοῦ
1060 2457 1208 2511 ιῐκου
1238 2474 1354 2523 σου,
1372 2459 1465 2510 καὶ
1482 2458 1728 2526 ποιήσεις

139 2551 395 2619 τὶδῶρα
439 2550 567 2618 περὶ
621 2548 714 2601 τοῦ
746 2547 899 2613 λαοοῖ,
934 2547 1027 2602 καὶ
1055 2548 1276 2618 ἐξιλάσῃ
1306 2549 1433 2618 περὶ
1462 2547 1658 2601 αὐτοῦ·
1699 2566 1719 2599 ι

139 2643 304 2714 δῆλον
323 2642 378 2694 δὲ
401 2643 481 2695 ὅτι
508 2643 596 2695 ὅτε
625 2641 811 2695 ἑαυτὸν
839 2639 1148 2710 ἐκάθαιρεν,
1183 2641 1274 2694 καὶ
1311 2641 1436 2705 τοὺς
1467 2640 1725 2707 οἰκείους,

140 2735 264 2788 τότε
308 2734 491 2787 λοιπὸν
550 2733 753 2801 ἐξάρας
808 2730 1022 2803 Ἀαρὼν
1053 2731 1152 2794 τὰς
1193 2732 1387 2801 χεῖρας
1431 2731 1724 2799 εὐλόγησεν

141 2826 236 2878 τὸν
277 2825 426 2880 λαόν.
471 2825 529 2877 '0
556 2824 611 2876 δὲ
642 2822 929 2892 ἰεζεχιὴλυ,
983 2822 1249 2893 περὶτῶν
1299 2821 1491 2891 ἱερέων
1523 2822 1723 2892 ἔφησεν

140 2914 343 2979 οὕτως,
386 2934 404 2966 ι
443 2910 597 2969 Οἶνον
629 2914 704 2985 μὴ
726 2915 920 2967 πίωσιν
968 2916 1077 2978 πᾶς
1119 2915 1315 2986 ἱερεὺς,
1348 2916 1408 2969 ὲν
1439 2913 1515 2983 τῷ
1540 2915 1725 2966 είσπο-

1838 1819 2022 1876 ﬂectat
2054 1829 2111 1876 et
2149 1821 2480 1890 repropitiet
2541 1818 2805 1873 sacerdos
2828 1836 2840 1871 :
2867 1826 3031 1887 atque
3063 1817 3271 1871 utinam
3299 1816 3410 1871 sic:

1837 1912 2039 1968 deinde
2065 1928 2167 1983 pro
2196 1912 2583 1983 populi,juxta
2614 1909 2833 1965 Domini
2867 1908 3186 1963 mandatum
3223 1908 3415 1962 dicen-

1839 2005 1909 2060 tis
1941 2023 1954 2059 :
2006 2024 2024 2057 ι
2051 2004 2249 2060 Munda
2279 2004 2435 2074 prius
2462 2003 2610 2073 quod
2648 2002 2797 2057 intus
2842 2011 2927 2057 est
2958 2001 3168 2067 calicis,
3202 2008 3253 2055 et
3283 2010 3414 2055 tunc

1836 2096 1984 2167 quod
2030 2096 2241 2152 deforis
2274 2097 2314 2149 ’.
2361 2115 2379 2148 ι
2436 2094 2541 2162 Qui
2590 2095 2737 2149 enim
2790 2093 2965 2164 possit
3015 2108 3160 2147 unus
3211 2092 3413 2162 aliquis

1838 2189 1980 2243 irato
2021 2189 2318 2244 adversum
2369 2203 2428 2242 se
2471 2188 2585 2242 Dco
2631 2203 2695 2241 ac
2732 2186 2875 2240 male
2906 2184 3146 2255 prepitio
3178 2199 3277 2253 pro
3311 2199 3413 2253 po-

1835 2280 1951 2345 puli
1995 2293 2227 2335 exorare
2276 2278 2555 2350 peccatis?
2584 2277 2734 2333 Oﬁ'er
2776 2278 3194 2332 bolocaustoma
3231 2286 3409 2339 tuum,

1834 2383 1891 2427 et
1948 2372 2155 2443 populo
2204 2368 2535 2425 conciliabis
2588 2354 2857 2440 placabile
2909 2384 3135 2422 numen.
3188 2366 3416 2434 Liquet,

1833 2463 1981 2533 quod
2018 2464 2064 2517 si
2105 2462 2152 2517 is
2199 2462 2439 2532 primum
2484 2475 2611 2515 suas
2659 2460 2811 2514 cluat
2857 2459 3071 2524 sordes,
3132 2458 3325 2527 utique
3356 2466 3415 2512 et

1832 2554 2167 2610 domesticos
2212 2552 2563 2624 expurgabit.
2604 2552 2761 2607 Tunc
2806 2551 3090 2619 deinceps,
3142 2550 3218 2604 ait
3264 2549 3412 2604 Scri-l

1830 2654 2012 2717 ptura,
2040 2646 2273 2701 elevatis
2304 2645 2488 2700 Aaron
2514 2643 2772 2698 manibus
2802 2642 3095 2696 benedi'cet
3132 2641 3335 2712 populo
3364 2645 3413 2694 ³.·

1830 2737 2087 2793 Ezechiel
2144 2737 2378 2807 proinde
2408 2734 2475 2799 ad
2506 2736 2656 2790 hunc
2686 2734 2909 2790 locutus
2958 2743 3046 2788 est
3082 2734 3307 2788 modum
3339 2733 3409 2788 de

1828 2828 2115 2883 sacerdote
2152 2844 2165 2880 :
2206 2846 2225 2878 ι
2260 2828 2465 2882 Vinum
2508 2841 2621 2879 non
2656 2825 2815 2879 hibet
2847 2823 3128 2889 sacerdos,
3185 2824 3408 2893 quando

1827 2917 2141 2989 ingreditur
2169 2918 2373 2973 atrium
2399 2917 2636 2973 interius
2661 2915 2705 2969 ’⁵.
2739 2934 2758 2966 ι
2792 2915 3091 2984 Apostolus
3128 2915 3258 2970 item
3292 2915 3405 2970 ait:

142 3006 395 3076 ρεύεσθαι
426 3006 623 3067 αὐτοὺς
647 3006 725 3069 είς
754 3005 850 3076 τὴν
875 3005 1042 3076 αὐλὴν
1075 3005 1171 3077 τὴν
1199 3004 1492 3076 ἐσωτέραν.
1538 3023 1555 3056 ι
1610 3004 1717 3059 Καὶ

1833 3030 1851 3063 ι
1887 3010 2361 3078 Quemadmodum
2404 3009 2655 3079 pontifex
2682 3008 2839 3078 prius
2869 3023 2970 3077 pro
3000 3008 3244 3077 peccatis
3274 3024 3405 3089 pro-5

137 3102 167 3152 ὁ
209 3098 536 3161 Ἀπὸστολος
561 3113 573 3126 ·
606 3116 628 3148 ι
665 3098 873 3165 Ὥσπερ
924 3099 973 3151 of.
1004 3098 1299 3168 ἀρχιερεῖς,
1357 3098 1541 3168 φησὶν,
1589 3098 1721 3166 πρό-

136 3207 297 3261 τερον
327 3188 467 3258 ὑπὲρ
498 3190 604 3243 τῶν
638 3189 784 3243 ίδίων
806 3189 1087 3259 ἁμαρτιῶν
1117 3188 1309 3252 θυσίας
1331 3189 1717 3260 ἀναφέρουσιν,

138 3282 332 3335 ἔπειτα
366 3281 505 3352 ὑπὲρ
527 3280 637 3334 τῶν
668 3280 761 3334 τοῦ
789 3280 918 3334 λαοῦ
954 3282 1332 3352 ἀγνοημάτων.
1361 3300 1380 3334 ι
1406 3312 1481 3324 -
1500 3300 1518 3334 ε
1552 3281 1612 3335 '0
1637 3281 1722 3335 νό-

140 3388 242 3440 μος
271 3372 402 3444 γὰρ,
426 3372 610 3440 φησιν.
646 3371 964 3440 καθίστησιν
992 3373 1269 3443 ἀρχιερεῖς
1312 3373 1536 3443 ἔχοντας
1560 3372 1721 3426 ἀσθέ-

137 3480 310 3515 νειαν.
351 3482 368 3515 ι
399 3465 505 3516 Καὶ
535 3461 723 3524 αὖθις·
760 3482 777 3513 ι
812 3464 927 3525 Πᾶς
955 3463 1062 3533 γὰρ
1095 3464 1381 3533 ἀρχιερεὺς
1414 3463 1473 3529 ἐξ
1512 3461 1719 3534 ἀνθρώ-

136 3573 256 3611 πων
292 3557 725 3627 λαμόανόμενος,
760 3557 919 3625 ὑπὲρ
942 3540 1244 3627 ἀνθρώπων
1273 3556 1599 3611 καθίσταται
1651 3558 1719 3612 τὰ

130 3650 274 3719 ’πρὸς
301 3649 393 3702 τὸν
449 3648 600 3711 Θεὸν,
648 3648 738 3701 ἵνα
789 3649 1071 3720 προσφέρῃ
1116 3648 1263 3720 δῶρά
1287 3666 1346 3702 τε
1398 3651 1493 3702 καὶ
1526 3649 1717 3713 θυσίας

136 3740 281 3810 ὑπὲρ
341 3739 675 3811 ἁμαρτιῶν,
753 3740 1137 3809 μετριοπαθεῖν
1201 3739 1539 3808 δυνάμενος,
1602 3742 1714 3804 τοῖς

135 3829 421 3898 ἀγνοοῦσιν
464 3829 557 3883 καὶ
596 3830 989 3898 πλανωμένοις.
1026 3830 1181 3883 Ἐπεὶ
1222 3831 1316 3883 καὶ
1362 3831 1522 3895 αὐτὸς
1554 3832 1711 3898 περί-

135 3937 313 3974 κειται
341 3920 642 3987 ἁσθένειαν,
683 3921 776 3973 καὶ
794 3919 880 3973 διὰ
913 3920 1117 3989 ταύτην
1139 3920 1340 3989 ὀφείλει
1369 3920 1550 3986 καθὼς
1573 3922 1714 3993 ὑπὲρ

132 4011 227 4064 τοῦ
287 4010 417 4064 λαοῦ
446 4009 616 4074 οὕτως
664 4012 757 4064 καὶ
802 4013 931 4082 πέρι
977 4011 1169 4064 ἑαυτοῦ
1203 4013 1530 4082 προσφέρειν
1574 4014 1712 4085 ὑπὲρ

135 4100 442 4171 ἁμαρτιῶν.
472 4120 490 4153 ι
525 4102 615 4153 Δεῖ
640 4096 844 4168 οὖν,ὼς
876 4103 1109 4173 εἴρηται,
1131 4102 1223 4155 τὸν
1260 4103 1592 4173 καλούμενον
1607 4105 1713 4158 ὑπὸ

131 4190 226 4243 τοῦ
254 4190 412 4253 Θεοῦ,
449 4192 529 4254 είς
561 4192 622 4245 τὸ
648 4192 979 4263 προσφέρειν
1011 4192 1158 4263 δῶρα
1214 4193 1306 4246 καὶ
1335 4193 1525 4258 θυσίας
1572 4195 1711 4268 ὑπὲρ

131 4281 225 4335 τοῦ
260 4282 420 4346 λαοῦ,
458 4282 674 4353 πρῶτον
710 4282 811 4353 τὴν
863 4283 1057 4335 ἑαυτοῦ
1088 4282 1264 4354 ψυχὴν
1317 4286 1413 4338 καὶ
1458 4285 1519 4338 τὸ
1550 4286 1709 4357 σῶμα

1824 3104 1968 3174 priis
2009 3103 2247 3158 hostiam
2296 3101 2481 3166 offert,
2514 3100 2716 3156 deinde
2755 3115 2856 3170 pro
2896 3101 3086 3170 populi
3130 3100 3173 3154 ⁵.
3200 3119 3218 3152 ι
3261 3101 3405 3155 Dicit

1822 3195 1969 3250 enim
2007 3213 2019 3248 :
2066 3213 2085 3246 ι
2115 3194 2228 3249 Lex
2254 3192 2545 3249 constituit
2570 3191 2866 3263 pontiﬁces
2900 3191 3279 3246 infirmitatem
3305 3192 3405 3247 ha-

1821 3288 2077 3344 bentes'.
2105 3307 2124 3340 ι
2147 3288 2396 3343 Rursus:
2430 3306 2449 3338 ι
2475 3285 2668 3342 Omnis
2696 3286 2842 3341 enim
2868 3284 3114 3355 pontifex
3137 3285 3403 3340 cxhomi;

1820 3379 1987 3434 nibus
2021 3388 2361 3447 assumptus,
2414 3394 2516 3448 pro
2566 3377 2889 3433 hominibus
2936 3378 3303 3433 constituitur
3342 3379 3401 3432 in

1822 3470 1889 3525 iis
1938 3484 2061 3539 qua:
2104 3477 2234 3524 sunt
2278 3470 2357 3523 ad
2394 3470 2592 3535 Deum,
2625 3480 2687 3525 ut
2725 3469 2928 3525 offerat
2957 3470 3101 3524 dona
3126 3477 3183 3525 ct
3226 3470 3402 3525 sacri-

1820 3560 1945 3617 ficia
1988 3576 2091 3631 pro
2136 3561 2412 3630 peccatis;
2452 3560 2545 3630 qui
2598 3562 2896 3617 condolerc
2942 3562 3119 3633 possit
3174 3561 3242 3616 iis
3303 3562 3399 3631 qui

1820 3652 2077 3723 ignorant
2130 3660 2187 3708 et
2218 3661 2406 3707 errant
2446 3668 2461 3705 :
2495 3653 2710 3722 1226
2750 3655 3013 3721 quoniam
3048 3664 3105 3709 et
3138 3655 3255 3725 ipse
3290 3650 3401 3709 cin-

1818 3742 2111 3797 cumdatus
2131 3752 2216 3797 est
2234 3742 2578 3807 inﬁrmitate,
2600 3750 2654 3797 et
2672 3752 2964 3812 propterea
2986 3744 3174 3808 debet,
3201 3761 3396 3814 quem-

1818 3834 2113 3889 admodum
2164 3850 2268 3903 pro
2290 3835 2498 3904 populo
2525 3875 2539 3898 ,
2567 3834 2643 3890 ita
2668 3834 2835 3889 etiam
2873 3844 2929 3890 et
2968 3851 3069 3906 pro
3099 3838 3399 3907 semetipso

1816 3925 2020 3981 offerre
2052 3941 2154 3996 pro
2184 3928 2429 3997 peccatis
2464 3928 2539 3981 7.:
2592 3927 2663 3983 Ut
2690 3928 2859 3998 igitur
2884 3928 3094 3984 dictum
3130 3928 3267 3983 mihi
3298 3945 3395 3985 su-

1815 4019 2005 4088 perius
2059 4026 2163 4084 est,
2216 4034 2445 4075 necesse
2499 4021 2573 4076 sit
2622 4036 2749 4075 cum
2796 4021 2889 4090 qui
2926 4021 2992 4075 ad
3042 4021 3095 4075 id
3146 4022 3393 4077 muner?s

1814 4111 1929 4165 Deo
1967 4120 2200 4167 vocante
2232 4112 2547 4177 asciscitur,
2594 4113 2796 4167 oﬁ‘erre
2845 4113 2990 4168 dona
3037 4123 3087 4168 ct
3125 4116 3393 4169 sacriﬁcia

1814 4217 1913 4271 pro
1954 4203 2208 4271 populo:
2258 4203 2413 4273 prius
2463 4211 2644 4259 tamen
2697 4205 2863 4260 debet
2908 4205 2956 4261 is
3005 4221 3159 4260 suam
3218 4206 3392 4276 ipsius

1813 4294 2073 4359 animam,
2111 4309 2313 4364 corpus
2359 4295 2489 4350 item
2532 4299 2755 4367 expiare
2781 4299 2850 4353 ab
2881 4300 3033 4354 omni
3070 4299 3201 4355 faece
3232 4299 3389 4354 inve-

132 4375 430 4446 καθαρίσαι
470 4376 576 4429 ἀπὸ
598 4376 718 4429 ὅλου
747 4374 842 4428 τοῦ
874 4375 1105 4429 παλαιοῦ
1133 4376 1445 4447 ἀνθρώπου,
1481 4375 1580 4433 εἷθ’
1612 4379 1708 4433 οὗ·

1823 4385 1971 4440 Lcrati
1996 4385 2259 4451 hominis,
2291 4387 2500 4441 utinam
2527 4404 2628 4457 pro
2650 4389 3021 4460 aliisqnoquc
3052 4389 3216 4456 ausit,
3246 4390 3386 4444 nihil

130 4481 238 4529 τως
278 4466 550 4536 τολμῆσαι
570 4466 667 4528 τὰς
697 4466 837 4537 ὑπὲρ
864 4465 1037 4520 ἄλλων
1057 4467 1351 4538 πρεσϐείας
1379 4473 1705 4543 προσφέρειν

130 4553 208 4625 τῷ
239 4553 390 4625 Θεῷ’
433 4556 526 4608 καὶ
569 4553 853 4625 μιμεῖσθαι
900 4556 989 4610 τὸν
1031 4557 1205 4627 μέγαν
1239 4561 1499 4631 ἀρχιερέα
1531 4563 1705 4633 Ζαχα-

134 4645 255 4717 ρίαν
284 4645 374 4698 τὸν
394 4648 604 4717 πατέρα
619 4647 712 4700 τοῦ
730 4647 1066 4719 Προδρόμου.
1098 4645 1231 4703 «Ἦν
1255 4652 1378 4721 γὰρ,
1414 4654 1597 4723 φησιν,
1625 4655 1697 4708 6t-

132 4752 307 4801 καιος,
340 4737 706 4807 πορευόμενος
732 4739 790 4791 ἐν
841 4740 1040 4802 πάσαις
1068 4744 1188 4804 ταῖς
1217 4743 1456 4809 ἐντολαῖς
1481 4747 1577 4799 καὶ
1592 4751 1704 4813 τοῖς

129 4826 494 4898 δικαιώμασιν
533 4828 627 4882 τοῦ
670 4830 874 4901 Κυρίου
925 4832 1248 4902 ἀμέμπτως.
1285 4835 1532 4903 Ἐγένετο
1564 4839 1620 4893 δὲ
1648 4842 1705 4894 ἐν

128 4918 208 4987 τῷ
233 4914 533 4990 ἱερατεύειν
556 4922 737 4984 αὐτὸν,
783 4922 1030 4992 εἰσῆλθεν
1066 4925 1160 4977 τοῦ
1202 4925 1468 4996 θυμιᾶσαι
1507 4931 1586 4995 είς
1616 4933 1706 4987 τὸν

130 5008 276 5074 ναὸν,
305 5011 398 5064 καὶ
430 5006 497 5082 ἦν
524 5013 629 5065 πᾶν
651 5011 709 5064 τὸ
739 5011 935 5082 πλῆθος
961 5011 1065 5078 ἔξω
1096 5022 1122 5052 ο
1176 5020 1606 5089 προσευχόμενον
1648 5025 1707 5078 ὲν

128 5097 207 5168 τῷ
237 5100 414 5171 καιρῷ
447 5100 539 5154 τοῦ
572 5101 932 5171 θυμιάματος.
968 5103 1143 5174 Ὠφθη
1187 5105 1243 5158 δὲ
1271 5108 1421 5180 αὐτῷ
1443 5110 1703 5178 ἄγγελλος

130 5189 338 5260 Κυρίου
370 5191 539 5255 ἑστὼς
582 5195 645 5247 ὲκ
676 5193 862 5260 δεξιῶν
907 5192 999 5247 τοῦ
1041 5195 1424 5269 θυσιαστηρίου
1448 5214 1464 5231 ⁸
1493 5203 1589 5255 καί.
1619 5199 1700 5256 εἴ·

132 5294 253 5334 πεν’
276 5300 297 5334 ι
323 5283 416 5354 Μὴ
442 5283 630 5353 φοϐοῦ,
664 5285 925 5355 Ζαχαρία,
948 5286 1081 5340 διότι
1101 5288 1427 5363 εἰσηκούσθη
1517 5292 1701 5364 δέησίς

1808 4475 2018 4547 dispari
2052 4476 2330 4547 legatione
2355 4478 2701 4548 perfunctus,
2731 4480 3156 4551 deprecationes
3185 4482 3399 4536 offerre

1806 4569 1952 4623 Deo:
1982 4584 2049 4623 ac
2078 4568 2340 4624 imitetur
2360 4571 2624 4626 eximium
2657 4573 2811 4628 illum
2835 4574 3150 4644 pontiﬁcem
3184 4575 3389 4631 Zacha-

1808 4659 1946 4714 riam
1975 4661 2335 4730 prmcursoris
2353 4671 2589 4732 patrem.
2616 4664 2693 4720 De
2726 4665 2834 4720 hoc
2860 4666 3009 4720 enim
3044 4674 3388 4721 contestatur

1810 4752 2099 4824 Scriptura
2129 4756 2171 4820 ⁸,
2199 4756 2327 4825 quia
2355 4764 2475 4812 erat
2499 4759 2705 4828 justus,
2742 4758 3010 4814 incedens
3042 4758 3096 4813 in
3129 4758 3387 4815 omnibus

1808 4843 2085 4898 mandatis
2113 4844 2681 4915 etjustiﬁcationibus
2724 4849 2944 4904 Domini
2977 4849 3101 4905 sine
3133 4850 3381 4919 querela.

1807 4934 2034 4989 Factum
2066 4942 2153 4989 est
2198 4951 2324 4991 cum
2378 4939 2693 4995 sacerdotio
2718 4940 3064 5012 fungeretur,
3098 4938 3381 5012 ingressus

1806 5034 1892 5079 est
1938 5025 2291 5096 in-templum
2324 5037 2386 5083 ut
2417 5029 2707 5087 incensum
2745 5042 2997 5102 poneret,
3031 5041 3088 5087 et
3118 5041 3238 5088 erat
3263 5048 3384 5087 om-

1809 5114 1896 5169 nis
1935 5116 2237 5172 multitudo
2279 5126 2610 5189 exspectans
2647 5126 2776 5174 eum
2819 5119 2977 5185 foris,
3011 5127 3263 5190 tempore
3296 5119 3383 5172 in-

1807 5205 1981 5260 censi.
2020 5206 2295 5277 Apparuit
2325 5217 2512 5264 autem
2543 5209 2625 5264 illi
2681 5211 2914 5281 angelus
2969 5208 3189 5265 Domini
3228 5217 3385 5264 stans

1808 5313 1839 5352 a
1880 5297 2089 5355 dextris
2114 5300 2326 5365 altaris,
2353 5310 2410 5355 et
2443 5301 2582 5357 dixit
2610 5321 2625 5356 :
2672 5321 2691 5354 ς
2722 5302 2802 5357 Ne
2843 5302 3063 5368 timeas,
3090 5300 3380 5365 Zacharia,

203 5421 218 5452 ¹
257 5421 449 5504 Matth.
477 5437 594 5487 vni,
704 5492 734 5504 _
757 5423 777 5453 ’
811 5421 1001 5504 Illa'tth.
1038 5438 1188 5504 xxiii,
1216 5427 1306 5481 26.
1382 5428 1401 5459 ⁸
1440 5429 1616 5485 chit.
1647 5447 1721 5499 lx,
1754 5430 1843 5486 22.
1919 5433 1940 5464 "
1972 5434 2171 5489 Ezech.
2206 5452 2348 5504 κων,
2376 5437 2467 5491 21.
2545 5440 2565 5471 ⁸
2595 5438 2761 5492 Hebr.
2802 5438 2980 5497 “1‘27.
3027 5438 3047 5469 ⁸
3081 5436 3250 5492 Hebr.
3283 5452 3377 5501 vn,

130 5484 220 5545 28.
299 5492 318 5522 ⁷
348 5492 516 5547 llebr.
548 5484 603 5557 γ’,
639 5492 755 5545 1-5.
834 5490 855 5519 ⁸
886 5491 1019 5546 Luc.
1051 5509 1088 5556 ι,
1117 5493 1147 5546 ﬁ
1175 5484 1297 5566 Seq.

1410 5604 1642 5663 VARI/E
1688 5609 2090 5667 LECTIONES.
2194 5678 2199 5681 _

204 5700 706 5778 ξηροσδεχᾴμενον.
736 5702 960 5772 Vulgata
988 5702 1159 5778 editio
1206 5701 1358 5778 legit,
1385 5719 1558 5778 armis:
1590 5706 1928 5778 Augustinus
1995 5718 2176 5764 tamen
2217 5709 2284 5763 ab
2345 5711 2518 5766 altera
2583 5711 2671 5767 illa
2729 5712 2968 5768 lectione
3015 5712 3234 5768 videtur
3260 5724 3369 5764 non

133 5768 1175 5842 abhorrere,'Qumstioaunfcvangelio.
1206 5772 1241 5827 l.
1268 5768 1339 5839 ill,
1376 5789 1490 5843 cap.
1530 5773 1579 5827 1.

3391 5957 3435 5977 ο
