3898 6304
140 296 303 364 1813

938 304 1264 364 HOMle
1302 305 1506 366 CXXI.
1537 330 1602 341 -
1637 308 1733 368 DE
1776 308 2192 367 DIGNITATE
2232 305 2684 366 PONTIFICKA.

3294 296 3429 361 13H

132 416 212 467 αἱ
260 416 601 470 δικαιοσύναι
658 417 823 472 αὑτοῦ
874 417 940 482 ἃς
994 420 1248 489 εποίησεν
1278 436 1290 447 ο
1351 422 1445 473 καὶ
1498 421 1560 473 τὸ
1603 417 1742 491 αἷμα

1853 448 1976 487 eum
2000 430 2230 486 ".rEt:
2267 448 2286 481 (
2314 428 2394 483 Tu
2422 429 2464 481 si
2500 425 3079 497 probibucrisjustum
3120 434 3185 473 ne
3210 429 3422 486 percei,

132 508 331 562 αὐτοῦ
372 511 437 563 ἐκ
462 509 564 580 τῆς
598 511 780 581 χειρός
814 528 909 563 σου
937 512 1247 582 ἀπαιτήσω,
1275 513 1357 566 ὅτι
1383 515 1442 566 οὺ
1474 514 1747 568 διεστείλω

131 599 329 670 αὐτῷ.
369 620 388 652 ι
429 603 553 665 Καὶ,
593 620 612 653 ι
638 604 713 655 Σὺ
766 602 861 656 ἐὰν
888 603 1166 677 διαστείλῃ
1327 605 1521 677 δικαίῳ
1548 608 1640 661 τοῦ
1672 609 1746 678 μὴ

133 690 525 761 ἁμαρτάνειν,
560 693 673 762 ζωῇ
728 693 976 763 ζήσεται,
1006 696 1103 748 καὶ
1158 697 1222 748 σὺ
1272 697 1372 767 τὴν
1424 697 1602 771 ψυχήν
1652 718 1745 753 σου

138 781 324 854 ρὑῃ.
367 803 384 828 ι
416 783 528 837 Καὶ
583 784 779 852 ἐπάγει
807 803 820 817 ο
866 805 884 836 ι
920 788 1004 839 Ζῶ
1054 785 1186 855 ἐγὼ,
1218 788 1370 856 λέγει
1402 791 1633 863 Κύριος,
1666 795 1747 846 ὅτι

132 873 213 926 οὐ
247 873 391 927 θέλω
420 875 512 928 τὸν
545 876 776 930 θάνατον
796 875 890 929 τοῦ
923 878 1271 948 ἁμαρτωλοῦ,
1298 880 1372 945 ὡς
1402 883 1463 935 τὸ
1491 885 1745 955 ἐπιστρέ-

132 964 254 1033 ψαι
300 967 395 1018 καὶ
420 968 519 1037 ζῇν
546 968 731 1021 αὐτόν.
776 986 799 1019 ι
833 968 898 1020 Τί
953 968 1011 1022 δέ
1046 987 1213 1038 φησιν
1242 972 1271 1023 6
1306 972 1509 1043 Κύριος
1535 975 1613 1044 τῷ
1646 976 1748 1029 Ιιέ-

132 1072 272 1126 τρῳ
299 1073 316 1121 ;
347 1075 365 1108 ι
416 1058 554 1110 Ὅσα
587 1056 652 1110 ἂν
682 1058 881 1128 δήσητε
915 1059 1008 1113 ἐπὶ
1032 1061 1134 1130 τῆς
1162 1062 1286 1130 γῆς,
1313 1062 1467 1116 ἔσται
1490 1065 1747 1137 δεδεμένα

135 1146 213 1198 ὲν
246 1149 360 1209 τοῖς
415 1146 685 1215 οὐρανοῖς.
736 1167 754 1198 ι
794 1148 938 1219 ’Ὅρα
998 1151 1244 1220 ῥήματος
1300 1153 1531 1224 δύναμιν
1572 1174 1585 1188 ·
1649 1159 1749 1212 οὐκ

138 1229 338 1298 εἶπεν,
406 1237 544 1289 ’Ὅσα
602 1236 668 1289 ἂν
705 1238 875 1309 δήσῃς
906 1239 1000 1293 ἐπὶ
1033 1241 1131 1310 τῆς
1156 1243 1280 1310 γῆς,
1313 1243 1466 1297 ἔσται
1492 1245 1749 1315 δεδεμένα

138 1325 252 1377 ἐπὶ
267 1325 369 1393 τῆς
391 1329 514 1396 γῆς,
536 1327 672 1389 ἀλλ’,
700 1347 718 1378 ι
750 1328 891 1382 Ὅσα
918 1329 982 1383 ἂν
1013 1331 1182 1402 δήσῃς
1211 1332 1416 1402 ὲπὶτῆς
1443 1334 1570 1403 γῆς,
1598 1337 1750 1390 ἔσται

136 1414 425 1484 δεδεμένα
475 1420 531 1469 έν
566 1420 678 1479 τοῖς
723 1419 977 1489 οὐρανοῖς
1008 1437 1024 1452 ο
1061 1440 1080 1473 ›
1123 1422 1209 1474 ἵνα
1277 1424 1371 1477 καὶ
1409 1425 1579 1478 ποιῶν
1603 1427 1748 1480 ἁκοιο

137 1505 476 1578 νώνητον,ἣ
514 1510 824 1581 κωλύων,ἣ
885 1511 1196 1582 καθαιρῶν,
1226 1514 1457 1586 φοϐερὸν
1503 1516 1645 1587 ἔχοις
1692 1519 1752 1571 τὸ

142 1599 421 1666 πρᾶγμα,
448 1600 525 1662 ὡς
585 1600 877 1671 σύμψηφον
933 1602 1114 1657 καλῶν
1167 1606 1276 1658 τῶν
1321 1606 1453 1659 Θεόν
1482 1626 1494 1641 ·
1523 1608 1598 1672 ὡς
1647 1609 1751 1663 ὑπὸ

144 1688 406 1759 μάρτυρι
441 1691 532 1743 τοῦ
561 1691 619 1745 ἐν
640 1694 1083 1762 οὐρανοῐςτοῦτο
1138 1695 1307 1749 ποιῶν
1329 1713 1344 1727 °
1374 1701 1471 1753 καὶ
1493 1701 1521 1753 6
1548 1701 1753 1755 κωλυῦ-

145 1794 324 1847 μενος
351 1779 382 1849 ἢ
408 1782 844 1854 καθαιρούμενος
872 1785 1109 1856 φρίττοι,
1149 1787 1225 1851 ὡς
1263 1788 1370 1853 ἔξω
1420 1790 1746 1863 βαλλόμενος

138 1866 408 1937 οὐρανῶν
473 1870 772 1940 βασιλείας.
823 1874 987 1944 Ὅρα,
1041 1878 1312 1945 φησιν,τί
1362 1882 1647 1949 πράττεις,
1702 1879 1746 1937 ὦ

147 1958 335 2026 ἱερεῦ,
369 1959 405 2014 ὃ.
462 1962 614 2016 κάτω
646 1963 870 2029 δεσμεῖς
892 2004 906 2027 ,
935 1966 1048 2020 ἄνω
1076 1966 1483 2036 λογοοετεῖσθαι
1513 1976 1745 2043 προσδό-

146 2058 335 2110 κησον
363 2061 374 2073 ·
407 2045 508 2098 οὐκ
558 2048 705 2100 ἔστιν
757 2049 1050 2115 ἀνεύθυνος
1095 2054 1123 2107 6
1153 2053 1372 2124 δεσμὸς,
1403 2056 1498 2109 ἐὰν
1544 2059 1745 2124 ἀδίκως

144 2130 468 2200 δεσμεύεις,
511 2133 940 2203 Ἐμερανίζεσθαι
993 2138 1102 2209 γὰρ
1137 2139 1351 2208 μέλλεις
1380 2142 1456 2211 τῷ
1485 2143 1594 2197 τῶν
1642 2145 1746 2213 ἅτ’

146 2220 339 2286 γέλων
373 2224 623 2294 σκρινίῳ.
650 2226 742 2278 Διὸ
775 2228 849 2298 μὴ
898 2226 1057 2298 θυμῷ
1083 2231 1179 2284 καὶ
1213 2230 1375 2284 πάθει
1407 2232 1499 2286 τὸν
1549 2234 1748 2305 δεσμὸν

146 2312 389 2379 ὲπάγοις
416 2330 430 2344 ο
467 2315 540 2386 μὴ
563 2314 638 2377 ὼς
665 2318 857 2370 ἑαυτὸν
892 2319 1145 2387 ἐκδικῶν,
1171 2321 1287 2376 ἀλλ’
1314 2321 1391 2385 ὡς
1416 2324 1620 2397 ἀρετὴν
1649 2329 1745 2381 ὲκ-

145 2402 347 2457 eum.
366 2404 601 2459 Ἔκδικεί
628 2408 733 2479 γὰρ
750 2408 841 2464 τὸν
864 2409 1064 2475 ἀδίκως
1087 2411 1306 2468 δεθέντα
1331 2416 1359 2467 6
1390 2416 1541 2484 Θεὸς,
1558 2420 1653 2473 ἐὰν
1674 2420 1748 2492 μὴ

147 2495 255 2548 τοῦ
286 2495 486 2567 δεσμοῦ
520 2503 933 2574 καταφρονήσῃ.
981 2503 1039 2555 '0
1061 2499 1155 2558 οὖν
1186 2505 1493 2577 εἱλικρινῶς
1527 2512 1749 2581 ποιμαί-

149 2604 268 2639 νων
295 2589 392 2658 τὴν
421 2589 658 2660 ποίμνην
681 2591 775 2645 τοῦ
799 2594 1058 2664 Χριστοῦ,
1089 2597 1269 2668 Στόμα
1298 2599 1432 2654 Θεοῦ
1463 2602 1745 2673 κέκληται.

149 2677 334 2745 Φησὶν
375 2679 485 2750 γάρ
512 2696 525 2710 ’
564 2699 583 2732 ι
635 2682 760 2736 Ἐὰν
795 2683 1071 2756 ὲξαγάγῃς
1102 2687 1283 2757 τίμιον
1313 2691 1373 2755 ὲξ
1398 2693 1647 2759 ἀναξίου,
1670 2696 1747 2760 ὡς

157 2769 341 2838 στόμα
402 2770 503 2840 μού
553 2772 674 2844 ἔσῃ.
710 2794 728 2825 ι
787 2777 974 2830 Ταῦτα
1032 2778 1125 2832 τοῦ
1173 2781 1427 2852 ἀληθινοῦ
1491 2789 1749 2858 ποιμένος

158 2860 337 2926 ἐστὶν,
375 2862 461 2916 ἵνα
494 2863 592 2933 τὴν
617 2865 798 2936 ψυχὴν
820 2867 987 2921 αὐτοῦ
1012 2869 1077 2941 θῇ
1102 2871 1241 2941 ὑπὲρ
1271 2873 1379 2925 τῶν
1406 2876 1746 2946 ἀρχομένων.

159 2952 228 3004 Εἰ
258 2952 315 3005 δὲ
372 2952 614 3022 ἀνάδύει,
649 2958 748 3029 τὴν
791 2959 951 3030 δίκην
979 2961 1163 3029 ὑφέξει
1193 2963 1287 3017 τοῦ
1323 2966 1618 3035 μισθωτοῦ,
1652 2973 1747 3025 τοῦ

161 3042 259 3096 διὰ
297 3044 390 3098 τοῦ
447 3046 613 3100 λύκου
648 3051 884 3118 φυγάδος
937 3055 1233 3124 γενομένου
1271 3072 1285 3087 ο
1313 3059 1407 3110 καὶ
1454 3060 1750 3117 ἀκούσεται

160 3133 323 3202 παρὰ
375 3135 470 3189 τοῦ
527 3138 920 3208 ἀρχιποιμένος
972 3141 1053 3207 τὸ,
1092 3162 1109 3193 ι
1149 3145 1264 3198 Οὐκ
1320 3146 1655 3222 ἐξεζήτησαν
1701 3156 1749 3208 οἱ

161 3224 424 3293 ποιμένες
448 3226 518 3279 τὰ
579 3228 826 3298 πρόϐατά
875 3249 998 3301 μου,
1038 3252 1056 3285 ι
1087 3234 1179 3288 καὶ
1229 3236 1536 3309 ὲϐὁσκησαν
1586 3244 1746 3298 αὐτά.

162 3318 300 3383 Καὶ,
341 3336 360 3368 ι
386 3319 705 3391 Ἐκζητήσω
731 3323 798 3376 τὰ
830 3325 1080 3396 πρόϐατὰ
1110 3345 1212 3397 μου
1248 3329 1312 3382 ἐκ
1334 3334 1434 3401 τῆς
1459 3335 1639 3405 χειρὸς
1655 3337 1752 3391 a6-

159 3408 295 3462 τῶν.
332 3428 351 3462 ι
389 3412 643 3466 Τοιοῦτόν
670 3432 722 3467 τι
772 3416 1101 3486 εὑρίσκομεν
1145 3421 1298 3491 παρὰ
1345 3423 1423 3493 τῷ
1452 3426 1747 3498 Εἰρηναίῳ.

160 3503 336 3572 Φησὶν
371 3504 481 3574 γὰρ
534 3507 664 3577 περὶ
713 3507 809 3561 τοῦ
842 3508 1108 3578 Θεολὸείου
1156 3513 1408 3567 Ἰωάννου
1440 3555 1454 3580 ,
1488 3516 1570 3570 ὅτι
1622 3518 1750 3573 ἰδών

162 3613 288 3648 τινα
317 3598 535 3651 νεανίαν
561 3599 948 3667 εὐφυέστατον,
972 3605 1357 3675 κατηχηθέντα
1382 3613 1511 3679 παρ’
1541 3612 1705 3666 αὑτοῦ
1735 3657 1748 3681 ,

162 3684 262 3737 καὶ
316 3685 703 3753 βαπτισθέντα,
757 3687 860 3761 ἔφη
908 3690 986 3761 τῷ
1031 3693 1128 3761 τῆς
1180 3694 1389 3760 πόλεως
1440 3699 1747 3773 ἐπισκόπῳ,

164 3774 368 3830 Τοῦτόν
404 3794 487 3830 σοι
516 3779 881 3850 παρατίθημι·
911 3781 1006 3835 καὶ
1029 3783 1404 3857 ἀπεδήμησεν.
1448 3790 1504 3843 '0
1526 3791 1583 3844 δὲ
1633 3794 1754 3846 ἐπί-

166 3879 397 3933 axon-oc,
424 3866 628 3936 πολλὴν
690 3869 948 3938 πρόνοιαν
1004 3873 1328 3943 ποιούμενος
1380 3877 1479 3931 τοῦ
1537 3882 1746 3949 παιδὸς,

164 3955 376 4024 ἧγαγεν
432 3958 595 4011 αὐτὸν
629 3961 708 4023 είς
742 3962 989 4033 μεγάλην
1038 3967 1344 4035 προκοπήν.
1379 3969 1647 4043 ’Ὕστερον
1691 3974 1748 4027 δὲ

164 4047 308 4100 κατὰ
347 4049 544 4119 μικρὸν
593 4051 833 4121 ἀμελῶν,
888 4054 1160 4121 ἐξέκλινεν
1202 4058 1306 4128 τῆς
1353 4060 1570 4127 εὐθείας
1601 4065 1745 4132 ὀδοῦ,

166 4135 310 4190 ὥστε
337 4139 591 4204 γενέσθαι
621 4141 784 4195 αὑτὸν
817 4144 1173 4217 ἀρχιλῃστὴν.
1223 4150 1426 4206 Ἐλθὼν
1465 4153 1523 4207 δὲ
1564 4157 1593 4209 6
1628 4156 1747 4210 θεο-

165 4226 343 4294 λόγος,
369 4231 566 4303 ἀπῄτει
622 4233 714 4287 τὸν
763 4235 1058 4291 ἐπίσκοπον
1090 4239 1190 4310 τὴν
1246 4246 1745 4321 παρακαταθήκην.

177 4319 237 4371 '0
259 4319 314 4373 δὲ
347 4322 587 4392 νομίζων
621 4326 880 4395 χρήματα
907 4329 1277 4397 ἀπαιτεῖσθαι,
1299 4334 1494 4406 ἠπόρει
1529 4341 1580 4392 τί
1615 4319 1748 4395 ἀπο-

166 4412 520 4480 λογήσασθαι,
551 4416 716 4484 μηδὲν
779 4420 1150 4489 κομισάμενος
1210 4427 1341 4495 παρ’
1391 4427 1578 4487 αὐτοῦ.
1610 4433 1743 4486 Τότε
1777 4439 1820 4493 D

167 4506 461 4578 προφανῶς
496 4505 643 4574 λέγει
673 4507 856 4578 αὐτῷ·
896 4510 1000 4563 Τὸν
1047 4514 1284 4580 νεανίαν,
1317 4516 1376 4568 ὃν
1427 4522 1747 4595 παρεθέμην

171 4610 271 4653 σοι,
299 4594 580 4659 ἀπόδος·λὸ
614 4597 671 4650 δὲ
702 4598 944 4667 κρούσας
976 4601 1075 4665 τὰς
1109 4608 1328 4676 χεῖρας,
1349 4607 1474 4678 ἔφη’
1513 4594 1748 4679 Ἐκεῖνος

168 4681 426 4755 τέθνηκεν
453 4701 468 4716 ο
499 4687 595 4739 καὶ
635 4688 934 4760 διηγήσατο
965 4693 1114 4764 αὐτῷ
1145 4694 1209 4749 τὰ
1245 4700 1366 4751 κατ’
1397 4701 1561 4755 αὐτόν
1587 4720 1600 4733 '
1634 4708 1661 4759 6
1690 4706 1748 4760 δὲ

181 4771 499 4869 Ἀπόστολος
535 4778 675 4847 μετὰ
705 4782 948 4854 μεγάλης
987 4786 1236 4857 οἰμωγῆς
1273 4789 1615 4862 πληξάμενος
1648 4798 1746 4869 τὴν

169 4864 428 4958 κεφαλὴν,
461 4866 601 4940 ἔφη’
633 4869 813 4925 Καλόν
860 4890 919 4926 σε
973 4876 1189 4942 φύλακα
1234 4878 1333 4948 τῆς
1381 4883 1474 4936 τοῦ
1511 4864 1743 4958 ἀδελφοῦ

169 4951 339 5025 ψυχῆς
372 4957 665 5013 κατέλιπον
698 4978 712 4994 ·
759 4963 856 5016 καὶ
906 4965 1107 5030 εὐθέως
1139 4968 1361 5039 ἐξῆλθεν
1402 4976 1481 5038 εἰς
1516 4978 1737 5034 ἐπεϐίω-

240 5132 534 5213 ’_'_Eze(_:b;
554 5154 704 5213 xviii,
735 5140 827 5195 24.
886 5144 930 5175 ’⁸
973 5143 1170 5201 Εῑοοῖι.
1196 5166 1383 5213 xxxm,
1412 5155 1462 5210 9.

173 5200 334 5266 ι,11.
415 5206 461 5237 ”
490 5200 700 5262 Ezecb.
730 5227 913 5280 xxxrv,
943 5215 996 5269 8.
1074 5218 1120 5249 ἐ
1152 5200 1408 5276 ibid-Hii.

1854 524 1966 575 vita
1987 522 2152 586 vivet,
2179 530 2233 575 et
2261 529 2314 573 tu
2340 521 2577 574 animam
2605 526 2751 570 tuam
2777 514 3040 569 liberabis
3061 512 3121 567 ".
3139 530 3155 562 ι
3183 510 3425 564 inducit:

1861 612 2030 668 «Vivo
2057 628 2177 683 ego,
2211 612 2347 666 dicit
2378 611 2667 671 Dominus,
2704 607 2832 678 quia
2867 590 3009 659 nolo-
3027 614 3261 658 mortem
3302 614 3431 661 pec-

1849 703 2053 757 caloris
2078 743 2092 767 ,
2149 703 2325 774 magis
2352 712 2533 758 autem
2576 712 2637 757 ut
2667 712 3023 757 convertatur
3060 714 3116 758 et
3144 704 3287 757 vivat
3311 705 3371 756 ⁸³.
3408 722 3424 751 ι

1852 795 2063 863 Ecquid
2099 795 2176 849 ait
2208 796 2478 850 Dominus
2510 796 2706 850 Petro?
2744 819 2757 844 ι
2790 794 3145 864 Quaecunque
3172 796 3434 865 ligaveris

1851 904 2017 959 super
2047 898 2275 954 terram,
2309 898 2474 945 erunt
2499 890 2665 960 ligata
2695 897 2754 944 et
2781 888 2836 942 in
2864 887 3099 942 coriis”.
3118 907 3135 939 ›
3158 888 3256 942 Vis
3277 888 3431 942 verbi

1852 982 2003 1035 illius
2032 997 2197 1051 quam
2216 983 2531 1051 operatoria
2547 982 2618 1035 sit
2634 995 2913 1051 quamque
2931 979 3142 1043 ciiicax,
3156 974 3431 1049 expende.

1850 1072 1970 1125 Non
1993 1073 2152 1125 dixit:
2181 1071 2534 1141 Quaecunque
2557 1071 2820 1141 ligaveris
2837 1086 3008 1137 super
3028 1078 3256 1133 terram,
3275 1080 3438 1122 erunt

1850 1162 2010 1230 ligata
2025 1163 2077 1216 in
2095 1160 3014 1230 terra,sed,Qua‘.cunqueligaveris
3029 1167 3433 1228 superterram.

1853 1259 2017 1305 erunt
2060 1253 2228 1323 ligata
2273 1255 2330 1306 in
2360 1253 2536 1307 caelis.
2596 1251 2756 1314 Vide,
2788 1251 3047 1319 inquam,
3081 1249 3337 1311 solerter,
3375 1257 3437 1301 ut

1853 1338 1987 1392 dum
2004 1341 2320 1410 quempiam
2345 1355 2581 1394 censura
2604 1336 3201 1392 excommunicationis
3222 1335 3437 1404 cogeris

1854 1426 2041 1492 ferire,
2073 1428 2205 1481 dum
2236 1443 2398 1482 arces
2427 1427 2618 1497 templi
2651 1426 2826 1490 aditu,
2856 1426 2989 1479 dum
3018 1424 3193 1495 gradu
3216 1423 3434 1493 dejieis.

1853 1518 2061 1573 habeas
2092 1533 2209 1572 rem
2234 1519 2379 1573 hanc
2407 1518 2627 1572 horrori
2656 1534 2669 1569 :
2693 1517 2900 1586 quippe
2929 1516 3024 1585 qui
3052 1516 3227 1569 Deum
3253 1514 3435 1583 ipsum

1854 1608 2093 1664 invoces
2131 1610 2423 1664 sententize
2466 1608 2564 1663 tali
2607 1617 2717 1662 tuae
2763 1606 3212 1678 suﬁ‘raganeum,
3277 1604 3435 1675 quasi

1854 1702 1951 1771 qui
1983 1701 2114 1756 dum
2145 1702 2263 1757 haec
2291 1701 2459 1767 facis,
2494 1709 2810 1757 cont-estere
2844 1699 3038 1755 eadem
3072 1699 3285 1754 sancita
3315 1713 3436 1753 esse

1855 1804 1912 1849 et
1961 1796 2016 1848 in
2063 1795 2241 1851 ccelis.
2296 1795 2365 1850 At
2393 1795 2620 1850 interim
2662 1794 3006 1849 inhorrescit
3034 1801 3184 1847 totus
3213 1793 3307 1863 qui
3333 1793 3438 1847 eli-

1855 1887 2101 1942 minatur
2130 1886 2323 1956 templi
2350 1885 2528 1953 aditu,
2552 1892 2648 1939 aut
2673 1884 2845 1957 gradu
2870 1883 3225 1949 deturbatur,
3256 1892 3318 1938 ut
3341 1883 3435 1952 qui

1857 1976 2131 2048 intelligat
2170 1976 2387 2032 excludi
2416 1992 2477 2031 se
2506 1991 2677 2047 regno
2708 1973 2999 2030 caelorum.
3046 1975 3209 2039 Vide,
3245 1990 3439 2029 rursus
3505 1988 3511 1993 ·

1856 2069 2130 2134 dixerim,
2176 2085 2209 2125 ο
2252 2069 2540 2135 sacerdos,
2576 2068 2709 2138 quid
2740 2084 2888 2139 agas.
2938 2067 3072 2134 Qum
3097 2068 3244 2123 enim
3272 2068 3437 2123 deor-

1858 2177 1981 2216 sum
2034 2162 2261 2217 vinculo
2321 2161 2564 2216 innectis
2594 2161 2712 2216 oris
2743 2161 2846 2225 tui,
2884 2171 3037 2216 certo
3073 2161 3173 2215 tibi
3203 2176 3438 2231 persua-

1856 2253 1948 2319 de,
1972 2255 2163 2309 eadem
2191 2254 2392 2309 sanciri
2419 2268 2642 2309 sursum
2670 2260 2726 2307 et
2753 2253 3101 2323 comprobari
3124 2271 3137 2307 :
3160 2269 3267 2308 non
3291 2252 3438 2307 enim

1856 2344 2144 2399 vinculum
2191 2344 2465 2416 ejusmodi
2512 2344 2740 2413 impune
2774 2344 2866 2406 it,-
2896 2343 2941 2398 si
2974 2342 3201 2413 quidem
3234 2343 3438 2412 injuste
3518 2341 3531 2354 '

1857 2437 2177 2505 quempiam
2224 2434 2505 2505 ligaveris.
2565 2433 2625 2488 l-n
2671 2433 3009 2489 consistorio
3037 2434 3189 2488 enim
3216 2433 3311 2487 illo
3337 2448 3438 2487 au-

1856 2527 2108 2596 gelorum
2165 2527 2516 2581 exactissime
2563 2528 2836 2584 rationem
2872 2529 3222 2597 repositurus
3252 2541 3332 2591 es,
3369 2543 3438 2580 ne

1856 2630 2023 2683 quem
2060 2615 2280 2669 vinculo
2314 2615 2688 2693 implicueris,
2737 2616 2818 2671 ira
2859 2626 2955 2671 aut
2987 2618 3185 2672 vitiosa
3215 2617 3324 2671 ulla
3355 2617 3437 2670 af-

1857 2707 2099 2763 fectione
2125 2708 2523 2765 incaudeseens
2555 2726 2568 2763 :
2600 2725 2713 2765 non
2739 2709 2871 2765 item
2902 2712 3060 2781 quasi
3089 2712 3331 2781 teipsum
3356 2712 3439 2764 ul-

1859 2800 2105 2866 ciscens,
2153 2802 2289 2870 quin
2322 2801 2509 2870 potius
2540 2802 2702 2871 quasi
2735 2818 2838 2872 pro
2869 2801 3073 2856 tuenda
3101 2802 3308 2855 virtute
3340 2801 3438 2855 dc-

1857 2903 2101 2951 certans.
2137 2897 2436 2952 Ulciscitur
2469 2897 2621 2952 enim
2658 2898 2807 2952 Deus
2857 2913 2921 2952 ac
2953 2896 3203 2951 defendit
3237 2896 3437 2967 iujusta

1857 2974 2096 3053 cendra
2143 2988 2401 3058 ligatum,
2459 2990 2737 3058 siquidem
2785 2988 2833 3044 is
2877 2989 3101 3047 videtur
3150 3003 3262 3043 non
3305 3003 3439 3042 con-

1778 3111 1819 3166 c
1858 3078 2153 3148 tempsisse
2184 3078 2495 3134 vinculum.
2545 3079 2651 3147 Qui
2682 3080 2850 3150 igitur
2881 3080 3023 3135 citra
3051 3079 3235 3134 fucum
3266 3079 3437 3133 ullum

1853 3168 2059 3225 Christi
2082 3170 2518 3240 pascitgregem,
2546 3172 2674 3240 jure
2698 3181 2930 3227 vocatus
2983 3171 3188 3242 legitur
3217 3169 3292 3226 Os
3331 3169 3438 3224 Do-
3500 3252 3503 3255 Α

1854 3261 2012 3316 mini.
2055 3262 2272 3333 1228
2320 3263 2412 3317 Ait
2454 3263 2602 3319 enim
2669 3262 2939 3319 Jeremias
2976 3280 2989 3316 :
3033 3282 3051 3313 ι
3086 3262 3144 3317 Si
3178 3262 3439 3317 eduxeris

1853 3352 2159 3421 pretiosum
2191 3370 2223 3409 a
2251 3355 2368 3419 viii,
2411 3357 2572 3426 quasi
2604 3372 2876 3427 osmeum
2905 3357 3100 3411 eris“.
3123 3374 3140 3406 ι
3181 3355 3309 3410 Haec
3341 3370 3437 3409 ve-

1856 3443 1902 3496 ri
1935 3450 2063 3497 sunt
2091 3440 2333 3513 pastoris
2377 3447 2648 3518 insignia,
2702 3457 2765 3502 ut
2808 3447 3049 3502 animam
3079 3462 3233 3502 suam
3266 3457 3439 3517 ponat

1853 3542 1956 3596 pro
1977 3526 2295 3583 subditis”.
2324 3528 2382 3583 1d
2408 3531 2454 3584 si
2482 3533 2883 3601 tergiversetur
2908 3540 3192 3602 praestare,
3217 3529 3438 3600 sibique

1853 3609 2127 3679 praecipiti
2175 3609 2301 3681 fuga
2348 3614 2636 3679 consulat,
2693 3630 2913 3685 poenam
2964 3615 3157 3670 subire
3202 3623 3436 3685 ‘cogetur

1854 3692 2002 3748 illius
2047 3695 2377 3750 mercenarii
2430 3697 2523 3766 qui
2573 3697 2704 3766 lupo
2748 3699 3009 3755 saeviente
3062 3701 3315 3757 desertor
3353 3701 3436 3757 fa-

1855 3783 1977 3830 ctus
2019 3785 2103 3831 est
2152 3793 2217 3832 ac
2264 3779 2456 3850 refuga
2500 3782 2680 3852 gregis
2714 3798 2731 3846 ;
2789 3782 3091 3852 audictque
3125 3802 3153 3839 a
3186 3786 3437 3856 principe

1854 3870 2140 3929 pastorum
2179 3864 2233 3916 in
2270 3880 2328 3918 se
2368 3865 2697 3936 detorqueri
2731 3866 2867 3920 illud
2902 3885 2914 3920 :
2956 3888 2974 3920 ι
3003 3869 3123 3923 Non
3155 3871 3439 3939 exquisita»

1854 3954 1986 4000 runt
2033 3956 2285 4015 pastores
2336 3965 2467 4004 oves
2507 3953 2740 4015 meas",
2768 3971 2785 4001 ι
2844 3968 2953 4007 non
3000 3963 3276 4022 paverunt
3319 3971 3433 4009 eas.

1851 4030 1921 4083 Et
1947 4047 1991 4083 τι
2019 4030 2318 4101 Exquiram
2349 4049 2479 4089 oves
2502 4050 2653 4089 meas
2684 4035 2753 4090 de
2781 4052 2946 4090 manu
2975 4038 3280 4092 eorum’h
3305 4039 3435 4094 Tale

1852 4117 2062 4187 aliquid
2092 4119 2369 4176 invenisse
2395 4120 2557 4176 liccat
2588 4122 2733 4192 apud
2762 4122 3064 4189 Irenaeum;
3103 4126 3182 4179 ait
3208 4128 3358 4181 enim
3389 4129 3435 4181 is

1853 4204 1920 4258 de
1944 4204 2156 4261 Joanne
2185 4206 2472 4277 Theologo
2501 4208 2602 4280 (l),
2637 4210 2786 4280 quod
2819 4227 2944 4266 cum
2974 4213 3209 4268 vidisset
3234 4213 3279 4269 is
3306 4215 3437 4269 ado-

1851 4291 2156 4348 lescentem
2220 4295 2514 4364 quemdam
2580 4297 2779 4352 nativae
2840 4298 3043 4355 indolis
3103 4300 3435 4356 dexteritate

1852 4380 2201 4449 praesignem,
2242 4381 2579 4438 rudimentis
2610 4383 2738 4438 ﬁdei
2771 4386 3052 4450 instruxit,
3094 4386 3432 4444 instructum

1852 4466 2130 4535 baptismo
2159 4468 2424 4524 admovit.
2476 4470 2635 4527 nunc
2664 4473 2908 4527 civitatis
2933 4475 3199 4545 episcopo
3230 4493 3401 4534 curan
3422 4508 3434 4518 -

1851 4554 1983 4608 dum
2002 4554 2383 4619 dedit,dieens
2403 4575 2417 4610 :
2435 4558 2856 4615 Adolescentcm
2878 4562 3027 4616 hunc
3043 4570 3438 4619 tuwcommcn-

1850 4643 1923 4697 do
1952 4642 2101 4709 fidei,
2130 4650 2187 4697 et
2211 4645 2314 4697 iter
2340 4646 2601 4716 arripuit.
2629 4647 2938 4718 Episcopus
2960 4666 3065 4704 non
3093 4651 3433 4707 instrenuam

1849 4745 2075 4799 operam
2097 4732 2296 4787 alendo
2314 4748 2486 4802 puero
2510 4735 2900 4790 commodavit.
2940 4738 3058 4792 Non
3076 4740 3431 4797 mediocriter

1853 4817 2005 4872 hunc
2036 4818 2289 4879 amabat,
2343 4819 2593 4891 adeoque
2634 4826 2998 4892 promovebat
3024 4826 3431 4884 adolescentem

1856 4902 2039 4958 initio.
2100 4901 2317 4958 Sensim
2353 4919 2479 4959 cum
2509 4908 2811 4964 oscitanter
2847 4909 2999 4963 illius
3028 4924 3214 4982 ageret
3241 4931 3430 4970 curam

1850 4990 2030 5061 pueri,
2050 5006 2079 5044 a
2098 4990 2433 5047 rectitudine
2451 4993 2579 5048 vitae
2596 4995 2822 5052 deﬂexit
2842 4999 3061 5055 tandem
3075 5045 3087 5067 ,
3102 5002 3178 5057 ita
3199 5012 3261 5058 ut
3281 5003 3436 5074 prin-

1547 5162 1586 5193 ¹⁹
1613 5160 1746 5221 ibid.

1853 5208 1866 5222 .
1927 5170 1972 5201 ²⁰
2010 5170 2203 5226 Matth.
2239 5188 2390 5240 xvm,
2423 5174 2513 5231 i8.
2593 5177 2635 5208 ’ί
2671 5177 2873 5235 Jerem.
2903 5195 2989 5242 xv,
3028 5179 3113 5235 i9.
3195 5182 3238 5213 "
3271 5181 3428 5237 Joan.

1714 5373 1946 5432 NOTAE.

315 5454 633 5553 ).dit'enim
661 5464 705 5520 is
737 5468 799 5523 de
825 5469 1033 5553 Ion-nne
1064 5474 1339 5545 Tireologo,
1378 5488 1485 5535 etc.
1525 5481 1580 5537 ld
1612 5485 1736 5553 qui-

176 5524 324 5618 dem,
349 5532 495 5611 quod
522 5537 712 5618 sciam.
745 5542 889 5618 apud
913 5542 1185 5618 ΔῘιςςηειξιιιιι
1222 5524 1491 5618 nusquam

175 5610 270 5683 nec
293 5605 529 5683 miruni‘;
556 5605 883 5683 pluraenim
912 5613 1059 5683 illius
1083 5632 1247 5683 opera
1277 5605 1739 5679 desideraricon;

176 5675 422 5755 ξιςιιρηοπ
472 5673 811 5755 sumain).
843 5697 871 5726 ν
918 5682 1051 5755 nm:
1099 5673 1218 5755 (τήν.
1261 5673 1365 5748 toi
1418 5673 1733 5751 (τίιιιιρῖὸὲὲ.

175 5732 491 5809 Scriptorum
521 5744 985 5805 ccct'esiastirorum
1011 5732 1269 5827 Cato/ago
1317 5732 1515 5816 κίοι-ιλιι

1946 5490 2151 5567 Euseb.
2177 5495 2490 5553 ‘Ecrlcsiasr.
2516 5500 2635 5554 hist.
2670 5518 2727 5555 ιιι
2756 5502 2853 5557 lib.
2887 5521 3007 5567 cap.
3028 5504 3126 5567 l'i;
3157 5522 3221 5560 ex
3246 5507 3425 5565 Cicm.

1848 5560 2410 5645 Ejusdennmeminit
2446 5571 2782 5645 Abdiaslib.
2821 5590 2884 5636 v,
2936 5560 3425 5645 Metaplirastcs'in

1852 5629 1914 5714 II).
1944 5631 2168 5714 Joafmis
2202 5636 2339 5714 Viqu
2359 5648 2415 5694 et
2436 5641 2818 5714 Cllrysostom.
2852 5629 3017 5714 epist.
3047 5629 3175 5702 :‘i'ad
3195 5629 3424 5702 Theon;

1843 5697 1985 5769 laps.
2044 5704 2242 5787 Joann.
2294 5697 2675 5782 EvangeiiSta,
2734 5697 3428 5789 Theoiogus’d‘ictu—s’Ant-

1845 5784 2214 5828 onomasltcos.

1845 5788 2214 5830 οηοιηαδιισοδ.
