4014 6310
182 282 316 349 1817

178 399 345 469 Φησὶν
373 398 426 450 δὲ
453 397 545 450 καὶ
572 400 599 451 6
626 398 826 467 Πέτρος
845 417 859 431 ·

181 504 333 559 μνιον
387 489 477 542 τοῦ
528 488 698 553 Θεοῦ,
732 491 1178 556 ἐπισκοποῦντες,
1236 490 1312 563 μὴ
1359 491 1748 560 ἀναγκαστῶς,

178 581 294 635 ἀλλ’
323 580 585 644 ἑκουσίως
623 580 764 634 κατά
797 581 948 645 Θεὸν,
985 583 1120 654 μηδὲ
1162 582 1585 655 αἰσχροκερδῶς,
1616 582 1752 635 ἀλλά

178 674 476 746 προθύμως
503 691 516 704 ·
553 674 688 744 μηδὲ
723 673 798 737 ὡς
850 674 1340 744 κατακυριεύοντες
1390 656 1482 725 τὸν
1527 673 1747 744 κλῆρον,

175 767 316 822 ἀλλά
347 765 506 820 τύποι
529 766 809 835 γενόμενοι
842 764 935 818 τοῦ
971 765 1243 835 ποιμνίου,
1278 766 1373 817 καὶ
1406 765 1749 834 φανερωθέν-

173 874 266 920 τος
312 858 405 911 τοῦ
452 857 877 927 ἀρχιποίμενος,
916 855 1195 926 κομιεῖσθε
1246 855 1339 908 τὸν
1384 856 1749 925 ἀμαράντινον

173 948 273 1018 τῆς
299 948 457 1017 δόξης
483 949 767 1016 στέφανον.
802 968 822 1000 ι
857 947 914 1001 '0
947 948 1006 1000 δὲ
1031 947 1235 1017 Κύριος
1261 948 1425 1018 φησίν
1449 964 1462 978 ’
1495 966 1513 999 ι
1540 947 1597 998 '0
1628 964 1751 1000 ποι-

175 1038 337 1108 μὴνό
389 1038 552 1102 καλὸς
598 1037 696 1109 τὴν
760 1037 938 1108 ψυχὴν
1008 1036 1174 1091 αὑτοῦ
1225 1037 1440 1108 τίθησιν
1471 1036 1611 1107 ὑπὲρ
1638 1036 1748 1089 τῶν

172 1128 485 1198 προϐάτωνο
510 1132 538 1183 6
568 1129 624 1183 δὲ
651 1128 939 1200 μισθωτὸς,
967 1130 1061 1182 καὶ
1086 1130 1186 1183 οὐκ
1211 1128 1285 1183 ῶν
1303 1129 1529 1199 ποιμὴν,
1554 1128 1748 1200 θεωρεῖ

169 1221 264 1275 τὸν
294 1220 457 1274 λύκον
508 1220 825 1291 ἐρχόμενον,
860 1222 955 1274 καὶ
990 1220 1216 1291 ἀφίησιν
1241 1219 1311 1273 τά
1352 1219 1618 1291 πρόϐατα,
1654 1220 1747 1272 καὶ

171 1310 387 1379 φεύγει,
428 1312 522 1364 καὶ
549 1314 577 1364 6
608 1310 770 1374 λύκος
820 1308 1055 1380 ἁρπάζει
1098 1308 1258 1373 αὐτὰ,
1283 1307 1377 1362 καὶ
1417 1307 1696 1379 σκορπίζει
1729 1320 1741 1334 ·

169 1405 255 1457 ὃτι
318 1405 593 1474 μισθωτός
646 1406 814 1469 ἐστιν,
848 1404 940 1456 καὶ
993 1404 1053 1456 οὐ
1108 1402 1259 1472 μέλει
1297 1401 1445 1470 αὐτῷ
1483 1398 1746 1470 περὶτῶν

933 293 1257 355 HOMILIA
1297 294 1657 356 CXXiII.-—
1693 296 1792 355 DE
1828 294 2353 357 0RDINATIONE
2392 300 2717 361 CLERICI.

904 418 921 450 ι
951 399 1258 469 Ποιμάνατε
1282 401 1342 452 τὸ
1369 403 1428 454 ἐν
1468 402 1595 471 ὑμίν
1626 400 1745 454 ποί-

1851 398 2193 454 caeremoniis
2240 410 2335 455 aut
2375 418 2531 460 saere
2572 404 2827 470 initiatis,
2867 404 3170 475 quidquam
3200 407 3429 462 omnino

3289 297 3435 365 1813

1851 490 2068 546 eflicere
2116 501 2315 561 praeter
2357 496 2616 565 pr0prias
2648 506 2707 551 et
2737 512 2831 551 eas
2857 512 3040 552 sacras
3070 498 3428 553 constitutio-

1850 597 1968 637 nes.
1997 579 2183 651 Itaque
2207 583 2576 640 hierarchiam
2601 588 2694 656 qui
2717 587 2875 652 dicit,
2898 602 3109 643 sacram
3131 588 3425 657 quamdam

1852 672 1905 725 in
1937 687 2138 742 genere
2170 675 2431 744 exprimit
2464 676 2913 740 distinctionem,
2961 678 3255 748 imaginem
3286 678 3428 733 divi-

1850 776 1935 815 nae
1965 762 2114 817 illius
2144 764 2607 831 pulchritudinis,
2642 782 2765 836 quae
2796 768 3044 822 nativum
3073 768 3425 837 splendorem

1849 853 2109 923 explicat,
2166 870 2336 925 seque
2367 858 2581 912 exserit
2630 859 2689 912 in
2730 859 3020 914 ordinibus
3046 874 3113 914 ac
3135 860 3424 930 multijuga

1850 945 2166 1014 cognitione
2218 945 2708 1013 bierarchiarum,
2774 949 2906 1003 dum
2963 958 3153 1004 sancte
3206 948 3428 1019 perﬁcit

1848 1033 2088 1105 propriae
2108 1036 2531 1093 illuminationis
2553 1054 2753 1093 arcana
2771 1040 3199 1111 mysteria,dum
3217 1039 3284 1093 ad
3301 1054 3429 1108 pro-

1848 1126 2026 1195 priam
2053 1126 2345 1198 originem,
2373 1137 2652 1198 quatenus
2673 1129 2777 1195 fas,
2809 1130 3052 1186 reducit.
3077 1131 3153 1186 Ea
3172 1122 3320 1186 enim
3339 1137 3429 1185 est

1848 1216 2178 1273 hierarcbize
2207 1218 2508 1287 perfectio,
2564 1228 2626 1274 ut
2668 1222 2974 1276 secundum
3007 1223 3425 1292 proportionem

1848 1309 2051 1378 cuique
2074 1310 2361 1379 propriam
2394 1312 2674 1367 hominem
2701 1324 3031 1383 promoveat
3060 1314 3129 1368 ad
3157 1313 3425 1368 imitatio-

1845 1414 1973 1454 nem
2025 1400 2230 1456 divinze
2279 1400 2577 1469 bonitatis,
2614 1419 2679 1459 ac
2713 1405 2826 1458 Deo
2856 1416 3216 1475 cooperetnr,
3252 1417 3427 1474 reque

169 1494 483 1562 προϐάτων.
524 1513 544 1545 ι
570 1494 677 1547 Καὶ
707 1494 902 1561 ἐπάγει
926 1510 939 1525 ·
977 1512 995 1545 ι
1038 1492 1139 1546 Διά
1176 1490 1337 1545 τοῦτὸ
1364 1507 1430 1561 με
1477 1491 1505 1543 6
1557 1489 1744 1559 Πατὴρ

1851 1490 1966 1560 ipsa
2001 1489 2245 1545 declaret
2279 1491 2479 1548 divinae
2504 1494 2729 1550 virtutis
2756 1494 3053 1551 efﬁcaciam
3075 1535 3092 1560 ,
3145 1503 3425 1565 quatenus

170 1584 385 1655 ἀγαπᾷ,
413 1586 495 1639 ὅτι
564 1583 674 1654 ἐγὼ
735 1584 926 1654 τίθημι
968 1584 1068 1655 τὴν
1115 1582 1294 1653 ψυχήν
1333 1598 1435 1652 μου
1468 1580 1608 1650 ὑπὲρ
1635 1580 1743 1632 τῶν

1851 1589 1933 1636 est
1980 1582 2348 1653 attingibilis,
2403 1585 2461 1640 in
2505 1587 2690 1656 seipse
2735 1588 3099 1652 relucentem,
3130 1586 3262 1641 dum
3292 1585 3424 1640 illu-

170 1675 483 1744 προὸάτων.
528 1695 547 1728 ι
580 1674 737 1746 Αύτῷ
769 1678 801 1745 η
833 1674 958 1740 δόξα
986 1675 1062 1736 είς
1110 1674 1237 1735 τοὺς
1275 1670 1500 1733 αἰῶνας.
1546 1669 1737 1739 Ἀμήν.

1851 1668 2091 1726 minatur
2118 1671 2175 1725 in
2196 1672 2394 1741 primis
2417 1689 2483 1729 ac
2504 1675 2736 1744 proinde
2762 1684 2991 1731 caeteros
3026 1670 3427 1729 circumfundit

171 1770 418 1835 lumine,
474 1770 604 1824 dum
642 1776 912 1840 purgatur
945 1776 1003 1823 et
1033 1773 1263 1837 purgat,
1298 1764 1356 1818 in
1419 1761 1624 1817 divinis
1691 1761 1823 1815 dum
1860 1762 2146 1832 perficitur
2176 1772 2233 1819 et
2263 1764 2513 1834 perficit;
2572 1767 2713 1823 adeo
2756 1775 2820 1823 ιιι
2861 1767 3117 1838 quisquis
3157 1780 3258 1821 vos
3286 1780 3424 1820 con-

173 1869 385 1926 tuetur,
414 1862 574 1916 facile
604 1861 876 1931 intelligat
901 1875 1095 1915 semen
1120 1874 1218 1913 vos
1241 1872 1363 1913 esse
1388 1854 1746 1911 benedictum
1784 1871 1815 1909 a
1845 1855 2078 1910 Domino
2116 1872 2130 1910 :
2166 1871 2299 1911 vere
2335 1871 2524 1914 semen
2588 1859 2724 1915 estis
2784 1859 3144 1924 honorabile,
3185 1876 3204 1910 ι
3239 1857 3421 1929 regale

169 1953 578 2018 sacerdotium,
625 1968 761 2023 gens
806 1959 1021 2017 sancta,
1067 1950 1309 2021 p0pulus
1374 1949 1429 2002 in
1489 1946 1912 2017 acquisitionem
1939 1947 2039 2002 Dei
2085 1949 2154 2011 ",
2196 1967 2216 2001 ι
2288 1948 2538 2004 haeredes
2582 1949 2973 2004 immortalium
3015 1958 3072 2005 et
3100 1949 3422 2004 immarces-

168 2045 424 2100 eibilium
471 2045 935 2115 promissionum,
997 2062 1016 2096 ι
1052 2057 1190 2113 quas
1220 2057 1331 2096 non
1362 2038 1503 2094 vidit
1530 2039 1745 2101 oculus,
1786 2055 1894 2094 non
1922 2040 2070 2095 auris
2132 2039 2364 2107 audivit,
2392 2055 2495 2096 nec
2521 2041 2578 2095 in
2636 2056 2733 2097 eor
2756 2041 3000 2097 hominis
3027 2040 3420 2105 ascenderunt,

167 2156 311 2211 quas
356 2138 684 2208 praeparavit
721 2138 868 2193 Deus
918 2136 1278 2209 diligentibus
1341 2137 1479 2201 se",
1519 2154 1537 2187 ι
1571 2146 1628 2190 et
1674 2136 2105 2192 observantibus
2150 2137 2406 2192 mandata
2472 2152 2593 2193 sua.
2649 2138 2742 2192 Ait
2784 2146 2967 2193 autem
3045 2147 3103 2191 et
3176 2135 3419 2192 Petrus:

175 2248 198 2280 ι
230 2229 442 2283 Pascite
473 2226 568 2297 qui
601 2227 657 2281 in
680 2227 839 2282 vobis
860 2236 946 2282 est
974 2240 1198 2297 gregem
1227 2225 1350 2287 Dei,
1380 2224 1737 2294 providentes
1774 2240 1884 2279 non
1915 2235 2101 2281 eoaete
2122 2266 2138 2291 ,
2177 2229 2275 2283 sed
2342 2236 2645 2298 spontanee
2710 2229 3016 2284 secundum
3043 2228 3219 2283 Deum
3254 2243 3270 2281 :
3305 2239 3420 2282 non

170 2321 353 2391 turpis
389 2320 527 2376 lucri
578 2320 787 2391 gratia,
838 2319 935 2376 sed
960 2320 1308 2386 voluntarie;
1345 2334 1524 2389 neque
1553 2329 1616 2374 ut
1679 2319 2031 2377 dominantes
2062 2323 2118 2377 in
2158 2323 2361 2391 cleris,
2391 2324 2488 2379 sed
2515 2323 2693 2378 forma
2719 2323 2853 2379 facti
2912 2324 3093 2393 gregis
3122 2340 3135 2377 :
3162 2330 3251 2388 ut,
3290 2337 3418 2377 cum

164 2413 491 2483 apparuerit
520 2414 777 2483 princeps
840 2421 1159 2484 pastorum,
1231 2412 1551 2483 percipiatis
1618 2412 2135 2472 immarcescibilem
2183 2418 2375 2488 gloriae
2413 2433 2674 2473 coronam
2692 2418 2758 2472 ⁸⁷.
2807 2436 2826 2470 ι
2891 2417 3104 2486 1230
3150 2415 3423 2471 Dominus

165 2514 305 2577 item
326 2521 339 2557 :
364 2522 383 2555 ι
403 2504 596 2560 Pastor
611 2504 791 2560 bonus
809 2504 1047 2559 animam
1061 2518 1215 2560 suam
1230 2504 1500 2574 ponitpro
1514 2504 1743 2560 ovibus:
1785 2507 2166 2562 mercenarius
2188 2518 2398 2574 autem,
2423 2516 2480 2562 et
2503 2509 2601 2577 qui
2663 2521 2772 2562 non
2811 2514 2896 2562 est
2936 2515 3144 2576 pastor,
3162 2505 3314 2560 videt
3334 2505 3425 2559 lu-

161 2611 301 2666 pum
324 2597 662 2663 venientem,
695 2605 753 2652 et
777 2597 1009 2653 dimittit
1034 2612 1165 2653 oves
1225 2613 1289 2654 ac
1346 2597 1523 2669 fugit;
1562 2605 1619 2652 et
1644 2598 1812 2668 lupus
1850 2599 1996 2669 rapit
2042 2615 2172 2655 oves
2221 2609 2278 2657 et
2311 2601 2610 2671 dispergit,
2654 2601 2785 2671 quia
2819 2598 3195 2655 mercenarius
3220 2605 3327 2662 est,
3361 2603 3423 2652 et

165 2703 283 2742 non
312 2689 553 2758 pertinet
578 2689 645 2744 ad
673 2704 800 2745 eum
828 2688 896 2744 de
918 2690 1225 2745 ovibus'm
1262 2689 1518 2763 lnducit:
1550 2709 1567 2742 ι
1593 2691 1827 2763 Propter
1875 2692 1980 2748 hoc
2014 2707 2103 2748 me
2165 2692 2325 2750 Pater
2389 2693 2600 2765 diligit,
2652 2692 2780 2762 quia
2845 2707 2949 2765 ego
2975 2706 3121 2763 pono
3177 2690 3424 2746 animam

166 2794 350 2835 meam
381 2795 484 2852 pro
509 2781 818 2837 ovibus'h
856 2782 964 2853 Ipsi
995 2782 1173 2853 gloria
1201 2784 1257 2837 in
1283 2783 1503 2840 saacula.
1539 2783 1740 2838 Amen.

733 2894 952 2947 ΛΟΓΟΣ
1013 2894 1188 2949 PKB’.

550 3004 693 3075 Περὶ
744 3003 1032 3075 διαταγῆς
1107 3005 1357 3074 κλήρου.

2358 2897 2643 2955 HO‘IIIIJA
2672 2896 2908 2953 CXXIII.

2292 3005 2367 3059 De
2400 3004 2736 3060 ordinatione
2773 3002 2976 3056 clerici.

1922 3118 2142 3175 [ιιιιὶοηί
2187 3133 2417 3187 prorsus
2470 3122 2939 3178 consentaneum,
3005 3125 3163 3166 suum
3221 3115 3281 3163 ut
3328 3124 3418 3161 sa-

1848 3210 2100 3267 cerdotes
2140 3211 2424 3265 imitentur
2450 3223 2546 3278 per
2572 3205 2754 3261 omnia
2786 3204 3123 3276 pontificem,
3156 3199 3423 3271 quemad-

1850 3303 2073 3358 modum
2106 3300 2311 3356 Christi
2335 3300 2581 3355 imitator
2612 3298 2858 3368 pontifex
2886 3304 2989 3353 est.
3022 3296 3206 3350 Bonus
3239 3302 3298 3347 ut
3321 3292 3416 3355 sit,

258 3117 554 3189 Ἐπὸμενόν
581 3119 729 3171 ἐστιν
758 3120 883 3182 τοὺς
904 3120 1067 3189 ἱερεῖς
1099 3120 1341 3190 μιμητὰς
1368 3118 1620 3187 γενέσθαι
1649 3116 1741 3171 τοῦ

164 3210 472 3279 ἀρχιερέως
525 3208 726 3272 αὐτῶν,
757 3209 832 3270 ὠς
856 3210 1106 3270 κάκεῖνος
1136 3208 1229 3261 τοῦ
1273 3209 1573 3281 ἀρχιερέως
1610 3209 1747 3279 Χρι-

170 3298 321 3361 στοῦ,
351 3299 430 3360 είς
479 3298 676 3361 πάντα,
700 3299 780 3365 είς
831 3296 891 3351 τὸ
934 3297 1156 3364 ἀγαθὸν,
1183 3297 1243 3351 τὸ
1291 3298 1645 3369 εῦσπλαχνον,
1687 3300 1747 3353 τδ

168 3389 310 3460 ὁμόφ
322 3406 492 3459 ρονον,
520 3388 579 3441 τὸ
618 3388 883 3451 ἐπιεικὲς,
913 3389 973 3440 τὸ
999 3387 1380 3457 ταπεινόφρον,
1416 3387 1474 3440 τὸ
1502 3388 1749 3456 φιλάδελ-

173 3498 295 3551 φον,
327 3479 387 3532 τὸ
434 3479 791 3547 φιλόπτωχον,
821 3479 883 3530 τὸ
922 3478 1216 3546 φιλόξενον,
1245 3476 1307 3530 τὸ
1336 3476 1749 3546 συμπαθητικὸν

171 3574 253 3633 είς
288 3571 519 3634 πάντας,
551 3572 612 3623 τὸ
640 3570 937 3640 ἐλεήμονας
969 3566 1110 3622 εἶναι
1131 3609 1145 3632 ,
1178 3568 1275 3623 καὶ
1324 3569 1749 3640 ἐπιστρέφοντας

174 3661 247 3717 τὰ
279 3661 690 3731 πεπλανημένα,
722 3661 1224 3730 ὲπισκεπτομένους
1253 3661 1429 3714 πάντα
1478 3660 1547 3714 τὰ
1586 3661 1747 3713 ἀσθε-

170 3757 261 3823 νῆ.
291 3755 363 3823 μὴ
401 3753 731 3823 ἀμελοῦντας
763 3753 946 3823 χηρῶν
1009 3754 1102 3805 καὶ
1135 3753 1384 3822 ὀρφανῶν
1415 3752 1447 3823 ἢ
1480 3753 1746 3822 πενήτων,

170 3842 316 3897 καλά
344 3841 707 3912 προνοοῦντας
732 3843 838 3907 ἀεὶ,
868 3843 1098 3896 ἐνώπιον
1121 3843 1214 3896 τοῦ
1241 3840 1378 3896 Θεοῦ
1421 3842 1515 3895 καὶ
1541 3842 1750 3911 ἀνθρὼ-

169 3952 311 3999 πων,
346 3935 716 4003 ἀπεχομένους
773 3936 956 4002 πάσης
1014 3934 1187 4003 ὀργῆς
1246 3934 1346 3988 καὶ
1396 3932 1750 4004 προσωπολη-

167 4028 322 4096 diae,
358 4027 593 4097 κρίσεως
627 4028 836 4092 ἀδίκου,
869 4028 1234 4100 φιλαργυρίας
1256 4044 1268 4059 υ
1298 4026 1372 4098 μὴ
1415 4026 1622 4097 ταχέως
1651 4028 1749 4096 ἐμ-

171 4116 517 4177 πιστεύοντες
545 4117 686 4170 κατά
715 4134 884 4182 τινος,
915 4118 991 4187 μὴ
1027 4117 1292 4187 ἀπότομοι
1323 4119 1382 4170 ὲν
1415 4116 1597 4185 κρίσει
1626 4159 1640 4182 ,
1675 4118 1750 4169 εί-

170 4206 322 4269 δύτες
360 4206 442 4259 ὅτι
468 4206 739 4274 ὀφειλέται
769 4208 935 4277 ὲσμὲν
960 4207 1265 4276 ἁμαρτιῶν.
1291 4208 1353 4260 El
1400 4202 1492 4260 οῦν
1518 4206 1749 4277 δεόμεθα

168 4297 269 4349 τοῦ
337 4296 576 4368 Χριστοῦ
630 4297 715 4350 ἵνα
744 4297 881 4369 ἀφίῃ
929 4299 1083 4375 ἡμῖν,
1145 4296 1436 4367 ὀφείλομεν
1465 4297 1560 4351 καὶ
1589 4298 1751 4367 ἡμεῖς

169 4387 411 4457 ἀφιέναι.
451 4382 755 4441 ’Δπέναντι
788 4388 898 4456 γὰρ
946 4387 1056 4440 τῶν
1082 4385 1175 4440 τοῦ
1216 4387 1423 4456 Κυρίου
1448 4388 1615 4458 ἐσμὲν
1655 4389 1753 4460 ὀφ-

1850 3393 1940 3462 pia
1990 3392 2215 3461 gestitet
2261 3390 2496 3452 viscera.
2547 3390 2657 3443 alat
2706 3387 3081 3451 concordiam,
3128 3384 3267 3439 nihil
3313 3398 3422 3437 non

1849 3498 1916 3537 ex
1950 3497 2106 3551 aequo
2160 3487 2217 3536 et
2266 3481 2410 3535 bono
2458 3481 2622 3535 faciat
2678 3495 2742 3535 ac
2792 3481 3218 3548 interpretetur,
3270 3475 3336 3530 de
3366 3489 3426 3529 se

1850 3588 2014 3643 quam
2063 3571 2469 3626 modestissime
2516 3571 2758 3635 sentiat,
2814 3570 3070 3627 fraterna
3116 3569 3425 3625 dilectionis

1850 3665 2170 3727 observans,
2203 3664 2275 3716 sit
2299 3660 2611 3729 hostiitalis,
2640 3661 2886 3716 omnium
2931 3661 3090 3716 malis
3120 3660 3424 3716 indolescat

1850 3760 1906 3805 et
1956 3749 2357 3819 compatiatur,
2411 3749 2483 3802 sit
2526 3747 2866 3801 misericors.
2902 3747 3254 3812 Sacerdotes,
3287 3761 3428 3817 quos

1850 3839 2178 3910 agnoverint
2212 3855 2241 3894 a
2274 3838 2607 3895 rectitudine
2636 3839 2929 3893 deﬂexisse
2953 3879 2967 3902 ,
3004 3844 3331 3892 convertant
3362 3851 3429 3890 ac

1850 3938 2114 3985 revocent
2149 3929 2205 3983 in
2234 3931 2402 3983 viam.
2455 3929 2679 3982 Nullum
2722 3943 2836 3981 non
2868 3928 3095 3981 visitent
3120 3925 3427 3979 infirmum.

1850 4020 2144 4076 Providam
2207 4032 2371 4091 agant
2434 4035 2625 4075 curam
2680 4018 3018 4083 viduarum,
3086 4016 3429 4088 pupillorum

1849 4120 1907 4168 et
1936 4126 2264 4181 pauperum.
2305 4110 2642 4165 Provideant
2671 4110 2818 4164 bona
2843 4124 3064 4178 semper
3099 4122 3285 4163 coram
3318 4107 3431 4162 Deo

1849 4210 1906 4255 et
1954 4202 2293 4255 hominibus.
2348 4202 2580 4256 Omnem
2631 4216 2661 4255 a
2697 4216 2756 4255 se
2789 4201 3080 4256 eliminent
3109 4200 3269 4261 iram,
3306 4214 3433 4267 per-

1852 4307 2115 4346 sonarum
2142 4290 2545 4360 aceeptionem,
2574 4274 2853 4361 judicium
2880 4291 3170 4361 injustum,
3200 4288 3435 4344 avidita-

1853 4392 1962 4438 tem
1987 4382 2257 4452 pecuniae.
2290 4382 2409 4436 Non
2437 4381 2595 4436 facile
2626 4382 2982 4437 commodent
3006 4381 3171 4435 fidem
3200 4379 3434 4434 delatio-

171 4476 416 4544 θαλμῶν.
461 4475 736 4540 Ὡσαύτως
788 4476 881 4529 κα)⁸
912 4477 961 4529 οἱ
1000 4476 1237 4531 διάκονοι
1268 4476 1575 4545 ὀφείλουσιν
1612 4474 1749 4531 εἶναι

1856 4475 2040 4530 nibus.
2090 4473 2151 4528 In
2185 4472 2601 4544 pronuntiando
2629 4472 2867 4544 judicio,
2899 4472 3175 4543 praefracti
3205 4487 3274 4527 ne
3300 4472 3432 4534 sint,

171 4567 474 4636 ἄμεμπτοι,
507 4564 845 4621 κατενώπιον
899 4567 997 4637 τῆς
1056 4565 1406 4638 δικαιοσύνης
1452 4568 1641 4634 αὐτοῦ,
1676 4570 1750 4633 ῶς

170 4657 312 4711 Θεοῦ
341 4659 432 4712 καὶ
457 4658 693 4728 Χριστοῦ
723 4659 981 4722 διάκονοι,
1017 4659 1110 4711 καὶ
1137 4658 1238 4712 οὐκ
1260 4659 1565 4730 ἀνθρώπων
1586 4678 1602 4695 θ
1635 4663 1753 4715 ἑπι-

177 4748 356 4820 μελῶς
404 4750 853 4815 διακονείτωσαν,
886 4752 974 4806 ἵνα
1013 4752 1262 4820 φύγωσιν
1319 4752 1418 4825 τὴν
1465 4753 1605 4825 ἀράν
1656 4754 1752 4807 τοῦ

176 4841 460 4910 προφήτου
481 4858 497 4872 ο
526 4843 598 4913 μὴ
617 4844 705 4897 διὰ
732 4843 833 4913 τῆς
856 4843 1117 4914 ἀμελείας
1143 4843 1439 4898 ὑπεύθυνοι
1463 4845 1749 4912 γένωνται·

178 4930 317 5004 μηδὲ
349 4935 756 5003 προπετεύεσθε
791 4936 849 4989 ἔν
878 4953 985 4990 τινι
1017 4937 1091 4998 ῶς
1113 4936 1273 5007 δῆθεν
1307 4936 1618 5000 θεοσεῦεἰας
1649 4936 1747 5007 χά-

180 5039 292 5095 ριν,
322 5022 461 5078 ἀλλά
489 5025 665 5079 πάντα
698 5026 1056 5098 εὐσχημόνως
1106 5029 1198 5080 καὶ
1248 5028 1391 5081 κατά
1419 5026 1572 5092 τάξιν
1604 5027 1752 5096 γινέ-

180 5112 315 5177 σθω,
349 5114 490 5169 κατά
516 5115 607 5169 τὸν
638 5117 986 5172 Ἀπόστολον.
1030 5120 1186 5171 Ἐπεὶ
1216 5119 1269 5171 τί
1301 5118 1501 5171 ἄτοπον
1526 5118 1699 5172 ὲποέει
1728 5118 1758 5172 6

193 5201 379 5271 Ὀζίας
401 5207 608 5279 θυμιῶν
624 5207 703 5279 τῷ
733 5209 855 5281 Θεῷ
876 5226 893 5277 ;
923 5210 977 5262 τί
1003 5210 1061 5263 δὲ
1082 5210 1111 5262 6
1143 5209 1315 5263 Σαοὺλ
1332 5208 1474 5262 θύων
1496 5226 1510 5275 ;
1535 5209 1587 5261 τί
1614 5209 1670 5262 δὲ
1698 5209 1749 5261 οἱ

178 5298 435 5370 τύραννοι
490 5299 586 5354 καὶ
644 5300 896 5370 δαίμονες
948 5300 1333 5367 θεολογοῦντες
1384 5299 1602 5368 ἀληθῶς
1667 5299 1758 5352 τὸν

183 5388 389 5461 Κύριον
415 5408 429 5457 ;
473 5392 610 5447 Ἀλλ’
640 5393 983 5464 ὲκκήρυκτος
1012 5392 1190 5445 αὐτῶν
1219 5393 1254 5463 ὴ
1287 5391 1554 5460 θεολογία.
1584 5388 1757 5443 Ἐκα-

184 5497 314 5545 στος
351 5481 409 5535 δὲ
464 5485 521 5537 ἐν
548 5486 614 5555 τῇ
666 5484 819 5553 τάξει
857 5482 1021 5538 αὑτοῦ
1054 5481 1199 5535 ἔστω
1248 5482 1349 5553 τῆς
1387 5482 1751 5553 λειτουργίας.

254 5621 302 5658 ³⁵
335 5623 353 5679 ι
384 5624 529 5680 Petr.
570 5640 627 5694 ιι,
664 5624 716 5680 9.

194 5621 302 5749 ‘7"
335 5623 353 5679 ι
384 5624 529 5680 Petr.
570 5640 627 5694 ιι,
664 5624 716 5680 9.
793 5626 871 5695 η²⁶
905 5625 1008 5681 Isa.
1039 5639 1182 5690 thv,
1211 5623 1285 5694 ι;
1324 5623 1343 5677 l
1372 5615 1499 5680 Cor.
1545 5638 1602 5690 ιι,
1640 5622 1694 5679 9.

1810 5623 1854 5655 "’
1891 5619 1913 5675 l
1958 5619 2103 5676 Pelr.
2145 5632 2212 5684 v,
2260 5616 2381 5673 2-4.

1856 4576 1952 4623 aut
1993 4581 2154 4636 aequo
2197 4564 2541 4627 severiores,
2585 4573 2648 4618 ut
2678 4566 2773 4635 qui
2806 4565 2985 4619 sciant
3011 4564 3288 4619 neminem
3324 4578 3437 4619 non

1854 4673 1977 4714 esse
2024 4657 2339 4713 debitorem
2380 4659 2759 4725 peccatorum.
2814 4657 2926 4711 Nos
2968 4657 3158 4727 igitur,
3195 4656 3289 4725 qui
3325 4655 3437 4711 Do-

1856 4749 2067 4803 minum
2094 4746 2473 4812 obsecramus,
2504 4746 2690 4802 debita
2711 4755 2902 4802 nostra
2931 4757 2993 4802 ut
3014 4746 3437 4809 dimittat,nihil

1855 4842 2122 4912 gravatim
2150 4841 2420 4896 debemus
2443 4849 2500 4895 et
2526 4854 2631 4895 nos
2656 4840 2970 4905 dimittere;
3006 4840 3062 4894 in
3089 4839 3267 4893 oculis
3287 4837 3441 4893 enim

1857 4946 2144 4985 versamur
2180 4930 2399 4985 Domini
2432 4945 2498 4985 ac
2527 4930 2647 4985 Dei.
2684 4930 2803 4985 lIoc
2830 4940 3026 4985 tenore
3051 4930 3180 4983 vitae
3215 4926 3440 4983 diaconi

1860 5022 2167 5076 etiamnum
2195 5032 2617 5079 conversentur.
2659 5023 2720 5076 In
2751 5031 3050 5092 conspectu
3077 5018 3310 5092 iustitia:
3336 5019 3443 5073 Do-

1851 5108 1988 5163 mini
2044 5108 2429 5178 ingrediantur
2499 5108 2623 5163 sine
2675 5106 2939 5178 querela,
3003 5113 3266 5177 tanquam
3324 5106 3437 5166 Deo

1851 5210 1904 5256 et
1932 5198 2156 5254 Christo
2192 5200 2595 5265 ministrantes,
2627 5215 2738 5253 non
2785 5199 2913 5253 item
2962 5197 3300 5254 hominibus.
3334 5199 3438 5255 Se-

1852 5288 1982 5345 dulo
2026 5296 2082 5343 et
2112 5299 2368 5344 accurate
2400 5288 2811 5354 administrent,
2855 5287 3002 5342 illam
3048 5296 3105 5341 ut
3148 5288 3437 5358 defugiant

1854 5379 2234 5457 prophetieam
2284 5380 2759 5449 imprecationem,
2797 5395 2864 5435 ne
2909 5372 2987 5434 illi
3042 5394 3139 5450 per
3192 5382 3435 5435 oscitan-

1853 5472 1985 5526 tiam
2037 5487 2096 5528 se
2138 5471 2371 5527 reddant
2414 5472 2704 5539 obnoxios,
2750 5487 2888 5528 neve
2940 5472 3158 5542 priores
3207 5472 3434 5530 honoris

2498 5612 2733 5676 “anan.
2786 5635 2840 5683 χ,
2888 5617 2969 5673 ιι.
3026 5618 3107 5671 te.
3223 5619 3264 5647 ἐν
3301 5617 3434 5670 iw.
