4014 6310
132 316 261 383 1891

751 324 1076 386 HOMILIA
1118 328 1372 388 CXXIV.
1405 351 1473 364 ν·-
1500 329 1991 392 SACERDOTES
2022 332 2319 393 HONORI
2359 330 2779 393 HABENDGS.

3251 322 3389 387 182

131 429 524 500 διαρπάζουσιν
567 432 617 486 οἱ
648 431 831 504 θῆρες,
883 436 978 490 καὶ
1005 438 1215 508 τροφὴν
1243 438 1454 492 ἑαυτῶν
1486 442 1703 495 ποιοῦν-

1833 453 1939 499 runt
1965 455 2239 515 pastores.
2273 444 2410 499 Nam
2437 458 2530 497 eas
2562 455 2687 512 quas
2716 455 2775 494 se
2812 437 3145 495 submovent
3184 444 3245 490 et
3270 435 3387 489 dis—

133 536 224 574 ται
260 521 319 572 τὸ
350 521 787 593 πεπλανημένον.
823 526 939 581 Οὐκ
970 528 1087 593 ἐξὸν
1120 525 1214 582 οὖν
1240 531 1387 583 ἐστιν
1411 533 1581 603 χωρὶς
1610 533 1702 585 τοῦ

134 612 454 677 ἐπισκόπου,
490 613 614 667 οὔτε
651 615 912 685 βαδίζειν,
949 618 1075 672 οὔτε
1115 620 1337 691 ἀγάπην
1365 626 1558 685 ποιεῖν,
1592 623 1708 676 ἀλλ’

133 698 162 753 δ
189 700 255 754 ἂν
284 704 491 765 ἐκεῖνος
518 705 812 781 δοκιμάσῃ,
838 708 996 763 τοῦτο
1028 711 1125 763 καὶ
1152 712 1229 778 τῷ
1251 712 1370 783 Θεῷ
1391 714 1703 785 εὐάρεστον.

148 790 206 843 ’Θ
237 791 331 844 τὸν
362 793 659 848 ἐπίσκοπον
694 797 887 866 τιμῶν,
930 800 1033 852 ὑπὸ
1064 801 1158 854 τοῦ
1184 802 1319 855 Θεοῦ
1352 805 1601 873 τιμᾶται.
1653 804 1713 857 Ὀ

136 880 311 949 λάθρα
352 883 653 937 ἐπισκόπου
680 904 731 939 τι
765 887 1043 956 πράσσων,
1066 890 1145 960 τῷ
1176 891 1408 961 διαϐόλῳ
1435 892 1709 962 λατρεύει.

151 971 472 1039 Ἀναγκαῖον
499 968 555 1027 δέ
589 977 755 1041 ἐστιν,
791 978 1193 1035 ὑποτάσσεσθαι
1233 983 1328 1035 καὶ
1363 981 1441 1053 τῷ
1476 984 1714 1053 πρεσϐυ-

137 1064 323 1133 τερίῳ,
353 1067 427 1130 ὡς
458 1067 778 1132 ἀποστόλοις
818 1071 993 1140 Ἰησοῦ
1038 1073 1299 1142 Χριστοῦ,
1326 1075 1426 1144 τῆς
1469 1076 1713 1140 Ἐλπίδος

139 1154 316 1223 ήμῶν,
350 1157 489 1209 κατὰ
525 1159 700 1211 πάντα
732 1160 935 1230 τρόπον
965 1163 1135 1215 πᾶσιν
1184 1163 1463 1234 ἀρέσκειν.
1495 1167 1571 1218 05
1605 1167 1715 1237 γὰρ

142 1243 446 1314 βρωμάτων
480 1247 575 1301 καὶ
598 1250 861 1318 πομάτων
890 1253 1031 1307 εἱσὶν
1067 1253 1719 1330 διάκονοι,άλλὰῈκκλη-

141 1334 263 1399 σίας
312 1337 453 1390 Θεοῦ
496 1339 789 1409 ὑπηρέται.
835 1343 964 1399 Δέον
1013 1341 1105 1401 οῦν
1165 1349 1315 1401 ἐστιν
1363 1350 1563 1413 αὑτοὺς
1613 1368 1717 1419 φυ-

138 1425 435 1482 λάσσεσθαι
467 1429 533 1483 τὰ
578 1432 897 1503 ἐγκλήματα
940 1436 1015 1500 ὡς
1061 1438 1195 1510 πῦρ.
1238 1440 1471 1510 Ὁμοίως
1516 1442 1717 1506 πάντες

139 1519 591 1588 ἐντρεπέσθωσαν
614 1524 738 1587 τοὺς
762 1525 1044 1591 διακόνους
1073 1530 1148 1594 ὡς
1204 1530 1415 1602 Ἰησοῦν
1459 1534 1716 1605 Χριστὸν,

137 1610 233 1661 καὶ
264 1609 683 1667 τδν’ἐπίσκοπον
710 1615 787 1679 ὡς
825 1618 921 1670 τὸν
962 1621 1182 1691 Πατέρα
1202 1638 1216 1652 ⁸
1258 1625 1385 1685 τοὺς
1406 1624 1459 1676 δὲ
1483 1624 1720 1695 πρεσϐυο

136 1699 326 1770 τέρους
383 1702 459 1765 ὡς
510 1705 786 1777 συνέδριον
838 1707 998 1775 Θεοῦ,
1030 1713 1125 1765 καὶ
1150 1711 1226 1776 ὡς
1254 1713 1454 1783 δεσμὸν
1482 1714 1718 1768 άποστό-
1749 1726 1774 1783 _'

137 1788 276 1842 λων·
331 1793 501 1862 χωρὶς
542 1776 749 1848 τούτων
797 1795 1097 1869 Ἐκκλησία
1142 1801 1204 1854 οὐ
1254 1776 1543 1857 καλεῖται’
1597 1818 1719 1857 συν-
1749 1776 1790 1829 Β

139 1884 335 1954 ηγορεῖ
359 1884 414 1936 δὲ
443 1884 521 1956 τῷ
544 1886 686 1958 λόγῳ
702 1890 796 1949 καὶ
824 1892 854 1943 6
878 1890 1062 1961 Νόμος
1086 1892 1281 1963 λέγων’
1305 1910 1330 1947 ‹
1345 1897 1559 1971 Φυλάξῃ
1590 1899 1720 1968 σφό-

140 1973 239 2043 δρα
285 1975 428 2029 κατὰ
472 1978 671 2039 πάντα,
703 1981 804 2033 ὅσα
837 1981 903 2035 ἂν
935 1983 1081 2036 εἴποι
1115 2001 1198 2038 σοι
1238 1984 1266 2038 6
1316 1988 1515 2058 ἱερεὺς,
1560 1990 1717 2059 ποιή-

144 2080 291 2128 σεις·
320 2065 420 2118 οὑκ
455 2068 711 2139 ἐκκλίνῃς
759 2071 868 2125 ἀπὸ
898 2072 994 2125 τοῦ
1035 2076 1284 2145 ῥήματος
1326 2076 1477 2143 δεξιὰ
1523 2080 1556 2150 ἢ
1601 2081 1724 2150 ἀρι-

146 2155 328 2225 στερά.
380 2157 494 2211 Kal
542 2158 844 2230 ἄνθρωπος,
877 2163 936 2228 ὃς
975 2164 1043 2221 ἂν
1092 2170 1293 2239 ποιήσῃ
1342 2169 1720 2241 ὑπερηφανίαν

144 2246 235 2299 τοῦ
266 2246 344 2319 μὴ
374 2248 605 2304 ἀκοῦσαι
633 2252 727 2305 τοῦ
757 2255 971 2324 ἱερέως,
1004 2256 1354 2322 ἀποθανεῖται
1382 2264 1410 2316 ὁ
1434 2262 1722 2332 ἄνθρωπος

148 2339 373 2403 ἐκεῖνος.
414 2360 433 2393 ι
485 2341 544 2396 ’0
568 2342 622 2396 δὲ
650 2348 941 2418 προφήτης
967 2350 1252 2422 Μαλαχίας
1278 2353 1464 2422 φησὶν,
1497 2372 1516 2411 ι
1554 2357 1723 2429 Χείλη

151 2429 342 2502 ίερέως
371 2430 592 2499 φυλάξει
628 2434 852 2502 γνῶσιν,
902 2438 996 2491 καί
1025 2439 1190 2510 νόμον
1222 2440 1616 2511 ἐκζητήσουσιν
1662 2446 1726 2499 ἐκ

152 2518 425 2589 στόματος
445 2520 631 2588 αὐτοῦ,
661 2523 795 2577 διότι
825 2526 1059 2595 ἄγγελος
1102 2530 1307 2601 Κυρίου
1353 2534 1726 2603 παντοκράτο-

158 2611 245 2681 ρός
287 2612 461 2667 ἐστιν.
521 2613 612 2668 Ἑν
657 2616 853 2689 εἰρήνῃ
893 2619 1241 2675 κατευθύνων
1288 2623 1560 2695 ἐπορεύθη
1610 2626 1728 2697 μετ’

155 2699 288 2768 ἐμοῦ
313 2742 331 2767 ,
371 2703 465 2756 καὶ
508 2704 736 2769 πολλοὺς
784 2709 1118 2781 ἐπέστρεψεν
1161 2711 1223 2776 ἐξ
1269 2712 1509 2777 άδικίας.-
1545 2734 1563 2767 ι
1622 2717 1731 2771 Kal

157 2788 315 2853 ἆὶλος
337 2808 350 2821 ·
390 2811 409 2844 ι
458 2794 545 2848 Ἐν
578 2796 676 2868 ὅλῃ
705 2800 770 2868 τῇ
801 2798 946 2869 ψυχῇ
998 2817 1093 2854 σου
1121 2802 1353 2856 εὐλαϐοῦ
1383 2805 1476 2859 τὸν
1504 2808 1728 2877 Κύριον,

1814 544 2011 605 parant
2065 551 2093 589 a
2135 550 2298 606 grege
2332 534 2570 603 relique,
2618 532 2749 587 ferai
2795 529 3080 600 abripiunt
3105 530 3165 583 et
3188 528 3388 583 emti-

1812 643 1903 682 cas
1922 643 1987 682 ac
2015 627 2355 696 dispalantes
2396 626 2453 679 in
2484 639 2639 679 Suam
2674 629 3007 678 convertunt
3048 619 3387 676 alimoniam.

1811 718 2003 786 itaque
2030 716 2213 786 quoad
2242 716 2363 786 ejus
2395 714 2511 767 ﬁeri
2547 721 2749 783 potest,
2785 712 2905 766 sine
2937 710 3200 780 episcopo
3226 721 3393 762 nemo

1813 809 2076 878 baptizct,
2106 824 2216 861 non
2248 822 2419 878 agape
2446 806 2794 869 celebretur;
2831 816 2956 857 nam
2999 798 3270 870 quidquid
3299 797 3393 868 ille

1814 898 2138 969 probaverit
2165 897 2504 960 faciendum,
2529 897 2635 950 hoc
2655 896 2770 950 Deo
2810 908 3073 964 perquam
3100 896 3391 958 acceptum

1816 991 2012 1046 scitote
2043 1005 2183 1043 esse.
2221 988 2553 1058 Episcopum
2580 987 2673 1056 qui
2705 987 2963 1049 honorat,
2986 984 3178 1051 utique
3212 980 3393 1034 bono.

1817 1089 1971 1134 ratur
1998 1096 2028 1134 a
2049 1082 2182 1135 Deo.
2197 1079 2299 1146 Qui
2321 1080 2459 1134 clam
2482 1078 2742 1147 episcopo
2765 1076 2987 1146 quid‘vis
3002 1073 3186 1143 operis
3204 1083 3397 1141 aggre-

1816 1171 1989 1236 ditur,
2014 1170 2236 1225 diabolo
2255 1170 2478 1224 exhibet
2495 1169 2790 1223 culturam.
2816 1164 3029 1234 1232
3048 1163 3286 1217 Necesse
3313 1158 3396 1192 ⁸⁸*

1818 1263 1986 1335 igitur
2013 1263 2275 1333 episcopo
2299 1260 2532 1331 subjecti
2566 1268 2624 1312 ut
2644 1259 2756 1313 sint
2775 1257 2944 1312 etiam
2980 1251 3310 1324 presbyteri,
3334 1256 3396 1303 ut

1817 1362 1874 1408 et
1906 1351 2141 1422 apostoli
2166 1352 2296 1407 .lesu
2326 1350 2571 1413 Christo,
2600 1348 2695 1417 qui
2721 1346 2883 1401 nobis
2908 1358 3034 1413 spes
3072 1342 3235 1396 unica
3262 1348 3350 1394 est
3379 1353 3394 1392 ς

1821 1442 1902 1515 [in
1939 1459 2049 1513 quo
2074 1442 2121 1497 si
2173 1442 2433 1505 vivimus,
2488 1440 2839 1494 inveniemur
2899 1435 3143 1490 tandem.
3185 1431 3294 1486 Sed
3340 1438 3401 1484 et

1819 1534 2057 1600 diaconi,
2086 1542 2326 1603 oportet,
2352 1532 2611 1603 mysteria
2640 1530 2769 1584 Jesu
2800 1527 3005 1584 Christi
3046 1534 3107 1579 ut
3132 1523 3264 1578 dum
3297 1520 3399 1576 ad-

1820 1625 2159 1688 ministrant,
2195 1623 2330 1678 dent
2362 1622 2589 1677 interim
2625 1620 2804 1675 modis
2849 1616 3110 1672 omnibus
3144 1608 3395 1682 operam]

1820 1718 1958 1791 grati
1995 1725 2057 1772 ut
2096 1716 2208 1771 sint
2251 1714 2512 1770 omnibus
2544 1722 2712 1782 atque
2762 1709 3049 1764 amabiles.
3080 1706 3200 1761 Non
3248 1700 3399 1764 enim

1818 1790 2229 1865 esculentorum
2256 1814 2388 1860 sunt
2431 1813 2527 1859 aut
2558 1801 2982 1873 poculentorum
3014 1794 3276 1857 ministri,
3301 1790 3399 1847 sed

1821 1900 2080 1957 Ecclesiae
2114 1899 2212 1953 Dei
2254 1896 2631 1952 subserviunt.
2673 1893 2908 1953 Necesse
2946 1889 3115 1959 igitur
3137 1885 3195 1941 hi
3226 1892 3286 1938 ut
3316 1882 3403 1936 vi-

1822 2001 1940 2049 tent
1986 1993 2239 2053 crimina,
2270 1988 2504 2060 perinde
2546 2001 2611 2043 ac
2652 1987 2834 2056 ignem
2876 2000 2889 2035 :
2922 1996 3025 2035 nec
3064 1992 3227 2033 secus
3282 1974 3405 2029 dia—

1822 2098 1992 2138 conos
2024 2088 2343 2135 reverenter
2363 2078 2667 2136 observent
2704 2086 2899 2128 omnes
2922 2078 3090 2138 atque
3117 2064 3405 2122 Christum

1821 2174 2030 2239 Jesum,
2079 2179 2136 2226 et
2194 2171 2514 2240 episcopum
2556 2164 2711 2236 quasi
2753 2171 3001 2233 patrem,
3050 2155 3405 2228 presbyteros

1827 2274 1887 2319 ut
1908 2264 2002 2319 Dei
2035 2261 2327 2318 concilium
2353 2268 2407 2314 et
2435 2258 2595 2328 quasi
2618 2254 2901 2309 vinculum
2926 2248 3241 2320 apostolica:
3270 2244 3407 2298 cha-

1825 2355 2026 2410 ritatis.
2065 2351 2163 2407 His
2215 2351 2336 2407 sine
2374 2349 2698 2417 neutiquam
2731 2351 2963 2399 vocatur
3009 2337 3253 2395 Ecclesia
3281 2333 3403 2389 Dei.

1827 2446 2175 2517 Suﬂ‘ragatur
2206 2452 2393 2499 autem
2419 2439 2657 2495 orationi
2688 2438 2778 2492 lex
2801 2436 2965 2490 etiam
2989 2431 3214 2486 dicens:
3250 2445 3267 2477 ι
3291 2424 3405 2481 Cu-

1829 2537 2036 2595 stodies
2066 2534 2245 2597 valde,
2275 2534 2431 2604 juxta
2462 2528 2647 2584 omnia
2693 2541 2815 2596 qua:
2843 2522 3047 2579 dixerit
3091 2518 3190 2573 tibi
3224 2528 3410 2570 sacer-

1830 2630 1951 2694 dos,
1976 2690 1981 2699 ,
2002 2626 2192 2681 facies.
2229 2624 2348 2678 Non
2377 2619 2682 2675 declinabis
2714 2633 2743 2670 a
2781 2614 2977 2676 verbo,
3011 2611 3080 2666 ad
3123 2610 3409 2664 dexteram

1831 2722 1916 2774 vel
1951 2697 2019 2773 ad
2059 2716 2360 2772 sinistram.
2402 2710 2471 2765 Et
2503 2710 2671 2763 homo
2701 2707 2797 2776 qui
2831 2703 3031 2759 fecerit
3068 2697 3408 2769 superbiam,

1834 2821 1895 2868 ut
1925 2825 2034 2865 non
2066 2807 2254 2863 audiat
2280 2803 2646 2866 sacerdotem,
2683 2798 2958 2853 morietur
2984 2795 3155 2848 homo
3187 2789 3279 2843 ille
3305 2787 3406 2841 ⁸⁸.)

157 2882 403 2946 καὶτοὺς
450 2885 614 2955 ἱερεῖς
659 2888 823 2942 αὑτοῦ
869 2889 1134 2961 θαύμαζε,
1167 2892 1225 2945 ἐν
1266 2893 1361 2965 ὅλῃ
1399 2898 1464 2967 τῇ
1504 2896 1731 2968 δυνάμει

1837 2901 2113 2971 Propheta
2149 2912 2285 2951 vero
2332 2892 2629 2948 Malachias
2674 2890 2752 2943 ait
2786 2905 2801 2941 :
2841 2904 2860 2937 ι
2896 2884 3068 2939 Labia
3107 2877 3413 2936 sacerdotis

159 2987 251 3023 σου
297 2973 487 3041 ἀγάπα
513 2975 605 3028 τὸν
644 2979 949 3048 ποιήσαντά
994 2998 1074 3044 σε,
1103 2981 1352 3049 καὶτοὺς
1393 2983 1731 3060 λειτουργοὺς

1837 2989 2152 3047 custodient
2188 2983 2499 3045 scientiam,
2538 2988 2595 3035 et
2640 2979 2814 3048 legem
2863 2973 3162 3043 exquirent
3205 2983 3273 3023 ex
3316 2980 3414 3019 ore

157 3062 325 3156 αὑτοῦ
372 3065 449 3135 μὴ
497 3066 897 3145 ἐγκαταλίπῃς.
956 3073 1127 3126 Φοϐοῦ
1198 3075 1291 3128 τὸν
1347 3055 1589 3149 Κύριον,
1620 3055 1731 3136 ἠκαὶ

1838 3083 1978 3153 ejus,
2006 3076 2265 3149 quoniam
2296 3073 2524 3143 angelus
2556 3067 2774 3124 Domini
2801 3060 3200 3133 omnipotentis
3224 3064 3329 3112 est.
3351 3055 3415 3108 In

158 3153 349 3220 δόξαζε
377 3155 549 3228 ἱερέα.
580 3177 598 3211 ι
633 3161 743 3215 Καὶ
773 3158 927 3226 αὖθις
950 3164 979 3215 6
1001 3164 1184 3235 Νόμος
1203 3183 1218 3199 ο
1253 3185 1274 3219 ε
1313 3169 1375 3222 Οἱ
1406 3171 1571 3240 ἱερεῖς
1592 3172 1736 3241 ἆγιοι

160 3242 377 3334 έσονται
403 3246 481 3317 τῷ
520 3248 641 3319 Θεῷ
671 3251 884 3305 αὑτῶν*
916 3252 1012 3317 τὰς
1058 3253 1163 3325 γὰρ
1208 3256 1402 3322 θυσίας
1445 3261 1636 3332 Κυρίῳ
1663 3263 1742 3334 τῷ

158 3332 278 3404 Θεῷ
302 3336 483 3390 αὐτῶν
510 3339 662 3392 αὑτοὶ
692 3340 1126 3413 προσφέρουσιν·
1156 3347 1252 3398 καὶ
1284 3346 1499 3402 ἔσονται
1525 3349 1688 3419 ἅγιοι.

164 3439 184 3473 ι
227 3424 340 3478 Καὶ
372 3427 531 3480 πάλιν
561 3445 575 3461 ο
617 3447 637 3481 ε
683 3430 740 3483 '0
786 3434 966 3502 ἱερεὺς
1012 3434 1168 3504 ἅγιός
1205 3437 1356 3492 ἐστιν
1396 3440 1604 3509 Κυρίου
1646 3443 1741 3496 τοῦ

159 3514 332 3575 Θεοῦ*
379 3517 448 3572 τὰ
500 3520 608 3592 γὰρ
658 3518 805 3593 δῶρα
856 3524 1049 3596 Κυρίῳ
1092 3526 1169 3597 τῷ
1218 3527 1338 3601 Θεῷ
1391 3531 1547 3600 ήμῶν
1587 3528 1742 3598 οὗτος

158 3611 481 3681 προσφέρει,
515 3613 611 3666 καὶ
662 3613 815 3683 ἅγιος
853 3615 1007 3671 ἔσται
1056 3635 1160 3686 σοι.
1204 3621 1313 3673 Kal
1348 3615 1501 3676 εἶπεν
1538 3624 1742 3696 Κύριος

158 3702 294 3774 πρὸς
342 3704 575 3775 Ἀαρὼν.
607 3706 804 3776 λέγωνξ
864 3708 1007 3778 Ἐγὼ
1039 3711 1197 3781 μερίς
1227 3730 1319 3769 σου
1356 3716 1452 3770 καὶ
1490 3716 1744 3788 κληρονο-

158 3793 257 3870 μία
280 3812 294 3826 ·
332 3796 430 3849 καὶ
476 3796 858 3869 λειτουργήσει
906 3804 934 3854 6
977 3802 1112 3859 Λευῒ
1161 3805 1242 3867 εἰς
1277 3805 1376 3871 τὴν
1414 3808 1617 3879 σκηνὴν
1648 3810 1741 3862 τοῦ

160 3887 486 3957 μαρτυρίου.
522 3890 632 3943 Καὶ
673 3892 831 3946 αὑτοὶ
859 3893 1124 3964 λήψονται
1152 3895 1218 3950 τὰ
1249 3897 1625 3970 ἁμαρτήματα
1647 3900 1741 3953 τοῦ

156 3977 309 4033 λαοῦ.
368 3980 476 4032 Kal
528 3979 599 4033 τὰ
652 3982 1009 4054 ἀφαιρέματα
1060 3985 1270 4042 δέδωκα
1306 3991 1417 4051 τοῖς
1463 3992 1741 4055 Λευῖταις.

159 4069 283 4123 Ὅτι
317 4071 508 4139 μισθὸς
537 4072 718 4125 αὐτῶν
746 4074 875 4143 ὑμῖν
903 4078 1041 4141 ἐστι,
1092 4078 1212 4132 ἀντὶ
1241 4080 1351 4132 τῶν
1383 4078 1742 4152 λειτουργιῶν

159 4159 331 4228 ὑμῶν.
378 4179 399 4212 θ
450 4161 509 4215 Ὁ
546 4163 603 4215 δὲ
658 4162 886 4229 Ἡσαΐας
953 4167 1141 4238 φησὶν,
1195 4169 1428 4240 «Ὑμεῖς
1470 4169 1525 4224 δέ
1578 4173 1744 4242 ἱερεῖς

155 4249 366 4320 Κυρίου
394 4250 751 4323 κληθήσεσθε,
784 4255 1089 4326 λειτουργοὶ
1138 4259 1232 4311 τοῦ
1265 4260 1422 4315 Θεοῦ.
1483 4281 1501 4314 ι
1557 4264 1667 4317 Kal
1714 4268 1743 4319 6

171 4337 461 4411 Ἱερεμίας,
501 4360 520 4394 ι
561 4343 869 4411 Μεγαλυνῶ
902 4346 997 4401 καὶ
1030 4348 1246 4417 μεθύσω
1277 4350 1375 4420 τὴν
1409 4351 1589 4424 ψυχὴν
1632 4353 1741 4409 τῶν

1844 3144 1976 3243 pace
2002 3144 2248 3238 dirigens
2282 3162 2585 3218 ambulavit
2618 3173 2860 3217 mecum,
2906 3164 2962 3209 et
2985 3152 3189 3207 multos
3214 3144 3417 3201 avertit

1842 3240 1912 3316 Ξιι)
1943 3259 2231 3328 iniquitate
2260 3256 2328 3309 ιθ.
2377 3274 2396 3307 ι
2450 3253 2520 3308 Ει
2567 3251 2710 3305 alius
2751 3266 2765 3302 ε
2803 3267 2821 3299 ‹
2867 3247 2926 3301 In
2963 3251 3075 3301 tota
3109 3240 3291 3295 anima
3324 3244 3416 3290 tua

1844 3352 1976 3407 time
2010 3349 2329 3412 Dominum,
2351 3351 2405 3399 et
2438 3340 2756 3408 sacerdotes
2792 3339 2912 3408 ejus
2943 3332 3185 3402 suscipe.
3216 3329 3276 3383 In
3305 3336 3418 3381 tota

1843 3441 2048 3495 virtute
2104 3446 2195 3490 tua
2240 3435 2408 3503 dilige
2461 3448 2612 3497 eum,
2643 3430 2735 3499 qui
2774 3437 2827 3483 te
2859 3425 3013 3490 fecit,
3049 3431 3105 3478 et
3130 3421 3420 3475 ministros

1843 3534 1963 3603 ejus
1986 3546 2056 3585 ne
2086 3528 2457 3597 derelinquas.
2498 3524 2655 3579 Time
2690 3521 2984 3578 Dominum
3021 3524 3077 3570 et
3110 3509 3420 3568 honoriﬁca

1843 3622 2185 3680 sacerdotem
2215 3618 2282 3673 ".
2319 3637 2336 3670 ι
2368 3617 2435 3673 Ει
2477 3617 2564 3670 lex
2592 3629 2789 3668 rursus
2818 3628 2832 3665 :
2871 3631 2889 3663 ι
2936 3606 3264 3665 Sacerdotes
3296 3616 3422 3655 san-

1842 3715 1917 3770 eti
1962 3721 2127 3769 erunt
2167 3711 2283 3765 Deo
2332 3725 2434 3764 suo
2481 3726 2495 3761 :
2543 3703 2815 3761 sacriﬁcia
2858 3701 3007 3756 enim
3037 3698 3275 3754 Domino
3306 3695 3420 3749 Deo

1845 3823 1946 3863 suo
1971 3804 2076 3876 ipsi
2107 3802 2372 3863 offerunt,
2405 3807 2462 3855 et
2508 3804 2676 3854 erunt
2700 3793 2878 3853 sancti
2914 3792 2982 3846 δ’.
3024 3809 3042 3841 ι
3068 3790 3139 3844 Ει
3174 3802 3369 3843 rursus
3402 3799 3420 3839 ι

1852 3919 1870 3950 ι
1904 3895 2176 3953 Sacerdos
2226 3901 2451 3948 sanctus
2494 3901 2580 3944 est
2625 3886 2839 3942 Domini
2882 3882 2976 3940 Dei
3036 3896 3051 3934 :
3094 3879 3238 3935 dona
3273 3876 3422 3931 enim

1843 3986 2079 4043 Domino
2112 3986 2224 4039 Deo
2263 3990 2457 4036 nostro
2503 3979 2607 4034 iste
2639 3976 2837 4040 offert,
2869 3982 2926 4028 et
2963 3976 3187 4025 sanctus
3214 3964 3321 4020 erit
3355 3962 3425 4017 ti-

1842 4079 1897 4135 bi
1930 4077 1997 4132 δ’.
2038 4095 2159 4127 ι--ι
2202 4074 2270 4130 Ει
2294 4074 2368 4128 ait
2401 4072 2668 4126 Dominus
2706 4067 2775 4122 ad
2828 4065 3048 4126 Aaron,
3085 4058 3277 4114 dicens
3309 4073 3321 4108 :
3356 4053 3426 4107 Et

1844 4166 2184 4225 ministrabit
2238 4163 2370 4218 Levi
2410 4158 2765 4218 tabernaculo
2827 4151 3159 4214 testimonii,
3205 4157 3261 4201 et
3315 4143 3423 4214 ipsi

1845 4271 2066 4317 sument
2112 4265 2334 4328 peccata
2372 4252 2559 4325 populi
2601 4270 2614 4305 :
2654 4258 2710 4306 et
2740 4246 3121 4319 separationes
3166 4238 3294 4299 dedi
3324 4236 3427 4291 Le-

1843 4349 1976 4405 vitis
2002 4365 2016 4401 :
2048 4345 2311 4417 quoniam
2345 4357 2557 4397 merces
2605 4341 2708 4396 ista
2734 4346 2820 4393 est
2853 4335 3013 4389 vobis
3042 4346 3143 4401 pro
3169 4328 3424 4384 ministe-

158 4430 369 4503 ἱερέων.
429 4451 448 4485 ι
507 4433 781 4500 Ὡσαύτως
817 4438 910 4491 καὶ
946 4440 974 4491 6
1024 4439 1207 4506 Δαυῖδ,
1262 4459 1280 4492 ι
1312 4442 1375 4496 Οἱ
1423 4423 1587 4513 ἱερεῖς
1621 4461 1731 4509 σου,

1846 4443 1947 4498 riis
1974 4441 2173 4495 vestris
2202 4439 2270 4490 ⁵ο.
2310 4456 2328 4488 ι
2366 4434 2534 4490 Isaias
2570 4447 2743 4502 porro
2768 4426 2949 4498 inquit
2991 4442 3004 4478 :
3045 4444 3062 4475 ι
3099 4423 3208 4477 Vos
3239 4425 3426 4473 autem

155 4521 360 4589 λέγων,
416 4524 731 4580 ἐνδύσονται
755 4527 1141 4600 δικαιοσύνην,
1202 4530 1297 4583 καὶ
1346 4531 1396 4583 οἱ
1453 4531 1590 4587 ὅσιοί
1644 4549 1739 4586 σου

155 4611 595 4680 ἀγαλλιάσονται.
639 4635 659 4668 ι
712 4617 770 4671 'O
801 4618 858 4670 δὲ
898 4619 1112 4683 Παῦλος
1138 4636 1151 4650 ·
1212 4640 1231 4672 ι
1272 4623 1386 4685 Πᾶς
1418 4623 1527 4694 γὰρ
1557 4623 1741 4694 ἀρχιεο

159 4703 308 4770 ρεὺς.
337 4705 524 4774 φησὶν,
556 4706 636 4769 εἱς
653 4708 713 4760 τὸ
738 4709 1066 4778 προσφέρειν
1097 4711 1247 4781 δῶρά
1274 4729 1333 4765 τε
1380 4714 1478 4767 καὶ
1524 4713 1736 4781 θυσίας,

158 4789 515 4847 καθίσταται·
541 4796 755 4861 οἵτινες
786 4798 1146 4869 ὑποδείγματι
1169 4800 1265 4853 xal
1298 4803 1425 4873 σκιᾷ
1454 4802 1741 4871 λατρεύου·

158 4896 245 4934 σιν
270 4882 378 4935 τῶν
411 4884 775 4956 ἐπουρανίων.
810 4886 924 4941 Νῦν
972 4889 1029 4941 δὲ
1071 4890 1481 4961 διαφορωτέρας
1510 4893 1742 4964 τετύχη-

153 4988 252 5024 κεν
279 4971 644 5046 λειτουργίας,
681 4974 806 5031 ὅσον
835 4980 930 5032 καὶ
955 4980 1261 5050 κρείττονος
1285 4981 1550 5053 διαθήκης
1593 4985 1742 5036 ἐστ“.ν

155 5060 402 5136 μεσίτης.
445 5085 462 5117 ι
517 5068 629 5122 Καὶ
676 5070 894 5138 ἐπάγει,
942 5071 1153 5140 λέγων·
1219 5092 1238 5125 ι
1304 5073 1629 5145 Ἐρωτῶμεν
1684 5076 1742 5129 δὲ

152 5151 321 5221 ὑμᾶς,
355 5155 595 5226 ἀδελφοὶ,
628 5160 826 5214 εἰδέναι
854 5161 980 5226 τοὺς
1006 5161 1314 5227 κοπιῶντας
1357 5166 1414 5218 ἐν
1445 5167 1595 5235 ὑμῖν,
1646 5168 1742 5222 καὶ

151 5249 586 5319 προϊσταμένους
610 5252 737 5321 ὑμῖν
760 5255 817 5306 ἐν
835 5254 1047 5325 Κυρίῳ,
1061 5257 1154 5308 καὶ
1171 5256 1555 5322 νουθετοῦντας
1576 5260 1744 5328 ὑμᾶς,

150 5337 248 5390 καὶ
303 5340 558 5411 ἡγεῖσθαι
604 5344 804 5409 αὐτοὺς
855 5346 994 5413 ὑπὲρ
1050 5348 1382 5417 ἐκπερισσοῦ
1428 5350 1487 5401 ἐν
1528 5344 1741 5423 ἀγάπῃ,

149 5428 237 5482 διὰ
295 5433 359 5486 τὸ
406 5433 567 5506 ἔργον
631 5437 811 5490 αὐτῶν
843 5439 1154 5511 εἰρηνεύετε
1200 5440 1260 5493 ἐν
1311 5441 1542 5505 ἑαυτοῖς.
1581 5462 1598 5495 υ
1633 5446 1744 5499 Kal

222 5565 404 5641 W‘Ex
431 5568 792 5641 lgnat.Epist.
821 5571 876 5635 2,
908 5570 972 5624 ad
1005 5571 1173 5626 Trall.
1249 5572 1294 5604 ⁸⁵
1328 5572 1486 5627 Deut.
1520 5590 1648 5638 xvii,
1682 5576 1768 5637 lt),
1803 5576 1890 5631 ll.

152 5639 351 5708 33:16.
454 5639 498 5672 ε’
531 5639 756 5697 ἰὴῑιιζθ.
852 5644 897 5673 ⁵ο
928 5642 1086 5695 Num.
1140 5657 1281 5708 xvnt,
1354 5645 1398 5707 l,
1434 5644 1486 5697 2.

154 5705 200 5754 5.?
238 5707 406 5764 llebr.
439 5726 493 5776 v,
526 5713 577 5764 l.
626 5712 695 5794 ‘f”
726 5711 889 5766 llebr.
919 5729 1032 5791 viti,
1062 5714 1112 5768 1‘5.

1600 5648 1639 5677 ”
1675 5647 1777 5706 lsa.
1843 5661 1946 5715 uti,
1988 5648 2039 5703 6.

1846 4532 2164 4591 sacerdotes
2193 4527 2411 4584 Domini
2462 4520 2797 4579 vocabimini
2854 4515 3096 4572 ministri
3137 4512 3236 4567 Dei
3277 4511 3345 4563 ⁸⁸.
3402 4525 3421 4559 ι

1845 4658 1916 4669 ——
1947 4647 1964 4679 ι
2006 4621 2362 4695 Magniﬁeabo
2388 4660 2401 4683 ,
2443 4626 2500 4672 ct
2545 4612 2833 4671 incbriabo
2868 4610 3108 4665 animam
3162 4603 3427 4659 sacerdo—

1848 4728 1965 4775 tum
2004 4717 2070 4769 5’.
2102 4693 2128 4765 ἡ»
2165 4712 2436 4769 Similiter
2470 4708 2635 4763 etiam
2665 4702 2835 4759 David
2865 4718 2878 4754 :
2911 4717 2927 4751 ι
2968 4696 3297 4775 Sacerdotes
3325 4693 3428 4759 tui,

1849 4809 2129 4880 inquiens,
2161 4804 2464 4859 induuntur
2495 4799 2784 4872 justitiam,
2816 4804 2872 4849 et
2902 4790 3075 4848 sancti
3126 4789 3208 4843 tui
3240 4773 3427 4841 exsul-

1850 4874 2046 4953 tabunt
2066 4896 2132 4948 ⁸³.
2167 4913 2184 4945 ι
2216 4893 2420 4948 Paulus
2454 4907 2586 4946 vero
2614 4907 2627 4942 :
2661 4908 2678 4938 ‹
2707 4884 2899 4942 Omnis
2930 4877 3197 4952 pontifex.
3226 4874 3429 4944 inquit,

1849 4985 2231 5049 constituitur,
2278 4991 2339 5037 ut
2382 4982 2580 5037 otl‘crat
2613 4977 2758 5035 dona
2789 4981 2845 5029 et
2882 4968 3152 5029 sacrificia
3179 4966 3262 5031 ";
3307 4983 3325 5015 ι
3365 4991 3433 5003 --

1859 5099 1876 5130 ι
1910 5078 2004 5148 qui
2054 5073 2352 5145 cvcmplari
2377 5083 2432 5128 et
2462 5072 2671 5126 umbra:
2705 5064 3027 5123 deserviunt
3073 5058 3381 5116 caelestium
3416 5075 3428 5110 :

1848 5186 1996 5226 nunc
2057 5176 2240 5224 autem
2287 5163 2648 5220 excellentius
2675 5156 3043 5213 ministerium
3073 5152 3299 5207 sortitus
3325 5154 3433 5228 est,

1849 5272 2057 5334 quanto
2085 5271 2141 5317 ct
2182 5260 2381 5314 melius
2413 5265 2802 5311 testamentum
2829 5254 2897 5306 ⁵⁵.
2938 5273 2955 5305 ι
2996 5250 3064 5305 Et
3094 5244 3305 5316 adjicit,
3346 5241 3426 5301 die

1850 5371 1983 5412 cens
2019 5373 2032 5409 :
2069 5373 2088 5406 ι
2124 5354 2401 5423 Rogamus
2437 5358 2618 5404 autem
2648 5364 2746 5402 vos
2768 5388 2782 5411 ,
2817 5355 2877 5401 ut
2909 5340 3173 5400 noveritis
3204 5352 3301 5392 eos
3331 5332 3427 5405 qu'.

1851 5445 2107 5501 laborant
2154 5445 2209 5497 in
2256 5443 2433 5509 vobis,
2487 5450 2542 5495 ct
2574 5439 2873 5511 praesident
2909 5437 3067 5493 vobis
3116 5433 3171 5488 in
3194 5428 3432 5495 Dominq

1966 5578 2011 5607 “‘
2039 5576 2267 5633 Malacli.
2296 5592 2354 5639 ιι,
2383 5577 2414 5629 7
2436 5617 2449 5640 ,
2473 5573 2525 5628 8.
2602 5572 2648 5603 ⁸⁷
2678 5572 2852 5627 Eceli.
2891 5585 2985 5640 vn,
3011 5570 3100 5624 51.
3178 5566 3225 5601 ⁸⁸
3248 5567 3425 5640 Levii,

2147 5650 2190 5680 δ’
2223 5635 2445 5706 Jereiin
2482 5660 2641 5709 xxxi,
2682 5643 2766 5699 ll.
2871 5640 2917 5671 ⁸³
2958 5639 3100 5694 Psal.
3150 5655 3305 5697 exui
3334 5635 3426 5711 ,9,
