4014 6310
583 291 720 357 Ῑ333
1848 297 2148 357 ANTIOCI

2253 296 2560 357 MONACH
2565 297 2592 356 Ι
3731 291 3868 356 ιεξι

575 411 636 458 ct
676 401 976 457 admonent
1003 414 1122 464 vos,
1153 407 1211 455 et
1236 406 1298 453 ut
1325 397 1578 454 habeatis
1623 399 1749 454 illos
1780 397 2148 454 abundantius

2255 399 2437 462 πάλιν,
2474 417 2492 450 ι
2529 399 2592 451 Ol
2624 397 2987 469 πρεσϐύτεροι
3010 400 3204 470 διπλῆς
3243 399 3423 471 τιμῆς
3450 397 3860 464 dimicassent.

579 495 636 548 in
668 492 941 547 charitate
961 500 1190 560 propter
1219 504 1360 560 opus
1385 490 1624 554 illorum,
1654 505 1844 559 pacem
1869 489 2066 548 habete
2095 490 2148 546 in

2257 492 2508 547 Μάλιστα
2556 492 2604 542 ol
2653 490 2954 554 κοπιῶντες
3002 494 3060 544 ἐν
3107 493 3253 561 λόγῳ
3288 492 3394 544 καὶ
3434 491 3773 560 διδασκαλίᾳ
3837 511 3858 543 ι

578 583 990 653 vobismetipsis
1019 582 1085 634 ".
1123 601 1142 632 ι
1170 581 1238 637 Et
1271 597 1468 637 rursus
1502 601 1514 636 :
1546 601 1564 634 ι
1595 580 1909 652 Presbyteri
1943 582 2148 651 duplici

2258 579 2475 650 Πρέπον
2510 574 2604 632 οὖν
2633 579 2802 642 ἐστιν,
2837 581 3130 650 ἀγαπητοὶ,
3183 583 3277 634 καὶ
3309 581 3463 648 φίλοι
3491 579 3659 641 Θεοῦ,
3691 582 3861 633 aias?-

579 673 790 729 honore
822 671 1153 735 allieiantur,
1183 671 1418 724 maxime
1450 671 1546 739 qui
1571 669 1824 724 laborant
1854 707 1870 734 ,
1893 669 1950 723 in
1981 667 2148 722 verbo

2258 669 2383 721 σθαι
2419 669 2545 732 τοὺς
2579 670 2743 739 ἱερεῖς
2773 668 2961 722 αὑτοῦ.
2994 669 3103 733 Οὓς
3139 671 3249 740 γὰρ
3277 672 3308 722 δ
3340 669 3484 732 Θεὸς
3527 669 3858 722 simulacra-ts

575 773 634 818 et
673 763 926 840 doctrina
955 761 1024 813 ⁸⁷.
1069 779 1086 812 ι
1125 759 1397 815 Convenit
1454 759 1638 830 igitur,
1667 758 2054 824 dilectissimi,
2096 766 2148 813 et

2256 759 2352 811 καὶ
2380 757 2650 822 ἐδόξασεν.
2678 758 2890 826 ἀνάγκη
2920 758 3018 812 καὶ
3044 758 3174 820 τοὺς
3196 757 3535 828 ἀνθρώπους
3565 759 3672 828 τὴν
3705 759 3858 826 ὀφει-

577 852 739 907 amici
783 851 904 914 Dei,
958 859 1019 905 ut
1066 851 1386 907 sacerdotes
1436 851 1558 920 ejus
1587 864 1942 904 revereamur
1971 863 1984 898 :
2011 861 2148 917 quos

2255 847 2354 917 λὴν
2380 849 2689 902 ἀποδιδόναι
2709 865 2721 878 ·
2751 851 2846 902 καὶ
2873 849 2972 918 οὐχ
3002 849 3179 920 ἑαυτῷ
3208 867 3292 912 τις
3335 849 3621 917 λαμϐάνει
3657 851 3769 920 τὴν
3791 867 3860 901 τι·

577 945 724 996 enlm
748 943 896 996 Deus
926 942 1029 997 sibi
1053 953 1309 1012 tanquam
1335 943 1594 1011 proprios
1609 941 1827 1002 ascivit,
1849 948 1908 994 et
1940 939 2148 993 honore

2261 940 2386 1010 μὴν,
2413 940 2525 993 ἀλλ’
2554 941 2583 993 ό
2616 939 2948 1010 καλούμενος
2977 940 3082 992 ὑπὸ
3107 940 3202 993 τοῦ
3231 941 3398 994 Θεοῦ.
3432 941 3512 994 οὐ
3561 940 3732 1008 Θέμις
3759 942 3860 992 τοξ-

577 1032 786 1096 allecit,
807 1033 889 1088 eis
907 1048 1130 1086 necesse
1149 1043 1232 1087 est
1251 1042 1310 1086 ut
1331 1032 1585 1086 homines
1611 1032 1860 1086 debitum
1880 1032 2148 1086 honorem

2257 1049 2349 1085 νυν
2382 1031 2509 1086 ποτὲ
2555 1032 2690 1103 ἱερεῖ
2732 1032 3066 1100 ἀντιστῆναι*
3113 1033 3162 1085 oi
3209 1031 3324 1101 γὰρ
3377 1049 3399 1082 ι
3455 1031 3858 1099 ἀντιστάμενει

575 1123 869 1177 deferant:
915 1123 1124 1192 1233
1156 1139 1334 1192 neque
1375 1139 1508 1178 vero
1558 1123 1662 1178 sibi
1698 1123 1826 1193 quis
1878 1123 2148 1177 honorem

2257 1124 2469 1185 αὐτοῖς,
2501 1125 2678 1192 κρῖμα
2724 1122 3290 1191 λήψονται.Ἀρχοντα
3318 1121 3435 1191 γάρ
3463 1121 3566 1173 τοῦ
3597 1120 3736 1174 λαβῦ
3767 1137 3856 1173 σου

575 1213 829 1277 assumit,
866 1213 960 1266 sed
993 1214 1088 1280 qui
1117 1229 1146 1266 a
1177 1213 1290 1267 Deo
1318 1223 1548 1268 vocatus
1571 1223 1676 1268 est.
1706 1213 1852 1267 Nulli
1877 1213 2043 1282 igitur
2069 1211 2148 1268 fas

2255 1215 2355 1268 οὐκ
2377 1215 2526 1285 ἐρεῖς
2555 1213 2758 1276 κακῶς.
2797 1232 2816 1264 ι
2866 1215 2924 1266 '0
2967 1213 3025 1266 δὲ
3061 1213 3287 1283 Κύριος,
3319 1213 3420 1266 καὶ
3459 1213 3652 1280 μέγας
3675 1214 3860 1280 ἀρχιε-

578 1319 822 1372 unquam
873 1304 1042 1358 fuerit
1070 1304 1244 1357 obniti
1281 1320 1344 1359 ac
1376 1306 1674 1360 reclamare
1713 1304 2018 1360 sacerdotis
2045 1303 2148 1358 im-

2258 1307 2406 1376 ρεὺς,
2425 1305 2613 1376 φησὶν,
2633 1323 2654 1356 ι
2673 1303 2733 1357 '0
2759 1305 3050 1374 δεχόμενος
3082 1304 3248 1372 ὑμᾶς,
3277 1303 3384 1373 ἐμὲ
3409 1303 3671 1372 δέχεται,
3706 1304 3806 1355 καὶ
3825 1305 3856 1354 δ

578 1392 737 1460 perio
774 1407 789 1444 :
830 1411 848 1442 ι
885 1392 992 1458 Qui
1039 1393 1191 1447 enim
1243 1393 1547 1460 resistunt,
1597 1394 2008 1450 damnationem
2043 1393 2148 1448 sibi

2256 1399 2353 1468 ἐμὲ
2392 1397 2702 1468 δεχόμενος,
2731 1396 2948 1464 δέχεται
2996 1395 3088 1449 τὸν
3128 1395 3545 1448 ἀποστείλαντά
3577 1411 3678 1464 με.
3717 1413 3738 1446 ι
3787 1425 3855 1436 -

576 1483 871 1552 nequirent
904 1486 970 1537 ⁵³.
1024 1503 1042 1534 ι
1080 1485 1322 1556 Principi
1355 1485 1503 1540 enim
1541 1485 1729 1555 populi
1766 1485 1845 1539 tui
1887 1500 1998 1539 non
2030 1499 2148 1538 ma-

2265 1507 2283 1539 ι
2307 1488 2365 1540 '0
2379 1487 2663 1556 δεχόμενος
2687 1486 3000 1556 προφήτην,
3026 1487 3106 1546 είς
3125 1486 3298 1554 ὄνομα
3316 1487 3642 1555 προφήτου,
3665 1484 3853 1554 μισθὺν

577 1575 783 1630 ledices
837 1578 903 1630 ".
967 1578 1234 1634 Dominus
1282 1581 1414 1633 item
1479 1579 1718 1633 eximius
1763 1579 1854 1634 ille
1897 1578 2148 1633 Pontifex

2256 1579 2536 1650 προφήτου
2592 1575 2843 1648 λήψεται.
2900 1577 3006 1630 Καὶ
3057 1577 3085 1628 ὁ
3131 1575 3427 1644 δεχόμενος
3474 1574 3724 1637 δίκαιον,
3778 1574 3855 1633 εις

577 1667 657 1721 ait
705 1683 720 1720 :
758 1685 777 1720 α
821 1667 924 1735 Qui
961 1667 1196 1739 suscipit
1219 1686 1340 1734 vos,
1398 1685 1486 1724 me
1515 1670 1768 1738 suscipit,
1827 1679 1883 1724 et
1914 1668 2009 1739 qui
2060 1684 2148 1724 me

2254 1664 2424 1733 δνομα
2465 1663 2696 1728 δικαίου,
2743 1663 2932 1734 μισθὸν
2975 1662 3188 1716 δικαίου
3235 1663 3496 1734 λήψεται.
3558 1681 3581 1715 ι
3629 1661 3852 1730 Anapi

576 1759 854 1829 suscipit,
905 1761 1140 1830 suscipit
1189 1777 1318 1817 eum
1371 1762 1464 1831 qui
1517 1777 1604 1816 me
1655 1761 1808 1816 misit
1859 1761 1930 1815 ⁸⁸.
1975 1779 1994 1812 ι
2043 1760 2148 1814 Et:

2257 1754 2385 1820 δόξα
2411 1755 2490 1818 είς
2526 1756 2656 1818 τοὺς
2688 1753 3133 1824 αίῶνας.Ἀμήν.

583 1865 605 1900 σ
666 1848 770 1914 Qui
803 1851 1039 1920 suscipit
1089 1854 1417 1924 prophetam
1467 1854 1522 1908 in
1553 1855 1776 1909 nomine
1826 1847 2446 1923 prophetae,mercedem
2480 1847 2766 1917 propheta:
2789 1847 3026 1916 accipiet
3057 1863 3071 1901 :
3115 1855 3174 1902 et
3203 1845 3304 1916 qui
3343 1847 3596 1918 suscipit
3636 1847 3856 1920 justum

577 1939 640 1998 in
668 1945 892 1999 nomine
943 1945 1100 2015 justi,
1141 1945 1452 2001 mercedem
1510 1947 1650 2016 justi
1719 1947 1958 2015 accipiet
1983 1947 2084 2000 η.»
2117 1943 2225 2014 Ipsi
2253 1940 2426 2012 gloria
2459 1939 2515 1993 in
2539 1938 2763 1994 saecula.
2789 1939 2982 1993 Amen.

1107 2055 1392 2112 llOMlLlA
1421 2057 1629 2114 CXXV.

857 2166 938 2222 De
955 2181 1100 2224 certa
1124 2174 1512 2241 exSpectalione
1541 2173 1863 2242 futurorum.

650 2275 856 2329 Futura
889 2275 1034 2331 bona
1061 2279 1314 2348 quisquis
1341 2289 1491 2333 certa
1523 2295 1620 2349 spe
1649 2280 1958 2348 opperitur,
1990 2279 2150 2334 nihili

579 2363 770 2419 isthaec
812 2365 965 2421 ducit
1015 2369 1350 2436 temporaria
1399 2386 1412 2421 :
1456 2370 1590 2439 quin
1621 2370 1883 2423 aviditate
1917 2370 2153 2440 ﬂagrans

577 2455 916 2522 futurorum,
947 2467 1144 2512 cretera
1167 2459 1352 2514 omnia
1383 2461 1510 2516 vita;
1537 2461 1699 2515 istius
1727 2477 1828 2515 ceu
1850 2461 1956 2514 vile
1979 2460 2155 2531 quod-

577 2545 723 2616 piam
763 2559 1127 2608 sarmentum.
1158 2559 1252 2604 aut
1288 2551 1620 2606 virulentam
1653 2552 1950 2606 arachnem
1979 2560 2155 2606 trans-

579 2636 769 2702 mittit,
821 2645 1048 2705 pr0pter
1083 2653 1234 2708 spem
1285 2639 1392 2692 sibi
1445 2640 1746 2708 repositam
1806 2649 1969 2709 atque
2024 2655 2147 2710 gauc

577 2722 752 2777 dium.
785 2725 882 2780 Illo
913 2725 1060 2778 enim
1089 2735 1420 2796 approperat
1461 2743 1780 2792 occurrere,
1813 2728 1906 2782 ubi
1937 2743 2154 2798 posses-

578 2813 755 2870 sionis
809 2815 1119 2870 substantia
1171 2833 1184 2868 :
1230 2832 1427 2886 nempe
1452 2819 1562 2887 jam
1607 2817 1945 2874 desiderium
1989 2819 2155 2874 habet

577 2903 891 2962 subactum.
920 2904 1134 2970 Quibus
1173 2921 1305 2960 sane
1331 2907 1482 2961 cordi
1520 2916 1604 2961 est
1633 2909 1853 2962 cmleste
1891 2908 2022 2962 illud
2054 2925 2153 2978 pc-

578 2993 812 3060 culium,
839 2994 916 3048 nil
955 3007 1062 3049 tam
1098 3007 1364 3065 expetunt
1409 2997 1670 3051 ardenter
1696 3010 1858 3067 quam
1887 3008 1947 3053 ut
1974 3015 2040 3054 ex
2072 3000 2156 3053 in-

577 3085 761 3138 colatu
799 3085 1058 3155 inquilini
1088 3089 1342 3156 corporis
1380 3088 1621 3142 evolent.
1659 3089 1806 3144 Bona
1843 3091 2010 3160 igitur
2043 3105 2146 3144 no-

579 3162 692 3230 bis.
717 3178 980 3245 reposita,
1013 3189 1070 3232 et
1114 3195 1238 3248 quae
1275 3179 1690 3249 insuspicabilia
1734 3191 1883 3246 sunt,
1929 3197 2154 3251 prorsus

2813 2053 3033 2108 ΛΟΓΟΣ
3086 2053 3257 2108 PKE’.

2478 2167 2618 2236 Περὶ
2658 2168 3022 2236 προσδοκίας
3071 2167 3195 2221 τῶν
3225 2169 3618 2238 μελλόντων.

2333 2280 2393 2334 ’0
2415 2280 2484 2334 τὰ
2514 2280 2775 2350 μέλλοντα
2799 2279 2980 2348 ἀγαθὰ
3005 2279 3346 2350 προσδοκῶν.
3370 2279 3444 2332 τὰ
3477 2273 3588 2332 ὧδε
3617 2279 3850 2334 ἀπωθεῖ-

2251 2389 2364 2435 ται,
2391 2372 2482 2424 καὶ
2522 2371 2610 2425 διὰ
2661 2371 2760 2440 τῆς
2799 2370 3036 2440 ὀρέξεως
3075 2369 3184 2422 τῶν
3239 2369 3556 2440 μελλόντων
3604 2371 3854 2438 ἀγαθῶν,

2251 2462 2347 2516 ὅλα
2377 2461 2445 2516 τὰ
2477 2462 2570 2515 τοῦ
2603 2461 2720 2532 βίου
2750 2460 2824 2524 ὡς
2849 2460 3006 2513 σκιὰν
3035 2459 3129 2512 καὶ
3156 2459 3402 2529 ἀράχνην
3434 2461 3740 2530 παροδεὺει
3763 2460 3846 2513 διὰ

2251 2553 2350 2622 τὴν
2379 2552 2745 2623 ἀποκειμένην
2774 2551 2964 2605 ὲλπίδα
3000 2551 3094 2604 xui.
3122 2551 3301 2621 χάριν.
3349 2552 3508 2604 Ἐκεῖ
3537 2552 3658 2623 γὰρ
3685 2551 3842 2605 cui.

2251 2643 2329 2696 δει
2355 2639 2493 2696 εἶναι
2518 2642 2644 2696 ἔνθα
2671 2642 2773 2711 τῆς
2802 2643 3050 2712 κτήσεως
3083 2641 3341 2712 ὓπαρξιν,
3367 2643 3568 2712 ἡγουν,
3605 2642 3708 2712 τὴν
3733 2645 3840 2694 i=1-

2254 2733 2454 2802 Θυμίαν
2497 2733 2900 2802 δεδουλωμένην
2955 2731 3086 2802 ἔχει.
3125 2727 3233 2794 DY;
3276 2732 3463 2784 τοίνυν
3513 2733 3737 2802 αἱρετξν
3785 2734 3836 2784 ἐν

2252 2823 2498 2892 οὐρανοῖς
2528 2823 2560 2892 ἡ
2588 2823 2777 2891 κτῆσις
2795 2861 2812 2884 ,
2841 2821 2944 2892 τὴν
2973 2822 3036 2875 ἐκ
3065 2821 3316 2891 σώματος
3348 2821 3631 2892 ἐκδημίαν
3658 2823 3836 2891 ἀφίεν-

2253 2931 2362 2968 ται.
2408 2911 2972 2981 Ἀποκαραδοκοῦντες
3000 2908 3092 2964 οὖν
3116 2913 3197 2974 εἰς
3231 2913 3298 2964 τὰ
3327 2913 3688 2981 ἀποκείμενα
3713 2915 3836 2983 ἡμῖν

2253 3003 2432 3072 ἀγαθά
2456 3003 2748 3056 ἁνείκαστα
2779 3002 2930 3068 ὄντα,
2964 3003 3060 3075 ὅλῃ
3093 3006 3158 3074 τῇ
3194 3003 3458 3074 προθέσει
3495 3004 3556 3056 ὲν
3579 3003 3837 3073 ἐπιθυμία

2256 3093 2422 3164 πολλῇ
2489 3093 2812 3163 ποθήσωμεν
2870 3094 3042 3147 αὑτά·
3094 3093 3448 3164 παρορῶντες
3499 3095 3571 3146 τὰ
3627 3094 3706 3163 μὴ
3751 3094 3832 3162 μέ-

2252 3200 2429 3249 νοντα,
2465 3182 2560 3237 καὶ
2588 3183 2880 3253 γεγηθότες
2916 3183 3004 3237 διὰ
3039 3182 3108 3236 τὰ
3151 3183 3347 3236 αἰώνια
3401 3183 3505 3236 καὶ
3545 3185 3836 3253 παράμενε

579 3273 690 3320 tota
721 3267 890 3320 animi
936 3268 1320 3338 praestolemur
1359 3269 1846 3338 contemplatione,
1891 3278 2057 3340 atque
2088 3288 2148 3325 ea

2253 3271 2450 3339 ἀγαθὰ,
2489 3271 2524 3326 ἃ
2550 3273 2609 3324 οὐ
2643 3272 2866 3326 δύναται
2913 3273 3034 3336 νοῦς
3070 3271 3361 3343 ἀνθρώπου
3393 3272 3830 3326 καταλαϐέσθαι.

575 3357 793 3412 ardenti
821 3358 1098 3415 desiderio
1131 3369 1476 3429 expetamus,
1513 3359 1704 3414 istliaec
1730 3361 2011 3429 aspernati
2029 3378 2150 3431 qua:

575 3449 735 3504 solidi
782 3451 917 3503 nihil
958 3451 1161 3504 habent
1203 3458 1259 3504 et
1291 3450 1645 3519 perdurantis
1671 3452 2012 3516 substantiis,
2051 3469 2148 3522 spe

573 3549 910 3594 aeternorum
939 3555 1002 3594 ac
1029 3543 1472 3610 permanentium
1507 3543 1820 3608 exhilarati,
1853 3559 1975 3614 quae
1998 3545 2147 3599 nulla

573 3637 741 3697 queat
771 3629 1008 3684 humana
1039 3631 1298 3702 cogitatio
1330 3635 1821 3704 comprehendere.
1853 3635 2012 3690 Omni
2049 3636 2151 3690 ita-

575 3734 683 3788 que
715 3721 967 3775 custodia
1011 3737 1294 3779 servemus
1335 3741 1450 3789 cor,
1485 3735 1802 3781 constanter
1825 3736 2152 3796 exspectan-

574 3819 658 3869 tes
695 3812 988 3868 Dominum
1021 3815 1280 3882 familias,
1313 3833 1512 3888 nempe
1541 3817 1820 3874 Christum
1850 3821 2026 3875 Deum
2051 3837 2148 3874 no-

570 3911 766 3970 strum,
799 3903 894 3974 qui
931 3907 1117 3975 nostri
1139 3923 1302 3963 causa
1325 3923 1536 3979 pauper
1557 3927 1679 3965 esse
1711 3911 1907 3973 voluit,
1936 3927 2147 3982 proque

570 3998 760 4046 nostra
806 3993 1056 4048 omnium
1105 3995 1283 4050 salute
1337 3995 1589 4053 humana:
1638 3999 1974 4054 infirmitatis
2013 4001 2148 4056 allii-

569 4081 782 4138 ctiones
815 4083 870 4139 in
900 4099 958 4140 se
990 4087 1220 4156 recepit,
1250 4097 1311 4141 ut
1333 4103 1435 4142 nos
1465 4103 1753 4144 consortes
1781 4090 2011 4145 haberet
2038 4107 2148 4148 sua:

569 4173 1146 4245 incomprehensibilis
1212 4180 1556 4248 opulentiae,
1632 4181 1906 4252 simulque
1963 4183 2148 4240 futura

568 4265 663 4320 illa
709 4274 766 4320 et
809 4267 1076 4324 ineffabili
1122 4271 1300 4340 gloria.
1342 4271 1776 4342 perfrueremur.
1839 4273 2012 4340 Quem
2076 4289 2147 4330 ne

573 4355 803 4427 (quaso)
831 4357 1150 4420 desinamus
1184 4363 1402 4417 sincera
1435 4364 1726 4432 complecti
1759 4365 2054 4429 charitate,
2085 4374 2146 4420 ut

568 4444 640 4504 ab
679 4445 801 4515 ipso
839 4448 1126 4516 redamati,
1159 4468 1268 4507 una
1299 4468 1426 4508 cum
1469 4471 1536 4508 eo
1572 4455 1804 4524 provehi
1836 4471 2148 4511 mereamur

569 4535 636 4590 ad
666 4537 1045 4596 felicissimam
1083 4543 1423 4598 mansionem
1458 4546 1618 4600 nobis
1649 4562 1680 4600 a
1717 4547 1878 4602 Patre
1915 4547 2148 4604 adorna-

2253 3362 2404 3433 Πάσῃ
2447 3359 2542 3416 οὖν
2589 3364 2804 3434 φυλακῇ
2852 3365 3178 3434 τηρήσωμεν
3216 3364 3314 3433 τὴν
3373 3364 3637 3435 καρδίαν,
3691 3380 3835 3432 πρι-

2255 3453 2505 3520 μένοντες
2543 3453 2635 3506 τὸν
2682 3453 3066 3524 οἰκοδεσπότην
3092 3454 3330 3524 Χριστὸν
3375 3455 3470 3506 τὸν
3504 3454 3646 3508 Θεὸν
3684 3455 3833 3525 ἡμῶν

2247 3542 2338 3595 τὸν
2379 3541 2446 3596 δι’
2473 3544 2622 3613 ἡμᾶς
2654 3543 3063 3613 πτωχεύσαντα,
3095 3544 3189 3597 καὶ
3221 3545 3308 3597 διὰ
3331 3545 3432 3615 τὴν
3464 3545 3630 3615 ἡμῶν
3667 3562 3832 3615 σωτη-

2253 3632 2394 3702 ρίαν,
2451 3631 2521 3684 τὰ
2566 3633 2664 3698 τῆς
2715 3633 2999 3698 ἀσθενείας
3049 3635 3216 3705 πάθη,
3258 3635 3338 3698 εἰς
3387 3635 3586 3687 ἑαυτὸν
3637 3634 3834 3690 ἀναλα-

2249 3723 2444 3777 ϐόντα’
2506 3723 2594 3778 ἵνα
2647 3727 2796 3794 ἡμᾶς
2849 3725 2944 3778 τοῦ
3008 3725 3238 3778 πλούτου
3310 3725 3480 3778 αὑτοῦ
3539 3729 3830 3790 xeunt-m3;

2249 3814 2484 3884 ποιήσει’
2523 3813 2750 3886 καὶλτῆς
2775 3813 3082 3882 μελλούσης
3122 3813 3358 3884 ἀρρήτου
3396 3812 3560 3883 δόξης
3593 3811 3833 3866 ἀπολιῦ-

2251 3922 2361 3968 σαι,
2408 3905 2466 3958 ὃν
2511 3903 2792 3973 φιλοῦντες
2843 3903 2918 3975 μὴ
2965 3903 3338 3975 παυσώμεθαο
3383 3905 3481 3956 καὶ
3516 3903 3828 3973 φιλούμενοι

2251 3996 2342 4050 ὕπ’
2369 3995 2556 4062 αὑτοῦ,
2601 3995 3026 4066 συνεισέλθωμεν
3064 3997 3142 4059 εἰς
3173 3997 3272 4066 τὴν
3317 3994 3490 4066 μονὴν
3530 3998 3638 4064 τὴν
3678 3994 3830 4064 παρά

2246 4087 2327 4159 τῷ
2376 4087 2549 4154 11ατρὶ
2578 4086 3022 4157 ἡτοιμασμένην·
3066 4087 3159 4139 καὶ
3202 4085 3445 4155 ὀψόμεθα
3494 4086 3558 4140 τὸ
3612 4087 3732 4154 φῶς
3771 4090 3827 4140 ἰν

2247 4176 2326 4246 τῷ
2377 4177 2517 4245 φωτὶ
2569 4175 2759 4229 αὑτοῦ.
2799 4175 3012 4245 Φοὸερὰ
3055 4176 3088 4246 ἡ
3137 4175 3316 4246 ἡμέρα
3368 4175 3467 4244 τῆς
3519 4175 3827 4245 “pausia;

2250 4265 2436 4331 αὐτοῦ,
2488 4264 2696 4334 μεγάλη
2752 4265 2849 4318 καὶ
2888 4252 3160 4333 ἐπιφανὴς
3195 4264 3424 4332 σφόδρα.
3466 4261 3564 4314 Διό
3610 4263 3826 4332 ἔχοντες

2248 4357 2348 4420 τὰς
2375 4355 2708 4424 ἐπαγγελίας
2735 4354 2958 4418 ταύτας,
2986 4354 3244 4426 χαρῶμεν
3291 4356 3436 4424 χαρᾷ
3462 4354 3822 4423 ἀνεκλαλήτῳ

2249 4449 2342 4502 καὶ
2403 4446 2790 4522 δεδοξασμένῃ,
2843 4446 3256 4516 ἀποσμήχοντες
3309 4445 3398 4497 ἀεὶ
3463 4443 3565 4514 τὴν
3619 4444 3818 4515 ψυχήν.

2247 4540 2423 4609 Μήτις
2464 4536 2589 4610 ῥίζα
2634 4539 2861 4606 πικρίας
2891 4538 3004 4592 άνω
3038 4536 3247 4606 φύουσα
3278 4533 3492 4604 ἐνοχλῇ,
3528 4535 3626 4588 καὶ
3661 4553 3820 4604 μιαν⁹

573 4637 682 4683 tam
725 4639 782 4686 et
812 4630 1165 4698 instructam,
1212 4635 1309 4690 ubi
1355 4635 1414 4690 in
1449 4637 1570 4707 ejus
1598 4637 1807 4693 lumine
1835 4638 2148 4696 videbimus

2253 4629 2416 4682 οῶσιν
2447 4627 2631 4682 πολλοί
2651 4645 2664 4658 ο
2713 4629 2799 4682 ἴνα
2826 4629 2884 4680 ἐν
2928 4628 3006 4698 τῷ
3036 4625 3410 4698 καθαρωτάτῳ
3450 4624 3550 4678 καὶ
3577 4625 3820 4696 λαμπρῷ

569 4717 782 4775 lumen.
828 4721 1215 4779 Formidabilis
1241 4725 1404 4796 plane
1451 4735 1509 4780 et
1556 4726 1804 4782 horroris
1835 4729 1994 4798 plena
2021 4729 2144 4786 dies

571 4806 844 4865 adventus
869 4813 1010 4883 ejus,
1042 4813 1164 4870 dies
1193 4829 1386 4885 magna
1411 4827 1467 4870 et
1495 4815 1725 4872 illustris
1751 4817 1930 4885 valde,
1965 4835 2143 4890 coque

571 4903 966 4970 promissiones
1008 4903 1107 4960 has
1145 4906 1239 4977 qui
1282 4904 1512 4961 indubia
1557 4905 1664 4962 fide
1715 4916 2004 4974 tenemus,
2055 4909 2144 4964 in-

567 4991 854 5062 cloquibili
883 5003 940 5049 et
966 4995 1272 5066 gloriﬁcato
1297 4997 1498 5069 gaudio
1522 4998 1730 5070 perfusi
1748 5000 2141 5069 jucundemur,

565 5082 771 5154 jugiter
824 5086 1208 5160 abstergentes
1267 5099 1582 5146 concretam
1621 5091 1818 5146 anima:
1865 5091 2142 5156 eluviem,

569 5189 748 5246 neque
785 5178 940 5234 radix
964 5181 1353 5236 amaritudinis
1374 5198 1594 5238 sursum
1624 5181 1940 5253 germinans
1970 5185 2144 5237 inter-

571 5269 774 5336 turbet,
794 5279 849 5325 et
877 5270 1241 5342 inquinentur
1271 5273 1451 5339 multi,
1474 5281 1533 5327 ut
1556 5274 1758 5328 nullam
1783 5273 1966 5328 denuo
1989 5288 2142 5328 eam-

569 5355 694 5412 dem
728 5362 1065 5424 contrahens
1095 5363 1364 5418 maculam
1397 5371 1495 5418 aut
1521 5379 1732 5434 rugam,
1758 5361 2144 5433 limpidissimo

573 5462 638 5504 ac
671 5451 1122 5521 splendidissimo
1154 5455 1523 5527 pcrlustretur
1557 5456 1785 5510 lumine.
1833 5454 1950 5511 Illic
1995 5455 2142 5510 enim

645 5581 954 5653 "l'l‘hess.
986 5601 1038 5651 v,
1073 5587 1158 5653 {3,
1186 5589 1268 5644 15.

573 5649 666 5714 ll,
693 5650 781 5705 4‘2.

1347 5591 1389 5620 ³⁷
1417 5589 1434 5644 1
1466 5587 1606 5644 Tim.
1639 5606 1692 5656 γ,
1729 5588 1814 5644 l7.
1892 5590 1936 5624 ⁵⁸
1969 5590 2127 5646 lion).
2161 5602 2273 5656 xui,
2307 5587 2360 5642 2.

2249 4721 2388 4790 φωτὶ
2435 4720 2724 4791 γενομένη,
2758 4719 2833 4790 μὴ
2881 4719 3080 4790 ἔχουσα
3132 4717 3338 4782 σπῖλον,
3367 4715 3402 4786 ἢ
3455 4716 3675 4787 ῥυτίδα,
3711 4717 3822 4770 ἐκεῖ

2247 4811 2441 4880 ὅψηται
2494 4811 2594 4880 τὴν
2622 4810 2873 4864 ἄκτιστον
2925 4809 3020 4862 καὶ
3063 4806 3338 4879 μακαρίαν
3384 4806 3550 4876 φύσιν
3580 4807 3814 4876 ἐκείνην,

2249 4903 2384 4956 ὅπου
2409 4904 2442 4956 ὁ
2457 4901 2670 4972 Πατὴρ,
2690 4902 2784 4955 καὶ
2813 4902 2841 4954 ό
2862 4901 3010 4964 Υἱὸς,
3029 4901 3126 4954 καὶ
3149 4899 3210 4952 τὸ
3238 4898 3392 4967 ᾶγιον
3410 4897 3660 4968 Πνεῦμα.
3677 4898 3817 4952 Καθ-

2253 4997 2323 5058 ὼς
2367 4995 2463 5056 καὶ
2493 4995 2520 5048 ό
2561 4992 2900 5058 ’Δπόστολος,
2920 4991 3210 5061 Ῥωμαίοις
3239 4988 3596 5052 ἐπιστέλλων,
3632 4990 3808 5057 λέγει’

2256 5105 2276 5138 ι
2310 5085 2620 5158 Παρακαλῶ
2653 5081 2745 5139 οὖν
2770 5086 2934 5156 ὑμᾶς,
2983 5085 3219 5156 ἀδελφοὶ,
3249 5081 3338 5136 διά
3382 5083 3493 5136 τῶν
3518 5083 3809 5154 οἰκτιρμῶν

2248 5177 2342 5232 τοῦ
2375 5176 2534 5242 Θεοῦ,
2570 5175 2921 5246 παραστῆσαι
2962 5175 3030 5228 τὰ
3057 5173 3286 5242 σώματα
3314 5171 3470 5244 ὑμῶν
3504 5171 3703 5228 θυσίαν
3722 5171 3812 5238 ςῶ-

2251 5287 2373 5338 σαν,
2398 5269 2580 5340 ἁγίαν,
2607 5269 2898 5339 εὐάρεπον
2920 5267 2997 5338 τῷ
3023 5265 3163 5336 Θεῷ,
3186 5265 3283 5336 τὴν
3308 5265 3542 5334 λογικὴν
3567 5266 3809 5337 λατρείαν

2250 5362 2439 5434 ὑμῶν’
2475 5361 2568 5415 καὶ
2600 5360 2674 5432 μὴ
2726 5357 3227 5430 συσχηματίξεσθαι
3277 5356 3357 5428 τῷ
3407 5357 3573 5411 αἰῶνι
3625 5357 3804 5426 τούτῳ,

2250 5455 2386 5509 ἀλλὰ
2439 5448 2923 5523 μεταμορφοῦσθαι
2981 5449 3047 5518 τῇ
3113 5445 3482 5502 ἀνακαινώσει
3550 5446 3651 5500 τοῦ
3702 5445 3805 5507 νοις

2460 5587 2504 5619 ω’
2537 5583 2708 5640 Exod.
2743 5597 2870 5649 xxu,
2894 5580 2984 5636 28.
3060 5581 3104 5613 ⁶⁰
3130 5579 3324 5636 Matth.
3357 5595 3416 5648 ι,
3451 5581 3542 5637 10.
3622 5582 3663 5614 ⁸³
3689 5579 3798 5638 ibid-
