4014 6310
172 300 307 367 1825

1034 299 1365 361 HOMILIA
1404 299 1659 366 CXXVI.
1690 325 1760 337 -
1786 302 1885 363 DE
1923 302 2343 365 VOCATIONE
2383 301 2535 364 DEI.

3277 306 3414 374 1825

166 418 341 490 ὑμῶν,
389 419 469 479 είς
515 417 579 471 τὺ
627 412 943 485 δοκιμάζειν
976 411 1144 482 ὑμᾶς,
1182 414 1233 467 τί
1280 415 1343 466 τὸ
1391 414 1600 485 θέλημα
1649 414 1727 468 τοῐ

1848 416 2138 485 perspicue
2167 417 2527 472 contuebitur
2576 417 2791 471 beatam
2849 432 3078 487 prorsus
3120 418 3267 475 illam
3311 438 3416 478 nec

163 509 323 573 Θεοῦ,
357 508 419 562 τὸ
455 508 655 577 ἀγαθὸν
688 506 783 560 καὶ
814 504 1130 574 εὐάρεστον,
1177 504 1272 557 καὶ
1306 505 1530 559 τέλειον.
1572 524 1591 557 ι
1630 506 1737 559 Kal

164 602 329 655 πάλιν
357 615 371 629 ·
430 616 451 652 ι
500 600 663 667 Ἥμῖν
713 597 822 668 γάρ
875 598 1223 668 ἀπεκάλυψεν
1259 599 1288 650 ό
1333 597 1463 660 Θεὸς
1511 597 1600 651 διὰ
1641 597 1735 650 τοῦ

164 693 487 762 Πνεύματος
515 689 702 744 αὑτοῦ.
754 689 828 741 Τὸ
874 689 982 760 γὰρ
1035 689 1261 756 Πνεῦμα
1290 688 1468 741 πάντα
1515 689 1732 758 ἐρευνᾷ,

163 785 261 841 καὶ
293 784 360 837 τὰ
393 782 529 853 βάθη
561 780 654 833 τοῦ
682 779 837 833 Θεοῦ.
871 779 967 839 Τίς
992 779 1099 849 γάρ
1126 774 1264 832 οἶδεν
1311 776 1634 847 ἀνθρώπων,
1668 777 1736 830 τὰ

162 875 261 929 τοῦ
289 872 597 944 ἀνθρώπου,
628 873 678 925 εί
725 872 801 941 μὴ
848 871 906 923 τὸ
950 868 1166 940 πνεῦμα
1198 870 1293 924 τοῦ
1334 868 1642 940 ἀνθρώπου,
1674 868 1735 921 τὸ

163 965 225 1021 ὃν
252 969 310 1020 ἐν
338 965 524 1035 αὐτῷ;
569 961 741 1026 οὕτως
774 962 867 1016 καὶ
895 963 963 1017 τὰ
988 962 1081 1015 τοῦ
1114 962 1248 1015 Θεοῦ
1285 961 1459 1024 οὐδεὶς
1497 961 1734 1029 ἔγνωκεν

163 1057 215 1110 εἰ
247 1055 322 1125 μὴ
350 1055 412 1107 τὸ
432 1052 656 1122 Πνεῦμα
685 1050 779 1104 τοῦ
796 1050 954 1104 Θεοῦ.
980 1069 1002 1103 ›
1030 1052 1140 1105 Kal
1170 1051 1365 1117 ἐπάγει
1386 1067 1397 1079 ·
1424 1069 1442 1100 ι
1468 1049 1657 1118 Ἦμεῖς
1677 1048 1734 1102 δὲ

163 1145 224 1198 οὐ
253 1145 317 1197 τὸ
346 1142 565 1212 πνεῦμα
591 1140 683 1194 τοῦ
714 1140 921 1210 κόσμου
953 1139 1240 1209 ἐλάϐομεν,
1264 1138 1397 1192 ἀλλὰ
1424 1138 1486 1190 τὸ
1510 1136 1734 1207 Πνεῦμα

160 1234 224 1288 τὸ
254 1236 319 1287 ὲκ
349 1232 444 1286 τοῦ
469 1230 624 1295 Θεοῦ,
656 1230 743 1283 ἴνα
771 1229 970 1298 ῐδωμεν
1015 1229 1084 1282 τὰ
1115 1228 1219 1281 ὑπὸ
1264 1228 1359 1280 τοῦ
1406 1226 1542 1279 Θεοῦ
1573 1243 1730 1296 χαρι-

163 1324 362 1379 σθέντα
411 1324 568 1393 ήμῖν.
626 1339 648 1373 ι
693 1320 806 1373 Kal
855 1319 1059 1373 πάλιντ
1100 1336 1118 1371 ι
1165 1320 1227 1371 Εἰ
1259 1318 1369 1391 γὰρ
1405 1320 1438 1388 ἡ
1488 1316 1733 1370 διακονία

158 1414 264 1483 τῆς
291 1412 670 1483 κατακρίσεως
718 1410 866 1474 δόξα,
897 1407 1078 1479 πολλῷ
1120 1408 1319 1478 μᾶλλον
1354 1406 1667 1479 περισσεύει
1697 1408 1731 1477 ὴ

160 1504 404 1558 διακονία
432 1503 534 1572 τῆς
574 1501 921 1572 δικαιοσύνης
967 1502 1025 1553 ὲν
1064 1499 1210 1572 δόξῃ.
1264 1499 1372 1552 Kal
1400 1498 1509 1569 γὰρ
1537 1498 1597 1551 ού
1642 1497 1730 1551 δε-

159 1596 418 1660 δόξασται
469 1595 531 1647 τὸ
560 1591 951 1664 δεδοξασμένον
982 1594 1042 1646 ὲν
1071 1592 1245 1663 τούτῳ
1272 1591 1350 1661 τῷ
1388 1592 1564 1662 μέρει,
1612 1590 1730 1644 ἓνε-

162 1703 258 1740 κεν
284 1687 382 1756 τῆς
408 1682 854 1751 ὑπερϐαλλούσης
878 1683 1059 1753 δόξης.
1086 1685 1149 1737 Εἰ
1184 1682 1290 1754 γὰρ
1329 1683 1392 1735 τὸ
1422 1678 1731 1751 καταργού-

1845 505 1956 560 ulla
1988 506 2272 561 hominum
2325 506 2596 561 industria
2624 506 2979 561 fabrefactam
3002 516 3281 570 naturam.
3315 511 3412 566 ubi

1842 597 2023 662 Pater,
2054 596 2230 651 Filius
2262 604 2318 650 et
2348 596 2613 665 Spiritus,
2648 596 2810 652 sicuti
2839 596 3101 652 Romanis
3122 599 3417 655 dicitPau-

1846 687 1933 741 ius
1957 702 2056 757 per
2100 687 2385 757 epistolam
2413 704 2427 740 :
2462 706 2480 738 ι
2508 687 2750 743 Obsecro
2781 703 2879 741 vos
2909 703 3007 756 per
3035 690 3415 748 miserationes

1841 777 1960 841 Dei,
2015 786 2078 832 ut
2120 777 2431 832 exhibeatis
2458 792 2689 847 corpora
2719 787 2899 832 vestra
2938 778 3175 833 hostiam
3222 782 3416 834 viven-

1842 877 1973 931 tem,
2004 866 2217 938 1235
2257 876 2501 921 sanctam
2527 906 2542 932 ,
2575 868 3026 937 beneplacentem
3077 869 3210 943 Deo,
3248 872 3417 928 ratio-

1840 957 2024 1011 nabile
2072 956 2398 1026 obsequium
2443 965 2711 1021 vestrum,
2763 965 2818 1012 et
2868 958 3041 1012 nolite
3076 960 3412 1016 coM‘mmarI

1840 1046 1973 1101 huic
1997 1047 2217 1111 saeculo,
2251 1047 2346 1102 sed
2366 1047 2829 1102 transformamini
2860 1048 2916 1102 in
2943 1049 3184 1105 novitate
3219 1067 3416 1108 sensus

1840 1138 2029 1202 vestri,
2064 1146 2124 1191 ut
2170 1138 2413 1207 probetis
2460 1152 2559 1192 vos
2586 1153 2708 1206 quae
2759 1140 2831 1192 sit
2855 1140 3110 1195 voluntas
3141 1141 3236 1194 Dei
3270 1143 3413 1197 bona

1839 1237 1896 1283 et
1927 1228 2292 1299 beneplacens
2320 1237 2376 1283 et
2416 1228 2661 1298 perfecta
2693 1230 2759 1282 “.
2799 1249 2819 1281 ι
2867 1230 3147 1285 Rursum:
3188 1250 3207 1282 ι
3242 1232 3413 1288 Nobis

1838 1319 1990 1373 enim
2021 1319 2287 1374 revelavit
2313 1320 2459 1374 Deus
2494 1336 2594 1389 per
2625 1319 2888 1388 Spiritum
2920 1335 3081 1374 suum
3116 1338 3130 1374 :
3172 1320 3414 1391 Spiritus

1838 1411 1988 1466 enim
2021 1411 2202 1467 omnia
2253 1420 2555 1475 scrutatur,
2596 1412 2764 1465 etiam
2810 1412 3079 1481 profunda
3110 1413 3206 1467 Dei
3242 1431 3255 1467 :
3287 1415 3412 1484 quis

1836 1504 1986 1559 enim
2013 1503 2169 1560 novit
2196 1503 2506 1567 hominum,
2530 1518 2654 1571 quae
2693 1512 2822 1557 sunt
2851 1503 3114 1566 hominis.
3146 1505 3254 1560 nisi
3301 1506 3415 1575 ιιιιί-

1837 1597 2002 1662 ritus,
2047 1597 2257 1665 quiest
2291 1596 2346 1648 in
2385 1594 2499 1649 eo?
2544 1594 2625 1648 sic
2664 1602 2720 1648 et
2761 1610 2883 1664 quae
2911 1604 3040 1649 sunt
3072 1596 3205 1661 Dei,
3249 1613 3413 1653 nemo

1838 1688 2010 1752 novit,
2057 1687 2165 1741 nisi
2210 1686 2450 1756 Spiritus
2479 1686 2574 1754 qui
2608 1694 2693 1740 est
2739 1685 2794 1739 in
2825 1686 2935 1740 Deo
2977 1686 3042 1739 ⁸³.
3090 1705 3108 1737 ι
3146 1687 3361 1742 lnducit
3394 1706 3408 1742 :

162 1794 325 1847 μενον
361 1776 449 1829 διὰ
477 1774 654 1846 δόξης,
694 1773 875 1845 πολλῷ
923 1775 1122 1844 μᾶλλον
1149 1774 1212 1828 τὸ
1246 1774 1408 1844 μένον
1437 1775 1495 1826 ὲν
1521 1772 1667 1845 δόξῃ.
1707 1790 1726 1824 ι

1842 1799 1861 1832 ι
1901 1780 2011 1834 Nos
2052 1787 2238 1833 autem
2280 1792 2389 1831 non
2428 1777 2683 1846 spiritum
2711 1776 2904 1829 mundi
2944 1777 3280 1846 accepimus,
3312 1778 3411 1833 sed

160 1865 272 1918 Kal
305 1864 480 1926 ἄλλως
503 1879 517 1895 ο
555 1882 574 1915 ι
614 1863 848 1916 Δικαίων
876 1862 1047 1932 ψυχαὶ
1079 1863 1139 1914 ὲν
1166 1863 1311 1932 χειρὶ
1338 1862 1473 1915 Θεοῦ
1499 1877 1515 1895 ο
1546 1863 1641 1916 καὶ
1667 1862 1729 1915 οὐ

161 1956 237 2026 μὴ
263 1955 467 2024 ἅψηται
506 1952 684 2007 αὐτῶν
715 1953 944 2023 βάσανος
970 1970 985 1986 θ
1018 1954 1067 2006 οί
1105 1953 1160 2006 δὲ
1191 1954 1329 2005 εἰσὶν
1363 1955 1422 2006 ἐν
1454 1954 1668 2026 εἰρήνῃ.
1705 1970 1726 2005 ι

157 2044 290 2107 Kal,
332 2062 350 2095 ι
401 2043 464 2096 Ἢ
509 2042 622 2112 ζωὴ
667 2043 845 2096 αὐτῶν
903 2041 1203 2105 ἀθανασίας
1252 2041 1486 2112 πλήρης.
1545 2041 1731 2109 Ὀλίγα

154 2132 265 2203 γὰρ
308 2124 708 2195 παιδευθέντες,
742 2130 993 2200 μεγάλως
1019 2131 1559 2200 εὐεργετηθήσονται,
1594 2132 1675 2183 ὅτι
1702 2132 1731 2183 ό

153 2222 288 2284 Θεὸς
320 2222 613 2291 ἐπείρασεν
641 2222 857 2287 αὐτοὺς,
881 2216 1040 2293 εὗρεν
1068 2223 1265 2285 αὐτοὺς
1297 2222 1479 2288 ἀξίους
1511 2221 1726 2289 ἑαυτοῦ,

155 2312 253 2365 καὶ
280 2310 358 2373 ὡς
385 2311 757 2381 ὁλοκάρπωμα
787 2312 977 2375 θυσίας
1007 2312 1368 2383 προσεδέξατο
1389 2312 1605 2375 αὐτοὺς,
1634 2313 1729 2365 καὶ

154 2401 215 2454 ἀν
246 2400 426 2471 καιρῴ
462 2401 770 2469 ἐπισκοπῆς
814 2401 977 2454 αὐτοῦ
1013 2402 1445 2472 ἀναλάμψουσιν.
1486 2420 1506 2453 ι
1545 2403 1656 2455 Kal
1700 2404 1729 2457 ὁ

154 2492 320 2549 Δαυῖδ
341 2506 356 2522 ·
401 2509 419 2542 ι
454 2492 565 2560 Τῆς
612 2492 848 2560 ἑσπέρας
877 2491 1262 2561 αύλισθήσεται
1294 2492 1588 2563 κλαυθμός.
1620 2494 1729 2545 Kal

155 2585 236 2646 τίς
265 2583 329 2636 τὸ
371 2580 555 2652 πρωῒ,
585 2580 926 2648 ἀγαλλίασις.
967 2599 986 2632 ι
1030 2583 1139 2634 Kal
1181 2582 1264 2646 τὸ,
1317 2600 1336 2633 ι
1373 2584 1639 2652 Ἔστησεν
1670 2585 1728 2637 ὲν

155 2670 458 2744 εὐρυχώρῳ
485 2671 612 2733 τοὺς
642 2670 810 2733 πόδας
839 2687 965 2740 μου.
1004 2688 1025 2722 ι
1057 2672 1165 2724 Kal
1196 2671 1359 2725 πάλιν
1401 2674 1430 2725 ό
1468 2672 1727 2725 Ἀπόστο-

155 2762 246 2829 λος
268 2780 287 2798 ’
334 2764 427 2817 «Et
458 2759 551 2819 οὖν
596 2761 965 2832 συνηγέρθητε
992 2762 1072 2832 τῷ
1116 2748 1358 2833 Χριστῷ,
1386 2763 1454 2817 τὰ
1488 2763 1601 2817 ἄνω
1627 2764 1727 2835 ζη-

156 2860 322 2922 τεῖτε,
360 2850 423 2910 οὗ
445 2858 472 2910 ό
498 2855 730 2926 Χριστός
759 2856 908 2909 ἐστιν
936 2856 994 2908 ἐν
1026 2852 1176 2927 δεξιᾷ
1213 2854 1308 2909 τοῦ
1346 2856 1557 2925 Πατρὸς
1593 2854 1728 2909 καθ-

157 2948 379 3015 ήμενος.
412 2946 491 2999 Τὰ
537 2947 651 3000 ἄνω
691 2949 937 3016 φρονεῖτε
961 2984 978 3012 ,
1011 2947 1088 3017 μὴ
1133 2946 1204 2999 τὰ
1243 2948 1336 2999 ἐπὶ
1378 2947 1478 3016 τῆς
1521 2946 1645 3017 γῆς.
1700 2970 1720 2997 ι

156 3036 267 3090 Kal
298 3036 482 3090 πάλινο
522 3037 694 3091 (Νυνὶ
717 3037 773 3089 δὲ
804 3037 1258 3107 ἐλευθερωθέντες
1286 3037 1394 3091 ἀπὸ
1416 3037 1514 3108 τῆς
1544 3038 1723 3108 ἀμαρ-

1835 1868 2103 1939 Spiritum
2122 1866 2218 1936 qui
2239 1882 2307 1921 ex
2334 1867 2448 1920 Deo
2476 1874 2581 1928 est,
2613 1875 2673 1918 ut
2705 1865 2943 1918 sciamus
2969 1879 3089 1933 quae
3117 1881 3146 1919 a
3176 1867 3289 1920 Deo
3315 1871 3413 1921 do-

1832 1968 1963 2015 nata
1993 1966 2122 2014 sunt
2163 1957 2324 2013 nobis
2359 1958 2423 2010 6‘.
2461 1975 2481 2009 ι
2519 1957 2724 2010 Iterum
2765 1972 2780 2010 :
2830 1974 2850 2007 ι
2900 1956 2957 2010 Si
2989 1957 3136 2010 enim
3170 1958 3411 2012 admini-

1832 2051 2027 2106 stratio
2072 2048 2444 2104 damnationis
2488 2047 2685 2117 gloria,
2751 2046 2926 2101 multo
2964 2049 3137 2117 magis
3164 2048 3410 2103 abundat

1833 2142 2241 2198 administratio
2272 2140 2503 2211 justitire
2535 2140 2592 2193 in
2630 2139 2845 2208 gloria:
2882 2154 3064 2207 neque
3099 2139 3248 2191 enim
3288 2139 3409 2208 glo-

1831 2234 2105 2288 riﬁcatum
2152 2241 2237 2287 est
2279 2230 2425 2301 quod
2478 2229 2678 2284 claruit
2734 2229 2791 2284 in
2837 2228 2940 2283 hac
2967 2238 3146 2297 parte,
3182 2237 3410 2297 propter

1831 2324 2195 2379 excellentem
2243 2322 2474 2391 gloriam
2521 2337 2536 2372 :
2579 2318 2628 2373 si
2675 2318 2822 2375 enim
2881 2317 3029 2387 quod
3079 2326 3405 2381 evacuatur,

1833 2431 1933 2486 per
1965 2413 2197 2484 gloriam
2241 2419 2347 2477 est,
2390 2410 2564 2464 multo
2594 2410 2769 2479 magis
2794 2408 2939 2477 quod
2984 2417 3169 2461 manet
3198 2408 3253 2461 in
3286 2407 3407 2477 glo-

1831 2506 1915 2559 ria
1944 2512 2028 2559 est
2060 2504 2126 2557 ⁸⁵.
2158 2523 2175 2553 ι
2201 2502 2358 2557 Alius
2389 2502 2517 2555 item
2548 2516 2562 2552 :
2603 2517 2621 2549 ι
2655 2500 2933 2553 Justorum
2970 2497 3164 2550 animae
3192 2496 3247 2549 in
3283 2510 3405 2549 ma-

1829 2611 1905 2649 nu
1945 2595 2040 2649 Dei
2086 2600 2237 2657 sunt,
2284 2606 2387 2645 nec
2441 2588 2737 2659 aliquando
2770 2596 2952 2657 tanget
3002 2587 3126 2642 illos
3161 2595 3408 2641 tormen-

1832 2693 1969 2749 tum,
2005 2683 2085 2738 illi
2126 2691 2310 2737 autem
2344 2688 2473 2735 sunt
2511 2680 2569 2734 in
2610 2694 2744 2748 pace
2774 2679 2835 2732 ⁸⁸.
2879 2697 2898 2729 ι
2934 2678 3037 2732 Et:
3081 2696 3099 2729 ι
3134 2676 3272 2747 Spes
3313 2692 3408 2733 eo-

1830 2790 1952 2829 rum
1977 2773 2390 2828 immortalitate
2417 2772 2579 2840 plena
2605 2786 2619 2822 :
2649 2770 2704 2823 in
2730 2769 2918 2838 paucis
2947 2770 3150 2833 vexati,
3188 2770 3243 2823 in
3267 2774 3410 2823 mul-

1832 2865 1903 2919 tis
1933 2865 2075 2919 bene
2109 2864 2508 2933 disponentur,
2542 2861 2671 2930 quia
2729 2861 2873 2915 Deus
2919 2861 3149 2915 tentavit
3207 2876 3303 2917 eos
3350 2869 3409 2918 et
3459 2878 3471 2893 κ

1834 2954 2049 3008 invenit
2088 2953 2212 3007 illos
2256 2952 2454 3022 dignos
2482 2966 2563 3015 se,
2594 2960 2651 3005 et
2679 2950 2836 3020 quasi
2879 2950 3261 3005 holocaustum
3301 2951 3406 3006 ho-

1830 3045 1949 3100 stia:
1976 3043 2190 3111 accepit
2209 3043 2350 3105 illos,
2373 3051 2429 3096 et
2449 3041 2505 3094 in
2530 3049 2774 3109 tempore
2801 3040 3138 3095 visitationis
3159 3042 3403 3110 ipsorum

156 3128 299 3192 τίας,
349 3128 707 3192 δουλωθέντες
756 3128 814 3182 δὲ
854 3128 934 3200 τῷ
980 3105 1121 3199 Θεῷ,
1163 3128 1313 3199 ἔχετε
1366 3105 1480 3184 τὸν⁷
1518 3105 1727 3201 καρπδν

1833 3105 2278 3204 resplendescent
2311 3132 2378 3185 ⁸⁷.
2408 3150 2428 3182 ι
2455 3131 2626 3185 David
2643 3105 2871 3201 quoque
2908 3148 2923 3183 :
2962 3149 2980 3181 ι
3003 3130 3084 3184 Ad
3113 3105 3405 3201 vesperum

158 3220 315 3290 ὑμῶν
360 3222 440 3283 εἰς
485 3220 778 3290 ἁγιασμόν.
829 3220 903 3273 Τὸ
943 3219 1003 3273 δὲ
1052 3220 1225 3286 τέλος,
1275 3219 1389 3291 ζωὴ
1417 3220 1629 3284 αἰώνιος
1671 3223 1730 3275 ὲν

155 3309 380 3383 Χριστῷ
430 3309 602 3381 Ἰησοῦ
644 3310 722 3381 τῷ
752 3311 943 3381 Κυρίῳ
988 3309 1169 3380 ἡμῶν.
1217 3328 1237 3361 ι
1299 3311 1356 3362 '0
1402 3309 1460 3362 δὲ
1504 3310 1729 3382 Κύριος,

161 3419 187 3455 ο
232 3404 519 3457 Ἔστωσαν
562 3405 616 3457 al
657 3403 857 3472 ὀσφύες
899 3404 1077 3474 ὑμῶν,
1119 3405 1305 3473 φησιν,
1357 3406 1729 3476 πριεζωσμέ·

157 3509 265 3559 ναι,
297 3495 393 3546 καὶ
433 3495 481 3546 oi
524 3492 708 3563 λύχνοι
739 3493 1042 3564 καιόμενοι,
1081 3495 1177 3547 καὶ
1221 3495 1381 3564 ὑμεῖς
1416 3495 1593 3563 ὅμοιοι
1635 3496 1728 3547 ἀν-

158 3584 400 3656 θρώποις
445 3584 897 3655 προσδεχομένοις
938 3586 1030 3639 τὸν
1078 3584 1267 3655 κύριον
1311 3584 1559 3651 ἑαυτῶν,
1598 3586 1730 3638 πότε

155 3672 417 3727 ἀναλύσει
469 3674 535 3726 ὲκ
577 3673 688 3727 τῶν
733 3678 961 3753 γάμων*
1000 3675 1089 3729 ἵνα
1130 3676 1396 3740 ἐλθόντος,
1443 3675 1541 3728 καὶ
1568 3674 1732 3746 κρού-

159 3780 371 3830 σαντος,
424 3765 625 3829 εὐθέως
676 3765 964 3831 ἀνοίξωσιν
1012 3767 1180 3838 αύτῷ.
1246 3784 1268 3818 ι
1324 3767 1437 3822 Kal
1492 3768 1722 3835 ὲπάγει’

161 3874 181 3908 ι
213 3857 491 3927 Μακάριοι
545 3857 596 3909 οί
642 3856 821 3910 δοῦλοι
852 3860 1066 3925 ἐκεῖνοι,
1112 3859 1206 3923 οὒς
1242 3860 1411 3914 ἐλθὼν
1450 3862 1480 3914 δ
1524 3862 1727 3933 Κύριος

157 3949 385 4019 εὑρήσει
424 3948 851 4020 γρηγοροῦντας.
895 3950 1068 4020 Ἀμην
1097 3951 1238 4019 λέγω
1281 3952 1428 4023 ὑμῖν,
1460 3955 1543 4007 ὅτι
1578 3970 1729 4024 περι-

159 4039 416 4104 ζώσεται,
458 4043 552 4093 καὶ
595 4040 874 4094 ἀνακλινεῖ
916 4043 1130 4108 αὐτοὺς,
1158 4044 1252 4096 καὶ
1292 4043 1574 4113 παρελθὼν
1610 4044 1727 4097 δια-

159 4133 386 4202 κονήσει
423 4133 629 4197 αὐτοῖς.
683 4149 704 4185 ι
756 4132 915 4204 Αὐτῷ
964 4134 998 4203 ή
1045 4132 1172 4198 δόξα
1219 4136 1298 4198 είς
1324 4135 1450 4198 τοὺς
1498 4134 1721 4198 αἰῶνας.

171 4222 361 4291 Ἀμήν.

1827 3225 2207 3281 demorabitur
2252 3223 2436 3289 ﬂetus,
2467 3231 2522 3277 et
2568 3223 2635 3277 ad
2678 3223 3010 3277 matutinum
3042 3223 3234 3278 laetitia
3268 3221 3335 3279 ⁸⁸.
3377 3242 3398 3277 ι

1828 3316 1895 3370 Et
1926 3316 2061 3369 illud
2086 3332 2100 3367 :
2132 3335 2149 3366 ι
2177 3314 2430 3369 Statuisti
2450 3313 2506 3367 in
2530 3314 2652 3368 loco
2677 3314 2920 3382 spatioso
2944 3313 3114 3381 pedes
3129 3327 3280 3367 meos
3298 3313 3397 3368 ⁸⁸.»

1826 3405 2030 3460 lterum
2052 3414 2110 3459 et
2132 3404 2424 3473 Apostolus
2450 3419 2464 3456 :
2499 3422 2517 3454 ι
2545 3403 2599 3458 Si
2629 3404 2796 3473 igitur
2817 3404 3245 3458 consurrexistis
3276 3419 3403 3458 cum

1824 3496 2066 3561 Christo,
2108 3510 2231 3564 quae
2276 3509 2497 3548 sursum
2544 3503 2674 3548 sunt
2718 3496 2975 3564 quaerite,
3016 3495 3113 3549 ubi
3145 3494 3404 3550 Christus

1829 3595 1914 3640 est
1946 3584 2003 3638 in
2034 3584 2258 3637 dextera
2301 3582 2396 3639 Dei
2426 3580 2626 3635 sedens
2660 3599 2673 3633 :
2709 3597 2834 3649 quae
2883 3596 3104 3636 sursum
3152 3592 3282 3635 sunt
3312 3595 3404 3634 sa-

1827 3675 1965 3745 pite,
1997 3690 2110 3728 non
2141 3687 2263 3743 quae
2288 3688 2455 3742 super
2488 3680 2691 3724 terram
2729 3671 2795 3723 ⁷ο.
2832 3690 2851 3721 ι
2887 3672 3101 3727 Rursus
3129 3690 3142 3725 :
3186 3690 3205 3722 ι
3248 3671 3405 3726 Nunc

1835 3773 2020 3820 autem
2054 3763 2272 3818 liberati
2303 3779 2332 3816 a
2359 3771 2604 3832 peccato,
2623 3760 2767 3815 servi
2804 3761 2930 3815 facti
2955 3761 3197 3826 Christo,
3227 3762 3402 3817 habe-

1835 3857 1908 3911 tis
1933 3856 2171 3910 l‘ructum
2196 3864 2442 3909 vestrum
2466 3854 2518 3907 in
2543 3851 3058 3917 sanctiﬁcationem,
3078 3850 3242 3906 tinem
3269 3869 3403 3908 vero

1831 3946 2003 4001 vitam
2029 3956 2288 4000 aeternam
2317 3944 2372 3997 in
2404 3943 2624 3997 Christo
2645 3942 2774 3997 Jesu
2808 3942 3039 3996 Domino
3072 3950 3263 3995 nostro
3294 3944 3392 3998 τί.»

1829 4034 2095 4088 Dominus
2143 4033 2273 4087 item
2310 4048 2322 4083 :
2367 4050 2385 4082 ι
2426 4030 2548 4085 Sint
2581 4030 2754 4085 lumbi
2802 4030 2972 4085 vestri
3019 4029 3299 4099 praecincti
3343 4038 3401 4085 et

1830 4126 2069 4179 lucernae
2118 4123 2399 4187 ardentes,
2447 4130 2505 4176 et
2554 4136 2655 4176 vos
2689 4121 2901 4175 similes
2948 4119 3270 4174 hominibus
3302 4135 3403 4174 ex-

1831 4213 2205 4283 spectantibus
2234 4210 2521 4266 dominum
2570 4225 2753 4274 suum,
2783 4208 3005 4278 quando
3032 4217 3345 4263 revertatur
3369 4227 3400 4264 ιι

156 4314 385 4383 nuptiis,
448 4324 511 4371 ut
546 4331 673 4373 cum
712 4317 929 4373 venerit
982 4326 1041 4372 et
1091 4318 1425 4387 pulsaverit,
1497 4320 1750 4390 aperiant
1784 4319 1837 4373 ei
1861 4322 1927 4373 ⁷².
1965 4339 1984 4372 ι
2019 4319 2233 4374 lnducit
2259 4335 2274 4371 :
2303 4336 2322 4369 ι
2351 4317 2501 4371 Beati
2529 4316 2673 4370 servi
2702 4315 2779 4369 illi
2813 4330 2953 4385 quos
3007 4332 3131 4372 cum
3189 4317 3403 4371 venerit

155 4408 452 4477 dominus,
491 4411 763 4467 invenerit
811 4411 1119 4481 vigilantes.
1170 4413 1342 4467 Amen
1405 4414 1530 4469 dico
1569 4413 1749 4479 vobis,
1787 4412 1935 4483 quod
1974 4412 2364 4481 circumcinget
2396 4424 2456 4464 se
2488 4417 2544 4462 et
2578 4408 2927 4463 discumbere
2991 4423 3087 4464 eos
3124 4406 3318 4473 faciet,
3343 4418 3400 4464 et

157 4505 430 4560 tranSiens
457 4504 794 4559 ministrabit
824 4504 933 4558 illis
955 4505 1022 4559 ⁷³.
1054 4523 1075 4554 ι
1096 4505 1203 4575 Ipsi
1222 4505 1404 4576 'gloria
1431 4507 1487 4560 in
1506 4506 1721 4562 saecula.
1756 4507 1954 4560 Amen.

716 4616 940 4669 ΛΟΓΟΣ
975 4617 1167 4685 Ριςςο.

607 4725 745 4795 Περὶ
785 4726 1064 4793 κλήσεως
1101 4728 1269 4785 Θεοῦ.

224 4838 331 4892 Τοῦ
353 4838 561 4909 Κυρίου
583 4838 679 4892 καὶ
704 4837 839 4892 Θεοῦ
857 4838 1147 4904 καλοῦντος
1175 4840 1341 4911 ἡμᾶς,
1361 4839 1449 4895 διά
1467 4858 1525 4893 τε
1557 4839 1721 4911 νόμου

156 4930 247 4982 καὶ
277 4929 595 5000 προφητῶν,
624 4930 721 4983 καὶ
769 4930 1107 4995 ἀποστόλων,
1150 4931 1243 4985 καὶ
1293 4931 1715 5000 εὐαγγελιστῶν,

157 5018 355 5088 μᾶλλον
410 5018 468 5072 δὲ
509 5018 604 5072 καὶ
655 5019 1124 5091 παρακαλοῦντος,
1162 5020 1223 5073 οῦ
1285 5020 1501 5092 θεμιτὸν
1547 5021 1717 5091 ἡμᾶς,

151 5109 243 5163 διὰ
275 5109 549 5182 ῥᾳθυμίας
576 5110 673 5164 καὶ
701 5113 1025 5183 χαυνότητος
1052 5114 1411 5182 καταφρονεῖν
1447 5113 1544 5181 τῆς
1572 5113 1720 5165 ὲντο-

152 5193 252 5264 λῆς
284 5196 470 5262 αὐτοῦ,
499 5197 595 5251 καὶ
622 5198 845 5269 ἀμελεῖν
889 5201 985 5269 τῆς
1025 5200 1232 5256 ἑαυτῶν
1273 5201 1564 5270 σωτηρίας.
1600 5201 1720 5256 'lva

155 5286 232 5358 μὴ
262 5287 352 5341 διὰ
384 5289 484 5358 τῆς
535 5288 864 5359 βραδυτῆτος
905 5290 1350 5362 ἀποκλεισθῶμεν
1376 5291 1472 5344 τοῦ
1498 5292 1720 5361 νυμφῶ-

151 5390 262 5440 νος,
295 5379 392 5430 καὶ
429 5377 783 5448 στερηθῶμεν
809 5378 902 5432 τοῦ
941 5377 1279 5449 ποθουμένου
1322 5379 1554 5451 νυμφίου
1578 5396 1593 5409 ·
1628 5384 1718 5436 καὶ

226 5509 590 5587 "ligati",
628 5511 680 5577 1,
713 5514 770 5569 2,
848 5515 939 5587 ῥ’]
972 5514 1099 5587 cor.
1126 5531 1183 5579 ιι,
1226 5516 1314 5581 10,
1352 5515 1445 5587 Η.
1488 5514 1563 5587 ff
1591 5516 1727 5572 ibid.

1833 5530 1856 5571 ι.
1933 5520 1979 5551 ⁸⁸
2009 5518 2052 5573 ll
2076 5518 2204 5573 Cor.
2230 5534 2308 5582 ιιι,
2341 5517 2499 5572 9-H.
2575 5518 2620 5549 ⁸⁸
2662 5518 2789 5587 Sap.

1409 5586 1452 5617 "°
1474 5584 1685 5645 Coloss.
1724 5604 1727 5641 ι

1834 5589 1883 5655 l,
1922 5591 1976 5643 2.
2055 5591 2099 5620 τι
2137 5588 2293 5642 Rom.
2322 5602 2395 5653 vr,
2428 5588 2516 5641 22.
2552 5591 2597 5622 τ’
2626 5584 2758 5643 Luc.
2788 5602 2883 5652 xu,
2916 5588 3122 5652 55,36.
3200 5588 3399 5644 "ibid.

283 5580 330 5614 ⁸⁸
364 5582 505 5637 Psal.
533 5596 678 5649 χχιχ,
708 5594 764 5642 o.
839 5586 885 5618 θ’
913 5586 1055 5641 Psal.
1088 5601 1212 5652 nx,
1257 5580 1315 5640 9.

1752 4604 1806 4663 D

2204 4612 2414 4684 1235
2451 4610 2734 4667 HOMlLlA
2777 4610 3014 4666 CXXVI.

2354 4725 2433 4780 De
2459 4726 2728 4780 vocatione
2755 4724 2871 4781 Dei.

1919 4841 2187 4896 Dominus
2217 4854 2281 4896 ac
2317 4839 2465 4895 Deus
2506 4846 2694 4893 noster
2716 4854 2840 4894 cum
2878 4854 2980 4893 nos
3001 4839 3071 4894 ad
3112 4855 3172 4895 se
3202 4839 3401 4897 invitet

1829 4947 1932 5001 per
1956 4931 2159 5002 legem,
2194 4947 2293 5000 per
2335 4932 2659 5002 prophetas,
2697 4946 2796 5000 per
2832 4930 3110 4999 apostolos
3143 4938 3199 4985 et
3232 4947 3403 4986 evan-

1826 5019 2054 5090 gelistas
2089 5019 2370 5090 (obsecrat
2403 5021 2595 5076 verius
2623 5029 2673 5074 et
2705 5018 3003 5091 hortatur),
3041 5036 3203 5089 quam
3243 5021 3401 5076 nefa-

1827 5112 1974 5166 rium
2021 5127 2086 5167 ac
2120 5112 2406 5182 piaculare
2450 5111 2640 5179 fuerit,
2676 5128 2777 5167 nos
2808 5113 3168 5182 contemptim
3220 5121 3403 5167 trans-

1828 5205 2049 5259 mittere
2081 5202 2376 5272 imperium
2409 5202 2630 5257 Domini
2670 5211 2778 5257 tam
2817 5203 3125 5269 clementis,
3163 5212 3273 5256 tam
3301 5201 3402 5257 he-

1826 5293 2006 5363 nigni,
2049 5307 2237 5348 crassa
2270 5292 2507 5361 quadam
2569 5293 2844 5356 socordia,
2881 5292 3048 5346 animi
3094 5293 3306 5347 lentorc
3338 5308 3403 5347 ac

1828 5384 2095 5440 mollitie?
2120 5384 2253 5439 Tam
2280 5384 2478 5454 supine
2506 5391 2562 5438 et
2592 5385 2896 5439 oscitanter
2923 5386 3205 5456 pr0priam
3243 5384 3401 5442 nihili

2778 5561 2789 5572 .
2832 5534 2912 5580 ιιι,
2950 5518 3000 5571 l.
3077 5518 3121 5549 ⁵⁷
3158 5518 3288 5573 ibid.
3337 5517 3403 5571 4-
