4014 6310
228 298 367 363 139.9

786 422 1008 476 ΛΟΓΟΣ
1045 422 1218 476 ΡΚΖ’.

664 536 802 604 Περὶ
835 539 1022 605 φόϐου
1049 534 1154 589 τοῦ
1190 536 1357 590 Θεοῦ.

309 652 367 706 '0
401 652 542 721 ἔχων
572 651 661 703 τδν
704 651 866 719 φόϐον
898 650 994 702 τοῦ
1030 649 1165 703 Θεοῦ
1210 651 1270 702 ὲν
1311 648 1561 720 ἀληθείᾳ,
1598 650 1797 721 ῥᾳδίως

227 744 447 816 ἔρχεται
474 745 553 805 εἰς
578 742 675 812 τὴν
715 742 926 795 τελείαν
953 743 1173 811 ἀγάπην
1206 740 1299 793 τοῦ
1342 741 1498 806 Θεοῦ,
1537 742 1629 794 καὶ
1655 741 1793 808 γίνε-

219 855 314 891 ται
350 834 598 906 μαθητὴς
643 835 735 888 καὶ
778 833 928 901 φίλος
962 833 1056 886 τοῦ
1103 832 1361 902 Χριστοῦ.
1403 852 1421 883 ι
1452 833 1640 903 Ὑμεῖς
1667 832 1794 903 γὰρ,

222 929 410 999 φησὶν,
452 925 794 994 πεφιλήκατε
832 943 920 995 με.
947 944 965 976 ι
1004 926 1111 978 Καὶ
1134 927 1162 977 6
1184 926 1425 989 τοιοῦτος
1453 925 1552 996 τὴν
1575 927 1796 992 ἁγνείαν

222 1017 595 1087 ἐγκομϐοῦται
636 1018 694 1070 ἐν
725 1016 800 1086 τῷ
834 1016 990 1086 μέρει
1023 1014 1218 1084 τούτῳ,
1251 1018 1351 1078 τάς
1378 1034 1437 1068 τε
1460 1014 1555 1069 τοῦ
1590 1017 1795 1082 κόσμου

225 1108 518 1179 μερίμνας,
538 1107 629 1160 καὶ
649 1108 883 1170 ἀπάτας,
915 1107 1008 1160 καὶ
1033 1106 1243 1176 ἡδονὰς,
1274 1106 1367 1159 καὶ
1382 1107 1689 1176 κραιπάλας
1707 1108 1798 1159 καὶ

224 1201 426 1271 μέθας,
459 1201 553 1252 καὶ
582 1198 871 1269 συγχύσεις
902 1198 1239 1260 Βαϐυλῶνος,
1263 1202 1353 1252 καί
1384 1199 1561 1253 πάντα
1580 1199 1646 1251 τά
1668 1198 1795 1267 βιω-

216 1292 349 1344 τικά
384 1292 678 1361 ἠρνήσατο,
724 1291 819 1344 καὶ
851 1289 1159 1355 ἀπετάξατο
1205 1290 1283 1360 τῷ
1343 1291 1534 1362 κόσμῳ
1564 1291 1656 1344 καὶ
1684 1294 1796 1353 τοῖς

215 1380 315 1433 τοῦ
349 1380 554 1450 κόσμου
582 1379 819 1442 δικτύοις
854 1380 953 1432 καὶ
991 1380 1336 1449 συμπλοκαῖς
1366 1381 1398 1451 ἢ
1431 1381 1650 1447 παγίσι,
1701 1384 1794 1434 καὶ

216 1472 315 1526 ἐπὶ
344 1474 447 1541 γῆς
478 1471 712 1541 βαδίζων
736 1472 797 1525 τὸ
826 1472 1129 1541 πολίτευμα
1152 1473 1209 1524 ὲν
1239 1472 1484 1541 οὐρανοῖς
1512 1474 1794 1541 ἠγάπησεν

214 1562 384 1631 ἔχειν.
416 1560 535 1613 Τῶν
583 1562 691 1630 γὰρ
733 1560 1061 1630 κρειττόνων
1104 1561 1449 1630 ὀρεγόμενος,
1481 1561 1560 1632 τῷ
1606 1561 1795 1632 κόσμῳ

214 1653 545 1719 ἀπετάξατο,
580 1654 665 1705 ἵνα
716 1652 856 1722 ζήσῃ
897 1652 1011 1720 βίον
1055 1652 1218 1715 θεῖον,
1254 1652 1524 1723 οὐράνιον,
1571 1653 1792 1720 ἀγγελι-

1163 290 1489 351 ΙΙΟΜΙῙᾸᾹ
1527 286 1808 350 CXXVII.
1838 291 2023 349 -1)E
2060 291 2351 351 TIMORE
2393 280 2542 352 DEI.

1823 405 1870 459 Δ

214 1744 335 1806 κὸν,
366 1747 425 1797 ἐν
453 1743 720 1815 θρησκείᾳ
763 1743 981 1813 καθαρᾷ
1020 1744 1112 1796 καὶ
1139 1744 1391 1814 ἀμιάντῳ
1424 1744 1516 1796 καλ⁸
1540 1744 1691 1815 ἁγίᾳ,
1729 1745 1786 1797 ἐν
1820 1736 1858 1788 Β

213 1834 499 1904 Πνεύματι
533 1834 695 1887 Θεοῦ·
733 1833 854 1904 Θεῷ
911 1833 1191 1904 λατρεύων
1237 1833 1315 1903 τῷ
1365 1837 1785 1903 παντοκράτορι,

208 1926 307 1979 διὰ
337 1926 435 1996 τὴν
474 1924 757 1995 βασιλείαν
790 1924 896 1977 τῶν
925 1923 1193 1994 οὐρανῶν,
1223 1922 1291 1976 δι’
1323 1924 1390 1994 ἦν
1437 1925 1531 1978 καὶ
1558 1924 1790 1977 ἀπέθετο
1839 1931 1845 1940 '

207 2015 315 2086 τὴν
360 2014 453 2067 τοῦ
503 2016 711 2085 κόσμου
755 2014 1031 2084 φροντίδα.
1084 2013 1394 2083 «Φοϐήθητι
1435 2016 1564 2084 γάρ,
1598 2016 1786 2084 φησὶν,

207 2108 309 2159 τὸν
345 2106 569 2177 Κύριον,
600 2108 694 2159 καὶ
734 2105 977 2173 φύλασσε
1016 2105 1115 2167 τὰς
1147 2105 1368 2165 ὲντόλας
1413 2105 1596 2158 αὐτοῦ.
1626 2124 1644 2157 ι
1681 2107 1788 2158 Φυ-

207 2195 432 2250 λάσσων
483 2195 539 2249 δὲ
590 2196 688 2259 τὰς
735 2196 954 2259 ἐντολὰς
993 2195 1090 2249 τοῦ
1152 2196 1310 2259 Θεοῦ,
1342 2196 1443 2269 ἔσῃ
1482 2196 1703 2259 δυνατὸς
1729 2198 1788 2249 ἐν

208 2287 368 2360 πάσῃ
397 2286 614 2355 πράξει.
657 2287 766 2340 Καὶ
800 2289 832 2357 ἡ
871 2286 1069 2357 πρᾶξίς
1105 2304 1198 2340 σου
1247 2287 1579 2357 ἀσύγκριτος
1608 2286 1784 2342 ἔσται.

206 2377 554 2447 Φοϐούμενος
603 2378 713 2449 γὰρ
746 2378 837 2431 τὸν
868 2379 1095 2447 Κύριον,
1124 2377 1305 2431 πάντα
1332 2378 1513 2442 καλῶς
1557 2380 1790 2449 ἐργάσῃ.

207 2461 386 2532 Οὗτός
420 2469 567 2522 ἐστιν
605 2466 634 2521 6
678 2468 861 2536 φόϐος,
898 2468 956 2531 δν
988 2468 1069 2520 δεῖ
1112 2485 1173 2521 σε
1204 2467 1531 2538 φοϐηθῆναι,
1560 2470 1657 2522 καὶ
1685 2486 1791 2521 σω-

210 2560 384 2633 θήσῃ.
419 2559 522 2612 Τὸν
549 2558 605 2611 δὲ
633 2559 878 2612 διάϐολον
906 2563 981 2629 μὴ
1010 2558 1255 2629 φοϐηθῇς
1275 2574 1288 2588 ·
1317 2559 1652 2628 φοϐούμενος
1684 2559 1791 2630 γὰρ

207 2650 313 2705 τὸν
337 2650 559 2721 Κύριον,
590 2649 1042 2719 κατακυριεύσεις
1062 2651 1155 2703 τοῦ
1178 2650 1446 2711 διαϐόλου,
1466 2650 1793 2722 ὅτιδύναμις

210 2741 324 2796 οὐκ
354 2741 499 2795 ἔστιν
532 2743 589 2794 ὲν
612 2742 781 2812 αύτῷ.
825 2744 912 2798 Ἐν
937 2733 981 2808 ᾧ
1008 2742 1063 2795 δὲ
1087 2742 1313 2812 δύναμις
1341 2744 1439 2796 ούκ
1473 2742 1639 2806 ἐστιν,
1670 2744 1791 2797 οὐδὲ

211 2832 388 2900 φόϐος
409 2849 425 2865 ·
453 2836 509 2886 ἐν
524 2826 567 2901 ᾧ
590 2834 621 2903 ὴ
639 2833 912 2904 δύναμιςή
938 2833 1165 2902 ἔνδοξος,
1186 2834 1279 2887 καὶ
1306 2836 1333 2888 6
1358 2835 1518 2904 φόϐος
1538 2838 1595 2888 ὲν
1620 2835 1788 2905 αύτῷ.

211 2924 341 2988 Πᾶς
385 2925 493 2993 γὰρ
529 2925 558 2977 6
584 2925 811 2995 δύναμιν
840 2926 999 2996 ἔχων,
1047 2926 1141 2980 καὶ
1175 2926 1338 2995 φόϐον
1364 2926 1497 2997 ἔχει.
1540 2927 1597 2982 Ὀ
1625 2926 1684 2980 δὶ
1719 2928 1793 2999 μὴ

213 3015 363 3087 ἔχων
397 3016 644 3087 δύναμιν,
675 3017 779 3069 ὑπὸ
802 3018 1020 3071 πάντων
1053 3021 1493 3089 καταφρονεῖται.
1523 3017 1792 3089 Φοϐήθητι
1819 3056 1862 3113 C

212 3108 282 3163 δὲ
307 3108 376 3161 τὰ
413 3107 549 3179 ἔργα
578 3108 673 3163 τοῦ
696 3109 972 3173 διαϐόλου,
1003 3112 1087 3163 ὅτι
1119 3128 1255 3179 πονῃ
1267 3109 1335 3180 pd:
1362 3111 1489 3166 εἱσι.
1520 3109 1792 3181 Φοϐούμε-

213 3217 316 3265 νος
343 3200 398 3255 δὲ
428 3202 517 3255 τὸν
552 3201 775 3274 Κύριρν,
809 3203 870 3256 οὐ
896 3202 1185 3275 φοϐηθήσῃ
1209 3204 1275 3256 τά
1302 3202 1441 3273 ἔργα
1472 3203 1567 3256 τοῦ
1600 3204 1794 3258 διαϐό-

214 3294 340 3357 λου,
374 3294 466 3347 καὶ
495 3295 594 3347 οὐκ
628 3296 837 3365 ἐργάσῃ
870 3294 1035 3348 αὐτάο
1066 3293 1210 3348 ἀλλὰ
1248 3293 1421 3366 φεύξῃ
1465 3295 1559 3348 ἀπ’
1591 3296 1793 3350 αὐτῶν.

216 3385 410 3438 Δισσοὶ
457 3385 550 3440 οῦν
590 3387 728 3439 εἰσιν
776 3388 826 3439 οἱ
864 3386 1038 3455 φόϐοι.
1084 3388 1145 3440 El
1194 3387 1253 3439 ού
1285 3386 1447 3457 θέλῃς
1476 3386 1537 3438 τὸ
1563 3388 1796 3456 πονηρὸν

223 3476 577 3546 ἐργάζεσθαι,
620 3477 887 3547 φοϐήθητι
931 3479 1021 3531 τὸν
1074 3477 1298 3547 Κύριον,
1342 3478 1437 3530 καὶ
1464 3477 1563 3530 ούκ
1587 3478 1796 3548 ἐργάζῃ

223 3565 380 3622 αὐτό.
420 3567 546 3620 Ἐὰν
576 3568 633 3621 δὲ
678 3568 835 3639 θέλῃς
879 3567 1042 3621 πάλιν
1090 3568 1153 3620 τὸ
1195 3568 1401 3635 ἀγαθὸν
1436 3569 1795 3639 ἐργάσασθαι,

224 3657 497 3729 φοϐήθητι
529 3658 620 3716 τὸν
648 3659 873 3730 Κύριον,
906 3660 1000 3713 καὶ
1031 3659 1240 3731 ἐργάζῃ
1280 3660 1431 3715 αὑτό.
1461 3661 1622 3714 Ὥστε
1651 3661 1679 3713 6
1700 3661 1796 3727 φό-

226 3749 324 3811 ϐος
352 3747 445 3801 τοῦ
472 3747 682 3820 Κυρίου
726 3750 1072 3821 ίσχυρότερός
1117 3753 1259 3814 ἐστι,
1296 3753 1391 3806 καὶ
1423 3750 1651 3817 ἔνδοξος.
1688 3754 1798 3807 Καὶ

224 3843 344 3894 ὅσοι
372 3840 439 3892 ἂν
466 3839 777 3908 φοϐηθῶσιν
810 3841 976 3894 αὑτὸν
1016 3843 1111 3893 καὶ
1146 3844 1421 3914 τηρήσωσι
1454 3842 1551 3905 τὰς
1578 3841 1800 3906 ἐντολὰς

228 3930 418 3993 αὐτοῦ,
444 3930 698 4000 ζήσονται
731 3930 808 4001 τῷ
840 3932 981 4003 Θεῷ.
1014 3932 1166 3985 Ἐπεὶ
1197 3934 1289 3985 καὶ
1314 3935 1462 3986 πᾶσα
1486 3932 1661 3996 κτίσις
1708 3949 1803 4001 φο·

228 4024 409 4076 ϐεἴται
430 4024 612 4087 αὑτὸν,
639 4024 736 4086 τάς
763 4024 821 4076 δὲ
849 4023 1067 4087 ἐντολὰς
1088 4024 1255 4078 αὑτοῦ
1285 4026 1343 4078 ού
1373 4027 1655 4095 φυλάσσει.
1678 4025 1799 4077 Τῶν

227 4114 327 4168 οὖν
355 4114 702 4184 φοϐουμένων
734 4115 897 4168 αὐτὸν
940 4118 1033 4169 καὶ
1068 4116 1459 4184 φυλασσόντων
1506 4118 1603 4180 τὰς
1646 4119 1797 4170 ἐντο-

227 4203 333 4266 λὰς
367 4203 553 4269 αὑτοῦ,
599 4202 819 4256 ἐκείνων
853 4205 887 4275 ἡ
927 4205 1041 4275 ζωὴ
1080 4205 1228 4260 ἔστιν
1278 4207 1428 4279 παρὰ
1457 4206 1532 4277 τῷ
1563 4206 1699 4278 Θεῷ.
1744 4208 1801 4261 '0

229 4295 345 4365 γὰρ
378 4294 541 4363 φόϐος
573 4295 668 4348 τοῦ
718 4296 854 4349 Θεοῦ
901 4298 1207 4363 ἀναγκάζει
1253 4299 1400 4368 ἡμᾶς
1438 4298 1693 4369 πολεμεῖν
1734 4301 1799 4370 τῇ

3331 286 3467 364 Ῑ830

2386 426 2671 480 HOMILIA
2710 424 2971 483 CXXVII.

2456 537 2534 590 De
2573 540 2759 592 timore
2789 536 2908 592 Dei.

1967 649 2229 720 Quisquis
2268 651 2561 706 sinceriter
2599 652 2770 705 Deum
2826 652 3004 715 timet,
3034 667 3143 706 non
3176 653 3349 707 multo
3372 652 3474 710 ad-

1897 743 2120 796 modum
2146 744 2367 813 ncgotio
2386 743 2452 798 ad
2481 743 2878 813 perfectionem
2918 743 3245 811 provehitur
3267 742 3472 799 divinae

1896 832 2205 896 charitatis,
2237 849 2413 903 coque
2458 834 2695 888 efﬁcitur
2724 833 2929 888 Christi
2978 841 3035 887 et
3079 832 3386 902 discipulus
3414 841 3472 888 et

1895 925 2125 978 amicus.
2187 926 2277 979 Ait
2334 927 2532 980 enim:
2590 920 2739 980 «Vos
2797 941 2886 980 me
2937 926 3296 980 amastis“.)
3364 926 3470 993 Qui

1894 1016 2163 1083 ejusmodi
2204 1024 2310 1081 est,
2352 1018 2545 1086 utique
2585 1018 2925 1071 ineluctabili
2956 1033 3095 1071 nexu
3137 1018 3183 1071 is
3214 1018 3473 1087 astringit

1894 1107 1999 1160 sibi
2036 1107 2364 1162 munditiam
2402 1109 2455 1161 in
2483 1109 2791 1163 castissime
2823 1110 3020 1163 timore
3061 1110 3299 1163 Domini.
3340 1108 3470 1179 [Qui

1894 1197 2186 1252 verissimo
2224 1197 2443 1251 Domini
2479 1198 2675 1253 timore
2707 1215 2807 1253 ceu
2844 1200 3018 1254 clavis
3044 1199 3269 1253 confixit
3310 1199 3471 1253 eilrc-

1896 1303 1995 1341 nes
2019 1289 2202 1343 carnis
2237 1296 2441 1352 motus,
2488 1289 2557 1343 ab
2615 1289 2711 1343 illo
2758 1290 3021 1345 eximittnr
3066 1292 3264 1345 timore
3296 1308 3308 1343 :
3336 1290 3472 1346 Cre-

1893 1379 2031 1434 scite
2059 1387 2116 1434 et
2148 1380 2595 1450 multiplicamini
2619 1381 2662 1413 ⁸⁷
2696 1380 2931 1435 :vitabit
2964 1381 3196 1450 proinde
3224 1389 3280 1436 et
3308 1382 3467 1448 illud,

1894 1478 1953 1525 ut
1979 1487 2048 1526 ne
2085 1472 2194 1525 ulla
2220 1488 2284 1526 ex
2310 1481 2465 1541 parte
2501 1472 2699 1526 debeat
2726 1472 2780 1526 in
2813 1472 3097 1527 hominum
3129 1472 3468 1530 descendere

1890 1563 2373 1636 familiaritatem]
2421 1564 2606 1618 Mundi
2636 1563 2809 1618 istius
2852 1564 3065 1633 defugit
3104 1564 3215 1634 jam
3258 1564 3467 1620 sollici-

1892 1664 2004 1709 tam
2046 1656 2403 1719 anxietatem,
2445 1657 2801 1726 imposturas,
2848 1655 3188 1724 voluptates,
3229 1657 3471 1725 crapulae

1890 1755 1947 1801 et
1996 1747 2285 1802 ebrietatis
2356 1746 2744 1816 intemperiem
2797 1762 3014 1801 omnem
3049 1764 3060 1799 :
3094 1747 3467 1801 omnimodam

1892 1836 2118 1907 insuper
2185 1838 2529 1909 Babylonica:
2588 1836 2935 1892 confusionis
2993 1837 3118 1907 fuga
3170 1839 3468 1894 antevertit

1892 1930 2170 2000 abyssum.
2205 1931 2344 1985 Vitae
2381 1930 2542 1985 istius
2589 1933 2834 1985 suaviter
2866 1929 3220 1985 traducenda:
3252 1946 3466 1985 renun-

1895 2019 2051 2073 tiavit
2088 2019 2368 2073 illecebris
2401 2035 2414 2072 :
2447 2019 2656 2073 mundo
2712 2034 2936 2089 quoque
2981 2021 3101 2073 vale
3143 2034 3468 2086 supremum

1891 2106 2049 2170 dixit,
2080 2108 2241 2176 cujus
2272 2113 2329 2160 et
2354 2107 2493 2162 retia
2518 2116 2803 2176 perrupta,
2840 2122 3172 2179 congressus
3194 2109 3333 2163 mire
3365 2109 3468 2162 imi

1892 2197 2083 2265 plexos
2106 2197 2286 2250 evasit
2320 2205 2374 2250 et
2408 2196 2650 2269 pedicas.
2680 2197 2737 2250 ln
2771 2205 2918 2252 terra
2947 2198 3161 2253 tametsi
3195 2198 3464 2266 ambulat,

1891 2303 1951 2341 re
1993 2287 2107 2356 ipsa
2149 2287 2389 2342 declarat
2437 2302 2496 2342 se
2536 2289 2887 2357 complexum
2936 2303 3057 2342 esse
3092 2289 3468 2343 convcrsatio-
3514 2356 3519 2363 γ

1892 2395 2018 2434 nem
2048 2395 2170 2448 qua:
2206 2379 2260 2433 in
2296 2380 2452 2435 caelis
2489 2388 2595 2434 est:
2624 2378 2761 2435 Cum
2804 2380 2953 2435 enim
2982 2380 3147 2450 longe
3192 2380 3314 2435 istis
3339 2380 3466 2435 feli-

1893 2471 2044 2524 ciora
2083 2478 2327 2539 expetat.
2363 2470 2502 2525 nihil
2527 2479 2613 2525 est
2639 2471 2786 2540 quod
2805 2480 3099 2526 cunctetur
3139 2473 3464 2528 renuntiare

1893 2561 2056 2616 istius
2098 2562 2286 2616 mundi
2347 2562 2662 2626 lenociniis,
2711 2562 2977 2617 nimirum
3016 2563 3186 2617 vitam
3221 2572 3281 2617 ut
3318 2563 3470 2621 vivat

1893 2652 2159 2718 divinam,
2228 2653 2531 2717 cmlestem,
2594 2654 2899 2723 angelicam
2956 2654 3011 2708 in
3078 2654 3470 2711 observatione

1893 2744 2125 2799 sincera:
2170 2760 2399 2814 prorsus
2439 2745 2724 2816 religionis
2765 2746 3108 2801 intemeratae
3155 2762 3218 2801 ac
3243 2755 3469 2813 sanctae,

1894 2837 1949 2890 in
1984 2834 2195 2906 Spiritu
2227 2837 2348 2902 Dei,
2376 2837 2593 2892 latriam
2637 2836 2907 2891 exhibens
2949 2836 3316 2906 omnipotenti
3355 2837 3471 2893 Deo

1893 2933 2119 2995 propter
2152 2927 2418 2982 caelorum
2449 2943 2701 2998 regnum,
2735 2928 2893 2997 cujus
2914 2928 3085 2998 gratia
3115 2928 3471 2997 supercilium

1895 3033 2061 3073 omne
2115 3019 2300 3088 posuit
2351 3019 2645 3073 mundana:
2692 3017 2852 3073 istius
2895 3018 3223 3088 prudentiae.
3275 3019 3473 3074 «Time

1895 3109 2067 3172 enim,
2138 3110 2231 3165 ille
2283 3109 2378 3175 ait,
2418 3110 2744 3173 Dominum,
2805 3116 2863 3163 et
2922 3110 3136 3164 custodi
3210 3111 3469 3165 mandata

1896 3200 2018 3270 ejus
2039 3200 2104 3254 ⁸⁸.
2134 3219 2152 3252 ι
2190 3198 2333 3255 Sane
2391 3199 2489 3255 Dei
2536 3199 2797 3254 mandata
2856 3198 2902 3253 si
2947 3199 3303 3265 custodieris,
3359 3200 3475 3257 eris

1898 3291 2091 3361 utique
2146 3291 2202 3345 in
2253 3290 2406 3346 omni
2456 3291 2786 3360 operatione
2840 3297 3060 3360 potens,
3113 3290 3474 3359 operatioque

1898 3392 1993 3436 tua
2046 3382 2559 3450 incomparabiliter
2640 3380 2921 3438 succedet.
2979 3382 3271 3435 Dominum
3324 3382 3473 3435 enim

1898 3472 1945 3528 si
1988 3473 2261 3536 timueris,
2292 3473 2430 3526 nihil
2483 3490 2593 3528 non
2628 3474 2831 3529 decore
2867 3471 3147 3529 conficies.
3182 3471 3281 3528 llic
3313 3474 3479 3543 plane

1900 3565 2068 3620 timor
2100 3573 2207 3628 est,
2251 3580 2364 3634 quo
2417 3580 2643 3619 necesse
2679 3566 2754 3619 sit
2799 3574 2859 3620 ut
2911 3565 3105 3620 timeas
3144 3573 3201 3619 et
3239 3566 3478 3620 salutem

1900 3670 2243 3724 consequare
2271 3671 2286 3708 :
2316 3654 2601 3709 diabolum
2635 3656 2868 3724 proinde
2894 3656 3034 3711 nihil
3066 3656 3338 3712 timueris.
3370 3657 3481 3711 Dm

1901 3746 2114 3800 minum
2143 3746 2294 3801 enim
2320 3746 2413 3817 qui
2449 3747 2626 3811 timet,
2657 3747 2926 3801 adversus
2960 3748 3240 3802 diabolum
3267 3765 3479 3819 praeva-

1900 3837 2253 3892 lebit:nihil
2303 3839 2453 3893 enim
2510 3837 2643 3893 huic
2693 3846 2968 3908 superest.
3017 3838 3139 3893 Vim
3195 3847 3479 3909 utcunque

1901 3929 1996 4000 qui
2048 3930 2217 3985 habet
2264 3929 2530 3985 adversus
2561 3929 2738 3994 illum,
2770 3929 2962 3997 utique
2998 3928 3165 3983 habet
3191 3937 3248 3983 et
3276 3929 3373 3984 Dei
3408 3930 3480 3984 ti-

1902 4034 2114 4073 morem
2148 4017 2235 4072 :is
2274 4006 2420 4072 enim
2458 4032 2583 4072 cum
2626 4017 2765 4071 nihil
2815 4015 3066 4070 obtineat
3094 4015 3321 4077 virium,
3359 4028 3480 4067 om-

1901 4111 2056 4165 nium
2111 4118 2259 4180 patet
2294 4108 2599 4179 despicatui
2628 4119 2683 4163 et
2715 4107 3104 4162 contemnitur.
3153 4107 3250 4160 Est
3293 4114 3475 4159 tamen

1903 4200 2053 4271 quod
2092 4202 2304 4265 timeas,
2338 4217 2504 4270 opera
2535 4215 2732 4269 nempe
2763 4199 2970 4253 diaboli
3011 4216 3024 4252 :
3057 4197 3297 4268 maligna
3328 4198 3474 4252 cnim

1904 4303 2058 4348 sunt.
2094 4291 2306 4364 1237
2335 4291 2557 4346 Timore
2589 4307 2755 4360 porro
2791 4289 3008 4344 Domini
3039 4289 3307 4353 munitus,
3341 4288 3477 4357 quid

232 4386 424 4459 κακίᾳ.
467 4387 653 4455 Ἢμῶν
691 4387 747 4440 δὲ
777 4387 1176 4457 πολεμούντων,
1203 4391 1235 4457 ὴ
1275 4390 1435 4460 χάρις
1467 4390 1559 4442 τοῦ
1594 4391 1799 4458 Κυρίου

1906 4384 2154 4453 estquod
2189 4391 2499 4438 commenta
2529 4381 2858 4450 fraudesque
2889 4380 3253 4435 veteratorias
3285 4379 3481 4433 timeas

232 4478 451 4547 ἀναιρεῖ
477 4479 665 4549 αὑτήν.
704 4479 777 4531 Οὐ
823 4478 1043 4531 δύναται
1094 4478 1154 4531 δέ
1183 4497 1265 4543 τις
1297 4481 1374 4543 είς
1412 4482 1575 4548 φόϐον
1600 4481 1802 4549 Κυρίου

233 4566 434 4631 ἐλθεῖν,
475 4568 572 4619 ἐὰν
598 4569 672 4637 μὴ
700 4569 888 4621 πασῶν
922 4569 1029 4621 τῶν
1075 4568 1347 4638 βιωτικῶν
1378 4570 1670 4640 φροντίδων
1700 4571 1806 4635 ἔξω

233 4656 486 4725 γένηται,
516 4657 698 4719 καθὼς
750 4659 999 4729 εἴρηταιο
1048 4660 1175 4711 ὅταν
1232 4660 1341 4730 γὰρ
1383 4663 1440 4713 ὲν
1468 4662 1667 4733 ἡσυχίᾳ
1711 4664 1806 4716 καὶ

234 4748 541 4824 ἀμεριμνίᾳ
573 4749 798 4820 γένηται
833 4752 860 4804 6
886 4751 1028 4816 νοῦς,
1062 4752 1180 4805 τότε
1212 4753 1420 4823 ἐνοχλεῖ
1448 4753 1592 4824 αύτῷ
1638 4757 1666 4807 ὁ
1711 4756 1807 4822 φό-

237 4841 333 4904 ϐος
361 4840 458 4893 τοῦ
491 4841 649 4904 Θεοῦ,
683 4845 862 4914 φέρων
891 4847 1056 4900 αὑτὸν
1104 4849 1184 4911 εἰς
1231 4849 1432 4918 πολλὴν
1460 4849 1680 4920 ἀγάπην
1708 4851 1807 4919 τῆς

238 4932 576 5005 ἀγαθότητος
604 4936 698 4990 τοῦ
729 4936 887 4991 Θεοῦ.
925 4938 1047 5002 Τοῖς
1077 4938 1184 5010 γὰρ
1215 4940 1638 5010 ἀγωνιζομένοις
1668 4934 1807 5004 εἶδός

237 5042 295 5078 τι
327 5026 481 5095 φέρει
511 5028 824 5098 ἁγνισμοῦὸ
855 5029 1041 5098 φόϐος.
1081 5048 1098 5081 ι
1141 5030 1199 5082 Ὀ
1231 5029 1340 5100 γὰρ
1381 5030 1543 5098 φόϐος
1574 5030 1802 5100 Κυρίου,

240 5117 428 5187 φησὶν,
462 5118 646 5184 ἁγνὸς,
681 5119 950 5189 διαμένων
1008 5122 1088 5185 εἰς
1153 5119 1324 5174 αίῶνα
1384 5122 1646 5184 αἰῶνος.»
1708 5121 1807 5173 Φό-

240 5206 337 5269 ϐος
365 5208 591 5278 Κυρίου,
626 5213 909 5281 γεννήτωρ
948 5213 1265 5282 φρονήσεως
1288 5229 1300 5242 ·
1325 5212 1354 5263 6
1383 5211 1472 5263 τὸν
1516 5211 1609 5264 ἕνα
1656 5211 1807 5263 εὐλα-

242 5297 527 5367 ϐούμενος,
574 5300 636 5353 οὺ
673 5301 927 5356 δειλιάσει
956 5304 1083 5366 τοὺς
1109 5302 1357 5367 πολλούς.
1382 5303 1599 5357 Μᾶλλον
1628 5303 1683 5357 δὲ
1711 5303 1807 5357 αὖ-

240 5387 333 5441 τδν
366 5389 451 5443 διά
481 5392 572 5444 τὸν
619 5391 713 5444 ἕνα
752 5392 938 5445 πολλοὶ
983 5393 1406 5463 φοϐηθήσονται.
1454 5414 1472 5445 ι
1511 5394 1633 5446 Ἐὰν
1674 5393 1804 5462 γὰρ,

242 5485 428 5551 φησὶν,
461 5481 733 5553 φοϐηθῆτε
781 5483 984 5553 Κύριον
1012 5482 1099 5535 τὸν
1127 5483 1258 5536 Θεὸν
1300 5482 1481 5552 ὑμῶν,
1517 5483 1612 5535 καὶ
1654 5484 1809 5536 ἀκού-

1905 4476 2151 4531 diaboli?
2198 4475 2353 4530 Illius
2386 4489 2551 4543 opera
2590 4485 2941 4540 nequaquam
2976 4469 3115 4524 adeo
3140 4468 3481 4537 dcsignabis,

1907 4576 1967 4621 ut
1997 4583 2105 4621 non
2138 4567 2207 4621 ab
2245 4567 2328 4621 eis
2363 4564 2581 4619 resilias
2626 4579 2788 4632 quam
2834 4561 3177 4632 longissime.
3213 4558 3374 4629 Atqui
3409 4557 3479 4612 ιὶι-

1907 4660 2077 4713 moris
2122 4659 2338 4729 species
2376 4658 2580 4727 duplex
2634 4662 2738 4710 est.
2775 4654 2832 4709 Si
2886 4654 3068 4723 itaque
3119 4653 3311 4722 cupies
3340 4651 3478 4706 nihil

1907 4752 2198 4806 admittere
2246 4751 2392 4821 quod
2439 4749 2737 4821 malignum
2790 4746 2862 4801 sit
2891 4760 2954 4799 ac
2988 4745 3310 4813 reprohum,
3347 4743 3480 4798 time

1907 4841 2221 4906 Dominum,
2248 4850 2304 4896 et
2348 4857 2417 4896 ne
2456 4839 2706 4911 opereris
2750 4837 2907 4893 illud.
2954 4835 3249 4889 Dominum
3295 4834 3481 4902 itaque

1907 4934 2003 5002 qui
2042 4931 2199 4986 timet
2243 4932 2405 4987 fortis
2438 4933 2631 5001 utique
2674 4938 2729 4985 et
2774 4929 3069 5001 gloriosus.
3112 4928 3248 4981 Nam
3302 4942 3480 4996 quan-

1908 5025 2174 5093 ticunque
2228 5038 2356 5077 cum
2397 5023 2705 5086 timuerint,
2753 5023 3225 5090 observantesque
3274 5017 3482 5073 fuerint

1907 5114 2290 5168 mandatorum
2342 5114 2534 5183 ipsius,
2561 5115 2775 5184 placent
2802 5112 2934 5169 Deo.
2968 5113 3182 5168 Etenim
3234 5119 3484 5166 creatura

1910 5208 2089 5262 omnis
2120 5204 2294 5275 ipsius
2336 5216 2460 5260 cum
2496 5208 2589 5271 sit,
2619 5223 2745 5261 cum
2788 5217 3021 5262 veretur
3047 5222 3109 5261 ac
3145 5205 3337 5269 timet;
3371 5220 3482 5258 non

1913 5297 2044 5351 item
2080 5297 2260 5353 omnis
2305 5299 2549 5352 custodit
2584 5298 2733 5353 illius
2776 5300 3054 5353 mandata.
3095 5298 3321 5352 Illorum
3350 5311 3485 5350 sane

1913 5390 2024 5443 vita
2051 5389 2193 5459 apud
2225 5390 2397 5444 Deum
2429 5390 2671 5459 reposita
2701 5398 2807 5453 est,
2853 5400 3124 5460 quotquot
3156 5403 3282 5443 eum
3325 5401 3486 5441 reve-

1917 5492 2103 5537 renter
2131 5482 2327 5538 timent
2358 5489 2413 5539 et
2447 5483 2567 5555 ejus
2594 5482 2850 5537 mandata
2896 5483 3119 5552 explent.
3146 5496 3335 5552 opere.
3366 5479 3411 5551 l;
3426 5494 3486 5535 se

312 5676 365 5713 ⁸⁸
392 5677 549 5736 Joan.
582 5695 688 5742 xvt.
722 5680 810 5734 ‘27.
884 5678 1095 5755 "ﬁcu.
1122 5696 1159 5744 ι,
1187 5678 1256 5735 9.8
1284 5689 1337 5736 ct
1368 5681 1521 5739 alibi.
1596 5682 1639 5713 ³⁸
1667 5682 1955 5746 Eccle.xu,
1997 5679 2079 5734 15.
