4014 6310
676 266 807 337 1831

1919 271 2277 332 ANTIOCHI
2326 268 2670 333 MONACHI
2720 294 2722 297 ·
3252 221 3265 225 -
3742 289 3821 355 1333

668 393 837 448 timor
864 391 1082 447 Domini
1117 393 1505 448 necessitatem
1568 391 1735 447 nobis
1796 391 2032 462 imponit
2086 391 2239 445 comi

2163 391 2257 444 mi-
2294 397 2331 450 Α
2365 409 2495 464 σητε
2527 395 2627 463 τῆς
2650 394 2834 465 φωνῆς
2860 394 3044 461 αὑτοῦ,
3071 397 3180 451 οὐκ
3205 397 3573 468 ἀντιστήσεται
3598 402 3817 468 ούδίξκιτὲ

666 499 775 540 nus
811 483 1141 539 conserendi
1189 499 1315 539 cum
1361 484 1533 539 vitiis.
1572 483 1744 539 Nobis
1788 493 2009 538 strenue
2037 482 2252 553 deprm~

668 574 938 630 liantibus
968 574 1147 643 gratia
1176 574 1396 628 Domini
1427 575 1694 629 malitiam
1730 589 1950 629 onmem
1981 573 2047 628 ad
2083 574 2253 628 inter-

667 667 957 721 necionem
998 676 1177 734 usque
1212 664 1520 719 intercidit.
1549 663 1667 718 Non
1696 671 1883 718 autem
1917 664 2100 733 potest
2127 662 2252 733 quis

666 757 734 811 ad
767 758 865 811 Dei
904 757 1158 811 timorem
1194 757 1535 827 pertingere,
1566 756 1621 810 ni
1666 755 1824 826 prius
1865 746 2140 810 desciscat
2181 754 2250 808 ab

665 849 816 903 omni
857 847 984 901 vita:
1038 845 1203 902 istius
1249 848 1597 917 temporaria:
1643 847 2058 911 sollicitudine,
2093 847 2249 915 juxta

665 940 1013 1009 snperiorcm
1047 939 1403 993 sententiam.
1439 937 1575 993 Cum
1612 939 1762 994 enim
1794 953 1951 992 mens
1979 935 2251 992 resederit

664 1029 734 1083 ab
765 1029 918 1083 omni
966 1028 1319 1097 intemperie,
1364 1043 1563 1083 secura
1606 1029 1689 1083 rei
1740 1028 2061 1092 mundialis,
2117 1035 2249 1081 tunc

666 1121 832 1174 timor
867 1112 967 1174 ille
990 1119 1087 1174 Dei
1120 1122 1202 1173 sic
1237 1120 1494 1189 requieto
1536 1121 1838 1190 plurimum
1886 1120 2111 1174 facessit
2151 1133 2251 1173 ne-

660 1211 818 1282 gotii,
848 1226 958 1280 quo
987 1212 1247 1266 eumdem
1300 1221 1591 1281 promovet
1631 1211 1699 1266 ad
1734 1211 2131 1267 exuberantem
2164 1209 2250 1264 di-

662 1305 806 1360 vinae
838 1304 1194 1374 benignitatis
1224 1319 1493 1360 amorem.
1547 1304 1708 1360 Serio
1742 1303 2162 1359 decertantibus
2189 1302 2245 1357 in

661 1407 835 1462 agone
876 1392 1154 1461 spirituali
1207 1393 1325 1462 ipse
1384 1394 1556 1448 timor
1585 1407 1905 1463 eXpressam
1940 1392 2244 1447 etiamnum

661 1484 957 1556 imaginem
980 1486 1177 1539 asserit
1197 1485 1577 1540 sanctimonia:
1602 1495 1658 1539 et
1678 1484 1937 1554 puritatis
1964 1500 1978 1538 :
2009 1504 2027 1535 ι
2058 1483 2247 1537 Timor

660 1577 880 1633 Domini
898 1585 1126 1631 sanctus
1150 1577 1248 1645 (ait
1279 1576 1498 1644 David),
1531 1588 1871 1647 permanens
1896 1562 1953 1630 in
1978 1574 2242 1630 saeculum

659 1670 936 1726 saeculi”.
966 1689 984 1721 ι
1023 1669 1212 1724 Timor
1260 1669 1479 1723 Domini
1537 1669 1853 1740 prudentia:
1900 1675 1987 1723 est
2018 1680 2239 1737 parens.

2358 486 2651 556 πρόσωπον
2682 486 2857 557 ὑμῶν.
2890 488 2999 540 Καὶ
3032 490 3059 542 ό
3083 489 3293 561 τρόμος
3320 491 3473 560 ὑμῶν
3500 492 3631 548 ἔσται
3654 498 3817 553 Exim

2325 594 2421 630 -τα
2463 578 2532 631 τὰ
2585 577 2734 643 ἔθνη.
2762 597 2781 630 ι
2845 579 2955 633 Καὶ
3000 580 3170 635 πάλιν
3241 583 3651 651 παρακελεύεται
3694 588 3813 657 λέγων

2361 683 2380 717 ι
2405 666 2609 737 Κύριον
2655 670 2749 721 τὸν
2792 668 2927 721 Θεόν
2972 680 3064 723 σου
3116 670 3431 745 φοϐηθήσῃ,
3470 676 3556 728 καὶ
3591 674 3699 748 πρὸς
3722 682 3815 733 αὐτὸν

2358 757 2693 829 κολληθήσῃ.
2729 776 2748 810 ι
2789 756 2901 813 Καὶ
2936 756 3094 824 αὖθις
3121 777 3136 791 ·
3181 780 3200 812 ι
3225 761 3323 824 Τίς
3374 763 3528 816 δώσει
3569 762 3707 829 οὕτως
3738 765 3815 822 slva

2350 850 2452 918 τὴν
2505 849 2737 923 καρδίαν
2779 851 2874 905 τοῦ
2921 851 3073 918 λαοῦ,
3114 848 3264 906 ὥστε
3305 854 3570 923 φοϐεῖσθαι
3603 858 3737 923 πάσας

2351 940 2571 1004 ἐντολάς
2616 958 2742 1011 μου,
2782 943 2869 996 ἵνα
2907 939 2967 996 εὖ
3062 944 3259 1016 αύτῷς
3288 963 3307 997 ι
3344 945 3523 999 Ταῦτα
3544 948 3627 1016 μὲν
3658 952 3813 1021 όνόμος.

2349 1032 2517 1103 Φησὶν
2549 1031 2605 1086 δὲ
2650 1034 2744 1087 καὶ
2784 1036 2812 1087 ό
2864 1037 3161 1107 προφήτης
3189 1036 3435 1107 Μιχαίας
3458 1046 3474 1070 ⁴
3506 1057 3523 1090 ι
3544 1040 3636 1093 Καὶ
3657 1043 3815 1096 ἀνατεὶεῖ

2347 1123 2480 1191 ἡμῖν
2526 1123 2638 1186 τοῖς
2669 1120 3026 1193 φοϐουμένοις
3048 1124 3144 1177 τὸν
3178 1125 3410 1195 Κύριον,
3435 1126 3610 1180 Ἥλιον
3633 1129 3814 1182 δικαιοσὶ·

2347 1230 2464 1284 νης.
2499 1215 2609 1266 Kal.
2638 1213 3013 1280 ὲξελεύσεσθε,
3049 1217 3147 1269 καὶ
3187 1219 3504 1289 σκιρτήσετε
3535 1219 3601 1283 ὡς
3637 1223 3815 1293 μοσχάρει

2347 1304 2610 1376 ἀνειμένα
2638 1308 2701 1358 ὲκ
2729 1306 2969 1377 δεσμῶν.
2992 1326 3012 1359 ι
3061 1305 3122 1360 ὐ
3150 1307 3211 1360 δὲ
3248 1308 3650 1380 Παροιμιαστὴς,
3673 1330 3688 1362 ι
3713 1314 3815 1382 Ἀρχὴ

2348 1400 2566 1467 σοφίας,
2603 1398 2769 1468 φόϐος
2804 1400 3032 1469 Κυρίου,
3087 1399 3193 1451 καὶ
3237 1398 3499 1471 ὀχύρωμα
3537 1400 3683 1454 ὁσίαν
3717 1403 3815 1469 τίεις

2349 1488 2580 1558 Κυρίου,
2612 1487 2766 1560 πηγὴ
2811 1488 2989 1559 ζωῆς·
3039 1491 3194 1542 ποιεῖ
3234 1488 3294 1541 δὲ
3341 1489 3571 1542 ὲκκλῖναι
3598 1485 3815 1558 ἐκπατίοις

2346 1579 2599 1634 θανάτου.
2626 1598 2643 1631 ι
2692 1581 2802 1632 Καὶ
2830 1578 2990 1632 πάλιν
3009 1594 3021 1607 ο
3067 1598 3086 1630 ι
3108 1579 3407 1649 Μακάριος
3426 1572 3468 1647 ᾧ
3507 1578 3739 1649 δεδώρηται
3758 1580 3816 1646 qt-

2347 1670 2439 1734 60;
2485 1670 2726 1741 Κυρίου·
2764 1669 2929 1737 φόϐος
2973 1669 3191 1740 Κυρίου
3238 1670 3322 1732 είς
3364 1669 3504 1739 ζωὴν
3541 1670 3691 1739 ἀνδρί·
3716 1670 3817 1736 φὸδος

657 1762 841 1819 Unum
892 1761 1133 1831 aliquem
1181 1761 1227 1815 si
1273 1767 1480 1825 tuetur,
1525 1769 1584 1815 et
1633 1760 1912 1826 observat,
1968 1759 2109 1814 nihil
2152 1760 2239 1815 hic

2163 1760 2245 1815 hic
2276 1760 2317 1814 Β
2348 1761 2555 1831 Κυρίου
2584 1760 2774 1833 τέρψει
2804 1760 3058 1831 καρδίαν,
3112 1760 3215 1813 καὶ
3253 1759 3415 1812 δώσει
3461 1758 3734 1831 εὐφροσύνην
3758 1760 3813 1812 καὶ

656 1853 964 1924 quamlibet
1007 1853 1213 1907 multos
1256 1852 1515 1907 timebit:
1544 1852 1732 1922 potius
1775 1852 1846 1907 ob
1881 1853 2031 1907 hunc
2067 1866 2238 1905 unum

657 1944 819 2001 multi
853 1946 1309 2009 exterrebuntur,
1340 1945 1429 2000 vel
1471 1953 1610 2000 teste
1647 1943 1935 2014 Scriptura
1967 1963 1977 1996 :
2014 1963 2031 1995 ι
2064 1942 2121 1999 Si
2166 1942 2239 1998 ti-

657 2037 917 2092 mueritis
960 2037 1261 2091 Dominum
1310 2036 1482 2090 Deum
1530 2043 1803 2101 vestrum,
1846 2045 1903 2089 et
1951 2035 2241 2090 audieritis

655 2144 852 2184 vocem
889 2129 1032 2200 ejus,
1071 2143 1237 2181 nemo
1281 2138 1475 2183 contra
1522 2144 1622 2184 vos
1659 2128 1828 2183 stabit
1873 2137 2000 2182 ante
2039 2127 2239 2183 faciem

657 2230 923 2286 vestram,
965 2219 1061 2274 sed
1105 2218 1275 2273 timor
1321 2231 1513 2274 vester
1558 2235 1622 2275 ac
1671 2228 1879 2274 tremor
1913 2220 2023 2274 erit
2071 2234 2240 2289 super

656 2328 851 2371 omnes
881 2321 1076 2383 gentes
1092 2312 1161 2364 ’°.
1195 2330 1213 2363 ι
1241 2312 1436 2366 Denuo
1464 2311 1795 2366 adhortatur
1822 2312 2013 2366 dicens
2040 2329 2052 2365 :
2083 2330 2102 2362 ι
2135 2311 2240 2365 Do-

656 2401 870 2457 minum
914 2402 1089 2455 Deum
1135 2398 1382 2464 timebis,
1409 2409 1467 2455 et
1505 2401 1559 2456 ei
1606 2401 1999 2456 adhaerebis".
2034 2422 2051 2453 ι
2086 2401 2237 2455 Rur-

655 2508 788 2549 sus:
830 2490 1003 2558 «Quis
1036 2490 1210 2557 dabit,
1243 2498 1305 2545 ut
1336 2491 1409 2545 sit
1443 2491 1525 2546 sic
1573 2507 1672 2546 cor
1704 2490 1917 2561 populi,
1948 2498 2010 2545 ut
2047 2492 2240 2546 timeat

653 2584 839 2640 omnia
889 2583 1148 2637 mandata
1199 2598 1344 2649 mea,
1391 2590 1453 2637 ut
1481 2583 1625 2638 bene
1656 2584 1730 2638 sit
1760 2583 1813 2638 ei
1835 2583 1967 2637 "1h
2000 2584 2069 2638 Et
2106 2584 2235 2653 qui-

652 2674 781 2729 dem
832 2673 951 2728 hzec
988 2673 1159 2727 habet
1208 2673 1318 2729 lex.
1369 2673 1478 2729 Sed
1510 2683 1567 2730 et
1610 2676 1882 2746 propheta
1925 2676 2184 2732 Michaaas
2220 2694 2233 2729 :

658 2781 678 2816 ι
700 2765 769 2820 Ει
791 2765 1010 2818 orietur
1038 2762 1198 2817 vobis
1240 2764 1569 2819 timentibus
1608 2765 1905 2821 Dominum
1947 2766 2039 2821 Sol
2067 2767 2234 2837 justi-

654 2857 767 2923 tia,
813 2864 869 2911 et
916 2853 1284 2926 egrediemini
1315 2866 1372 2910 et
1401 2856 1614 2911 salietis
1650 2858 1811 2927 quasi
1842 2858 2003 2912 vituli
2038 2873 2069 2912 a
2111 2861 2236 2912 vin-

651 2951 796 3008 culis
851 2948 1172 3004 relaxati”.
1203 2965 1222 2999 ι
1294 2944 1684 3005 Parmmiastes
1739 2948 1924 3003 item:
1964 2948 2234 3004 «initium

652 3040 943 3113 sapientia:
987 3039 1155 3093 timor
1202 3038 1448 3104 Domini,
1479 3047 1537 3093 et
1574 3038 2052 3109 propugnaculum
2100 3054 2230 3093 san-

650 3103 824 3200 cti";
861 3133 1027 3187 timor
1065 3130 1284 3185 Domini
1319 3103 1445 3186 fons
1473 3103 1623 3196 vitae,
1661 3103 1722 3186 ut
1756 3103 1921 3186 faciat
1953 3130 2233 3185 declinare
2259 3103 2304 3164 θ

650 3244 681 3284 a
709 3230 911 3296 laqueo
942 3223 1226 3279 mortis".
1263 3242 1282 3274 ›
1324 3220 1533 3276 lterum
1567 3239 1580 3276 :
1618 3241 1638 3274 ι
1661 3221 1884 3289 Beatus,
1930 3223 2021 3277 cui
2064 3221 2237 3278 dona-

649 3327 741 3375 tus
783 3327 871 3374 est
919 3318 1086 3371 timor
1148 3313 1446 3369 Domini“.
1481 3331 1627 3366 ι-ι
1653 3312 1846 3368 Timor
1904 3313 2126 3369 Domini
2164 3313 2232 3368 ad

647 3410 821 3465 vitam
848 3408 971 3464 viro
991 3408 1057 3461 ’⁷.
1083 3424 1102 3458 ι
1129 3435 1201 3446 —
1225 3424 1243 3456 ι
1268 3403 1460 3458 Timor
1505 3403 1727 3458 Domini
1762 3402 2068 3460 delectabit
2113 3421 2232 3472 cor,

647 3512 706 3558 et
746 3502 901 3557 dabit
942 3499 1189 3554 laztiliam
1233 3507 1290 3554 et
1335 3497 1599 3568 gaudium
1617 3497 1685 3551 ".
1718 3516 1737 3550 ι
1766 3516 1874 3549 -ι
1897 3498 2089 3553 Timor
2123 3499 2232 3553 Do-

649 3590 786 3645 mini
817 3589 1022 3643 donum
1058 3595 1144 3642 est
1176 3603 1206 3642 a
1229 3586 1466 3643 Domino
1489 3588 1533 3621 υ
1560 3605 1576 3654 ;
1610 3584 1825 3644 timenti
1863 3588 2012 3643 enim
2043 3587 2233 3641 Domi-

649 3698 785 3738 num
840 3681 985 3735 bene
1012 3679 1123 3735 erit
1158 3680 1214 3735 in
1247 3678 1586 3746 novissimis,
1622 3688 1679 3736 et
1712 3681 1765 3736 in
1801 3678 1998 3736 diebus
2031 3679 2232 3735 defun-

649 3771 850 3827 ctionis
901 3771 1079 3842 ipsius
1137 3770 1503 3827 benedicetur
1526 3772 1566 3825 ¹.
1599 3790 1617 3823 ι
1644 3799 1706 3811 -
1738 3790 1756 3823 ι
1781 3772 2076 3827 Plenitudo
2140 3784 2231 3827 sa-

649 3864 875 3935 pientia:
902 3872 989 3918 est
1020 3860 1219 3919 timere
1266 3862 1582 3929 Dominum,
1616 3870 1672 3919 et
1710 3863 2009 3920 inebriabit
2035 3880 2133 3921 eos
2164 3864 2233 3920 de

648 3957 929 4012 fructibus
970 3957 1139 4012 suis'.
1169 3975 1187 4010 ι
1227 3958 1432 4013 lterum
1470 3975 1484 4012 :
1523 3976 1541 4009 ι
1576 3956 1957 4028 Concupivisti
2006 3958 2229 4028 sapien-

650 4051 781 4105 tiam
802 4052 825 4103 ’ἒ
846 4050 1015 4105 Serva
1042 4050 1319 4114 mandata,
1350 4058 1407 4105 et
1425 4048 1691 4105 Dominus
1712 4049 1999 4105 dabiteam
2031 4051 2134 4105 tibi
2152 4051 2224 4104 ³.»

647 4162 760 4192 -σ
788 4141 895 4208 Qui
932 4142 1130 4197 timent
1175 4140 1491 4207 Dominum,
1540 4140 1682 4196 nihil
1739 4142 2085 4198 verebuntur
2136 4151 2233 4197 aut

647 4243 1040 4304 expavescent,
1072 4234 1199 4303 quia
1240 4234 1357 4303 ipse
1385 4249 1510 4304 spes
1533 4234 1756 4290 illorum
1792 4244 1878 4290 est
1896 4234 1938 4291 ⁸.
1961 4253 1979 4287 ι
2012 4232 2185 4290 David
2214 4253 2227 4289 :

652 4344 671 4377 ι
694 4325 768 4381 Os
797 4325 931 4396 justi
957 4324 1319 4380 meditabitur
1345 4326 1696 4395 sapientiam,
1722 4334 1777 4381 et
1808 4326 2023 4397 1238
2042 4326 2230 4397 lingua

646 4413 769 4485 ejus
825 4413 1084 4483 loquetur
1128 4414 1400 4486 judicium
1421 4416 1461 4469 '.
1492 4434 1510 4467 ι
1554 4445 1626 4456 -—-
1670 4437 1687 4469 ι
1714 4415 1851 4484 Quia
1923 4416 2230 4472 secundum

640 4503 997 4561 altitudinem
1047 4507 1172 4560 caeli
1226 4522 1257 4561 a
1316 4515 1461 4563 terra
1533 4504 1918 4563 corroboravit
1966 4509 2231 4563 Dominus

645 4595 1087 4652 misericordiam
1159 4612 1315 4652 suam
1383 4612 1555 4668 super
1609 4598 1869 4654 timentes
1907 4612 1966 4652 se
1986 4598 2021 4651 °.
2054 4616 2073 4648 ι
2123 4593 2234 4652 Et:

653 4707 673 4740 ι
699 4687 1054 4745 Voluntatem
1094 4689 1413 4743 timentium
1454 4704 1513 4744 se
1562 4688 1752 4753 faciet,
1788 4698 1844 4744 et
1893 4689 2240 4759 deprecatio-

644 4792 775 4833 nem
822 4792 1015 4833 eorum
1062 4778 1321 4834 exaudiet
1361 4786 1417 4833 et
1468 4779 1650 4833 salvos
1688 4777 1853 4834 faciet
1879 4778 2031 4835 eos".
2066 4798 2084 4830 ι
2123 4780 2235 4834 Et:

651 4888 669 4920 ‹
700 4869 1137 4925 Firmamentum
1180 4870 1447 4924 Dominus
1496 4870 1809 4924 timentium
1865 4886 1945 4936 se,
1976 4877 2032 4926 et
2064 4879 2236 4926 testa-

2344 1852 2546 1921 χαράν·
2580 1850 2742 1918 φόϐος
2786 1851 2995 1918 Κυρίου
3038 1850 3195 1915 δόσις
3254 1852 3405 1921 παρὰ
3443 1853 3636 1922 Κυρίου.
3670 1852 3735 1922 Τῷ
3755 1869 3812 1919 ’,κ-

2343 1939 2595 2011 ϐουμένῳ
2626 1943 2733 2011 γὰρ
2760 1942 2851 1994 τὸν
2880 1942 3086 2011 Κύριον
3129 1940 3193 1995 εὖ
3224 1942 3380 1994 ἔσται
3430 1943 3512 1993 ἐπ’
3538 1942 3737 2012 ἐσχάτων,
3758 1945 3813 1994 ni

2343 2032 2402 2086 ὲν
2430 2031 2669 2102 ἡμέραις
2694 2031 2955 2100 τελευτῆς
2985 2032 3157 2086 αὐτοῦ
3202 2030 3620 2104 εύλογηθήσεται.
3646 2034 3812 2101 [Iampo-

2343 2121 2407 2193 νῆ
2452 2122 2668 2190 σοφίας,
2711 2122 3000 2192 φοϐεῖσθαι
3044 2123 3284 2194 Κύριον,
3338 2124 3432 2187 καὶ
3478 2122 3811 2194 μεθύσξιαύτο);

2343 2215 2450 2268 ἀπὸ
2478 2214 2590 2268 τῶν
2619 2215 2849 2286 καρπῶν
2883 2215 3075 2285 αὐτῆς.
3106 2235 3126 2266 ι
3144 2246 3217 2255 --
3242 2234 3262 2267 ι
3306 2217 3654 2286 Ἐπεθύμησας
3673 2217 3807 2283 σοφίαι·

2340 2304 2675 2377 διατήρησον
2700 2306 2942 2372 ἐντολὰς,
2973 2307 3066 2361 καὶ
3095 2310 3126 2360 ὁ
3158 2308 3371 2379 Κύριος
3402 2309 3658 2380 χορηγήσει
3678 2322 3734 2359 σοι
3756 2307 3810 2357 οὐ·

2341 2399 2461 2470 τήν.
2501 2400 2565 2452 Ut
2599 2398 2929 2470 φοϐούμενοι
2968 2399 3060 2452 τὸν
3093 2399 3309 2472 Κύριον
3342 2400 3485 2454 οὐδὲν
3523 2398 3808 2469 causam.

2340 2509 2453 2556 ται,
2482 2490 2577 2545 καὶ
2604 2490 2665 2544 ού
2692 2492 2767 2563 μὴ
2795 2491 3180 2557 δειλιάσουσιν,
3213 2494 3470 2556 ὃτιαύτὸς
3498 2493 3627 2555 ἐλπὶς
3646 2490 3801 2544 αὖτῶν.ι

2341 2584 2454 2637 Καὶ
2483 2584 2511 2635 ὁ
2540 2583 2720 2636 Δαυῖδ
2741 2599 2753 2611 ·
2785 2600 2805 2634 ι
2829 2584 3013 2655 Στόμα
3034 2584 3251 2640 δικαίου
3284 2586 3552 2657 μελετήσει
3577 2583 3804 2652 σοφίαν,κιὶ

2340 2675 2372 2745 ή
2414 2673 2634 2742 γλῶσσα
2669 2673 2834 2728 αὑτοῦ
2867 2675 3096 2747 λαλήσει
3135 2678 3348 2748 κρίσιν.
3378 2678 3497 2730 Ὀτι
3524 2675 3639 2729 κατὰ
3661 2674 3704 2726 τὸ
3723 2668 3805 2739 ΰᾲθς

2339 2766 2435 2821 τοῦ
2483 2766 2720 2839 ούρανοῦ
2765 2767 2875 2822 ἀπὸ
2931 2770 3032 2839 τῆς
3086 2769 3197 2840 γῆς
3252 2768 3576 2840 ἐκραταίωσε
3612 2764 3804 2836 Κύριοςώ

2339 2858 2491 2920 ἔλεος
2535 2858 2702 2913 αὐτοῦ
2754 2860 2849 2913 ἐπὶ
2902 2861 3029 2923 τοὺς
3079 2860 3459 2930 φοϐουμένους
3505 2859 3688 2914 αὑτὸν.»
3723 2857 3803 2914 Καὶ.

2344 2968 2365 3001 ι
2394 2948 2467 3001 Τὸ
2489 2948 2699 3021 θέλημα
2730 2951 2837 3005 τῶν
2866 2950 3229 3021 φοϐουμένων
3251 2950 3413 3006 αὑτὸν
3446 2952 3646 3022 ποιήσει,
3668 2947 3803 3014 καὶ

2337 3041 2577 3112 δεήσεως
2618 3041 2799 3097 αὐτῶν
2841 3042 3259 3106 είσακούσεται,
3300 3043 3396 3097 καὶ
3443 3042 3585 3096 σώσει
3622 3038 3799 3101 αὐταῖσι

2345 3133 2479 3199 Καὶ,
2519 3152 2538 3185 ι
2561 3132 2906 3205 Κραταίωμα
2950 3133 3160 3204 Κύριος
3194 3134 3308 3187 τῶν
3339 3131 3647 3203 φοϐουμένων
3681 3126 3800 3183 αὐτόν

2344 3226 2436 3279 καὶ
2470 3226 2503 3294 ἡ
2536 3224 2771 3296 διαθήκη
2804 3223 2972 3278 αὐτοῦ
3020 3218 3257 3296 δηλώσει
3296 3223 3504 3286 αύτούς.
3541 3222 3646 3275 Ἰδοὺ
3679 3220 3752 3287 γὰρ
3772 3216 3802 3267 ιε

2345 3314 2619 3387 ὀφθαλμοὶ
2650 3317 2857 3387 Κυρίου
2891 3316 2982 3370 ἐπὶ
3011 3317 3142 3381 τοὺς
3166 3316 3525 3387 φοϐουμένους
3548 3309 3801 3367 αύτόν.ιΚαὶ

2344 3408 2473 3477 περὶ
2502 3406 2723 3472 ἑαυτοῦ,
2768 3427 2787 3460 ι
2816 3406 3198 3480 Εύφρανθὴτω
3231 3411 3264 3481 ἡ
3299 3408 3485 3480 καρδία
3529 3422 3613 3476 μου
3644 3402 3712 3455 τοῦ
3741 3416 3801 3465 ἴθ’

2343 3500 2558 3554 ϐεϊσθαι
2606 3499 2670 3553 τὸ
2716 3499 2889 3571 δνομά
2938 3516 3096 3554 σου.»
3151 3500 3265 3554 Καὶ
3299 3500 3360 3553 τὸ
3406 3497 3586 3567 ἀγαθὸν
3624 3492 3798 3562 Πνεῦμα’

2348 3613 2365 3645 ι
2391 3592 2637 3663 Μέτοχος
2687 3592 2800 3661 ἐγώ
2850 3594 2968 3664 είμι
3013 3593 3240 3648 πάντων
3283 3592 3392 3646 τῶν
3434 3589 3716 3661 φοϐουμένων
3749 3596 3799 3642 εει

2342 3686 2438 3740 καὶ
2465 3685 2572 3738 τῶν
2608 3683 2995 3754 φυλασσόντων
3023 3684 3123 3748 τὰς
3162 3684 3385 3747 ἐντολάς
3416 3698 3519 3734 σου.
3543 3699 3561 3731 ι
3601 3676 3647 3730 Ὁ
3665 3676 3706 3727 δὲ
3736 3670 3800 3724 Ἰά-

2342 3775 2522 3840 κωϐος
2539 3792 2552 3805 ·
2584 3794 2601 3826 ι
2626 3775 2691 3828 Ἦ
2719 3774 2775 3827 δὲ
2799 3774 3009 3828 ἄνωθεν
3032 3774 3198 3842 σοφία
3220 3774 3431 3846 πρῶτον
3461 3772 3547 3842 μὲν
3570 3764 3676 3836 ἁγνή
3693 3764 3799 3819 ἐστιν.

2339 3865 2533 3919 ἔπειτα
2549 3864 2821 3936 εἰρηνικὴ,
2838 3863 3108 3933 ἐπιεικὴς,
3122 3866 3183 3917 εὖ
3193 3863 3399 3932 πειθὴς,
3419 3860 3572 3930 μεστὴ
3585 3857 3721 3915 ἐλέους
3742 3848 3799 3901 tu?

2340 3955 2569 4028 καρπῶν
2624 3955 2868 4024 ἀγαθῶν,
2902 3954 3240 4026 ἀδιάκριτος,
3284 3953 3638 4022 ἀνυπόκριτοςο
3662 3939 3799 4012 καρπὸς

2338 4046 2396 4102 δὲ
2416 4047 2765 4118 δικαιοσύνης
2784 4050 2842 4099 ὲν
2856 4047 3045 4118 εἰρήνῃ
3067 4047 3352 4118 σπείρεται
3366 4047 3466 4108 τοῖς
3487 4039 3684 4096 ποιοῦσιν
3702 4031 3799 4101 εἰρή-

2340 4157 2456 4210 νην·
2489 4157 2507 4191 ³
2544 4139 2657 4194 καὶ
2682 4139 2711 4192 ὁ
2739 4138 2967 4211 Πέτρος,
3006 4158 3025 4191 ι
3057 4140 3148 4192 Ἐν
3178 4140 3335 4193 παντὶ
3368 4137 3500 4191 ἔθνει
3542 4136 3565 4186 ὁ
3606 4126 3797 4200 φοϐούμε-

2339 4248 2429 4295 νος
2461 4231 2552 4285 τὸν
2595 4231 2824 4303 Κύριον,
2876 4229 2972 4284 καὶ
3026 4230 3399 4302 ἐργαζόμενος
3433 4221 3716 4286 δικαιοσύνην
3745 4212 3799 4264 δε·

2338 4323 2466 4389 κτδς
2491 4326 2642 4397 αὐτῷ
2664 4327 2834 4379 ἐστιν.
2855 4344 2872 4376 ι
2907 4320 2964 4378 ⁸0
2986 4323 3041 4377 δὲ
3072 4323 3307 4396 Κύριοςο
3338 4342 3356 4374 ι
3381 4320 3467 4390 Μὴ
3492 4313 3709 4388 φοϐηθῆτε
3731 4302 3798 4357 ἀπὶ

2338 4417 2446 4470 τῶν
2476 4418 2907 4470 ἀποκτεινόντων
2934 4416 2997 4469 τὸ
3021 4416 3204 4485 σῶμα,
3240 4416 3334 4484 τὴν
3361 4413 3415 4465 δὲ
3446 4407 3601 4480 ψυχὴν
3625 4402 3682 4474 μὴ
3700 4399 3799 4485 δυν²Ῐ

2341 4507 2519 4577 μένων
2549 4507 2890 4560 ἀποκτεῖναι.
2920 4481 3201 4576 Φοϐήθτιτε
3234 4481 3305 4558 δὲ⁷
3322 4501 3512 4573 μᾶλλον
3537 4497 3612 4550 τὸν
3643 4487 3741 4561 μετᾶ
3760 4481 3796 4532 τ’)

2337 4598 2659 4653 ἀποκτεῖναι
2685 4596 2881 4667 ἔχοντα
2911 4597 3162 4662 ἐξουσίαν
3196 4599 3295 4667 τὴν
3326 4592 3491 4664 ψυχὴν
3518 4588 3596 4642 καὶ
3616 4585 3663 4674 τὸ
3694 4577 3798 4674 σιξὲξθι

2337 4687 2600 4742 ἀπολέσαι
2649 4663 2985 4760 ἔν’-γεέννῃ.
3006 4705 3024 4738 ι
3057 4686 3167 4738 Ναὶ
3194 4663 3332 4753 iam
3363 4663 3499 4751 ύμῖν,
3526 4671 3659 4728 αὑτὸν
3682 4663 3790 4735 φοίή·

2338 4783 2489 4852 θητε.
2522 4779 2677 4851 Λύτῷ
2705 4781 2738 4852 ἡ
2763 4780 2890 4845 δόξα
2918 4780 2998 4845 είς
3023 4779 3149 4843 τοὺς
3176 4778 3390 4838 αἰῶνας.
3429 4770 3595 4842 ’Λμήνι

644 4970 893 5018 mentum
938 4976 1099 5016 suum
1154 4959 1533 5029 manifestabit
1565 4960 1686 5027 eis;
1750 4975 1879 5016 ccce
1928 4957 2080 5015 enim
2141 4956 2288 5016 oculi
2329 4959 2549 5015 Domini
2591 4974 2759 5029 super
2798 4958 3059 5014 timentes
3102 4970 3227 5010 eum
3249 4956 3288 5009 ⁸.
3316 4973 3334 5005 ι
3366 4949 3504 5007 idem
3550 4940 3606 4999 de
3643 4937 3791 5029 seipsoi

644 5057 885 5112 Laetetur
939 5070 1037 5109 cor
1087 5026 1295 5118 meum,
1347 5062 1405 5109 et
1459 5026 1906 5111 timeatuomen
1950 5064 2108 5110 tuum
2128 5055 2171 5109 ⁸.
2204 5075 2222 5106 ι
2269 5053 2497 5109 Afilatus
2536 5026 2757 5124 quoque
2829 5067 2961 5106 aura
2998 5049 3235 5122 Spiritus
3303 5043 3485 5106 sancti,
3540 5037 3637 5092 ait!
3668 5026 3789 5124 (ξδ’

643 5156 820 5221 ticeps
875 5164 975 5220 ego
1024 5163 1144 5202 sum
1200 5148 1450 5202 omnium
1503 5146 1815 5209 timentium
1854 5160 1930 5215 te,
1965 5156 2020 5205 et
2047 5149 2482 5205 custodientium
2524 5146 2784 5202 mandata
2847 5155 2942 5201 tua
2964 5147 3027 5200 ¹⁶.
3058 5165 3077 5197 ι
3147 5144 3375 5201 Jacobus
3430 5143 3629 5221 autemt
3676 5119 3790 5214 ⁸0υὲ

641 5219 933 5300 desursum
977 5252 1063 5297 est
1102 5240 1394 5312 sapientia,
1436 5241 1677 5311 primum
1736 5242 1962 5312 quidem
2005 5243 2205 5312 pudica
2245 5252 2348 5308 est,
2418 5239 2620 5299 deinde
2683 5239 2931 5311 paciﬁca,
2995 5237 3261 5301 modesta,
3294 5228 3563 5290 suasibilis,
3587 5219 3785 5293 plenam?

638 5334 942 5394 sericordia
972 5343 1028 5390 et
1059 5333 1340 5390 fructibus
1368 5333 1551 5401 bonis,
1575 5335 1784 5406 absque
1845 5335 2262 5407 dijudicatione,
2305 5336 2423 5391 sine
2495 5334 2889 5400 simulatione;
2935 5331 3157 5388 fructus
3203 5339 3373 5386 autem
3415 5318 3611 5396 justitia:
3631 5312 3674 5366 in
3702 5313 3785 5377 P3“

2079 5494 2121 5526 "
2159 5492 2723 5586 Eev‘i‘t‘inxmgﬁ.”
2770 5490 3345 5586 {Pinarium—di.“
3403 5453 3780 5586 ’zaMghclgl-f'l:

2163 5568 2208 5653 ζ’
2259 5567 2453 5653 licet.
2484 5549 2610 5653 53:.
2656 5567 2788 5653 “5-,.
2813 5557 3052 5653 ".Proi-
3112 5549 3237 5653 κίξε.
3283 5549 3693 5653 εοέῧ;.ἔ.·
3720 5549 3777 5653 πῖῧὶ

2701 5638 2722 5668 ’⁵
2748 5638 2914 5693 Evcli.
2957 5654 3141 5702 xuiv,
3181 5625 3258 5690 l6.
3334 5634 3352 5661 ⁸
3382 5626 3508 5682 Psal.
3563 5625 3773 5700 ιιι-πνουν·

2703 5749 2716 5759 .
2750 5725 2945 5759 unv.
2975 5710 3062 5759 ll.
3153 5707 3195 5738 ¹⁰
3224 5702 3357 5759 Psal.
3388 5709 3553 5759 cum,
3579 5688 3647 5742 ὃ).

3266 5720 3357 5758 snt.
3388 5720 3553 5759 nam,
3579 5720 3647 5742 w-

709 5493 758 5526 υ
781 5491 921 5545 Psal.
976 5507 1130 5555 xvm,
1178 5494 1261 5549 l0.
1366 5496 1413 5528 '°
1437 5494 1613 5550 Exod.
1657 5511 1809 5560 χχιιι,
1853 5496 1945 5553 22.

663 5566 711 5601 ⁸⁵
738 5568 897 5621 Prov.
934 5584 972 5631 I,
1004 5570 1071 5635 7;
1107 5570 1279 5626 Eccli.
1315 5586 1355 5629 1,
1398 5573 1487 5625 16.
1552 5572 1597 5602 ⁸⁸
1630 5571 1788 5623 Prov.
1827 5585 1940 5632 xiv,
1982 5568 2072 5624 27.

669 5639 712 5670 "
739 5637 909 5691 Ecrli.
959 5656 1085 5703 xxv,
1142 5642 1230 5694 ‘Il.
1300 5643 1315 5671 ¹
1356 5640 1521 5695 Ecc’i.
1554 5658 1592 5701 ι.
1629 5641 1717 5696 15.
1783 5643 1804 5672 ⁸
1838 5642 2004 5693 ιιυριῖ.
2048 5655 2086 5698 ι,
2118 5638 2209 5691 20.

2163 5640 2209 5691 ll.
2271 5639 2291 5669 ³
2344 5638 2475 5693 ibiil.
2510 5638 2601 5694 55.

669 5711 686 5742 ⁸
722 5709 863 5763 l‘sal.
905 5723 997 5772 cn,
1035 5714 1117 5766 ll.
1199 5713 1215 5739 ⁷
1251 5709 1393 5764 Psal.
1432 5726 1609 5776 cum,
1652 5712 1732 5766 t9.
1810 5711 1828 5740 ⁸
1858 5709 2003 5765 Psal.
2042 5709 2428 5777 sxtv,l1,l5.
2513 5712 2533 5742 ³
2569 5708 2636 5763 Ps
2678 5709 2716 5763 l.
2750 5725 2945 5774 unv,
2975 5710 3062 5775 il.
