3898 6304
91 239 113 301 ]
138 244 173 298 π
188 241 274 304 49
1477 237 1977 298 EXOMOLOGES
1988 237 2075 297 lS‘.
3242 229 3377 293 1850

88 356 378 426 κοδομὴν
434 356 497 409 ἐκ
548 354 683 409 Θεοῦ
719 353 934 423 ἔχομεν,
972 353 1152 408 οίκίαν
1199 351 1614 423 ἀχειροποίητον
1648 351 1705 402 ὲν

1811 358 1866 403 et
1921 361 2151 418 regnum
2203 355 2258 402 et
2310 350 2575 417 pot'eStas,
2609 354 2666 401 et
2700 346 2982 416 'majestas
3033 360 3219 413 regum
3280 346 3376 415 qui

86 445 544 518 τοῖςοούρανοῐς.
594 464 612 496 ι
644 446 765 499 -Καὶ
792 447 819 498 6
850 445 1078 514 Πέτρος,
1127 462 1145 496 ι
1177 443 1365 513 οὕτως
1394 444 1503 513 γὰρ
1549 453 1705 494 πλου-

1811 440 2003 494 subter
2026 454 2188 492 omne
2218 440 2441 502 omium,
2461 438 2584 492 data
2603 445 2734 492 sunt
2750 439 2961 493 sanctis
2983 438 3245 493 Altissimi
3261 441 3326 492 τι.
3346 460 3373 491 .o

97 536 270 600 σίως
323 537 860 608 ἐπιχορηγηθήσεται
888 537 1020 606 ἡμῖν
1051 535 1306 607 ἡεῐσοδος
1345 536 1422 597 είς
1458 535 1555 604 τὴν
1583 532 1705 586 αἰώ-

1813 538 1868 584 et
1895 529 2182 585 Joannes:
2227 546 2247 578 ι
2288 528 2413 583 ιιωο
2470 537 2558 585 est
2605 529 2898 599 promissio
2920 545 3084 600 quam
3128 531 3384 599 promisit

94 643 243 679 νιον
292 625 570 696 βασιλείαν
607 625 699 680 τοῦ
734 626 938 694 Κυρίου
971 625 1128 696 ἡμῶν
1168 624 1340 690 Ἰησοῦ
1389 621 1648 694 Χριστοῦ.
1686 641 1705 674 ι

1812 624 1995 689 nobis,
2017 624 2130 678 vita
2144 634 2350 679 aeterna
2373 626 2419 654 ⁷³
2446 642 2464 674 ι
2487 621 2695 695 1247
2715 624 2951 678 Paulus:
2977 643 2993 673 ι
3018 625 3217 679 Nostra
3243 639 3380 679 con-

114 717 192 770 Ὀ
212 717 275 770 δὲ
306 718 509 786 Κύριος
534 716 689 786 ἡμῶν
716 719 809 770 καὶ
826 716 1045 786 Σωτὴρ,
1070 734 1087 767 ι
1129 716 1196 768 Ἥ
1227 714 1492 785 βασιλεία,
1526 715 1705 783 ιρησίν¹

1813 717 2057 772 versatio
2103 717 2160 771 in
2189 717 2345 771 cmlis
2372 724 2478 780 est,
2519 716 2666 770 unde
2696 716 2861 770 etiam
2901 715 3242 771 Salvatorem
3283 733 3379 770 οπο

1813 817 2133 877 spectamus
2155 808 2445 860 Dominum
2474 815 2727 860 nostrum
2753 806 2938 859 .Iesum
2958 805 3266 871 Christum,
3286 807 3379 875 qui

1816 899 2140 953 reformabit
2162 914 2365 967 corpus
2393 897 2721 953 humilitatis
2747 907 2949 951 nostra:
2980 897 3378 967 conﬁguratum

1814 990 2033 1060 corpori
2075 990 2209 1043 clari
2238 990 2346 1043 atis
2378 989 2599 1042 sua:"'.»
2622 989 2829 1043 lterum
2850 1007 2860 1042 :
2882 1009 2898 1038 ι
2918 988 3021 1054 Qui
3047 988 3253 1057 eripuit
3281 1004 3382 1043 nos

1816 1081 1886 1135 de
1933 1086 2219 1150 potestate‘
2248 1080 2598 1134 tenebrarum
2651 1088 2708 1134 et
2750 1079 3030 1133 transtulit
3062 1079 3117 1132 in
3152 1094 3380 1148 regnum

1790 1173 1941 1226 rFilii
1972 1171 2292 1226 dilectionis
2318 1186 2432 1225 suae
2456 1171 2524 1223 ⁷⁸.
2562 1189 2685 1220 ι-ι
2722 1171 2952 1240 Propter
2971 1171 3117 1239 quod
3154 1185 3381 1240 regnum

97 806 239 862 τῶν
270 808 521 877 οὐρανῶν
551 807 818 877 βιάζεται,
844 806 939 860 καὶ
994 807 1213 877 βιασταὶ
1250 805 1591 877 ἁρπάζουσιν
1620 807 1716 857 αὖ-

97 899 255 967 τήν.
282 916 305 950 ι
334 899 442 951 Καί
465 913 476 926 ⁸
521 917 540 948 ι
586 898 649 950 Ἢ
683 898 927 967 βασιλεία
948 898 1058 951 τῶν
1109 898 1355 968 οὐρανῶν
1388 898 1536 958 ὲντὺς
1560 896 1714 961 ὑμῶν

103 990 313 1043 ἔστιν.
352 1008 370 1041 ι
403 991 512 1042 Καὶ
536 989 718 1055 πάλιν,
760 1008 778 1040 ι
816 989 1096 1060 Μακάριοι
1129 990 1178 1042 oi
1209 990 1414 1059 πτωχοὶ
1447 988 1526 1060 τῷ
1553 987 1714 1041 πνεύι-

111 1095 329 1147 ματι.»
352 1081 481 1142 Καὶ,
511 1099 529 1131 ι
550 1081 828 1151 Μακάριοι
847 1084 895 1133 οἱ
923 1081 1278 1150 δεδιωγμένοι
1294 1081 1479 1133 ’ἐνεκεν
1507 1080 1713 1133 δικαιο-

111 1171 332 1239 σύνης,
345 1173 427 1222 ὅτι
457 1171 632 1224 αὐτῶν
650 1175 799 1224 ὲ-στιν
823 1174 856 1241 ἡ
874 1172 1119 1243 βασιλεία
1138 1171 1248 1223 τῶν
1267 1172 1529 1242 οὐρανῶν.
1545 1192 1564 1222 ι
1584 1173 1713 1236 Καὶ,

121 1282 144 1315 ι
181 1264 364 1316 Δεῦτε
415 1263 470 1315 oi.
510 1264 868 1333 εὐλογημένοι
921 1263 1018 1316 τοῦ
1050 1264 1263 1332 Πατρός
1296 1279 1422 1331 μου,
1460 1262 1705 1331 κληρονο-

1816 1263 2012 1317 stabile
2041 1274 2097 1316 et
2131 1262 2516 1317 inconcussum
2548 1262 2882 1332 accipientes
2903 1303 2915 1325 ,
2955 1261 3223 1315 habemus
3256 1276 3381 1330 gra-

116 1356 358 1423 μήσατε
386 1356 486 1424 τὴν
507 1355 918 1422 ἡτοιμασμένην
957 1355 1087 1425 ὑμῖν
1116 1353 1414 1424 βασιλείαν.
1459 1353 1705 1404 Ἀποστε-

1812 1353 1980 1417 tiam,
2009 1368 2108 1422 per
2141 1367 2305 1422 quam
2344 1352 2457 1406 Deo
2483 1352 2696 1420 placide
2728 1351 3088 1419 obsequimur
3115 1350 3383 1404 ".—Sci-

111 1444 216 1496 λεῖ
245 1446 361 1514 γὰρ
381 1445 410 1496 6
447 1444 575 1507 Υἱὸς
596 1444 688 1497 τοῦ
719 1444 1033 1514 ἀνθρώπου,
1059 1445 1186 1505 τοὺς
1233 1442 1498 1510 ἀγγέλους
1527 1440 1705 1506 αὐτοῦΊ

1817 1458 1940 1498 mus
1966 1444 2113 1498 enim
2142 1443 2269 1513 quia
2286 1443 2332 1497 si
2363 1444 2646 1499 terrestris
2660 1444 2869 1499 domus‘
2884 1453 3068 1497 nostra
3102 1442 3266 1511 hujus
3297 1447 3386 1495 ha-

115 1520 231 1588 κᾶὶ
266 1536 489 1605 συνάξει
514 1537 577 1587 ὲκ
601 1535 702 1604 τῆς
732 1534 1007 1605 βασιλείας
1044 1532 1209 1588 αὐτοῦ
1240 1534 1417 1587 πάντα
1447 1532 1516 1585 τὰ
1555 1532 1705 1586 σκάν-

1817 1535 2104 1589 hitationis
2147 1533 2508 1600 dissolvatur,
2540 1534 2687 1604 quod
2714 1534 3135 1602 mdiﬁcationem
3167 1549 3232 1586 ex
3274 1533 3384 1587 Deo

113 1627 296 1693 δαλα,
324 1602 586 1707 ’καῖθιξοὺς
603 1602 896 1691 aetatium;
930 1627 1030 1697 τὴν
1085 1626 1337 1693 ἀνομίαν,
1370 1624 1463 1677 καὶ
1492 1623 1705 1694 βάλλου-

1820 1626 2107 1689 habemus,
2145 1626 2370 1696 domum
2406 1640 2524 1681 non
2579 1625 2970 1685 manufactam,
3014 1634 3280 1679 aeternam
3329 1624 3383 1676 in

119 1734 221 1770 σιν
246 1718 471 1793 αὐτοὺςῖ
496 1720 575 1782 είς
600 1719 699 1788 τὴν
742 1718 975 1787 κάμινον
1014 1714 1109 1768 τοῦ
1141 1715 1334 1784 πυρός.
1375 1715 1510 1766 Τότε
1558 1714 1608 1765 οἱ
1636 1712 1705 1765 δί-

1821 1717 1975 1771 caelis
2000 1717 2065 1766 ⁷⁵.
2090 1735 2109 1767 ι
2146 1717 2345 1771 Petrus
2374 1717 2535 1771 item:
2567 1735 2584 1767 ι
2629 1717 2720 1771 Sic
2750 1717 2899 1770 enim
2918 1716 3262 1770 abundanter
3284 1715 3386 1768 ad-

117 1826 287 1863 καιοι
336 1798 709 1880 ἐκλάμψουσιν
752 1809 827 1873 ὡς
855 1812 884 1864 6
912 1809 1065 1879 ἥλιος
1116 1808 1174 1859 ἐν
1218 1808 1285 1877 τῇ
1335 1805 1588 1877 βασιλείᾳ
1618 1804 1705 1859 τοῦ

1822 1807 2228 1861 ministrabitur
2253 1808 2412 1861 vobis
2438 1808 2697 1861 introitus
2744 1807 2803 1861 in
2838 1815 3103 1861 aeternum
3153 1821 3390 1875 regnum

123 1896 359 1970 Πατρὸξ
402 1900 604 1953 αὐτῶν.
644 1919 662 1950 ι
698 1901 819 1952 Ὅτι
855 1897 1021 1951 αὑτοῦ
1053 1899 1198 1951 ἐστιν
1231 1899 1263 1966 ἡ
1315 1895 1589 1966 βασιλεία,
1620 1897 1705 1947 καὶ

1813 1898 2026 1952 Domini
2078 1899 2252 1952 nostri
2294 1898 2423 1953 .lcsu
2450 1898 2659 1952 Christi
2686 1899 2752 1952 ⁷⁷.
2802 1918 2821 1949 ›
2866 1898 3131 1952 Dominus
3162 1913 3384 1966 quoque

116 1993 158 2061 ή
200 1990 458 2061 δύναμι¹·,
478 1992 572 2044 καὶ
600 1993 631 2060 ὴ
663 1992 789 2055 δόξα
823 1990 916 2043 τοῦ
946 1991 1180 2060 Πατρδς,
1202 1987 1411 2041 καὶτοῦ
1434 1987 1587 2051 Υίοῡ,
1620 1987 1705 2038 καὶ

1810 1999 2020 2053 noster,
2046 1998 2103 2042 et
2163 1997 2364 2044 nostra:
2422 1990 2670 2044 omnium
2718 1990 2915 2045 salutis
2974 1988 3196 2052 vindex,
3260 1989 3379 2042 ait:

1815 2099 1834 2130 ι
1872 2080 2119 2149 Regnum
2146 2080 2412 2134 calorum
2434 2080 2543 2133 vim
2568 2080 2798 2150 patitur,
2820 2088 2877 2134 et
2908 2079 3134 2133 violenti
3163 2078 3384 2147 rapiunt

1811 2170 1953 2224 illud.
1977 2171 2041 2221 ⁷⁸.
2087 2189 2105 2218 ι
2145 2170 2212 2223 Ει
2239 2186 2251 2223 :
2280 2189 2298 2219 ι
2319 2170 2566 2239 Regnum
2589 2171 2852 2225 caelorum
2878 2168 3022 2223 intra
3054 2184 3152 2224 vos
3168 2178 3252 2223 est
3276 2170 3376 2221 ⁷⁸.»

118 2084 229 2138 τοῦ
251 2086 409 2153 ἀγίου
428 2086 565 2139 Πνεύ
576 2104 744 2156 ματος
763 2129 774 2145 .
798 2087 1031 2140 πάντοτε
1057 2085 1151 2137 νῦν
1201 2085 1295 2137 καὶ
1332 2082 1418 2136 ἀεὶ
1440 2123 1454 2147 ,
1502 2083 1596 2133 καὶ
1632 2082 1713 2142 είς

121 2179 265 2239 τοὺς
290 2177 493 2239 αἰῶνας
526 2177 632 2229 τῶν
667 2176 895 2230 αἰώνων.
946 2177 1140 2246 Ἀμήν.

126 2264 347 2324 lterum
387 2282 401 2318 :
455 2284 473 2315 ι
524 2264 676 2318 Beati
741 2276 1015 2333 pauperes
1073 2263 1273 2333 spiritu
1302 2263 1369 2326 ⁸³,
1405 2281 1424 2312 ι
1466 2268 1522 2315 et
1553 2279 1572 2310 ι
1617 2258 1719 2325 Qui
1754 2258 2193 2327 persecutionem
2245 2259 2533 2328 patiuntur
2582 2269 2807 2328 propter
2878 2256 3186 2328 justitiam,
3246 2273 3386 2328 quo-

126 2354 289 2415 niam
350 2354 592 2424 ipsorum
643 2363 729 2407 est
788 2369 1020 2424 regnum
1081 2355 1349 2408 caelorum
1376 2350 1444 2404 θια.
1487 2370 1507 2402 ι
1538 2351 1605 2409 Et
1632 2368 1645 2403 :
1678 2369 1696 2402 ι
1730 2350 1938 2413 Venite,
1966 2349 2239 2403 benedicti
2268 2350 2448 2404 Patris
2479 2351 2607 2413 mei,
2640 2351 2914 2420 possidete
2944 2361 3194 2420 paratum
3226 2349 3384 2403 vobis
3444 2361 3450 2371 '

130 2464 373 2516 regnum
413 2464 444 2501 a
480 2448 873 2502 constitutione
900 2447 1091 2501 mundi
1113 2448 1178 2500 ⁸⁸.
1213 2466 1319 2498 ι-
1368 2465 1387 2496 ι
1416 2446 1596 2499 Mittet
1637 2444 1783 2498 enim
1817 2443 1986 2498 Filius
2007 2443 2247 2496 hominis
2262 2445 2487 2512 angelos
2505 2460 2654 2508 suos,
2680 2455 2737 2498 et
2753 2445 3106 2515 congregabit
3126 2445 3193 2498 de
3214 2458 3383 2514 regno

122 2556 240 2597 suo
276 2544 463 2597 omnia
490 2542 766 2607 scandala,
807 2551 862 2596 et
895 2543 989 2612 qui
1017 2543 1226 2596 faciunt
1264 2541 1658 2610 iniquitatem:
1690 2547 1746 2593 et
1790 2538 2012 2590 mittent
2043 2552 2138 2591 eos
2168 2539 2225 2593 in
2252 2538 2526 2593 caminum
2550 2540 2711 2609 ignis.
2739 2540 2892 2593 Tunc
2925 2539 3056 2609 justi
3098 2537 3384 2608 fulgebunt

131 2638 286 2689 sicut
307 2635 387 2689 sol
422 2636 476 2689 in
499 2650 668 2705 regno
696 2636 877 2695 Patris
895 2650 1090 2689 eorum
1115 2634 1183 2687 ⁸³.
1223 2653 1241 2684 ι
1297 2633 1404 2703 Ipsi
1441 2633 1590 2687 enim
1632 2640 1718 2684 est
1752 2644 1985 2698 regnum
2014 2638 2071 2683 et
2098 2630 2341 2699 potentia
2375 2637 2433 2684 et
2463 2631 2631 2699 gloria
2662 2630 2860 2694 Patris,
2887 2643 2942 2683 et
2972 2629 3130 2693 Filii,
3163 2636 3219 2682 et
3257 2626 3381 2697 Spi-

134 2725 284 2778 ritus
310 2724 484 2778 sancti
509 2741 523 2789 ;
583 2724 759 2779 ubivis
807 2725 1052 2779 locorum
1091 2732 1147 2779 et
1180 2740 1347 2790 nunc,
1377 2730 1432 2778 et
1452 2737 1689 2792 semper,
1717 2731 1773 2775 et
1806 2721 1858 2775 in
1880 2722 2077 2775 saecula
2108 2723 2397 2776 intermina
2419 2722 2764 2779 saeculorum.
2787 2721 2981 2776 Amen.

211 2864 251 2893 "'
291 2863 423 2916 Dan.
455 2832 660 2929 "1,621,
680 2864 770 2926 2‘2.
793 2865 882 2918 27.
991 2865 1036 2895 "
1063 2865 1264 2925 lJoan.
1290 2880 1346 2926 ιι,
1369 2862 1458 2916 25.
1566 2862 1612 2892 ⁷³
1646 2857 1705 2914 Pl

1821 2876 1913 2924 ιιι,
1944 2860 2035 2922 20,
2069 2860 2158 2914 21.
2270 2860 2315 2891 ⁷⁵
2349 2860 2564 2929 (391086.
2597 2862 2748 2926 ι,15.
2847 2864 2892 2893 ⁷⁸
2916 2862 3085 2917 Hebr.
3125 2878 3197 2915 xu
3219 2903 3233 2927 ,
3289 2860 3378 2914 28.

134 2933 185 2999 7⁸
214 2931 261 2986 ΙΙ
298 2931 426 2987 Cor.
460 2949 513 2997 ν,
549 2936 593 2986 Ι.
669 2934 712 2965 ⁷⁷
740 2934 786 2988 Π
810 2935 953 2988 Petr.
991 2951 1029 2999 ι,
1058 2936 1146 2987 li.
1257 2932 1300 2964 ⁷⁸
1328 2932 1514 2987 \latth.
1546 2947 1620 2995 XI,
1649 2930 1705 2983 Η

1842 2930 1887 2961 ⁷³
1924 2929 2060 2984 Luc.
2093 2930 2327 2995 χνιι,21.
2430 2931 2476 2962 ⁸ο
2504 2931 2693 2984 Matth.
2730 2948 2760 2987 v
2786 2972 2801 2997 ,
2832 2931 2886 2986 '5.
2990 2932 3032 2963 ⁸⁸
3096 2929 3230 2986 ibid.
3292 2930 3380 2985 10.

133 2998 183 3033 ⁸⁸
211 3000 402 3055 Matth.
430 3018 554 3067 xxv,
589 3002 678 3058 54.
754 3005 801 3035 ⁸⁸
821 3003 1011 3060 Matth.
1043 3019 1160 3067 xm,
1191 3003 1382 3083 Μέᾼὸ.
1672 3024 1687 3030 ν

1516 3124 1623 3187 Ῑσῖο
1664 3148 1695 3167 «κ
1738 3170 1808 3180 ._

464 3286 467 3291 '
571 3290 834 3383 ΠΕΡΙ
907 3208 1604 3381 ΠΡΟΣΕΥΧΗΞ,
1676 3286 1871 3371 ΚΑΙ
1940 3274 2949 3381 ΕΞοΜοΑοΓΗΣΕΩΣ.

754 3504 1695 3650 EXOMOLOGESIS
1778 3560 1874 3647 s.
1959 3560 2062 3646 P.
2136 3552 2769 3648 ANTIOCHI.

213 3856 382 3928 Κύριε
404 3894 417 3918 ,
465 3855 494 3906 6
522 3855 655 3919 Θεὸς
685 3855 714 3907 6
740 3856 1158 3928 παντοκράτωρ,
1195 3859 1223 3914 6
1256 3858 1428 3927 μέγας
1457 3860 1551 3913 καὶ
1578 3838 1705 3916 θαυ-

1882 3862 2137 3928 Domine,
2175 3836 2324 3919 Deus
2352 3860 2727 3932 omnipotens,
2756 3879 2986 3935 magnus
3024 3874 3081 3920 tu
3116 3875 3173 3921 et
3203 3869 3383 3924 admi-

148 3949 370 4020 μαστὸς,
405 3949 433 3999 6
466 3947 755 4015 φυλάσσων
783 3946 882 4016 τὴν
909 3947 1175 4019 διαθήκην
1205 3965 1321 4013 σου,
1353 3951 1447 4003 καὶ
1475 3951 1537 4004 τὸ
1562 3952 1705 4018 ἔλεός

1812 3955 2027 4019 rabilis,
2058 3953 2154 4024 qui
2186 3953 2438 4009 custodis
2475 3962 2866 4019 testamentum
2898 3964 3054 4011 tuum
3077 3965 3135 4012 et
3157 3959 3379 4015 miseri-

146 4057 239 4092 σου
292 4041 405 4100 τοῖς
451 4036 709 4115 ἀγαπῶσί
756 4055 815 4090 σε
866 4039 959 4091 καὶ
996 4042 1108 4101 τοῖς
1139 4039 1469 4106 φυλάσσουσι
1498 4043 1596 4106 τάς
1625 4047 1705 4095 ἐν·

1810 4046 2054 4100 cordiam
2107 4052 2261 4100 tuam
2302 4045 2390 4099 his
2431 4044 2525 4115 qui
2558 4051 2621 4099 te
2664 4045 2905 4116 diligunt
2961 4055 3018 4102 et
3057 4051 3381 4105 custodiunt

145 4129 300 4189 τολάς
346 4145 438 4180 σου
457 4167 472 4191 ,
526 4128 793 4198 μνήσθητι
813 4127 918 4181 τῶν
941 4129 1239 4200 οἰκτιρμῶν
1264 4147 1357 4183 σου
1387 4131 1481 4184 καὶ
1500 4131 1567 4187 τὰ
1586 4133 1707 4203 ὲλέη

150 4236 260 4282 σου,
289 4219 370 4271 ὅτι
401 4219 506 4271 ἀπὸ
534 4217 626 4271 τοῦ
655 4218 848 4280 αἰῶνος
875 4220 1012 4270 εἰσίν
1032 4235 1044 4248 ·
1098 4220 1193 4273 καὶ
1240 4221 1315 4290 μὴ
1347 4221 1592 4297 ὲπιλάθῃ.
1611 4228 1710 4292 τῆς

145 4309 409 4378 διαθήκης
459 4307 553 4360 σοῦ
590 4307 806 4375 λέγων·
866 4326 884 4359 ι
924 4308 1049 4361 Ἐὰν
1093 4308 1193 4371 τὰς
1236 4310 1454 4372 ἐντολάς
1489 4328 1590 4380 μου
1632 4313 1707 4384 μὴ

145 4401 434 4469 φυλάξητε,
467 4399 839 4469 ἀπισκέψομαι
869 4401 926 4453 ἐν
948 4400 1130 4470 ῥάόδῳ
1155 4401 1253 4462 τάς
1275 4402 1506 4470 ἀνομίας
1528 4404 1557 4455 ὑ
1566 4403 1705 4473 μῶν,

147 4492 240 4546 καὶ
284 4494 341 4549 ὲν
381 4492 600 4562 μάστιξι
644 4494 741 4553 τὰς
771 4491 981 4553 ἀδικίας
1010 4491 1164 4561 ὑμῶν
1184 4509 1198 4521 ·
1255 4493 1315 4545 τὸ
1343 4493 1400 4545 δὲ
1429 4493 1574 4558 ἔλεός
1603 4512 1705 4564 μου

147 4583 207 4635 οὐ
257 4582 329 4651 μὴ
374 4581 714 4657 διασκεδάσαι
745 4582 837 4649 ἀφ’
867 4580 1041 4650 ὑμῶν,
1081 4581 1176 4633 καὶ
1204 4580 1274 4634 τά
1300 4581 1707 4654 ἐκπορευρμενα

147 4672 231 4727 διὰ
278 4673 382 4725 τῶν
429 4671 653 4741 χειλέων
700 4689 804 4741 μου
853 4673 912 4725 οὺ
965 4671 1041 4741 μὴ
1075 4670 1384 4743 ἀθετήσω.»
1425 4675 1695 4746 Πιστωθή-

146 4778 318 4816 τωσαν
365 4763 417 4814 οἱ
462 4761 613 4830 λόγοι
656 4777 780 4823 σου,
812 4759 1057 4819 Δέσποτα
1086 4762 1289 4828 ἀγαθὲ,
1327 4763 1418 4815 καὶ
1446 4759 1578 4836 ἆρον
1606 4769 1705 4829 τὰς

150 4852 415 4924 ἁμαρτίας
444 4852 625 4921 ἡμῶν,
656 4855 687 4904 6
716 4851 1017 4922 οἰκτίρμων
1060 4853 1154 4904 καὶ
1186 4853 1541 4924 μακροθυμπ
1561 4872 1574 4886 ·
1622 4856 1706 4910 ὅτι

148 4926 259 5008 eoi“,
303 4943 491 5013 Κυρίῳ
532 4941 609 5012 τῷ
650 4940 768 5012 Θεῷ
797 4941 952 5012 ήμῶν
974 4982 989 5007 ,
1024 4945 1058 5014 ἡ
1091 4943 1426 5017 δικαιοσύνη.
1467 4947 1626 5016 Ἡμῖν
1649 4944 1705 5000 δὲ

149 5036 178 5104 ἡ
205 5035 425 5105 αἰσχύνη
456 5035 566 5087 τῶν
593 5033 1213 5106 προσώπωνὲκάλυψεν,
1237 5037 1311 5099 ὡς
1333 5037 1517 5108 ἡμέρα
1542 5037 1704 5109 αὕτη,

148 5127 583 5197 ετι,ήμαρτομεν
634 5126 877 5180 ἐναντίον
914 5144 1031 5192 σου,
1060 5122 1255 5199 Κύριε,
1292 5129 1387 5182 καὶ
1435 5131 1534 5183 οὐκ
1588 5131 1699 5183 είσ-

153 5218 448 5289 ηκούσαμεν
495 5219 596 5289 τῆς
625 5220 813 5289 φωνῆς
846 5238 938 5275 σου
958 5221 1098 5288 ,τοῦ
1150 5223 1483 5293 πορεύεσθαι
1512 5227 1569 5278 ὲν
1590 5228 1702 5291 τοῖς
1735 5208 1779 5264 ί)

150 5310 521 5382 προστάγμασί
550 5327 664 5369 σου,
691 5305 773 5374 οἷς
802 5310 1011 5376 ἔδωκας
1039 5307 1179 5366 κατά
1208 5308 1498 5384 ττρόσωπον
1522 5316 1697 5386 ήμῶν.

160 5402 290 5455 Ἀλλ’
336 5402 681 5474 ὴθετήσαμὲν
730 5419 822 5464 σε,
877 5403 1081 5474 Κύριε,
1131 5406 1160 5457 6
1204 5405 1338 5469 Θεὸς
1378 5408 1569 5479 ήμῶν,
1608 5410 1700 5461 καὶ

148 5492 393 5562 ἐκολλήθη
438 5493 518 5554 είς
547 5493 692 5561 ,ἡμᾶς
735 5492 802 5544 τὰ
833 5494 976 5546 κακὰ
1010 5492 1076 5547 τά
1109 5495 1320 5563 μεγάλα
1349 5495 1540 5555 ταῦτα,
1594 5498 1702 5553 Καὶ

277 5633 409 5687 l’snl.
443 5648 692 5698 lxxxvi",
717 5631 895 5691 32-33.

1809 4136 2066 4193 mandata
2107 4137 2233 4190 tua!
2287 4136 2495 4191 Memor
2536 4145 2659 4190 esto
2703 4137 3119 4193 miserationum
3154 4148 3376 4195 tuarum

1807 4235 1863 4280 et
1887 4226 2131 4295 copiosae
2162 4223 2567 4280 misericordia:
2599 4234 2727 4290 tua},
2761 4240 2882 4294 quae
2908 4240 2939 4279 a
2983 4227 3188 4281 saeculo
3223 4237 3370 4280 sunt.

1807 4317 1884 4393 Ne
1916 4317 2263 4372 obliviscaris
2306 4315 2620 4371 testamenti
2654 4316 2733 4369 ιιι-ί
2774 4348 2787 4378 ,
2822 4317 2913 4386 qui
2961 4306 3149 4372 dixisti
3196 4335 3209 4370 :
3248 4338 3266 4369 ι
3314 4318 3372 4372 Si

1808 4407 2063 4461 mandata
2105 4422 2225 4460 mea
2255 4421 2366 4461 non
2399 4405 2796 4469 custodieritis,
2840 4405 3080 4460 visitabo
3116 4406 3174 4461 in
3219 4408 3374 4478 virga

1808 4499 2128 4570 iniquitates
2155 4506 2390 4565 vestras,
2425 4506 2485 4553 et
2513 4498 2570 4552 in
2596 4498 2924 4557 verberibus
2955 4499 3253 4570 injustitias
3282 4517 3378 4556 ve-

1806 4599 1949 4653 stras
1978 4608 1991 4643 :
2023 4589 2465 4645 misericordiam
2494 4594 2679 4644 autem
2708 4604 2882 4645 meam
2916 4606 3030 4646 non
3060 4591 3372 4663 dispergam

1807 4699 1839 4739 a
1872 4681 2029 4738 vobis
2061 4699 2074 4735 :
2111 4692 2168 4737 et
2199 4698 2321 4752 qua:
2353 4680 2663 4761 procedunt
2687 4697 2788 4751 per
2810 4682 2958 4741 labia
2988 4698 3131 4747 mea,
3162 4699 3271 4739 non
3299 4685 3375 4738 fa-

1806 4774 1948 4829 ciam
1986 4773 2144 4828 irrita
2184 4773 2250 4826 ⁸³⁵.
2294 4792 2311 4824 ι
2357 4772 2766 4844 Conﬁrmentur
2806 4789 3094 4830 sermones
3138 4775 3228 4829 isti
3268 4778 3373 4838 tui,

1806 4862 1952 4917 Here
1968 4862 2363 4932 benignissime
2386 4878 2399 4913 :
2425 4869 2482 4916 et
2501 4860 2655 4917 aufer
2685 4870 2910 4932 peccata
2926 4870 3137 4923 nostra,
3167 4863 3374 4933 quippe

1805 4952 1899 5024 qui
1954 4953 2247 5008 miserator
2281 4969 2341 5013 es
2387 4952 2737 5023 longanimis.
2770 4952 2894 5008 Tibi
2938 4954 3089 5008 enim
3140 4954 3374 5010 Domino

1807 5047 1918 5103 Deo
1947 5055 2158 5109 nostro,
2187 5045 2443 5116 iustitia;
2495 5046 2658 5107 nobis
2689 5058 2874 5101 autem
2924 5047 3175 5104 confusio
3206 5049 3375 5104 facies

1806 5144 2028 5197 nostras
2065 5130 2378 5206 adoperuit,
2413 5143 2474 5191 ut
2512 5135 2632 5193 haec
2678 5136 2800 5192 dies
2843 5138 3082 5207 probat:
3120 5140 3213 5207 qui
3248 5155 3376 5208 pec-

1806 5228 2054 5285 cavimus
2085 5243 2271 5284 coram
2300 5238 2374 5287 te.
2391 5228 2838 5298 Dominemeque
2866 5231 3250 5286 exaudit-imus
3279 5247 3376 5285 vo-

1808 5334 1927 5373 cem
1967 5325 2139 5384 tuam,
2170 5326 2231 5373 ut
2276 5317 2688 5391 ambularemus
2719 5317 2773 5372 in
2804 5319 3079 5375 mandatis
3122 5321 3233 5376 tuis
3254 5338 3376 5390 qute

1764 5438 1767 5439 ν
1808 5408 2010 5463 dedisti
2037 5409 2091 5463 in
2120 5418 2420 5478 conspectu
2453 5416 2675 5463 nostro:
2706 5408 2803 5464 sed
2832 5411 3269 5480 contempsimus
3300 5422 3373 5475 ιιι,

1808 5498 2039 5552 Domine
2075 5499 2220 5555 Deus
2260 5509 2468 5565 noster,
2512 5516 2690 5571 eoque
2718 5500 3066 5557 cohaeserunt
3100 5503 3260 5560 nobis
3295 5505 3379 5558 in-
