4014 6310
621 221 752 284 Ῑξξῖιδ

1563 217 1921 279 ANTIOCHI
1963 181 2308 278 MONACHI
2367 218 2970 278 EXOMOLOGESIS.
3706 219 3798 278 1‘55

614 342 823 408 virgam
855 334 1059 388 furoris
1092 333 1206 398 tui;
1241 331 1510 400 siquidem
1535 331 1720 400 justus
1746 344 1826 392 es,
1848 329 2097 396 Domine,
2129 331 2185 398 in

2291 329 2622 392 συνέπεσεν,
2676 329 2770 382 καὶ
2816 329 2910 380 ἐπὶ
2941 329 3100 380 πᾶσιν
3129 325 3364 388 τούτοςς
3397 326 3632 394 ἀνέσχεν,
3663 327 3796 399 Κύριε,

614 428 873 484 erunibus
907 443 919 478 :
949 440 1057 478 non
1087 423 1234 478 enim
1263 421 1651 477 exaudivimus
1687 435 1876 474 vocem
1905 431 2082 485 tuam,
2125 431 2187 476 ut

615 533 715 590 per
757 517 900 572 viam
932 515 1312 568 mandatorum
1353 524 1576 568 tuorum
1614 511 2049 582 ingrederentur.
2078 511 2186 568 Sed

614 619 672 664 et
710 622 876 668 nunc.
913 607 1165 670 Domine,
1186 607 1332 659 Deus
1363 613 1574 667 noster,
1597 599 1810 672 1250
1835 603 2188 673 quandoqui-

615 705 738 758 dem
771 703 825 756 in
853 701 1022 770 signis
1054 710 1110 754 et
1145 701 1416 770 portentis
1441 699 1510 752 ab
1539 701 1732 753 insano
1770 712 1965 752 errore
2008 687 2186 749 idolo-

616 793 784 846 |.itii_e
833 790 1157 845 submovisti
1206 807 1327 852 nos,
1369 789 1660 860 fecistique
1702 789 1801 842 tibi
1833 788 1934 858 ipsi
1984 801 2184 842 nomen

616 899 784 952 usque
815 883 871 936 in
898 897 1138 952 prtesens
1172 900 1184 935 :
1227 881 1474 950 quiesce,
1507 883 1760 946 obsecro,
1793 881 2040 935 Domine.
2080 879 2186 933 lm—

615 973 811 1026 minuzi
845 973 991 1026 enim
1022 987 1212 1026 sumus
1239 987 1408 1040 super
1449 981 1672 1037 terram,
1705 982 1762 1027 et
1794 981 2050 1040 tanquam
2085 970 2188 1024 im-

613 1065 803 1118 mundi
834 1079 1026 1119 omnes
1061 1079 1161 1118 nos
1200 1061 1404 1118 aﬂ'ecti.
1434 1063 1598 1129 Quasi
1631 1063 1777 1116 enim
1801 1059 2030 1131 'pannus
2059 1077 2183 1116 mu-

611 1156 764 1211 lieris
797 1165 1082 1210 nienstruo
1133 1156 1401 1225 sanguine
1433 1155 1654 1210 ﬂuentis
1689 1155 1908 1226 justitia
1952 1163 2180 1209 nostra:

613 1248 772 1318 inque
801 1262 1008 1302 morem
1037 1247 1494 1301 marcescentium
1527 1245 1786 1302 foliorum
1821 1246 1922 1316 ipsi
1954 1245 2185 1302 deﬂuxio

613 1356 733 1394 mus
755 1348 981 1410 propter
1020 1338 1345 1408 iniquitates
1377 1347 1594 1394 nostras
1623 1359 1635 1392 :
1663 1355 1775 1393 non
1804 1339 1959 1394 enim
1991 1353 2186 1408 super-

609 1443 715 1496 est,
746 1431 840 1500 qui
876 1430 1099 1486 invocet
1139 1445 1340 1484 nomen
1399 1423 1575 1485 tuum.
1634 1413 1775 1486 Sane
1821 1445 1988 1500 quam
2035 1431 2184 1502 juste

609 1523 859 1578 avertisti
906 1538 936 1578 a
978 1521 1140 1576 nobis
1172 1521 1367 1576 faciem
1400 1529 1568 1576 tuam.
1615 1523 1682 1577 Et
1726 1539 1896 1588 nunc,
1926 1524 2182 1589 Domine,

612 1616 770 1670 Pater
816 1623 1006 1669 noster
1053 1622 1112 1668 tu
1160 1629 1260 1668 es:
1290 1628 1394 1667 nos
1421 1620 1601 1668 autem
1643 1613 1842 1679 lutum,
1874 1629 2040 1684 opera
2071 1629 2186 1668 ma-

2289 423 2384 474 καὶ
2411 421 2788 484 ὲταπείνωσας
2812 421 2959 490 ἡμᾶς
2989 420 3224 490 σφόδρα.
3259 419 3348 472 ὅτι
3378 420 3480 470 οὐκ
3502 421 3796 490 inops-10mm

2287 513 2346 566 ἐν
2390 510 2494 581 ὀδῷ
2537 512 2716 581 ἀγαίὶῇ
2744 551 2758 574 ,
2819 509 2938 564 ἀλλ’
2971 510 3150 562 ὀπίσω
3204 509 3322 561 τῶν
3369 509 3638 578 ἁμαρτιῶν
3664 513 3794 580 ἡμῶν·

2286 603 2423 657 ἀλλὰ
2454 607 2658 670 φεῖσαι,
2694 601 2866 672 Κύριε
2887 641 2903 665 ,
2953 601 3046 654 τοῦ
3089 601 3234 654 λαοῦ
3281 617 3404 664 σου,
3437 601 3528 654 καὶ
3557 603 3641 669 τῆς
3661 603 3796 673 κλῇε».

2286 693 2478 763 νομίας
2511 709 2604 746 σου
2625 735 2640 759 ,
2693 694 2787 744 καὶ
2821 690 3006 760 ἑξελοῦ
3033 692 3190 762 ἡμᾶς
3224 693 3292 742 ἐκ
3319 691 3506 760 χειρὸς
3535 691 3630 744 τῶν
3650 693 3797 763 ὲχίίᾠν

2247 811 2255 819 ·
2286 785 2465 859 ἡμῶν,
2498 784 2685 838 ἕνεκεν
2717 782 2812 836 τοῦ
2842 783 3104 853 ὀνόματός
3138 771 3268 844 σου,
3307 782 3401 835 ἵνα
3433 781 3540 852 γνῷ
3568 785 3797 854 utimini;

2285 877 2368 932 ὅτι
2417 878 2512 941 σὺ,
2557 876 2764 946 Κύριε,
2809 875 2838 926 6
2880 874 3014 937 Θεὸς
3051 873 3513 944 ἡμῶν,.δυνατὸς
3544 875 3596 926 ὲν
3621 874 3794 944 nouae,

2285 969 2380 1023 καὶ
2428 969 2480 1020 οἰ
2521 965 2800 1037 οἰκτιρμοί
2843 982 2936 1018 σου
2979 967 3060 1028 εἰς
3088 965 3298 1032 γενεὰν
3327 961 3426 1015 καὶ
3451 963 3627 1032 γενεὰν
3647 964 3795 1034 λαμϐά-

2283 1079 2469 1118 νουσιν
2515 1063 2598 1126 εἰς
2632 1061 2760 1114 λαὸν
2803 1059 3267 1130 ἀπεγνωσμένον.
3309 1057 3477 1110 Ἀλλὰ
3502 1057 3797 1128 τίπροπυξό-

2288 1158 2430 1230 μεθα
2473 1157 2638 1227 ἡμεῖς
2683 1157 2734 1209 οἱ
2775 1153 3114 1224 ἁμαρτωλοὶ,
3147 1153 3198 1206 ὣ
3224 1153 3481 1205 Δέσποτα
3504 1151 3794 1222 φιλάνθρωπ,

2284 1249 2408 1304 καθ’
2433 1248 2462 1301 ὃ
2493 1248 2572 1301 δεῖ
2618 1248 2720 1301 οὐκ
2747 1247 3005 1316 οἴδαμεν,
3041 1245 3112 1316 γῆ
3149 1245 3256 1298 καὶ
3288 1243 3486 1305 σποδὸς
3515 1245 3795 1314 ὑπάρχοντες.

2287 1342 2527 1412 Ἐχομεν
2571 1339 2627 1392 δὲ
2682 1338 3042 1409 Παράκ).ητον
3094 1337 3249 1406 ὑπὲρ
3284 1337 3450 1406 ἡμῶν
3481 1337 3604 1406 πρὸς
3631 1334 3706 1404 τὴν
3729 1335 3796 1405 sip

2283 1430 2598 1500 ἀγαθότητα
2627 1430 2718 1484 τὸν
2743 1430 3012 1499 ἄχραντόν
3045 1444 3142 1482 σου
3175 1428 3366 1502 λόγον,
3400 1427 3460 1480 ὃν
3485 1427 3564 1479 διὰ
3586 1426 3797 1494 σπλάγχνα

2284 1522 2470 1584 ἐλέους
2504 1539 2597 1576 σου
2637 1519 2968 1583 ἀπέστειλας
2999 1517 3464 1574 ἀνακαλέσασθαι
3489 1517 3548 1570 τὸ
3573 1518 3680 1570 ἴδιον
3699 1517 3796 1569 πλά-

2285 1627 2421 1680 σμα,
2452 1609 2544 1662 τὸν
2571 1609 2948 1684 σαρκωθὲντα,
2973 1609 3070 1662 καὶ
3099 1607 3505 1676 σταυρωθέντα
3529 1607 3651 1676 ὑπὲρ
3666 1607 3792 1676 ἡμῶν.

611 1721 780 1760 nuum
815 1714 1034 1760 tuarum
1078 1719 1200 1759 nos.
1243 1705 1320 1758 Ne
1350 1702 1606 1758 irascaris
1641 1703 1804 1758 nobis
1830 1704 2011 1769 valde,
2043 1718 2182 1758 neve

2283 1673 2454 1765 Abte;
2484 1673 2770 1770 ἐξαὶίείψας
2799 1700 2859 1753 τὸ
2887 1673 3010 1753 καθ’
3037 1699 3201 1769 ἡμῶν
3232 1673 3792 1769 χειρόγραφον,

612 1798 667 1852 in
720 1808 966 1866 tempore
1028 1795 1346 1850 memineris
1407 1803 1762 1866 peccatorum
1815 1804 2182 1850 nostrorum:

611 1888 744 1958 quin
771 1888 954 1956 potius
969 1886 1381 1951 vide,Domine,
1407 1887 1537 1956 quia
1562 1886 1801 1956 populus
1835 1895 1964 1940 tuus
1991 1901 2186 1940 omnes

613 1996 732 2034 nos.
759 1980 968 2035 Civitas
997 1978 1176 2034 sancti
1226 1977 1418 2048 templi
1468 1978 1548 2033 tui
1598 1978 1653 2032 in
1698 1978 2054 2034 solitudinem
2099 1993 2187 2031 re-

611 2070 770 2124 dacta
823 2078 928 2136 est,
963 2077 1019 2124 et
1069 2068 1245 2139 gloria
1301 2069 1434 2124 Sion
1486 2069 1746 2124 incendio
1791 2069 2182 2139 conﬂagravit,

612 2158 883 2228 simulque
913 2165 1270 2212 monumenta
1301 2156 1490 2227 gloria:
1530 2167 1732 2211 nostrae
1762 2159 2018 2211 universa
2049 2171 2184 2212 con-

613 2251 888 2304 ciderunt.
923 2247 1005 2302 Ad
1051 2249 1169 2302 haec
1207 2247 1376 2300 etiam
1415 2246 1600 2311 omnia
1645 2245 1863 2300 aliisiSti
1916 2261 2038 2309 nos,
2075 2245 2184 2299 Do-

614 2341 782 2405 mine,
806 2338 1003 2400 valide.
1022 2347 1079 2392 et
1101 2337 1404 2392 humiliasti
1431 2336 1806 2391 vehementer.
1821 2336 2010 2406 Neque
2035 2339 2186 2390 enim

613 2433 756 2484 viam
788 2429 1051 2484 inivimus
1072 2423 1498 2494 vitaa'melioris,
1535 2428 1704 2497 magis
1721 2436 1920 2510 ‘autem
1950 2443 2048 2498 per
2077 2428 2188 2482 cal-

615 2525 694 2578 les
731 2522 964 2588 devios,
1021 2537 1222 2592 nempe
1260 2529 1386 2592 post
1438 2529 1663 2590 peccata
1711 2529 1922 2576 nostra.
1973 2522 2185 2586 Parce,

555 2631 566 2642 '
615 2617 864 2680 Domine,
890 2615 1093 2684 populo
1125 2624 1220 2668 tuo
1251 2626 1306 2668 et
1341 2613 1650 2669 haereditati
1675 2621 1802 2680 tuae,
1834 2599 2045 2685 proque
2071 2611 2189 2686 glo-

617 2713 694 2766 ria
755 2711 997 2765 nominis
1033 2709 1114 2764 tui
1157 2725 1290 2764 erue
1347 2725 1450 2764 nos
1505 2708 1574 2762 de
1623 2724 1788 2762 manu
1839 2708 2188 2763 inimicorum

615 2807 959 2864 nostrorum,
1001 2807 1063 2852 ut
1107 2798 1327 2852 noverit
1357 2805 1506 2852 terra
1532 2797 1733 2863 omnis,
1754 2799 1884 2867 quia
1914 2805 1970 2852 tu
2001 2799 2188 2853 Domi-

614 2905 720 2944 nus
748 2888 894 2942 Deus
927 2895 1119 2942 noster
1160 2887 1218 2941 in
1259 2887 1404 2943 bello
1435 2896 1656 2958 potens,
1707 2895 1764 2942 et
1804 2887 2189 2962 miserationes

2284 1795 2506 1864 γέγονεν
2531 1793 2638 1846 τῶν
2657 1792 2942 1862 ἁμαρτιῶν
2964 1791 3146 1862 ἡμῶν.
3164 1793 3286 1845 Καὶ
3301 1792 3361 1844 τὸ
3377 1791 3584 1860 Πνεῦμα
3602 1791 3650 1843 δέ
3671 1807 3740 1841 σου
3755 1791 3793 1842 τὸ

2285 1885 2442 1954 ἅγιον
2467 1887 2562 1940 καὶ
2602 1887 2734 1939 αὐτὸ
2769 1885 3090 1954 ἐντυγχάνει
3115 1883 3267 1954 ὑπὲρ
3289 1883 3470 1953 ἡμῶν,
3492 1885 3550 1934 οὐ
3579 1881 3790 1942 δουλικῶς.

2285 1979 2424 2032 ἀλλὰ
2457 1977 2781 2048 θεοπρεπῶς
2802 2019 2817 2042 ,
2875 1979 2968 2030 καὶ
3007 1975 3424 2048 φιλανθρώπως
3453 1975 3707 2045 κηῶμενον
3728 1973 3789 2025 τος

2289 2070 2421 2122 ἰδίου
2467 2068 2786 2137 πλάσματός
2832 2083 2950 2120 σου.
3007 2066 3346 2137 Μνήσθητι,
3389 2061 3435 2118 ὧ
3468 2063 3790 2131 Δέσποτα,τῇς

2285 2163 2556 2230 τοσαύτης
2585 2179 2680 2213 σου
2705 2177 2772 2214 πε
2779 2162 2833 2231 ρ“ι
2851 2163 2884 2230 ἡ
2892 2161 2999 2230 μᾶς
3021 2160 3396 2229 ἀγαϋότητος,
3416 2156 3601 2212 καὶτοῦ
3615 2157 3787 2225 σταυροῦ

2285 2254 2382 2309 τοῦ
2435 2253 2759 2326 μονογενοῦς
2805 2243 2901 2306 σου
2945 2251 3114 2318 Υἱοῦ,
3143 2323 3154 2329 ν
3187 2252 3287 2306 καὶ
3336 2249 3664 2320 κατάπεμψον
3697 2251 3788 2318 ἡμῖν

2287 2349 2414 2410 τοὺς
2444 2345 2763 2415 οἰκτιρμούς
2792 2361 2886 2398 σου
2917 2335 3012 2398 κάι
3041 2345 3142 2416 τὴν
3173 2343 3344 2416 χάριν
3366 2385 3382 2410 ,
3417 2345 3508 2398 καὶ
3533 2342 3618 2405 τὴν
3635 2341 3786 2410 δωρεὰν

2286 2439 2382 2493 τοῦ
2417 2439 2576 2508 ἁγίου
2603 2455 2699 2491 σου
2724 2437 3069 2512 Πνεύματος,
3106 2436 3200 2491 ῖνα
3230 2439 3302 2507 τῇ
3334 2434 3512 2508 ἁγαθῃ
3533 2433 3670 2488 αὑτοῦ
3689 2448 3786 2502 περ·

2287 2531 2447 2602 ουσία
2470 2531 2716 2602 δδηγήσῃ
2740 2530 2889 2600 ἡμᾶς
2917 2530 2998 2592 εἰς
3021 2528 3084 2581 τὸ
3109 2527 3181 2580 τὰ
3205 2527 3483 2600 εὐάρεστὰ
3506 2544 3576 2580 σοι
3594 2525 3783 2596 sinapi:-

2287 2622 2508 2687 τεσθαι,
2563 2621 2659 2674 καὶ
2707 2623 2895 2691 τυχεῖν
2939 2619 3040 2690 τῆς
3077 2619 3318 2673 αἰωνίου
3359 2619 3518 2689 ζωῆς.
3549 2619 3700 2688 Ἡμεῖς
3719 2613 3783 2670 οὖν

2287 2715 2338 2768 οἰ
2381 2712 2624 2778 ἀνάξιοι,
2666 2712 2945 2774 Δέσποτα,
2994 2711 3341 2783 θαρροῦντες
3374 2710 3615 2782 αἰτοῦμεν
3634 2708 3780 2760 Edric

2289 2802 2514 2856 εἰπόντα
2557 2801 2786 2870 ἄχρονον
2827 2800 2958 2853 Υίὸν
3009 2801 3105 2854 καὶ
3151 2800 3338 2870 Λόγον
3383 2799 3476 2854 σοῦ
3521 2797 3600 2852 τοῦ
3630 2796 3779 2865 Πατρὶς

2287 2892 2380 2946 τὸν
2417 2891 2626 2961 Κύριον
2665 2889 2821 2960 ἡμῶν
2847 2877 3070 2960 Ἰησοῦν
3108 2891 3390 2962 Χριστόν·
3449 2909 3469 2944 ι
3501 2891 3690 2955 Αἰτεῖτε,
3715 2886 3777 2939 καὶ

615 2993 723 3037 tua:
750 2981 807 3036 in
840 2982 1255 3052 generationem
1285 2988 1358 3048 ει,
1375 2979 1790 3056 generationem
1826 2989 2185 3049 perseverant

2287 2981 2572 3054 δοθήσεται
2615 2982 2744 3050 ὑμῖν
2767 2996 2779 3009 ·
2834 2977 3086 3051 ζητεῖτε,
3137 2983 3244 3036 καὶ
3283 2983 3568 3054 εὑρήσετεθ
3597 2978 3777 3051 κρούετε.

615 3089 782 3144 super
812 3071 1077 3144 p0pulum
1114 3084 1292 3139 tuum,
1321 3073 1390 3127 de
1430 3088 1488 3128 se
1528 3073 1736 3143 alioqui
1768 3071 1950 3126 minus
1977 3087 2187 3140 praesu-

615 3174 876 3218 mentem.
907 3162 1206 3227 Cxterum,
1241 3177 1274 3216 ο
1301 3161 1596 3219 hominum
1628 3169 1841 3216 amator
1873 3161 2186 3216 elementis-

612 3255 772 3319 sime,
807 3253 940 3323 quid
971 3263 1022 3309 te
1063 3268 1285 3310 oremus
1323 3262 1662 3323 peccatores,
1685 3259 1786 3306 aut
1822 3266 2187 3322 apprecemur

614 3345 776 3402 nobis
797 3345 1100 3401 secundum
1125 3345 1276 3416 quod
1293 3349 1532 3413 oportet,
1565 3345 1729 3414 plane
1761 3344 2057 3410 nescimus,
2089 3347 2184 3414 qui

614 3454 806 3494 sumus
842 3449 989 3494 terra
1032 3449 1088 3494 et
1137 3439 1305 3504 cinis;
1333 3437 1598 3492 habemus
1632 3445 1816 3492 tamen
1855 3438 2000 3507 apud
2035 3449 2184 3492 tuam

614 3529 1034 3598 benignitatem,
1091 3529 1183 3598 qui
1226 3543 1326 3598 pro
1364 3527 1524 3582 nobis
1581 3528 1896 3596 interpellet
1938 3544 1951 3579 :
1989 3539 2203 3598 nempe

613 3618 854 3674 Verbum
894 3625 1050 3672 tuum
1079 3619 1228 3672 nulla
1272 3633 1508 3688 prorsus
1527 3617 1816 3688 aspergine
1848 3619 2056 3687 peccati
2087 3618 2185 3672 de-

612 3710 938 3775 coloratum,
975 3723 1136 3780 quem
1164 3727 1261 3780 per
1287 3719 1392 3764 tua:
1417 3711 1632 3764 viscera
1660 3707 2050 3763 misericordiae
2081 3709 2186 3762 mi-

612 3797 752 3863 sisti,
783 3813 946 3853 suum
977 3809 1035 3854 ut
1065 3801 1272 3870 plasma
1317 3807 1607 3854 revocaret
1651 3799 1705 3852 in
1734 3800 1899 3853 viam.
1933 3797 2074 3852 Caro
2104 3799 2183 3852 ia-

2285 3073 2380 3126 καὶ
2421 3073 2776 3146 ἀνοιγήσεται
2819 3073 2973 3143 ὑμῖν.
3012 3073 3128 3136 Πᾶς
3161 3075 3281 3143 γὰρ
3314 3075 3346 3127 ὁ
3374 3071 3535 3127 αἰτῶν
3564 3069 3774 3141 λαμὸἁνειο

2285 3166 2380 3219 καὶ
2400 3166 2427 3217 ό
2451 3163 2633 3232 ζητῶν
2654 3163 2920 3234 εὑρίσκει,
2944 3165 3039 3218 καὶ
3061 3164 3139 3235 τῷ
3161 3165 3420 3236 κρούοντι
3446 3164 3772 3232 ἀνοιγήσεται.»

2285 3256 2395 3310 Καὶ
2425 3253 2587 3308 πάλιν
2613 3268 2630 3284 ·
2687 3271 2707 3305 ι
2737 3254 2800 3306 Εἰ
2825 3249 2918 3307 οὖν
2943 3255 3102 3324 ὑμεῖς
3129 3257 3368 3325 πονηροὶ
3407 3255 3547 3318 ὄντες
3570 3247 3775 3306 olim“—

2291 3363 2438 3418 ματα
2468 3344 2653 3411 ἀγαθὰ
2678 3343 2878 3408 διδόναι
2905 3347 3018 3407 τοῖς
3041 3345 3258 3410 τέκνοις
3285 3347 3456 3416 ὑμῶν,
3483 3345 3613 3413 πόσῳ
3632 3339 3774 3411 μᾶλλον

2284 3437 2312 3490 ὁ
2339 3435 2530 3504 Πατὴρ
2563 3431 2716 3502 ὑμῶν
2763 3431 2792 3484 ὁ
2822 3433 3074 3502 οὐράνιος
3107 3433 3278 3488 δώσει
3314 3435 3527 3504 Πνεῦμα
3551 3431 3674 3499 ἄτιον
3696 3429 3774 3488 τοῖς

2285 3525 2532 3586 αἰτοῦσιν
2562 3505 2756 3582 αὐτδνί
2783 3541 2803 3576 ι
2843 3524 2966 3576 Ὀτι
3004 3539 3086 3580 σοι
3122 3513 3324 3596 τρέπει
3355 3526 3498 3578 πᾶσα
3521 3521 3642 3585 δόξα,
3665 3517 3770 3584 τιμὴ.

2285 3619 2380 3672 καὶ
2410 3613 2779 3686 προσκύνησις
2807 3612 2884 3682 τῷ
2909 3615 3103 3686 Harp),
3129 3619 3225 3670 καὶ
3253 3617 3330 3689 τῷ
3355 3618 3482 3687 Υίῷ,
3505 3617 3585 3670 καὶ
3602 3613 3664 3682 τῷ
3679 3609 3774 3677 ἀγέφ

2288 3709 2595 3778 Πνεύματι,
2623 3703 2720 3758 νῦν
2739 3705 2842 3758 ’καὶ
2866 3691 2974 3772 ἀεὶ,
3005 3707 3099 3761 καὶ
3125 3709 3206 3772 εἰς
3232 3711 3361 3773 τοὺς
3380 3710 3562 3770 αἰῶνας
3581 3705 3668 3758 τῶν
3682 3700 3772 3755 αἰῶ-

2286 3815 2412 3851 νων.
2454 3797 2650 3867 Ἀμήν.

611 3897 736 3944 etus
771 3891 946 3945 nostri
973 3906 1136 3964 causa
1171 3885 1366 3962 passus
1393 3901 1479 3945 est
1508 3890 1661 3946 cruci
1724 3906 1782 3945 se
1853 3889 2014 3960 aliigi.
2071 3891 2122 3944 is
2185 3890 2427 3952 abolevit
2463 3891 2612 3958 quod
2653 3892 2948 3948 adversum
2999 3906 3102 3947 nos
3147 3901 3291 3958 erat,
3333 3885 3703 3959 chirographum
3721 3883 3768 3947 ”ν

613 3993 960 4050 peccatorum
990 3993 1306 4038 nostrorum
1338 3981 1517 4036 factus
1580 3981 1896 4052 propitiatio
1925 3983 1992 4034 θ’.
2025 3980 2132 4034 Sed
2163 3991 2219 4040 et
2257 3973 2520 4051 Spiritum
2583 3992 2838 4038 sanctum
2887 3993 3045 4038 tuum
3093 3983 3264 4037 totius
3309 3979 3589 4036 sanctitatis
3617 3973 3771 4028 inim

613 4087 728 4126 rem
761 4073 929 4128 misit.
971 4073 1042 4127 Et
1083 4073 1175 4127 hic
1203 4088 1302 4143 pro
1335 4071 1498 4127 nobis
1541 4087 1760 4140 quoque
1796 4070 2181 4140 interpellat"
2219 4087 2331 4125 non
2388 4071 2612 4139 quidem
2681 4073 2874 4128 servili
2915 4089 3091 4137 more,
3119 4073 3216 4148 sed
3253 4081 3417 4143 prout
3450 4079 3626 4126 tantam
3649 4061 3766 4118 adde-

615 4174 706 4220 cet
744 4168 1082 4236 majestatem
1138 4176 1195 4221 et
1237 4173 1499 4222 consueta
1553 4165 1610 4220 in
1657 4180 1758 4220 nos
1802 4164 2176 4234 benignitate;
2217 4163 2304 4218 cui
2369 4165 2536 4217 etiam
2597 4180 2743 4220 curae
2771 4175 2857 4220 est
2889 4175 3046 4227 tuum
3071 4165 3184 4236 hoc
3201 4167 3425 4235 plasma.
3453 4159 3766 4222 Heremi,me-

611 4272 732 4312 mor
765 4265 884 4312 esto
913 4265 1075 4310 tanta:
1102 4251 1252 4310 illius
1280 4263 1386 4312 tuae
1409 4271 1536 4326 erga
1601 4270 1702 4310 nos
1772 4253 2097 4308 elementim.
2157 4253 2354 4308 Crueis
2395 4256 2700 4310 etiamnum
2733 4257 3098 4324 reminiscere
3139 4255 3412 4326 Unigeniti
3453 4251 3542 4316 tui,
3563 4261 3658 4308 et:
3683 4263 3763 4308 ma-

608 4348 900 4419 gnitudine
957 4347 1146 4415 gloriae
1194 4356 1300 4403 tuae
1355 4345 1516 4400 nobis
1568 4345 1754 4400 emitte
1799 4343 2185 4399 miserationes
2223 4351 2364 4408 tuas,
2419 4360 2601 4414 neque
2635 4361 2744 4400 non
2785 4346 3016 4415 gratiam
3050 4361 3114 4401 ac
3173 4345 3374 4400 donum
3403 4342 3560 4398 sancti
3591 4334 3766 4404 tuiSpi-

611 4439 750 4494 ritus
777 4456 792 4492 :
818 4437 910 4507 qui
935 4451 1037 4490 suo
1062 4437 1130 4490 ad
1161 4452 1260 4490 nos
1282 4437 1520 4506 gratioso
1552 4436 1812 4500 adventu,
1856 4444 2005 4491 recta
2039 4435 2308 4504 provehat
2365 4434 2434 4489 ad
2497 4450 2562 4490 ea
2615 4438 2866 4510 exempla
2902 4454 3030 4508 qua:
3079 4438 3194 4492 tibi
3225 4453 3348 4492 cum
3377 4434 3551 4504 primis
3567 4431 3758 4502 placent:

607 4544 672 4582 ac
705 4527 926 4582 demum
953 4527 1121 4582 vitam
1159 4527 1307 4580 illam
1369 4527 1587 4597 assequi
1625 4543 2040 4596 promereamur
2099 4535 2380 4581 aeternam.
2431 4526 2544 4581 Nos
2589 4525 2756 4597 igitur
2817 4527 3027 4599 indigni
3088 4529 3242 4594 licet,
3281 4544 3313 4583 ο
3355 4525 3580 4588 Domine,
3615 4516 3761 4574 ﬁducia

607 4630 788 4674 tamen
821 4617 1044 4671 subnixi
1083 4625 1189 4672 tua:
1235 4617 1407 4672 solius
1431 4619 1648 4688 gratiaa;
1684 4618 1924 4686 petimus
1954 4629 2179 4686 propter
2218 4617 2629 4672 immaculatum
2670 4617 2869 4673 Filium
2933 4635 3000 4675 ac
3057 4621 3297 4676 Verbum
3328 4617 3507 4683 Patris,
3537 4611 3756 4670 Dominum

603 4710 792 4764 Iesum
845 4707 1126 4762 Christum
1163 4727 1175 4762 :
1207 4709 1302 4778 qui
1335 4710 1470 4763 dixit
1503 4726 1516 4762 :
1547 4732 1564 4761 ι
1604 4710 1809 4776 P_etite,
1849 4721 1906 4764 et
1940 4711 2162 4764 dabitur
2217 4710 2375 4765 vobis
2406 4728 2420 4764 :
2451 4707 2704 4780 quaerite.
2727 4719 2786 4767 et
2819 4711 3114 4772 invenietis
3154 4732 3168 4768 :
3211 4715 3436 4784 pulsate,
3458 4717 3509 4765 et
3548 4705 3758 4775 aperietur

609 4798 784 4852 vobis.
849 4797 1040 4854 Omnis
1095 4800 1242 4854 enim
1309 4801 1404 4871 qui
1471 4803 1626 4871 petit,
1670 4803 1870 4874 accipit
1903 4811 1996 4856 :et
2024 4803 2115 4871 qui
2159 4803 2380 4872 quaerit,
2421 4802 2652 4869 invenit,
2698 4810 2756 4858 et
2811 4804 3053 4873 pulsanti
3095 4788 3370 4876 aperietur
3401 4803 3462 4855 νδ.
3493 4820 3512 4854 ι
3557 4799 3753 4854 iterum:

611 4912 630 4942 ι
671 4889 726 4944 Si
772 4888 934 4958 igitur
973 4904 1072 4944 vos
1111 4905 1235 4945 cum
1279 4892 1398 4947 sitis
1439 4893 1590 4961 mali,
1621 4894 1795 4948 nostis
1841 4893 1985 4949 dona
2023 4892 2342 4948 bonadare
2394 4889 2529 4950 'iiliis
2559 4894 2760 4967 vestris
2798 4905 3066 4966 :quanto.
3081 4897 3252 4970 magis
3307 4897 3456 4953 Pater
3488 4899 3638 4946 vester
3677 4895 3754 4936 ω’

605 4979 759 5034 lastis
805 4979 956 5034 dabit
1006 4979 1271 5050 Spiritum
1319 4995 1568 5040 sanctum
1602 4985 1920 5063 petentibus
1952 5001 2031 5044 se.
2085 4978 2152 5034 "1
2193 5005 2210 5038 ι
2255 4985 2444 5057 quue
2481 4994 2532 5042 te
2566 4987 2727 5045 decet
2761 4989 2935 5060 gloria
2971 4989 3172 5057 omnis,
3211 4990 3378 5046 honor
3425 4973 3748 5054 suspiciendliv

608 5075 660 5120 et
691 5068 921 5137 supplex
949 5071 1150 5136 cultus,
1177 5087 1210 5124 ο
1245 5071 1426 5138 Pater,
1459 5073 1582 5139 Fili,
1609 5081 1665 5129 et
1690 5073 1928 5155 Spiritus
1965 5081 2174 5140 sancte,
2192 5089 2340 5129 nunc
2371 5081 2430 5129 et
2469 5091 2709 5146 semper,
2745 5083 2804 5132 et
2832 5075 2890 5132 in
2912 5078 3109 5134 saecula
3129 5080 3466 5138 saeculorum.
3481 5075 3648 5130 ’Δωειι

675 5225 719 5258 ιι
742 5225 955 5280 Coloss.
977 5227 1146 5292 ιιι,
1181 5225 1445 5284 "Hoan.
1473 5241 1530 5293 ιι,
1557 5224 1612 5280 2.
1689 5194 2166 5291 "Hebr.vn,’25.
2246 5227 2291 5260 οι
2319 5227 2507 5283 Matth.
2550 5243 2641 5296 vn,
2663 5231 2714 5298 7,
2750 5229 2802 5284 8.
2879 5231 3315 5300 "Luc.xr,13.

2183 5489 2256 5510 σε.
