4164 6434
597 176 679 318 Z
713 178 916 323 5/,

614 433 713 555 Μ

716 661 864 812 σθ
1064 628 1130 809 Ῠ

142 1086 272 1329 Α)
413 1113 685 1337 4
876 1134 1153 1199 suam

266 1278 371 1334 κθ
662 1340 665 1343 _

294 1378 489 1517 i313:

318 1560 377 1710 ὃ
428 1588 555 1760 εἰη

1622 406 2335 498 TRADI'I‘IO
2408 408 3268 503 CATHOLICA.

1836 561 2173 629 SECULA
2227 564 2486 635 γι-γιι,
2532 568 2748 633 ΑΝΝΙ
2790 570 3071 631 501-61ῐι.

2082 840 2820 958 ELENCHUS

2246 1405 2640 1430 -ψ

1359 1622 1420 1683 S.
1468 1623 1963 1685 ANASTASIUS
2006 1624 2351 1696 Sl-NAITA,
2395 1620 2959 1684 ANTIOCHENUS
2998 1622 3533 1684 PATRIARCHA.

813 1787 943 1848 Viae
979 1787 1113 1848 Dux
1149 1786 1447 1848 adversus
1477 1786 1848 1866 Acephalos,
1885 1803 1963 1846 ex
2002 1760 2281 1847 editione
2307 1784 2523 1846 Jacobi
2552 1785 2849 1847 Gretseri.
3762 1784 3875 1845 col.
4003 1786 4086 1847 35

813 1890 1200 1962 Quaastiones
1231 1896 1291 1951 et
1320 1890 1789 1968 Responsiones
1818 1896 2070 1949 centum
2104 1888 2558 1967 quinquaginta
2588 1893 2880 1966 quatuor,
2913 1904 2990 1949 ex
3027 1886 3306 1966 ejusdem
3336 1884 3636 1949 editione.
3962 1886 4079 1950 327

811 1994 1020 2055 Oratio
1059 1994 1137 2054 de
1167 2011 1341 2054 sacra
1368 1994 1622 2071 Synaxi,
1657 2003 1717 2054 et
1746 1992 1824 2053 de
1859 2010 1983 2053 non
2009 1992 2377 2071 judicando.
2413 1992 2620 2071 deque
2652 1991 3020 2071 injuriarum
3049 1989 3388 2063 oblivione,
3425 2006 3505 2051 ex
3541 1988 3677 2050 edi-

889 2095 1062 2155 tione
1099 2094 1411 2156 Francisci
1440 2094 1815 2155 Combefisii.
3962 2090 4083 2151 825

809 2197 1309 2275 Anagogicarum
1345 2198 1951 2276 contemplationum
1994 2198 2058 2258 in
2108 2199 2542 2259 Hexaemeron
2591 2197 2668 2258 ad
2701 2195 3120 2275 TheOphilum
3170 2194 3312 2256 libri
3355 2193 3674 2266 undecim,

888 2300 1125 2373 Latine,
1158 2299 1398 2361 incerto
1438 2300 1803 2378 interprete,
1841 2314 1919 2358 ex
1953 2296 2345 2359 BibliOtheca
2376 2299 2625 2358 Patrum
2656 2296 3080 2374 Lugdunensi.
3961 2291 4075 2352 851

805 2432 885 2449 -ρ
914 2400 1099 2460 Liber
1147 2400 1592 2473 duodecimus,
1634 2400 1850 2460 Graece
1892 2406 1953 2460 et
2002 2399 2241 2473 Latine,
2287 2416 2363 2460 ex
2426 2398 2797 2461 recensione
2834 2398 2999 2459 Petri
3045 2396 3284 2470 Allixii,
3336 2396 3679 2473 interprete

885 2505 1128 2566 Andrea
1171 2504 1453 2567 Dacerio.

3925 2496 4076 2560 1051

802 2608 1013 2671 Oratio
1043 2610 1106 2669 in
1143 2609 1454 2689 psalmum
1492 2625 1581 2681 vr,
1615 2623 1692 2668 ex
1719 2608 1975 2673 Henrici
2004 2606 2230 2668 (Ianisii
2269 2606 2605 2666 Thesauro.
3926 2602 4080 2664 1077

804 2708 1015 2768 Oratio
1051 2709 1245 2769 altera
1276 2709 1338 2769 in
1371 2709 1607 2770 dictum
1645 2714 1956 2787 psalmum
1998 2725 2063 2768 τι
2094 2724 2172 2768 ex
2202 2707 2327 2768 alio
2365 2705 2605 2767 codice.
3925 2700 4082 2763 1115

804 2808 895 2868 Ex
938 2824 1231 2869 sermone
1286 2808 1351 2869 in
1406 2806 1595 2881 illud,
1647 2810 1999 2869 Secundum
2036 2810 2388 2888 imaginem,
2434 2808 2850 2886 fragmentum
2877 2855 2892 2880 ,
2923 2809 3099 2887 juxta
3128 2807 3467 2869 editionem
3505 2804 3675 2870 card.

884 2910 1107 2988 Angeli
1142 2911 1309 2971 Maii.
3925 2910 4082 2971 1143

802 3014 1023 3074 Sermo
1061 3013 1302 3086 tertius,
1338 3030 1416 3074 ex
1452 3014 1729 3077 editione
1766 3016 2145 3078 los-Mariae
2182 3017 2503 3091 Bandinii,
2538 3034 2726 3098 quem
2757 3017 2898 3097 lege
2928 3017 2993 3078 in
3029 3017 3263 3096 prmvio
3300 3017 3559 3080 Monito.
3925 3014 4080 3077 1150

803 3114 1029 3174 Contra
1066 3111 1326 3174 Arianos
1363 3112 1731 3190 fragmenta,
1772 3132 1848 3176 ex
1881 3115 2258 3177 Collectiane
2302 3116 2602 3177 Vaticana
2640 3117 2809 3178 card.
2840 3117 3008 3178 Maii.
3926 3117 4080 3178 1179

803 3218 1022 3279 Sermo
1078 3217 1143 3279 in
1200 3216 1555 3290 defunctos,
1598 3235 1675 3280 ex
1728 3219 2005 3282 editione
2052 3219 2719 3283 Christiani-Friderici
2760 3221 3081 3296 Matthaeii,
3117 3239 3259 3284 cum
3293 3222 3670 3301 interpreta-

880 3321 1055 3379 tione
1089 3324 1324 3381 nostra.
3927 3319 4075 3382 1191

803 3420 1151 3501 Disputatio
1181 3420 1480 3483 adversus
1506 3422 1780 3484 Judaaos.
3924 3418 4077 3481 1203

1574 3584 2068 3647 AN—ASTASIUS
2106 3586 2130 3645 Ι
2177 3586 2743 3650 ANTIOCHENUS
2780 3587 3315 3648 PATRIARCHA.

803 3751 1129 3814 Orationes
1157 3751 1439 3833 quinque
1475 3749 1555 3812 de
1584 3751 1771 3813 rectis
1799 3750 2216 3829 dogmatibus,
2251 3752 2487 3825 Latine,
2528 3754 2873 3833 interprete
2903 3752 3234 3815 Francisco
3262 3752 3588 3814 Turriano.
3922 3752 4072 3814 1309

806 3858 1144 3918 Sermones
1173 3861 1469 3936 quatuor,
1501 3855 1844 3934 interprete
1877 3855 2208 3918 Francisco
2228 3856 2625 3933 Combeﬁsio,
2651 3874 2730 3919 ex
2756 3857 3033 3919 editione
3053 3857 3317 3921 Andreae
3344 3856 3667 3921 Gallandii.
3922 3859 4065 3923 1361

1754 4019 2244 4083 ANASTASIUS
2291 4024 2544 4085 ABBAS
2586 4025 2647 4086 S.
2690 4023 3110 4086 ΕΠΤΗΥΜΙΙ.

802 4178 1078 4259 Epistola
1105 4181 1183 4243 ad
1222 4142 1568 4243 monachos
1606 4179 1775 4260 apud
1809 4180 2070 4243 Calarim
2100 4182 2494 4245 constitutos.
2572 4249 2579 4255 ,
3912 4182 4067 4245 1409

1533 4340 2023 4402 ANASTASIUS
2068 4342 2151 4402 IV
2188 4342 2756 4405 ANTIOCHENUS
2798 4343 3335 4405 PATRIARCHA.

799 4507 909 4584 (De
941 4505 1055 4566 hoc
1089 4504 1447 4580 Anastasio,
1484 4507 1587 4567 cui
1620 4506 1912 4568 nonnulli
1941 4508 2255 4569 orationes
2291 4508 2590 4588 quasdam
2613 4511 2782 4570 inter
2808 4528 3000 4589 opera
3024 4512 3092 4572 S.
3124 4512 3448 4574 Anastasii
3470 4514 3663 4591 primi

881 4611 1021 4690 (col.
1061 4608 1232 4690 1389)
1268 4612 1465 4673 editas
1523 4611 1835 4687 tribuunt,
1868 4612 2010 4675 vide
2048 4612 2412 4675 Fabricium
2458 4616 2527 4677 in
2582 4616 2920 4679 Anastasio
2960 4620 3189 4697 prima,
3245 4619 3430 4699 hujus
3479 4620 3655 4682 volu-

874 4713 1063 4773 minis
1103 4712 1220 4775 col.
1258 4712 1456 4790 1295.)

1613 4880 2067 4943 ANTIOCHUS
2104 4881 2394 4942 LAURJE
2430 4882 2492 4943 S.
2532 4882 2754 4943 SABE
2790 4881 3250 4946 MONACHUS.

795 5047 1142 5109 Pandectes
1170 5047 1508 5127 Scriptura)
1546 5066 1763 5123 sacrae,
1799 5066 1875 5111 ex
1905 5049 2111 5111 Ducaei
2144 5050 2622 5131 Supplementa.
3907 5054 4056 5117 1415

790 5147 1287 5228 Exomologesis.
2879 5181 2883 5187 -
3906 5156 4054 5219 1849

2350 5568 2599 5634 Original
2625 5569 2836 5620 edition
2866 5569 3160 5636 published
3189 5570 3265 5635 by
3294 5570 3417 5627 J.P.
3449 5571 3652 5635 Migne,
3683 5570 3835 5621 Paris
3880 5572 4017 5627 1860

2456 5668 2692 5735 Reprint
2722 5669 2796 5735 by
2825 5668 3074 5736 Brepols,
3099 5668 3393 5720 Tumhout
3423 5668 3737 5735 (Belgium)
3770 5670 3912 5721 1978
