4164 6434
737 419 798 482 27
2090 418 2235 476 nc.
2274 414 2649 475 causam
3904 389 3981 451 εκ

1845 905 2243 999 MARCO
2316 898 2861 998 VELSERO

1220 1210 1766 1275 RElPUBLICIE
1834 1205 2388 1268 AUGUSTANE
2467 1199 2947 1262 DUUMVIRO
3006 1194 3542 1259 AMPLISSIMO

1686 1503 2054 1565 JACOBUS
2083 1501 2586 1565 GRETSERUS
2627 1499 2801 1561 SOC.
2836 1498 3067 1560 JESU.

823 1934 994 1994 Venit
1045 1935 1316 2006 tandem,
1365 1935 1759 1997 Nobilissime
1795 1937 2021 2010 Marce,
2057 1938 2416 2002 Anastasius
2445 1936 2700 1999 Sinaita.
2732 1935 2926 2004 Tuus,
2962 1946 3041 1991 an
3084 1923 3309 1989 meus?
3363 1926 3424 1986 Si
3489 1923 3730 1995 serius;
3794 1921 3982 1997 igno-

740 2053 900 2099 sces.
947 2040 1229 2116 Longum
1262 2041 1379 2100 iter
1413 2047 1505 2100 est
1534 2057 1568 2102 a
1622 2047 1835 2102 monte
1901 2042 2067 2103 Sinai
2109 2042 2186 2106 ad
2219 2041 2331 2104 has
2356 2047 2604 2102 nostras
2634 2053 2798 2109 oras,
2833 2050 3040 2111 neque
3073 2029 3280 2100 unius,
3317 2026 3426 2088 sed
3461 2023 3731 2105 plurium
3791 2039 3978 2083 men-

741 2143 900 2203 sium
928 2160 943 2216 ;
976 2160 1181 2224 neque
1218 2144 1326 2206 tibi
1376 2151 1625 2225 tuaique
1681 2145 2081 2210 bibliotheca:
2119 2165 2257 2210 sese
2296 2147 2514 2208 sistere
2546 2141 2738 2204 voluit
2767 2135 3147 2206 Anastasius,
3189 2133 3304 2194 nisi
3331 2131 3460 2210 jam
3502 2127 3735 2196 Latine.
3768 2124 3819 2186 si
3849 2142 3980 2186 non

743 2243 1083 2323 eleganter,
1127 2257 1293 2308 certe
1329 2248 1612 2321 ﬁdeliter,
1643 2249 1706 2310 in
1759 2248 1878 2311 hoc
1903 2268 2018 2310 suo
2056 2258 2400 2330 nostroque
2442 2253 2648 2324 Ὀδηγῴ
2685 2241 2855 2322 loqui
2885 2239 3126 2300 doctus.
3161 2234 3335 2308 Quod
3370 2241 3434 2293 at
3485 2236 3985 2308 consequeretur

744 2364 915 2409 mora
947 2353 1248 2429 temporis
1289 2370 1415 2413 non
1445 2351 1684 2414 modica
1719 2369 1879 2433 opus
1909 2353 2065 2425 fuit;
2103 2353 2474 2433 praesertim,
2529 2367 2670 2412 cum
2709 2349 2771 2408 in
2844 2362 2986 2406 eum
3051 2342 3279 2402 Latina;
3337 2339 3566 2416 lingua:
3619 2335 3982 2411 magistrum

743 2451 1085 2529 incidisset,
1126 2472 1311 2534 quem
1345 2456 1478 2518 alim
1518 2459 1965 2538 occupationes
1992 2458 2076 2519 ita
2107 2457 2422 2519 distinent
2461 2462 2528 2516 ut
2565 2454 2749 2514 horas
2781 2450 3081 2512 duntaxat
3127 2450 3421 2523 exceptas
3477 2449 3539 2502 et
3568 2437 3746 2518 quasi
3796 2435 3982 2497 furti-

743 2572 850 2615 vas
885 2555 1114 2617 Grarcis
1147 2559 1469 2620 Latinitate
1502 2558 1854 2621 imbuendis
1884 2560 2253 2640 impendere
2284 2568 2491 2637 queat.
2525 2557 2700 2615 Nunc
2765 2553 2954 2630 igitur
3002 2552 3279 2612 Romana
3338 2543 3523 2606 verba
3594 2539 3861 2601 formare
3923 2542 3992 2597 et

746 2677 968 2722 sonare
1023 2663 1255 2740 peritus
1289 2665 1663 2732 Anastasius.
1717 2670 2052 2745 Augustam
2105 2667 2181 2728 ad
2238 2674 2298 2727 te
2337 2665 2516 2726 laetus
2578 2657 3015 2742 proficiscitur,
3065 2661 3366 2730 tuumque
3428 2659 3659 2708 nomen
3719 2642 3853 2721 ipsa
3919 2637 3992 2698 in

746 2766 951 2827 fronte
1012 2770 1444 2847 prazscriptum
1479 2774 1657 2847 gerit,
1691 2779 1758 2832 ut
1804 2741 2006 2850 palam
2040 2779 2317 2842 testetur,
2351 2770 2451 2831 cui
2493 2741 2668 2830 sacer
2701 2765 2779 2826 sit
2806 2781 2877 2824 ac
2909 2763 3195 2827 devotus,
3229 2762 3290 2818 et
3318 2768 3440 2831 qua
3478 2743 3766 2812 clientela
3794 2741 3993 2804 fretus

747 2872 808 2932 in
841 2869 1160 2948 publicum
1195 2874 1513 2951 procedat,
1547 2875 1954 2950 certissimus,
2018 2895 2084 2938 se
2119 2879 2412 2940 universo
2450 2873 2834 2939 eruditorum
2891 2868 3082 2930 choro
3122 2863 3213 2924 vel
3259 2861 3374 2922 hac
3413 2859 3492 2918 de
3534 2871 3718 2917 causa
3750 2854 3994 2928 gratum

748 2983 1204 3057 acceptumque
1238 2975 1396 3048 fore,
1439 2977 1608 3056 quod
1649 2977 1994 3042 clarissimo
2027 2981 2282 3043 nomine
2329 2987 2436 3042 tuo
2479 2975 2812 3055 insignitus
2864 2971 3055 3031 venit.
3116 2967 3264 3039 Quis
3320 2962 3487 3024 enim
3535 2960 3599 3019 in
3663 2952 3995 3016 Germania

749 3090 984 3153 nostra,
1055 3054 1294 3160 Belgio,
1326 3054 1520 3157 Italia,
1552 3083 1768 3157 Gallia,
1810 3093 1869 3146 et
1908 3085 2077 3158 alibi,
2113 3093 2219 3165 qui
2258 3087 2445 3148 Musis
2494 3093 2555 3146 et
2586 3054 2804 3145 litteris
2836 3095 2962 3140 non
2994 3074 3182 3136 modo
3216 3064 3682 3132 ammnioribus,
3718 3065 3778 3120 et
3822 3054 3987 3165 hila-

750 3184 1044 3256 rioribus,
1080 3184 1190 3246 sed
1220 3194 1280 3246 et
1310 3185 1728 3247 severioribus
1769 3185 1890 3246 illis
1940 3186 2094 3260 litet,
2141 3187 2239 3248 cui
2294 3185 2584 3247 Velserus
2637 3183 2732 3243 vel
2795 3198 2872 3242 ex
2918 3174 3188 3258 propriis
3240 3165 3703 3234 monumentis,
3769 3155 3864 3218 vel
3916 3171 3999 3216 ex

749 3289 1012 3351 aliorum
1050 3289 1348 3352 relatione
1379 3291 1740 3371 celebrique
1808 3291 2010 3363 fama;
2065 3292 2154 3353 vel
2202 3293 2384 3353 etiam
2445 3309 2518 3352 ex
2577 3288 2739 3350 ultro
2795 3285 3080 3362 citroque
3137 3276 3340 3341 missis
3401 3269 3680 3349 epistolis
3734 3281 3863 3327 non
3919 3260 4003 3323 sit

753 3392 1268 3471 cognitissimus‘?

831 3527 898 3586 In
938 3525 1202 3603 Origene
1235 3526 1598 3589 Adamantio
1651 3527 1765 3587 tria
1791 3526 2186 3588 commendat
2231 3523 2536 3586 Eusebius
2583 3524 2710 3602 (a):
2757 3520 3050 3600 primum.
3108 3509 3279 3593 ειυοά
3317 3510 3675 3569 δτδεθονυῐη
3714 3496 4003 3603 ρῇίιρεο·

753 3634 863 3714 phi
895 3635 979 3710 (et
1005 3600 1070 3692 in
1101 3629 1195 3692 his
1223 3631 1709 3693 Christianorum
1775 3630 1974 3693 hostis
2014 3638 2073 3693 et
2108 3631 2446 3691 insectator
2467 3600 2809 3690 acerrimus
2839 3618 3278 3701 Porphyrius),
3309 3613 3450 3674 licet
3475 3622 3669 3714 avera
3695 3600 4002 3714 religione

753 3733 966 3806 alieni,
1006 3732 1361 3796 incredibili
1394 3733 1676 3810 Origenis
1711 3732 2063 3794 eruditione
2095 3730 2414 3800 commoti,
2451 3727 2730 3808 ejusdem
2763 3725 3045 3786 crebram
3085 3716 3470 3780 mentionem
3505 3706 3676 3769 libris
3719 3703 3847 3765 suis
3895 3703 4001 3764 in-

756 3844 1144 3916 sperserunt,
1177 3853 1254 3898 eo
1281 3835 1427 3908 ﬁne,
1471 3809 1537 3898 ut
1582 3836 2053 3897 lucubrationes
2087 3852 2230 3896 suas
2269 3832 2499 3895 illustri
2556 3831 2676 3894 hoc
2715 3828 2846 3892 sole
2914 3826 3315 3888 illustrarent.
3380 3813 3764 3884 Secundum,
3829 3809 4008 3888 quod

759 3910 1050 3998 nonnulli
1079 3936 1419 4016 aliquando
1452 3936 1644 3998 libros
1676 3937 1786 3997 abs
1820 3954 1888 3998 se
1918 3936 2268 3997 elaboratos
2297 3935 2354 3996 ei
2409 3931 2801 3995 dedicarunt.
2842 3927 3144 3997 Tertium,
3181 3919 3352 4002 quod
3400 3915 3717 3979 interdum
3764 3910 4008 3990 vigilias

758 4057 900 4101 suas
939 4039 1166 4112 eidem,
1205 4049 1498 4120 tanquam
1520 4040 1737 4119 judici,
1771 4040 2004 4100 arbitro
2062 4045 2124 4100 et
2160 4036 2403 4100 doctori
2447 4034 2818 4106 censendas,
2855 4024 3280 4092 emendandas
3343 4017 3797 4101 poliendasque
3851 4011 4007 4073 sub-

756 4143 1063 4220 iecerunt.
1121 4144 1268 4204 Haec
1321 4143 1547 4222 triplex
1578 4144 1860 4221 Origenis
1896 4143 2032 4204 laus
2063 4159 2191 4203 non
2227 4141 2434 4202 minus
2464 4141 2527 4201 in
2569 4146 2651 4211 te,
2686 4138 2804 4200 nisi
2842 4153 2942 4198 me
2979 4131 3135 4195 fallit
3163 4129 3431 4199 animus,
3461 4119 3781 4201 competit.
3814 4118 4012 4189 Quam

760 4249 1060 4327 frequens
1088 4248 1257 4309 enim
1296 4247 1571 4308 nominis
1600 4254 1666 4307 et
1694 4246 1996 4308 doctrinm
2027 4254 2150 4307 tum
2182 4245 2699 4307 commemoratio
2757 4248 2819 4303 et
2859 4233 3222 4318 praedicatio
3249 4231 3316 4293 in
3370 4241 3588 4290 eorum
3616 4225 4011 4285 commenta-

763 4347 890 4419 riis,
949 4346 1060 4425 qui
1089 4345 1210 4406 hoc
1244 4352 1531 4426 tempore
1562 4346 1626 4406 in
1657 4352 1878 4407 senatu
1940 4345 2237 4406 litterario
2269 4343 2361 4405 vel
2420 4345 2622 4423 prima
2660 4337 2979 4411 subsellia,
3033 4333 3128 4397 vel
3159 4350 3194 4394 a
3241 4329 3458 4412 primis
3522 4322 3850 4406 proxima,
3912 4319 4011 4380 vel

762 4450 984 4512 saltem
1037 4467 1164 4512 non
1205 4425 1419 4513 inﬁma
1448 4458 1664 4512 tenent
1694 4468 1708 4524 ;
1743 4467 2016 4530 quorum
2054 4449 2245 4527 aliqui
2280 4447 2468 4528 paulo
2511 4447 2676 4528 plus,
2735 4445 2785 4506 si
2827 4451 3038 4504 tamen
3082 4438 3246 4519 plus,
3308 4435 3375 4496 in
3444 4428 3691 4513 pietatis
3749 4425 4015 4488 sinceras

767 4567 957 4611 sensu
987 4560 1302 4630 gustuque
1330 4560 1536 4613 tecum
1577 4551 1976 4612 consentiunt
2002 4592 2018 4619 ,
2054 4567 2123 4610 ac
2161 4525 2305 4609 cum
2343 4525 2607 4626 Origene
2658 4541 3067 4623 Porphyrius,
3100 4545 3160 4600 et
3189 4535 3429 4613 reliqua
3478 4549 3513 4594 a
3569 4527 3848 4607 legitimo
3901 4525 4019 4587 Dei

763 4651 936 4713 cultu
965 4625 1313 4714 abhorrens
1358 4651 1883 4732 phi1050phorum
1917 4650 2192 4712 caterva!
2231 4625 2530 4712 Nimirum
2561 4648 2694 4709 hinc
2724 4645 2939 4712 solide:
2975 4639 3343 4703 eruditionis
3371 4644 3589 4697 natura
3619 4637 3737 4703 est,
3787 4635 3850 4689 et
3909 4625 4018 4692 hic

767 4752 1009 4830 genius,
1049 4761 1117 4814 ut
1159 4752 1223 4812 in
1249 4753 1345 4812 sui
1379 4770 1658 4814 amorem
1694 4760 1753 4814 et
1811 4750 2288 4813 admirationem
2321 4748 2503 4811 facile
2533 4747 2787 4828 quosvis
2819 4743 3039 4824 rapiat,
3071 4737 3415 4820 praesertim
3461 4735 3533 4808 si,
3563 4736 3632 4794 ut
3667 4732 3732 4792 in
3761 4735 3844 4802 te,
3867 4745 4015 4790 cum

768 4826 1013 4912 morum
1047 4853 1436 4913 humanitate
1475 4861 1534 4913 et
1564 4852 1925 4914 affabilitate
1961 4850 2315 4932 c0puletur,
2339 4826 2715 4928 generisque
2745 4842 3106 4924 splendore,
3144 4845 3206 4900 et
3231 4834 3572 4900 functionis
3601 4833 3664 4893 in
3694 4826 4022 4910 republica

767 4957 1255 5019 administranda
1293 4957 1704 5037 amplitudine
1736 4965 2096 5018 exornetur.
2132 4958 2264 5017 Jam
2302 4972 2447 5016 vero
2476 4953 2527 5014 si
2566 4952 2728 5026 libri,
2769 4949 2917 5012 olim
2962 4943 3210 5024 Origeni
3254 4959 3290 5003 a
3341 4936 3738 5021 philosophis
3765 4951 4022 4996 nuncu-

772 5058 898 5136 pati
926 5057 1357 5139 inscriptique,
1404 5065 1846 5138 comparentur
1910 5076 2049 5119 cum
2084 5057 2202 5117 illis
2255 5056 2360 5135 qui
2396 5055 2508 5117 tibi
2552 5053 2709 5115 sacri
2744 5065 2806 5112 et
2841 5048 3055 5120 dicati,
3102 5046 3168 5108 in
3195 5046 3506 5106 Musarum
3537 5037 4014 5114 Memorimque,

774 5169 840 5221 ut
867 5163 954 5223 sic
997 5161 1242 5241 loquar,
1283 5165 1545 5242 templo,
1577 5163 1863 5243 suspensi
1901 5164 2216 5233 visuntur,
2282 5159 2492 5221 forsan
2525 5158 2803 5239 paucitas
2838 5155 3088 5216 illorum
3149 5167 3277 5231 prie
3326 5148 3552 5210 horum
3616 5140 4024 5205 multitudine

774 5284 903 5328 non
936 5267 1162 5346 injuria
1195 5267 1376 5328 nobis
1418 5266 1766 5327 vilesceret.
1813 5265 1967 5327 Novi
2005 5266 2284 5345 insuper,
2323 5282 2449 5327 non
2499 5263 2721 5325 deesse
2785 5261 2951 5320 viros
3011 5255 3303 5317 omnibus
3368 5248 3712 5329 disciplinis
3768 5243 4026 5322 egregie

778 5370 1082 5443 excultos,
1116 5368 1349 5450 quibus
1404 5369 1624 5447 religio
1693 5369 1771 5429 sit
1828 5368 2082 5449 publico
2122 5386 2190 5429 se
2247 5376 2308 5430 et
2361 5368 2626 5447 cogitata
2699 5381 2834 5437 sua,
2893 5363 2942 5423 si
2979 5377 3122 5441 quae
3174 5359 3239 5419 in
3302 5355 3576 5417 chartam
3643 5349 4023 5415 retulerunt,

777 5473 1206 5546 committere,
1247 5471 1366 5534 nisi
1420 5471 1591 5550 prius
1629 5471 1923 5547 sutt'ragio
1980 5476 2040 5531 et
2086 5467 2446 5546 gravissimo
2487 5475 2595 5528 tuo
2645 5463 2885 5544 judicio
2916 5461 2992 5523 ad
3046 5457 3402 5522 audendum
3483 5453 3801 5530 erigantur
3828 5457 3890 5509 et
3918 5448 4024 5508 in-

779 5579 1074 5639 citentur.
1115 5578 1184 5638 Et
1241 5595 1359 5654 qua
1390 5575 1505 5638 alia
1558 5575 1793 5636 ratione
1829 5573 2154 5634 doctorum
2214 5571 2541 5634 hominum
2599 5569 2944 5631 voluntates
2978 5572 3038 5628 et
3067 5562 3268 5627 studia
3330 5559 3488 5622 adeo
3549 5554 3656 5617 tibi
3717 5553 4026 5626 devincis,

865 5859 942 5921 (η)
985 5855 1202 5925 Lusco,
1239 5859 1328 5912 lib.
1365 5873 1414 5911 γι
1450 5855 1592 5912 Hist.
1625 5860 1830 5922 στείρα..
1862 5875 1978 5927 e-ap.
2017 5857 2100 5911 l5.
