4164 6434
182 348 234 408 1η
1273 362 1658 423 nummo
1698 363 1794 422 AD

1750 363 1794 422 Ι)
1839 364 2118 423 LECTUH
2131 368 2228 425 Ελῐ
3311 374 3388 441 30

182 461 273 518 nisn
324 459 622 524 indefessa
663 464 764 527 illa
795 466 875 529 de
939 472 1232 537 omnibus
1290 478 1635 540 litterarum
1670 480 2020 541 (innantibus
2060 479 2219 542 bene
2257 484 2535 544 uterendi
2566 484 2879 546 alacritate
2909 493 2970 547 et
2992 486 3378 548 inexsatura-

179 563 265 620 bili
290 565 613 641 cupiditate
640 566 670 600 θ
704 587 879 647 cuius
938 591 1053 649 eeo
1082 575 1215 649 ipse
1249 588 1337 638 tot
1368 582 1492 656 jam
1529 598 1726 643 annos
1754 584 2025 644 fructum
2082 586 2264 663 capio
2291 584 2715 659 uberrimum;
2775 588 2922 649 dum
2957 598 3082 659 tua,
3144 589 3268 650 imo
3320 595 3379 648 et

177 664 389 740 publica
414 668 662 745 inclyta:
702 674 1065 749 reipublic-t1.-
1111 694 1326 742 vestra:
1372 684 1744 749 bibliotheca
1784 705 1821 746 ιι

1732 703 1744 741 l
1784 687 1933 747 mihi
1965 705 2091 748 non
2135 707 2313 751 secus
2378 697 2544 769 patet
2581 700 2766 769 atque
2800 693 2950 763 tibi;
2990 696 3291 769 dumque,
3326 691 3376 751 si

178 771 247 829 vel
296 790 363 833 et
407 784 767 852 regionibus
806 798 1030 844 extr-ris
1093 790 1248 846 niu-r
1303 792 1708 851 arcessendus
1769 794 1882 866 sit,
1952 812 2065 855 nec
2114 812 2323 873 Operm
2380 814 2493 858 nec
2523 796 2823 875 impenste
2863 800 3063 877 parcis
3128 808 3195 857 ut
3258 797 3380 856 voti

174 889 395 951 t'Ulllpns
433 880 597 939 liam.
631 885 849 955 Ταρσέα),
891 904 986 944 νιλ
1025 898 1144 948 tam
1185 900 1530 952 llill‘ltldlilllt
1562 893 1971 971 qumstionem
2022 897 2351 970 exstitisse,
2386 916 2458 959 ex
2491 899 2667 977 cujus
2698 898 2865 959 tricis
2925 916 3047 960 non
3080 900 3378 960 evoserim

172 977 387 1051 tutando
416 990 473 1039 te
508 991 819 1047 vindicem
852 994 1123 1050 allillDUl.
1169 996 1312 1054 Μδιιρ
1348 1011 1534 1064 igitur
1569 997 2022 1071 benevolentia,
2088 1019 2206 1079 qua
2242 1002 2533 1063 adversus
2563 1021 2661 1063 me
2693 1004 2972 1081 aliosque
3001 1005 3109 1079 qui
3145 1004 3381 1065 litteras

174 1085 413 1181 tractant.
450 1088 668 1153 Uteris,
710 1105 987 1148 omnium
1030 1090 1304 1151 vicissim
1338 1093 1833 1156 benevolentiam
1868 1106 1925 1159 et
1954 1116 2229 1159 amorem
2281 1101 2388 1159 tibi
2450 1102 2781 1175 conCiliat;
2841 1120 3107 1181 eumque
3140 1104 3221 1163 ob
3245 1121 3373 1165 rem

172 1188 213 1235 lc
241 1177 475 1254 dignum
508 1188 693 1245 laude
717 1208 917 1247 cirum
948 1192 1131 1250 Musa
1159 1208 1321 1253 uetat
1362 1216 1542 1257 mort.
1573 1201 1831 1274 coloque
1868 1203 2045 1271 beat;
2085 1218 2252 1279 qunti,
2288 1209 2354 1262 ut
2383 1201 2548 1263 idem
2573 1203 2827 1281 Lyricus
2863 1177 3050 1274 canit,
3083 1203 3281 1262 virtus
3322 1214 3380 1262 et

168 1290 315 1349 lator
345 1299 394 1344 et
426 1292 643 1366 lingua
680 1308 1025 1372 potentium
1054 1310 1260 1357 ratum
1301 1301 1599 1362 divitibus
1632 1315 1947 1364 consecrat
1981 1303 2225 1382 infulis.

228 1413 419 1487 Magna
454 1430 712 1480 nantem
748 1428 904 1487 inec.
945 1426 1163 1497 fateor.
1197 1432 1306 1490 sed
1340 1448 1567 1509 [natura
1632 1432 1757 1506 illa,
1817 1451 1958 1513 quae
2002 1442 2059 1495 et
2091 1454 2206 1512 ego
2243 1437 2436 1513 magis
2491 1436 2553 1496 in
2604 1443 2662 1497 te
2729 1435 2869 1497 colo
2929 1438 3376 1515 suspicio-que:

176 1523 376 1585 ριεῐθιικ
413 1536 553 1575 ’τινα
596 1528 788 1583 Deum
823 1544 1186 1608 equitesque
1242 1550 1553 1605 summam
1608 1544 1913 1607 studium;
1949 1540 2170 1619 priscae
2203 1541 2345 1601 fidei
2400 1542 2624 1603 ardens
2650 1559 2866 1613 amor;
2910 1542 2970 1602 iu
3030 1544 3215 1603 sacris
3264 1544 3377 1602 Ce-

171 1620 377 1677 trium-is
407 1642 721 1687 σιιιτςυιιωε
758 1632 1149 1707 irequentia;
1200 1655 1361 1698 verm
1395 1650 1451 1699 et
1485 1650 1558 1700 at:
1601 1659 1731 1699 aevo
1764 1660 1815 1721 al

1764 1643 2114 1721 apostolico
2180 1643 2256 1705 ad
2313 1644 2473 1705 hanc
2542 1655 2816 1706 nostram
2873 1663 3074 1725 usque
3131 1654 3375 1709 tetatem

164 1734 407 1779 “Cum”:
441 1728 764 1801 Γυιιξςιυῐιιδ
800 1752 1038 1810 panum
1098 1758 1296 1801 natiue
1342 1758 1469 1801 non
1502 1759 1638 1802 rara
1670 1744 2013 1821 professio,
2050 1746 2311 1824 ejusque
2349 1765 2472 1825 qua
2513 1755 2794 1825 tempora
2838 1760 2897 1808 et
2920 1764 3126 1809 mores
3161 1748 3376 1810 sinunt

164 1838 579 1930 immutatum
616 1846 675 1892 et
714 1853 1129 1913 propaganda:
1167 1862 1489 1905 inc-ensum
1523 1850 1925 1909 desiderium.
1988 1851 2206 1931 Neque
2262 1850 2501 1913 inﬁcias
2556 1868 2658 1921 eo,
2717 1869 2812 1913 me
2873 1853 3057 1915 etiam
3113 1852 3374 1916 miriﬁce

163 1938 417 1989 dcit-41.1.":
464 1951 694 1998 mentis
745 1948 866 2001 tua:
927 1948 1233 2008 benevolo
1282 1964 1338 2009 et
1371 1956 1654 2011 betietim
1688 1972 1749 2012 in
1785 1953 2151 2015 societatem
2186 1962 2458 2016 nostram
2517 1956 2789 2017 aﬂectu:
2830 1958 3009 2031 cujus
3058 1955 3107 2015 si
3166 1954 3375 2018 nullus

162 2044 207 2129 in
236 2041 377 2092 tanta
416 2044 698 2101 inmittite
731 2043 807 2103 ad
842 2061 953 2107 nos
992 2064 1266 2109 manarozt
1300 2069 1547 2116 bEthS‘.
1582 2056 1745 2113 haud
1807 2070 2038 2114 temere
2073 2072 2262 2116 sensu
2333 2056 2641 2117 destitutis
2698 2072 3215 2129 accenseremur;
3274 2074 3376 2119 cui

162 2126 579 2205 rth‘luéthlul‘um
618 2160 1101 2209 remunerando.
1165 2169 1240 2210 en
1280 2153 1389 2212 tibi
1426 2166 1829 2217 Anastasiuui.
1864 2154 2173 2215 Donarem
2205 2165 2479 2234 pateras.
2538 2157 2828 2218 donarrm
2867 2157 3174 2235 tripodas,
3221 2174 3376 2237 pra-

160 2250 259 2290 mta
289 2244 545 2305 [omum
579 2246 917 2305 (iratorum
940 2271 957 2305 :
986 2269 1177 2329 mque
1222 2264 1289 2311 tu
1316 2257 1581 2329 pessima
1637 2273 1957 2315 munerum
1986 2257 2230 2329 Ferres,
2278 2260 2467 2318 dicite
2500 2279 2589 2318 me
2635 2259 2866 2320 scilicet
2900 2269 3157 2326 artium,
3219 2276 3374 2338 quas

163 2348 246 2393 aut
275 2341 649 2405 Parrhasius
691 2355 952 2425 protuli!
983 2370 1088 2412 aut
1146 2368 1372 2434 Scopas
1404 2381 1417 2420 :
1460 2360 1565 2418 sed
1611 2380 1725 2419 non
1762 2360 1880 2420 ham
1935 2362 2089 2422 mihi
2121 2382 2209 2422 vis
2232 2386 2250 2421 :
2280 2383 2403 2423 non
2437 2363 2553 2422 tibi
2581 2362 2795 2423 talium
2831 2383 2925 2422 res
2951 2375 3055 2422 est.
3096 2368 3199 2421 aut
3225 2362 3363 2421 ani-

163 2461 265 2500 mus
287 2452 647 2509 acitecarum
680 2472 879 2529 egens.
923 2459 1167 2518 Gaudes
1190 2461 1569 2521 carminibus
1602 2472 1659 2522 et
1690 2464 1905 2537 libris;
1949 2466 2228 2523 carmina
2272 2473 2332 2525 et
2371 2466 2559 2526 libros
2614 2484 2935 2543 possumus
2998 2466 3251 2531 donare.
3311 2469 3371 2523 et

164 2559 331 2621 reipsa
364 2553 578 2612 itidem
610 2566 941 2618 donamus.
974 2562 1064 2620 Tu
1098 2578 1224 2622 non
1260 2581 1486 2624 munus
1508 2566 1796 2640 seorsiin,
1833 2568 1943 2629 sed
1976 2585 2096 2627 una
2122 2584 2263 2628 cum
2296 2566 2621 2629 otlerentis
2649 2581 2886 2638 animo,
2940 2574 3178 2626 aestima
3212 2583 3223 2623 :
3256 2580 3371 2625 nec

161 2649 391 2727 ambigo,
426 2658 666 2727 grande
697 2660 888 2723 visum
921 2663 991 2724 iri
1020 2683 1033 2733 ;
1064 2666 1231 2744 quod
1270 2686 1379 2746 per
1415 2692 1481 2729 se
1516 2686 1613 2729 vn
1645 2671 1860 2749 puncti
1889 2670 2080 2733 instar
2110 2670 2317 2731 habet.
2358 2670 2524 2732 Vale.

223 2753 583 2831 lngnlstadii.
623 2779 686 2821 tu
716 2763 875 2825 Non.
917 2766 1105 2825 Martii
1152 2784 1357 2827 stum.

162 3029 2783 3067 ._.___________________________

1293 3294 1443 3385 AD
1514 3294 2194 3387 LECTOREM.

211 3548 505 3620 Priusquam
548 3551 698 3606 hunc
754 3550 974 3616 librum,
1017 3550 1189 3607 amice
1240 3550 1453 3612 Lector,
1507 3549 1679 3621 legis,

165 3644 351 3711 paucula
390 3644 504 3700 haec
552 3644 623 3700 de
654 3646 992 3709 Anastasio,
1041 3644 1333 3715 operisque
1371 3654 1688 3713 argumento

161 3732 264 3805 lege.
310 3735 658 3795 Monasticam
713 3738 878 3793 vitam
934 3738 1110 3808 primo
1161 3737 1447 3808 professus
1499 3746 1581 3791 est
1630 3737 1685 3791 in

161 3837 309 3884 monte
357 3827 525 3895 Sinai,
560 3830 706 3885 unde
748 3838 804 3884 et
830 3828 1052 3884 Sinaitte
1077 3839 1498 3899 cognomentum
1532 3841 1686 3881 acce-

160 3923 233 3985 pit.
288 3917 407 3974 Inde
452 3919 520 3974 ad
580 3919 957 3988 episcopatum
1004 3917 1405 3972 Antiochenum
1463 3924 1686 3970 vocatus

160 4026 270 4067 anno
293 4012 485 4069 Christi
516 4014 646 4077 561.
695 4011 998 4070 Iustiniani
1046 4012 1393 4083 imperatoris
1425 4026 1568 4066 anno
1593 4011 1684 4075 '55,

161 4103 366 4158 eumdem
416 4106 536 4174 pie,
572 4112 765 4160 sancte
817 4113 871 4158 et
904 4102 1115 4159 fortiter
1159 4103 1558 4159 administravit
1586 4119 1687 4158 un-

160 4193 293 4247 decim
322 4198 493 4259 annis,
533 4212 733 4265 nempe
762 4211 935 4265 usque
967 4195 1032 4249 ad
1063 4210 1267 4249 annum
1319 4194 1521 4251 Christi
1556 4194 1683 4261 5η,

160 4294 200 4338 et
222 4284 396 4342 Justini
426 4287 675 4343 Junioris
703 4287 1056 4357 imperatoris
1094 4288 1384 4358 septimum
1409 4304 1425 4352 ;
1483 4302 1592 4357 quo
1616 4289 1687 4343 ab

159 4372 310 4430 eodem
353 4375 561 4433 Justino
609 4393 681 4432 ex
728 4377 859 4434 sede
906 4392 1002 4432 sua
1039 4376 1478 4442 exterminatus,
1527 4384 1582 4431 et
1628 4375 1683 4432 in

161 4470 365 4525 exsilium
398 4479 551 4527 actus
578 4481 699 4535 est;
734 4471 787 4524 in
816 4485 926 4540 quo
952 4470 1140 4538 viginti
1167 4480 1298 4533 tres,
1328 4479 1443 4533 aut,
1480 4478 1536 4523 ut
1561 4470 1683 4526 aliis

161 4559 318 4629 placet,
362 4564 548 4634 viginti
602 4572 840 4632 quatuor
893 4562 1050 4619 annis
1101 4562 1277 4617 vixit:
1312 4563 1564 4618 videlicet
1616 4563 1683 4616 ad

162 4664 320 4707 annum
350 4670 516 4724 usque
547 4654 934 4724 Redemptoris
962 4654 1085 4718 595,
1127 4663 1183 4709 ct
1216 4654 1485 4710 decimum
1536 4653 1685 4708 Mau-

161 4743 251 4798 ricii
298 4745 652 4816 imperatoris,
704 4747 800 4817 qui
852 4746 1025 4801 exsuli
1080 4748 1260 4801 sedem
1315 4754 1369 4801 et
1421 4746 1682 4801 honorem

161 4837 465 4909 episcopalem
504 4840 765 4896 reddidit.
814 4838 1061 4909 Migravit
1110 4854 1175 4894 ex
1227 4839 1331 4895 hac
1376 4839 1485 4895 vita
1539 4853 1683 4894 anno

163 4929 312 4986 salutis
340 4934 457 5000 599,
492 4933 842 5005 imperatoris
879 4932 1122 4987 Mauricii
1160 4932 1260 4995 14,
1314 4932 1470 5000 cujus
1518 4931 1677 4986 anni-
1708 4974 1713 4979 .

163 5024 405 5079 versat-iam
438 5027 759 5082 memoriam
818 5025 948 5081 colit
1002 5023 1243 5080 Ecclesia
1272 5040 1327 5078 ιι
1354 5024 1481 5078 Kal.
1531 5022 1676 5088 Maii,

163 5126 257 5165 cum
287 5117 494 5172 sedisset
546 5133 727 5173 annos
773 5132 863 5173 sex
916 5118 1224 5182 inclmatos,
1282 5128 1563 5186 postquam
1611 5115 1677 5170 ad

164 5214 284 5256 suam
335 5202 615 5264 Ecclesiam
679 5215 1007 5274 reverterat;
1059 5216 1117 5261 ut
1177 5215 1332 5262 notat
1389 5205 1675 5261 Baronius.

168 5288 494 5353 Successorem
526 5282 721 5354 habuit
749 5298 998 5368 ejusdem
1030 5297 1269 5353 nominis
1305 5295 1676 5360 Anastasinm,

165 5385 236 5449 qui
268 5400 395 5442 anno
459 5389 665 5446 Christi
706 5388 810 5445 609
858 5388 1235 5445 crudelissime
1275 5404 1305 5443 a
1338 5389 1675 5444 tumultuan-

166 5474 278 5533 tibus
299 5477 482 5538 ludatis
510 5483 830 5540 interfectus
863 5492 965 5539 est.

220 5589 359 5649 Multa
386 5598 595 5669 scripsit
626 5609 819 5655 noster
853 5599 1205 5663 Anastasius,
1259 5600 1421 5654 ctiam
1471 5598 1674 5655 Latinae

169 5680 325 5753 lingua
357 5705 544 5759 gnarus
578 5712 592 5747 :
626 5708 752 5748 nam
796 5692 995 5748 librum
1040 5693 1377 5748 Pastoralem
1432 5692 1489 5747 S.
1541 5691 1674 5747 Cre-

174 5776 275 5841 Forii
304 5777 486 5853 Magni.
534 5787 619 5841 cui
677 5785 933 5841 familiari
966 5786 1264 5842 litterarum
1303 5801 1402 5840 usu
1440 5784 1659 5855 conjun»

1790 3558 1910 3604 ctus
1943 3546 2069 3612 fuit,
2108 3548 2160 3604 in
2199 3547 2447 3607 Graecum
2487 3566 2796 3608 sermonem
2851 3554 3149 3610 transtulit.
3190 3554 3366 3612 Testis

1795 3640 1909 3709 ipse
1947 3637 2009 3692 1).
2046 3639 2343 3710 Gregorius
2374 3641 2467 3696 lib.
2502 3658 2569 3705 ι,
2602 3644 2761 3711 epist.
2804 3642 2894 3698 22.
2931 3642 3172 3699 Primum
3218 3646 3363 3702 hunc

1792 3730 1968 3801 ipsum
2004 3731 2222 3795 librum,
2256 3747 2417 3803 quem
2464 3732 2687 3804 Ὀδηγὸν
2728 3735 3026 3805 inscripsit.
3076 3736 3364 3791 elucubra-

1790 3823 1903 3890 vit;
1963 3823 2119 3891 cuius
2178 3825 2236 3878 tit
2291 3825 2496 3880 mentio
2551 3827 2691 3896 apud
2741 3825 3100 3898 Nicephorum
3148 3845 3363 3901 quoque

1790 3915 1886 3969 lib.
1924 3930 2077 3982 xviii,
2126 3930 2246 3984 cap.
2287 3915 2376 3969 ιι.
2429 3915 2589 3970 Ratio
2636 3918 3013 3988 inscriptionis
3069 3929 3183 3985 est.
3237 3921 3365 3991 quia

1789 4007 2113 4063 orthodoxis
2176 4008 2630 4063 commentarium
2665 4009 2811 4066 hunc
2857 4010 3013 4080 quasi
3043 4010 3235 4065 ducem
3261 4010 3367 4067 du-

1793 4110 2108 4171 ctoremque
2168 4101 2269 4156 vite
2315 4101 2569 4172 cupiebat
2611 4117 2756 4167 esse,
2812 4117 2881 4157 ne
2937 4103 2992 4157 in
3042 4104 3267 4174 laqueos
3312 4114 3369 4159 et

1790 4195 1924 4249 retia
1955 4194 2368 4260 haereticorum,
2401 4195 2697 4265 praesertim
2726 4210 2916 4251 eorum
2972 4198 3065 4267 qui
3098 4199 3359 4251 Severum

1790 4286 2161 4351 sectabantur,
2197 4286 2519 4341 inciderent.
2545 4284 2680 4340 Nam
2709 4295 2854 4342 totus
2883 4286 3019 4342 liber
3054 4287 3187 4340 nihil
3214 4286 3363 4343 aliud

1788 4378 2054 4444 continet,
2082 4393 2248 4448 quam
2278 4379 2697 4434 instructionem
2722 4388 2776 4435 et
2808 4378 3225 4441 institutionem.
3253 4395 3365 4449 quo

1788 4481 1947 4540 pacto
1997 4470 2518 4526 fraudulentissimus
2579 4468 3000 4525 Severianorum
3052 4471 3262 4526 technte
3310 4479 3365 4525 et

1787 4561 2016 4616 fallacias
2071 4562 2229 4616 vitari
2288 4561 2542 4616 debeant.
2591 4558 2657 4614 Et
2713 4560 2842 4614 hinc
2906 4559 3091 4615 itidem
3156 4559 3362 4630 liquido

1784 4664 2104 4718 cognosces,
2152 4663 2318 4717 quam
2374 4648 2605 4718 impigre
2640 4658 2694 4702 et
2736 4648 3104 4718 imperterrite
3131 4649 3365 4704 Anasta-

1787 4740 1903 4795 sius
1950 4756 2073 4796 cum
2128 4740 2215 4795 his
2271 4740 2554 4807 monstris,
2595 4740 2653 4795 in
2698 4739 2931 4812 ASgypto
2970 4743 3358 4811 potissimum,

1786 4847 2111 4905 congressus
2157 4832 2342 4888 fuerit.
2401 4832 2471 4887 At
2508 4847 2620 4903 quo
2667 4842 2907 4902 tempore
2957 4833 3099 4889 hunc
3139 4834 3359 4903 ὀδηγδν

1785 4928 1980 4997 (quem
2003 4939 2127 4979 cum
2149 4924 2545 4980 recentioribus
2573 4923 2931 4994 quorumdam
2956 4923 3217 4979 librorum
3241 4927 3359 4994 epi-

1784 5021 2006 5092 graphis
2055 5028 2201 5075 recte
2245 5018 2477 5076 fortasse
2538 5019 2902 5075 nominaveris
2951 5016 3100 5073 Vsus
3156 5035 3356 5083 uscuu.

1785 5114 1832 5168 si
1864 5113 2046 5167 minus
2076 5112 2229 5179 scite,
2260 5121 2499 5167 attamen
2534 5114 2695 5177 vere)
2728 5112 3073 5167 elaboravit?
3113 5110 3229 5167 Nisi
3272 5129 3360 5169 me

1784 5206 2095 5275 conjectura
2143 5205 2197 5259 in
2252 5220 2490 5260 errorem
2547 5204 2727 5269 ducit,
2780 5214 2907 5260 ante
2952 5206 3354 5275 episcopatum.

1782 5315 1908 5355 cum
1942 5299 2121 5352 adhuc
2152 5299 2206 5351 in
2256 5307 2437 5353 monte
2485 5296 2615 5351 Sina
2648 5298 2977 5351 monachum
3014 5308 3217 5367 ageret.
3253 5296 3355 5352 Cui

1781 5390 2063 5462 probando
2118 5405 2225 5444 non
2268 5403 2435 5458 pauca
2490 5399 2807 5458 argumenta
2860 5398 3113 5459 suggeret
3167 5388 3354 5443 lectori

1784 5484 1901 5553 ipsa
1965 5481 2090 5536 libri
2157 5481 2354 5547 lectio;
2423 5496 2546 5552 quae
2609 5479 2893 5535 brevitatis
2956 5496 3118 5536 causa
3184 5481 3356 5541 silens

1781 5584 2061 5645 praetereo.

1855 5689 2082 5744 Exstant
2107 5685 2348 5754 ejusdem
2382 5686 2649 5742 Anastasii
2668 5687 2720 5741 in
2742 5685 3102 5741 Hexaemeron
3130 5686 3248 5741 libri
3280 5701 3351 5741 xi.

1785 5782 1936 5838 Errat
1963 5781 2107 5836 enim
2134 5777 2321 5836 Sixtus
2352 5779 2629 5836 Senensis.
2656 5779 2745 5849 qui
2772 5794 2905 5849 opus
2940 5780 3040 5835 hoc
3068 5774 3354 5834 Anastasio
