4164 6434
739 401 809 467 31
863 428 867 437 ’
2133 410 2357 473 BREVI

2434 414 2615 478 RIUM
3923 421 3993 483 32

743 517 1047 569 successori
1100 518 1262 585 hujus
1311 522 1482 573 uestri
1547 520 1819 576 Anastasii
1870 523 2077 578 tribuit.
2132 523 2320 578 Potius

742 609 1075 661 credendum
1112 608 1313 680 Glycaz,
1344 621 1400 665 et
1437 612 1579 679 aliis,
1610 614 1703 681 qui
1736 613 1953 667 nomine
1993 612 2214 668 Sinaita:
2241 614 2319 669 ci-

742 709 877 752 tant.
939 699 1177 753 llabctnr
1223 701 1410 757 Graece
1461 705 1513 757 in
1544 704 1871 759 bibliotheca
1906 704 2163 759 Bavarica
2194 705 2317 760 cod.

740 783 868 848 9.02.
898 803 952 844 et
989 794 1112 845 cod.
1165 794 1292 848 ΞΗ.
1332 794 1395 849 ll.
1434 795 1509 849 De
1545 798 1700 850 rectis
1736 796 1864 866 ﬁdei
1910 798 2197 852 Catholica:
2230 798 2322 850 do-

744 884 1004 950 gmatibus
1033 885 1175 948 libri,
1199 902 1292 939 seu
1321 888 1597 941 orationes
1626 905 1676 950 ν,
1706 889 2001 957 interprete
2031 889 2324 944 Godel'rido

745 971 1051 1027 Tihnanno.
1085 973 1312 1029 Easdem
1342 976 1469 1030 olim
1511 977 1806 1032 Latinitate
1837 981 2064 1034 donavit
2096 978 2324 1033 Franci-

745 1081 872 1117 scus
894 1064 1217 1120 Turrianus.
1243 1066 1349 1120 Sed
1371 1070 1547 1121 versio
1566 1070 1687 1137 ejus
1709 1070 1938 1124 necdum
1962 1072 2096 1125 vidit
2125 1071 2321 1124 lucem.

743 1154 959 1210 Videbit
989 1158 1285 1227 aliquando
1313 1175 1435 1213 cum
1461 1159 1753 1215 Theodoro
1790 1164 2108 1232 presbytero
2136 1161 2326 1214 Laurae

744 1248 968 1313 llaithn,
1007 1254 1167 1319 cujus
1219 1254 1687 1323 προπαρασκευὴν
1726 1255 1990 1309 adversus
2042 1254 2326 1307 haereticos

743 1342 884 1393 idem
922 1331 1227 1397 Turrianus
1273 1342 1567 1398 Latinitate
1615 1345 1856 1400 donavit.
1902 1344 1990 1401 lll.
2047 1344 2234 1399 Oratio
2266 1350 2327 1397 de

742 1449 898 1486 sacra
932 1431 1279 1487 Eucharistia
1315 1445 1362 1489 et
1395 1436 1459 1488 de
1497 1453 1602 1489 non
1630 1437 1948 1498 iudicando,
2001 1436 2164 1506 deque
2193 1437 2328 1489 obli-

742 1525 890 1575 vione
918 1522 1265 1591 injuriarum.
1308 1524 1395 1579 IV.
1434 1525 1623 1583 Oratio
1658 1543 1748 1579 seu
1784 1526 2020 1579 Mamilia
2044 1528 2094 1579 in
2122 1535 2326 1578 sextum

745 1611 1048 1675 Psalmum,
1076 1616 1235 1684 cujus
1263 1618 1509 1669 meminit
1538 1615 1877 1685 Nicephorus
1908 1617 2000 1671 lib.
2024 1632 2153 1670 xvni
2180 1618 2325 1670 Hist.

745 1706 1066 1766 ecclesiasl.,
1116 1721 1237 1774 cap.
1293 1706 1379 1761 44.
1445 1706 1743 1777 Utramque
1810 1708 1981 1762 edidit
2045 1706 2230 1760 Graece
2277 1715 2330 1759 ct

750 1792 943 1847 Latine
978 1794 1035 1848 Ι).
1069 1794 1339 1850 Henricus
1365 1796 1621 1852 Canisius
1651 1808 1800 1850 tomo
1833 1795 1894 1849 Iil
1924 1798 2098 1865 Antiq.
2132 1794 2276 1848 Lect.

823 1887 866 1937 Α
908 1886 1198 1940 rollectore
1247 1887 1593 1942 Bibliotheca:
1651 1888 1750 1942 SS.
1807 1888 2030 1941 Patrum
2086 1903 2327 1942 comme-

748 1992 1035 2033 morantur
1062 1981 1177 2034 liasc
1216 1980 1577 2035 Anastasiana
1615 1982 1838 2035 inedita.
1873 1980 2060 2034 Oratio
2108 1981 2177 2033 ad
2216 1982 2328 2034 An-

750 2077 1044 2138 tiochenos,
1080 2076 1131 2128 in
1164 2076 1418 2145 ingressu
1452 2093 1553 2131 suo
1590 2078 1658 2131 ad
1698 2077 2070 2145 episcopatum
2105 2077 2327 2146 scripta,

747 2169 814 2219 de
843 2182 949 2234 qua
988 2165 1349 2234 Nicephorus.
1385 2166 1573 2221 Oratio
1600 2168 1989 2236 paciﬁcatoria,
2035 2184 2196 2234 quam
2234 2169 2332 2221 tri-

749 2258 957 2322 gt-simo
983 2258 1145 2311 tertio
1170 2273 1315 2311 anno
1343 2258 1398 2311 in
1422 2259 1604 2312 sedem
1627 2275 1781 2313 suam
1806 2261 2093 2315 restitutus
2120 2261 2329 2316 habuit.

753 2351 828 2402 De
862 2365 967 2418 qua
1004 2350 1144 2404 idem
1184 2349 1545 2420 Nicephorus.
1588 2353 1666 2405 Ad
1703 2354 2034 2423 interrogata
2066 2365 2333 2408 monaste-

749 2445 951 2494 riorum
1013 2443 1199 2509 prima:
1249 2452 1297 2495 et
1332 2443 1576 2497 secundae
1622 2442 1795 2513 Syria:
1837 2447 2218 2513 responsiones.
2254 2446 2334 2498 Ad

748 2534 1099 2587 Antiochenos
1145 2536 1563 2603 συντακτήριον,
1619 2550 1738 2598 seu,
1803 2538 1866 2589 de
1913 2536 2221 2602 disciplina.
2258 2536 2334 2589 De

749 2624 1145 2679 constructione
1165 2625 1394 2678 hominis
1417 2627 1542 2679 libri
1563 2627 1688 2679 duo.
1708 2626 2095 2699 Contemplatio
2112 2629 2334 2698 mystica

748 2719 1054 2787 passionum
1083 2716 1308 2774 Christi.
1346 2716 1665 2770 Encomium
1693 2716 1934 2788 Egypti.
1967 2718 2209 2785 Qumstio
2236 2719 2336 2770 ad-

748 2828 927 2865 versus
955 2828 1041 2866 eos
1068 2812 1157 2881 qui
1186 2813 1241 2864 in
1268 2812 1458 2865 divinis
1495 2812 1676 2864 dicunt
1718 2822 1821 2865 tres
1846 2813 2124 2865 essentias.
2151 2810 2336 2865 Oratio

750 2906 814 2956 de
843 2901 1268 2968 Rcsurrectione,
1302 2902 1467 2972 Quam
1500 2918 1643 2973 saepe
1677 2904 1804 2957 citat
1838 2902 2054 2973 Glycas.
2105 2900 2216 2956 Nec
2254 2910 2338 2954 est

751 2997 842 3050 illa
901 3013 1021 3066 qua:
1069 2998 1320 3065 quintum
1372 2996 1569 3049 librum
1617 2996 1684 3050 de
1725 2997 1889 3049 rectis
1940 2996 2063 3049 ﬁdei
2105 2996 2334 3064 dogma-

752 3089 900 3143 tibus
933 3088 1181 3153 conﬁcit;
1245 3102 1366 3142 cum
1414 3088 1531 3142 loca
1580 3102 1700 3157 quae
1742 3085 1938 3157 Glycas
1979 3087 2111 3141 citat
2154 3086 2209 3139 in
2270 3100 2333 3139 ea

752 3199 859 3238 non
888 3184 1256 3237 inveniantur.
1292 3182 1481 3237 Oratio
1511 3183 1573 3237 de
1597 3183 2071 3252 transﬁguratione
2099 3181 2333 3234 Domini.

754 3273 970 3327 Citatur
1002 3274 1295 3342 aliquoties
1320 3289 1350 3327 a
1374 3272 1585 3327 Joanne
1618 3273 1996 3344 Cyparissioto
2027 3272 2237 3327 Decade
2263 3289 2335 3334 γι,

752 3382 874 3435 cap.
909 3366 963 3430 tl,
1001 3366 1055 3427 5,
1091 3365 1145 3419 7.
1177 3365 1435 3434 Ejusdem
1465 3366 1769 3418 orationem
1796 3365 1851 3415 in
1883 3380 2067 3417 novam
2099 3362 2339 3416 Domini-

754 3475 870 3510 cum
890 3459 1010 3510 etin
1030 3456 1339 3525 Apostolum
1358 3456 1647 3519 Thomam,
1667 3457 1799 3511 citat
1820 3455 2193 3509 Damascenus
2214 3469 2339 3508 ora-

757 3554 905 3602 tione
932 3549 1089 3601 tertia
1114 3549 1179 3601 de
1200 3547 1561 3616 Imaginibus.
1596 3548 1653 3599 ln
1672 3546 1908 3607 concilio
1927 3546 2098 3599 altero
2123 3542 2341 3598 Nicaano

756 3650 864 3694 act.
898 3641 954 3701 4,
993 3641 1200 3693 mentio
1237 3638 1295 3693 lit
1344 3638 1635 3693 sermonis
1665 3637 1728 3692 de
1778 3635 2131 3702 Sabbato,.15.
2169 3634 2343 3689 l‘atris

757 3730 1035 3783 Anastasii
1088 3730 1156 3783 ad
1193 3728 1504 3783 Simeonem
1536 3729 1857 3797 episcopum
1888 3725 2212 3781 Bostrorum
2239 3742 2254 3791 ;
2290 3733 2347 3779 et

756 3823 1013 3891 epistolae,
1050 3837 1146 3892 per
1180 3838 1341 3891 qnam
1378 3821 1670 3891 respondet
1697 3820 1914 3876 cuidam
1943 3819 2009 3874 ad
2048 3817 2347 3873 dubitatio-

2425 543 2545 582 nem
2578 529 2892 597 quamdam,
2922 545 2989 584 ex
3012 540 3126 599 qua
3144 531 3386 599 expediri
3416 532 3686 600 cupiebat.
3715 530 3997 586 Sermonis

2421 622 2484 674 de
2546 620 2783 676 Sabbato
2828 621 3075 677 meminit
3130 624 3296 677 etiam
3338 622 3708 679 Damascenus
3751 626 4001 680 oratione

2423 718 2599 773 tertia.
3098 716 3106 722 ’
3951 725 3960 732 ·

2497 832 2553 886 1η
2589 830 2777 885 codice
2802 831 3144 901 Augustano,
3176 847 3336 901 quem
3365 847 3533 902 supra
3561 832 3797 897 laudavi,
3841 840 3896 886 et
3943 832 4005 885 in

2424 940 2535 995 quo
2582 923 2805 993 Ὀδηγὺς
2863 922 3034 985 inest,
3100 922 3411 977 continetur
3477 923 3640 976 etiam
3706 922 3809 977 sub
3851 922 4002 975 Ana-

2426 1013 2576 1068 stasii
2598 1013 2835 1094 episcopi
2854 1012 3256 1081 'l‘heopolitani,
3283 1027 3376 1066 seu
3396 1011 3746 1077 Antiocheni,
3780 1010 4005 1065 nomine

2438 1107 2727 1176 Ἐξήγησις
2760 1103 3015 1175 περὶτῶν
3046 1105 3104 1156 ἐν
3128 1104 3348 1174 Περσίδι
3382 1102 3768 1173 πραχθέντων⁹
3792 1101 4005 1156 Relatio

2426 1198 2489 1250 de
2524 1207 2677 1248 rebus
2726 1196 2881 1263 gestis
2932 1196 2988 1247 in
3041 1193 3263 1260 Persia,
3311 1195 3568 1248 nimirum
3619 1194 3687 1247 de
3730 1193 4005 1262 discepta-

2430 1288 2575 1341 tione
2605 1286 3045 1341 Christianorum
3084 1286 3376 1353 praesulum
3417 1300 3540 1338 cum
3576 1284 3830 1348 ethnicis,
3856 1281 4008 1338 Gm-

2427 1380 2507 1432 cis
2530 1417 2545 1441 ,
2568 1386 2623 1430 et
2651 1374 2872 1440 Judaeis,
2894 1375 3077 1445 judice
3095 1374 3518 1444 Aphrodiasino,
3547 1373 3688 1441 regis
3712 1371 4005 1426 Persarum

2427 1467 2825 1535 archimagiro;
2875 1468 2962 1521 cui
3012 1468 3175 1520 etiam
3212 1480 3271 1520 se
3308 1465 3633 1518 Anastasius
3689 1462 4011 1518 interfuisse

2428 1560 2599 1637 dicit;
2645 1569 2699 1613 et
2747 1557 2965 1627 quidem
3012 1558 3189 1611 solum
3233 1571 3299 1611 ex
3339 1554 3570 1609 Romani
3632 1555 3847 1623 imperii
3891 1554 4011 1623 epi-

2431 1652 2631 1719 sc0pis.
2672 1648 2775 1704 Sed
2813 1649 2990 1703 oratio
3026 1648 3119 1701 illa
3150 1648 3258 1701 olet
3291 1648 3480 1703 nescio
3509 1647 3642 1716 quid
3675 1645 4011 1711 fabularum,

2434 1750 2492 1793 ut
2521 1738 2737 1792 difﬁcile
2769 1737 2977 1792 creditu
3007 1737 3098 1801 sit,
3146 1750 3212 1790 ex
3260 1735 3538 1791 Anastasii
3587 1736 3760 1790 nostri
3794 1734 4009 1788 oﬂicina

2434 1831 2719 1899 prodiisse.
2740 1827 3169 1883 Exseribeudum
3187 1826 3404 1895 quidem
3424 1826 3671 1881 Graecum
3693 1836 4008 1880 contextum

2432 1936 2495 1974 ex
2540 1919 2866 1989 Augustano
2891 1917 3189 1986 exemplari
3221 1932 3564 1979 curaveram,
3611 1928 3664 1971 et
3709 1918 3775 1969 ad
3805 1917 4013 1970 versio-

2435 2027 2555 2064 nem
2594 2026 2680 2063 me
2716 2010 3098 2073 accinxeram;
3151 2007 3245 2064 sed
3290 2008 3635 2062 multitudine
3684 2007 4009 2061 mendorum

2434 2113 2488 2157 et
2532 2103 2837 2157 fabularum
2887 2101 3149 2165 oﬂ‘ensus,
3203 2102 3362 2157 retuli
3403 2102 3634 2169 pedem;
3687 2113 3864 2168 neque
3915 2099 4026 2151 ulli-

2434 2207 2567 2269 puto
2611 2198 2755 2251 hanc
2792 2196 3041 2267 διήγησιν
3070 2194 3185 2249 fore
3222 2194 3485 2265 perviam,
3530 2193 3634 2246 nisi
3674 2189 4017 2246 emendatio-

2436 2305 2572 2353 rem,
2615 2301 2712 2342 aut
2745 2289 2931 2358 plures
2956 2287 3362 2356 manuscriptos
3393 2284 3610 2340 codices
3633 2282 3901 2351 acquirat.

2508 2400 2739 2467 Scripsit
2785 2400 2926 2453 idem
2997 2397 3318 2452 Anastasius
3378 2396 3620 2460 librum,
3675 2409 3741 2446 an
3807 2390 4018 2445 libros?

2437 2498 2629 2544 contra
2669 2487 2938 2542 Joannem
2964 2486 3326 2555 Pbiloponum
3349 2527 3364 2551 ,
3393 2485 3484 2554 qui
3522 2498 3621 2553 pro
3654 2482 3839 2537 Severi
3866 2488 4017 2535 secta

2437 2590 2492 2635 et
2523 2580 2737 2648 placitis
2777 2577 3096 2646 vulgaverat
3133 2576 3333 2629 librum
3361 2576 3547 2628 decem
3577 2573 3832 2641 capitulis
3862 2587 4020 2626 com-

2437 2672 2791 2742 prehensum,
2836 2677 2974 2723 teste
2999 2666 3309 2736 Nicephoro
3340 2667 3435 2719 lib.
3466 2682 3598 2722 xvur
3627 2664 3769 2719 Hist.
3805 2663 4018 2722 eccles..

2439 2777 2559 2830 cap.
2589 2761 2679 2826 47,
2715 2774 2876 2828 quem
2906 2757 3293 2826 indigitaverat
3320 2754 3622 2825 διαιτητὴν,
3654 2754 3756 2809 hoc
3795 2764 3898 2819 est,
3928 2770 4022 2807 ar-

2441 2854 2638 2905 bitrum
2670 2852 2753 2905 vel
2772 2850 3045 2919 judicem;
3075 2847 3128 2900 in
3162 2862 3269 2916 quo
3300 2844 3632 2915 Philoponns
3653 2843 4018 2898 Palaamonem

2440 2946 2731 3017 quemdam
2756 2945 2986 3014 agebat,
3016 2951 3069 2995 et
3092 2950 3275 3010 partes
3305 2937 3683 2992 discordantes
3712 2936 3763 2987 in
3792 2948 4023 2988 concor-

2443 3040 2589 3093 diam
2639 3036 2885 3105 redigere
2926 3033 3146 3086 volebat
3187 3030 3342 3085 irrito
3384 3037 3613 3093 conatu;
3644 3041 3835 3094 neque
3872 3025 4021 3078 enim

2440 3129 2676 3183 haereses
2715 3141 2813 3195 per
2851 3124 3107 3187 haereses,
3159 3134 3486 3186 erroresque
3523 3132 3619 3187 per
3665 3129 3881 3169 errores
3932 3129 4021 3165 se-

2440 3221 2676 3283 dantur;
2713 3215 2857 3286 quod
2876 3222 2927 3268 et
2950 3213 3054 3267 hoc
3088 3222 3331 3279 tempore
3362 3223 3392 3261 a
3422 3206 3699 3260 nonnullis
3720 3206 4027 3274 διαιτηταῖς

2444 3320 2710 3365 tentatum
2736 3306 2998 3369 vidimus,
3034 3318 3140 3356 non
3161 3301 3371 3370 majore
3398 3312 3677 3353 successu.
3706 3296 3843 3349 Hinc
3866 3311 4025 3349 euin-

2443 3403 2568 3457 dem
2593 3403 2789 3454 librum
2812 3400 2976 3453 etiam
2999 3397 3125 3466 περὶ
3142 3394 3409 3457 ὲνώσεως,
3432 3392 3494 3446 de
3515 3392 3708 3445 unione
3726 3390 3996 3457 inscripse
4011 3418 4028 3429 -

2442 3506 2547 3560 rat,
2575 3505 2711 3549 teste
2744 3492 3069 3562 Nicephoro.
3113 3489 3269 3543 Hunc
3298 3488 3497 3540 librum
3526 3500 3647 3538 cum
3688 3484 3777 3537 alii
3817 3480 4027 3535 refuta-

2444 3600 2615 3652 runt,
2668 3598 2782 3641 tum
2829 3585 3153 3641 Anastasius
3210 3588 3426 3644 uoster;
3488 3580 3644 3650 cujus
3718 3576 4030 3631 lucubratio

2449 3683 2700 3747 utinam,
2758 3679 2805 3733 si
2847 3679 3063 3749 penitus
3120 3692 3228 3732 non
3283 3675 3477 3747 periit,
3540 3689 3605 3728 ex
3672 3670 3911 3725 tenebris
3974 3667 4029 3719 in

2448 3776 2646 3841 lucem,
2678 3773 3023 3827 educeretur.

1555 4407 2048 4469 BREVIARIUM
2112 4405 2309 4465 VIT/E
2362 4403 2461 4462 ET
2513 4399 2789 4461 RERUM
2834 4394 3252 4457 GESTARUM

1730 4594 2034 4658 Anastasii
2076 4593 2326 4655 Sinaitaa
2368 4574 2738 4671 patriarchas
2778 4581 3177 4647 Antiocheni.

1998 4778 2270 4843 (Gretser.,
2295 4779 2480 4840 Opp-t.
2520 4775 2642 4834 XIV,
2685 4771 2836 4831 461.)-

846 5011 894 5070 Ι.
942 5008 1034 5069 Fit
1076 5006 1416 5086 episcopus
1445 4999 1871 5063 Antiochenus
1901 5013 2071 5059 anno
2109 4992 2335 5055 Christi
2392 5009 2565 5053 anr.

846 5138 921 5197 ll.
969 5137 1305 5214 Repugnat
1333 5129 1647 5209 intrepide
1677 5125 1977 5190 haeretica
2008 5124 2214 5186 edicto
2249 5119 2584 5183 Iustiniani
2620 5115 3021 5198 imperatoris
3056 5131 3225 5177 anno
3273 5112 3494 5176 Christi
3546 5130 3757 5174 eum.
3792 5114 3874 5173 De
3914 5130 4046 5190 quo

773 5239 913 5314 lege
960 5235 1294 5312 Evagrium
1333 5231 1442 5293 lib.
1488 5249 1574 5303 ιγ,
1622 5246 1762 5308 cap.
1803 5226 1901 5288 38.

848 5368 951 5426 lll.
997 5365 1089 5425 Ab
1120 5362 1255 5442 ejus
1305 5359 1545 5440 judicio
1604 5356 1816 5419 caeteri
1859 5352 2195 5417 orthodoxi
2241 5348 2640 5431 pendebant,
2702 5353 2862 5411 teste
2904 5343 3206 5422 Evagrio,
3267 5342 3414 5421 quia
3455 5345 3515 5399 et
3559 5336 3932 5399 sanctissimi
3984 5346 4047 5396 et

771 5464 1120 5529 doctissimi
1170 5464 1335 5524 fama
1384 5460 1836 5522 celebrabatur.

853 5587 951 5647 ιν.
1004 5588 1067 5646 [n
1100 5583 1391 5645 exsilium
1443 5580 1689 5659 ejicitur
1736 5596 1771 5640 a
1819 5578 2065 5639 Justino
2106 5576 2487 5655 imperatore
2554 5592 2721 5635 anno
2768 5568 2986 5636 Christi
3042 5582 3289 5639 anxu,
3334 5564 3525 5647 idque
3582 5560 3939 5620 invidorum
3990 5567 4051 5619 et

781 5688 1306 5750 calurnnialorum
1348 5683 1577 5745 studio.
1622 5680 1888 5743 Consule
1928 5678 2255 5756 Evagrium
2288 5678 2397 5739 lib.
2434 5696 2493 5748 ν,
2539 5694 2675 5754 cap.
2715 5676 2770 5733 6.

863 5805 929 5863 V.
975 5804 1241 5866 Sanctus
1294 5801 1635 5879 Gregorius
1685 5802 1950 5879 Magnus
1991 5798 2205 5861 institit
2254 5797 2417 5876 apud
2471 5797 2936 5874 imperatorem,
2995 5798 3057 5851 ut
3090 5786 3445 5851 Anastasius
3476 5783 3605 5847 sedi
3641 5776 4052 5841 Antiochense
