4164 6434
1329 399 1517 460 HTE
1557 400 1616 459 S.
1659 398 2076 462 ANASTASII.
3267 401 3337 465 3‘.

157 519 554 587 restitueretur,
595 523 788 594 utque
817 513 1052 574 interea
1095 512 1240 574 dum
1275 529 1372 572 res
1409 515 1757 583 conticitur,
1802 515 2014 572 Romae
2047 517 2277 574 versari
2316 517 2799 594 permitteretur.
2835 519 3014 578 Anno
3047 517 3318 577 Redem-

156 613 314 693 ptoris
340 631 470 674 nxc.
505 615 655 676 \‘ide
686 616 1010 692 epistolam
1043 614 1077 675 6
1102 615 1238 676 libri
1271 613 1454 693 primi
1477 614 1670 692 Epist.
1693 615 1884 674 sancti
1907 615 2211 691 Gregorii,
2238 616 2340 694 qui
2371 619 2643 696 acceptis
2670 620 2747 680 ab
2770 616 3086 680 Anastasio
3119 615 3336 679 litteris

154 714 366 775 miriﬁce
393 732 456 776 se
485 715 861 778 oblectatum
900 723 1172 778 testatur.
1203 713 1575 794 Epistoiam,
1624 713 1846 793 inquit,
1889 713 2291 776 beatitudinis
2323 726 2540 777 vestrm
2568 725 2634 776 ut
2665 718 2862 795 fessus
2901 716 3200 796 requiem,
3231 735 3299 775 sa

153 815 302 876 (utrm
335 836 507 897 ager,
537 820 773 894 fontem
803 821 1041 891 sitiens,
1077 837 1236 898 (egrr
1271 825 1534 876 mstuans
1563 818 1796 896 accepi,
1835 824 1953 879 etc.

209 942 290 1001 VI.
332 943 678 1022 Becuperat
716 943 930 1004 sedem
962 960 1134 1004 suam
1168 939 1616 1002 Antiochenam
1653 957 1821 1001 anno
1852 941 2064 1001 salutis
2107 957 2276 1000 nxcv

208 1069 313 1130 VII.
355 1067 705 1128 Gratulatur
735 1067 822 1128 illi
860 1075 1108 1128 sanctus
1135 1064 1469 1142 Gregorius
1497 1064 1778 1140 Magnus.
1817 1063 1970 1125 Vide
2004 1063 2112 1125 lib.
2145 1081 2209 1124 ιν
2238 1063 2528 1142 Registri,
2559 1064 2741 1144 epist.
2791 1063 2888 1124 3'1.

210 1192 339 1251 VIII.
376 1189 732 1251 Anastasius
765 1196 996 1250 rectam
1025 1189 1394 1252 sententiam
1425 1188 1503 1251 de
1535 1190 1940 1268 processione
1977 1188 2240 1269 Spiritus
2269 1189 2463 1251 sancti
2495 1205 2572 1250 ex
2609 1190 2786 1250 Patre
2830 1195 2889 1250 et
2914 1188 3071 1250 Filio
3102 1196 3328 1251 tuetur.

151 1293 270 1353 Vide
306 1293 525 1352 Baron.
578 1306 744 1351 anno
774 1307 992 1364 nxcur,
1042 1308 1105 1352 n.
1149 1288 1243 1351 47.

204 1414 290 1476 IX.
328 1413 590 1493 Scripsit
618 1413 694 1475 ad
738 1421 1018 1476 sanctum
1055 1415 1421 1493 Gregorium
1450 1416 1764 1492 Magnum,
1799 1422 1859 1476 et
1891 1414 2376 1477 controversiam
2409 1413 2488 1476 de
2521 1412 2774 1476 nomine
2808 1414 3176 1477 universalis
3207 1432 3334 1476 non

144 1518 268 1578 adeo
305 1516 508 1593 magni
544 1517 833 1579 mstimat.
881 1521 1058 1580 Anno
1091 1519 1302 1596 gratim
1339 1536 1574 1580 nxcvu.

203 1646 261 1704 Χ.
291 1646 576 1706 Illonetur
602 1646 958 1707 Anastasius
992 1665 1026 1708 a
1072 1653 1286 1709 sancto
1324 1648 1624 1726 Gregorio
1702 1649 1779 1710 de
1825 1666 2006 1710 causa
2053 1647 2308 1710 Joannis
2361 1644 2725 1727 patriarchae
2769 1642 3333 1721 ConstantinOpoli-

142 1748 271 1816 lani,
321 1748 424 1824 qui
477 1747 600 1808 sibi
650 1747 1022 1810 universalis
1065 1749 1552 1829 appellationem
1601 1751 1949 1826 arrogabat.

197 1871 293 1930 XI.
329 1871 583 1933 Librum
621 1873 821 1934 sancti
854 1872 1156 1951 Gregorii,
1188 1872 1298 1952 qui
1333 1871 1656 1934 Pastorale
1688 1870 2068 1941 inscribitur,
2143 1868 2453 1932 transtulit
2495 1869 2848 1932 Anastasius
2897 1885 2972 1930 ex
3019 1865 3231 1927 Latino
3266 1864 3324 1926 in

139 1972 378 2032 Grzecum
417 1989 804 2034 sermonem.
847 1974 1105 2036 Sanctus
1148 1973 1485 2050 Gregorius
1523 1971 1635 2033 lib.
1690 1993 1756 2046 κ,
1810 1973 1992 2052 epist.
2035 1969 2132 2032 22.

196 2093 307 2152 XII.
346 2095 509 2155 Obiit
568 2095 928 2157 Anastasius
998 2111 1164 2157 anno
1215 2094 1455 2156 Domini
1505 2112 1739 2163 nxmx,
1787 2094 1889 2156 cui
1940 2095 2003 2155 in
2063 2093 2506 2172 Martyrologio
2545 2095 2830 2155 Romano
2891 2090 3008 2153 hoc
3059 2087 3332 2163 elog'um

139 2191 352 2266 panitur
396 2193 472 2253 ad
522 2193 689 2255 diem
724 2211 837 2254 xxx
867 2193 1086 2274 Aprilis
1127 2216 1140 2256 :
1173 2194 1538 2268 Antiochirr,
1578 2195 1779 2255 sancti
1823 2193 2143 2254 Anastasii
2174 2195 2454 2268 Sinaitir,
2490 2195 2781 2273 rpisropi.
