4164 6434
779 415 846 478 35

1974 390 2034 446 s.
2080 385 2474 444 axasnsn
2519 339 2865 442 summa

3940 378 4016 439 36

2931 532 3677 557 7"}.ﬁf':
3689 533 3854 554 ’Ὗτ;“-
3861 527 4000 553 ’τὲ

2617 538 2674 546 Ὗ
2687 536 2692 542 ι

2715 534 3110 548 .——-——-—-—-—-—-.,

2643 545 2646 546 ,
2717 545 2771 548 .,,,

1951 696 2172 782 ΤΟΥ
2217 697 2358 782 ΕΝ
2405 695 2770 780 ΑΓΙΟΙΣ

1182 919 2442 1040 ΑΝΑΣΤΑΣΙΟΥ
2586 913 3577 1032 ΣΙΝΑΙΤΟΥ.

1750 1157 2341 1212 ΑΝτιοΧειΑΣ
2402 1154 2965 1220 εηιΣκοηοΥ,

1995 1327 2744 1465 ΟΔΗΓΟΣ.

1218 1806 1351 1933 S.
1488 1801 2543 1932 ANASTASII
2665 1800 3562 1951 SINAITZE,

1947 2060 2279 2122 EPISCOPI
2338 2063 2816 2137 ANTIOCHENI,

762 2284 1148 2434 VUE
1222 2281 1620 2437 DUX
1707 2277 2703 2436 ADVERSUS
2816 2277 4001 2435 ACEPHALOS.

1779 2547 2065 2616 (Gretser.,
2100 2563 2223 2618 opp.
2257 2558 2295 2603 t.
2343 2547 2482 2612 XIV,
2515 2566 2566 2619 p.
2601 2550 2624 2604 l
2655 2548 2740 2602 ed.
2811 2549 2990 2618 1740.)

1264 2854 1398 2924 1-9
1443 2852 1827 2908 l‘lt/EFATD.

831 2969 1102 3041 Rogamus
1127 2969 1357 3026 lectores
1385 2968 1547 3038 hujus
1578 2968 1698 3022 libri
1726 3008 1741 3034 ,
1777 2977 1835 3022 ut
1869 2968 2025 3023 nobis
2055 2970 2338 3041 ignoscant

757 3065 829 3114 ob
866 3065 1044 3116 varias
1076 3060 1442 3115 cor-rectiones
1474 3059 1677 3128 passim
1713 3059 2007 3123 adhibitas,
2039 3071 2092 3115 et
2122 3072 2338 3132 propter

757 3154 1102 3225 tautologias,
1157 3167 1444 3222 rerumque
1475 3160 1528 3205 et
1565 3152 1857 3207 verborum
1889 3154 2206 3211 iterationes
2236 3173 2336 3212 sa!-

758 3250 878 3315 pius
911 3246 1234 3301 commissas
1268 3264 1280 3299 :
1318 3261 1442 3300 nam
1481 3243 1784 3316 frequentia
1822 3249 2206 3318 aegritudinum
2235 3268 2334 3304 no—

757 3347 992 3392 strarum
1043 3350 1151 3390 non
1207 3335 1432 3399 ferebat,
1486 3345 1547 3388 ut
1597 3335 1649 3389 in
1692 3336 1775 3389 his
1823 3352 1923 3405 pro
1961 3339 2129 3392 animi
2163 3342 2333 3394 nostri

757 3429 1028 3485 sententia
1072 3443 1436 3482 versaremur.
1481 3426 1584 3480 Par
1612 3427 1756 3480 enim
1791 3439 1894 3492 est,
1927 3430 2099 3499 utqui
2142 3431 2334 3500 hujus-

757 3524 903 3578 modi
937 3522 1259 3578 Christiana:
1297 3521 1576 3591 religionis
1627 3521 1973 3591 dogmatibus
2000 3525 2333 3594 explicandis

755 3630 976 3685 operam
1004 3624 1163 3669 navat
1189 3654 1204 3679 ,
1233 3615 1414 3668 omnia
1447 3615 1500 3667 in
1533 3615 1750 3669 schedis
1785 3626 2025 3680 annotet,
2062 3619 2331 3688 corrigat,

757 3709 923 3778 inque
959 3722 1151 3762 versus
1189 3706 1517 3776 distinguat;
1545 3715 1599 3760 et
1642 3715 1755 3760 tum
1798 3708 2039 3763 librariis
2070 3711 2335 3766 concinne

754 3809 1089 3865 venusteque
1145 3797 1561 3851 describendum
1619 3798 1816 3852 tradat.
1877 3798 2075 3853 Verum
2135 3810 2188 3854 et
2245 3801 2335 3854 hic

755 3890 1016 3959 segnities
1069 3897 1123 3942 et
1160 3889 1430 3943 lentitudo
1477 3905 1689 3954 eorum,
1749 3890 1841 3960 qui
1899 3907 2006 3945 una
2050 3892 2332 3948 nobiscum

756 3985 1017 4046 sentiunt,
1063 3983 1298 4037 debitam
1345 3982 1638 4052 diligentia:
1686 3991 1740 4038 et
1788 3985 2069 4039 industriae
2116 3986 2330 4041 laudem

757 4076 962 4130 retulit.
1013 4073 1355 4144 Quapmpter
1403 4075 1676 4130 schedula:
1725 4076 1844 4130 loco
1892 4077 2180 4141 tetradem,
2234 4094 2330 4134 seu

755 4166 1164 4236 quaternionem
1187 4166 1654 4234 adepti,eutndem
1689 4167 1740 4220 in
1779 4167 1954 4222 lucem
1979 4168 2326 4238 proferimus.

2361 2863 2406 2918 Α

3018 2854 3416 2906 ΠΡΟΟΙΜΙΟΝ.

2510 2968 2936 3039 Παρακαλοῦμεν
2983 2969 3104 3032 τοὺς
3157 2968 3445 3038 μέλλοντας
3493 2970 3838 3040 ἐντυγχάνειν
3885 2971 4021 3041 τῇδε

2437 3063 2502 3130 τῇ
2542 3060 2705 3129 βίϐλῳ
2730 3058 3058 3130 συγγνώμην
3087 3061 3415 3130 ποιήσασθαι
3438 3062 3528 3112 ἐπὶ
3569 3065 3685 3124 ταῖς
3731 3062 4022 3127 πλείσταις

2437 3153 2494 3204 ὲν
2515 3152 2647 3223 αὐτῇ
2667 3149 3000 3222 διορθώσεσι,
3037 3151 3066 3221 ἢ
3092 3152 3463 3221 ταυτολογίαις
3484 3170 3496 3182 ·
3529 3153 3587 3206 τὸ
3631 3154 3736 3224 γὰρ
3777 3154 4022 3209 ἀδιάλει-

2439 3262 2569 3297 πτον
2584 3247 2690 3298 τῶν
2704 3244 2992 3298 ἀσθενειῶν
3005 3245 3062 3296 οὑ
3088 3245 3435 3317 συγχώρησιν
3460 3249 3588 3316 ἡμῖν
3606 3259 3662 3298 εν
3685 3248 3820 3318 αὐτῇ
3841 3265 4022 3299 κατα-

2439 3339 2647 3407 θυμίως
2705 3336 3034 3407 πράξασθαι.
3085 3341 3177 3390 Δεῖ
3227 3339 3336 3408 γὰρ
3384 3349 3450 3392 τα
3501 3339 3722 3392 τοιαῦτα
3775 3342 4023 3411 Χριστοῦ

2435 3429 2679 3497 δόγματα
2709 3429 3202 3499 προσχιδεύσασθαι
3231 3433 3324 3484 καὶ
3367 3430 3729 3502 διορθοῦσθαι,
3767 3435 3860 3484 καί
3902 3450 4025 3484 στι-

2436 3520 2716 3591 χίζεσθαι,
2749 3523 2839 3574 καὶ
2887 3518 2985 3572 εἷθ’
3037 3521 3206 3584 οὕτως
3238 3522 3748 3593 καλλιγραφεῖσθαι,
3787 3524 3920 3577 ἀλλὰ
3958 3526 4024 3576 τι

2438 3614 2698 3686 ῥᾴθυμον,
2748 3616 2841 3666 καὶ
2884 3614 3116 3682 ὀκνηρὸν
3167 3615 3274 3666 τῶν
3325 3616 3608 3686 ἡμετέρων
3638 3617 4020 3686 ισυμφρόνων,

2435 3706 2602 3776 αὐτὴν
2658 3707 2976 3775 πρέπουσαν
3008 3707 3344 3774 φιλοπονίαν,
3377 3707 3469 3760 καὶ
3526 3708 3762 3779 σπουδὴν
3791 3710 3848 3760 ὲν
3895 3710 4019 3769 τοῖς

2437 3799 2695 3861 τοιούτοις
2749 3799 3034 3868 κέκτηται.
3079 3798 3172 3851 Διὸ
3213 3800 3332 3852 ἀντὶ
3375 3799 3591 3868 σχέδους
3635 3802 3735 3870 τὴν
3777 3800 4024 3869 τετράδα

2436 3891 2775 3959 κατέχοντες,
2815 3888 2986 3951 οὕτως
3010 3889 3324 3959 ὲξεθὲμεθα.
3359 3889 3416 3941 ΕΞ
3447 3890 3503 3941 δὲ
3531 3891 3624 3942 καὶ
3655 3891 3754 3942 οὐκ
3785 3890 3932 3951 εἰκὸς
3960 3892 4025 3942 ἒν

2435 4003 2538 4036 τινι
2583 3983 2744 4050 λόγῳ,
2794 3982 2827 4052 ἦ
2881 3984 3108 4053 νοήματι
3137 3984 3488 4052 ἁπρεςτόντως
3530 3985 3848 4053 εἰρήκαμεν,
3882 4000 4021 4050 συγ-

2435 4076 2659 4144 γνώμην
2706 4074 3023 4144 αἰτούμεθα.
3070 4075 3245 4137 Μόνος
3283 4075 3389 4145 γὰρ
3430 4076 3722 4138 ἄπταιστος
3771 4077 3798 4127 ὁ
3854 4077 4023 4143 μόνος

2434 4169 2583 4231 Θεός.

756 4259 910 4325 Quod
945 4259 988 4311 si
1023 4259 1222 4311 alicubi
1252 4259 1456 4329 aliquid
1485 4259 1844 4328 improbabile
1879 4271 1971 4314 aut
2030 4277 2059 4314 a
2125 4277 2254 4316 vero
2313 4279 2476 4318 sensu
2538 4277 2805 4320 remotum
2850 4264 3110 4327 diximus,
3160 4261 3372 4315 veniam
3413 4276 3728 4331 poscnnus;
3760 4262 4017 4329 quando-

755 4352 972 4423 quidem
997 4350 1146 4404 solus
1182 4349 1324 4404 Deus
1350 4366 1379 4403 a
1411 4351 1562 4420 lapsu
1594 4352 1853 4406 immunis
1882 4363 1984 4407 est.

824 4439 1021 4494 Adhaec
1048 4441 1386 4494 obtestamur
1408 4457 1521 4506 eos,
1549 4442 1641 4510 qui
1673 4442 1870 4496 librum
1899 4442 2043 4497 hunc
2073 4443 2332 4497 transcri-

2507 4441 2648 4512 Πρὸς
2690 4440 2900 4501 τούτοις
2933 4439 3292 4509 δυσωποῦμεν
3324 4439 3414 4492 τὸν
3465 4441 3837 4510 μεταγράφειν
3884 4442 4020 4510 μέλη

754 4532 896 4602 pturi
947 4545 1094 4596 sunt,
1154 4541 1213 4585 ut
1257 4542 1311 4587 et
1355 4534 1560 4587 scholia
1605 4534 1863 4602 adjiciant
1899 4552 1911 4588 :
1967 4545 2332 4605 accentusque

2437 4534 2592 4586 λοντα
2631 4533 2972 4605 παραθέσθαι
3020 4535 3112 4586 καὶ
3151 4533 3218 4585 τὰ
3249 4533 3437 4604 σχόλια
3465 4549 3480 4562 ο
3511 4533 3923 4602 σημειώσασθαι
3959 4534 4022 4586 δὲ

755 4632 1008 4678 accurate
1067 4623 1379 4688 observent,
1422 4633 1476 4677 et
1520 4634 1741 4693 puncta,
1783 4637 1836 4679 et
1879 4628 2236 4695 semipuncta,
2280 4637 2333 4680 et

754 4717 869 4785 ipsa
914 4717 1077 4769 etiam
1127 4715 1351 4775 solaeca,
1394 4731 1487 4769 seu
1536 4717 1834 4771 solcecismi
1897 4719 2168 4787 specimen
2222 4733 2332 4786 pra:

753 4821 812 4860 se
840 4807 1099 4870 ferentia;
1127 4807 1255 4874 quia
1291 4806 1426 4859 alias
1457 4822 1673 4877 quoque
1703 4809 1936 4877 imperiti
1976 4809 2197 4878 quidam
2237 4825 2331 4860 nu-

754 4907 926 4948 strum
975 4893 1343 4964 dogmaticum
1385 4905 1591 4949 tomum
1643 4897 1993 4967 blasphemiis
2040 4900 2093 4952 in
2129 4900 2331 4955 descri-

756 4986 935 5054 ptione
957 4989 1322 5054 oppleverunt.

828 5117 1070 5172 INDEX
1092 5119 1373 5187 EORUJI,
1409 5120 1584 5186 QU/E
1608 5121 2153 5178 CONTINENTUR
2175 5124 2261 5177 IN

757 5212 989 5277 LIBRO,
1011 5212 1139 5277 QUI
1174 5217 1470 5276 ΟΔΗΓΟΣ,
1503 5215 1645 5270 110C
1677 5216 1830 5281 EST,
1871 5216 2008 5270 νΙΑὗ
2041 5217 2178 5271 υυΧ
2215 5217 2330 5271 1N-

1332 5308 1747 5364 SCIUBITUR.

758 5402 796 5454 Ι.
828 5401 1142 5455 Protheoria
1173 5417 1267 5457 seu
1301 5403 1778 5472 praeconsideratio
1807 5403 2006 5468 brevis,
2048 5405 2099 5458 in
2136 5405 2334 5473 quibus

824 5509 884 5548 se
903 5507 1154 5547 exercere
1175 5493 1369 5549 debeat
1386 5495 1472 5549 ille
1494 5513 1507 5561 ;
1533 5497 1624 5566 qui
1647 5497 1712 5551 de
1731 5497 1911 5550 divina
1942 5497 2044 5550 tide
2078 5511 2223 5552 recte
2245 5513 2334 5552 c0-

827 5584 877 5653 gi
887 5593 962 5637 tat
996 5584 1287 5640 disserere.

761 5675 822 5728 li.
871 5672 1220 5730 Delinitiones
1280 5677 1594 5750 dogmatica:
1641 5681 1938 5738 secundum
1987 5683 2332 5739 traditionem

830 5768 1275 5826 ecclesiasticam.

2435 4625 2709 4694 ἐπιμελῶς
2759 4627 2850 4676 καὶ
2893 4625 3018 4686 τοὺς
3057 4625 3262 4688 τόνους,
3309 4626 3402 4678 καὶ
3443 4625 3697 4694 στιγμὰς,
3746 4627 3839 4678 καὶ
3880 4627 4020 4678 ὑπο-

2436 4719 2688 4787 στιγμας,
2727 4718 2820 4768 καὶ
2853 4719 2920 4770 τὰ
2953 4718 3189 4769 σόλοικα.
3219 4719 3324 4769 Καὶ
3350 4718 3458 4785 γὰρ
3478 4718 3662 4770 ἄλλοτέ
3700 4736 3843 4781 τινες
3871 4719 4024 4770 ἰδιῶο

2433 4828 2520 4862 ται
2537 4812 2988 4880 μεταγράψαντες
3002 4812 3033 4879 ἡ
3045 4810 3158 4880 μῶν
3170 4811 3496 4879 δογματικὸν
3514 4812 3695 4880 τόμον,
3717 4813 3773 4876 ἐξ
3790 4814 4021 4879 ἀγνοίας

2442 4901 2794 4971 βλασφημιῶν
2824 4902 2984 4955 αὑτὸν
3024 4902 3362 4972 ἐπλήρωσαν.

2445 5130 2614 5180 ΊᾺΔΕ
2658 5129 2873 5180 ΕΣΤΙΝ
2920 5128 3021 5180 ΕΝ
3069 5129 3161 5198 Tt]
3204 5129 3418 5196 ιίιΒΛῼ
3472 5130 3561 5197 Τῌ
3603 5130 4025 5198 ΛΕΓΟΜΕΝῌ

3105 5222 3356 5273 ΟΔΗΙὪ.

2442 5401 2517 5456 Α’.
2578 5403 2891 5472 Προθεωρέα
2941 5402 3060 5456 κατ’
3095 5403 3360 5472 ἐπιτομὴν
3406 5396 3479 5456 ὧν
3517 5403 3598 5455 δεῖ
3638 5403 3888 5467 ὲξασκεῖν
3925 5404 4025 5459 τὸν

2509 5498 2636 5566 περὶ
2663 5496 2896 5560 πίστεως
2916 5495 3052 5549 Θεοῦ
3088 5497 3266 5550 λαλεῖν
3285 5497 3464 5560 καλῶς
3493 5496 3833 5567 βουλόμενον.

2444 5678 2515 5728 B'.
2548 5678 2704 5748 Ὀροι
2725 5680 3043 5749 δογματικοὶ
3073 5681 3212 5733 κατὰ
3236 5680 3330 5750 τὴν
3355 5680 3810 5751 ἐκκλησιαστικὴν
3836 5679 4021 5748 παρά-

2514 5769 2680 5822 δοσιν.
