4164 6434
767 394 837 459 39
1961 389 2020 446 S.
2063 386 2340 444 ANASTA

2439 385 2454 442 [
2497 385 2816 446 ΞΙΝΑΙΤᾹΞ
3935 395 3999 457 40

832 518 957 557 cum
994 500 1130 556 Filio
1154 504 1465 557 iniarnatos
1492 518 1632 559 esse.
1673 504 1737 557 At
1771 512 1896 557 ante
1933 500 2003 554 ΞΑ
2035 498 2328 567 capitulum
2359 508 2406 562 Α

835 596 1077 649 invenies
1103 595 1355 649 Scholion
1392 596 1459 649 de
1489 597 1608 650 solo
1638 594 1773 648 Filio
1797 593 1888 647 Dei
1924 594 2224 646 incarnato.

1275 793 1506 851 CAPUT
1541 792 1827 847 PRIMUM.

767 909 955 962 Divina
987 910 1272 978 adjuvantc
1309 919 1505 977 gratia,
1528 908 1898 978 progymnnsia
1939 922 2025 957 seu
2071 921 2333 978 νῖψαι-ετ-

836 980 1017 1030 ritatio
1050 976 1257 1041 ἠὺν-σείς,
1296 976 1558 1031 instruens
1602 976 1877 1047 quemlibet
1918 978 2248 1035 studiosum,
2285 976 2336 1025 in

834 1053 1023 1110 quibus
1068 1066 1178 1102 sese
1219 1066 1489 1107 exercere,
1541 1059 1589 1100 et
1625 1064 1846 1118 quorum
1881 1048 2124 1099 notitiam
2149 1059 2339 1118 parare

830 1121 1035 1173 debeat.
1085 1119 1400 1172 Necessario
1432 1129 1611 1170 autem
1637 1116 1645 1118 ⁷
1671 1119 2012 1188 requiruntur
2046 1116 2336 1183 sequentia.

838 1229 908 1285 Ut
934 1239 1057 1283 ante
1084 1229 1269 1283 omnia
1306 1229 1471 1281 vitam
1502 1231 1784 1281 honestam
1805 1239 2131 1297 gravemque
2154 1223 2336 1285 ducat,

764 1333 817 1377 et
846 1322 1103 1391 Spiritum
1133 1332 1381 1373 sanctum
1412 1319 1644 1372 incolam
1684 1318 1739 1369 in
1774 1316 1955 1369 animo
1983 1314 2195 1367 habeat.

841 1416 909 1469 Ut
938 1412 1303 1476 definitiones,
1350 1412 1620 1479 pra'cipue
1652 1406 1826 1477 magis
1856 1406 2218 1465 necessarias,
2252 1418 2342 1456 ac-

765 1516 947 1562 curate
975 1514 1286 1575 perspectas
1318 1503 1531 1555 habeat.

832 1596 902 1651 Ut
924 1611 1082 1651 sensa
1109 1604 1162 1648 et
1209 1594 1493 1663 opiniones
1522 1591 1963 1646 adversariorum
2008 1588 2338 1642 adamussim

765 1688 922 1750 sciat,
962 1701 1264 1755 eorumque
1296 1685 1497 1755 scripta
1521 1686 1735 1738 evolvat
1768 1702 1782 1738 :
1817 1684 1916 1752 ιι
1966 1683 2157 1736 crebro
2193 1679 2339 1733 enim

754 1796 826 1833 ex
862 1780 994 1849 ipsis
1026 1777 1306 1849 pudelleri,
1340 1787 1394 1831 et
1420 1779 1473 1830 in
1501 1776 1754 1830 ruborem
1795 1776 1911 1827 dati
1944 1783 2219 1843 poterunt.

836 1952 905 2008 Ut
951 1968 1074 2007 cum
1110 1950 1353 2021 profanis
1396 1958 1449 2005 et
1488 1950 1651 2005 fatuis
1698 1952 2044 2021 promiscue,
2081 1960 2134 2003 et
2165 1948 2339 2003 indis-

760 2047 1088 2103 criminatini
1141 2046 1208 2099 de
1279 2044 1549 2114 capitibus
1601 2043 1721 2097 ﬁdei
1799 2043 1853 2096 in
1904 2051 2177 2097 certamen
2208 2058 2336 2111 tnon

760 2140 1070 2201 descendat,
1096 2138 1191 2191 sed
1220 2136 1409 2190 liabito
1439 2138 1669 2202 delectu,
1703 2150 1827 2189 cum
1853 2135 2052 2205 quibus
2080 2142 2138 2189 et
2159 2150 2334 2203 quan-

760 2233 830 2288 do
852 2274 866 2291 .
902 2242 956 2286 et
988 2238 1257 2300 quantum
1298 2238 1533 2299 oportet.

835 2321 903 2377 Ut
941 2336 1159 2374 omnem
1198 2318 1437 2373 divinant
1473 2317 1811 2387 Scripturam
1856 2332 1981 2371 cum
2014 2315 2214 2370 timore
2248 2314 2337 2369 Dei

761 2417 985 2479 lustret;
1035 2429 1140 2468 non
1207 2412 1443 2481 maligna
1504 2422 1683 2465 mente
1745 2411 1838 2465 sed
1894 2411 1945 2463 in
1998 2409 2340 2478 simplicitate

761 2508 941 2563 cordis
974 2525 989 2560 :
1031 2522 1207 2575 neque
1239 2521 1299 2559 ea
1337 2521 1457 2573 qua:
1492 2517 1709 2573 captum
1750 2513 1999 2558 nostrum
2043 2513 2300 2571 superant
2324 2541 2338 2563 ,

760 2616 988 2671 quaeque
1029 2600 1226 2653 divinae
1266 2597 1482 2651 Littera:
1532 2606 1987 2666 suppresserunt,
2030 2594 2260 2650 scrutari
2288 2604 2339 2647 et

761 2702 1100 2749 contrectare
1134 2691 1281 2745 velit.
1332 2688 1447 2743 lloc
1478 2690 1737 2742 nimirum
1771 2699 1880 2754 est,
1921 2707 1939 2739 ι
1968 2686 2041 2743 Os
2071 2703 2180 2742 non
2210 2702 2340 2740 con-

764 2787 999 2855 fringere
1031 2783 1087 2837 ¹ε
1126 2801 1143 2832 ι
1199 2782 1299 2835 hoc
1346 2792 1462 2844 est,
1508 2794 1617 2833 non
1666 2790 1886 2850 tangere
1932 2780 2089 2833 firma
2149 2791 2201 2832 et
2249 2794 2339 2833 so-

762 2878 890 2932 lida.
943 2872 1010 2929 Ut
1051 2888 1172 2944 qua;
1212 2872 1431 2927 delinite
1467 2872 1610 2925 dicta
1674 2878 1839 2934 sunt,
1881 2869 1951 2923 ab
2017 2868 2142 2923 aliis
2175 2870 2341 2922 inter-

764 2978 954 3023 noscat
982 2985 994 3021 :
1043 2977 1098 3020 et
1147 2980 1342 3020 rursus
1363 3005 1378 3029 ,
1416 2979 1536 3033 qua:
1565 2963 1790 3017 abusive
1813 3002 1828 3027 ,
1861 2977 2049 3032 quaeve
2081 2962 2340 3031 simplici-

764 3073 843 3118 ter
878 3078 892 3126 ;
939 3060 1247 3131 cujusmodi
1281 3058 1409 3112 illud
1442 3076 1456 3111 :
1497 3077 1516 3109 ο
1551 3056 1741 3112 Omnis
1775 3059 1940 3111 homo
1971 3055 2198 3110 mendax
2230 3058 2248 3087 ¹
2274 3073 2289 3122 ;
2315 3073 2333 3106 ι

2502 496 2562 548 τὺ
2591 498 2830 567 Πνεῦμα.
2869 498 2979 568 Πρὸ
3002 499 3057 552 δὲ
3089 499 3243 568 φίλου
3270 500 3363 553 τοῦ
3388 500 3484 555 κδ’.
3524 505 3812 573 κεφαλαίου
3845 507 4002 577 εὑρή-

2507 605 2619 651 σεις
2647 589 2852 659 σχόλιον
2882 591 3008 661 περὶ
3035 591 3133 660 τῆς
3170 592 3294 661 μιᾶς
3315 591 3449 644 Θεοῦ
3479 595 3650 661 Λόγου
3686 598 3897 665 φύσεως
3925 616 4005 649 σε-

2509 683 2884 752 σαρκωμένης.

2855 796 2896 847 Κ
2909 795 3247 849 ΕΦΛᾹΑΙΟΝ
3290 798 3583 852 ΠΡΩΤΟΝ.

2439 905 2666 987 lui-1:35
2700 906 2840 987 θεῷ,
2881 913 3298 987 προγυμνασιά
3324 912 3447 963 κατ’
3482 913 3797 987 ἐπιτομὴν,
3828 915 4007 981 ἐμμα-

2508 976 2747 1050 ῖίζοτνςα
2784 978 2898 1050 τὸν(
2920 980 3253 1045 φιλόπονον
3300 982 3430 1049 περὶ
3469 976 3555 1034 ὧν
3585 976 3676 1033 δεῖ
3714 984 3829 1050 πρὸ
3855 976 4007 1036 ἶσαι·-

2509 1061 2626 1097 των
2655 1047 2956 1109 ἐ·ξασιιεῖν,
2990 1050 3089 1102 καὶ
3122 1050 3238 1116 τὴν
3274 1047 3512 1117 εἶδὴσιν
3536 1052 3717 1118 ἔχειν.

2510 1222 2634 1275 ’Ὁτι
2654 1225 2735 1276 δεῖ
2760 1231 3181 1299 προηγουμένως
3213 1230 3324 1298 βίον
3347 1233 3562 1301 σεμνὸν,
3586 1234 3677 1286 καὶ
3701 1234 3760 1286 τὸ
3782 1233 4007 1303 Πνεῦμα

2438 1313 2529 1365 τοῦ
2563 1314 2694 1367 Θεοῦ
2726 1316 2929 1369 ἒνοικον
2964 1319 3125 1387 ἔχειν.

2514 1407 2631 1459 Ὀτι
2662 1407 2740 1459 δεῖ
2770 1410 2894 1472 τοὺς
2919 1411 3207 1481 ὃρους,καὶ
3229 1412 3461 1482 μάλιστα
3494 1415 3617 1478 τοὺς
3648 1417 4010 1483 ἀναγκαιοτέ-

2442 1516 2566 1568 ρους
2598 1500 2921 1554 ἐπίστασθαι
2946 1505 3009 1554 ἐκ
3042 1505 3291 1574 στήθους.

2513 1592 2633 1642 "Ott
2662 1591 2741 1643 δεῖ
2779 1596 3067 1660 γινώσκειν
3094 1598 3235 1649 κατὰ
3261 1596 3548 1669 ἀκρίϐειαν
3580 1597 3650 1650 τὰ
3684 1600 4009 1670 φρονήματα

2439 1679 2547 1733 τῶν
2572 1683 2630 1747 ἐξ
2656 1685 2921 1747 ἐναντίας,
2955 1687 3049 1739 καὶ
3068 1688 3361 1753 ἐγκύπτειν
3380 1693 3499 1752 ταῖς
3516 1691 3719 1742 τούτων
3746 1709 3771 1757 γ
3788 1695 4007 1759 ραφαῖς.

2443 1774 2703 1838 Πολλάκις
2734 1775 2839 1845 γὰρ
2888 1776 2948 1840 ἐξ
2992 1779 3169 1831 αὐτῶν
3197 1781 3393 1843 αὐτοὺς
3438 1782 3817 1851 καταισχύνειν
3844 1783 4007 1836 δυνά-

2369 1851 2412 1906 B
2443 1867 2602 1939 μεθα.

2513 1959 2633 2011 Ὅτι
2662 1959 2724 2013 οὐ
2754 1960 2835 2012 δεῖ
2864 1962 2975 2022 τοῖς
3009 1961 3295 2032 ἀμυήτοις,
3323 1966 3419 2016 καὶ
3442 1966 3669 2037 ἄφροσιν
3698 1968 3834 2031 ὅλως
3880 1984 4008 2020 συν-

2436 2054 2744 2123 τυγχάνειν·
2780 2056 2891 2109 ἀλλ’
2926 2050 3008 2120 οἷς
3048 2057 3174 2128 χρὴ,
3212 2060 3303 2111 καὶ
3343 2058 3432 2111 ὅτε
3481 2057 3610 2128 χρὴ,
3641 2062 3734 2111 καὶ
3764 2060 3873 2128 ὅσῳ
3902 2059 4014 2129 χρὴ

2438 2149 2565 2217 περὶ
2601 2148 2855 2211 πίστεως.

2512 2327 2631 2378 Ὂτι
2660 2326 2740 2378 δεῖ
2771 2326 2905 2394 μετᾶ
2935 2325 3098 2392 φόϐον
3132 2326 3266 2377 Θεοῦ
3298 2326 3448 2396 πάσῃ
3470 2326 3657 2398 Γραφῇ
3685 2328 4013 2395 ἐγκύπτειν,

2443 2419 2515 2488 μὴ
2553 2418 2891 2489 κακούργως,
2943 2418 3060 2472 ἀλλ’
3108 2420 3165 2470 ἐν
3216 2417 3477 2484 ἁπλότητι
3520 2419 3763 2485 καρδὶας.
3802 2420 3923 2471 Ὅτι
3948 2421 4015 2472 οὐ

2438 2511 2518 2561 δεῖ
2567 2510 2636 2562 τὰ
2684 2510 2954 2580 βαθύτερα
2996 2510 3153 2580 ἡμῶν
3216 2509 3487 2580 ψηλαφᾷν,
3538 2511 3655 2563 οὑδέ
3710 2510 3781 2563 τὰ
3820 2527 4017 2565 σεσιω-

2438 2602 2656 2670 πημένα
2713 2606 2779 2672 τῇ
2838 2602 2961 2673 Θείᾳ
3014 2603 3227 2673 Γραφῇ.
3288 2603 3459 2655 Τοῦτο
3518 2605 3626 2674 γάρ
3676 2605 3811 2663 ἐστι,
3852 2622 3871 2655 σ
3917 2605 4018 2675 Μὴ

2440 2695 2743 2763 συντρίϐειν
2775 2694 2984 2759 ὀστοῦν,
3025 2712 3042 2744 ›
3101 2696 3365 2758 τουτέστι,
3406 2713 3424 2745 ι
3485 2694 3558 2763 μὴ
3606 2694 3870 2747 ἅπτεσθαι
3898 2697 4018 2747 τῶν

2441 2786 2693 2855 στερεῶν.
2726 2806 2743 2835 ι
2781 2787 2903 2837 Ὅτι
2949 2785 3029 2838 δεῖ
3071 2786 3382 2855 ἀνακρίνειν
3429 2784 3496 2837 τὰ
3544 2785 3825 2855 ὀμστικῶς
3859 2786 4020 2852 λεγό-

2444 2895 2599 2946 μενα,
2637 2880 2731 2931 καὶ
2761 2877 2921 2931 πάλιν
2942 2880 3010 2931 τὰ
3035 2879 3214 2947 μέσως
3235 2895 3348 2941 πως
3369 2895 3384 2910 ⁸
3416 2880 3510 2931 καὶ
3532 2878 3718 2939 πάλιν,
3747 2880 3814 2931 τὰ
3843 2896 4019 2931 κατα·-

2440 2966 2767 3036 χρηστικῶς,
2812 2968 2907 3020 καὶ
2938 2968 3182 3029 ἀκάκως.
3215 2962 3339 3020 Οἷόν
3364 2967 3563 3020 ἔστιτὸ
3587 2968 3893 3037 λεγόμενον,
3927 2969 4017 3021 ὅτι

2445 3077 2461 3109 ι
2502 3060 2613 3121 Πᾶς
2638 3061 2920 3129 ἄνθρωπος
2947 3061 3207 3130 ψεύστης.
3246 3080 3265 3114 ι
3309 3062 3438 3125 Καὶ,
3474 3079 3492 3111 α
3532 3064 3645 3113 Οὐκ
3676 3063 3791 3115 ἐστι
3839 3062 4019 3116 ποιῶν

763 3153 831 3207 Et
882 3169 895 3204 :
962 3169 980 3202 ι
1027 3150 1145 3205 Non
1203 3158 1287 3204 est
1350 3151 1445 3219 qui
1510 3150 1675 3202 faciat
1730 3148 1928 3202 bonum
1962 3185 1978 3211 ,
2035 3162 2206 3216 usque
2270 3146 2335 3199 ad

2439 3150 2779 3221 χρηστότητα
2815 3149 2919 3213 ἒως
2947 3151 3085 3213 ἑνός.
3130 3169 3149 3200 .

763 3258 929 3299 unum
959 3243 1001 3295 ³.
1040 3261 1057 3293 ι

833 3333 1091 3395 Noverit,
1129 3329 1428 3385 Ecclesiam
1479 3327 1799 3381 traditiones
1847 3326 2138 3380 nonnullas
2174 3326 2335 3379 etiam

761 3432 916 3482 extra
962 3424 1302 3493 Scripturam
1336 3419 1654 3488 accepisse;
1688 3418 1832 3489 quod
1867 3433 2038 3488 genus
2073 3435 2086 3471 :
2127 3432 2334 3472 sacram

762 3519 1205 3575 communionem
1247 3531 1277 3567 a
1322 3514 1525 3584 jejunis
1566 3512 1738 3581 accipi
1785 3511 2021 3576 debere;
2069 3526 2227 3564 orare
2270 3510 2337 3564 ad

763 3610 1058 3671 orientem;
1096 3605 1381 3673 Deiparam
1421 3612 1543 3673 post
1587 3613 1801 3673 partum
1829 3616 2046 3671 quoque
2074 3602 2340 3657 mansisse

763 3700 1027 3768 virginem
1063 3715 1078 3761 ;
1112 3696 1467 3764 eamdemque
1495 3695 1548 3747 in
1583 3694 1837 3762 spelunca
1864 3694 2171 3762 peperisse;
2217 3700 2267 3746 et
2294 3694 2337 3746 si

763 3809 883 3861 qua:
924 3799 1050 3845 sunt
1078 3790 1239 3860 hujus
1265 3788 1482 3858 generis
1509 3786 1831 3840 traditiones
1862 3785 2000 3839 aliae.

837 3883 985 3936 Sciat
1032 3878 1423 3950 disputationis
1466 3877 1657 3932 modos
1715 3877 1855 3931 duos
1905 3890 2059 3939 esse,
2113 3874 2340 3927 alterum

764 3988 859 4041 per
891 3970 1185 4040 Scriptura:
1216 3967 1565 4033 testimonia;
1603 3965 1835 4019 alterum
1869 3980 1964 4033 per
1994 3962 2343 4033 probationes

761 4081 825 4122 ex
879 4064 1011 4132 ipsis
1058 4062 1221 4116 rebus
1272 4061 1511 4130 petitas:
1550 4057 1643 4127 qui
1692 4059 1889 4111 modus
1928 4057 2137 4110 ﬁrmior
2174 4065 2256 4109 est
2290 4064 2344 4109 et

762 4158 963 4210 verior.
1013 4152 1147 4206 Nam
1205 4153 1367 4205 verba
1411 4146 1713 4219 Scriptura:
1759 4149 2040 4219 depravari
2091 4156 2339 4218 possunt.

763 4247 1031 4314 Quocirca
1058 4245 1239 4299 videre
1268 4242 1430 4305 licet,
1468 4242 1630 4295 simul
1651 4251 1813 4310 atque
1844 4240 2155 4294 adversario
2195 4238 2343 4292 Scri-

763 4351 935 4411 ptura:
964 4335 1339 4393 testimonium
1389 4333 1682 4402 olijiciatur
1711 4372 1726 4397 ,
1777 4333 1846 4386 ab
1892 4332 2007 4401 ipso
2044 4332 2283 4386 vicissim
2316 4346 2345 4385 e

764 4432 991 4499 vestigio
1029 4428 1175 4482 aliud
1219 4427 1590 4480 testimonium
1625 4424 1846 4493 produci
1875 4441 1890 4490 ;
1925 4425 2037 4477 sive
2068 4423 2135 4475 sit
2178 4422 2346 4477 haere-

2506 3330 2867 3397 Σημειωτέον,
2908 3328 2990 3380 ὅτι
3044 3327 3197 3390 τινας
3230 3328 3554 3396 παραδόσεις
3597 3329 3690 3380 καὶ
3743 3328 4018 3398 ἀγράφως

2438 3418 2750 3489 παρέλαϐεν
2802 3420 2835 3488 ὴ
2877 3418 3205 3488 Ἐκκλησία·
3236 3415 3346 3471 οἷον
3394 3421 3454 3471 τὸ
3502 3421 3775 3471 κοινωνεῖν
3819 3437 4017 3489 νηστι-

2437 3514 2549 3567 κόν.
2584 3513 2692 3566 Καὶ
2741 3512 2801 3564 τὸ
2870 3511 3262 3581 προσεύχεσθαι
3313 3514 3453 3565 κατὰ
3524 3512 3823 3575 ’Ᾱνατολάς.
3874 3514 4019 3577 Καὶ,

2436 3604 2517 3657 ὅτι
2552 3604 2813 3673 παρθένος
2833 3606 3014 3675 ἔμεινε
3051 3605 3183 3674 μετὰ
3220 3606 3376 3657 τόκον
3397 3608 3429 3673 ἡ
3459 3604 3736 3667 Θεοτόκος.
3763 3604 3892 3669 Καὶ,
3922 3605 4016 3657 ὅτι

2440 3694 2497 3747 ἐν
2527 3694 2773 3763 σπηλαίῳ
2794 3694 2964 3759 ἔτεκε,
2996 3696 3090 3748 καὶ
3119 3695 3279 3763 ’ἑτερα
3311 3694 3498 3748 πολλὰ.

2511 3875 2709 3926 Σκοποὶ
2736 3874 3017 3939 διαλέξεως
3056 3876 3163 3927 eici.
3207 3874 3298 3927 δύο
3330 3890 3343 3904 ⁸
3372 3876 3400 3928 6
3443 3876 3541 3944 μέν
3591 3874 3677 3928 διὰ
3711 3875 3751 3927 Γ
3756 3876 4019 3945 ραιρικῶν

2443 3968 2653 4037 ῥήσεων
2677 3984 2689 3998 ’
2713 3968 2741 4019 6
2772 3967 2826 4020 δὲ
2850 3969 2939 4021 διὰ
2964 3966 3366 4038 πραγματικῶν
3393 3967 3807 4037 παραστάσεων,
3831 3968 3889 4030 ὃς
3912 3970 4020 4020 καὶ

2446 4059 2816 4129 ἰσχυρότερος,
2842 4059 2937 4111 καὶ
2971 4058 3333 4129 ἀληθέστερός
3372 4059 3509 4111 ἐστι.
3541 4060 3623 4111 Τὰ
3657 4060 3753 4128 μὲν
3776 4061 3883 4127 γὰρ
3906 4062 4015 4130 61'1-

2445 4166 2587 4218 ματα
2624 4148 2729 4201 τῶν
2762 4150 2991 4219 Γραιρῶν
3032 4149 3160 4212 ἴσως
3208 4148 3637 4203 ὑπονοθεύονται.
3668 4150 3828 4203 Ὅθεν
3857 4151 4020 4204 ἔστιν

2405 4262 2409 4266 ”
2447 4241 2667 4303 ἰδέσθαι,
2693 4244 2774 4294 ὃτι
2823 4243 2872 4294 εί
2919 4243 3109 4312 χρῆσιν
3147 4241 3446 4312 προφέρεις
3475 4241 3552 4310 τῷ
3611 4242 3836 4311 ἐναντίῳ
3860 4280 3877 4304 ,
3902 4246 4021 4295 κά-

2444 4336 2616 4395 κεῖνος
2640 4333 2842 4394 εὐθέως
2872 4335 3063 4402 ἑτέραν
3092 4334 3286 4403 χρῆσιν
3314 4332 3598 4402 προφέρει,
3625 4332 3716 4383 καὶ
3747 4335 3775 4384 6
3798 4335 4020 4401 αἱρετι-

2446 4426 2559 4486 κὸς,
2583 4425 2675 4476 καὶ
2698 4426 2726 4477 6
2763 4424 3031 4485 Ἰουδαῖος.
3064 4424 3224 4476 Ὅθεν
3250 4426 3279 4475 6
3298 4424 3593 4494 δυνάμενος
3618 4422 3703 4476 διὰ
3743 4440 4019 4493 πραγμα-

763 4518 905 4572 ticns
934 4554 949 4577 ,
981 4518 1094 4569 sive
1142 4512 1383 4567 Judaeus.
1435 4511 1775 4581 Quapropter
1814 4514 1859 4566 is
1883 4552 1898 4576 ,
1935 4512 2020 4566 cui
2067 4511 2209 4566 vires
2243 4512 2340 4566 hoc

2445 4510 2609 4561 τικῶν
2659 4510 2985 4575 ἀποδείξεων
3033 4511 3231 4582 μᾶλλον
3301 4511 3601 4576 ὀπλιζέσθω
3670 4514 3804 4581 πρὸς
3880 4516 4021 4577 τοὺς

762 4607 1073 4660 concedunt
1105 4644 1119 4667 ,
1174 4604 1349 4673 magis
1415 4618 1474 4657 se
1526 4612 1700 4656 armet
1746 4612 1937 4657 contra
1996 4602 2334 4657 adversarios

762 4694 1325 4750 deuionstrationibus
1389 4708 1455 4746 ex
1536 4693 1653 4762 ipsa
1721 4706 1899 4746 rerum
1983 4700 2173 4745 natura
2235 4693 2329 4746 ile-

763 4788 1015 4858 sumptis.

833 4880 1178 4949 Exploratam
1198 4879 1394 4933 habeat
1425 4879 1910 4950 chronographiani
1935 4898 1950 4945 -,
1979 4889 2032 4933 et
2060 4895 2167 4948 quo
2195 4891 2330 4932 teni-

765 4989 895 5045 pore
920 4975 1116 5028 vixerit
1140 4974 1225 5027 hic
1253 4981 1349 5026 aut
1384 4974 1469 5027 ille
1492 4972 1646 5027 Pater
1676 4991 1688 5039 ;
1736 4974 1953 5042 quando
1983 4973 2096 5025 haec
2128 4982 2219 5026 aut
2244 4973 2330 5025 illa

766 5066 988 5121 haeresis
1003 5067 1289 5122 exstiterit.

836 5159 1025 5229 Neque
1070 5160 1200 5212 illud
1237 5159 1635 5231 ignoranduin:
1667 5156 2072 5222 adversarium,
2113 5157 2332 5226 quando

769 5268 861 5321 per
913 5253 1388 5322 interrogationem
1423 5253 1488 5305 ad
1526 5251 1802 5320 angustias
1832 5250 2080 5303 redactus
2107 5259 2209 5313 est,
2237 5264 2328 5302 co-

769 5346 911 5408 nari,
948 5346 1051 5399 alia
1088 5345 1515 5414 interrogatione
1550 5343 1850 5413 preposita,
1884 5342 1991 5396 alio
2022 5357 2329 5397 sermonem

768 5436 1080 5492 transferre.
1117 5438 1270 5504 Quod
1302 5453 1409 5490 non
1442 5448 1525 5492 est
1557 5436 1911 5491 tolerandum.

837 5532 977 5583 Ante
1021 5529 1438 5599 disputationem
1493 5531 1562 5584 ab
1606 5530 1920 5584 adversario
1964 5529 2329 5599 juramentum

770 5622 1055 5687 petendum
1087 5633 1207 5676 est:
1264 5638 1374 5692 quo
1422 5623 1740 5691 polliceatur
1771 5623 1921 5677 nullo
1949 5624 2113 5678 verbo
2144 5633 2329 5678 contra

768 5730 791 5768 (
809 5714 1155 5769 Jnscientiain
1187 5730 1307 5769 sese
1335 5726 1601 5772 acturum.

896 5825 1062 5880 Evod.
1102 5825 1307 5892 1",“).
1382 5827 1401 5857 '
1434 5825 1572 5882 l’sal.
1602 5841 1719 5885 «κν.
1760 5828 1815 5881 ll
1846 5847 1858 5891 ;
1891 5827 2048 5883 Rom.
2081 5843 2160 5885 Ill.
2187 5828 2237 5881 4.

2439 4603 2729 4665 ἐναντίοὺς.

2509 4896 2599 4945 Δεῖ
2632 4894 2723 4945 καὶ
2765 4894 2890 4955 τοὺς
2951 4894 3355 4964 χρονογρὰφους
3400 4892 3748 4951 ἐπίστασθαι.
3800 4891 3894 4944 καὶ
3924 4892 4018 4955 τὸ,

2440 4987 2579 5038 κατὰ
2617 4986 2800 5048 ποίους
2852 4986 3078 5057 καιροὺς
3133 4988 3161 5039 6
3208 4987 3415 5056 Πατὴρ,
3470 4985 3565 5038 καὶ⁵
3611 4986 3739 5036 πότε
3787 4986 3820 5055 ὴ
3858 4985 4024 5037 δεῖνα

2437 5080 2644 5149 αἵρεσις
2673 5074 2758 5148 ἦν.

2507 5168 2597 5239 Μὴ
2624 5167 2931 5221 λανθανέτω
2962 5166 3018 5219 δὲ
3049 5167 3196 5237 ἡμᾶς
3210 5166 3360 5236 μηδὲ
3386 5165 3565 5231 τοῦτο,
3599 5166 3855 5227 δτι,ἐπὰν
3892 5183 4027 5220 crre-

2437 5260 2696 5328 νώσωμεν
2727 5258 2793 5309 δι’
2814 5258 3133 5328 ἐρωτήσεως
3160 5258 3253 5311 τὸν
3278 5257 3345 5310 δι’
3374 5257 3643 5320 ἐναντίας,
3675 5257 4026 5325 ἀγωνίζεται

2440 5352 2572 5419 πρὸς
2599 5351 2791 5421 ἑτέραν
2830 5348 3098 5419 ἐρώτησιν
3146 5348 3468 5418 μετενέγκαι
3493 5347 3582 5401 τὸν
3609 5347 3786 5415 λόγον.
3826 5348 4026 5419 Ὀττερ

2436 5446 2497 5497 οὗ
2526 5445 2603 5497 δεῖ
2629 5442 2937 5513 ἀνέχεσθαι.

2512 5538 2632 5589 Ὅτι
2656 5536 2763 5607 χρὴ
2791 5536 2895 5606 πρὸ
2920 5536 3020 5606 τῆς
3049 5533 3335 5599 διαλέξεως
3366 5535 3614 5587 ἀπαιτεῖν
3642 5534 3803 5602 ὅρκον
3824 5534 3917 5586 τὸν
3948 5534 4026 5598 ἐξ

2436 5633 2707 5695 ἐναντίας,
2735 5632 2904 5685 ὅτιού
2936 5633 3242 5686 καταπατεῖ
3277 5631 3335 5684 τὸ
3366 5630 3495 5682 [διον
3543 5630 3785 5691 συνειδὺς
3824 5629 3884 5679 ἐν
3909 5628 4025 5697 οἴῳ

2436 5724 2498 5791 δή
2534 5740 2661 5776 ποτε
2692 5724 2918 5792 ῥήματι,
2951 5715 2996 5788 ᾧ
3020 5722 3189 5775 λαλεῖ.

2317 5831 2334 5858 ³
2374 5831 2513 5884 Psal.
2545 5848 2661 5896 xm,
2693 5832 2712 5881 l
2740 5849 2754 5894 ;
2782 5829 2939 5883 llum.
2991 5846 3070 5893 III,
3104 5829 3187 5881 Η..
