4164 6434
149 445 202 508 tt
1579 429 1722 489 για
1773 425 1950 486 Dux.
3314 419 3384 481 42

200 557 316 608 '01;
361 556 445 606 δεῖ
489 552 641 622 ἡμᾶς
685 549 792 620 πρὸ
826 548 1026 610 παντὸς
1067 544 1224 612 λόγου
1269 541 1706 610 ἀναθεματίζειν,

138 651 253 706 aea;
273 644 579 714 ὑπολήψεις
597 641 813 710 ψευδεῖς
842 635 1212 707 ὑπολαμϐάνει
1245 635 1374 704 περὶ
1401 631 1561 702 ἡμῶν
1584 630 1614 681 ὁ
1635 629 1705 682 δι’

65 785 68 788 .
137 738 391 799 ἐναντίας.
426 732 580 797 υἷον,
610 737 700 788 ὅτε
732 734 866 803 πρὸς
890 730 1133 799 Ἄραϐας
1169 726 1434 796 μέλλομεν
1461 722 1706 790 διαλέγε-

138 833 270 892 σθαι,
306 826 915 898 προαναθεματίσωμεν
941 821 1032 872 τὸν
1061 818 1287 882 λέγοντα
1333 815 1428 868 δύο
1461 811 1640 875 θεοὺς,
1673 812 1705 880 ἢ

133 924 213 974 τὸν
239 922 478 988 λέγοντα
522 921 608 971 δτι
635 916 925 984 ἐγέννησεν
955 914 984 965 ὁ
1013 911 1146 973 Θεὸς
1183 908 1460 979 σαρκικῶς
1489 904 1638 966 Υἱδν,
1673 903 1706 974 ἢ

133 1014 214 1064 τὸν
273 1008 702 1081 προσκυνοῦντα
736 1005 812 1066 ῶς
834 1002 989 1064 Θεὸν,
1033 994 1144 1051 οἷον
1176 998 1370 1068 δήποτε
1415 993 1618 1062 κτίσμα
1652 991 1709 1044 ἐν

133 1102 335 1173 ούρανῷ
371 1102 406 1170 ἢ
455 1101 551 1152 ἐπὶ
599 1098 722 1167 γῆς.
765 1093 998 1164 Ὁμοίως
1044 1093 1138 1145 καὶ
1190 1091 1326 1160 πρὸς
1373 1087 1473 1148 τὰς
1518 1085 1710 1148 λοιπάς

134 1198 364 1266 αἱρέσεις
432 1192 542 1262 χρὴ
593 1183 1151 1259 προσαναθεματίζειν
1201 1183 1334 1243 ὅσας
1379 1179 1506 1248 περὶ
1553 1177 1710 1248 ⁴ἡμῶν

135 1289 338 1358 tau-651’;
378 1284 642 1344 ὑπονοίας
689 1284 819 1349 περὶ
869 1281 1106 1340 πίστεως
1144 1275 1349 1345 ἔχουσι.
1381 1273 1563 1327 Ταῦτα
1603 1270 1710 1338 γάρ

138 1382 440 1444 ἀκούοντες,
478 1375 903 1447 προθυμοτέρους
932 1374 1024 1426 καὶ
1054 1371 1125 1424 τά
1160 1369 1322 1422 λοιπά
1345 1368 1611 1436 δέχονται.

204 1650 324 1700 Ἱὶντι
360 1647 469 1716 χρὴ
505 1643 792 1712 προλέγειν
817 1641 980 1693 παντὶ
1011 1639 1379 1706 Μονοφυσίτῃ,
1415 1637 1497 1688 ὅτι
1528 1635 1628 1688 ούκ
1650 1635 1713 1687 ἐκ

141 1744 226 1809 τῆς
253 1738 482 1790 συνόδου
510 1735 851 1803 Χαλκηδόνος
882 1731 1015 1801 πῶς
1037 1732 1178 1799 ύμάς
1199 1728 1572 1796 ἀντιλέγομεν,
1597 1727 1714 1780 ἀλλ’

143 1835 201 1885 ἑκ
224 1831 331 1884 τῶν
365 1829 628 1898 Πατέρων
662 1826 765 1894 πρὸ
787 1827 883 1895 τῆς
914 1824 1148 1880 cavdam,
1178 1821 1269 1882 οὓς
1290 1823 1384 1873 καὶ
1410 1820 1588 1889 ὑμεῖς,
1620 1817 1713 1869 καὶ

141 1929 293 1997 ἡμεῖς
331 1921 656 1993 ὀρθοδὸξους
680 1917 1070 1988 ὁμολογοῦμεν.

209 2015 448 2070 Ὂτιτδεῐ
482 2013 628 2081 ἡμᾶς
661 2004 1165 2080 προασφαλίζεσθαι
1193 2006 1283 2058 τὸν
1316 2003 1714 2072 Μονοφυσίτην,

147 2111 233 2161 καὶ
276 2105 704 2175 ἀναθεματίζειν
737 2101 1044 2170 εἰλικρινῶς
1084 2089 1174 2150 τὸν
1232 2099 1306 2166 μὴ
1359 2094 1720 2166 ὁμολογοῦντα

146 2201 271 2253 Θεὸν
299 2197 560 2266 ἀληθινὸν
592 2198 684 2248 τὸν
721 2193 977 2261 Χριστόν.
1007 2186 1120 2244 Εἶθ’
1157 2187 1329 2248 οὓτως
1380 2189 1720 2240 οἰκειοποιεῖ-

145 2295 258 2347 σθαι
287 2292 589 2361 πῴσωπον
624 2286 898 2349 Ἰουδαίου,
921 2286 955 2354 ἢ
977 2284 1068 2337 τοῦ
1100 2281 1456 2352 Σαμοσατὲως
1481 2278 1717 2341 Παύλου,

142 2383 230 2434 καὶ
275 2379 632 2449 εἰσπράττειν
690 2377 875 2436 αὑτὸν,
932 2375 993 2427 τὸ
1032 2375 1192 2426 πόθεν
1234 2372 1414 2441 δῆλον,
1460 2371 1542 2424 δτι
1586 2371 1716 2435 Θεὸς

142 2476 363 2543 ὕψιστος
422 2475 572 2525 ἐστιν
615 2474 643 2524 ὁ
681 2469 950 2539 Χριστόςς
1010 2467 1238 2529 καθὼςὸ
1291 2465 1596 2534 Ἀμμώνιος
1626 2481 1720 2516 πε-

140 2571 334 2635 ποίηκε
381 2566 520 2634 πρὸς
576 2562 668 2614 τὸν
731 2557 1175 2628 Ἁλικαρνασσέα,
1226 2557 1419 2625 ἥντινα
1453 2553 1719 2607 ἀντίθεσιν

139 2662 395 2729 εόρήσεες
429 2661 488 2710 ὲν
516 2658 593 2724 τις)
616 2654 879 2722 τετραδίῳ
910 2651 1191 2720 κειμένην.

203 2750 577 2822 Σημειωτέον,
613 2749 802 2816 ὅτιπερ
827 2745 915 2798 δια
967 2743 1057 2795 τοῦ
1106 2743 1386 2813 κράματος
1427 2739 1521 2794 τοῦ
1555 2755 1719 2807 ποτη-

143 2852 276 2910 ρίου,
305 2837 368 2894 οὗ
419 2838 819 2907 προσφέρουσιν
849 2837 897 2888 οἱ
929 2835 1314 2902 Μονοφυσῖται,
1363 2825 1503 2884 οἶνον
1550 2830 1723 2897 ἄκρα-

141 2954 224 2987 τον
253 2936 433 3003 χωρὶς
485 2932 676 2994 ὓδατος
721 2929 1111 3000 προσάγοντες,
1157 2926 1472 2994 ἐλέγχονται
1515 2921 1718 2989 σαφῶς.

146 3030 447 3098 Ἄκρατον,
480 3023 575 3076 καὶ
600 3021 797 3090 ἁπλῆν,
833 3019 929 3074 καὶ
956 3019 1127 3088 ἀμιγῆ
1152 3019 1332 3084 πάσης
1365 3015 1557 3084 μίξεως
1596 3032 1725 3085 σαρ-

146 3124 254 3185 κὴ,
301 3123 334 3191 ἦ
359 3118 570 3188 ψυχῆς,
625 3116 838 3184 γυμνὴν
872 3114 1040 3183 μόνην
1076 3111 1305 3178 θεότητα
1336 3106 1724 3177 ὁμολογοῦντες

145 3211 279 3269 εἶναι
311 3214 408 3266 τὸν
442 3209 702 3281 Χριστόν.

357 3413 505 3480 Περὶ
563 3414 822 3473 πίστεως
862 3409 1101 3473 ἕκθεσις
1147 3409 1218 3460 ἐν
1253 3405 1520 3473 ἐπιτομῇ.

225 3530 450 3586 Ἰστέον,
488 3525 587 3579 καὶ
614 3524 687 3594 μὴ
714 3521 1026 3591 ἀγνοητέον,
1057 3523 1138 3573 ὅτι
1168 3521 1230 3572 ού
1260 3519 1339 3571 δεῖ
1362 3520 1507 3587 ἡμᾶς
1535 3517 1735 3570 6:61:1-

150 3621 362 3682 νίστως,
401 3617 501 3669 καὶ
536 3614 955 3685 ἀπερισκέπτως
988 3611 1084 3680 τὴν
1138 3609 1351 3662 οἱανούν
1400 3610 1735 3679 δογματικὴν

150 3714 330 3782 φωνὴν
353 3710 568 3776 λέγειν.
594 3707 750 3758 Ἐστι
785 3704 892 3774 γάρ
917 3706 1008 3755 καὶ
1046 3703 1306 3766 εὐσεϐῶς,
1341 3705 1432 3755 καὶ
1461 3701 1736 3764 δυσσεϐῶς

147 3808 319 3857 εἰπεῖν
358 3804 424 3855 ἐν
461 3799 545 3869 τῷ
587 3796 808 3868 Χριστῷ
860 3795 952 3848 δύο
996 3795 1184 3862 φύσεις
1213 3793 1413 3865 ὁμοίως
1447 3795 1542 3846 καὶ
1573 3793 1734 3863 θελή-

151 3913 281 3960 σεις,
315 3893 417 3948 καὶ
467 3889 774 3960 ἐνεργείας,
810 3889 906 3940 καὶ
948 3889 1125 3940 πᾶσαν
1160 3885 1226 3939 ἂν
1255 3883 1590 3955 δογματικὴν
1625 3901 1738 3951 φω-

150 3990 264 4058 νήν.
299 3985 548 4055 Ὁμοίως
597 3981 693 4033 καὶ
723 3981 770 4032 οἱ
807 3979 1056 4046 λέγοντες
1100 3980 1157 4030 ὲν
1197 3976 1421 4046 Χριστῷ
1449 3976 1542 4029 δύο
1575 3993 1736 4043 φυσι-

154 4084 254 4143 κὰς
313 4077 627 4145 ἰδιότητας,
677 4071 1132 4144 ὲρμηνευέτωσαν
1179 4069 1263 4131 τὸ,
1311 4068 1430 4131 πῶς
1469 4068 1647 4121 νοοῦσι
1678 4067 1740 4120 τὸ

153 4172 445 4242 ςυσικόν.
480 4167 720 4219 Δύναται
753 4163 859 4234 γάρ
889 4163 984 4216 καὶ
1020 4160 1283 4223 εὐσεϐῶς,
1329 4160 1423 4213 καὶ
1462 4157 1738 4220 δυσσεϐῶς

153 4261 432 4328 ὴγεσθαι.
477 4255 714 4325 Εἴρηται
758 4254 865 4321 γάρ
899 4251 1144 4319 φυσικὸν,
1202 4253 1296 4302 καὶ
1339 4249 1401 4301 τὸ
1457 4248 1599 4302 κατά
1643 4248 1742 4318 τὴν

154 4353 334 4421 κοινὴν
362 4345 669 4416 συνήθειαν
716 4343 824 4394 τῶν
869 4341 1038 4410 ψιλῶν
1084 4339 1387 4409 ἀνθρώπιον
1433 4339 1740 4407 γινόμενον.

155 4447 330 4513 Ὅπερ
369 4441 504 4495 οὐδὲ
558 4438 652 4490 ἐπὶ
713 4434 973 4505 ἰδιότητος
1019 4434 1077 4484 ὲν
1137 4431 1214 4501 τῷ
1258 4431 1477 4500 Χριστῷ
1521 4429 1746 4482 δύναται

153 4538 432 4605 λέγεσθαι.

234 4800 531 4860 Ὡσαύτως
579 4797 672 4850 καί
704 4797 734 4848 ὁ
773 4795 1091 4864 βουλόμενος
1145 4793 1369 4863 ἑτέραν,
1421 4793 1514 4844 καὶ
1549 4791 1742 4861 ἑτέραν

159 4895 402 4964 θελησιν,
441 4892 544 4942 καὶ
572 4887 856 4956 ἐνέργειαν
895 4885 1188 4954 κηρύττειν
1218 4886 1315 4952 τῆς
1344 4882 1617 4951 θεότητος,
1649 4881 1743 4934 καὶ

157 4989 249 5058 τῆς
289 4980 728 5055 ἀνθρωπότητοξ
764 4977 856 5032 τθὖ
894 4977 1147 5047 Χριστοῦ,
1179 4976 1271 5046 μὴν
1303 4974 1377 5038 ὡς
1419 4975 1574 5043 ἔτυχε
1609 4973 1747 5026 uti

159 5097 306 5142 τινας
352 5073 722 5135 ἀπαιδεύτους
767 5070 1174 5141 ἀθυροστῲως,
1214 5070 1305 5121 καὶ
1343 5068 1741 5131 ἀϐασανίστως,

162 5173 249 5225 καὶ
274 5167 666 5237 ἀναισχύντως
693 5162 965 5233 κραςέτω,
983 5160 1075 5214 δύο
1098 5159 1306 5228 φύσεις,
1329 5160 1420 5212 καὶ
1445 5160 1743 5230 θελήματα,

164 5264 254 5314 ναὶ
280 5261 385 5314 δύο
451 5255 694 5326 φυσικάς
746 5253 1044 5322 ἐνεργείας.
1106 5251 1585 5305 Ἐυσκανδάλιστον
1637 5251 1746 5321 γάρ

165 5354 304 5415 ἔπι,
343 5351 447 5403 καὶ
507 5347 747 5416 μάλιστα
797 5346 911 5408 τοῖς
959 5344 1373 5412 ἁπλουστέροις,
1417 5343 1479 5395 τὸ
1526 5343 1747 5396 ἀκούειν

166 5446 256 5496 ἐπὶ
285 5439 535 5512 Χριστοῦ
561 5439 656 5492 δύο
683 5438 933 5505 φυσικὰ,
966 5436 1104 5501 τόδε,
1135 5437 1229 5489 καὶ
1257 5436 1394 5490 τόδε.
1434 5435 1590 5488 Ἀλλά
1611 5434 1750 5505 μετὰ

167 5536 258 5586 τοῦ
294 5531 447 5586 θείου
473 5530 662 5598 φόὸου,
700 5529 795 5581 καὶ
816 5528 996 5597 πάσης
1039 5527 1321 5588 εὐλαϐείας
1363 5530 1477 5588 τοῖς
1519 5525 1751 5594 δυναμέ-

167 5642 284 5687 νοις
321 5624 545 5693 χωρεῖν,
601 5619 829 5688 λεγέτω,
886 5619 980 5671 καὶ
1012 5617 1412 5688 ἀποκρινέσθω.
1452 5618 1544 5669 καὶ
1573 5618 1750 5686 ἑρμη-

172 5719 401 5779 νευέτω,
438 5715 520 5778 τὸ,
550 5713 604 5764 τί
647 5712 778 5769 νοεῖ.
807 5708 900 5761 καὶ
940 5709 1055 5770 πῶς
1099 5709 1209 5760 νοεῖ
1237 5710 1328 5760 ἐπὶ
1382 5706 1616 5777 Χριστοῦ
1654 5706 1751 5776 τὴν

175 5810 346 5876 φύσιν
368 5824 380 5837 ο
411 5805 554 5858 τοῦτ’
580 5804 695 5855 ἔστι
728 5801 788 5853 τὸ
820 5799 1018 5870 ἀληθὲς
1050 5801 1298 5869 πρᾶγμα.
1339 5799 1448 5851 Καὶ
1492 5797 1552 5848 ού
1590 5797 1752 5864 φύσιν

177 5899 577 5965 ὖποστατικὴν,
608 5896 728 5965 ἦτοι
762 5891 1145 5961 προσωπικὴν,
1193 5889 1316 5943 οὔτε
1357 5889 1584 5958 φυτικὸν
1620 5903 1751 5957 σαρ-

425 5994 690 6053 Ρ.ιτιιοι.
724 5988 842 6049 Gn.
884 5985 1206 6046 LXXXIX.

1883 538 2020 586 Ante
2059 530 2462 598 congressionis
2494 529 2702 582 initium
2738 543 2930 582 omnes
2957 528 3181 581 omnino
3210 542 3387 596 prava:

1809 629 2148 697 suspiciones
2175 635 2228 679 et
2259 623 2568 692 opiniones.
2602 637 2738 689 quas
2769 621 3113 674 adversarius
3138 619 3205 672 de
3231 621 3390 674 nobis

1809 719 2088 788 concepit,
2130 715 2498 777 detestandam
2549 713 2792 782 dirisque
2833 711 3158 767 devovendzc
3211 721 3389 768 sunt:

1811 823 1868 867 ut
1902 812 1947 866 si
1977 826 2101 865 cum
2129 811 2398 864 Arabibus
2433 806 2852 876 depugnandum
2885 807 2955 859 sit
2986 847 3000 869 ,
3057 805 3392 860 anathemati

1810 903 2170 974 subjiciamus
2225 901 2349 955 eum
2408 902 2501 970 qui
2535 901 2667 953 dicit
2712 915 2725 950 :
2765 898 2901 952 duos
2951 898 3102 961 deos,
3150 899 3234 952 vel
3264 913 3392 952 eum

1809 998 1904 1066 qui
1955 999 2110 1050 docet
2181 994 2346 1048 Deum
2385 993 2639 1063 genuisse
2685 989 2880 1044 Filium
2920 1005 3071 1045 more
3124 993 3394 1060 modoque

1810 1088 1961 1141 carni
1996 1094 2300 1140 consueto:
2349 1085 2430 1138 vel
2471 1100 2624 1148 eum,
2674 1083 2765 1152 qui
2809 1082 3028 1144 adorat,
3083 1092 3140 1134 ut
3185 1082 3346 1137 deum
3373 1121 3389 1143 ,

1811 1181 2246 1248 qualemcunque
2269 1185 2570 1231 creaturam
2605 1177 2656 1229 in
2688 1176 2827 1231 ccelo
2861 1184 2957 1230 aut
2993 1175 3046 1228 in
3070 1185 3233 1231 terra.
3268 1175 3392 1228 Pari

1818 1271 1983 1325 modo
2028 1279 2235 1324 czeteraa
2274 1269 2544 1330 haereses,
2595 1281 2890 1336 omnesque
2931 1265 3082 1320 falsae
3124 1266 3397 1336 opinatio-

1813 1378 1932 1426 nes,
1961 1362 2161 1431 quibus
2201 1360 2267 1414 de
2319 1359 2477 1414 nobis
2523 1359 2712 1411 imbuti
2752 1366 2924 1422 sunt,
2982 1359 3132 1426 prius
3166 1359 3396 1412 anathe-

1816 1465 1956 1506 mate
1995 1452 2214 1521 percelli
2261 1451 2483 1505 debent.
2525 1449 2658 1503 Nam
2691 1464 2815 1502 cum
2851 1449 2952 1517 12
2993 1450 3105 1502 haec
3125 1449 3353 1502 audiunt
3377 1485 3395 1512 ,

1813 1546 2043 1601 alacrius
2075 1546 2298 1612 reliquis
2328 1559 2488 1597 aures
2519 1544 2782 1611 praebent.

1883 1638 2038 1692 Omni
2100 1635 2489 1705 Monophysitae
2527 1633 2820 1701 praedicere
2853 1643 3096 1703 oportet,
3142 1649 3241 1688 nos
3288 1649 3398 1688 non

1813 1747 1880 1786 ex
1927 1730 2360 1785 Chalcedonensi
2411 1727 2652 1797 synodo,
2711 1727 2803 1781 sed
2853 1743 2918 1780 ex
2959 1725 3252 1792 Patribus,
3301 1727 3396 1796 qui

1821 1826 2091 1897 synodum
2126 1829 2570 1884 antecesserunt,
2614 1829 2798 1874 contra
2850 1819 2970 1874 illos
3008 1834 3159 1873 arma
3212 1833 3398 1873 sume-

1754 1906 1795 1959 Β
1826 1931 1886 1974 re
1912 1931 2083 1986 :quos
2104 1924 2158 1970 et
2191 1929 2289 1969 nos
2319 1921 2372 1968 et
2395 1912 2466 1966 illi
2493 1913 2828 1967 orthodoxos
2856 1912 3026 1966 fuisse
3049 1911 3396 1966 comitentur.

1895 2005 2324 2076 Monophysitam
2351 2002 2676 2073 praemunire
2716 2002 2976 2056 debemus
3000 2041 3014 2065 ,
3069 2014 3124 2055 et
3184 2001 3400 2056 sincere

1827 2102 2112 2154 σιιιιιὶιεηιιι
2141 2099 2462 2152 denuntiare
2490 2097 2744 2152 omnibus
2803 2097 2912 2150 illis
2959 2097 3051 2165 qui
3082 2111 3190 2151 non
3226 2096 3399 2150 conli-

1826 2201 2008 2247 tentur
2044 2191 2322 2245 Christum
2354 2204 2476 2244 esse
2503 2204 2694 2243 verum
2730 2187 2918 2242 Deum.
2974 2184 3088 2240 Hoc
3119 2186 3262 2240 facto
3303 2186 3400 2238 in-

1825 2285 2037 2338 duenda
2070 2293 2156 2338 est
2194 2298 2426 2352 persona
2465 2281 2659 2346 Judzri,
2692 2282 2775 2336 vel
2823 2279 2972 2334 Pauli
3015 2277 3358 2334 Samosateni
3382 2317 3400 2342 .

1826 2377 2287 2447 quaerendumque
2310 2393 2373 2432 ex
2407 2378 2520 2443 illo,
2556 2378 2698 2430 unde
2724 2376 2927 2444 liqueat
2976 2373 3254 2428 Christum
3280 2387 3402 2428 esse

1827 2471 1994 2524 Deum
2042 2470 2367 2525 altissimum
2390 2487 2404 2535 ;
2430 2470 2891 2539 quemadmodum
2928 2466 3053 2520 fecit
3080 2465 3402 2518 Ammonius

1827 2570 2015 2616 contra
2035 2561 2546 2626 llalicarnasszeum,
2578 2575 2740 2630 quam
2756 2558 3048 2614 antithesin
3075 2559 3318 2611 invenies
3348 2556 3403 2610 in

1761 2696 1764 2699 .
1828 2663 2016 2723 quarta
2047 2662 2219 2722 parte.

1895 2745 2304 2799 Observandum
2336 2753 2440 2808 est,
2483 2741 2888 2812 Monophysitas
2938 2740 3056 2809 ipsa
3100 2738 3288 2793 calicis
3317 2735 3404 2792 sui

1828 2838 2106 2892 oblatione
2141 2837 2416 2906 redargui.
2456 2836 2655 2890 Porum
2687 2834 2831 2888 enim
2864 2846 3188 2900 merumque
3217 2831 3404 2885 vinum

1826 2926 2078 2988 otferunt,
2121 2927 2328 2996 absque
2378 2926 2704 2980 admistione
2768 2939 2942 2992 aquae.
2994 2921 3117 2988 Quo
3166 2921 3410 2975 indicant

1825 3019 2137 3084 Christum,
2189 3019 2257 3073 ab
2304 3019 2457 3074 omni
2511 3017 2758 3088 corporis
2821 3027 2876 3071 et
2929 3018 3124 3071 animae
3183 3030 3409 3070 concre-

1830 3109 1977 3162 tione
2015 3109 2242 3162 liberum
2277 3149 2290 3168 ,
2343 3123 2409 3161 ex
2471 3109 2582 3161 sola
2636 3108 2888 3176 nudaque
2940 3107 3224 3162 divinitate
3273 3123 3408 3162 con-

1758 3207 1800 3264 1‘,
1835 3210 2003 3254 stare.

2291 3407 2468 3460 Brevis
2507 3406 2769 3474 expositio
2806 3405 2950 3472 ﬁdei.

1906 3496 2196 3550 Sciendum
2297 3497 2416 3550 sine
2470 3495 2718 3548 exatnine
2768 3505 2818 3547 et
2872 3493 3252 3560 disquisitione
3303 3509 3412 3547 non

1835 3588 2134 3656 quamlibet
2161 3602 2345 3642 vocem
2382 3587 2450 3641 ad
2479 3586 2732 3655 dogmata
2778 3585 3134 3654 pertinentem
3203 3584 3412 3653 ample-

1833 3681 2082 3735 ctendam
2111 3695 2252 3735 csse.
2287 3679 2430 3734 Fieri
2464 3679 2608 3734 enim
2643 3688 2820 3748 potest
2877 3687 2937 3731 ut
2968 3678 3091 3747 quis
3119 3677 3205 3746 pie
3232 3686 3284 3731 et
3313 3677 3411 3730 im-

1837 3773 1923 3840 pie
1964 3773 2100 3826 duas
2143 3773 2195 3825 in
2248 3770 2470 3827 Christo
2507 3780 2730 3826 naturas
2774 3778 3018 3833 asserat;
3061 3770 3315 3824 similiter
3359 3777 3416 3823 ct

1837 3866 1973 3918 duas
2001 3865 2307 3919 voluntates
2330 3903 2347 3927 ,
2381 3873 2437 3918 et
2464 3863 2808 3932 operationes
2828 3902 2844 3926 ,
2891 3871 2946 3916 et
2984 3862 3166 3914 omnia
3196 3862 3300 3916 alia
3346 3863 3414 3916 ad

1838 3953 2140 4008 doctrinam
2167 3953 2287 4008 ﬁdei
2318 3953 2638 4022 spectantia.
2675 3951 2798 4006 Pari
2827 3953 3019 4015 modo,
3045 3951 3138 4019 qui
3172 3951 3226 4004 in
3251 3951 3415 4005 Citri-

1839 4056 1924 4099 sto
1954 4049 2087 4100 duas
2126 4045 2406 4100 naturales
2438 4046 2795 4115 proprietates
2827 4052 3110 4107 statuunt,
3148 4043 3223 4096 illi
3255 4044 3416 4098 nobis

1837 4137 2106 4206 explicent
2165 4137 2323 4191 velim
2383 4136 2654 4206 quomodo
2720 4150 2906 4190 vocem
2961 4135 3108 4189 illam
3170 4135 3418 4188 naturale

1840 4231 2128 4298 accipiant.
2163 4229 2350 4283 Potest
2377 4228 2521 4282 enim
2558 4237 2613 4282 et
2647 4227 2817 4297 probe
2855 4235 2912 4282 et
2945 4225 3188 4294 improbe
3218 4225 3414 4292 accipi.

1845 4324 2047 4377 Dicitur
2079 4323 2223 4377 enim
2256 4323 2503 4376 naturale
2531 4320 2695 4376 etiam
2737 4320 2791 4374 id
2846 4320 2989 4388 quod
3016 4318 3076 4371 tit
3113 4319 3414 4373 secundum

1843 4429 2190 4470 communem
2221 4413 2671 4468 consuetudinem
2719 4427 2906 4466 eorum
2945 4410 3041 4480 qui
3095 4409 3229 4462 nihil
3268 4408 3414 4461 aliud

1845 4512 1974 4558 sunt
2012 4518 2176 4571 quam
2218 4503 2492 4566 homines;
2538 4501 2682 4571 quod
2713 4514 2888 4570 neque
2908 4499 2964 4553 in
2993 4508 3207 4561 natura,
3241 4511 3418 4565 neque

1776 4605 1818 4658 ι)
1848 4594 1902 4648 in
1936 4594 2299 4663 proprietate,
2349 4601 2509 4662 prout
2547 4593 2614 4646 de
2656 4591 2875 4646 Christo
2904 4591 3158 4643 dicuntur
3180 4627 3196 4651 ,
3237 4585 3411 4641 locum

1847 4683 2024 4738 habet.

1918 4774 2118 4828 Eodem
2167 4773 2364 4836 modo,
2411 4771 2502 4841 qui
2532 4769 2650 4824 vult
2679 4768 2843 4822 aliam
2880 4777 2933 4822 et
2965 4767 3130 4821 aliam
3168 4765 3418 4819 volunta-

1847 4875 1952 4922 tem
1996 4876 2051 4921 et
2098 4865 2468 4936 Operationein
2503 4862 2805 4918 divinitatis
2852 4871 2908 4914 et
2964 4857 3322 4913 humanitatis
3361 4857 3417 4910 in

1844 4957 2062 5012 Christo
2094 4957 2426 5026 praedicare;
2461 4953 2506 5008 is
2530 4968 2659 5014 non,
2685 4963 2746 5005 ut
2781 4967 2901 5006 sors
2933 4949 3072 5013 fert,
3103 4966 3253 5004 more
3277 4963 3420 5019 quo-

1847 5048 2096 5102 l'llllldalll
2140 5048 2553 5115 imperitorum,
2599 5044 2748 5098 illoto
2795 5055 2926 5105 ore,
2973 5041 3332 5111 ineogitanter
3364 5048 3420 5094 et

1849 5141 2188 5210 impudenter
2222 5137 2462 5193 clamitet
2487 5137 2627 5191 duas
2658 5145 2880 5188 naturas
2905 5143 2960 5187 et
2993 5134 3334 5197 voluntates;
3363 5139 3418 5186 et

1847 5233 1984 5286 duas
2016 5231 2288 5286 naturales
2317 5227 2691 5298 operationes;
2729 5241 2852 5279 nam
2881 5226 3023 5293 apud
3057 5225 3419 5294 simpliciores

1849 5325 2164 5380 scandalum
2205 5321 2464 5377 facillime
2503 5322 2747 5392 paritur.
2783 5334 2908 5372 cum
2939 5318 3168 5371 audiunt
3205 5317 3314 5370 duo
3363 5314 3414 5368 in

1848 5418 2066 5474 Christo
2106 5416 2324 5486 physica
2366 5431 2462 5470 seu
2510 5412 2816 5474 naturalia;
2870 5415 2974 5466 hoc
3019 5409 3275 5464 nimirum
3304 5447 3318 5470 _.
3367 5415 3421 5460 et

1852 5512 2025 5565 illud:
2066 5511 2156 5565 sed
2201 5508 2387 5563 divino
2424 5510 2615 5562 timore
2683 5507 2942 5574 omnique
2977 5501 3272 5557 reverentia
3312 5500 3422 5568 ple-

1853 5620 1974 5670 nus,
2013 5603 2116 5667 his,
2157 5601 2253 5671 qui
2279 5616 2508 5672 capaces
2541 5609 2688 5663 sunt,
2717 5597 3028 5669 mysterium
3061 5595 3166 5650 hoc
3200 5594 3421 5662 pandat,

1855 5707 2181 5767 rogatusque
2221 5693 2582 5762 respondeat,
2627 5700 2682 5744 et
2713 5690 2984 5759 explicet,
3032 5688 3162 5757 quid
3203 5685 3424 5738 nomine

1855 5799 2099 5851 naturae;
2139 5798 2193 5840 ct
2217 5787 2492 5855 quomodo
2525 5795 2734 5839 naturae
2766 5783 3086 5837 vocabulum
3125 5779 3175 5832 in
3205 5778 3426 5831 Christo

1854 5882 2119 5952 accipiat;
2153 5881 2398 5936 videlicet
2449 5894 2544 5950 pro
2591 5879 2704 5948 ipsa
2744 5878 2818 5932 rei
2867 5876 3121 5937 vetitam,
3167 5887 3271 5926 non
3327 5881 3424 5938 pro

3074 5967 3107 6006 ε)
