4164 6434
758 430 827 491 ἇ3
1943 428 2002 486 S.
2048 423 2334 485 ANASTA

2436 421 2443 482 ί
2488 417 2812 479 ΞΙΝΛΙΤΆΕ
3932 412 4005 477 ιι

760 546 950 591 natura
979 549 1098 605 qum
1131 534 1203 590 sit
1235 534 1543 607 hypostasis
1585 545 1677 590 aut
1718 552 1980 608 persona,
2023 552 2199 607 neque
2240 550 2334 605 pro

2444 534 2535 595 κὸς
2566 533 2753 601 μόριον
2775 546 2788 562 ·
2822 530 2959 583 ἀλλά
2978 529 3071 581 δυο
3096 530 3347 599 ἡνωμένα
3371 527 3490 581 καθ’
3519 528 3813 581 ὑπόστασιν
3837 526 4014 597 ἀληθῆ

761 628 997 683 naturali
1040 626 1225 681 carnis
1269 626 1529 695 particula
1570 647 1585 692 ;
1648 633 1740 685 sed
1793 644 1890 699 pro
1941 628 2151 683 duabus
2194 627 2335 681 veris

755 722 920 776 rebus
944 733 1048 774 una
1082 718 1136 773 in
1173 719 1446 788 hypostasi
1487 720 1653 774 unitis
1688 760 1702 783 ,
1759 720 1861 775 hoc
1905 730 2027 783 est,
2073 735 2172 789 pro
2211 734 2332 789 per-

761 815 899 868 lecta
942 813 1179 874 deitate,
1223 822 1277 866 et
1320 811 1556 882 perlecta
1607 814 1980 879 humanitate,
2016 812 2333 875 inconfuse,

760 906 1203 964 immulabiliter.
1258 916 1313 960 et
1353 906 1786 971 indivisibiliter,
1838 907 1890 960 in
1945 922 2050 962 una
2104 921 2334 976 persona

757 1000 960 1055 Christi
1023 1000 1334 1069 copulatis:
1400 1016 1504 1052 una
1568 1000 1712 1053 enim
1765 1014 1993 1069 persona
2046 1000 2332 1064 Christus,

760 1108 978 1163 unaque
1019 1092 1346 1163 hypostasis.

833 1185 933 1256 13
972 1183 1236 1239 Similiter
1266 1198 1461 1237 moneo
1520 1196 1577 1239 ut
1602 1187 1820 1241 auditor
1844 1188 2009 1242 etiam
2039 1185 2107 1240 de
2144 1186 2337 1240 volun-

760 1278 961 1333 tatibus
996 1276 1407 1346 przemuniatur,
1463 1294 1527 1333 ac
1568 1279 1795 1349 proinde
1841 1279 2009 1335 dicito
2053 1297 2066 1332 :
2103 1294 2202 1334 nos
2234 1279 2336 1351 mi-

763 1371 906 1425 nime
934 1367 1224 1435 allirmare,
1261 1371 1317 1424 in
1346 1371 1564 1427 Christo
1592 1373 1727 1427 duas
1749 1372 2054 1427 voluntates
2082 1371 2185 1427 sibi
2214 1388 2332 1426 mu-

761 1474 874 1523 tuo,
923 1468 984 1514 ut
1014 1460 1363 1515 adversarius
1409 1463 1700 1528 existimat,
1739 1472 2100 1535 repugnantes
2141 1474 2198 1519 et
2242 1464 2332 1518 ad-

762 1561 1078 1611 versantes;
1131 1564 1304 1618 neque
1335 1551 1670 1608 voluntatem
1697 1554 1846 1608 carni
1881 1556 2173 1625 pravisque
2200 1554 2334 1609 alle-

759 1642 1031 1697 ctionibus
1060 1651 1114 1694 et
1142 1642 1532 1711 cupiditatibus
1559 1644 1883 1712 obnoxiam;
1931 1647 2033 1701 hoc
2061 1649 2205 1702 enim
2237 1664 2335 1704 ne-

758 1750 865 1803 que
892 1735 1166 1790 daemones
1198 1736 1265 1789 de
1292 1735 1512 1792 Christo
1547 1752 1797 1793 asserere
1826 1740 2040 1805 ausint;
2078 1741 2169 1796 sed
2208 1758 2331 1796 cum

761 1825 1059 1895 perlectum
1103 1826 1379 1881 hominem
1423 1830 1804 1898 assumpseril,
1858 1840 1915 1885 ut
1951 1842 2121 1887 totum
2156 1834 2329 1888 salva~

2440 626 2761 693 πράγματα.
2797 623 2942 675 τοῦτ’
2969 624 3108 683 ἔστι,
3141 622 3348 674 τελείαν
3374 622 3625 691 Θεότητα,
3673 624 3765 674 καὶ
3801 621 4016 671 τελείαν

2436 715 2853 786 ἀνθρωπότητα,
2894 713 3234 782 ἀσυγχύτως,
3267 714 3571 782 ἀτρέπτως,
3600 711 3918 780 ἀδιαιρέτως
3953 712 4017 761 ἐν
4106 768 4109 769 ν

2437 809 2517 859 ἐνὶ
2544 807 2820 876 προσώπῳ
2851 806 3107 875 Χριστοῦ.
3135 806 3232 859 "Ev
3258 806 3363 876 γὰρ
3390 805 3678 875 πρόσωπον
3697 810 3726 856 ο
3757 802 4015 873 Χριστὸς,

2440 900 2538 970 μία
2563 901 2619 953 δὲ
2655 903 2969 962 ὑπόστασις.

2517 1169 2749 1237 Ὁμοίως
2778 1165 3082 1235 παρακαλῶ
3110 1163 3206 1215 καὶ
3234 1162 3361 1232 περὶ
3386 1161 3705 1230 θελημάτων
3728 1177 3984 1230 προασφα

2436 1261 2679 1327 λίζεσθαι
2730 1259 2821 1312 τὸν
2872 1256 3168 1328 ἀκροατὴν,
3224 1257 3318 1307 καὶ
3372 1253 3549 1320 λέγειν
3597 1252 3763 1320 αὐτῷ,
3812 1253 3891 1303 ὅτι
3931 1252 4014 1301 Ου

2437 1357 2599 1425 λέγω,
2639 1352 2713 1423 μὴ
2742 1352 2973 1419 γένοιτο,
3004 1351 3062 1403 ὲν
3092 1346 3312 1419 Χριστῷ
3343 1346 3435 1399 δύο
3476 1345 3775 1413 Θελήματα,
3822 1342 4017 1408 ὥσπερ

2438 1452 2501 1503 σὺ
2537 1449 2779 1519 νομίζεις
2831 1445 3046 1505 ἑαυτοῖς
3098 1442 3403 1513 μαχόμενα,
3455 1442 3550 1491 καὶ
3598 1435 3989 1503 ἐναντιούμενα

2436 1541 2571 1594 Οὐδὲ
2606 1540 2741 1602 ὅλως
2766 1538 2975 1607 θέλημα
3005 1535 3287 1605 σαρκικὸν,
3316 1534 3349 1603 ἢ
3381 1532 3646 1601 ἐμπαθὲς,
3681 1530 3713 1599 ἢ
3744 1527 3979 1596 πονηρόν

2433 1632 2593 1685 τοῦτο
2648 1632 2755 1702 γὰρ
2802 1631 2921 1683 οὐδὲ
2968 1630 3015 1681 οί
3065 1628 3318 1696 δαίμονες
3372 1623 3646 1693 τολμῶσιν
3697 1623 3870 1674 εἰπεῖν
3917 1619 4016 1672 ἐπὶ

2434 1724 2693 1799 Χριστοῦ.
2731 1723 2871 1777 Ἀλλ’
2900 1720 3085 1790 ἐπειδὴ
3113 1720 3315 1772 τέλειον
3345 1719 3434 1770 τὸν
3475 1715 3759 1786 ἄνθρωπον
3798 1712 4013 1772 ἔλαϐεν,

2436 1820 2501 1872 ἵν’
2542 1820 2662 1871 ὅλον
2711 1816 2887 1885 σώσῃ,
2935 1816 3030 1867 καὶ
3061 1810 3263 1873 τέλειός
3308 1810 3456 1861 ἐστιν
3501 1808 3558 1859 ὲν
3606 1803 4013 1874 ἁνθρωττότητι,

763 1930 861 1981 ret,
890 1918 1161 1989 perlectus
1184 1929 1238 1973 et
1260 1919 1375 1989 ipse
1403 1920 1566 1975 homo
1590 1895 1672 1976 est
1702 1923 1755 1976 in
1784 1924 2141 1980 humanitate.
2164 1924 2334 1997 Cujus

2436 1910 2627 1965 τούτου
2651 1912 2805 1980 χάριν
2836 1908 3047 1975 θέλημα
3076 1906 3172 1976 μὲν
3203 1904 3344 1956 (θεῖον
3374 1901 3602 1969 λέγομεν
3629 1898 3722 1950 ἐπὶ
3746 1895 4013 1997 Χριστοῦ,

759 2011 928 2080 ιιι-δύο
961 2012 1200 2067 divinam
1249 2012 1466 2083 quidem
1512 2013 1845 2067 voluntatem
1901 2015 1953 2067 in
1984 2014 2204 2069 Christo
2237 2032 2331 2086 ap-

758 2106 1020 2173 pellamus
1050 2105 1157 2158 vim
1183 2113 1237 2159 et
1264 2104 1546 2159 arbitrium
1576 2102 1729 2165 illud,
1758 2119 1867 2173 quo
1895 2104 2042 2159 velut
2072 2104 2333 2159 Dominus

772 2199 1025 2251 mandata
1055 2198 1147 2250 dat
1174 2207 1227 2252 et
1256 2205 1518 2266 praecepta
1553 2196 1701 2267 ﬁgit;
1753 2212 1848 2265 per
1881 2198 2172 2251 humanam
2205 2213 2334 2251 vero

768 2288 1101 2341 voluntatem
1130 2288 1181 2340 in
1202 2288 1438 2350 Christo,
1454 2287 2140 2359 nihilaliudiutelligimus;
2170 2304 2333 2359 quam

761 2379 969 2433 volendi
991 2378 1442 2446 facultateni,qua
1459 2379 1639 2432 anima
1668 2380 1893 2433 rationis
1927 2380 2192 2450 particeps
2209 2382 2323 2448 pol-

762 2471 833 2525 let
859 2488 872 2536 ;
900 2486 1169 2540 quemque
1204 2471 1502 2525 secundum
1531 2471 1816 2541 imaginem
1852 2481 1905 2525 et
1924 2474 2329 2528 similitudinem

765 2562 879 2625 Dei,
911 2563 1010 2617 sibi
1036 2580 1064 2616 a
1094 2561 1201 2616 Deo
1224 2577 1537 2617 concessam
1561 2572 1615 2617 et
1641 2564 1979 2632 inspiratam,
2012 2567 2115 2619 sub
2153 2567 2330 2635 ipsum

763 2652 1056 2707 ereationis
1085 2668 1197 2707 sua:
1232 2663 1584 2715 momentum,
1618 2655 1859 2721 possidet
1890 2670 1954 2709 eo
1990 2656 2117 2717 line,
2160 2669 2215 2712 ut
2240 2674 2333 2727 per

764 2744 904 2797 hanc
951 2744 1122 2814 ipsam
1154 2745 1359 2799 volendi
1389 2756 1442 2798 et
1470 2746 1876 2814 obteinperandi
1909 2748 2201 2816 potentiam
2250 2751 2331 2803 di-

762 2836 942 2889 vinam
996 2836 1321 2891 voluntatem
1378 2836 1667 2905 divinaque
1714 2838 1966 2892 mandata
2018 2840 2230 2909 expleat
2278 2850 2332 2894 et

764 2925 1026 2996 perficiat.
1073 2926 1222 2992 Quod
1256 2928 1300 2981 si
1348 2927 1527 2981 anima
1554 2926 1758 2983 Christi
1793 2929 2045 2984 rationali
2077 2930 2334 2985 facultate

765 3019 1085 3090 volendique
1115 3029 1378 3088 poteSIate
1409 3021 1616 3089 privata
1647 3032 1731 3075 est
1751 3064 1765 3087 ,
1810 3023 2056 3090 sequitur
2084 3038 2201 3077 eam
2234 3039 2331 3078 ne-

768 3124 873 3178 que
905 3111 971 3163 ad
1002 3109 1405 3164 similitudinem
1438 3110 1526 3164 Dei
1558 3112 1856 3176 conditam,
1884 3127 2057 3182 neque
2088 3114 2331 3182 ejusdem

772 3215 897 3254 cum
929 3201 1212 3255 animabus
1246 3201 1445 3255 nostris
1479 3202 1794 3256 suhstaiitite
1814 3218 1968 3268 esse;
2004 3208 2098 3257 sed
2128 3220 2192 3259 ex
2227 3222 2330 3259 nu-

2434 2007 2534 2076 τὴν
2566 2003 2897 2071 Δεσποτικὴν
2927 2000 3034 2051 τῶν
3072 1994 3509 2067 προσταγμάτων
3546 1989 3733 2052 αὑτοῦ,
3775 1989 3868 2042 καὶ
3899 1987 4017 2040 τῶν

2434 2098 2664 2151 ἐντολῶν
2694 2094 3009 2165 ἐπιτροπὴν,
3040 2090 3251 2160 Θέλημα
3280 2088 3335 2141 δὲ
3362 2085 3700 2155 ἀνθρώπινον
3729 2082 3889 2136 πάλιν
3919 2082 4013 2132 ἐπ’

2434 2190 2597 2245 αὑτοῦ
2626 2188 2856 2258 νοοῦμεν
2879 2186 2976 2257 τὴν
3004 2184 3290 2254 Θελητικὴν
3312 2182 3411 2251 τῆς
3441 2179 3633 2246 νοερᾶς
3660 2175 3835 2245 ψυχῆς
3858 2174 4013 2225 δυνα-

2439 2302 2548 2354 μιν,
2590 2282 2690 2352 τὴν
2716 2281 2836 2334 κατ’
2871 2278 3075 2342 εἰκόνα,
3120 2276 3210 2328 καὶ
3254 2274 3513 2343 ὁμοίωσιν
3561 2265 3696 2319 Θεοῦ
3740 2267 3876 2334 αὑτῇ
3918 2265 4010 2316 δο-

2435 2377 2637 2439 Θεῖσαν,
2659 2375 2751 2426 καὶ
2775 2372 2997 2441 ὲμπνευὶ
3013 2368 3254 2436 σῙΘεῖσαν
3282 2364 3386 2419 ὑπὸ
3404 2361 3564 2424 Θεοῦ,
3582 2360 3741 2430 ἡνίκα
3761 2358 4011 2425 γέγονεν,

2436 2470 2514 2529 ,τίς
2542 2466 2600 2518 τὸ
2635 2465 2699 2517 δι’
2731 2464 2903 2531 αὐτῆς
2930 2460 3233 2529 δυνάμεως,
3271 2454 3580 2526 βούλεσθαι,
3629 2452 3723 2505 καὶ
3763 2447 4015 2501 ὑπακού-

2435 2572 2534 2620 εἰν,
2584 2558 2680 2611 καὶ
2723 2557 2897 2609 ποιεῖν
2923 2555 2983 2606 τὸ
3014 2552 3155 2604 θεῖον
3189 2550 3419 2618 θέλημα,
3467 2546 3559 2597 καὶ
3585 2544 3652 2596 τά
3688 2542 3805 2594 θεῖα
3834 2554 4016 2608 προσ-

2432 2656 2706 2721 τάγματα.
2767 2650 2831 2701 Εἰ
2873 2649 2928 2700 δὲ
2961 2648 3249 2715 ἐστέρηται
3283 2644 3315 2712 ἡ
3345 2639 3439 2693 τοῦ
3468 2635 3703 2708 Χριστοῦ
3733 2634 3879 2703 ψυχὴ
3908 2634 4015 2701 τῆς

2434 2742 2681 2811 λογικῆς,
2718 2742 2812 2793 καί
2844 2737 3149 2808 Θελητικῆς,
3185 2734 3281 2786 καὶ
3316 2728 3665 2801 βουλευτικῆς
3705 2725 4013 2792 δυνάμεως,

2433 2836 2602 2897 ὅντως
2636 2830 2762 2886 οὕτε
2792 2832 2911 2883 κατ’
2948 2829 3133 2882 εἰκόνα
3163 2824 3301 2878 Θεοῦ
3344 2826 3489 2875 ἐστιν
3520 2820 3642 2873 οὔτε
3676 2818 3782 2888 μὴν
3807 2816 4014 2885 ὀμοου-

2435 2943 2549 2989 σιος
2578 2925 2688 2979 τῶν
2716 2923 2997 2993 ἡμετέρων
3028 2918 3214 2990 ψυχῶν
3244 2916 3501 2985 ὑπάρχει.
3544 2912 3705 2963 Ἀλλά
3747 2908 3853 2960 τῶν
3881 2907 4013 2960 ἀθε-

2432 3019 2560 3081 λῶν,
2588 3016 2682 3069 καὶ
2712 3012 3074 3075 ἁϐουλεύτων,
3099 3010 3193 3063 καὶ
3222 3010 3459 3076 ἀσόφων,
3493 3004 3586 3057 καὶ
3621 3000 4016 3065 ὰδιαλοτίστων

2433 3112 2643 3180 ἀλόγων
2675 3107 2881 3178 ψυχῶν.
2912 3107 3021 3159 Καὶ
3048 3104 3145 3156 οὐκ
3176 3102 3252 3154 ἔτι
3287 3100 3469 3153 λοιπὸν
3488 3099 3516 3149 ό
3542 3095 3773 3166 Χριστὸς
3801 3092 4015 3152 τέλειος

2434 3208 2491 3259 ὲν
2520 3203 2898 3274 ἀνθρωπότητι
2927 3198 3147 3251 δύναται
3175 3192 3449 3263 λέγεσθαι.

768 3309 918 3347 mero
969 3291 1179 3348 illarum
1234 3295 1357 3357 erit,
1407 3311 1525 3365 quae
1568 3296 1781 3351 volcndi
1836 3300 2086 3367 potentia:
2124 3316 2346 3369 prorsus
2420 3310 2549 3356 sunt
2582 3308 2863 3369 expertes,
2926 3296 3187 3363 omnique
3237 3289 3496 3360 sapientia
3543 3296 3595 3341 et
3646 3282 4013 3340 ratiocinandi

767 3390 963 3444 virtute
990 3400 1195 3445 carent.
1236 3389 1348 3445 Nec
1372 3391 1437 3444 de
1472 3400 1664 3446 caetero
1698 3394 1893 3462 poterit
1924 3393 2173 3450 Christus
2223 3395 2495 3465 perlectus
2530 3397 2583 3450 in
2621 3394 2953 3449 humanitate
2988 3389 3193 3445 vocari.

838 3502 1000 3573 Igitur
1027 3501 1301 3566 Christus,
1350 3504 1441 3572 qui
1476 3504 1527 3558 in
1566 3503 1740 3558 forma
1770 3504 1862 3560 Dei
1893 3516 1995 3569 est,
2044 3507 2205 3561 habet
2243 3523 2331 3561 se-
2360 3498 2401 3551 C

768 3596 1004 3650 cundum
1038 3595 1271 3649 divinam
1298 3606 1543 3649 naturam
1574 3598 1910 3652 voluntatem
1943 3615 2197 3667 supremo
2226 3600 2329 3656 Do-

773 3689 919 3742 mino
947 3698 1362 3742 consentaneam
1390 3706 1403 3749 ;
1437 3703 1779 3745 communem
1808 3707 1928 3746 cum
1960 3693 2117 3746 Patre
2142 3703 2193 3746 et
2217 3695 2334 3763 ipso

771 3791 959 3835 sancto
992 3779 1219 3850 Spiritu.
1255 3778 1425 3834 Habet
1455 3781 1638 3836 itidem
1680 3784 1732 3837 in
1772 3782 1944 3838 forma
1976 3788 2138 3847 servi,
2170 3802 2330 3855 quam

773 3874 966 3937 induit,
1004 3875 1332 3927 voluntatem
1361 3892 1374 3935 ;
1428 3874 1778 3930 intellectuali
1810 3878 1949 3947 ejus,
1984 3889 2038 3933 et
2067 3878 2329 3933 immacu-

772 3968 891 4021 lata:
920 3967 1115 4022 animae
1156 3976 1583 4035 competentem;
1634 3970 1906 4023 conditam
1937 3971 2003 4025 ad
2041 3972 2332 4043 imaginem

771 4066 825 4111 et
857 4054 1265 4111 similitudinem
1298 4055 1422 4117 Dei;
1472 4071 1699 4126 quaque
1741 4059 2069 4115 voluntatem
2121 4059 2329 4115 Domini

770 4149 1106 4219 exsequitur.
1134 4147 1189 4201 Si
1214 4163 1342 4217 ergo
1362 4149 1565 4201 tollitur
1589 4151 1837 4205 voluntas
1864 4166 1928 4205 ex
1962 4162 2145 4207 sancta
2175 4163 2228 4209 et
2250 4156 2332 4208 in-

770 4240 1060 4311 tellectuali
1092 4239 1269 4294 anima
1297 4238 1517 4304 Christi,
1549 4256 1769 4297 necesse
1794 4243 1916 4309 erit,
1950 4252 2009 4296 ut
2035 4245 2332 4300 secundum

772 4331 1130 4393 divinitatem,
1165 4330 1305 4383 servi
1337 4330 1526 4396 instar,
1562 4332 1883 4402 subjiciatur
1914 4333 2080 4399 Patri,
2129 4334 2332 4390 Patris-

771 4438 877 4492 que
912 4422 1241 4477 voluntatem
1275 4422 1515 4491 impleat.
1549 4422 1641 4477 Sic
1680 4426 1823 4478 enim
1854 4424 2015 4481 Arius
2044 4435 2097 4481 et
2138 4428 2336 4480 Diodo-

772 4530 866 4569 rus
916 4514 1378 4584 blasphemarnnt,
1426 4515 1562 4569 duas
1615 4516 1923 4571 voluntates
1976 4517 2029 4571 in
2081 4517 2239 4573 Patre
2283 4529 2334 4574 ct

772 4607 909 4661 Filio
934 4608 1232 4662 secundum
1267 4606 1601 4661 divinitatem
1644 4610 2040 4664 constituentes
2070 4629 2081 4663 :
2112 4612 2333 4665 alteram

773 4700 949 4755 Patris
1002 4711 1259 4769 tanquam
1311 4698 1563 4763 Domini,
1624 4701 1846 4755 alteram
1910 4702 2028 4757 Filii
2078 4714 2332 4774 tanquam

772 4796 934 4849 servi.
969 4794 1105 4849 Hinc
1131 4794 1284 4848 aiunt
1316 4794 1445 4848 illud
1492 4795 1763 4849 dicturum
1797 4796 1993 4849 Filium
2025 4797 2089 4850 ad
2121 4795 2331 4851 Patrem

770 4902 909 4951 esse,
941 4888 1088 4941 velut
1127 4887 1269 4941 servi
1304 4887 1369 4940 ad
1415 4885 1704 4941 Dominum
1742 4910 1753 4942 ;
1796 4906 1814 4938 ι
1847 4886 1960 4943 Νοιι
1995 4904 2111 4942 mea
2139 4890 2331 4943 volun-

770 4989 852 5033 tas
883 4978 995 5048 fiat,
1021 4976 1204 5043 Pater,
1240 4978 1331 5032 sed
1366 4988 1455 5031 tua
1471 4978 1511 5032 ⁵.
1550 4997 1568 5029 ι
1607 4977 1673 5031 Et
1700 4997 1713 5032 :
1754 4978 1897 5032 «Non
1928 4996 2113 5049 quaero
2144 4984 2332 5036 volun-

770 5079 933 5124 tatem
968 5085 1164 5134 meam,
1201 5071 1293 5124 sed
1325 5068 1555 5123 Patris'.
1588 5088 1604 5119 ι
1640 5068 1764 5124 Haec
1794 5071 2051 5125 haeretici.

838 5166 906 5218 At
929 5166 1099 5218 sancti
1132 5164 1316 5218 Patres
1347 5164 1459 5217 haec
1490 5164 1789 5219 secundum
1816 5166 2105 5219 humanam
2130 5165 2330 5221 Christi

771 5266 1018 5311 naturam
1052 5258 1388 5327 interpretati
1439 5267 1586 5312 sunt.
1644 5259 1699 5312 Si
1736 5273 1865 5312 vero
1915 5260 2095 5312 anima
2128 5260 2329 5314 Christi

772 5348 1095 5403 intellectiva
1154 5350 1431 5403 voluntate
1473 5350 1681 5412 caruit,
1734 5348 2082 5404 manifestum
2130 5352 2329 5415 evadit,

769 5439 915 5508 quod
951 5440 1324 5503 involuntarie,
1358 5441 1530 5495 instar
1564 5440 1664 5505 rei,
1718 5456 1839 5511 qua
1874 5442 2079 5495 ratione
2113 5442 2331 5510 prwdita

772 5546 879 5583 non
920 5540 1021 5594 est,
1055 5531 1238 5584 divino
1271 5528 1445 5583 Verbo
1497 5532 1740 5600 subjecta
1793 5532 1977 5587 fuerit.
2031 5531 2133 5587 Sed
2166 5549 2335 5604 apage

774 5622 892 5675 ista.
929 5619 1063 5675 Nam
1099 5623 1142 5674 si
1191 5623 1486 5676 secundum
1518 5624 1852 5679 divinitatem
1884 5623 2157 5694 perlectus
2189 5624 2331 5694 fuit;

842 5826 862 5853 ⁸
894 5822 1022 5877 Luc.
1064 5839 1197 5889 xm,
1226 5824 1313 5879 42.
1390 5826 1410 5857 ⁸
1438 5824 1595 5881 Joan.
1628 5841 1679 5891 ν,
1715 5826 1805 5883 50.

2505 3507 2715 3561 Οὐκοῦν
2761 3506 2873 3576 ἔχει
2917 3506 2945 3556 ὁ
2980 3502 3213 3574 Χριστὸς
3248 3500 3305 3553 ἐν
3355 3500 3534 3569 μορφῇ
3575 3494 3709 3548 Θεοῦ
3745 3492 4017 3562 ὑπάρχων

2435 3602 2575 3654 κατὰ
2623 3600 2721 3671 τὴν
2774 3597 3038 3668 θεότητα,
3086 3594 3298 3665 θέλημα
3324 3589 3676 3651 Δεσποτικόν,
3716 3588 3852 3656 ὅπερ
3878 3586 4010 3638 ἐστὶ

2435 3694 2609 3747 κοινὸν
2638 3692 2871 3761 Πατρὸς,
2902 3690 2998 3743 καὶ
3024 3687 3187 3741 αὑτοῦ
3215 3684 3307 3739 τοῦ
3341 3684 3495 3751 ἁγίου
3527 3680 3862 3749 Πνεύματος·
3891 3675 4011 3744 ἔχει

2432 3787 2489 3840 δὲ
2519 3787 2592 3849 ὡς
2625 3786 2837 3855 μορφὴν
2864 3783 3049 3836 δούλου
3079 3779 3256 3833 λαϐὼν
3276 3819 3291 3843 ,
3324 3779 3419 3831 καὶ
3442 3777 3502 3828 τὸ
3526 3775 3737 3843 θέλημα
3766 3774 3863 3841 τῆς
3894 3787 4018 3822 νοε-

2436 3881 2554 3949 ρᾶς,
2588 3879 2683 3931 καὶ
2709 3877 2976 3947 ἀχράντου
3008 3872 3174 3928 αὑτοῦ
3200 3871 3400 3941 ψυχῆς,
3430 3870 3492 3922 τὸ
3524 3867 3644 3921 κατ’
3674 3865 3879 3924 εἰκόνα,
3911 3866 4017 3916 καὶ

2433 3972 2691 4042 ὁμοίωσιν
2711 3967 2866 4033 Θεοῦ,
2892 3965 3266 4038 ὲκπληροῦντα
3285 3963 3342 4016 τὸ
3365 3961 3573 4030 θέλημα
3595 3958 3689 4013 τοῦ
3710 3958 4012 4010 Δεσπότουο

2434 4067 2483 4117 εί
2532 4064 2587 4115 δὲ
2636 4062 2942 4131 ἀναιρεῖται
2987 4059 3048 4111 τὸ
3088 4057 3300 4127 Θὲλημα
3331 4056 3433 4124 τῆς
3474 4054 3633 4122 ἁγίας
3671 4054 3767 4106 καὶ
3812 4055 4014 4121 νοερᾶς

2436 4156 2597 4211 αὐτοῦ
2623 4156 2815 4226 ψυχῆς,
2842 4152 3193 4221 εὑρεθήσεται
3220 4150 3361 4203 κατά
3381 4149 3479 4219 τὴν
3505 4149 3731 4217 θεότητσ
3750 4145 4014 4207 δουλικῶς

2436 4250 2814 4319 ὑποκείμενος,
2866 4251 2962 4300 καὶ
3012 4245 3234 4315 πληρῶν
3276 4243 3337 4296 τὸ
3382 4242 3594 4311 θέλημα
3638 4240 3732 4293 τοῦ
3774 4240 4011 4309 Πατρός.

2436 4343 2623 4405 Οῦτως
2664 4342 2771 4411 γάρ
2810 4342 2839 4393 ὁ
2876 4341 3112 4408 Ἄρειος,
3158 4338 3253 4389 καὶ
3295 4335 3555 4405 Διόδωρος
3588 4334 4011 4402 ὲδυσφήμησαν,

2435 4434 2527 4487 δύο
2574 4432 2853 4502 Θελήματα
2886 4431 3134 4495 λέγοντες
3169 4427 3309 4481 κατὰ
3353 4426 3451 4497 τὴν
3488 4426 3718 4494 θεότητα
3774 4424 3864 4475 ἐπὶ
3912 4424 4013 4475 τοῦ

2438 4525 2670 4594 Πατρός,
2708 4525 2801 4578 καὶ
2828 4522 2921 4575 τοῦ
2952 4522 3081 4575 Υίοῦ
3104 4535 3118 4550 ⁸
3152 4522 3213 4572 το
3248 4521 3344 4589 μὲν
3376 4519 3470 4571 τοῦ
3504 4518 3715 4587 Πατρός
3751 4521 4018 4569 Δεσποτι-

2438 4618 2530 4669 κόν
2557 4634 2569 4647 -
2605 4618 2666 4669 τὸ
2697 4616 2754 4669 δὲ
2794 4615 2885 4669 τοῦ
2920 4613 3047 4667 Υίοῦ
3084 4614 3348 4667 δουλικόν.
3383 4613 3491 4665 Καὶ
3521 4611 3607 4663 διά
3636 4611 3794 4663 τοῦτο
3833 4609 4014 4675 λέγει,

2437 4716 2624 4781 φησιν,
2676 4712 2703 4763 ὁ
2748 4711 2894 4771 Υἱὸς,
2930 4707 3003 4765 ὼς
3030 4706 3211 4769 δοῦλος
3255 4708 3390 4776 πρὸς
3432 4705 3736 4771 Δεσπότην·
3782 4720 3800 4750 ι
3829 4702 3921 4771 Μὴ
3954 4702 4019 4753 τὸ

2438 4806 2567 4875 ἐμὸν
2597 4804 2805 4875 Θέλημα
2832 4803 3071 4872 γενέσθω
3098 4802 3308 4871 Πατὴρ,
3342 4798 3475 4851 ἀλλὰ
3502 4798 3561 4849 τὸ
3587 4800 3697 4850 σόν.
3731 4816 3749 4847 ι
3786 4796 3894 4848 Καὶ
3928 4797 4016 4848 ὃτι

2444 4918 2461 4950 ι
2504 4897 2579 4952 Οὑ
2612 4898 2759 4967 ζητῶ
2788 4898 2845 4950 τὸ
2874 4898 3085 4967 οέλημα
3124 4898 3185 4949 τὸ
3216 4896 3363 4965 ἐμὸν,
3401 4893 3539 4947 ἀλλά
3568 4892 3662 4945 τοῦ
3709 4890 3945 4961 Πατρός.
3991 4909 4009 4939 ι

2512 5166 2699 5221 Ταῦτα
2768 5166 2948 5219 τοίνυν
3020 5164 3129 5217 τῶν
3204 5163 3497 5233 αἱρετικῶν
3572 5160 3873 5228 λεγόντων,
3964 5168 4015 5217 οἱ

2440 5260 2584 5327 ἆγιοι
2642 5258 2799 5327 ἡμῶν
2870 5257 3148 5327 Πατέρες,
3214 5256 3417 5326 μᾶλλον
3459 5255 3604 5306 κατὰ
3671 5254 3731 5305 τὸ
3791 5254 4016 5324 ἀνθρὼ-

2441 5369 2591 5405 ⁹πινον
2616 5350 2707 5403 τοῦ
2733 5350 2935 5420 Κυρίου
2965 5348 3133 5401 ταῦτα
3162 5348 3532 5417 ἡρμήνευσαν.
3565 5346 3626 5398 Εἰ
3654 5345 3708 5398 δὲ
3734 5347 4018 5414 ἐστερείτο

2439 5445 2539 5513 τῆς
2564 5445 2753 5516 νοερᾶς
2784 5443 3051 5512 Θελήσεως
3082 5444 3113 5510 ἡ
3161 5440 3253 5493 τοῦ
3294 5441 3499 5509 Κυρίου
3531 5439 3697 5509 ψυχὴ,
3740 5439 4017 5509 πρόδηλον

2440 5538 2640 5601 λοιπὸν,
2692 5537 2771 5587 ὃτι
2806 5535 3071 5595 ἀκουσίως
3122 5533 3275 5602 δίκην
3305 5533 3501 5597 ἀλόγου
3552 5530 3881 5583 ὑπετάττετο
3934 5533 4018 5602 τῷ

2441 5630 2559 5701 Θεῷ
2586 5630 2763 5699 Λόγῳ.
2809 5628 2963 5682 Ἀλλά
3000 5627 3073 5696 μὴ
3105 5626 3329 5693 γένοιτο.
3379 5625 3439 5677 Εἰ
3485 5622 3592 5693 γὰρ
3623 5623 3824 5684 τέλειός
3859 5623 4018 5677 ἐστιν
