4164 6434
154 381 206 441 :3
1521 374 1666 435 \‘L-E
1694 373 1874 435 DUX.
3274 363 3343 426 46

152 495 410 560 vitam;
445 490 533 542 καὶ
558 487 759 556 ὁμοίως
795 487 1018 551 τέλειος,
1061 486 1156 542 καὶ
1197 487 1483 557 ὁμοουσιος
1512 485 1673 555 ἡμῶν
1702 493 1745 545 Α
1775 502 1796 538 s

1709 493 1745 545 Α
1775 483 2027 538 similiter
2056 480 2326 551 perlectus
2352 481 2615 551 nobisque
2644 478 3125 535 consubstantialis
3156 492 3353 530 secun-

153 587 261 639 κατὰ
285 586 370 653 τὴν
409 582 838 652 ανθρωπότητα,
894 580 1009 649 ἔχει
1056 577 1289 641 τελείας,
1346 577 1534 648 ὥσπερ
1572 576 1672 641 τὰς

151 680 321 740 (ιιίκέις,
352 674 485 727 οὕτω
516 674 614 728 καὶ
640 672 739 735 τὰς
771 671 895 727 καθ’
919 672 1069 742 ἡμᾶς
1099 671 1386 742 ίδιότητας.

201 857 330 910 Οὕτω
354 855 509 909 πάλιν
558 855 649 925 καὶ
683 854 774 907 ἐπὶ
806 851 915 905 τῶν
943 852 1037 905 δύο
1083 853 1373 924 ἐνεργειῶν
1428 850 1666 921 νοητέον,

152 952 219 1002 καὶ
241 946 581 1020 ἑρμηνευτέον
616 945 709 998 τοῦ
734 944 994 1013 Χριστοῦ.
1040 946 1351 1016 Ἐνέργειαν
1385 946 1484 1012 μὲν
1506 943 1671 997 αὐτοῦ

150 1039 337 1109 τὴντῶν
364 1037 679 1108 θαυμάτων,
715 1039 809 1089 καὶ
832 1037 1132 1107 τεραστίων
1168 1037 1408 1106 ποίησιν,
1440 1036 1531 1088 καὶ
1564 1036 1671 1104 μά-

151 1132 268 1182 λιπα
290 1131 341 1180 ὲν
366 1123 443 1187 οἷς
468 1129 531 1180 οὐ
563 1127 966 1196 προσέψαυσεν,
1004 1126 1125 1180 οὐδὲ
1162 1127 1340 1196 ἥψατο
1368 1128 1401 1197 ή
1430 1125 1672 1193 παναγία

152 1223 275 1276 σι)τοῦ
304 1220 427 1291 σάρξ
454 1236 467 1250 ·
519 1216 611 1273 οἶα
636 1216 705 1289 ἦν
734 1221 767 1289 ή
808 1223 906 1289 τῆς
935 1220 1206 1291 θυγατρδς
1236 1219 1337 1288 τῆς
1365 1219 1672 1281 Χαναναίας

154 1317 207 1383 μὴ
232 1314 467 1382 ἐλθούσης
516 1313 655 1383 πρὸς
698 1312 955 1384 Χριστὸν,
1000 1314 1094 1365 καὶ
1142 1312 1175 1382 ἠ
1226 1310 1318 1364 τοῦ
1358 1310 1545 1374 παιδὸς
1577 1309 1672 1363 τοῦ

151 1404 513 1473 ἑκατοντάρχου,
548 1404 645 1456 καὶ
666 1406 697 1472 ἡ
722 1402 818 1456 τοῦ
848 1402 1343 1471 καταπετάσματος
1366 1401 1670 1472 διάρρηξις,

153 1498 266 1549 καίὸ
297 1494 384 1549 τοῦ
413 1495 567 1566 ἡλίου
597 1495 916 1564 σκοτισμὸς,
951 1495 1066 1556 καὶ,
1096 1494 1129 1562 ὴ
1158 1493 1269 1547 τῶν
1313 1493 1528 1565 πετρῶν
1556 1493 1672 1546 διά-

152 1605 305 1659 σχισις,
324 1589 413 1643 καὶ
436 1592 471 1660 ὴ
491 1587 602 1642 τῶν
630 1590 820 1655 τάφων
840 1586 1115 1650 διάνοιξις,
1141 1587 1236 1641 καὶ
1261 1587 1294 1656 ἡ
1326 1586 1436 1638 τῶν
1462 1583 1672 1655 νεκρῶν

151 1683 416 1746 ἀνάστασις·
459 1680 555 1734 τοῦ
588 1679 861 1747 παναγίου
893 1678 1001 1749 γὰρ
1032 1679 1285 1750 σώματος
1313 1675 1507 1749 νεκροῦ
1548 1693 1674 1747 κρε-

153 1773 369 1844 μαμένου,
418 1773 512 1826 καὶ
558 1771 747 1840 μηδενὶ
789 1770 992 1823 τούτων
1031 1767 1503 1836 προσψαύσαντος,
1537 1768 1570 1837 ἡ
1615 1770 1674 1821 ὲν

150 1862 277 1915 αὑτοῦ
302 1860 388 1913 τοῦ
436 1858 571 1913 Θεοῦ
604 1860 781 1926 Λόγου
822 1858 977 1928 θεῖκὴ
1029 1859 1280 1927 ἐνέργεια
1317 1860 1451 1928 μόνη
1499 1856 1672 1910 ταῦτα

150 1953 441 2023 διεπράξατο,
473 1952 567 2006 καὶ
600 1952 920 2021 ὲνὲργησεν.

208 2048 552 2117 Ἀνθρωπξνην
578 2046 636 2099 δὲ
668 2045 832 2099 πάλιν
857 2045 915 2096 ἐν
940 2042 1163 2114 Χριστῷ
1190 2043 1471 2114 ἐνέργειαν
1501 2042 1671 2098 καθα-

151 2141 238 2208 ρὰν,
262 2140 344 2192 καὶ
379 2140 559 2207 ἁγίαν,
590 2139 687 2191 καὶ
724 2137 979 2207 ἄμωμον,
1011 2136 1105 2189 καὶ
1133 2135 1394 2199 θεόδοτον,
1433 2137 1528 2189 καὶ
1558 2134 1676 2190 θεό-

151 2248 343 2293 κτιστον,
379 2232 472 2283 καὶ
503 2229 746 2296 ζωτικὴν
778 2228 1031 2299 λέγομεν,
1056 2228 1156 2299 τὴν
1187 2227 1288 2299 τῆς
1319 2229 1483 2297 ἁγίας
1511 2228 1674 2284 αὐτοῦ

148 2324 286 2393 ψυχῆς
305 2323 558 2389 CMT-01W
584 2324 889 2392 ἐνέργειαν,
932 2323 996 2377 δι’
1018 2318 1085 2396 ἦς
1109 2322 1426 2387 ὲζωποιείτο
1463 2321 1525 2374 τὸ
1549 2337 1677 2376 πανο

149 2418 268 2484 άγιον
292 2418 448 2471 αὑτοῦ
484 2419 667 2488 σῶμα,
700 2414 769 2489 ἦς
800 2416 1162 2488 χωρισθεξσης
1194 2415 1337 2469 κατὰ
1365 2414 1459 2469 τὸν
1485 2414 1676 2487 καιρὸν

151 2506 217 2559 τοῦ
236 2507 438 2571 πάθους,
469 2510 564 2560 καὶ
594 2507 919 2575 ἐξελθούσης
950 2506 1014 2558 ἐκ
1042 2505 1135 2558 τοῦ
1170 2500 1443 2575 σῶματος,
1472 2504 1676 2568 εὐθέως

152 2601 302 2667 νεκρὸν
342 2601 398 2653 τὸ
452 2599 613 2666 σῶμα
665 2601 877 2666 γέγονε,
928 2597 1026 2665 τῆς
1081 2596 1230 2660 θείας
1279 2594 1560 2667 ἐνεργείας
1600 2597 1675 2665 μὴ

153 2689 461 2757 χωρισθείσης
493 2690 552 2754 ἐξ
584 2687 770 2740 αὑτοῦ.
803 2688 925 2740 Ὅτι
948 2686 1003 2740 δὲ
1030 2686 1117 2739 διὰ
1147 2686 1243 2757 τῆς
1276 2686 1554 2759 ἐνεργείας
1578 2685 1677 2755 τῆς

152 2779 362 2849 ζωτικῆς,
412 2783 509 2851 τῆς
542 2780 736 2850 νοερᾶς
766 2778 943 2849 ψυχῆς
989 2780 1334 2842 ζωοποιεῖται
1382 2777 1443 2830 τὸ
1497 2777 1674 2847 σῶμα,

156 2877 373 2943 μαρτυρεί
418 2874 451 2941 ἠ
497 2872 537 2923 Γ
543 2870 695 2943 ραψὴ
738 2870 805 2924 δι’
853 2869 1017 2923 αὐτοῦ
1078 2868 1226 2922 θείου
1285 2868 1677 2939 ὲμιρυσήματος

154 2964 552 3035 ὀημιουργήσασα
597 2962 677 3032 τῷ
717 2960 887 3031 χοῖκῷ
924 2960 1081 3031 ἡμῶν
1112 2959 1323 3030 σώματι
1359 2960 1537 3030 ψυχὴν
1574 2960 1677 3024 ζω-

154 3058 292 3128 τικήν.
336 3058 463 3125 Περὶ
508 3052 579 3126 ἦς
611 3072 778 3124 φησιν
803 3056 833 3107 6
862 3052 1113 3124 Σολομὼν
1152 3052 1291 3123 πρός
1318 3069 1470 3113 τινας
1506 3068 1679 3119 παρα-

1771 576 1900 629 dum
1950 573 2346 628 humanitatem
2388 573 2597 627 censeri
2647 573 2823 627 debet.
2881 568 3353 639 Quemadmodum

1771 667 2016 733 divinas,
2058 665 2139 720 sic
2168 674 2222 719 et
2250 672 2488 729 nostras,
2525 666 2629 720 hoc
2660 673 2766 730 est,
2802 666 3071 720 humanas
3100 663 3353 735 proprie-

1773 770 1909 816 tates
1942 758 2212 829 perfectas
2243 759 2471 813 obtinet.

1848 852 1951 924 ιε,
1973 852 2096 907 Pari
2123 852 2286 907 modo
2310 851 2377 907 de
2396 850 2611 907 duabus
2632 849 3036 918 operationibus
3057 848 3109 902 in
3132 846 3352 903 Christo

1782 944 2134 1016 cogitandum
2173 951 2229 999 ει
2261 943 2695 999 ratiocinandum
2723 950 2826 995 est.
2862 940 2998 995 Nam
3030 956 3209 995 rerum
3242 940 3351 993 mi-

1776 1039 2028 1094 rabilium
2088 1048 2144 1093 et
2194 1038 2629 1108 prodigiosarum
2688 1035 3001 1092 el‘fectiones
3037 1077 3051 1101 ,
3116 1037 3351 1091 maxime

1775 1133 1914 1195 illas,
1948 1146 2068 1201 qua:
2094 1131 2302 1199 absque
2342 1138 2546 1184 attactu
2596 1128 2953 1185 sanctissima:
2982 1129 3162 1183 carnis
3193 1129 3350 1181 Chri-

1775 1225 1843 1277 sti
1877 1223 2032 1278 l'acta:
2072 1221 2403 1293 (cuiusmodi
2434 1229 2610 1285 erant,
2642 1220 2864 1289 quando
2896 1222 2960 1275 ad
2993 1236 3182 1291 preces
3208 1220 3352 1275 Cha-

1775 1331 1978 1372 nanaea‘.
2026 1315 2268 1371 mulieris
2303 1315 2427 1369 tiliae
2468 1313 2537 1369 ad
2566 1313 2843 1367 Christum
2890 1328 2996 1365 non
3041 1313 3351 1382 prolectat“,

1773 1421 1827 1462 et
1869 1424 2035 1478 puero
2077 1407 2445 1461 centurionis'
2478 1405 2765 1460 sanitatem
2809 1404 3077 1467 contulit;
3130 1404 3354 1471 quando

1775 1502 1951 1555 velum
2006 1500 2191 1569 templi
2248 1500 2482 1553 scissum
2525 1507 2641 1563 est;
2706 1495 2926 1566 quando
2980 1496 3061 1550 sol
3117 1496 3355 1551 tenebris

1773 1595 2127 1659 obseurattts;
2169 1594 2390 1661 quando
2432 1599 2597 1661 petrae
2631 1599 2823 1659 ruptte,
2861 1590 3107 1657 sepulcra
3141 1599 3349 1659 aperta,

1776 1685 2082 1754 mortuique
2107 1680 2398 1748 excitati”;
2430 1682 2805 1738 sacratissimo
2837 1680 2958 1750 ejus
2992 1696 3221 1749 corpore
3238 1682 3349 1749 iam

1776 1777 1886 1832 vita
1917 1778 2053 1833 orbo
2082 1778 2136 1830 in
2166 1790 2329 1831 cruce
2358 1774 2647 1845 pendente,
2686 1771 2931 1841 nihilque
2966 1770 3159 1824 horum
3190 1770 3355 1825 attin-

1786 1869 1965 1939 gente)
2048 1868 2322 1924 ascribere
2370 1873 2583 1937 oportet
2612 1864 2714 1935 ipsi
2764 1862 2933 1919 divini
2963 1860 3128 1917 Verbi
3158 1863 3356 1919 divina:

1778 1958 2100 2027 operationi,
2132 1973 2256 2029 quae
2290 1956 2406 2012 sola
2439 1957 2553 2011 haec
2581 1970 2744 2025 opera
2774 1955 3030 2029 patravit.

1848 2052 2061 2105 Rursus
2088 2050 2385 2103 humanam
2418 2045 2473 2099 in
2504 2046 2726 2099 Christo
2766 2026 3136 2114 operationem
3167 2044 3356 2113 appel-

1778 2146 1954 2198 lamus
1997 2157 2191 2212 puram
2245 2140 2417 2201 illam,
2463 2150 2728 2205 sanctam,
2775 2138 3128 2207 inculpatam,
3175 2151 3206 2190 a
3248 2135 3356 2190 Deo

1777 2234 1981 2299 datam,
2023 2243 2075 2287 et
2105 2242 2345 2288 creatam
2391 2231 2733 2298 vitalemqne,
2776 2241 2830 2285 et
2874 2228 3153 2283 vivilicam‘
3184 2226 3355 2283 actio-

1780 2342 1924 2391 nem,
1953 2341 1985 2379 a
2015 2334 2363 2380 sacrosancta
2396 2322 2598 2376 Christi
2632 2322 2813 2373 anima
2866 2329 3202 2382 manantem,
3245 2333 3355 2388 qua

1778 2430 2021 2489 tempore
2052 2418 2323 2486 passionis
2353 2424 2624 2486 separata,
2673 2422 2728 2468 et
2770 2429 2835 2467 ex
2874 2428 3103 2483 corpore
3137 2413 3356 2479 educta,

1777 2527 1990 2583 corpus.
2022 2512 2311 2580 derepente
2362 2508 2618 2563 exanime
2666 2506 2886 2571 mansit,
2933 2508 3114 2560 divina
3162 2522 3357 2576 opera-

1779 2606 1925 2660 tione
1959 2603 2183 2658 minime
2215 2601 2282 2655 ab
2312 2601 2404 2656 illo
2431 2600 2698 2669 seiuncta.
2743 2598 3010 2654 Caeterum
3043 2601 3190 2669 quod
3229 2613 3355 2653 cor-

1781 2713 1881 2765 pus
1911 2695 2175 2750 elliciatur
2207 2693 2386 2747 vivum
2425 2707 2518 2761 per
2548 2691 2720 2762 ipsam
2749 2692 3120 2761 operationem
3154 2688 3357 2752 vitalis,

1780 2800 1832 2842 et
1863 2785 2237 2842 intellectualis
2266 2784 2481 2848 animat,
2513 2792 2744 2837 testatur
2773 2781 3077 2852 Scriptura,
3109 2795 3234 2836 cum
3260 2779 3356 2845 ait,

1782 2893 2000 2935 terreno
2030 2878 2249 2949 corpori
2280 2886 2469 2932 nostro
2500 2892 2568 2930 ex
2614 2877 2735 2945 ipso
2784 2875 2875 2929 Dei
2932 2874 3210 2944 spiraculo
3238 2871 3359 2928 ani-

1784 2991 1923 3028 mam
1952 2974 2222 3029 viventem
2252 2981 2595 3043 procreatam
2629 2970 2811 3025 csse’.
2873 2967 2950 3024 De
2980 2982 3087 3039 qua
3121 2967 3361 3038 loquitur

1784 3066 2042 3119 Salomon
2098 3064 2168 3118 ad
2214 3061 2483 3133 quosdam
2531 3062 2811 3131 improbos
2866 3071 2922 3116 et
2977 3060 3293 3115 idololatras
3340 3075 3356 3112 :

156 3149 308 3219 νόμους
351 3154 441 3204 καὶ
495 3148 895 3221 εἰδωλολάτρας
920 3164 934 3178 υ
989 3164 1009 3197 ι
1052 3144 1231 3217 Πηλοῦ
1283 3145 1601 3215 ἀτιμότερος
1652 3145 1679 3196 6
1706 3177 1751 3238 ο
1789 3177 1800 3207 ε

1716 3177 1751 3238 Β
1789 3177 1806 3207 ι
1846 3157 1983 3211 Luto
2014 3155 2174 3210 vilior
2214 3155 2329 3209 vita
2353 3154 2507 3220 eius;
2551 3155 2812 3223 quoniam
2850 3152 3139 3223 ignoravit,
3172 3151 3265 3217 qui
3301 3164 3360 3206 se

158 3237 242 3307 Eb;
267 3240 453 3301 αὐτῶν,
487 3240 570 3292 ὅτι
604 3240 883 3308 ἠγνόησαν
922 3236 1012 3291 τὸν
1057 3236 1337 3291 κλάσαντα
1376 3235 1556 3300 αὐτὸν,
1588 3235 1682 3288 καὶ

156 3326 222 3381 τὸν
246 3330 611 3397 ὲμπυεύσαντα
640 3327 790 3397 αὐτῷ
811 3328 987 3398 ψυχὴν
1014 3326 1363 3398 ἐνεργοῦσαν,
1388 3326 1483 3378 καὶ
1507 3327 1681 3395 ἐμφυ-

159 3420 352 3489 σήσαντα
378 3421 527 3491 αὐτῷ
556 3419 778 3491 πνεῦμα
833 3418 1080 3484 ζωτικόν.
1130 3438 1147 3468 ι
1209 3418 1341 3472 Ἰδοὺ
1388 3418 1573 3487 σαφῶς
1614 3416 1683 3471 δι’

158 3510 385 3583 ἐνεργείας
426 3516 527 3584 τῆς
566 3513 747 3583 ψυχῆς
804 3511 1146 3582 μανθάνομεν
1195 3510 1575 3576 ζωοποιεῖσθαι
1623 3511 1683 3564 τὸ

159 3604 297 3671 σῶμα,
324 3603 500 3667 καθὼς
530 3606 560 3656 6
594 3605 796 3674 Κύριος
821 3601 949 3665 τοὺς
972 3602 1100 3673 περὶ
1136 3602 1356 3673 σαρκὸς,
1384 3602 1479 3656 καὶ
1504 3601 1683 3673 ψυχῆς

159 3690 345 3758 εἰσάγων
383 3692 573 3760 λόγους
644 3692 813 3761 φησὶν
840 3732 854 3754 ,
908 3709 927 3742 ι
960 3692 1042 3745 ὅτι
1086 3692 1161 3745 Τὸ
1202 3692 1421 3762 πνεῦμὰ
1466 3693 1581 3746 ἐστι
1625 3692 1686 3747 τὸ

159 3782 427 3849 ζωοποιοῦν,
462 3787 495 3855 ἡ
541 3785 682 3856 σὰρξ
710 3787 811 3839 οὐκ
853 3785 1051 3852 ὠφελεί
1078 3786 1252 3840 οὐδέν.
1290 3805 1309 3839 ι
1353 3786 1414 3839 Εἰ
1447 3786 1503 3839 δὲ
1537 3786 1684 3855 λέγει

158 3873 259 3927 ὁδί
295 3878 552 3942 ἐναντίας,
581 3878 663 3931 ὃτι
700 3880 728 3932 6
764 3877 898 3940 Θεὸς
942 3877 1114 3945 Λόγος
1146 3873 1215 3948 ἦν
1245 3878 1274 3930 6
1314 3876 1595 3941 ζωοποιῶν
1624 3879 1685 3932 τὸ

162 3965 301 4034 σῶμα,
332 3970 385 4035 ἐξ
424 3969 673 4037 ἀνάγκης
705 3970 1016 4042 εὑρίσκεται
1046 3968 1239 4037 λέγων,
1276 3970 1358 4023 ὅτι
1389 3970 1529 4024 κατὰ
1564 3970 1685 4023 στέ-

162 4074 303 4126 ρησιν,
325 4061 415 4114 καὶ
447 4060 728 4132 χωρισμὸν
760 4060 923 4115 αὑτοῦ
947 4061 1040 4115 τοῦ
1067 4060 1201 4116 Θεοῦ
1227 4063 1401 4128 Λόγου
1428 4061 1686 4133 τέθνηκεν

162 4149 287 4203 αὑτοῦ
310 4153 363 4205 τὸ
386 4154 563 4224 σῶμα.
611 4153 723 4206 Καὶ
766 4154 816 4206 εἰ
858 4151 1032 4207 ταῦτα
1056 4153 1247 4217 οὔτως,
1286 4154 1372 4218 τίς
1408 4150 1476 4224 ἦν
1505 4156 1683 4226 χρεία,

162 4238 264 4305 ab;
306 4242 509 4309 λαϐεῖν,
562 4246 594 4316 ἢ
642 4244 791 4315 ἔχειν
855 4244 1018 4298 αὐτὸν
1066 4246 1304 4318 ζωτικὴν
1362 4247 1542 4319 ψυχὴν
1601 4247 1687 4300 λο-

161 4336 288 4405 γικήν
308 4354 321 4400 ;

214 4427 344 4487 Τινὲς
361 4430 415 4484 δέ
440 4448 595 4499 φασι,
618 4432 703 4485 ὅτι
728 4432 822 4484 καὶ
850 4432 998 4484 πᾶσα
1026 4430 1272 4502 αὔξησις,
1300 4433 1333 4502 ἢ
1359 4433 1627 4505 ἔκκρισις,
1651 4436 1685 4505 ἢ

1789 3249 1967 3309 ﬁnxit,
2012 3255 2067 3302 et
2092 3247 2185 3317 qui
2222 3247 2503 3317 inspiravit
2534 3246 2583 3300 ei
2611 3246 2873 3307 animam,
2921 3259 3045 3313 qua:
3078 3253 3357 3313 operatur,

1784 3351 1837 3393 et
1863 3339 1956 3410 qui
1988 3339 2275 3393 insuiﬂavit
2315 3339 2363 3393 ei
2400 3338 2638 3391 animam
2692 3337 2991 3392 vitalem".
3034 3356 3052 3386 ι
3121 3334 3198 3388 Ειι
3233 3351 3358 3405 per-

1786 3432 1971 3500 spicue
2010 3431 2271 3485 discimus
2322 3444 2416 3499 per
2467 3429 2662 3482 anima:
2692 3427 3059 3496 operationem
3087 3424 3351 3480 viviﬁcari

1787 3536 2023 3591 corpus;
2072 3521 2217 3575 sicut
2245 3528 2299 3575 et
2336 3519 2597 3573 Dominus
2644 3517 2801 3573 docet
2838 3518 3068 3587 loquens
3097 3518 3164 3571 de
3195 3530 3362 3572 carne

1784 3626 1837 3666 et
1866 3614 2135 3685 sanguine
2164 3630 2179 3668 :
2214 3631 2233 3663 ι
2259 3612 2499 3682 Spiritus
2527 3621 2630 3673 est,
2660 3612 2754 3682 qui
2785 3611 3057 3676 vivilicat;
3093 3624 3220 3665 caro
3248 3624 3362 3664 non

1785 3703 2007 3775 prodest
2032 3702 2328 3772 quidquam
2351 3703 2416 3754 “.
2448 3720 2466 3752 ι
2495 3700 2651 3767 Quod
2680 3701 2723 3756 si
2744 3699 3088 3755 adversarius
3116 3698 3358 3767 obiiciat,

1786 3797 2011 3851 verbum
2033 3793 2275 3848 divinum
2307 3791 2613 3847 viviﬁcasse
2642 3805 2860 3861 corpus,
2888 3790 3197 3845 necessario
3226 3803 3362 3844 con-

1786 3889 1978 3944 Cedere
2015 3887 2231 3941 debebit
2283 3901 2483 3956 corpus
2526 3886 2728 3939 Christi
2775 3892 3049 3939 mortuum
3104 3897 3229 3937 esse
3273 3896 3363 3937 se-

1783 3982 2065 4051 iunctione
2111 3986 2165 4033 et
2215 3978 2553 4047 separatione
2601 3975 2757 4030 Verbi
2809 3976 2976 4029 divini
3027 3989 3058 4029 a
3108 3988 3357 4042 corpore.

1787 4071 1943 4139 Quod
1974 4070 2020 4124 si
2051 4070 2122 4123 ita
2153 4076 2271 4133 est,
2322 4066 2452 4136 quid
2484 4080 2613 4135 ergo
2657 4078 2796 4133 opus
2828 4074 2966 4127 erat,
3018 4072 3078 4115 ut
3120 4062 3362 4116 animant

1789 4166 2003 4220 vitalem
2057 4174 2112 4219 et
2140 4163 2457 4217 rationalem
2487 4171 2787 4217 assumeret
2816 4169 2911 4212 aut
2941 4158 3197 4213 haberet?

1860 4435 2089 4503 Quidam
2126 4433 2314 4487 dicunt
2346 4445 2564 4489 omnem
2614 4429 2999 4491 aceretionem,
3030 4436 3127 4483 ant
3179 4441 3359 4484 secre-

164 4517 422 4590 ἀφαίρεσις,
449 4523 481 4595 ἢ
528 4523 707 4577 ἔνδεια
736 4526 835 4593 τῆς
884 4523 1044 4590 ἁγίας
1093 4525 1296 4595 σαρκὸς
1324 4525 1418 4580 τοῦ
1448 4526 1685 4598 Χριστοῦ
1720 4522 1762 4576 D
1791 4539 1808 4584 t

1720 4522 1762 4576 ι)
1791 4530 2014 4591 tionem,
2044 4535 2140 4580 aut
2168 4524 2519 4583 ablationem,
2563 4533 2657 4576 aut
2688 4521 3037 4591 indigentiam
3071 4520 3356 4576 sanctissi-

170 4610 225 4681 μὴ
246 4612 570 4687 θεωρουμένη
616 4616 863 4685 φυσικῶς
893 4616 985 4668 καὶ
1025 4617 1120 4669 ἐπὶ
1153 4617 1252 4686 τῆς
1282 4616 1556 4688 θεότητος,
1600 4619 1690 4671 ὲν-

166 4700 317 4769 έρτεια
352 4706 665 4776 ἀνθρωπίνη
702 4706 920 4772 λέγεται
956 4704 1194 4774 Χριστοῦ
1220 4723 1235 4737 ο
1282 4705 1602 4778 θεανδρικὴν
1633 4708 1690 4763 δὲ

168 4794 399 4863 ἐνέργειαν
430 4798 661 4868 νοοῦμεν
702 4800 801 4867 τὴν
835 4798 1210 4868 κοινοπρεπῶς
1250 4816 1365 4863 πως
1416 4800 1520 4852 ὑπὸ
1555 4801 1691 4872 Χρι-

171 4887 267 4940 στοῦ
285 4891 671 4961 πραττομένην,
699 4890 793 4943 καὶ
816 4890 1213 4963 θεωρουμένην,
1243 4893 1331 4945 οἷα.
1353 4888 1423 4962 ἦν
1447 4893 1534 4947 διὰ
1554 4893 1691 4947 πτύ-

173 4993 335 5045 σματος
372 4984 459 5038 τοῦ
503 4983 709 5054 τυφλοῦ
750 4984 1064 5052 ἀνάϐλεψις,
1113 4985 1265 5057 καὶὴ
1297 4986 1385 5040 διὰ
1421 4987 1521 5056 τῆς
1548 4988 1694 5059 ἁφῆς

172 5072 245 5140 τῆς
268 5076 410 5141 ἁγίας
440 5078 606 5131 αὐτοῦ
655 5076 840 5148 χειρὸς
865 5076 966 5145 τῆς
995 5077 1260 5147 θυγατρὸς
1308 5079 1402 5132 τοῦ
1438 5081 1695 5151 ἀρχισυν-

173 5162 348 5231 αγώγου
371 5168 663 5232 ἀνάστασις
684 5185 698 5199 ·
729 5171 822 5221 καὶ
849 5170 882 5238 ή
912 5169 1021 5220 τῶν
1047 5168 1227 5238 ἄρτων
1254 5169 1496 5237 εὐλογία,
1534 5170 1628 5223 καὶ
1660 5171 1693 5241 ἡ

176 5252 241 5307 διὰ
256 5257 334 5310 τοῦ
364 5260 618 5314 δακτύλου
650 5261 814 5314 αὐτοῦ
839 5260 932 5315 τοῦ
964 5259 1150 5330 κωφοῦ
1174 5258 1339 5324 ἴασις,
1367 5261 1461 5314 καὶ
1490 5261 1579 5316 διὰ
1597 5263 1694 5333 τῆς

176 5344 341 5409 οἰκείας
368 5352 545 5421 φωνῆς
586 5352 682 5405 τοῦ
713 5351 963 5423 Λαζάρου
999 5353 1237 5423 ἔγερσις,
1279 5356 1371 5407 καὶ
1403 5353 1501 5425 τῆς
1529 5354 1691 5407 πλευ-

182 5436 256 5503 ρίς
276 5441 483 5509 αἵματος
514 5443 764 5513 ἔκκρισις
795 5448 859 5498 ἐκ
882 5444 1072 5515 νεκροῦ
1106 5443 1377 5515 σώματος.
1416 5448 1509 5501 καὶ
1547 5448 1576 5501 6
1602 5448 1694 5502 ἐπὶ

179 5526 255 5596 τῆς
275 5528 525 5606 θαλάσσης
553 5538 877 5608 περίπατος,
905 5538 998 5591 καὶ
1026 5538 1059 5608 ἡ
1084 5536 1179 5591 τοῦ
1213 5536 1506 5610 θεοστόμου
1532 5538 1693 5595 αὑτοῦ

233 5684 431 5743 ’Ἀιιιίι
480 5707 568 5754 xv,
602 5690 673 5746 22
735 5707 889 5761 seqq.
965 5692 983 5721 "
1028 5691 1215 5747 Matth.
1271 5711 1393 5755 \‘lli.
1426 5696 1457 5751 8
1497 5712 1650 5768 seqq-
1728 5695 1749 5727 ⁸
1784 5697 1877 5752 Mal

233 5753 409 5841 “loan.
451 5762 771 5841 “‘65.”?
797 5761 954 5819 Joan.
982 5764 1104 5841 tx_.l
1146 5778 1299 5837 seqq.
1376 5768 1419 5800 "
1454 5767 1622 5825 Marc.
1656 5783 1709 5834 ν,
1749 5770 1821 5824 22
1842 5786 1877 5824 ει

1116 5692 1215 5747 tth.
1271 5711 1393 5755 vui.
1426 5696 1457 5751 8
1497 5712 1650 5768 seqq-
1728 5695 1749 5727 ⁸
1784 5697 1974 5752 Matth.
2006 5713 2173 5761 χχιιι.
2221 5697 2307 5755 52.
2372 5695 2393 5725 ⁹
2431 5697 2563 5754 Gen.
2603 5717 2662 5758 ιι,
2705 5700 2755 5752 ’7.

1146 5778 1299 5837 seqq.
1376 5768 1419 5800 "
1454 5767 1622 5825 Marc.
1656 5783 1709 5834 ν,
1749 5770 1821 5824 22
1842 5784 2036 5841 seqq.;
2108 5769 2240 5827 Luc.
2304 5784 2421 5834 vin,
2450 5770 2539 5825 Al.
2618 5772 2661 5804 ιδ
2707 5770 2754 5826 Μ

186 5752 648 5854 ίξυίῗὲτὶηνξιδί·
666 5835 709 5854 ..
729 5752 963 5854 ’ἔρίίξωῖῖ
982 5778 1056 5854 ¹¹;
1085 5764 1299 5854 5-5"!”-

228 5821 367 5885 λίπε.
390 5848 477 5897 vn,
500 5821 588 5889 3‘3.
666 5835 709 5865 ¹⁶
735 5830 895 5889 Joan.
917 5849 988 5899 xi,
1029 5821 1053 5889 l7
1082 5821 1234 5901 sequ

1793 4636 1895 4674 mae
1923 4620 2107 4673 carnis
2139 4618 2363 4677 Christi,
2395 4630 2516 4684 quae
2556 4614 2881 4668 naturaliter
2916 4612 2968 4667 in
3010 4614 3126 4682 ipsa
3158 4612 3361 4667 divini-

1792 4723 1921 4777 tate,
1954 4727 2053 4767 nec
2084 4727 2161 4776 re,
2194 4725 2294 4765 nec
2324 4708 2756 4765 consideratione
2803 4707 2953 4771 insit,
2990 4706 3359 4776 operationem

1795 4806 2088 4860 humanam
2149 4804 2349 4860 Christi
2398 4802 2656 4872 appellari
2706 4814 2867 4871 posse
2922 4818 2934 4853 :
2988 4800 3361 4855 theandricam

1796 4912 1946 4957 vero,
1979 4898 2080 4951 hoc
2108 4904 2210 4959 est,
2249 4897 2358 4949 Deo
2391 4895 2706 4964 hominique
2738 4908 3060 4956 consonam,
3089 4891 3363 4961 operatio-

1797 5005 1916 5044 nem
1955 4989 2099 5043 illam
2148 4988 2525 5051 nominamts;
2575 5002 2696 5057 quae
2744 4985 3113 5051 communioni
3156 4995 3365 5038 natura!

1794 5082 1989 5136 divina:
2035 5089 2088 5134 et
2134 5081 2384 5133 humanae
2430 5079 2815 5133 convenienter
2851 5091 2879 5129 a
2920 5074 3137 5131 Christo
3180 5086 3363 5145 parata

1795 5184 1912 5239 est;
1962 5172 2140 5242 qualis
2168 5180 2285 5225 erat
2314 5172 2440 5225 caeci
2472 5186 2564 5240 per
2605 5170 2775 5224 lutum
2812 5168 3103 5228 curatio".
3139 5177 3190 5223 et
3219 5168 3366 5222 exci-

1800 5266 1932 5319 tatio
1967 5265 2090 5319 lilia:
2146 5263 2561 5334 archisynagOgi
2610 5271 3207 5317 attactnsacrosanctte
3253 5276 3367 5314 ma-

1800 5374 1903 5412 nus
1941 5357 2144 5412 Christi
2180 5357 2459 5427 peracta"
2492 5370 2504 5406 :
2538 5355 2841 5411 benedictio
2874 5372 3073 5424 panum
3096 5358 3169 5419 ’λς
3213 5352 3366 5408 surdi

1801 5451 2010 5505 sanatio
2046 5449 2350 5503 interventu
2385 5448 2535 5518 digiti
2558 5449 2640 5510 ¹⁵ς
2672 5449 3015 5503 resuscitatio
3043 5446 3229 5504 Lazari
3262 5444 3368 5500 mi-

1804 5544 2028 5600 nisterio
2058 5543 2305 5609 vocis“;
2361 5541 2642 5614 sanguinis
2667 5541 2843 5597 ﬂuxus
2889 5556 2952 5597 ex
2996 5550 3213 5598 mortuo
3239 5552 3368 5593 cor-

2834 5700 2876 5731 ¹⁰
2931 5697 3059 5766 Sap.
3111 5713 3197 5758 .w,
3278 5696 3364 5751 ll.

2618 5772 2661 5804 “
2707 5770 3049 5833 Malthixw,
3084 5769 3149 5824 Η
3208 5782 3363 5837 seqq.
