4164 6434
791 380 861 449 4,7
1999 386 2058 443 s.
2088 385 2475 447 ANASTASH
2510 390 2831 453 smarm:
3964 402 4041 463 ts

794 517 944 574 pure,
991 505 1158 558 latere
1208 504 1457 573 perculso
1482 502 1554 564 ¹⁷;
1598 501 1894 555 ambulatio
1937 514 2098 569 supra
2134 502 2364 566 mare“,
2397 513 2438 565 Α

2397 513 2439 565 Λ
2468 506 2857 578 ἐμφυσήματος
2891 513 3175 574 μετάδοσις
3209 512 3300 564 τοῦ
3335 514 3665 582 Πνεῦματοε.
3693 516 3753 566 Οἱ
3781 514 3913 582 γοῦν
3951 520 4040 570 ai-

792 608 846 651 et
873 597 1294 650 communicatio
1342 596 1514 650 sancti
1547 594 1782 662 Spiritus
1812 608 1904 660 per
1942 591 2358 646 insumationem

2468 600 2673 667 ρετικοὶ
2694 604 2773 663 εἰς
2805 600 3006 671 ταύτην
3032 604 3128 673 τὴν
3156 606 3488 674 κοινοπρεπῆ
3526 606 3760 675 Χριστοῦ
3788 607 4040 678 θεανδρι-

792 690 846 741 in
880 687 1260 757 discipulos".
1316 685 1563 742 llarretici
1594 686 1767 739 oculis
1816 684 1867 736 in
1917 683 2077 748 hanc,
2114 683 2359 748 Christo,

2464 688 2562 759 κὴν
2589 690 2898 760 ἀφορῶντες
2926 693 3227 763 ἐνέργειαν,
3260 695 3694 764 ἀποστρέφονται
3725 696 3819 750 τοῦ
3849 698 4038 766 ὁμολο-

793 790 854 836 ut
900 780 1042 836 Deus
1074 790 1125 834 et
1169 781 1332 835 homo
1363 790 1463 845 est,
1515 779 1616 848 15
1666 791 2011 832 communem
2047 787 2362 844 competen-

2463 784 2578 847 γείν
2610 782 2668 834 έν
2691 783 2839 853 αὑτῴ
2868 784 3017 837 θείαν
3044 787 3167 839 τινα
3216 786 3416 852 ὁμοίως
3442 789 3536 840 καὶ
3558 787 3798 860 ζωτικὴν
3825 789 4040 859 ἀνθρω-

792 883 1007 944 temque
1036 874 1407 943 operationem
1451 870 1732 933 conversi;
1783 868 2030 922 abnuunt
2065 868 2116 921 in
2154 867 2247 921 illo
2275 867 2357 920 di-

1296 889 1407 928 nem
1451 870 1732 933 conversi;
1783 868 2030 922 abnuunt
2065 868 2116 921 in
2154 867 2247 921 illo
2275 867 2357 920 di-
2463 872 2622 939 πίνην
2644 873 2940 944 ἐνέργειαν.

790 968 969 1020 viuam
1018 966 1305 1035 quamdam
1338 963 1609 1030 confiteri;
1650 962 1901 1019 similiter
1928 972 1983 1016 et
2009 960 2224 1016 vitalem
2262 961 2357 1014 hu-

789 1074 1004 1114 manam
1039 1059 1431 1129 operationem.

857 1152 1123 1209 Caeterum
1155 1152 1257 1206 hoc
1286 1166 1386 1221 pro
1409 1159 1557 1206 certo
1587 1150 1977 1218 exploratoque
1995 1144 2358 1215 reputandum

2530 1137 2622 1187 Δεῖ
2654 1135 2833 1205 μέντοι
2863 1135 3127 1205 ἀκριϐῶς,
3161 1137 3257 1189 καὶ
3282 1138 3667 1206 ἀναμφιϐόλως
3684 1140 4016 1193 ἐπίστασθαι

785 1261 908 1317 est;
947 1249 1233 1304 haereticos
1253 1258 1307 1303 et
1324 1246 1653 1311 Nestorium,
1686 1245 1806 1299 ideo
1844 1244 1897 1298 in
1925 1242 2146 1299 Christo
2162 1242 2357 1296 huma-

2460 1229 2628 1297 ἡμᾶς,
2661 1228 2852 1297 ὅτιπερ
2881 1229 2931 1280 οἱ
2954 1228 3012 1293 ἐξ
3062 1229 3331 1292 ἐναντίας,
3368 1231 3433 1282 ἐκ
3458 1231 3551 1283 τοῦ
3592 1230 3818 1301 θεωρεῖν
3856 1233 3916 1285 τὸ
3945 1233 4043 1285 θέ-

787 1360 912 1398 nam
977 1343 1310 1396 voluntatem
1356 1350 1410 1393 et
1432 1339 1802 1408 operationem
1849 1352 1958 1391 non
1985 1336 2355 1399 constituere;

2461 1323 2608 1391 λημα
2638 1322 2839 1384 αὐτῶν,
2882 1321 2977 1374 καὶ
3002 1322 3099 1392 τὴν
3132 1324 3414 1393 ἐνέργειαν
3446 1323 3543 1392 τῆς
3583 1324 3789 1385 οἰκείας
3833 1326 4040 1393 ψυχῆς,

784 1434 929 1504 quod
984 1436 1203 1489 videant
1249 1431 1584 1485 voluntatem
1611 1440 1663 1484 et
1692 1431 2064 1498 operationem
2100 1444 2213 1483 suae
2238 1443 2361 1497 pro-

2462 1416 2554 1465 καὶ
2604 1413 2697 1466 τοῦ
2748 1413 3016 1483 σώματος.
3076 1414 3359 1483 διηνεκῶς,
3419 1417 3515 1466 καὶ
3548 1415 3841 1478 ἀπαύστως
3876 1416 4036 1467 πολε-

787 1525 919 1595 prite
942 1526 1137 1577 animm
1159 1531 1213 1577 et
1236 1521 1483 1589 corporis
1518 1520 1912 1585 indesinenter,
1936 1530 1991 1573 et
2016 1519 2223 1588 absque
2253 1518 2358 1571 ulla

2463 1503 2764 1570 μουμένην,
2799 1501 2893 1554 καὶ
2928 1502 3412 1573 βεϐορόορωμένην
3442 1504 3546 1557 ὑπὸ
3575 1505 3678 1574 τῆς
3711 1507 4036 1576 πυρώσεως.

783 1618 1091 1672 cessatione
1130 1615 1433 1684 impugnari
1459 1625 1510 1668 et
1538 1613 1813 1683 inquinari
1840 1613 1908 1666 ah
1933 1610 2359 1666 inflammatione

2460 1594 2555 1647 καὶ
2580 1595 2859 1663 ἐνεργείας
2878 1595 2970 1649 τοῦ
3000 1595 3248 1648 διαϐόλου
3267 1614 3280 1626 ο
3311 1599 3499 1651 τούτου
3544 1599 3703 1667 χάριν
3738 1602 3828 1651 καὶ
3854 1600 4039 1661 αὐτοὶ,

784 1721 836 1765 et
890 1710 1103 1765 actione
1150 1708 1371 1762 diaboli.
1419 1708 1488 1760 At
1536 1706 1929 1775 monOphysita:
1975 1701 2357 1755 ταυτοὸουλίαι

2460 1689 2552 1740 καὶ
2600 1688 2897 1757 Νεστόριος
2935 1693 3324 1760 παρῃτήσαντο
3380 1693 3555 1743 εἰπεῖν
3588 1692 3646 1742 ἐν
3676 1691 3898 1760 Χριστῷ
3936 1693 4038 1743 ἀν·-

784 1814 837 1857 ct
894 1802 1329 1872 ταυτοπραξίαν,
1374 1800 1530 1868 quasi
1575 1798 1727 1851 dicas
1765 1798 2117 1850 identitatem~
2154 1792 2355 1847 colendi
2387 1847 2428 1872 η

2395 1847 2429 1872 n
2459 1780 2726 1851 θρώπινον
2756 1780 2989 1851 θέλημα,
3030 1783 3062 1851 ἣ
3102 1784 3402 1852 ἐνέργειαν.
3448 1784 3605 1836 Ἀλλὰ
3655 1785 4039 1848 Μονοφυσίται

905 1847 1329 1872 .--ψη-αντη
1378 1847 1530 1868 Tm-
1582 1847 1723 1851 ---η
1767 1847 1778 1850 ,
1826 1847 1879 1850 __
1940 1847 1982 1848 η

784 1906 833 1948 et
893 1893 1102 1963 agendi,
1157 1908 1222 1947 ex
1256 1890 1479 1945 cerebro
1512 1903 1613 1942 suo
1648 1888 1939 1943 commenti
1970 1896 2092 1940 sunt
2123 1904 2138 1951 ;
2165 1900 2355 1954 quem-
2387 1847 2428 1903 Β

2393 1847 2429 1903 Β
2457 1878 2909 1935 ταυτοϐου.1ἰαν,
2961 1876 3054 1928 καὶ
3094 1877 3537 1944 ταυτοπραξιάν
3590 1877 4037 1946 ἐφαντάσθησαν,

785 1986 1076 2041 admodum
1106 1985 1159 2038 iu
1181 1983 1553 2053 sequentibus,
1606 1992 1658 2035 et
1690 1980 1818 2034 alibi
1853 1980 1972 2034 fuse
2006 1979 2354 2033 demonstra-

2457 1968 2641 2031 καθὼς
2677 1970 2805 2038 περὶ
2842 1969 3031 2021 τούτου
3074 1968 3161 2021 διὰ
3212 1969 3467 2033 πλάτους,
3510 1971 3605 2023 καὶ
3638 1973 3695 2023 ἐν
3732 1973 3841 2033 τοῖς
3880 1968 4039 2038 ἑξῆς.

786 2083 982 2133 vimus.

2459 2063 2552 2116 xui.
2580 2064 2635 2114 ἐν
2668 2062 2877 2131 ἑτέροις
2900 2064 3223 2131 εἰρήκαμεν.

856 2168 1130 2225 Scholion.
1189 2164 1408 2219 Noverit
1468 2165 1744 2219 studiosus
1793 2163 1999 2225 lector;
2028 2176 2153 2216 cum
2185 2176 2215 2214 a
2243 2161 2355 2215 ἀτο-

2529 2158 2574 2208 Σ
2578 2155 2808 2223 χόλιον.
2841 2155 2931 2225 Μὴ
2950 2155 3257 2207 λανθανέτω
3298 2158 3423 2216 τοὺς
3467 2156 3805 2224 φιλοπόνους,
3837 2159 4040 2227 ὅτιπερ

786 2275 944 2315 mone
994 2260 1241 2313 obsessos
1301 2255 1584 2311 nominare
1632 2256 1904 2309 soleamus
1948 2269 2350 2324 energumenos,

2459 2250 2645 2321 ἐπειδὴ
2668 2251 2791 2313 τοὺς
2822 2250 3321 2319 δαιμονιζομένους,
3352 2251 4042 2320 ἐνεργουμένουςείώθα-

786 2348 1045 2414 haeretici,
1086 2346 1303 2417 quando
1341 2346 1570 2401 audiunt
1594 2344 1842 2415 energies
1871 2345 2008 2413 (hoc
2035 2354 2138 2411 est,
2166 2359 2357 2413 opera—

2466 2361 2566 2413 μεν
2617 2344 2938 2412 ὀνομάζεινο
2995 2342 3186 2395 τούτου
3237 2343 3398 2413 χάριν
3450 2345 3499 2395 οἱ
3545 2345 3828 2413 αἱρετικοὶ,
3878 2346 4040 2395 ἐπει-

786 2444 993 2511 tiones)
1054 2441 1107 2494 in
1159 2439 1413 2500 Christo,
1482 2439 1662 2493 statim
1711 2437 2049 2491 arbitrantur
2091 2437 2189 2491 has
2239 2451 2358 2490 esse

2460 2436 2557 2489 δαν
2595 2435 2901 2489 ἀκούσωσιν
2930 2432 3208 2501 ἐνεργείας
3245 2434 3303 2485 ἐν
3327 2432 3405 2502 τῷ
3435 2434 3676 2503 Χριστῷ,
3710 2434 3909 2496 εὐθέως
3935 2434 4043 2497 τὰς

785 2536 1053 2604 energias,
1111 2546 1247 2601 quas
1300 2532 1602 2600 patiuntur,
1646 2545 1784 2600 quos
1839 2531 2047 2583 daemon
2110 2540 2356 2598 occupat.

2456 2527 2564 2580 τῶν
2605 2528 2926 2597 πασχόντων
2975 2526 3256 2595 ἐνεργείας
3284 2524 3602 2594 νομίζοντες
3632 2525 3833 2587 ταύτας
3862 2520 4040 2585 εἶναι,

786 2627 1048 2692 Quocirca
1105 2625 1475 2694 indignantur,
1513 2633 1562 2676 et
1596 2622 1923 2678 vocabulum
1954 2623 2059 2676 hoc
2103 2638 2362 2676 aversan-

2456 2619 2850 2687 ἀγανακτοῦσι,
2892 2620 2984 2670 καὶ
3015 2616 3452 2687 ἀποστρέφονται
3499 2618 3598 2685 τὴν
3635 2615 3894 2685 τοιαύτην
3925 2634 4042 2683 φω-

787 2730 872 2771 tm‘
903 2732 1009 2773 non
1052 2717 1206 2770 aliter
1226 2731 1389 2785 quam
1426 2717 1759 2785 energumeni
1780 2754 1794 2778 ,
1826 2717 1930 2770 hoc
1957 2725 2062 2779 est,
2098 2730 2128 2768 a
2155 2715 2359 2769 daemo-

2456 2712 2552 2781 νὴν
2599 2712 2674 2774 ὡς
2706 2709 2922 2780 ἀληθῶς
2966 2710 3347 2779 ἐνεργούμενοι
3386 2709 3556 2774 ὀντες,
3590 2711 3757 2780 ῆγουν
3787 2709 4041 2778 δαιμονιο

788 2814 950 2865 nibus
975 2810 1253 2878 exagitati.

1050 2810 1253 2878 agitati.
2457 2806 2694 2876 ζόμενοι.

2376 2926 2442 2935 —..

791 3011 973 3084 Divina
995 3008 1176 3084 gratio
1214 3006 1520 3084 opitulante.
1549 3003 1863 3084 Ρνοιίιεοιςξᾳ
1880 3020 1970 3057 seu
1999 3007 2346 3084 consideratio

2457 3010 2501 3060 Σ
2504 3006 2739 3084 integri).
2760 3006 3089 3084 Πρςθεωριξα
3107 3004 3211 3071 τῆς
3239 3005 3582 3084 ὑποθέσεως
3606 3006 3889 3084 τῷιίὸρωι·
3917 3007 4034 3075 τῆς

855 3082 923 3133 ad
969 3073 1298 3147 deﬁnitiones
1342 3076 1630 3141 explicatas
1681 3076 1737 3127 in
1786 3073 1922 3127 libro
1980 3078 2071 3128 aui
2128 3075 2348 3145 Ὀδηγὸς

854 3151 1181 3205 inscribitur.

2243 3077 2348 3145 ιγὸς
2559 3078 2800 3141 βίϐλου,
2839 3073 2913 3145 ἧς
2947 3078 2983 3142 ii
3027 3075 3330 3145 ἐπωνυμία
3374 3076 3611 3145 λέγεται
3649 3073 3887 3145 ὐδηγὸς.

855 3243 1116 3299 Universa
1147 3239 1361 3309 generis
1402 3237 1571 3292 nostri
1591 3277 1608 3302 ,
1628 3236 1729 3291 hoc
1756 3248 1860 3303 est,
1893 3236 2129 3290 humana
2156 3246 2344 3290 natura
2373 3221 2416 3278 ο

2392 3221 2416 3278 3
2518 3259 2627 3325 Τῆς
2668 3254 2787 3309 καθ’
2810 3256 2957 3325 ἡμᾶς
3004 3254 3251 3319 ἅπαντας
3286 3256 3508 3325 βροτοὺς
3545 3255 3728 3318 οὐσίας
3759 3257 3792 3325 ή
3824 3256 4036 3310 σύστα-

783 3348 835 3393 et
867 3333 1211 3404 compositio,
1268 3329 1505 3383 animam
1552 3328 1871 3383 rationalem
1918 3338 1972 3383 et
2012 3328 2350 3383 intellectua-

2456 3366 2540 3412 σις
2572 3350 2635 3400 ἐκ
2662 3346 2840 3416 ψυχῆς
2874 3346 3098 3413 λογικῆς
3155 3362 3215 3397 τε
3272 3345 3378 3414 μὴν
3414 3351 3510 3398 καὶ
3554 3349 3743 3415 νοερᾶς
3791 3349 3887 3401 καὶ
3922 3350 4033 3419 τῆς

785 3433 908 3494 lem,
948 3437 1002 3482 et
1031 3423 1430 3480 concretionem
1481 3436 1547 3475 ex
1601 3420 1903 3485 elementis,
1947 3436 2108 3489 quam
2131 3435 2348 3474 carnem

2461 3442 2570 3495 τῶν
2619 3440 2897 3510 στοιχείων
2944 3438 3269 3508 συνδρομῆς,
3311 3438 3338 3491 ὃ
3372 3439 3488 3492 ἐστι
3531 3439 3688 3510 σὰρξ,
3737 3441 3887 3511 παρά
3927 3444 4030 3495 τοῦ

782 3521 1046 3582 dicimus;
1080 3533 1108 3570 a
1144 3530 1398 3584 supremo
1452 3529 1633 3568 rerum
1669 3512 1962 3566 Conditore
2001 3513 2192 3567 sortita
2223 3522 2345 3577 est;

2453 3535 2737 3599 πανσόφως
2766 3531 3292 3601 δεδημιουργηκότος
3322 3530 3483 3601 ἔλαχε
3506 3548 3519 3562 ·
3540 3534 3635 3602 τῆς
3652 3534 3709 3585 δὲ
3736 3536 3855 3587 κατ’
3882 3535 4025 3605 ἀρε-

783 3625 838 3668 at
865 3612 975 3666 vita
999 3610 1066 3665 ad
1094 3608 1309 3663 virtutis
1352 3620 1597 3661 normam
1624 3604 1987 3670 conformata,
2026 3621 2091 3660 ex
2131 3607 2346 3675 pietate.

2450 3626 2547 3695 τὴν
2578 3622 2824 3685 ἐντελοῦς
2856 3622 3151 3685 πολιτείας,
3178 3621 3237 3686 ἐξ
3258 3622 3517 3686 εὐσεϐοῦς
3551 3641 3609 3676 τε
3639 3626 3898 3689 πίστεως,
3922 3630 4029 3681 καὶ

785 3710 909 3771 title,
975 3704 1394 3769 divinorumque
1423 3698 1803 3751 mandatorum
1831 3697 2193 3763 observantia,
2230 3698 2348 3768 pul-

2451 3717 2546 3785 τῆς
2583 3716 2689 3767 τῶν
2738 3715 2899 3766 θείων
2946 3713 3171 3766 ἐντολῶν
3216 3716 3521 3785 τηρήσεως,
3551 3716 3611 3768 τὸ
3648 3717 3842 3782 κάλλος
3880 3736 4031 3789 κρα-

785 3796 1148 3853 ehritudinem
1203 3805 1360 3846 suam
1386 3788 1536 3843 dicit.
1565 3786 1750 3857 Neque
1765 3789 1911 3842 enim
1941 3802 2142 3857 corpus
2172 3790 2347 3842 anima

2450 3808 2689 3861 τύνεται.
2740 3806 2878 3859 Οὔτε
2910 3806 3019 3877 γὰρ
3067 3808 3224 3876 σῶμα
3270 3808 3445 3875 ψυχῆς
3473 3809 3681 3879 ἔρημον
3721 3810 3862 3881 ζωὴν
3896 3786 4033 3867 καθ’

784 3889 1101 3945 destitutum
1131 3886 1298 3938 vitam
1331 3898 1425 3952 per
1477 3895 1535 3935 se
1574 3880 1785 3934 obtinet
1821 3896 1833 3931 :
1863 3895 2037 3951 neque
2065 3882 2346 3934 mandato-

2452 3898 2612 3951 ἑαυτὸ
2644 3898 2910 3964 κέκτηται
2934 3913 2948 3927 ⁸
2981 3896 3114 3950 Οὔτε
3151 3898 3257 3967 μὴν
3286 3898 3517 3951 ἐντολῶν
3539 3902 3769 3971 τήρησις
3800 3903 4032 3971 ὀρθοδο-

786 3996 907 4035 rum
934 3976 1258 4041 observatio,
1295 3975 1339 4028 si
1367 3988 1489 4029 cum
1513 3988 1639 4026 vera
1674 3980 1728 4025 et
1757 3971 2061 4025 orthodoxa
2102 3972 2348 4031 doctrina

2455 3987 2572 4050 ξίας
2599 3986 3018 4057 ἀπηλλαγμένη,
3044 3987 3321 4047 παντελῶς
3344 3989 3586 4055 ὀνήσειεν
3605 3991 3696 4043 τὸν
3712 3992 4028 4063 ἄνθρωπον.

785 4085 893 4125 non
948 4070 1225 4137 jungatur,
1281 4064 1579 4133 quidquam
1631 4062 1982 4115 emolumenti
2033 4064 2191 4130 parit.
2215 4064 2347 4120 Nam

2455 4082 2631 4150 Ὅπερ
2657 4080 2764 4149 γὰρ
2792 4080 2937 4150 ψυχὴ
2972 4082 3203 4151 σώματι,
3234 4082 3391 4135 τοῦτο
3424 4083 3704 4153 ὀρθοδοξία
3722 4062 4028 4157 πνεύματι.

785 4160 928 4231 quod
950 4159 1129 4213 anima
1146 4154 1385 4224 corpori,
1411 4154 1514 4208 hoc
1533 4162 1751 4222 praestat
1771 4152 1983 4221 spiritui
2002 4154 2346 4225 orthodoxia,

2452 4170 2663 4223 Οὐκοῦν
2683 4172 3068 4240 σκοπήσωμεν,
3100 4172 3147 4223 εί
3179 4171 3344 4237 δοκεῖ,
3386 4174 3491 4242 πρὸ
3514 4174 3749 4238 πάντων,
3788 4175 3884 4227 καὶ
3915 4180 4031 4246 μά-

784 4263 841 4309 et
885 4260 1031 4307 recta
1061 4251 1127 4303 de
1155 4248 1316 4303 rebus
1347 4247 1545 4301 divinis
1592 4247 1943 4301 existimatio.
1976 4246 2112 4303 Ante
2167 4252 2349 4305 omnia

2452 4262 2657 4332 θωμεν,
2709 4270 2802 4316 καὶ
2855 4264 3200 4334 φυλάξωμεν,
3252 4266 3351 4334 τὴν
3405 4267 3533 4336 περὶ
3575 4266 3730 4329 Θεοῦ,
3780 4269 3876 4320 καὶ
3910 4271 4030 4321 τῶν

788 4344 949 4413 igitur
979 4343 1031 4395 in
1065 4338 1117 4393 id
1143 4339 1540 4402 incumbamus,
1569 4354 1740 4407 eoque
1765 4352 1981 4392 omnem
2021 4340 2345 4396 industriam

2456 4350 2616 4405 θείων
2642 4352 2826 4422 ἀπαθῆ
2858 4353 3082 4415 ἔννοιαν,
3108 4354 3253 4416 ὅπως
3279 4352 3371 4406 τοῦ
3404 4353 3655 4424 θεμελίου
3685 4356 3928 4425 καθαροῦ
3960 4376 4028 4411 τε

789 4431 1156 4497 conferamus,
1211 4439 1271 4483 ut
1320 4445 1508 4499 puram
1546 4440 1601 4484 et
1640 4430 1707 4483 ab
1725 4429 1872 4482 omni
1918 4430 2036 4484 labe
2082 4432 2347 4502 integram

2451 4441 2546 4493 καὶ
2568 4441 2904 4511 ἀκραδάντου
2957 4443 3514 4514 προκαταὸληθέντος,
3559 4447 3586 4497 ὁ
3624 4447 4029 4516 ἀκρογωνιαίος

788 4523 857 4579 de
884 4523 1345 4579 cmlestidoctrina
1370 4521 1693 4576 sententiam
1725 4522 2120 4582 custodiamus.
2146 4533 2205 4578 ut
2231 4524 2348 4579 fun-
2378 4587 2419 4610 ῃ

2380 4587 2419 4610 n
2451 4532 2597 4596 λίθος
2658 4534 2910 4605 Χριστὸς,
2968 4535 3208 4598 εὐσεϐῶς
3260 4536 3350 4604 ὑφ’
3402 4538 3556 4609 ἡμῶν
3601 4541 4024 4610 γεραιρόμενος,

788 4615 1043 4670 damento
1071 4629 1204 4684 puro
1233 4624 1287 4669 et
1315 4615 1537 4667 immoto
1569 4615 1715 4679 jacto
1738 4613 2011 4682 angularis
2030 4615 2164 4685 lapis
2185 4616 2344 4671 Chri-
2378 4587 2420 4641 θ

2383 4587 2420 4641 D
2452 4587 2721 4697 συσφίγξεί
2766 4627 2920 4697 ἡμῶν
2974 4628 3222 4699 ἀμώμων
3278 4587 3358 4693 είς
3419 4587 3565 4684 gmw
3595 4587 4027 4686 segregem/:1

790 4716 905 4760 stus
941 4720 969 4758 a
997 4704 1153 4757 nobis
1210 4704 1527 4767 honoretur,
1580 4717 1787 4770 nosque
1834 4717 2024 4757 omnes
2056 4705 2224 4775 culpa:
2249 4723 2343 4761 ex-

2453 4733 2631 4786 μημα,
2685 4717 2866 4786 βολαῖς
2920 4719 3156 4781 ἀπάσαις
3210 4721 3303 4773 καὶ
3351 4720 3681 4790 προσϐολαῖς
3729 4723 4025 4794 αἱρετικῆς

791 4806 963 4851 sortes
994 4797 1046 4849 in
1096 4796 1198 4850 hoc
1249 4796 1526 4864 spirituale
1564 4794 1849 4849 editicium
1884 4797 2127 4864 apposite
2182 4814 2342 4867 coag-

1744 4794 1849 4847 ium
1884 4797 2127 4864 apposite
2182 4814 2342 4867 coag-
2454 4811 2791 4877 μαγγανείας
2813 4812 3095 4880 γινόμενον
3124 4811 3388 4865 ἄπτωτον.

792 4896 991 4989 mentet
1040 4903 1102 4941 ac
1162 4894 1489 4954 componat;
1533 4895 1591 4939 ut
1639 4885 1705 4938 ah
1755 4886 2011 4941 omnibus
2042 4888 2304 4945 lucretio-te
2342 4893 2655 4965 impostum
2716 4900 3165 4971 impressionibus
3222 4912 3275 4957 et
3329 4903 3639 4961 incursibus
3681 4905 3841 4964 .illmsi
3889 4920 4025 4976 per.

793 4988 1070 5034 sistamus.

859 5072 999 5139 Quia
1043 5086 1170 5125 vero
1208 5071 1400 5125 stabile
1431 5079 1487 5125 et
1516 5072 1899 5127 inconcussum
1930 5072 2341 5132 fundamentum

2529 5084 2679 5137 Ἐπεὶ
2716 5084 2772 5137 δέ
2834 5087 3035 5156 κρηπὶς
3090 5085 3304 5154 βεϐαία,
3365 5088 3457 5140 καὶ
3491 5087 3738 5157 ἀσφαλὴς
3759 5088 4018 5159 θεμέλιος

791 5167 967 5220 omnis
1010 5165 1305 5233 sapientiae,
1346 5180 1463 5233 quae
1507 5182 1537 5217 a
1561 5166 1769 5220 ratione
1806 5167 2189 5235 proﬁciscitur,
2214 5186 2337 5225 con-

2446 5175 2668 5246 λογικῆς
2722 5179 2937 5249 ἁπάσης
2985 5180 3177 5248 σοφίας
3208 5185 3447 5249 πέφυκεν
3474 5181 3507 5250 ἡ
3537 5182 3646 5234 τῶν
3692 5199 4020 5254 πραγματι-

793 5256 965 5309 suevit
996 5269 1115 5308 esse
1142 5256 1427 5322 praeceptio
1452 5265 1501 5308 et
1522 5256 1783 5323 przenotio
1807 5256 2186 5313 definitionum
2220 5276 2348 5329 pro.

2449 5268 2559 5321 κῶν
2607 5272 2749 5340 ὅρων
2803 5272 3212 5342 προκατάληψίς
3240 5290 3296 5325 τε
3340 5274 3435 5327 καὶ
3479 5275 3825 5345 πρόγνωσις,
3870 5294 4017 5347 προ-

794 5346 965 5415 posito
1002 5354 1317 5413 argumento
1376 5346 1816 5411 insanientium;
1851 5348 1971 5402 ideo
2021 5362 2233 5419 oportet
2290 5364 2349 5407 ut

2448 5360 2788 5425 ηγείσθωσαν
2821 5360 2962 5416 οὗτοι
2991 5364 3178 5434 ῶσπερ
3224 5367 3367 5428 τινὲς
3405 5369 3664 5434 ἀσφαλεῖς
3696 5368 3882 5435 ὁδηγοὶ
3908 5371 4018 5437 τῆς

795 5447 910 5492 ista:
942 5436 1280 5499 antecedant,
1317 5446 1569 5507 tanquam
1600 5443 1882 5506 prwsentis
1918 5445 2219 5509 argumenti
2248 5446 2349 5515 16

2451 5452 2729 5523 παρούσης
2759 5456 3084 5519 ὑποθέσεως.
3119 5458 3345 5526 Ὀλίγοις
3364 5459 3472 5527 γὰρ
3508 5460 3601 5512 καὶ
3636 5460 3869 5528 μάλιστα
3894 5464 4016 5525 τοῖς

792 5529 1108 5584 certissima:
1165 5530 1352 5585 duces.
1421 5530 1614 5585 Paucis
1676 5534 1841 5595 enim,
1896 5545 1948 5589 et
2006 5536 2088 5590 his
2129 5538 2348 5593 minime

2450 5540 2591 5594 κατά
2619 5542 2718 5613 τὴν
2752 5546 3028 5614 ἡμετέραν
3055 5547 3248 5613 γενεὰν
3302 5548 3527 5618 σπουδὴ,
3573 5548 3667 5600 καὶ
3713 5548 3876 5609 πόνος
3910 5550 4012 5617 γέ-

795 5622 1057 5687 umnium,
1108 5622 1200 5689 qui
1252 5638 1366 5676 aevo
1414 5633 1599 5677 nostro
1654 5625 1873 5694 degunt,
1916 5642 2060 5681 curae
2089 5630 2347 5700 cordique

2448 5648 2601 5697 γονεν
2647 5637 2677 5703 ἡ
2724 5636 2832 5689 τῶν
2874 5637 3015 5708 ὅρων
3068 5637 3345 5703 παίδευσίς
3400 5657 3457 5692 τε
3510 5641 3602 5692 καὶ
3657 5640 4010 5709 πρόγνωσις·

869 5776 910 5809 ⁸⁷
941 5774 1094 5831 Joan.
1132 5794 1242 5843 xu,
1279 5777 1363 5832 3i.
1444 5778 1485 5808 ’⁸
1520 5775 1679 5832 Marc.
1718 5778 1899 5837 v1.47.
1980 5781 2020 5811 ¹⁹
2047 5778 2201 5835 Joan.
2244 5783 2438 5846 xx,?.l.
