4200 6440
159 430 261 489 777
1526 420 2037 495 QUAESTIONES.

3294 431 3399 496 778

152 560 348 594 πτουσι
388 544 490 609 τὴν
520 542 706 609 γονὴν,
752 543 943 610 ὥσπερ
968 543 1059 594 καὶ
1088 542 1310 594 ἐπὶτῶν
1333 540 1619 611 ἑταιρίδων
1647 538 1721 605 γί-

1831 536 1898 590 ad
1926 538 2208 593 lasciviam
2265 540 2540 610 frequenti
2570 546 2723 599 coitu
2761 559 2819 597 se
2852 545 3142 615 abjieiunt,
3186 549 3400 616 genitu.

146 651 338 688 ’δεταιο
370 635 652 703 δυσχερῶς
685 635 793 704 γὰρ
842 635 1047 687 ἐκεῖναι
1093 634 1582 703 συλλαμὸάνονται.
1636 633 1734 685 Διά

146 728 310 781 τοῦτο
343 724 438 781 οὖν
467 729 746 795 διαφόροις
776 728 959 790 τόποις
985 729 1131 790 τινὲς
1170 727 1415 779 πλούσιοι
1444 728 1537 779 καὶ
1564 725 1731 795 ἀϐροο

142 819 350 875 δίαιτοι
395 821 722 875 ἐπιποθοῦσι
762 821 985 885 τέκνων,
1020 819 1115 873 καὶ
1147 821 1208 873 οὐ
1253 820 1630 888 τυγχάνουσιν.
1668 820 1730 869 0i

147 916 209 965 οὲ
254 915 493 982 πένητες
551 915 809 974 πολλάκις
846 912 1165 965 πολύτεκνοι
1199 912 1439 979 γίνονται
1473 924 1488 937 ⁸
1528 910 1729 977 ἀναξη-

149 1007 456 1075 ραινομένη
499 1006 607 1074 γάρ
641 1008 672 1073 ή
708 1005 871 1073 φύσις
901 1003 1007 1057 ὑπὸ
1041 1003 1141 1072 τῆς
1173 1002 1401 1064 ἐνδείας,
1437 1001 1624 1070 ὥσπερ
1656 1000 1727 1069 γῆ

143 1096 385 1164 διψῶσα,
418 1097 620 1159 εὐθέως
643 1097 934 1165 ὃράσσεται
973 1094 1074 1162 τῆς
1108 1094 1405 1163 ὑγρότητος
1435 1096 1531 1162 τῆς
1563 1110 1727 1145 κατα-

155 1186 497 1255 δαλλομένης
520 1187 705 1254 γονῆς,
738 1185 877 1237 καθά
906 1186 1174 1252 πάσχουσι
1207 1185 1300 1235 καὶ
1324 1179 1486 1241 οὗτοι,
1518 1185 1566 1233 οἱ
1598 1181 1727 1250 παρ’

154 1279 278 1344 ἡμῖν
328 1279 664 1344 πανάποροι,
700 1277 793 1328 καὶ
833 1276 1060 1344 πτωχοὶ.
1103 1276 1395 1344 ἐρημῖῖαι,
1433 1278 1528 1325 καὶ
1559 1276 1726 1339 Ἀρα-

153 1374 260 1433 ίέες,
296 1371 473 1439 ἄρτου
510 1371 609 1437 μέν
657 1370 841 1437 σχεδὸν
889 1368 962 1436 μὴ
1004 1368 1400 1437 εὐποροῦντες,
1437 1365 1643 1432 πλῆθος
1672 1364 1726 1417 δὲ

151 1464 353 1514 τέκνων
389 1463 517 1515 καθ’
546 1460 849 1532 ὑπερϋολήν
882 1461 1113 1530 ἔχοντεςσ
1150 1460 1259 1513 καὶ
1297 1458 1447 1526 γοῦν.
1477 1457 1549 1521 ὥς
1595 1477 1725 1527 φασι

150 1554 238 1604 καὶ
262 1556 313 1604 οί
351 1554 455 1614 τὰς
487 1554 739 1621 ἰατρικὰς
768 1552 1079 1620 ἐπιστήμας
1108 1550 1188 1612 εἰς
1218 1551 1388 1619 ἄκρον
1418 1549 1726 1619 ἐξησκημέ-

151 1660 246 1704 νοι,
278 1644 375 1693 καὶ
403 1643 549 1709 γάλα
582 1641 841 1703 πολλάκις
882 1640 1196 1710 εὑρίσκεται
1226 1639 1397 1692 κακοῦ
1426 1642 1601 1710 χυμοῦ
1631 1640 1725 1693 καὶ

150 1737 405 1804 κράσεως
441 1734 754 1804 διαφθεῖρον
778 1733 838 1786 τὸ
868 1734 1078 1803 νήπιον.

208 1830 275 1880 ΕΞ
298 1828 355 1879 δὲ
390 1827 573 1893 λέγεις
602 1844 711 1895 μοι,
741 1825 856 1878 όδι’
874 1826 1133 1878 ἐναντίον·
1156 1820 1362 1884 Τίοῦν;
1397 1823 1543 1875 ἐστιν
1569 1821 1723 1884 ἐκτὸς

147 1920 277 1971 Θεοῦ
307 1918 743 1985 πολυτεκνῆσαι,
790 1916 823 1985 ἦ
860 1916 1099 1986 ζητῆσαι
1147 1928 1194 1977 ε,
1230 1916 1264 1987 ἢ
1310 1915 1603 1968 ἀποθανεῖν
1631 1914 1723 1967 ἄν·

147 2012 398 2080 θρωπονς
468 2010 580 2078 ἐρῶ
626 2026 708 2061 σοι
752 2009 927 2076 κάγὼ,
966 2009 1049 2060 ὅτι
1104 2008 1296 2060 καὶτὰ
1325 2007 1413 2059 διὰ
1458 2007 1567 2059 τῶν
1610 2025 1723 2059 κτι-

146 2100 371 2169 σμάτων
393 2140 409 2163 ,
444 2103 543 2151 καὶ
572 2097 851 2167 στοιχείων
873 2139 887 2161 ,
947 2098 1039 2151 καὶ
1080 2097 1281 2167 ἀέρων,
1313 2098 1407 2149 καὶ
1450 2098 1721 2167 κράσεων,

147 2194 236 2244 καὶ
267 2192 506 2256 ὑδάτων,
548 2197 641 2243 καὶ
695 2192 967 2258 γάλακτος
1024 2190 1270 2256 φυσικῶς
1313 2190 1611 2259 γινόμενα,
1659 2191 1723 2243 οὐ

146 2286 307 2354 χωρὶς
336 2283 484 2336 Θεοῦ
514 2283 731 2350 λέγεται
774 2281 1041 2350 γίνεσθαι.
1076 2284 1211 2352 Hap’
1250 2281 1415 2335 αὑτοῦ
1455 2282 1562 2352 γάρ
1596 2283 1723 2335 ἔλα-

146 2375 232 2427 ϐον
261 2375 366 2426 ἀπ’
403 2375 582 2444 ἀρχῆς
623 2374 803 2426 πάντα
830 2373 897 2425 τά
926 2373 1203 2443 κτίσματα
1232 2372 1419 2434 αὑτοῦ.
1453 2377 1591 2427 κατᾶ
1628 2372 1722 2426 τοῦ

146 2466 309 2519 αὑτοῦ
346 2466 608 2535 βούλησιν
636 2466 728 2518 καὶ
759 2466 1038 2536 πρόνοιαν,
1068 2466 1161 2518 καὶ
1189 2466 1287 2529 τὰς
1321 2466 1597 2527 οὐσιώδεις
1629 2466 1723 2517 αὑ-

146 2558 248 2609 τῶν
274 2558 377 2610 καὶ
415 2558 654 2626 φυσικάς
687 2557 993 2627 ἐνεργείας.
1037 2557 1209 2619 Ἐπεὶ,
1240 2559 1425 2620 πόθεν,
1457 2558 1577 2610 εἰπέ
1608 2575 1719 2628 μοι,

146 2651 408 2717 πρόσεστι
443 2650 525 2718 τῷ
551 2650 849 2719 βασιλίσκω
877 2651 910 2717 ἡ
938 2650 1260 2720 ἀναιρετικὴ
1290 2650 1592 2722 δύναμις,ῆ
1629 2653 1721 2705 καὶ

143 2747 202 2812 τῇ
232 2743 424 2813 ἐχίδνῃ
467 2746 498 2795 ὁ
550 2743 927 2813 θανατηφόρος
974 2743 1080 2805 ἰὸς,
1112 2742 1289 2796 ἄλλων
1317 2743 1373 2795 δὲ
1411 2743 1665 2811 ζωῦφίων
1686 2745 1720 2815 ἠ

146 2838 415 2905 ἰάματικὴ
442 2835 541 2888 τοῦ
566 2835 948 2906 θανατηφόρου
972 2835 1257 2905 ἐνέργεια;
1291 2836 1520 2890 Ποτάναι
1557 2837 1721 2890 θανα-

140 2929 392 2996 vestigat,
423 2928 613 2995 ’ἐτεραι
669 2927 725 2979 δὲ
785 2929 1139 2996 καθαρτικαὶ,
1196 2931 1287 2981 καὶ
1319 2930 1594 2994 ἀϐλαϐεῖς,
1628 2932 1721 2985 καὶ

143 3020 456 3086 ἰαματικαί.
492 3018 653 3070 ὐθεν
679 3018 851 3071 ταῦτα
891 3020 986 3071 καὶ
1033 3018 1101 3071 τὰ
1139 3018 1367 3072 τοιαῦτα
1404 3021 1582 3084 καλῶς
1626 3022 1739 3103 καὶ.

141 3109 467 3171 θεοδείκτως
507 3109 1059 3178 ἀναψηλαφήσαντες,
1218 3108 1285 3162 ἄν
1313 3127 1441 3163 ποτε
1469 3106 1606 3164 εἶδόν
1637 3129 1718 3164 τι-

141 3220 221 3264 νες
248 3202 363 3255 τῶν
397 3202 779 3271 προκειμένων
808 3201 993 3263 αὐτοῖς
1022 3202 1225 3268 γονέων
1265 3202 1325 3254 τὸ
1367 3202 1583 3274 πρῶτον
1619 3196 1745 3257 καῖ’

138 3296 390 3362 δεύτερον
422 3294 519 3347 καὶ
548 3294 729 3363 τρίτον
758 3291 948 3347 τέκνον
985 3294 1002 3332 τ
1034 3294 1350 3364 θηλάσασαν
1376 3297 1716 3367 τελευτῆσαι,

140 3387 554 3449 συνεϐούλευον,
596 3386 793 3456 μηκέτι
818 3388 989 3457 αὐτὴν
1015 3387 1270 3457 θηλάζειν
1302 3390 1371 3443 τά
1397 3390 1527 3461 παρ’
1544 3391 1717 3459 αὐτῆς

138 3479 460 3546 τικτόμενα.
498 3477 687 3547 Ὅμως
718 3478 811 3529 ἐπὶ
838 3480 1003 3530 πᾶσιν
1033 3479 1196 3532 καλὸν
1229 3482 1289 3535 τὸ
1324 3482 1522 3549 λέγειν’
1561 3500 1579 3533 ι
1628 3482 1715 3547 Ὠς

138 3568 491 3638 ἐμεγαλύνοη
544 3571 611 3621 τά
657 3570 796 3639 ἔργα
828 3586 952 3635 σου,
978 3572 1189 3642 Κύριεί
1233 3576 1413 3629 πάντα
1446 3577 1503 3627 ἐν
1551 3576 1716 3646 σοφίᾳ

138 3666 421 3732 ἐποίησας.
465 3682 484 3713 ο
783 3720 787 3725 η

208 3758 404 3825 ὐμως
446 3756 541 3806 καὶ
566 3755 759 3823 ἑτέραν
781 3756 903 3807 τινὶ
946 3756 1081 3826 πρὸς
1110 3761 1231 3821 ταῖς
1256 3761 1575 3830 εξρημὲναις
1623 3765 1713 3815 ἐν-

140 3850 449 3902 υπόστατον
478 3848 573 3899 καὶ
600 3847 801 3915 ἀψευδῆ
841 3849 1156 3917 παραγάγω
1188 3853 1554 3922 παράστασιν,
1592 3854 1711 3907 πεί-

137 3939 333 3993 θουσαν
361 3940 461 3991 καὶ
486 3940 578 3990 τὸν
599 3939 718 3991 λίαν
740 3940 1062 4007 φιλόνεικον,
1085 3942 1167 3994 ὅτι
1189 3942 1274 3995 διὰ
1302 3944 1406 3996 τῶν
1434 3948 1713 4017 στοιχείων

133 4030 494 4100 ᾠκονόμησεν
525 4032 554 4083 ό
583 4030 716 4094 Θεὸς
744 4032 1062 4086 διοικεῖσθαι
1107 4035 1198 4086 καὶ
1234 4032 1638 4104 ζωογονεῖσθαι,
1676 4038 1710 4107 ἢ

134 4139 221 4174 και
250 4121 603 4175 τελειοῦσθαι
636 4122 696 4174 τὸ
736 4123 1003 4193 ἡμέτερον
1046 4125 1205 4196 σῶμα
1230 4145 1245 4160 ’
1274 4130 1417 4199 τάχα
1447 4132 1523 4195 δὲ,
1560 4132 1621 4184 οὐ
1650 4134 1712 4186 τὸ

137 4215 295 4284 σῶμα
333 4215 524 4284 μόνον,
563 4215 697 4267 ἀλλά
730 4218 825 4268 καὶ
854 4218 1055 4281 αὐτοὺς
1086 4220 1256 4289 ἡμᾶς,
1281 4222 1380 4292 τῆς
1412 4225 1707 4295 ἀσωμάτου

132 4305 306 4377 ψυχῆς
338 4308 441 4367 τὰς
476 4308 719 4375 κινήσεις
776 4308 872 4359 καὶ
921 4310 1019 4371 τάς
1067 4310 1372 4382 ἐνεργείας.
1407 4315 1549 4385 Ὅρα
1575 4318 1707 4390 γάρ,

134 4396 208 4449 δτι
263 4396 587 4466 ἀρχημένης
631 4396 730 4465 μὲν
782 4399 881 4465 τῆς
932 4400 1159 4467 ἡμέρας,
1212 4405 1401 4476 ἐπειδὴ
1436 4409 1638 4474 εὐθέως
1674 4414 1707 4482 ἡ

135 4489 350 4557 κίνησις
384 4488 487 4554 τῆς
532 4488 696 4557 χολῆς
742 4491 957 4556 πρωῖας
986 4492 1165 4545 εἰώθει
1199 4495 1468 4563 γίνεσθαι,
1511 4503 1708 4569 πικρό-

1836 648 1950 684 ram
2006 648 2114 687 non
2168 636 2551 712 retinentunl
2601 649 2659 692 et
2713 639 3100 693 meretricibus
3152 639 3395 703 accidit;

1833 724 2129 779 difficulter
2159 729 2307 781 enim
2328 729 2670 797 conieipiunt.
2718 730 3016 800 Propterea
3068 732 3239 788 variis
3262 734 3401 789 locis

1832 817 2078 886 opulenti
2114 820 2337 887 quidam
2370 829 2427 874 et
2454 819 2670 875 deliciis
2687 822 2995 886 allluentes,
3029 832 3226 893 petunt
3255 824 3395 880 libe-

1832 922 1945 967 ros,
1971 922 2073 960 nec
2114 908 2389 963 obtinent.
2421 908 2700 980 Pauperes
2724 927 2854 965 vero
2892 912 3216 983 frequenter
3249 916 3395 968 mulo

1833 1006 1939 1051 tam
1966 999 2177 1068 prolem
2200 1012 2492 1055 numerant
2521 1022 2532 1056 :
2562 1015 2763 1057 natura
2800 1007 2946 1060 enim
2989 1008 3060 1063 ob
3094 1018 3395 1080 egestatem

1828 1089 2136 1153 exsiccata,
2182 1091 2389 1151 subito,
2448 1093 2621 1148 instar
2672 1103 2835 1149 terra:
2885 1096 3144 1163 sitientis,
3199 1099 3398 1170 arripit

1831 1181 2088 1234 immissa:
2134 1185 2402 1250 genitum
2445 1184 2854 1238 limniditatem.
2915 1186 3257 1245 Testimonio
3287 1190 3399 1245 sint

1827 1272 1920 1337 qui
1945 1270 2088 1339 apud
2118 1287 2219 1325 nos
2248 1272 2663 1340 egentissinnnn
2693 1275 2857 1328 vitam
2882 1276 3095 1331 ducunt
3134 1279 3394 1345 mendici,

1828 1360 2384 1430 solivagietArabcs,
2410 1363 2616 1431 quibus
2650 1380 2773 1418 cum
2806 1368 2892 1420 vix
2927 1368 3085 1437 panis
3115 1376 3393 1440 sdppctat,

1829 1452 2119 1505 innumera
2140 1453 2334 1509 sobole
2357 1455 2657 1523 stipantur.
2694 1456 2847 1525 Saepe
2879 1461 3044 1513 etiam
3083 1460 3190 1526 lac,
3218 1469 3279 1515 ut
3307 1477 3397 1517 re-

1828 1560 1948 1597 rum
1981 1544 2322 1599 medicarum
2352 1547 2675 1616 peritissimi
2706 1548 2953 1611 tradunt,
2980 1554 3227 1621 perversi
3242 1553 3395 1609 succi

1825 1646 1881 1689 et
1911 1640 2333 1708 temperamenti
2361 1641 2545 1709 perdit
2593 1641 2881 1697 infantem.

1896 1818 1953 1873 Si
2003 1819 2358 1874 adversarius
2393 1822 2570 1875 dicat:
2602 1822 2745 1888 Quid
2772 1827 2945 1893 ergo?
2983 1829 3063 1881 An
3100 1836 3258 1884 extra
3292 1830 3389 1887 Dei

1823 1913 2077 1966 notitiam
2101 1921 2271 1967 estut
2304 1913 2471 1967 homo
2502 1914 2757 1985 pluribus
2805 1917 2994 1972 liberis
3016 1919 3281 1987 abundet,
3316 1924 3396 1978 vi-

1824 2015 1937 2070 vat,
1991 2005 2300 2059 moriatur?
2344 2006 2713 2075 respondebo,
2764 2024 2830 2063 ea
2876 2026 2997 2079 qua:
3046 2026 3147 2081 per
3179 2024 3395 2068 creatu-

1826 2113 1939 2162 ras,
1968 2098 2263 2159 elementa,
2299 2113 2506 2161 acrem,
2542 2107 2995 2167 temperamenta,
3023 2117 3198 2172 aquas
3225 2113 3282 2159 et
3310 2104 3396 2161 lac

1825 2187 2154 2240 naturaliter
2192 2186 2353 2251 fiunt,
2378 2188 2526 2241 haud
2562 2188 2769 2258 absque
2811 2202 2948 2245 nutu
2986 2192 3081 2246 Dei
3113 2192 3288 2261 efﬁci;
3323 2195 3395 2251 ab

1825 2277 1946 2349 ipso
1972 2280 2121 2332 cnim
2146 2278 2333 2333 statim
2364 2295 2393 2333 a
2415 2280 2595 2350 primo
2622 2290 2749 2335 ortu
2767 2296 2960 2337 omnes
2981 2266 3268 2351 creaturae,
3302 2302 3393 2343 se-

1825 2370 2066 2424 cundum
2093 2372 2438 2425 voluntatem
2470 2380 2526 2426 et
2556 2372 2963 2443 providentiam
2995 2376 3138 2447 ejus,
3159 2388 3391 2435 natura-

1828 2463 1909 2517 les
1936 2472 1995 2516 et
2026 2463 2095 2516 ab
2132 2463 2372 2517 essentia
2395 2463 2629 2520 fluentes
2643 2465 2890 2521 actiones
2911 2479 3270 2538 acceperunt.
3295 2470 3395 2527 Dic

1822 2554 1983 2617 mihi,
2012 2553 2159 2608 unde
2211 2555 2355 2609 inest
2379 2554 2635 2609 basilisco
2676 2557 2762 2611 vis
2808 2557 3183 2625 interimendi,
3210 2571 3268 2616 et
3312 2563 3394 2617 vi-

1841 2662 1967 2699 bene
1989 2646 2336 2701 mortiferum
2370 2663 2668 2713 venenum,
2700 2648 2824 2703 aliis
2871 2665 3005 2705 vero
3032 2653 3389 2716 animalculis

1822 2734 2055 2789 facultas
2123 2736 2435 2802 medendi,
2506 2747 2565 2792 et
2625 2738 2947 2794 venenifera
3008 2743 3153 2797 mala
3203 2743 3393 2815 depel-

1822 2826 2017 2879 lendi?
2086 2826 2243 2882 Unde
2312 2828 2515 2897 plantae
2584 2838 2641 2883 et
2718 2831 2906 2887 herbae
2964 2833 3087 2889 alite
3163 2836 3390 2906 quidem

1821 2919 2185 2987 perniciales,
2255 2920 2375 2974 alia:
2445 2921 2723 2988 innoxiae,
2797 2923 2866 2977 ad
2931 2926 3274 2996 purgandum
3331 2936 3391 2984 et

1821 3012 2153 3066 medendum
2188 3016 2369 3083 aptm?
2400 3014 2525 3071 Haec
2551 3026 2609 3070 et
2639 3018 2728 3072 his
2749 3018 2951 3073 similia
2976 3030 3267 3092 postquam
3292 3038 3389 3095 pa-

1821 3115 2004 3159 rentes
2030 3107 2281 3160 nonnulli
2312 3108 2470 3177 quasi
2509 3109 2777 3165 divinitus
2801 3111 2983 3167 edocti
3035 3115 3388 3172 animadver-

1826 3206 2032 3262 terunt,
2089 3197 2462 3268 videruntque
2493 3200 2746 3270 primam,
2779 3203 3030 3267 alteram,
3055 3207 3388 3279 tertiamque

1819 3290 2030 3357 prolem
2067 3306 2098 3344 a
2152 3304 2210 3344 se
2268 3291 2545 3357 laetatam,
2584 3308 2903 3363 supremum
2947 3296 3095 3367 diem
3155 3298 3384 3367 obiisse,

1817 3392 1976 3437 natos
2011 3397 2079 3436 ex
2125 3398 2183 3436 se
2216 3384 2701 3455 lactaredeineeps
2753 3387 3118 3454 destiterunt,
3171 3390 3386 3447 Nihilo-

1819 3473 2003 3527 minus
2039 3473 2092 3526 in
2131 3475 2219 3528 bis
2246 3475 2507 3529 omnibus
2534 3479 2958 3534 exclamandum
2994 3491 3113 3537 est:
3158 3502 3178 3534 ι
3206 3483 3384 3550 Quam

1817 3566 2165 3635 magnificam
2224 3578 2353 3622 sunt
2417 3585 2585 3640 opera
2630 3580 2743 3637 tua,
2790 3573 3049 3629 Domine!
3108 3577 3383 3634 omniain

1814 3660 2083 3727 sapientia
2102 3659 2281 3714 fecisti
2318 3660 2385 3713 “.
2411 3680 2429 3711 ι

1880 3751 2153 3805 Caeterum
2181 3752 2345 3807 aliam
2375 3769 2595 3824 quoque
2624 3756 3009 3824 probationem
3033 3760 3267 3815 solidam
3322 3772 3381 3819 et

1811 3838 2109 3906 efficacem,
2139 3850 2196 3895 et
2237 3858 2359 3912 quae
2390 3844 2469 3898 vel
2514 3845 2673 3899 valde
2707 3838 3116 3904 contentiosum
3154 3854 3382 3908 convin-

1816 3939 1927 3996 cat,
1953 3932 2221 3986 adducam
2256 3934 2322 3987 ad
2354 3934 2847 3991 demonstrandum
2885 3939 3109 3997 decreto
3139 3942 3235 3997 Dei
3258 3959 3382 3998 cor-
3410 3928 3420 3951 ³

1813 4040 1915 4094 pus
1940 4034 2188 4079 nostrum
2208 4042 2307 4096 per
2332 4027 2606 4083 elementa
2643 4030 3046 4098 administrari,
3109 4036 3380 4093 vivificari

1811 4124 1867 4171 ct
1894 4115 2117 4185 perfici;
2150 4116 2403 4174 fortassis
2426 4128 2610 4175 autem
2642 4138 2751 4176 non
2796 4139 3000 4194 corpus
3026 4128 3226 4193 solum,
3280 4129 3380 4185 sed

1811 4217 1867 4263 et
1917 4226 2016 4263 nos
2072 4209 2239 4279 ipsos,
2293 4220 2350 4266 et
2385 4213 2726 4282 incorporea:
2768 4216 2967 4271 anima:
3013 4219 3285 4276 motiones
3324 4234 3380 4280 et

1812 4300 2057 4354 actiones
2086 4318 2098 4352 :
2129 4301 2356 4356 adverte
2387 4302 2544 4375 42],
2578 4303 2764 4358 enim:
2798 4307 2901 4361 sub
2930 4309 3217 4365 exordium
3243 4312 3377 4379 diei,

1813 4391 2036 4461 quando
2069 4394 2248 4447 motio
2279 4394 2406 4448 bilis
2435 4409 2596 4449 mane
2610 4397 2934 4467 contingere
2954 4400 3114 4465 solet,
3137 4405 3383 4462 acriores

1814 4494 1872 4538 et
1904 4484 2351 4541 vehementiores
2380 4502 2592 4541 sumus.
2642 4488 2874 4555 Deinde,
2906 4502 3129 4563 sumpto
3175 4496 3302 4551 cibo
3324 4505 3383 4553 et

134 4596 276 4648 τεροι
308 4580 405 4631 καὶ
434 4579 680 4649 ὀξύτεροι
708 4578 984 4651 ἅνθρωποι
1010 4585 1107 4647 τὰς
1128 4588 1340 4656 πρωίας
1368 4590 1707 4665 ὑπάρχομεν.

1818 4577 2107 4632 moderato
2130 4579 2284 4642 vino,
2318 4580 2656 4649 pacatiorem
2684 4589 2739 4635 et
2766 4584 3096 4651 quietiorem
3133 4587 3380 4645 animum

135 4665 266 4722 Εἶτα
299 4668 610 4738 γενομένης
665 4670 873 4739 τροφῆς
930 4675 1024 4725 καὶ
1057 4674 1200 4728 οἴνου
1244 4682 1562 4753 συμμέτρου
1618 4703 1716 4755 με-

134 4760 450 4830 ταλήψεως,
492 4760 851 4833 ἀγαθωτέραν
886 4767 977 4817 καὶ
1002 4768 1361 4840 ήμερωτέραν
1390 4774 1491 4845 τὴν
1534 4776 1713 4847 ψυχὴν

135 4853 356 4922 ἔχομεν.
388 4853 562 4907 Πάλιν
596 4871 655 4906 τε
681 4856 1093 4927 ὁδοιποροῦντες
1118 4900 1132 4923 ,
1166 4864 1256 4915 καὶ
1288 4867 1589 4932 κοπιῶντες
1617 4872 1712 4925 ἐπὶ

136 4945 293 5006 πολὺ,
326 4943 531 5005 εὐθέως
554 4943 910 5009 ἐξατονοῦσαν
945 4949 1044 5019 τὴν
1077 4950 1257 5022 ψυχὴν
1284 4956 1379 5009 καὶ
1402 4961 1710 5030 χαυνουμέ-

136 5052 229 5101 νην
266 5036 493 5102 ἔχομεν.
533 5035 639 5086 Καὶ
665 5038 793 5088 ποτέ
844 5038 942 5106 μὲν
981 5040 1199 5111 νύκτωρ
1236 5047 1580 5117 ἡσυχάζοντα
1611 5055 1706 5105 καὶ

135 5127 378 5193 νήφοντα
425 5124 519 5175 τον
558 5126 681 5178 νοῦν
721 5130 752 5195 ἠ
790 5128 986 5197 ἡσυχία
1012 5132 1104 5186 τὸν
1136 5134 1363 5205 θόρυδον
1390 5142 1701 5209 ἐργάζεταιθ

136 5217 265 5266 ποτὲ
294 5215 355 5266 δὲ
391 5214 499 5265 ὑπὸ
533 5215 797 5284 θορύϐων,
830 5220 861 5289 ἢ
905 5222 1184 5287 καύσωνός
1215 5244 1359 5292 τινος
1382 5238 1707 5304 συνερχομέ-

134 5320 224 5356 νου
252 5305 351 5357 τοῦ
376 5303 654 5373 σώματος,
686 5306 986 5376 διαχεῖσθαι
1010 5313 1104 5364 καί
1127 5313 1201 5377 ὡς
1221 5316 1511 5388 ἀσώματος
1532 5326 1559 5373 ὁ
1580 5323 1703 5385 νοῦς

346 5398 611 5462 πὲιρυκεν.
657 5399 874 5468 Ἀμέλει
916 5401 1045 5467 γοῦν
1095 5407 1290 5471 νηπίου
1341 5412 1436 5463 καὶ
1481 5412 1705 5476 ἀτελοῦς

137 5486 285 5548 όντος
325 5485 420 5539 τοῦ
458 5486 731 5556 σώματος.
768 5493 963 5560 νήπιος
1018 5496 1109 5546 καί
1160 5498 1358 5567 ἀτελής
1415 5502 1569 5569 ἡμῶν
1616 5507 1709 5557 καὶ

138 5580 330 5648 ἀψρων
372 5582 401 5631 ό
447 5579 570 5640 νοῦς
601 5582 925 5651 καθέστηκε,
986 5586 1151 5657 μηδὲν
1198 5590 1382 5659 σχεδίν
1412 5592 1710 5664 διακρίνειν

203 5699 249 5728 ³⁸
277 5699 422 5753 Psal.
455 5715 541 5753 cm
589 5703 676 5756 2t.

1824 4672 2127 4727 induimus.
2155 4672 2291 4728 Cum
2340 4674 2447 4728 iter
2479 4672 2734 4739 facimus,
2770 4678 3055 4747 multoque
3086 4679 3277 4738 labore
3302 4683 3384 4738 fa-

1814 4766 2073 4834 tigamur,
2107 4774 2221 4818 tum
2252 4764 2434 4819 anima
2466 4775 2657 4820 nostra
2703 4766 3009 4838 languescit
3039 4779 3096 4825 et
3123 4771 3377 4837 laxatur;

1810 4868 1865 4913 et
1896 4858 2196 4927 aliquando
2245 4867 2414 4912 noctu
2468 4874 2595 4912 cum
2638 4875 2794 4913 mens
2835 4862 3073 4930 quiescit
3109 4873 3166 4919 et
3214 4865 3378 4935 plano

1812 4949 1998 5003 sobria
2044 4958 2162 5012 est,
2226 4950 2343 5017 ipsa
2400 4950 2559 5018 quies
2630 4951 2928 5005 tumultum
2994 4953 3124 5007 ciet.
3191 4954 3372 5010 Inter-

1814 5042 1945 5097 dum
1987 5058 2018 5095 a
2079 5041 2316 5095 tumultu
2381 5042 2469 5096 vel
2519 5050 2654 5097 aestu
2708 5042 2946 5112 quodam
2993 5049 3379 5105 concurrentis

1816 5135 2089 5203 corporis,
2120 5149 2275 5188 mens
2326 5134 2483 5188 velut
2524 5144 2676 5188 extra
2705 5151 2908 5204 corpus
2935 5135 3171 5193 diffundi
3214 5140 3375 5196 solet.

1818 5227 2009 5296 Igitur,
2031 5224 2255 5293 quando
2278 5239 2482 5293 corpus
2511 5223 2693 5277 adhuc
2735 5224 2985 5279 infantile
3024 5234 3081 5280 et
3115 5227 3380 5297 imperfe:

1815 5330 1964 5374 ctum
1995 5327 2101 5382 est,
2128 5318 2399 5373 infantilis
2423 5317 2633 5380 itidem,
2656 5317 2976 5386 imperfecta
3018 5328 3075 5373 et
3111 5320 3380 5391 insipiens

1817 5428 1973 5465 mens
1994 5421 2179 5464 nostra
2214 5420 2318 5474 est,
2346 5411 2421 5464 ita
2443 5419 2505 5463 ut
2546 5410 2694 5464 nulla
2734 5410 3083 5465 discernendi
3115 5412 3378 5471 facultate

1816 5506 2028 5559 valeat:
2064 5506 2329 5559 membris
2360 5520 2495 5559 vero
2525 5504 2948 5574 augescentibus
2986 5514 3042 5558 et
3073 5508 3377 5562 crescenti-

1819 5598 1940 5661 bus,
1998 5612 2152 5651 mens
2188 5611 2408 5666 quoque
2473 5604 2659 5649 nostra
2699 5595 3081 5665 progressione
3138 5599 3377 5668 quadam

1410 5786 1637 5845 VARle
1678 5789 2078 5849 LECTIONES.

209 5854 229 5880 ε
261 5840 444 5909 ζῆσαι.
532 5842 547 5878 ί
591 5842 767 5899 Locus
806 5859 1111 5917 corruptus.

375 5938 653 5997 Parnm.
701 5941 816 5996 fin.
863 5940 1006 6001 LXX
1020 5943 1149 6002 XIX
1165 5989 1177 6001 .

2904 5949 2981 6010 '25
