4200 6440
764 389 867 449 759

1955 395 2015 452 S.
2046 393 2437 457 ANASTASII
2488 400 2809 463 SINAlT/E

3880 407 3989 466 760

762 504 926 557 corde
968 515 1072 562 est.
1116 505 1189 558 ita
1223 512 1282 559 ut
1322 520 1496 573 neque
1528 515 1755 574 propter
1788 507 1895 559 vita
1939 507 2177 566 functos,
2219 521 2318 560 ne-
2348 511 2393 565 Α

2348 511 2393 565 Δ
2422 512 2515 563 καὶ
2547 517 2681 584 μήτε
2720 516 2813 568 ἐπὶ
2861 520 3093 586 νεκροῖς,
3129 519 3264 588 μήτε
3296 520 3389 571 ἐπὶ
3424 521 3534 580 τοῖς
3566 519 3717 581 ἰδίοις
3748 518 3983 581 τέκνοις,

761 610 869 660 quc
934 604 1161 664 propter
1214 596 1469 665 proprios
1520 598 1744 662 liberos,
1803 613 1979 665 neque
2030 598 2102 651 ob
2152 599 2315 651 ullam

762 687 924 740 aliam
959 688 1321 741 calamitatem
1353 688 1643 759 lacrymari
1668 689 1751 741 vel
1789 689 1856 741 ad
1896 688 2066 741 Deum
2098 702 2316 755 gemere

760 787 947 843 queat.
999 778 1087 831 hic
1113 788 1306 847 pectus
1355 780 1567 841 tundet,
1602 780 1771 831 risum
1807 786 2139 847 compescet,
2188 794 2320 830 ocu-

764 870 953 936 losque
995 869 1270 934 demittet,
1311 881 1367 925 et
1412 873 1511 925 hac
1557 873 1766 925 ratione
1808 871 2073 940 laerymas
2126 885 2154 921 a
2210 870 2318 922 Deo

764 958 1094 1024 impetrabit.
1141 959 1434 1014 Sciendum
1474 970 1657 1013 autem
1694 962 1865 1015 multo
1900 958 2317 1014 fructuosiorem

760 1065 878 1101 esse
897 1052 1223 1115 orationem,
1250 1055 1301 1107 in
1324 1054 1510 1107 abdito
1533 1055 1777 1107 conclavi
1802 1056 2124 1116 institutam,
2152 1067 2315 1121 quam

759 1155 880 1207 qua:
920 1140 981 1195 ﬁt
1030 1158 1213 1197 coram
1263 1145 1521 1199 omnibus
1572 1146 1622 1197 in
1664 1144 1918 1197 ecclesia.

1261 1252 1817 1357 QUIES'I‘IO

1235 1379 1463 1434 EXTIM
1504 1377 1832 1433 OlllllNEM.

1007 1470 1148 1543 Num
1189 1475 1378 1525 bonum
1422 1483 1497 1525 est
1536 1483 1749 1541 peccata
1792 1472 2072 1537 con/ite.”

1341 1564 1738 1618 RESI’ONSIO.

828 1652 1035 1707 Bonum
1076 1663 1131 1708 et
1181 1654 1473 1711 admodum
1504 1659 1635 1710 utile
1675 1669 1759 1712 est
1808 1660 2080 1720 eotiﬁteri,
2115 1659 2207 1711 sed
2246 1658 2316 1710 ita

759 1753 819 1799 ut
863 1745 1133 1799 confessio
1185 1764 1291 1801 nou
1344 1749 1435 1801 ﬁat
1488 1750 1731 1811 cuilibet,
1779 1750 1999 1819 quatqu
2045 1764 2220 1816 neque
2260 1759 2313 1801 tu

2420 604 2556 675 μηδὲ
2585 610 2670 660 ἐπ’
2692 609 2826 680 ἄλλῃ
2851 614 3105 682 συμφορᾷ
3126 606 3392 681 δακρύσὼ
3415 611 3731 681 δυνάμενος,
3773 614 3805 681 ἧ
3860 629 3985 662 στυ-

2417 698 2614 763 γνάσαι
2638 700 2772 769 πρὸς
2805 701 2895 752 τὸν
2919 701 3073 764 Θεὸν,
3122 703 3181 754 τὸ
3216 702 3407 771 στῆθος
3441 704 3619 772 τύψει,
3657 704 3746 755 τὸν
3772 703 3983 770 γέλωτα

2419 791 2727 859 περικόψει,
2761 794 2887 856 τοὺς
2925 793 3236 862 ὀφθαλμοὺς
3259 794 3604 857 ταπεινώσει,
3636 795 3804 854 οὕτως
3826 793 3983 863 χαρί-

2418 881 2571 945 ζεται
2603 884 2751 954 αὑτῴ
2775 887 2804 936 ὁ
2831 886 2963 948 Θεὸς
3006 886 3099 939 καὶ
3130 887 3189 938 τὸ
3223 888 3480 957 δάκρυον.
3506 888 3627 956 Χρὴ
3663 889 3717 939 δὲ
3755 887 3983 938 ἐπίστα-

2421 972 2559 1033 σϐαι,
2588 975 2670 1025 ὅτι
2706 974 2837 1026 πολὺ
2864 976 3131 1045 συμφέρει
3155 978 3187 1045 ἡ
3216 977 3490 1046 προσευχὴ
3520 979 3550 1046 ἡ
3578 980 3631 1028 ὲν
3664 976 3742 1046 τῷ
3774 975 3985 1042 ταμείῳ

2422 1080 2515 1115 σου
2561 1064 2850 1133 γενομένη,
2896 1064 3036 1135 ὑπὲρ
3077 1066 3168 1120 τὸν
3220 1067 3277 1118 ἐν
3325 1069 3389 1136 τῇ
3434 1066 3699 1136 ἐκκλησίᾳ
3752 1065 3983 1119 ἐνώπιον

2419 1157 2636 1210 πάντων
2670 1157 3083 1228 ἐπιτελουμένη.

2895 1284 3447 1370 ΕΡΩἸῊΣΙΣ.

2546 1420 2747 1475 Καλὸν
2779 1415 2891 1493 ἆρα
2924 1423 2987 1474 τὸ
3018 1423 3505 1492 ἐξομολογεῖσθαι
3539 1422 3861 1491 ἀμαρτιύς;

3011 1558 3392 1611 ΔΠΟΚΡΙΣΙΣ.

2489 1650 2687 1711 Καλὴν,
2719 1662 2815 1703 και
2843 1652 2984 1703 πάνυ
3014 1651 3311 1720 ὠφέλιμον,
3347 1649 3483 1704 ἀλλὰ
3524 1652 3596 1721 μὴ
3636 1652 3747 1712 τοῖς
3792 1652 3981 1715 πᾶσιν,

2419 1741 2537 1791 ἐπεὶ
2563 1738 2685 1792 οὔτε
2712 1757 2794 1792 σοι
2812 1740 2969 1792 τοῦτο
2994 1740 3213 1807 ὠφελεῖ,
3244 1742 3379 1794 ἀλλὰ
3410 1743 3501 1794 καὶ
3533 1743 3656 1803 τοὺς
3684 1741 3982 1802 ἀκούοντας

759 1836 1047 1891 utilitatem
1082 1839 1205 1892 inde
1242 1841 1409 1908 capis,
1456 1850 1511 1893 et
1541 1841 1765 1909 insuper
1796 1842 2086 1895 audientes
2121 1840 2312 1893 inlieis.
2350 1858 2390 1911 υ

2350 1858 2390 1911 Β
2423 1831 2690 1898 μολύνεις.
2725 1831 2849 1883 Ἐὰν
2877 1832 2969 1884 οὖν
2998 1831 3165 1903 εὕρῃς
3194 1832 3363 1901 ἄνδρα
3412 1832 3780 1901 πνευματικὸν
3821 1833 3983 1884 δυνά-

758 1930 814 1983 Si
858 1939 1037 1981 autem
1073 1932 1315 1983 invenias
1345 1933 1521 1985 virum
1554 1934 1917 2000 spiritualem,
1946 1933 2036 2000 qui
2069 1933 2164 1984 tibi
2204 1947 2315 1984 tue-

757 2019 990 2073 dic-inani
1024 2020 1224 2081 facere,
1250 2032 1305 2074 et
1338 2039 1438 2091 pro
1469 2035 1518 2077 te
1554 2040 1741 2092 preces
1771 2025 1835 2077 ad
1878 2027 2045 2078 lle-nn
2086 2023 2313 2076 fundere

757 2107 949 2175 possit,
990 2108 1119 2161 huic
1164 2111 1263 2163 soli
1307 2113 1674 2167 conﬁteberis.

1133 2241 1684 2343 QUIESTIO
1761 2246 1993 2331 CVI;

760 2386 903 2441 Unde
935 2390 1190 2457 cognoscit
1220 2392 1370 2443 homo
1388 2391 1483 2443 sibi
1508 2410 1538 2443 τι
1572 2391 1672 2442 Dm
1702 2403 1908 2455 perculit
1940 2399 2151 2445 rmnisxu
2184 2410 2310 2455 esse,

824 2466 874 2510 et
894 2474 949 2511 se
975 2460 1382 2512 misericordiam
1418 2463 1469 2513 in
1503 2461 1583 2513 die
1605 2461 1783 2526 iudicii
1812 2466 2247 2516 consecuturum?

1332 2599 1731 2654 RESPONSIO.

824 2687 902 2741 Ex
951 2688 1172 2758 propria
1226 2692 1587 2753 conscientia,
1641 2704 1695 2746 et
1746 2711 1811 2747 ex
1866 2695 2114 2749 libertate
2153 2713 2315 2765 quam

753 2776 918 2830 habet
964 2780 1146 2833 anima
1198 2781 1253 2833 in
1295 2784 1542 2836 oratione
1584 2784 1650 2837 ad
1693 2787 1884 2840 Deum.
1915 2788 2142 2853 Quando
2171 2792 2314 2844 enim

756 2869 921 2922 homo
950 2880 1032 2924 est
1052 2871 1285 2940 alicujus
1305 2889 1480 2942 preme
1507 2891 1653 2939 reus,
1677 2885 1806 2930 tunc
1839 2889 1980 2932 astat
2010 2882 2120 2934 Deo
2150 2882 2318 2936 instar

754 2959 1019 3025 damnati,
1055 2963 1147 3031 qui
1182 2964 1600 3034 assistitjudici,
1625 2970 1804 3023 omnis
1835 2970 2047 3027 ﬁducia:
2079 2991 2314 3043 aspers:

754 3052 834 3106 sic
865 3061 922 3105 et
955 3055 1136 3107 anima
1186 3055 1242 3107 in
1273 3057 1521 3111 oratione
1559 3060 1762 3113 assistit
1796 3062 1926 3126 Deo,
1976 3081 2082 3118 non
2109 3066 2216 3134 jam
2259 3075 2317 3119 ut

2422 1923 2580 1991 μενόν
2612 1939 2669 1975 σε
2697 1922 3001 1991 ἰατρεῦσαι,
3035 1925 3129 1975 καὶ
3160 1922 3419 1987 εὔξασθαι
3460 1925 3598 1995 ὑπὲρ
3631 1922 3749 1990 σοῦ,
3788 1924 3985 1992 ἐκείνῳ

2421 2012 2563 2081 αόνῳ
2592 2013 3007 2083 ἐξομολόγησον.

2825 2222 3352 2307 ΕΡΩΤΙΙΣΙΣ
3388 2222 3585 2319 PC'.

2416 2363 2606 2413 Πόθεν
2634 2362 2908 2429 γινώσκει
2945 2365 2979 2414 o’
3008 2361 3337 2427 ἄνθρωπος.
3370 2361 3455 2412 ἔτι
3500 2360 3929 2428 συνεχώρησεν
3952 2363 3986 2411 ό
4062 2391 4069 2397 -

2488 2431 2630 2495 Θεὸς
2664 2432 2769 2494 τὰς
2813 2434 3098 2498 ἁμαρτίας
3157 2432 3362 2491 αὑτοῦ,
3420 2432 3513 2483 καὶ
3574 2430 3662 2483 ὅτι
3714 2431 3986 2496 ετιῖνρίσκει

2486 2500 2658 2567 ἔλεος
2683 2501 2918 2566 πάντως
2945 2503 3015 2553 ἐν
3036 2500 3109 2568 τῇ
3136 2500 3323 2568 ἡμέρᾳ
3348 2499 3457 2567 τῆς
3486 2501 3771 2568 κρίσεως-ς

3001 2613 3394 2664 ΛΠΟΚΡΙΣΙΣ.

2502 2704 2594 2754 Ἐκ
2626 2703 2724 2770 τῆς
2743 2702 2876 2763 ἰδίας
2906 2702 3286 2770 συνειδήσεως,
3310 2702 3402 2753 καὶ
3432 2702 3493 2752 ἐκ
3524 2703 3619 2770 τῆς
3647 2699 3984 2771 παρρησίας,

2416 2787 2482 2863 ἧς
2514 2792 2623 2860 ἔχει
2658 2794 2690 2859 ἡ
2720 2792 2866 2861 ψυχὴ
2897 2794 2955 2843 ἐν
2987 2794 3262 2861 προσευχῇ
3308 2792 3445 2863 πρὸς
3488 2791 3581 2841 τὸν
3621 2791 3772 2843 Θεὸν.
3814 2790 3986 2843 ’Ὁταν

2418 2884 2526 2951 γὰρ
2560 2886 2587 2935 ὁ
2616 2884 2898 2951 divom-mo;
2947 2882 3247 2945 ὑπεύθυνός
3279 2887 3392 2935 ἐστι
3442 2882 3735 2943 κολάσεως,
3770 2893 3795 2930 Ρ
3826 2882 3986 2952 δίκην

2419 2976 2708 3028 καταδίκου
2735 2976 2877 3037 τινὸς
2905 2975 3318 3044 παρισταμένου
3354 2975 3431 3043 τῷ
3460 2976 3678 3043 ἄρχοντι
3715 2974 3789 3042 μὴ
3829 2974 3986 3042 ἔχον-

2420 3086 2507 3129 τος
2540 3071 2797 3119 παντοίαν
2830 3067 3160 3138 παρρησίαν,
3187 3067 3327 3118 οὕτω
3356 3068 3448 3119 καὶ
3480 3068 3511 3129 ἡ
3541 3067 3685 3136 ψυχὴ
3723 3065 3986 3134 παρίστα-

753 3144 1090 3197 damnationi
1130 3145 1388 3209 obnoxia,
1417 3148 1511 3201 sed
1549 3159 1606 3201 ut
1636 3151 1799 3203 homo
1826 3153 2065 3217 debitor,
2096 3158 2188 3223 qui
2217 3157 2313 3209 (ιυ-
2342 3184 2385 3239 c

2342 3184 2385 3239 ρ
2422 3179 2508 3211 ται
2536 3160 2611 3227 τῷ
2646 3160 2762 3227 9εῷ
2797 3161 2853 3211 ἐν
2884 3164 2949 3229 τῇ
2978 3162 3276 3229 προσευχῇ,
3302 3161 3400 3211 οὐκ
3434 3159 3513 3211 ἔτι
3545 3158 3619 3219 ώς
3668 3158 3979 3221 καταδικος,

754 3236 928 3289 bitum
972 3237 1071 3291 sibi
1106 3239 1427 3303 condonari,
1472 3250 1528 3294 et
1556 3242 1622 3295 ab
1662 3244 1765 3298 hoe
1802 3244 1998 3300 ordine
2034 3250 2316 3303 transferri

754 3329 924 3397 cupit.
962 3329 1074 3383 Deo
1113 3330 1337 3400 insuper
1366 3342 1526 3395 astat,
1579 3344 1835 3403 tanquam
1864 3353 2057 3392 servus
2101 3340 2315 3395 ltoutiui

754 3434 943 3473 amans
981 3430 1037 3474 et
1065 3421 1385 3485 observans,
1432 3435 1488 3477 et
1512 3425 1578 3477 ab
1609 3426 1711 3479 hoc
1740 3428 1910 3495 gradu
1942 3430 2169 3483 ulterius
2195 3447 2319 3499 pro-

753 3510 955 3564 cedens
996 3513 1327 3581 colloquitur
1363 3530 1485 3567 cum
1537 3516 1646 3568 Deo
1678 3517 1845 3570 instar
1872 3521 2217 3579 mercenarii.
2248 3521 2316 3573 ab

754 3607 901 3659 omni
948 3607 1135 3661 debito
1165 3608 1328 3662 soluti
1364 3617 1420 3663 et
1453 3611 1633 3664 liberi.
1664 3611 1820 3682 411
1865 3613 2105 3667 Tandem
2137 3614 2313 3669 anima

752 3700 995 3769 pondere
1011 3716 1120 3769 quo
1136 3702 1505 3769 premebatur,
1528 3719 1816 3772 progressu
1845 3707 2101 3775 temporis
2119 3708 2311 3771 levata,

754 3790 1000 3859 loquitur
1027 3802 1085 3846 et
1113 3792 1325 3846 assistit
1356 3796 1465 3848 Deo
1502 3796 1653 3849 velut
1691 3802 1901 3851 amicus
1928 3799 2124 3861 amico,
2166 3808 2220 3852 et
2256 3808 2316 3852 ut

751 3895 951 3949 sponsa
986 3882 1210 3951 proprio
1252 3899 1473 3952 sponso,
1508 3895 1563 3938 et
1608 3896 1667 3939 ut
1708 3889 1852 3941 lilius
1890 3905 1992 3943 suo
2030 3890 2188 3958 patri,
2220 3892 2311 3944 ubi

750 3972 888 4026 nihil
926 3974 1161 4042 amplius
1209 3975 1314 4029 loci
1367 3977 1695 4046 relinquitur
1732 3981 1939 4044 timori,
1990 3999 2166 4051 neque
2207 3985 2312 4039 ulla

750 4073 835 4118 est
878 4064 946 4117 de
989 4067 1260 4135 supplicio
1317 4068 1610 4139 inlligendo
1663 4073 1941 4141 cogitatio,
1988 4075 2081 4127 sed
2130 4076 2312 4130 omnia

750 4156 898 4210 aliud
945 4172 1053 4210 non
1097 4170 1222 4213 sunt
1256 4176 1418 4228 quam
1452 4163 1707 4223 Charitas,
1748 4165 1875 4234 juge
1920 4166 2199 4234 gaudium,
2244 4168 2312 4220 li-

752 4245 937 4299 bertas
986 4246 1331 4313 indeliciens,
1380 4253 1572 4306 anima:
1623 4254 1833 4317 lmtitia,
1882 4257 2207 4325 tripudium,
2258 4267 2314 4312 et

750 4336 1041 4391 exsultatio
1073 4338 1443 4404 interminata,
1474 4354 1638 4411 prout
1672 4345 1830 4399 nobis
1857 4346 2082 4400 tradunt
2112 4348 2187 4401 illi
2218 4348 2309 4418 qui

752 4429 922 4499 gratia
966 4429 1171 4487 Christi
1224 4433 1291 4487 ad
1339 4436 1443 4490 hoc
1494 4436 1768 4507 fastigium
1816 4440 1989 4495 evecti
2054 4449 2200 4495 sunt.

1091 4566 1648 4669 QUIESTIO
1722 4571 2011 4658 CVII.

752 4705 811 4762 Si
841 4708 978 4780 quod
1029 4726 1159 4779 opus
1194 4714 1495 4781 aggrediar,
1539 4716 1674 4767 unde
1705 4717 2001 4783 conjiciunt,
2039 4735 2162 4770 num
2205 4718 2310 4773 1)ιό

1266 4783 1491 4852 placeat,
1543 4802 1611 4837 an
1652 4786 1808 4837 non?

1337 4899 1735 4954 RESPONSIO.

822 4986 1189 5043 Perfectorum
1234 5001 1290 5045 et
1333 4993 1695 5061 spiritualium
1733 4994 1975 5048 virorum
2019 5007 2101 5051 est
2130 4999 2310 5052 oumia

752 5090 1007 5135 accurate
1049 5082 1349 5153 dijudicare
1393 5085 1459 5146 ’⁷,
1506 5096 1566 5139 ιιι
1614 5086 1688 5139 ait
1735 5086 2049 5155 Apostolus.
2096 5089 2312 5144 Solidus

749 5174 897 5226 enim
945 5174 1103 5230 cibus
1147 5184 1232 5231 est
1276 5178 1645 5246 perfectorum
1693 5181 1758 5241 ’⁸,
1807 5181 1900 5249 qui
1948 5190 2174 5251 propter
2212 5183 2311 5237 ba.-

753 5264 927 5319 bitum
970 5266 1173 5320 habent
1229 5284 1421 5323 sensus
1469 5269 1535 5322 ad
1583 5270 2030 5340 dijudicationem
2075 5273 2203 5327 boni
2255 5286 2311 5330 et

818 5397 864 5429 ²’
896 5397 917 5450 l
949 5396 1075 5451 Cor.
1108 5413 1165 5461 ιι,
1198 5399 1283 5452 l5.
1360 5400 1406 5430 "
1431 5399 1597 5456 Hebr.
1630 5418 1681 5465 ν,
1710 5401 1793 5455 14.

2420 3251 2530 3303 ἀλλ’
2561 3252 2633 3313 ὡς
2663 3250 2947 3319 ἄνθρωπος
2980 3250 3289 3318 χρεωστῶν,
3324 3252 3415 3301 καὶ
3465 3248 3801 3319 παρακαλῶν
3848 3265 3980 3316 συγ-

2419 3340 2728 3410 χινιρηοῆναι
2757 3339 2863 3391 ἀπὸ
2899 3338 3101 3407 ταύτης
3132 3339 3232 3407 τῆς
3276 3337 3504 3401 τάξεως,
3560 3337 3979 3408 ὲὰνέρρρντίσῃς

2419 3432 2604 3485 αὑτοῦ.
2656 3431 2824 3484 Πάλιν
2881 3430 3212 3500 παρίσταται
3241 3431 3312 3492 ὡς
3343 3430 3527 3492 δοῦλος
3568 3431 3979 3499 φιλοδέσποτος.

2418 3524 2512 3575 καὶ
2541 3522 2647 3574 ἀπὸ
2664 3521 2854 3573 τούτου
2888 3521 3211 3591 προκόπτων
3241 3520 3492 3573 συλλαλεί
3529 3521 3606 3590 τῷ
3634 3519 3753 3589 Θεῷ
3780 3521 3855 3581 ώς
3894 3522 3985 3590 μί-

2419 3614 2586 3676 σοιος,
2623 3613 2697 3683 μὴ
2724 3614 2862 3683 ἔχων
2898 3612 3057 3683 χρέος
3085 3613 3270 3666 ἐπάνω
3302 3611 3465 3665 αὐτοῦ
3504 3613 3599 3664 καὶ
3623 3613 3806 3665 λοιπὸν
3838 3615 3985 3667 κατὰ

2418 3706 2716 3777 πρόσϐασιν
2743 3703 3113 3773 κουφιζομένη
3143 3703 3237 3757 τοῦ
3277 3704 3471 3774 βάρους
3504 3705 3538 3774 ἡ
3583 3704 3748 3774 ψυχὴ,
3781 3704 3981 3756 συλλα-

2416 3797 2515 3858 λεῖ,
2549 3796 2643 3848 καὶ
2686 3794 3020 3864 παρίσταται
3061 3792 3137 3855 ὼς
3182 3792 3332 3859 φίλος
3364 3790 3500 3861 πρὸς
3546 3791 3720 3860 φίλον,
3758 3790 3854 3842 καὶ
3901 3790 3979 3852 ὡς

2416 3889 2601 3957 νύμφη
2638 3886 2716 3955 τῷ
2756 3885 2868 3955 ἰδίῳ
2894 3884 3133 3953 νυμφίῳ,
3166 3884 3261 3937 καὶ
3284 3884 3358 3943 di;
3390 3883 3505 3946 υίὸς
3528 3882 3605 3952 τῷ
3645 3882 3758 3952 ἰδίῳ
3786 3882 3981 3951 πατρὶ,

2415 3982 2549 4033 ὅπου
2576 3978 2676 4030 οὐκ
2703 3976 2816 4029 ἔστι
2850 3975 3011 4042 φόϐος
3034 3974 3239 4037 λοιπὸν,
3272 3974 3392 4026 οὐδὲ
3429 3974 3611 4043 χρέος,
3651 3973 3769 4026 οὐδὲ
3798 3973 3983 4025 ἔννοια.

2415 4073 2533 4135 οἵας
2558 4073 2757 4140 δήποτε
2788 4069 3084 4131 κολάσεως,
3113 4067 3250 4120 ἀλλὰ
3280 4067 3432 4119 πᾶσα
3464 4066 3678 4133 ἀγάπη.
3707 4065 3801 4117 καὶ
3831 4065 3982 4133 χαρὰ

2413 4163 2688 4231 διηνεκὴς,
2720 4163 2816 4214 καὶ
2848 4160 3132 4229 παρρησία
3183 4158 3482 4221 ἄπαυστος,
3528 4158 3623 4209 καὶ
3654 4156 3836 4225 ψυχῆς
3890 4156 3983 4208 εὖ-

2414 4255 2653 4325 φροσύνη
2688 4256 2781 4305 καὶ
2827 4252 3197 4322 σκιρτήματα,
3256 4250 3351 4302 καὶ
3399 4249 3719 4316 ἀγαλλίασις
3773 4249 3984 4301 ἀκατά-

2414 4363 2675 4408 παυστος,
2699 4344 2951 4412 καθάπερ
2975 4346 3108 4412 ἡμῖν
3131 4340 3445 4411 διηγοῦνται
3483 4343 3534 4394 οἱ
3564 4344 3630 4411 τῇ
3672 4342 3858 4411 χάριτι
3885 4339 3985 4393 τοῦ

2414 4440 2650 4511 Χριστοῦ
2678 4440 2758 4501 εἰς
2780 4436 3004 4489 τοιαῦτα
3030 4436 3470 4505 καταντήσαντες
3498 4435 3693 4505 μέτρα.

2808 4579 3334 4666 ΕΡΩΤΗΣΙΣ
3397 4575 3557 4661 PZ'.

2420 4730 2560 4785 Ἐὰν
2594 4726 2830 4789 θελήσω
2869 4723 3089 4789 πρᾶξαι
3120 4718 3379 4788 πρᾶγμα,
3428 4722 3508 4786 ώς
3533 4718 3762 4786 νομίζὶυ,
3796 4721 3984 4773 πόθεν

2514 4800 2735 4869 ὀφείλω
2769 4794 3001 4865 μαθεῖν,
3037 4795 3090 4846 εί
3113 4791 3358 4858 ἀρέσκει
3404 4789 3485 4856 τῷ
3523 4789 3668 4854 Θεῷ,
3697 4790 3736 4857 ἦ
3763 4792 3875 4854 οῠ;

2989 4901 3380 4957 ΑΠΟΚΡΙΣῘΣ.

2490 5001 2610 5053 Τῶν
2658 4997 2883 5050 τελείων
2936 4996 3031 5048 καὶ
3081 4990 3467 5061 πνευματικῶν
3513 4988 3725 5060 ἀνδρῶν
3764 4990 3879 5041 ἔστι
3924 4989 3988 5041 τὸ

2418 5095 2595 5147 πάντα
2620 5089 2865 5160 ἀκριϐῶς
2892 5087 3208 5158 διακρίνειν,
3237 5084 3417 5146 καθώς
3456 5099 3621 5153 φησιν
3648 5083 3678 5134 ὀ
3720 5080 3983 5135 Ἀπόστο-

2418 5186 2524 5247 λος.
2558 5184 2788 5239 Τελείων
2820 5182 2929 5252 γάρ
2956 5182 3100 5234 ἐστιν
3122 5181 3155 5250 ὴ
3180 5178 3373 5246 στερεὰ
3400 5175 3594 5248 τροφὴ,
3625 5176 3735 5228 τῶν
3769 5174 3857 5227 διὰ
3887 5172 3987 5241 τὴν

2417 5279 2528 5342 ἓξιν
2586 5278 2656 5329 τὰ
2708 5272 3039 5343 αἰσθητήρια
3094 5272 3327 5341 ἐχόντων
3366 5265 3793 5338 γεγυμνασμένα
3846 5262 3984 5334 πρὸς

2022 5491 2253 5547 ΥΛΒΙίΕ
2299 5491 2695 5547 LECTIONES.

821 5615 852 5658 P
886 5607 1151 5663 Videntur
1184 5610 1272 5663 hic
1298 5610 1598 5665 desiderari
1633 5612 1745 5666 hzec
1768 5614 1847 5665 vel
1876 5612 2073 5666 similia
2102 5615 2267 5667 verba
2301 5634 2311 5667 :
2347 5615 2673 5684 παρίσταται
2698 5614 2774 5682 τις»
2795 5613 2931 5681 Θεῷ.

2248 5744 2472 5799 NUT/E.

825 5830 934 5904 (θὸ)
958 5831 1161 5889 Similis
1183 5846 1374 5904 qttzest.
1405 5834 1498 5890 {2|
1533 5835 1598 5891 ad
1634 5836 1984 5904 Antiochum,
2022 5848 2078 5893 ct
2114 5850 2302 5905 qmrst.
2346 5840 2461 5894 l5l.
