4200 6440
205 401 303 462 761
1583 409 2086 482 QUIESTIONES.

3337 406 3445 469 Ἰδὲ

205 514 478 585 διάκρισιν
522 518 687 572 καλοῦ
732 537 793 574 τε
841 522 936 574 καὶ
981 520 1174 576 κακοῦ.
1226 521 1366 575 Ὅσα
1418 521 1511 576 οὖν
1559 523 1774 592 ποιήσει
1802 528 1848 583 Α

1802 528 1848 583 Α
1876 521 2002 575 mali
2035 519 2383 574 exercitatos.
2418 518 2498 572 Ex
2536 520 2644 573 illis
2685 519 2854 589 igitur
2885 534 3006 587 quae
3054 518 3242 574 fecerit
3271 517 3438 571 homo

207 609 492 678 ἄνθρωπος
539 612 625 666 διά
659 613 814 676 Θεὸν,
883 615 944 666 ἐν
993 614 1141 684 ἀπλῇ
1202 613 1399 685 καρδίᾳ
1449 613 1544 667 καὶ
1585 614 1775 685 ἀγαθῷ

1873 621 2099 683 propter
2147 613 2316 666 Deum
2368 610 2603 678 simplici
2643 610 2809 665 corde
2861 617 2918 664 et
2951 610 3093 664 bono
3127 609 3253 671 line.
3296 609 3435 662 nihil

209 702 396 772 σκοπῷ
426 704 527 756 οὐκ
559 705 670 773 ἔχει
696 706 1011 776 κατάκριμα
1040 707 1100 771 ἐξ
1131 706 1332 760 αὐτῶν.

593 869 1121 955 ΕΡΩΤΗΣΙΣ
1192 865 1374 954 ΡΗ.

202 1008 418 1075 Πρέπει
455 1008 569 1077 ἄρα
633 1010 741 1062 τὸν
775 1012 1132 1074 Xpto'nart‘r
1163 1013 1427 1081 ἀνοίγειν
1462 1012 1532 1066 ἐν
1566 1016 1772 1082 λαχνι-

779 1085 1002 1148 στηρίφ
1049 1083 1191 1151 (96);

803 1194 1187 1248 ΛΙΙΟΚΡΙΣΙΣ.

273 1283 528 1352 Οὐδαμοῦ
555 1283 886 1354 εὑρίσκομεν
917 1286 1220 1356 ἐπιτροπὴν
1248 1287 1406 1340 τοῦτο
1428 1291 1621 1352 ποιεῖν,
1657 1287 1768 1340 ἀλλ’

1873 703 2238 759 damnationis
2289 702 2517 758 subibit.

2164 851 2722 961 QUIESTIO
2796 855 3137 943 CVIII.

2045 1003 2182 1061 Num
2236 1005 2411 1058 deceat
2451 1003 2807 1059 Christianum
2837 1011 3002 1056 sortes
3035 1000 3265 1056 ducere?

2452 1187 2850 1244 RESI’ONSIO.

1940 1284 2199 1353 Nuspiam
2241 1283 2549 1337 invenimus
2595 1283 2702 1335 hoc
2740 1297 2769 1334 a
2815 1279 3071 1334 Pal-ribus
3103 1276 3434 1348 permissum

197 1375 248 1425 οἱ
313 1376 560 1445 Πατὲρες
606 1376 692 1428 διὰ
747 1377 810 1428 τὸ
867 1376 942 1445 μὴ
1001 1378 1356 1446 εὑρίσκεσθαι
1416 1380 1641 1441 πιστοὺς
1694 1379 1773 1442 εις

1870 1393 2012 1440 esse,
2056 1378 2257 1445 quippe
2300 1377 2395 1445 qui
2446 1376 2758 1447 sortilegos,
2797 1381 3050 1441 tanquam
3085 1386 3116 1425 ιι
3159 1368 3264 1424 ﬁde
3307 1385 3443 1421 vera

198 1469 520 1534 φαρμακεῖς
548 1469 642 1520 καὶ
669 1468 916 1536 μάντεις,
944 1469 1248 1538 ἐπενόησαν
1275 1471 1335 1521 τὸ
1367 1471 1765 1540 λαχνιστήριον.

210 1559 272 1608 'U
294 1557 387 1610 οὖν
415 1559 738 1628 βουλόμενος
755 1560 982 1624 ἀνοῖξαι,
1004 1560 1222 1631 πρῶτον
1246 1562 1314 1614 δι’
1335 1562 1501 1631 εὐχῆς
1523 1579 1773 1631 παρακα-

1871 1471 2076 1522 alienos
2101 1469 2354 1521 venelicis
2383 1478 2438 1521 et
2463 1467 2701 1521 fatidicis
2729 1473 3113 1520 annumerent.
3142 1461 3244 1526 Qui
3273 1460 3439 1529 igitur

1871 1571 2047 1614 sortes
2071 1559 2269 1613 ducere
2299 1559 2522 1628 cogitat,
2554 1558 2599 1611 is
2632 1567 2756 1611 autc
2787 1557 2972 1610 omnia
2997 1554 3168 1608 Deum
3197 1553 3434 1612 invocet,

198 1651 362 1705 λείτω
390 1655 482 1705 τὸν
510 1653 664 1716 Θεὸν,
689 1653 784 1706 καὶ
817 1653 956 1724 μετὰ
983 1653 1080 1725 τὴν
1112 1654 1300 1724 εὐχὴν,
1325 1654 1524 1718 ἀνοίξει
1551 1655 1770 1724 ἐρωτῶν

1870 1650 2237 1719 precibusque
2270 1648 2438 1702 finitis
2477 1648 2759 1712 sortiatur,
2792 1646 3043 1701 consulto
3075 1652 3255 1698 tamen
3285 1642 3444 1710 prius

197 1747 293 1798 τὸν
319 1749 472 1809 Θεὸν,
512 1750 561 1799 εἰ
581 1749 690 1818 ἄρα
727 1748 884 1800 καλεῖ
906 1747 1070 1801 αὐτὸν
1105 1747 1312 1811 ἀνοῖξαι
1339 1750 1468 1818 περὶ
1500 1749 1594 1801 τοῦ
1626 1751 1771 1818 πρά-

1870 1741 2004 1804 Deo,
2039 1739 2246 1793 nuni'id
2295 1740 2459 1808 hujus
2487 1739 2574 1792 vel
2606 1737 2753 1791 illius
2781 1735 2984 1804 negotii
3019 1732 3194 1804 gratia
3231 1729 3439 1785 facien-

198 1856 412 1907 γματος
445 1839 612 1893 αὐτοῦ
636 1857 650 1871 ο
679 1842 771 1894 καὶ
803 1840 898 1893 ἐὰν
925 1838 1196 1912 ἐπιτρέψῃ
1225 1855 1330 1904 σοι,
1375 1842 1604 1908 ἄνοιξον,
1636 1846 1686 1896 εἰ
1713 1843 1772 1896 δὲ
1805 1881 1844 1934 Β

1805 1881 1844 1934 Β
1872 1835 2002 1886 dum
2047 1833 2157 1887 sit:
2199 1841 2256 1887 et
2304 1833 2352 1886 si
2391 1831 2727 1901 permiserit,
2759 1826 3043 1891 sorticris;
3099 1825 3186 1880 sin
3234 1822 3438 1887 minus,

196 1929 501 2000 ἀποτρέψει
533 1948 616 1995 σε,
650 1929 726 2001 μὴ
756 1929 994 2001 ἀνοίξῃς.
1809 1926 1842 1934 ν

533 1948 616 1995 σε,
650 1929 726 2001 μὴ
756 1929 994 2001 ἀνοίξῃς.
1809 1926 1842 1934 “’
1873 1926 2192 1981 abstinebis.

619 2077 1148 2164 ΕΡΩΤΗΣΙΣ
1213 2074 1397 2165 PG)’.

210 2216 356 2272 Ἐὰν
379 2218 497 2285 ἔχω
526 2217 838 2284 ἄνθρωπον
870 2220 1089 2272 πιστὸν
1115 2219 1414 2288 ϐλέψαηὰ
1443 2237 1538 2288 με,
1575 2221 1672 2272 καὶ
1695 2222 1767 2272 οὐ

268 2289 526 2355 δύναμαι
557 2288 976 2356 διαλλαγῆναι,
1001 2290 1038 2356 ’ἢ
1067 2287 1461 2344 ἀσπάσασθαι
1497 2293 1682 2343 αὐτον
1701 2291 1768 2352 ἐξ

269 2359 414 2424 ὅλης
477 2357 742 2427 καρδίας,
799 2360 956 2412 ἀλλὰ
1002 2363 1192 2426 μόνον
1262 2359 1334 2428 τῇ
1395 2361 1647 2427 γλώττῃ.
1713 2361 1769 2413 τί

269 2431 534 2495 ποιήσω;
587 2430 892 2494 Διαλλαγώ
951 2432 1138 2482 αὑτὸν
1190 2431 1306 2484 κᾶν
1362 2431 1437 2500 τῇ
1489 2432 1694 2499 ἐξόδῳ,
1727 2433 1765 2485 ἲι

269 2504 476 2569 κόψων
503 2500 721 2554 ἑαυτὸν
745 2501 813 2563 ἐξ
835 2500 1021 2554 αὐτοῦ
1051 2513 1076 2550 ιι
1104 2519 1118 2565 ;

781 2616 1173 2669 ΑΠΟΚΡΙΣΙΣ.

267 2707 598 2777 Διαλλάγηθι
627 2707 774 2774 αὐτῷ
799 2707 899 2760 κᾶν
927 2707 1003 2777 τῷ
1041 2707 1268 2776 στόματι
1294 2725 1308 2739 ο
1357 2707 1618 2770 πολλάκις
1658 2707 1771 2779 γὰρ

193 2800 305 2852 ἀπὸ
328 2800 520 2853 τούτου
548 2799 690 2852 κατὰ
722 2799 1026 2868 πρόσϐασιν
1055 2799 1238 2868 ἔχεται
1269 2801 1301 2870 ἡ
1335 2799 1517 2851 τελεία
1556 2801 1766 2870 ἀγάπη.

193 2892 476 2961 Συμφέρει
507 2891 618 2963 γάρ
651 2907 734 2944 σοι
762 2891 1034 2962 ἡμίξηρον
1063 2888 1225 2959 εἶναι,
1260 2891 1588 2964 ἢὸ).όξηρον.

699 3097 1266 3184 ΕΡΩΤΗΣΙΣ.

193 3331 359 3385 Κατὰ
410 3327 586 3380 ποῖον
624 3329 848 3390 τρόπον
892 3327 1226 3396 νοήσωμεν,
1257 3327 1346 3378 ὅτι
1385 3327 1526 3380 Ἐὰν
1556 3326 1684 3386 δύο,

266 3398 426 3465 τρεῖς
449 3399 518 3462 ἐξ
537 3397 704 3464 ἡμῶν
735 3394 1186 3466 συμφωνήσώσι
1210 3397 1342 3464 περὶ
1369 3398 1593 3459 παντὸς
1611 3394 1772 3466 alni-

261 3487 475 3540 ματος,
507 3468 578 3526 οὗ
613 3469 722 3521 ἐὰν
741 3465 1122 3535 αἰτήσωνται,
1147 3467 1462 3537 γενήσεται
1491 3465 1725 3530 αὑτοῐς;
1745 3484 1762 3514 ι

791 3643 1177 3696 ΑΠΟΚΙῚΣΙΣ.

283 3755 342 3814 ’0
379 3759 584 3830 Κύριος
612 3759 674 3811 τὸ
700 3759 1168 3826 πολυφάνταστον,
1193 3760 1286 3812 καὶ
1303 3760 1650 3830 ὑπερήφανον
1673 3761 1769 3813 τοῦ

2219 2052 2777 2163 QUIESTIO
2849 2053 3093 2143 CIX.

1872 2209 1931 2266 Si
1951 2210 2089 2280 ’quis
2117 2211 2182 2263 sit
2219 2209 2389 2276 ﬁdelis
2434 2209 2522 2276 qui
2568 2207 2930 2280 meexagitet,
2963 2219 3054 2255 nec
3102 2216 3310 2280 possunt
3353 2197 3437 2251 illi

1942 2269 2293 2341 reconciliari,
2326 2269 2491 2347 neque
2518 2277 2756 2329 eumdem
2781 2269 2843 2327 ca:
2872 2281 2977 2326 toto
2999 2269 3433 2347 corde_sa‘lutare,

1938 2353 2027 2406 sed
2056 2352 2165 2403 solo
2206 2366 2313 2413 ore,
2345 2341 2467 2416 quid
2499 2349 2736 2415 faciam?
2774 2362 2897 2397 num
2940 2341 3284 2416 reconciliabo
3318 2356 3436 2416 eum

1942 2425 2102 2474 etiam
2141 2410 2308 2474 obiter
2344 2410 2535 2481 solum,
2569 2416 2648 2470 vel
2678 2417 2880 2485 penitus
2914 2431 2994 2466 me
3018 2415 3081 2465 ab
3121 2411 3215 2464 illo
3257 2410 3439 2478 sejun-

1941 2509 2062 2562 gam
2089 2494 2113 2544 Σ)

2454 2590 2848 2646 llESPONSlO.

1944 2686 2316 2740 Ileconciliare
2354 2685 2404 2737 ei
2448 2685 2615 2736 etiam
2663 2682 2781 2735 solo
2829 2697 2943 2734 ore.
2981 2679 3133 2748 Stepc
3179 2677 3325 2731 enim
3368 2676 3440 2730 ab

1873 2780 1959 2833 his
2022 2778 2196 2832 initiis
2249 2777 2315 2830 ad
2364 2775 2662 2844 perfectam
2720 2773 3043 2826 charitatem
3094 2769 3439 2840 pervenitur.

1874 2872 2058 2925 Satius
2106 2869 2252 2922 enim
2300 2876 2384 2922 est
2426 2877 2486 2922 ut
2540 2867 2615 2920 sis
2655 2864 3001 2929 semiaridus,
3053 2877 3218 2934 quam
3265 2869 3325 2915 ut
3362 2859 3440 2915 sis

1875 2971 2022 3017 totus
2062 2962 2267 3016 aridus.

2267 3090 2428 3162 412
2477 3077 3036 3192 QUIESTIO

2383 3236 2618 3290 EXTRA
2652 3231 2982 3290 0RDINEM.

1878 3332 1992 3396 Qua
2036 3333 2242 3383 ratione
2280 3329 2678 3397 intelligendum
2706 3336 2779 3380 est
2815 3327 2950 3379 illud
2981 3344 2998 3380 :
3034 3346 3052 3377 ι
3081 3325 3219 3390 Quia
3253 3327 3297 3379 si
3333 3326 3441 3379 duo

1945 3401 2024 3455 vel
2064 3413 2165 3453 tres
2211 3417 2273 3452 ex
2331 3401 2469 3452 vobis
2506 3400 2858 3451 consenserint
2913 3413 3069 3460 super
3112 3405 3334 3456 terram,
3377 3397 3444 3450 dc

1946 3473 2214 3577 omniurt’e,
2256 3486 2622 3540 quamcunque
2663 3470 2927 3538 petierint,
2958 3466 3048 3534 ﬁet
3078 3465 3182 3520 illis
3213 3484 3245 3519 a
3280 3465 3443 3519 Patre

1948 3558 2057 3594 meo
2161 3582 2173 3593 .

2451 3651 2854 3707 RESPONSIO.

1941 3767 2224 3830 Dominus,
2268 3765 2358 3834 qui
2395 3766 2578 3819 varias
2622 3763 2986 3832 cogitationes
3025 3771 3082 3818 et
3127 3763 3441 3833 superbiam

198 3851 498 3924 ἀνθρώπου
547 3853 939 3921 ἐπιστάμενος,
993 3852 1240 3920 βούλεται
1316 3854 1390 3922 μὴ
1449 3854 1772 3907 πεποιθέναι

1870 3857 2109 3912 hominis
2149 3858 2315 3927 probe
2351 3858 2526 3919 novit,
2574 3858 2694 3911 vult
2722 3866 2782 3909 ut
2811 3871 2920 3909 non
2965 3855 3271 3908 habeamus
3302 3853 3444 3907 fidu-

197 3949 349 4018 ἡμᾶς
381 3947 467 4014 ἐφ’
493 3947 728 4007 ἑαυτοῖς,
758 3945 859 3997 κᾶν
890 3947 1142 4013 ἐνάρετον
1169 3945 1282 4014 βίον
1328 3946 1420 3998 καὶ
1461 3945 1771 4016 ἁγιωσύνην

200 4038 544 4108 κεκτήμεθα,
571 4038 686 4089 ἀλλ’
723 4039 815 4088 ἐπὶ
839 4039 951 4098 τοῖς
983 4038 1106 4105 αἰτή
1118 4053 1282 4104 μασιν
1309 4037 1465 4107 ἡμῶν
1494 4041 1607 4100 τοῖς
1634 4037 1772 4107 πρὸς

199 4134 364 4186 αὑτὸν
378 4131 548 4195 ἀξίοις
579 4128 948 4198 λογιζομένοις
974 4130 1201 4190 ἑαυτοὺς
1231 4129 1772 4198 προσλαμϐάνεσθαι,

200 4225 295 4275 καὶ
321 4222 513 4282 ἄλλους
543 4220 849 4289 όμοψύχονς
891 4219 984 4272 ἐπὶ
1022 4219 1084 4270 τὸ
1130 4219 1643 4287 συμπαρακαλέσαι,
1677 4220 1774 4272 καὶ

203 4313 568 4384 συμφωνῆσαι
618 4313 771 4382 ἡμῖν.
825 4313 884 4364 ’0
934 4311 1044 4380 γὰρ
1093 4311 1404 4378 καταμόνας
1467 4312 1632 4364 αἰτῶν
1681 4313 1776 4364 καὶ

268 4459 319 4491 ³⁸
341 4456 539 4514 Matth.
569 4473 721 4523 mn,
751 4457 838 4512 l9.

1877 3951 2014 4004 ciam
2052 3952 2104 4004 in
2157 3950 2336 4013 nobis,
2385 3950 2442 4003 lit
2497 3977 2503 3984 -
2580 3951 2756 4003 .."tuti
2803 3949 3042 4002 deditam
3090 3955 3444 4014 sanctamque

1875 4042 2044 4095 vitam
2071 4058 2312 4111 agamus,
2339 4042 2432 4095 sed
2463 4051 2542 4105 ut,
2573 4058 2697 4096 cum
2731 4042 2861 4110 quid
2893 4041 3153 4111 petimus,
3191 4038 3445 4107 indignos

1877 4134 2210 4186 arbitremur
2244 4149 2343 4186 nos
2387 4135 2479 4201 qui
2531 4134 2643 4187 voti
2685 4145 2966 4201 compotes
3013 4131 3331 4193 reddantur,
3381 4144 3445 4182 ac

1877 4225 2106 4294 proinde
2139 4225 2278 4278 alios
2306 4224 2550 4291 eiusdem
2597 4225 2795 4278 mentis
2823 4233 2880 4276 et
2905 4224 3191 4278 sententite
3213 4220 3444 4275 ascisca-

1880 4333 2018 4368 mus.
2074 4317 2209 4370 Nam
2254 4317 2348 4385 qui
2391 4319 2544 4370 solus
2573 4325 2693 4371 orat
2741 4325 2798 4370 et
2830 4316 3052 4386 accipit,
3081 4330 3221 4384 saepe
3255 4313 3310 4367 in
3334 4310 3447 4366 ela-

1488 4593 1721 4649 VABIE
1759 4594 2166 4652 LECTIONES.

260 4708 290 4748 σι
325 4692 494 4765 Lego,
525 4690 559 4763 ἢ
592 4691 742 4760 κόψω
768 4687 1003 4760 ἐμαυτὸν
1021 4687 1081 4752 ἐξ
1100 4686 1285 4740 αὑτοῦ.

1710 4801 1944 4858 ΝυΤίΈ.

271 4925 388 4991 (96)
439 4922 698 4987 Ἀνοεγειν
764 4921 822 4972 ὲν
863 4916 1231 4991 λαχνιστηρίῳ
1291 4926 1394 4991 est_
1427 4917 1763 4991 Psalmorum
1801 4923 1840 4975 D
1867 4920 2060 4972 Johius
2100 4920 2355 4974 monach.
2391 4918 2533 4991 apud
2585 4918 2866 4982 Photium,
2893 4933 3016 4988 pag.
3048 4919 3164 4991 ’550
3183 4921 3443 4979 editionis

204 4997 288 5050 vel
321 4988 744 5062 Evangeliorum
782 4989 999 5044 codices
1041 5004 1148 5040 non
1189 4997 1339 5040 certo
1382 4989 1520 5062 loco.
1557 4988 1652 5062 sed
1697 4991 1761 5040 ἐκ

1873 4991 2169 5053 Ilceschel.;
2214 4991 2425 5044 Theod.
2466 4989 2736 5050 Abucara,
2770 4999 2963 5058 qumst.
2997 4991 3019 5043 1
3064 4991 3115 5043 in
3144 4990 3234 5044 fin.
3259 5002 3314 5047 et
3343 4995 3439 5058 l7;

205 5057 504 5131 συντυχίαξ
539 5063 774 5130 aperire,
816 5069 875 5112 ut
916 5075 979 5131 es
1009 5066 1332 5131 occurrente
1369 5057 1541 5131 prima
1581 5057 1762 5112 fronte
1868 5060 2108 5114 Joannes
2137 5063 2504 5131 Damascenus
2551 5057 2801 5131 oratione
2826 5061 2888 5131 de
2922 5060 3179 5128 defunctis
3210 5072 3268 5115 et
3294 5057 3438 5120 lib.i

203 5128 478 5189 sententia
520 5128 808 5200 intelligas,
841 5129 972 5198 quid
1004 5128 1307 5200 agendum,
1329 5129 1411 5200 vel
1452 5144 1560 5180 non
1597 5144 1759 5200 agen-

204 5211 335 5258 duui
381 5203 478 5256 tihi
514 5202 584 5256 sit
621 5198 777 5255 eti—in
814 5217 870 5253 re
903 5200 970 5252 de
1021 5215 1127 5268 qua
1166 5198 1431 5264 ambigis,
1470 5214 1611 5253 anne
1668 5198 1762 5251 de-

1868 5131 1944 5182 De
1970 5133 2133 5199 imag.
2159 5142 2214 5184 et
2245 5132 2339 5184 lib.
2373 5147 2426 5183 III
2453 5129 2526 5182 De
2551 5129 2656 5196 ﬁde
2683 5130 2910 5191 ortltod.;
2947 5132 3040 5184 sed
3081 5131 3210 5199 quid
3236 5132 3303 5186 de
3339 5136 3444 5190 hac

1867 5201 2180 5273 opinatione
2198 5200 2658 5273 sentiendum_sit;
2673 5201 3004 5273 explicatum
3031 5201 3280 5273 invenies
3297 5206 3442 5273 apud

205 5275 511 5330 sistendum
549 5271 616 5324 ab
644 5287 707 5324 ea
753 5285 916 5338 quam
951 5269 1280 5341 aggrederis.
1313 5268 1596 5341 Origenes,
1630 5268 1760 5321 licet
1866 5269 2026 5323 Card.
2049 5271 2299 5325 Bellarm.
2329 5273 2422 5324 lib.
2449 5287 2497 5322 IV
2525 5269 2600 5341 De
2619 5268 2842 5330 Christo,
2865 5286 2985 5340 cap.
3012 5273 3097 5324 16.
3119 5268 3444 5341 tuenda.)

205 5347 490 5403 invitatus.
526 5342 676 5410 prius
697 5341 906 5394 destitit
935 5356 1094 5408 quam
1124 5339 1399 5392 inchoavit
1428 5339 1764 5410 concionem.

1873 5341 2196 5423 imaginor
2251 5341 2538 5423 legendum
2594 5340 3196 5423 λαχμητήριονηηιιοι]
3241 5340 3443 5397 Busta?

206 5417 294 5469 ubi
346 5409 614 5482 quaerenti
649 5413 711 5462 ἐκ
766 5411 1067 5482 συντυχίας,
1097 5411 1151 5462 in
1214 5410 1440 5482 Psalmis
1471 5409 1770 5482 concionis
1873 5413 2022 5465 thius
2053 5412 2265 5466 derivat
2297 5409 2326 5465 ει
2364 5413 2569 5478 λαχεῖν.
2604 5411 2749 5476 quod
2788 5422 2873 5464 est
2900 5409 3123 5475 sortiri;
3157 5423 3252 5465 aut
3283 5431 3445 5482 syno-

205 5479 484 5540 ὑπόθεσιν,
515 5483 601 5535 illa
628 5482 775 5534 venit
800 5481 1014 5533 obviam
1052 5481 1194 5547 (post
1230 5479 1430 5532 factum
1471 5479 1632 5532 idolis
1659 5480 1770 5531 sul-

206 5556 383 5622 ﬁlum)
411 5570 422 5604 :
458 5552 726 5606 Pcccatori
752 5561 927 5603 autem
957 5552 1086 5602 dixit
1109 5548 1250 5622 Deus
1285 5567 1296 5600 :
1326 5549 1502 5612 Quare
1533 5558 1587 5601 tu
1618 5565 1773 5600 enar-

201 5643 292 5679 ras
341 5621 580 5694 j’ustitias
629 5639 790 5694 meas,
823 5630 871 5672 et
919 5621 1142 5694 assumis
1192 5628 1561 5694 testamentum
1603 5635 1773 5670 meum

201 5713 297 5764 per
341 5689 405 5747 os
457 5703 603 5764 tuum
633 5693 662 5764 ξ
699 5691 1244 5764 Nicelas_Clio_tiiatcs
1290 5691 1342 5742 in
1395 5689 1675 5764 Thesauro.
1712 5721 1777 5727 ~—

1872 5498 2030 5552 nyma
2063 5495 2226 5537 erunt
2248 5485 2362 5537 hate
2386 5471 2494 5534 duo
2526 5471 2789 5534 vocabula
2822 5500 2832 5533 :
2863 5497 2984 5534 nam
3021 5471 3214 5551 λακνὸς
3240 5471 3443 5538 Οιὶειείε

1883 5555 2283 5607 recentioribus
2312 5568 2431 5605 sors
2458 5561 2577 5611 est;
2619 5552 2763 5604 unde
2809 5552 2987 5604 forsan
3035 5553 3439 5621 λαχνιστήριον,

1884 5625 1969 5677 vel
2003 5625 2404 5692 λαχνοστήριον.
2441 5623 2592 5674 locus
2630 5623 2871 5674 sortibus
2901 5623 3170 5676 ducendis
3199 5623 3470 5684 destina-,

1884 5705 1990 5748 tus.
2021 5694 2246 5762 Aperire
2278 5709 2407 5761 ergo
2438 5693 2829 5761 λαχνιστήριον,
2860 5692 3076 5745 videtur
3107 5709 3228 5746 esse
3263 5695 3443 5764 ingrc-

208 5760 354 5820 Itlcm
398 5763 579 5818 innuit
621 5762 847 5830 (ἔτεκον.
894 5761 1021 5814 Nal.
1069 5762 1120 5813 ill
1165 5769 1300 5813 oral-
1355 5763 1453 5821 Εἰς
1491 5761 1557 5811 τὸ
1609 5760 1779 5827 ἅγιον
1878 5767 1932 5820 di
1962 5760 2138 5820 locum
2171 5766 2258 5818 ubi
2289 5760 2464 5818 sortes
2489 5760 2765 5817 ducuntur
2787 5770 2843 5816 et
2881 5765 3264 5819 consuluntur.

207 5837 442 5905 Πάσχα,
503 5833 774 5903 multique
822 5831 994 5888 Graeci
1062 5830 1315 5887 doctores
1356 5831 1560 5900 opinati
1597 5839 1722 5888 sunt
1759 5847 1766 5853 ε
