4200 6440
789 399 897 465 7:33

1974 396 2032 455 S.
2075 385 2467 454 ANASTASII
2508 384 2827 448 SINAIT/E

3900 388 4008 450 764

793 515 999 566 tionem
1033 507 1226 562 incidit
1256 525 1268 561 :
1302 506 1550 576 pluribus
1596 517 1776 560 autem
1821 505 2126 565 orantibus,
2157 511 2213 555 et
2255 515 2347 553 ac-
2373 501 2423 558 Α
2451 499 2452 505 “

2373 501 2423 558 Α
2451 498 2764 567 λαμϐάνων,
2799 496 3055 561 πολλάκις
3084 498 3163 561 εἰς
3197 496 3365 567 τῦφον
3390 496 3653 567 ἐμπίπτει
3673 512 3691 531 ο
3744 498 4012 555 πλειόνων

792 601 1145 671 cipientihus,
1194 602 1333 653 intra
1379 600 1700 653 humilitatis
1748 608 1943 653 metam
1984 611 2041 649 se
2085 595 2347 648 continet.

797 694 908 747 lloc
936 694 1101 761 igitur
1118 708 1238 745 eum
1258 692 1476 755 crebro,
1496 690 1768 759 adjunctis
1792 691 1931 748 aliis.
1954 687 2117 741 sociis
2144 686 2350 755 praesti-

796 787 1005 845 tissem,
1054 784 1259 837 obtinui
1308 784 1450 853 quod
1482 782 1653 845 volui,
1703 792 1757 836 el
1789 781 1987 835 suadeo
2022 780 2178 834 vobis
2207 788 2265 830 ut
2297 778 2349 829 in

795 877 990 929 vestris
1032 876 1093 929 ad
1144 877 1314 928 Deum
1350 875 1607 944 precibus
1637 874 1777 926 idem
1811 873 2067 926 lactiletis
2094 890 2105 925 :
2135 869 2352 938 quando

795 970 941 1021 enim
990 969 1100 1021 duo
1151 970 1235 1021 vel
1288 978 1395 1020 tres
1432 982 1495 1018 ex
1530 976 1642 1019 toto
1676 966 1857 1017 animo
1899 974 2079 1023 orant,
2127 962 2209 1014 vel
2256 961 2353 1012 ali-

796 1058 1015 1124 quando
1080 1058 1144 1110 ad
1199 1060 1431 1110 alterum
1496 1059 1821 1124 tertiumque
1875 1056 2017 1109 diem
2066 1056 2350 1123 jejunant,

798 1152 1021 1203 onmino
1069 1152 1185 1203 sive
1231 1168 1327 1217 per
1353 1151 1634 1212 visionem;
1674 1148 1786 1201 sive
1835 1149 1942 1200 alio
1985 1147 2144 1199 modo
2188 1145 2231 1197 is
2260 1144 2351 1212 qui

796 1240 1003 1307 aiiquid
1048 1241 1283 1294 instituit
1327 1256 1485 1309 agere
1539 1238 1740 1292 certior
1794 1238 1903 1290 ﬁet.

1174 1371 1723 1477 ρυΑῑςτιΟ
1795 1371 1980 1456 CX.

804 1514 1026 1578 Quando
1049 1520 1304 1584 principes
1333 1518 1495 1568 nostri
1515 1524 1633 1567 sunt
1662 1515 1849 1584 Judaei,
1886 1511 1963 1563 vel
1995 1510 2354 1584 inﬁdelesavel

881 1590 1131 1645 liter-clivi,
1166 1581 1289 1639 min:
1326 1604 1420 1657 pro
1457 1587 1559 1637 illis
1610 1586 1659 1636 in
1696 1582 1905 1635 ecclesia
1940 1598 2111 1650 preces
2142 1581 2355 1649 fundere

874 1668 1074 1729 oportet
1104 1660 1128 1710 ἶ)

1387 1769 1779 1825 RESPONSIO.

2448 590 2505 643 δὲ
2554 590 2860 658 εὐχομένων
2917 590 3012 641 καὶ
3060 590 3499 661 είσακονομένων
3551 592 3606 644 ὲν
3656 594 4009 663 ταπεινότητι

2454 678 2691 748 μένουσι.
2744 679 2914 732 Τοῦτο
2939 675 3032 732 οῦν
3067 679 3329 743 πολλάκις
3376 680 3495 749 μεθ’
3530 682 3733 751 ἐτέρων
3774 684 4009 753 ποιήσας

2451 771 2729 837 ἐπέτυχον,
2759 772 2851 823 καὶ
2877 772 3004 841 ὑμῖν
3028 771 3089 823 τὸ
3114 772 3245 824 αὐτὸ
3268 772 3360 825 νῦν
3384 790 3449 824 συ
3459 772 3739 842 μϐουλεύω
3762 774 3856 826 ἐπὶ
3898 778 4009 835 τοῖς

2452 863 2591 914 κατὰ
2619 861 2750 914 Θεὸν
2778 864 3103 933 αίτήμασιν’
3136 864 3299 932 ἡνίκα
3350 864 3458 935 γὰρ
3484 864 3596 930 δύο,
3646 866 3679 936 ἢ
3716 868 3865 937 τρεῖς
3893 867 4012 918 ὁλο-

2451 954 2635 1023 ψύχως
2674 954 2923 1023 εὔχονται
2951 958 3079 1026 περὶ
3125 958 3469 1026 πράγματος,
3502 958 3533 1027 ἢ
3562 958 3657 1011 καὶ
3687 960 4011 1029 νηστεύουσι

2453 1043 2706 1107 πολλάκις
2733 1046 2821 1097 ἐπὶ
2850 1045 3106 1115 δευτέραν
3149 1047 3243 1100 καὶ
3292 1048 3483 1118 τρίτην
3521 1049 3752 1120 ἡμέραν,
3797 1053 4011 1112 πάντως

2455 1136 2559 1185 εἴτε
2591 1134 2656 1186 δι’
2683 1137 2976 1205 ὁράματος,
3026 1137 3080 1188 εί
3112 1154 3168 1190 τε
3201 1148 3222 1175 τ
3262 1140 3294 1207 ὴ
3334 1138 3528 1208 καρδία
3558 1139 3651 1192 τοῦ
3686 1140 4011 1211 βουλομένου

2454 1230 2656 1298 πρᾶξαι
2681 1232 3124 1301 πληροφορεῖται.

2869 1378 3395 1464 ΕΡΩΤΗΣΙΣ
3460 1381 3601 1463 PI'.

2469 1516 2609 1570 Ἐάν
2680 1518 2849 1586 εἰσιν,
2897 1520 2950 1567 οἱ
3011 1518 3298 1585 ἄρχοντες
3366 1518 3535 1586 ἡμῶν
3610 1516 3904 1579 Ἰουδαῖοι,
3944 1516 4011 1586 -ἣ

2525 1587 2786 1657 ἄπιστοι,
2826 1585 2859 1649 ἢ
2891 1584 3189 1653 αἱρετικὸὶ,
3229 1588 3324 1641 δεῖ
3340 1584 3619 1657 εὔχεσθαι
3641 1587 3791 1655 ὑπὲρ
3817 1584 4014 1640 αὐτῶν

2523 1658 2596 1707 ἐν
2620 1655 2693 1723 τῇ
2730 1657 3044 1724 ἐκκλησίᾳ,
3070 1657 3108 1723 ἢ
3153 1658 3223 1710 οὔ
3240 1676 3259 1723 ;

3058 1770 3420 1824 ΛΠΟΚΡΙΣΙΣ

871 1867 1090 1936 Utique.
1137 1864 1361 1931 Quando
1392 1863 1536 1916 enim
1570 1862 1856 1931 Apostolus
1883 1859 2042 1929 jussit
2074 1873 2231 1911 orare
2259 1871 2354 1926 pro
2387 1834 2427 1888 Β
2523 1862 2530 1913 1

2387 1834 2427 1888 Β
2523 1860 2651 1915 Ναί.
2686 1862 2807 1913 ’Ότι
2845 1861 2952 1932 γάρ
2982 1862 3215 1931 ἔγραψεν
3247 1865 3275 1915 6
3320 1862 3660 1928 Ἀπόστολος,
3716 1859 4013 1933 προσεύχε-

801 1958 1022 2027 regihus
1061 1965 1115 2009 et
1149 1954 1399 2006 omnibus
1428 1953 1534 2005 illis
1558 1953 1647 2021 qui
1684 1960 1808 2004 sunt
1834 1950 1887 2003 in
1927 1949 2261 2003 sublimitate
2287 1948 2353 2012 ³ο,

801 2051 1080 2119 principes
1134 2047 1320 2101 mundi
1380 2062 1520 2100 vera:
1571 2043 1848 2113 religionis
1874 2053 2117 2097 exsortes
2176 2049 2352 2094 erant.

801 2140 954 2193 Adde
1008 2137 1149 2207 quod
1200 2138 1362 2191 etiam
1398 2136 1451 2189 in
1498 2150 1646 2187 sacra
1680 2133 1953 2187 oblatione
1996 2130 2247 2185 sacerdos
2277 2131 2355 2183 sic

803 2241 1058 2300 precatur
1090 2248 1103 2282 :
1140 2248 1156 2279 ι
1181 2229 1468 2289 Memento,
1504 2226 1751 2286 Domine,
1782 2226 1958 2277 omnis
1984 2223 2176 2277 anima:
2202 2223 2356 2288 cujus

800 2322 1118 2376 memoriam
1146 2322 1400 2383 fecin‘ius;
1451 2319 1692 2372 omnium
1722 2318 1997 2380 miserere,
2022 2326 2077 2370 et
2104 2315 2356 2370 onmibus

801 2414 1018 2469 veniam
1066 2412 1323 2466 concede.
1365 2430 1383 2460 ι

1180 2540 1733 2647 ΟΞΗΕΒΤΙΟ
1795 2542 2036 2627 CXI.

803 2695 942 2761 Quid
980 2695 1177 2765 igitur?
1214 2711 1281 2745 an
1326 2701 1376 2745 et
1404 2708 1495 2761 pro
1522 2693 1751 2753 ethnicis,
1787 2700 1907 2744 ante
1943 2688 2135 2743 Christi
2160 2688 2353 2765 aduert-

874 2777 981 2819 tnm
1001 2758 1236 2826 inortuis,
1262 2758 1415 2815 orare
1432 2770 1652 2831 Oportet,
1677 2777 1859 2829 eosque
1878 2775 2205 2829 nequaquam
2228 2758 2353 2810 diris

873 2837 1117 2889 devovere
1145 2834 1170 2885 ?

1381 2937 1776 2997 RESPONSIO.

874 3033 1225 3103 Nequaquam
1284 3032 1418 3086 diris
1469 3031 1760 3085 devovebis
1801 3029 2075 3083 hominem
2104 3028 2196 3097 qui
2228 3037 2351 3081 ante

2456 1951 2580 2003 σθαι
2620 1952 2758 2020 ὑπὲρ
2805 1951 3089 2021 βασιλέων,
3144 1953 3237 2003 καὶ
3271 1954 3491 2005 πάντων
3536 1953 3644 2005 τῶν
3685 1952 3741 2004 ἓν
3773 1952 4012 2020 ὑπεροχῇ

2454 2043 2642 2095 ὄντων.
2704 2043 2908 2104 Πάντες
2950 2043 3001 2095 οί
3063 2042 3324 2112 βασιλεῖς,
3375 2046 3470 2097 καὶ
3518 2045 3569 2096 οἱ
3606 2045 3860 2115 ἄρχοντες
3918 2041 4014 2094 τοῦ

2456 2136 2660 2203 κόσμου
2694 2134 2918 2186 ὲλεεινοὶ
2948 2134 3212 2204 ὑπῆρχον.
3269 2136 3414 2206 Πλὴν
3445 2136 3527 2189 ὃτι
3570 2139 3664 2190 καὶ
3697 2138 3753 2187 ὲν
3789 2138 3854 2205 τῇ
3884 2134 4017 2203 ἁγία

2453 2230 2812 2301 προσκομιδῇ,
2843 2231 2872 2282 6
2906 2230 3083 2299 ἱερεὺς
3103 2228 3243 2282 οὕτω
3271 2232 3511 2283 δυσωπεῖ
3540 2229 3631 2281 τὸν
3648 2228 3780 2282 Θεὸν
3806 2228 3978 2295 λέγων
3996 2244 4013 2258 ο

2460 2340 2477 2372 ι
2509 2320 2811 2390 Μνήσθητι,
2843 2322 3038 2389 Κύριε,
3069 2321 3249 2391 πάσης
3300 2322 3477 2391 ψυχῆς
3516 2314 3591 2375 ὧν
3637 2320 4014 2391 ἐμνήσθημεν,

2454 2414 2546 2465 καὶ
2577 2414 2781 2476 πάντας
2808 2412 3051 2483 ἐλέησον,
3082 2414 3176 2465 καὶ
3202 2414 3408 2477 πάντας
3437 2413 3815 2484 συγχώρησον.
3858 2430 3877 2463 ι

2823 2547 3348 2633 ΕΡΩΤΗΣΙΣ
3420 2544 3642 2632 ΡΙΑ’.

2458 2683 2519 2737 Τί
2542 2679 2702 2763 οῇνξΔ
2736 2686 2834 2739 καὶ
2872 2687 2995 2763 ζοῗς
3026 2688 3287 2763 Ἕλλησι
3314 2690 3442 2763 ταῖς
3475 2687 4019 2763 τελευτήσασι-πρό

2522 2757 2628 2828 τῆς
2655 2757 2910 2828 Χριστοῦ
2957 2760 3311 2825 παρουσίας,
3352 2758 3443 2812 δεῖ
3470 2761 3773 2828 εὔχεσθαι,
3801 2760 3902 2812 καὶ
3933 2757 4019 2828 μὴ

2522 2824 2991 2893 ἁναθεματίζειν;

3037 2887 3424 2989 ΑΠΟΚΡΙΣΙέ.

2522 3023 2802 3093 Μηδαμῶς
2832 3024 3241 3099 ἁναθεματίσῃς
3264 3027 3551 3096 ἄνθρωπον
3578 3026 3685 3096 πρὸ
3710 3026 3807 3095 τῆς
3827 3025 4022 3095 ἐπιδη-

803 3126 1005 3183 Cliristi
1037 3126 1327 3179 adventum
1352 3123 1639 3177 defunctus
1670 3131 1783 3180 est;
1821 3138 1942 3175 nam
1968 3132 2023 3175 et
2057 3122 2122 3173 ad
2154 3121 2355 3173 inferos
2382 3160 2423 3219 C
2460 3137 2462 3182 ;

2382 3160 2423 3219 C
2460 3116 2583 3185 μίας
2628 3117 2863 3185 Χριστοῦ
2895 3119 3291 3189 τελευτήσαντα
3320 3136 3335 3151 ο
3367 3120 3461 3172 καὶ
3493 3121 3549 3172 ὲν
3596 3119 3673 3189 τῷ
3715 3120 3812 3191 ᾄδῃ
3850 3136 4022 3186 προσ-

806 3219 1120 3288 pranlicatio
1173 3217 1464 3270 Salvatoris
1525 3214 1790 3285 pervenit.
1851 3214 2085 3267 Primum
2136 3214 2354 3282 quidem

804 3309 1013 3361 Joanne
1045 3322 1379 3375 praaeursore
1405 3305 1680 3359 Christum
1711 3305 1819 3357 illic
1850 3295 2205 3355 annuntiaute
2227 3320 2240 3367 ;
2266 3303 2359 3356 de—

809 3394 935 3453 inde
986 3399 1103 3467 ipso
1140 3398 1359 3451 Christo
1388 3397 1736 3465 prmdieante,
1784 3394 1941 3465 413
1976 3394 2041 3447 de
2092 3410 2200 3462 quo
2231 3393 2357 3445 audi

807 3490 939 3559 quid
995 3500 1215 3543 sanctus
1260 3490 1455 3543 Petrus
1485 3489 1689 3541 scribat
1724 3504 1736 3539 :
1780 3506 1796 3536 ι
1829 3486 1883 3539 In
1920 3501 2027 3554 quo
2053 3496 2107 3537 et
2152 3484 2234 3537 his
2266 3484 2357 3551 qni

808 3580 865 3634 in
893 3596 1108 3635 carcere
1139 3590 1295 3633 erant
1328 3572 1629 3646 spiritibus,
1660 3578 1884 3631 veniens
1910 3576 2241 3642 prredieavit.
2266 3574 2357 3643 qui

808 3667 1077 3722 increduli
1122 3667 1338 3720 fuerant
1387 3666 1679 3734 aliquando
1719 3666 1785 3719 ".
1826 3685 1842 3715 ι
1896 3665 2089 3718 Fertur
2140 3665 2357 3731 antiqua

808 3761 1032 3814 traditio
1067 3760 1133 3814 de
1181 3759 1504 3813 schola-lico
1551 3758 1783 3827 quodam
1837 3757 1928 3826 qui
1966 3758 2131 3810 nmlta
2162 3756 2358 3825 probra

810 3850 865 3904 in
900 3851 1178 3904 Platonem
1214 3849 1593 3918 philosophum
1634 3847 1887 3917 jacicbat,
1933 3846 2018 3901 eui
2062 3845 2358 3900 secundum

810 3940 1049 4006 quietem
1098 3937 1348 4007 apparuit
1390 3938 1563 3999 Plato,
1597 3951 1829 4003 eumque
1878 3936 1954 3988 sic
2001 3934 2196 3987 affatus
2235 3942 2355 3987 est:

810 4026 957 4080 Heus
988 4036 1066 4086 tu,
1102 4026 1288 4079 desine
1328 4043 1356 4079 a
1408 4026 1711 4079 maledictis
1747 4025 1799 4077 in
1838 4040 1921 4077 me
1963 4024 2262 4083 vibraudis,
2293 4040 2359 4076 ne

810 4117 942 4185 quid
988 4116 1114 4168 mali
1165 4116 1260 4168 tibi
1312 4131 1573 4169 accersas.
1606 4116 1865 4169 Peecator
1907 4114 2004 4176 lui,
2040 4132 2146 4168 non
2204 4130 2356 4183 nego.

808 4206 1100 4267 Caeterum,
1148 4204 1365 4273 quando
1406 4204 1658 4258 Christus
1707 4205 1771 4258 ad
1807 4204 2012 4258 inferos
2059 4204 2358 4265 descendit,

811 4306 937 4350 ante
970 4312 1159 4349 omnes
1206 4297 1343 4349 alios
1391 4312 1491 4365 ego
1530 4296 1581 4349 in
1612 4296 1761 4349 illum
1811 4295 2039 4349 credidi.
2088 4295 2209 4348 Πίος
2238 4310 2360 4348 cum

812 4387 989 4447 audis,
1035 4401 1103 4439 ne
1153 4401 1375 4440 censeas
1418 4387 1472 4440 in
1525 4386 1737 4440 inferno
1782 4401 1993 4455 semper
2022 4384 2138 4438 dari
2187 4385 2361 4453 paeni-

2458 3208 2600 3273 άπαξ
2630 3210 2721 3260 καὶ
2753 3209 2912 3269 μόνον
2945 3211 3160 3277 ἐγένετο
3189 3210 3249 3263 τὸ
3276 3212 3514 3281 Χριστοῦ
3550 3213 3832 3282 κήρυγμα.
3876 3214 4020 3281 Προ-

2456 3298 2633 3351 λαϐὼν
2656 3300 2764 3368 γάρ
2810 3302 3061 3369 Ἰωάννης
3104 3304 3132 3354 6
3174 3302 3481 3372 πρόδρομος
3525 3304 3757 3373 ἐκήρυξε
3796 3305 4022 3356 κάκεῖσε

2456 3390 2545 3442 τὸν
2588 3393 2628 3443 Χ
2639 3392 2820 3460 ριστὸν
2842 3409 2855 3421 ·
2886 3394 2976 3444 καὶ
3000 3392 3231 3445 ἁκουσον
3261 3392 3355 3444 τοῦ
3388 3393 3541 3459 ἁγίου
3578 3394 3788 3465 Πέτρου
3831 3395 4022 3461 λέγον-

2456 3500 2543 3545 τος
2572 3484 2701 3554 περὶ
2728 3484 2985 3553 Χριστοῦ,
3031 3486 3114 3537 ὃτι
3168 3504 3186 3535 ι
3210 3485 3519 3555 Πορευθεὶς,
3554 3487 3740 3555 φησὶν,
3788 3485 4023 3555 ἐκήρυξε

2457 3576 2684 3636 καὶτοῖς
2726 3575 2785 3625 ἐν
2822 3574 2921 3644 ᾄδῃ
2956 3572 2973 3611 ι
3002 3574 3279 3639 πνεύμασι
3314 3577 3426 3638 τοῖς
3453 3592 3585 3628 ποτε
3615 3575 3974 3647 ἀπειθήσασι.
4001 3595 4018 3625 ι

2458 3666 2567 3717 Καὶ
2617 3664 2711 3717 νῦν
2736 3666 2959 3733 φέρεται
3007 3666 3087 3729 είς
3132 3666 3364 3735 ἀρχαίας
3406 3666 3755 3735 παραδόσεις,
3808 3667 3893 3718 ὅτι
3941 3684 4025 3729 τις

2460 3759 2808 3827 σχολαστικὸς
2857 3759 3026 3812 πολλὰ
3080 3762 3432 3831 κατηράσατο
3475 3760 3566 3813 τὸν
3619 3761 3882 3815 Πλάτωνα
3932 3761 4025 3814 τὸν
4124 3781 4127 3787 ε

2459 3851 2768 3920 φιλόσοφον.
2793 3853 3049 3910 Φαίνεται
3076 3850 3170 3907 οῦν
3189 3854 3339 3925 αὐτῷ
3370 3855 3492 3909 καθ’
3511 3853 3711 3918 ὕπνους
3736 3856 3765 3907 6
3796 3856 4025 3909 Πλάτων

2456 3944 2666 4013 λέγων·
2724 3946 3049 4015 Ἄνθρωπε,
3121 3946 3328 4000 παῦσαι
3384 3947 3476 4000 τοῦ
3532 3947 3877 4018 καταρᾶσθαι
3936 3966 4023 4019 με,

2460 4037 2683 4090 σεαυτὸν
2715 4038 2822 4107 γάρ
2853 4038 3129 4107 βλάπτεις,
3156 4039 3236 4091 ὅτι
3276 4038 3373 4109 μὲν
3396 4038 3679 4110 ἄνθρωπος
3700 4041 4026 4111 ἁμαρτωλὸς

2458 4128 2655 4195 γέγονα
2672 4145 2683 4157 ·
2709 4129 2807 4182 οὐκ
2832 4129 3116 4200 ἀρνοῦμαι.
3142 4130 3287 4202 Πλὴν
3303 4131 3653 4194 κατελθόντος
3674 4132 3767 4185 τοῦ
3784 4133 4024 4203 Χριστοῦ

2461 4221 2520 4271 ὲν
2567 4219 2643 4288 τῷ
2690 4219 2811 4290 ᾄδῃ,
2852 4219 3021 4284 ὅντως
3055 4220 3229 4284 οὐδεὶς
3273 4222 3562 4275 ἐπίστευσε
3610 4222 3718 4293 πρὸ
3761 4221 3897 4292 ἐμοῦ
3950 4226 4027 4286 εἰς

2461 4312 2642 4364 αὐτόν.
2675 4311 2859 4364 Ταῦτα
2887 4310 2942 4364 δὲ
2968 4312 3204 4375 ἁκούων,
3234 4312 3309 4383 μὴ
3339 4314 3567 4386 νομίσῃς
3612 4309 3751 4366 εἶναι
3791 4313 4027 4366 πάντοτε

2464 4405 2521 4455 ὲν
2559 4401 2636 4471 τῷ
2668 4401 2767 4473 ᾄδῃ
2815 4403 3130 4472 μετάνοιαν
3189 4403 3338 4468 suae
3378 4404 3487 4475 γὰρ
3531 4404 3626 4457 καὶ
3675 4404 3835 4475 μόνον
3870 4404 4029 4459 τοῦτο

812 4478 997 4531 tentia:
1030 4478 1229 4531 locum.
1255 4476 1433 4532 Semel
1462 4478 1512 4531 id
1548 4478 1765 4540 accidit,
1789 4476 2004 4546 quando
2030 4476 2361 4545 Redemptor
2394 4488 2436 4545 υ
2462 4510 2471 4522 ι

2394 4488 2436 4545 υ
2462 4492 2703 4561 γέγονεν,
2728 4494 2808 4546 ὅτι
2862 4494 3095 4564 Χριστὸς
3121 4495 3181 4548 ὲν
3232 4497 3345 4559 τοῖς
3384 4495 3764 4565 καταχθονίοις
3788 4496 4027 4568 κατελή-

812 4580 998 4625 noster
1047 4571 1114 4624 ad
1160 4572 1277 4625 loca
1329 4571 1681 4624 subterranea
1720 4568 2020 4631 descendit,
2070 4576 2129 4621 ut
2172 4581 2363 4623 omnes
2464 4586 2471 4637 ;

2464 4586 2613 4649 λυθε,
2677 4588 2802 4649 τοὺς
2862 4586 2957 4640 ἀπ’
3029 4586 3227 4651 αἰῶνος
3292 4589 3730 4660 κεκοιμημένους
3800 4590 4028 4645 ἐπισκέ-

811 4663 902 4732 qui
947 4677 977 4715 a
1021 4662 1240 4716 condito
1275 4661 1478 4716 mundo
1508 4661 1758 4715 obierant
1792 4660 2068 4714 inviseret.

1126 4790 1676 4898 ΟυίΕΞΤΙΟ
1749 4791 2029 4879 CXII.

814 4937 953 4994 Num
983 4955 1161 4994 verum
1186 4946 1258 4991 est
1289 4936 1557 4991 mulierem
1589 4936 1741 4991 illaut
1768 4937 2139 5005 pythonissam,
2170 4934 2353 4992 Saulis

1060 5018 1267 5079 rogatu,
1298 5008 1595 5062 Samuelem
1616 5024 1732 5061 vere
1761 5008 2005 5060 excitasse
2040 5007 2120 5059 ”?

1386 5114 1777 5170 RESPONSIO.

885 5209 1109 5279 Utique,
1148 5210 1278 5279 quia
1317 5209 1369 5261 in
1414 5218 1681 5277 potestate
1725 5208 1929 5263 diaboli
1969 5220 2127 5265 erant
2177 5226 2361 5266 omnes

2465 4675 2681 4745 ψασθαι.

2849 4798 3373 4885 ΕΡΩΤΗΣΙΣ
3436 4799 3637 4883 ΡΙΒ’.

2464 4932 2617 5008 ’Δρα
2641 4938 2861 5008 ἀληθὲς
2887 4937 2973 5008 ὅτι
3014 4939 3119 4991 τὸν
3154 4939 3434 5004 Σαμουὴλ
3468 4939 3505 5004 ἡ
3551 4937 4026 5008 ἐγγαστρίμυθος

2809 5007 3113 5077 ἀνήγαγεν
3159 5008 3257 5061 ἐπὶ
3296 5008 3400 5062 τοῦ
3444 5008 3675 5073 Σαούλ;

3031 5120 3413 5175 ΔΠΟΚΡΙΣΙΣ,

2536 5212 2662 5276 Ναὶ,
2690 5211 2794 5264 ὑπὸ
2825 5228 2921 5281 την
2959 5213 3117 5281 χεῖρα
3159 5211 3254 5264 τοῦ
3300 5210 3545 5265 διαϐόλου
3575 5212 3821 5281 ὑπῆρχον
3853 5215 4026 5266 πᾶσαι

817 5310 926 5355 tam
987 5301 1255 5369 justorum
1312 5314 1472 5366 quam
1526 5298 1849 5368 injustorum
1900 5300 2132 5364 animae,
2190 5300 2364 5355 donec
2467 5319 2476 5353 ‹

2467 5301 2523 5353 αἱ
2565 5300 2751 5369 ψυχαὶ,
2798 5300 2906 5353 τῶν
2951 5302 3119 5368 ἁγίων
3151 5302 3248 5353 καὶ⁷
3288 5302 3397 5353 τῶν
3424 5302 3787 5372 ἁμαρτωλῶν,
3836 5304 3943 5366 ἕως
3965 5296 4026 5357 οὖ

816 5390 1067 5445 Christus
1106 5391 1173 5443 ad
1211 5390 1412 5443 inferos
1451 5388 1745 5457 profectus,
1765 5390 1833 5443 iis
1883 5390 1975 5457 qui
2030 5391 2086 5443 in
2134 5391 2364 5444 vinculis
2465 5406 2475 5441 ι

2362 5426 2364 5438 .
2465 5390 2740 5442 κατελθὼν
2763 5391 2819 5441 ὲν
2846 5388 2923 5458 τῷ
2943 5388 3043 5460 ᾅδῃ
3079 5392 3108 5441 6
3134 5389 3390 5460 Χριστὸς,
3415 5386 3537 5441 εἷπε
3561 5391 3671 5451 τοῖς
3696 5390 3755 5441 εν
3777 5388 3833 5441 δε
3844 5392 4021 5459 σμοῖς,

817 5480 1191 5534 attinebantur
1220 5478 1357 5532 dixit
1394 5495 1407 5529 :
1451 5477 1625 5531 Exite.
1675 5476 1814 5530 Audi
1864 5478 2112 5544 Paulum,
2161 5479 2251 5548 qui
2287 5479 2363 5533 ait

888 5595 932 5627 ³⁸
962 5594 982 5648 1
1009 5593 1148 5646 Tim.
1172 5609 1228 5655 ιι,
1257 5593 1308 5645 2.
1380 5592 1463 5645 ³⁸1
1496 5593 1638 5647 l’etr.
1672 5608 1749 5655 nt,
1777 5593 1860 5647 19.
1940 5594 1982 5625 ³³
2017 5594 2034 5646 1
2067 5594 2201 5662 Reg.
2234 5609 2417 5648 xxvm.

2477 5482 2772 5547 Ἐξέλθετε,
2790 5483 2883 5537 καὶ
2908 5485 3017 5549 τοῖς
3040 5480 3901 5555 κατεχομένοις,Ὲλευθερὼθητε.
3917 5480 4025 5535 Καὶ

2096 5710 2329 5768 ΥΑΠΙΑΞ
2359 5710 2746 5767 LECTIONES.

961 5800 1056 5857 llic
1082 5801 1233 5857 deest
1256 5802 1477 5872 aliquid.
1557 5816 1575 5842 ς
1604 5804 1830 5873 φυλακῇ.
