4200 6440
186 405 294 464 785

1565 395 2065 468 ΟυέΕΒΤΙΟΝΕδ.

3299 404 3407 467 766

186 523 423 573 ἄκουσον
455 518 665 569 Παύλου
695 516 962 583 λέγοντος,
981 517 1061 569 ὅτι
1093 537 1108 566 ι
1132 515 1509 569 Ἐϐασίλευσεν
1534 514 1563 563 6
1586 514 1754 565 θάνα-
1781 518 1825 572 Α

1744 518 1825 572 -Α
1856 527 2105 579 inertem,
2154 517 2257 571 hoc
2314 526 2416 580 est,
2470 519 2767 582 diabolum,
2826 532 3078 587 regnasse
3113 518 3183 572 ab
3232 520 3403 577 Adam

186 629 297 670 τος,
314 630 331 660 ι
351 611 628 662 τουτέστιν
642 609 944 675 ὁδιάὸολος,
968 611 1102 662 «ἀπὸ
1117 610 1286 678 Ἀδὰμ
1303 608 1457 677 μέχρι
1477 606 1753 667 Μωῦσεος,

1857 622 2027 672 usque
2057 607 2123 659 ad
2169 608 2420 677 Moysen,
2460 608 2560 660 hoc
2603 619 2706 671 est,
2743 624 2916 677 usque
2941 608 3004 661 ad
3036 610 3403 679 complemen-

190 705 359 771 ἡγουν
381 701 477 753 τοῦ
519 700 876 772 πληρώματος
911 700 1003 753 τοῦ
1032 702 1218 770 νόμου,
1263 702 1355 751 καὶ
1398 701 1489 751 ἐπὶ
1522 699 1649 757 τοὺς
1682 700 1755 765 μὴ

1742 716 1755 765 ι
1856 706 1968 750 tum
2013 698 2163 767 legis,
2211 700 2373 752 etiam
2424 699 2478 752 in
2511 700 2633 752 illos
2677 702 2770 769 qui
2810 715 2916 753 non
2960 711 3313 767 peccaverant
3345 703 3401 757 in

191 794 619 863 ἁμαρτήσαντας
666 796 725 844 ἐν
771 792 849 861 τῷ
893 789 1197 862 ὀμοιῶματι
1250 793 1346 859 τῆς
1393 788 1755 859 παραϐάσεως

1740 806 1755 851 ;
1853 788 2261 844 similitudinem
2338 793 2801 861 prtevaricationis
2847 792 2977 847 Adae
3025 790 3089 855 ³³,
3138 792 3243 849 hoc
3292 804 3399 862 est,

203 888 401 957 ’Λδᾶμ,
428 908 446 937 ι
476 887 720 940 τουτέστι
748 888 839 937 καὶ
864 888 955 939 ἐπὶ
977 888 1074 947 τὰς
1093 885 1200 936 τῶν
1226 885 1393 952 ἁγίων
1414 883 1609 953 ψυχάς.

591 1028 1113 1113 ΕΡΩΤΙ-ΙΣΙΣ
1154 1028 1360 1110 ΡΙΓ.

192 1160 401 1211 Καλύν
427 1163 493 1213 τὸ
518 1162 837 1223 βαστάζειν
877 1164 1191 1214 κοινωνίην
1230 1163 1405 1227 ἁγίαν
1442 1159 1511 1211 ἐν
1538 1174 1752 1211 σκευο-

262 1234 468 1297 ρςγίῳ.
504 1233 907 1299 ἀπειχίμειύι·
944 1249 1073 1284 τινα
1114 1231 1212 1283 ἐπὶ
1252 1231 1451 1294 ξένης.
1488 1230 1521 1293 ἠ
1554 1244 1754 1280 κοινω-

259 1302 414 1363 νεῖν,
444 1301 593 1354 ὅπου
623 1301 671 1353 δ’
706 1302 781 1367 ἂρ·
810 1302 906 1356 καὶ
938 1303 1197 1370 εἰψωμεν
1240 1300 1590 1361 κοινωνίαι·;

788 1480 1170 1532 ΔΠΟΚΡΙΣῘΣ.

262 1570 339 1624 T6
368 1572 468 1641 μὲν
502 1571 767 1638 πανάγιον
813 1572 969 1640 σῶμα
996 1570 1088 1622 τοῦ
1121 1570 1354 1639 Χριστοῦ
1391 1572 1451 1625 οὐ
1494 1565 1754 1637 καθυϐρί-

190 1663 340 1728 ζεται
383 1665 490 1717 ἀπὸ
514 1664 700 1716 τούτου
718 1666 1109 1733 περιαγόμενον
1158 1662 1257 1714 καῖ
1290 1660 1715 1732 περιφερόμενον
1736 1674 1748 1687 ·

1854 880 2019 932 etiam
2063 879 2117 933 in
2150 882 2358 937 animas
2389 894 2723 938 sanctorum.

2129 1012 2683 1116 QUIES'I'IO
2780 1020 3130 1107 CXIII.

1854 1155 2275 1231 An__coiisiiitiint
2320 1158 2407 1231 sit,
2458 1162 2724 1231 rmnrqnis
2772 1177 2986 1231 peregre
3039 1162 3401 1231 proﬁciscitur,

1922 1225 2305 1299 Eur/inrisum»
2338 1229 2389 1279 in
2415 1225 2807 1283 vasculum-rum
2835 1225 3048 1299 deferre.
3066 1225 3144 1285 vel
3177 1225 3406 1287 comm“;

1923 1297 2096 1376 nicum:
2146 1299 2327 1401 ubique
2374 1308 2421 1350 et
2471 1316 2501 1349 ιι
2549 1317 2849 1370 quocunque
2887 1297 3180 1356 cainmuuio
3235 1304 3403 1357 admi-

1924 1376 2179 1401 nictrnhn-
2200 1375 2208 1385 '

1924 1375 2209 1419 mstraturl

2438 1481 2830 1535 RESPONSIO.

1923 1569 2331 1624 Sanctissitnum
2384 1570 2583 1624 Christi
2631 1588 2833 1640 corpus
2864 1571 3010 1625 nulla
3062 1572 3256 1643 injuria
3290 1574 3405 1628 alli-

1852 1661 1994 1715 citur
2026 1677 2092 1715 cx
2140 1662 2243 1715 hoc
2294 1662 2438 1731 quod
2486 1664 2868 1716 circumfertur
2919 1665 3065 1733 (9'7);
3114 1680 3237 1719 nam
3285 1667 3402 1737 ipse

190 1758 355 1819 αὑτὸς
405 1757 511 1826 γὰρ
546 1754 611 1827 ἦν
637 1760 664 1809 ὁ
705 1757 938 1827 Χριστὸς
969 1756 1103 1824 πρὸς
1138 1756 1346 1815 πάντας
1381 1753 1753 1823 περιφερόμε-

1742 1778 1753 1790 -
1850 1752 2097 1806 Christus
2139 1754 2266 1806 ulini
2319 1755 2384 1806 ad
2432 1772 2621 1807 omnes
2657 1755 2922 1809 circuibat
2953 1764 3008 1808 et
3046 1756 3401 1810 circumfere-

186 1867 298 1913 vo;,
330 1850 430 1902 καὶ
464 1850 538 1912 ὡς
565 1847 734 1913 εἷπον,
772 1850 831 1901 ού
881 1847 1263 1917 καθυϐρίζεταε
1308 1845 1415 1898 ἀπὸ
1465 1845 1670 1907 τούτου,
1716 1843 1749 1911 ἦ
1785 1849 1823 1902 Β

1746 1868 1749 1910 ι
1785 1849 1823 1902 Β
1858 1845 2053 1898 batur:
2085 1860 2215 1913 ergo
2268 1845 2470 1897 nullam
2521 1846 2773 1913 injuriam
2819 1864 2883 1901 ex
2942 1848 3045 1901 hoc
3090 1848 3311 1916 patitur,
3344 1857 3405 1900 ut

189 1942 264 2012 μὴ
298 1943 412 1995 ἀπὸ
446 1944 696 2014 ῥυπαρᾶς
727 1942 951 2013 καρδίας
980 1958 993 1970 ⁸
1029 1942 1110 1994 ὅτι
1154 1940 1211 1992 δὲ
1254 1941 1312 1990 ού
1359 1940 1439 1991 δεῖ
1480 1938 1750 1990 κοινωνεῖν

184 2035 353 2087 παντὶ
413 2036 569 2096 ἐκτὸς
629 2035 728 2101 τῆς
781 2034 1071 2101 καθολικῆς
1130 2030 1476 2099 Ἐκκλησίας,
1529 2032 1557 2081 6
1608 2028 1749 2091 θεῖος

199 2128 530 2187 Ἀπόστολος
560 2128 705 2195 ἡμᾶς
742 2126 981 2179 διδάσκει
1008 2126 1207 2190 λέγων·
1244 2120 1337 2186 Εἷς
1360 2123 1751 2191 Κύριος,τουτ-

185 2219 337 2271 ἐστιν
373 2221 404 2271 6
456 2218 665 2287 ἀληθὴς
712 2217 936 2288 Κύριος,
992 2216 1089 2283 μία
1140 2216 1340 2281 πίστις,
1385 2213 1677 2273 τουτέστιν,
1716 2213 1749 2280 ἡ

184 2312 457 2381 εὐσεϐής·
524 2314 578 2363 αἱ
627 2311 733 2378 γὰρ
782 2311 967 2362 λοιπαὶ
1017 2309 1115 2360 ούκ
1173 2308 1283 2360 είσὶ
1334 2306 1565 2368 πίστεις,
1616 2304 1750 2357 ἀλλὰ

186 2405 414 2474 θνήσεις
438 2419 451 2432 ⁸
498 2402 684 2471 ὥσπερ
709 2397 804 2454 οὖν
842 2399 1248 2470 ἀποδημοῦντες
1278 2398 1376 2467 τῆς
1409 2397 1542 2459 ἰδίας
1575 2412 1750 2464 γαμε-

181 2499 303 2567 τῆς,
342 2496 443 2549 ἐὰν
475 2494 866 2564 συγγενώμεθα
912 2494 1068 2563 ἄλλῃ,
1101 2494 1200 2545 οὐκ
1235 2492 1347 2544 ἐστι
1388 2490 1581 2559 γάμος,
1617 2487 1751 2540 ἀλλὰ

182 2590 441 2659 πορνεία.
476 2588 661 2657 Πολλῷ
692 2587 891 2656 μᾶλλον
921 2587 1228 2655 φυλάξομεν
1268 2584 1367 2653 τὴν
1399 2581 1751 2651 σωφροσύνην

182 2681 367 2750 illi”:
412 2679 507 2733 καὶ
548 2679 647 2747 τῆς
680 2677 837 2744 ἁγίας
884 2677 1039 2746 ἡμῶν
1092 2676 1355 2745 ἀμιάντου
1394 2671 1625 2738 συζύγου
1656 2668 1750 2721 τοῦ

183 2773 427 2845 Χριστοῦ
471 2771 796 2841 Ἐκκλησίας
838 2771 912 2841 μὴ
940 2769 1315 2840 χωρισθῶμεν.

591 3072 1112 3159 ΕΡΩΤΗΣΙΣ
1182 3068 1389 3156 ΡΙΔ’.

186 3216 404 3277 Ἔδοξέ
421 3231 541 3267 τισι
570 3214 766 3281 ,λέγειν
782 3233 794 3245 ·
824 3213 1146 3268 Ἀδύνατόν
1165 3212 1293 3265 ἐστι
1314 3210 1602 3281 φεύγοντά
1619 3227 1749 3262 τινα

250 3286 376 3337 ἀπὸ
414 3284 733 3339 duratam}
794 3284 904 3352 (97)
956 3284 1139 3335 τόπου
1183 3284 1269 3347 είς
1313 3280 1513 3347 ἕτερον
1566 3283 1751 3333 τόπον

248 3353 627 3420 διασωθῆναι
656 3355 723 3405 ἐκ
762 3353 1041 3405 θανάτου.

783 3466 1145 3522 ΑΠΟΚΡΙΣΙΣ

260 3567 325 3620 Ὀ
376 3565 486 3619 τῶν
524 3564 828 3617 θανατικῶν
866 3564 1042 3631 λόγος,
1089 3564 1183 3616 καὶ
1211 3562 1272 3614 τὺ
1318 3562 1509 3615 τούτου
1541 3563 1748 3632 μυστὴ-

183 3679 322 3729 ριον,
360 3659 497 3729 βαθὺ
526 3660 619 3711 καὶ
648 3656 1114 3725 δυσκατάληπτον,
1172 3656 1263 3707 καὶ
1307 3654 1507 3723 ὀλίγοις
1540 3654 1748 3724 χωρού-

180 3754 349 3821 μενόν
384 3752 553 3813 ἐστιν,
594 3750 653 3801 ού
694 3749 803 3819 γάρ
842 3750 1057 3809 πάντως
1093 3748 1193 3799 ὅσα
1225 3749 1393 3815 χωρεί
1437 3748 1464 3798 6
1509 3746 1631 3809 νοῦς
1654 3745 1747 3798 τοῦ

175 3845 551 3905 διδάσκοντος,
592 3840 814 3893 δύναται
863 3840 1105 3909 χωρῆσαι
1145 3840 1237 3890 καὶ
1265 3839 1293 3891 6
1321 3836 1443 3902 νοῦς
1484 3836 1575 3891 τοῦ
1608 3837 1747 3890 διδα-

180 3934 456 4005 σκομένου
508 3932 659 3985 λαοῦ.
713 3932 903 4000 Ὅμως
938 3932 1144 4000 ἥκουσα
1177 3929 1328 3996 παρὰ
1377 3927 1674 3998 ἀνθρώπων
1724 3930 1741 3965 ι

180 4029 469 4098 μυστήρια
500 4023 634 4078 Θεοῦ
665 4025 756 4077 καὶ
791 4023 1039 4076 παιδείαν
1074 4021 1167 4075 τοῦ
1213 4022 1362 4075 λαοῦ.
1397 4023 1655 4091 Δεύτερος
1689 4020 1746 4072 δὲ

178 4121 292 4174 ἀπὸ
348 4119 555 4189 φθορᾶς
596 4118 772 4187 ἀέρων
806 4117 900 4169 καὶ
945 4117 1154 4184 ἀτμῶν,
1201 4117 1296 4167 καὶ
1336 4113 1746 4182 ἀναθυμιάσεων

175 4215 277 4283 τῆς
312 4213 441 4283 γῆς.
468 4212 559 4265 καὶ
589 4210 796 4264 ὑδάτων
824 4210 917 4261 καὶ
945 4216 971 4243 ¹³
1016 4207 1375 4276 θνησιμαίων,
1418 4206 1509 4258 καὶ
1538 4221 1749 4272 κονιορ-

174 4304 312 4367 τῶν,
364 4301 461 4354 καὶ
506 4300 790 4361 δυσωδίας,
844 4300 938 4351 καὶ
974 4300 1168 4367 ῥύπου,
1214 4298 1308 4349 καὶ
1352 4296 1413 4348 τὸ
1465 4296 1560 4364 μὲν
1611 4294 1749 4347 κατὰ

176 4395 414 4465 ἀπειλὴν
449 4392 584 4446 Θεοῦ
624 4393 905 4461 γινόμενον
960 4390 1265 4454 θανατικδν,
1310 4388 1485 4451 οὐδεὶς
1532 4387 1748 4440 δύναται

175 4484 608 4547 καταλαδέσθαι,
642 4485 781 4553 ποίῳ
818 4481 995 4551 καιρῷ
1036 4482 1262 4549 γίνεται,
1298 4480 1389 4533 καὶ
1423 4480 1655 4549 μάλιστα
1693 4479 1749 4530 ὲν

175 4583 303 4643 ταῖς
359 4576 837 4646 πολυανδρούσαις,
896 4575 991 4627 καὶ
1052 4574 1344 4642 καθύγροις
1386 4570 1606 4641 χώραις,
1654 4572 1749 4624 καὶ

178 4669 451 4723 κατάλσει
480 4676 508 4702 ν
533 4682 547 4697 ·
587 4666 709 4719 ὅθεν
742 4665 887 4718 ἔστιν
909 4663 1171 4727 εἰδὲσθαι,
1206 4662 1401 4725 πολλὰς
1425 4662 1593 4714 ἐθνῶν
1624 4664 1752 4715 ἀσε-

1851 1938 1983 2000 dixi,
2038 1937 2131 1990 sed
2168 1945 2375 1989 tantum
2430 1954 2497 1991 cx
2544 1939 2759 2006 impuro
2807 1939 2992 1993 corde.
3042 1939 3212 1992 Porro
3256 1956 3402 1992 com-

1852 2032 2167 2086 munionem
2195 2046 2305 2083 non
2336 2046 2455 2083 esse
2498 2030 2866 2098 accipiendam
2904 2044 3051 2085 extra
3079 2032 3402 2085 catholicam

1851 2123 2188 2186 Ecclesiam,
2251 2121 2470 2175 divinus
2522 2121 2815 2191 Apostolus
2869 2121 3030 2175 docet
3080 2137 3200 2174 cum
3260 2123 3336 2175 ait
3389 2140 3402 2175 :

1859 2233 1877 2265 ι
1914 2214 2062 2268 Unus
2104 2213 2385 2275 Dominus,
2452 2213 2555 2267 hoc
2596 2223 2702 2276 est,
2743 2228 2907 2267 verus
2954 2212 3235 2273 Dominus.
3298 2228 3406 2267 una

1852 2306 1986 2360 lidcs
2034 2306 2101 2370 “,
2132 2325 2149 2356 ι
2186 2306 2289 2358 hoc
2315 2314 2419 2369 est,
2452 2306 2539 2374 pia
2588 2312 2643 2357 ct
2674 2304 2958 2372 religiosa;
3011 2319 3134 2357 nam
3184 2303 3408 2371 reliqua:

1851 2416 1961 2453 non
2008 2408 2137 2452 sunt
2164 2396 2318 2461 ﬁdes,
2352 2397 2446 2450 sed
2478 2404 2697 2450 mortes.
2727 2395 3189 2462 Quemadmodum
3218 2395 3403 2466 igitur,

1853 2492 1922 2553 si,
1966 2492 2093 2545 dum
2151 2507 2180 2544 a
2229 2489 2447 2560 propria
2501 2490 2729 2559 conjuge
2778 2490 3072 2551 absumus,
3124 2504 3247 2544 cum
3297 2488 3406 2543 alia

1854 2584 2312 2638 consuetudinem
2361 2584 2673 2645 habeamus,
2722 2581 2775 2636 id
2826 2596 3166 2650 nequaquam
3214 2580 3406 2635 matri-

1853 2676 2115 2739 monium,
2168 2675 2261 2729 sed
2307 2676 2565 2729 seortatio
2611 2675 2822 2729 censeri
2860 2673 3023 2745 414
3070 2673 3234 2727 debet
3271 2689 3286 2726 :
3332 2672 3408 2727 ita

1854 2780 1907 2823 et
1959 2770 2045 2822 hic
2094 2768 2271 2821 danda
2322 2782 2487 2835 opera
2535 2775 2618 2820 est
2671 2774 2729 2818 ut
2780 2765 3191 2834 temperantiam
3222 2772 3406 2818 custo-

1855 2863 2099 2926 diamus,
2147 2871 2204 2915 et
2256 2877 2287 2915 a
2342 2869 2526 2914 sancta
2581 2860 2892 2928 illibataque
2950 2875 3147 2930 sponsa
3205 2858 3407 2915 Christi

1855 2955 2095 3009 Ecclesia
2140 2969 2249 3008 non
2300 2970 2634 3023 separemur.

2052 3086 2508 3189 QUIES'I‘I
2531 3084 2603 3173 Ο
2676 3086 2959 3175 CXIV
3028 3091 3178 3170 (99).

1858 3232 2177 3297 Quibusdam
2213 3234 2377 3284 visum
2417 3240 2490 3283 est
2518 3233 2631 3300 ﬁeri
2666 3248 2765 3284 non
2807 3248 2952 3298 posse
2987 3241 3043 3285 ut
3076 3232 3165 3300 qui
3201 3246 3264 3283 ea:
3296 3230 3409 3285 loco

1924 3304 2217 3372 rontugioso
2267 3302 2395 3371 fugit
2437 3302 2505 3354 ad
2562 3301 2745 3365 alium,
2788 3301 3035 3355 liberetur
3070 3320 3103 3356 α
3152 3309 3334 3356 morte.

2441 3475 2832 3532 BESPONSIO.

1921 3567 2157 3633 Qumstio
2194 3566 2259 3621 de
2308 3568 2487 3621 causis
2516 3569 2856 3635 contagionis
2897 3568 3066 3623 ardua
3112 3577 3217 3633 cst,
3258 3585 3407 3625 com-

1852 3660 2125 3726 prehcnsu
2154 3658 2409 3719 diﬂicilis,
2442 3660 2739 3729 paucisque
2788 3661 2971 3729 pervia
3006 3678 3021 3713 :
3053 3676 3230 3729 neque
3258 3663 3404 3716 enim

1853 3750 2034 3801 omnia
2077 3763 2197 3817 qua:
2236 3748 2491 3818 magister
2533 3750 2697 3818 capit,
2745 3750 2888 3817 capit
2924 3764 3140 3819 quoque
3170 3752 3406 3819 populus

1853 3839 2070 3893 auditor
2111 3857 2124 3892 :
2170 3840 2528 3893 nihilominus
2585 3840 2761 3894 dicam
2810 3856 2930 3910 qua:
2973 3841 3179 3896 audivi.
3225 3842 3405 3897 Prima

1853 3931 2016 4001 hujus
2064 3932 2200 3985 ratio
2249 3932 2315 3987 ad
2368 3933 2578 3986 occulta
2627 3933 2719 3986 Dei
2764 3933 2973 4003 judicia
3014 3944 3069 3988 ct
3095 3934 3163 3990 ad
3194 3936 3404 3990 instru-

1854 4022 2087 4074 ctionem
2128 4022 2312 4091 populi
2364 4022 2621 4091 pertinet.
2657 4022 2905 4077 Secunda
2957 4026 3134 4078 oritur
3179 4041 3244 4080 ex
3286 4040 3409 4080 cor-

1856 4115 2104 4183 ruptione
2137 4115 2299 4177 aeris,
2341 4131 2602 4184 vaporum
2652 4124 2705 4169 et
2736 4117 3140 4171 exhalationum
3169 4117 3408 4172 letifera-

1854 4222 1973 4259 rum
2018 4215 2175 4260 terra:
2222 4218 2278 4260 et
2315 4223 2488 4275 aquae,
2539 4224 2605 4260 ex
2639 4208 2976 4275 pulveribus,
3023 4223 3089 4261 ex
3140 4206 3311 4262 fetore
3352 4214 3408 4261 et

1856 4298 2127 4353 sordibus.
2177 4299 2243 4353 Et
2290 4299 2509 4368 quidem
2555 4301 2700 4368 quali
2757 4309 2998 4369 tempore
3044 4300 3132 4354 illa
3158 4300 3408 4369 contagio

1855 4409 1973 4462 qua:
2028 4393 2273 4447 nascitur
2320 4408 2385 4446 ex
2446 4392 2870 4447 comminatione
2924 4402 2981 4447 et
3036 4392 3408 4464 indignatione

1856 4486 1949 4538 Dei
1994 4485 2239 4547 exsistat,
2271 4500 2430 4538 nemo
2466 4484 2771 4554 intelligere
2804 4485 2968 4543 valet.
3018 4486 3313 4555 praesertim
3354 4485 3407 4538 in

1856 4574 2085 4629 urbibus
2118 4574 2403 4645 populosis
2425 4583 2480 4629 et
2504 4574 2764 4639 humidis,
2805 4591 2866 4629 ac
2892 4575 3162 4643 salsugine
3194 4575 3408 4629 infectis

1856 4664 2187 4729 regionibus.
2238 4663 2414 4727 Quare
2461 4663 2711 4717 videmus
2737 4662 2979 4717 solitaria
3026 4661 3269 4733 quaedam
3304 4662 3408 4716 im-

180 4762 296 4815 εῶν
319 4762 417 4815 καὶ
438 4758 716 4813 δυσσεὸὦν
745 4756 1034 4828 ὲρημικὰς,
1074 4756 1340 4826 μηδέποτε
1374 4755 1567 4825 πείραν
1593 4755 1757 4810 θανα-

178 4851 341 4905 τικοῦ
366 4850 684 4920 ἐσχηκυίας.
725 4850 790 4902 Τί
823 4845 946 4914 οὖν;
977 4843 1124 4915 ’Δρα
1162 4847 1251 4900 διὰ
1289 4847 1387 4917 τὴν
1410 4846 1756 4917 δικαιοσύνην

180 4944 368 4998 αὐτῶν
397 4961 413 5009 ;
448 4941 714 5009 Οὐδαμῶς
736 4956 750 4971 ο
793 4939 930 4993 ἀλλὰ
963 4938 1049 4991 διὰ
1090 4940 1188 5007 τὴν
1221 4939 1418 5006 κρᾶσιν
1457 4936 1565 4989 τῶν
1596 4937 1658 5007 ξη
1671 4956 1757 5008 ρο·-

180 5035 383 5098 ποιῶν,
432 5033 528 5086 καὶ
556 5029 849 5100 ύγιοποιῶν
876 5030 1070 5101 ἀέρων.
1117 5028 1339 5098 Νομίζω
1386 5028 1499 5090 οὖν,
1534 5027 1757 5082 δυνατὸν

1855 4758 2067 4826 piorum
2114 4766 2170 4810 ct
2224 4757 2611 4810 sceleratorum
2660 4756 2941 4811 hominum
2993 4756 3268 4811 domicilia
3309 4771 3407 4826 pe-

1854 4850 2055 4903 stifera:
2096 4851 2202 4904 luis
2236 4851 2455 4918 penitus
2478 4850 2724 4919 expertia
2757 4865 2897 4904 esse.
2928 4849 3069 4915 Quid
3101 4849 3300 4917 igitur?
3324 4849 3407 4903 An

1857 4942 1959 4995 hoc
2016 4943 2075 4995 lit
2134 4950 2357 5010 praptcr
2398 4942 2664 5011 justitiam
2717 4958 2824 5011 qua
2882 4941 3132 5011 pollent?
3188 4940 3407 4994 Minime

1856 5044 2009 5083 vero.
2050 5030 2154 5084 Sed
2190 5039 2410 5100 propter
2438 5038 2859 5101 temperaturam
2899 5030 3030 5085 sicci
3058 5038 3115 5085 et
3141 5029 3405 5087 salutiferi

254 5170 305 5203 ³³
337 5168 499 5224 Rom.
528 5183 584 5231 ν,
616 5166 702 5219 Η.
774 5166 820 5197 ⁸⁵
844 5163 1049 5233 Ephes.
1074 5178 1147 5224 Iv,
1174 5162 1226 5215 5.

1482 5276 1717 5332 VARI/l3
1761 5276 2047 5332 LECTION
2057 5276 2156 5333 ES.

260 5405 279 5436 ‘
316 5400 416 5453 llic
449 5400 567 5453 sine
592 5396 761 5451 dubio
783 5396 963 5465 aliqua
1018 5392 1217 5446 desunt
1264 5396 1323 5443 ut
1364 5398 1513 5459 patet
1554 5405 1620 5443 ex
1666 5389 2039 5457 sequentibus.
2142 5399 2169 5428 υ
2197 5389 2422 5445 Videtur
2450 5390 2742 5446 dclemlum
2780 5390 2895 5443 καὶ.
2972 5398 2997 5426 ν
3032 5388 3174 5459 Lego
3200 5385 3402 5440 καθαλ-

189 5472 257 5541 μέ
266 5488 338 5523 σι.

1671 5549 1901 5607 NOTAE.

261 5655 372 5719 (97)
415 5653 546 5704 Ἀπὸ
576 5648 888 5703 θαειατικοῦ.
923 5647 1092 5701 Hodie
1138 5646 1337 5701 Gnecis
1356 5648 1425 5719 71:6
1457 5646 1738 5699 θανατικδιν

185 5736 271 5777 est
302 5726 334 5791 ἡ
356 5718 584 5789 λοιμικὴ
606 5722 777 5787 νόσος,
810 5721 843 5791 ἢ
869 5723 896 5774 6
919 5720 1124 5789 λοιμὸς,
1155 5719 1221 5772 ad
1258 5718 1504 5782 verbum,
1536 5725 1738 5770 morta-

189 5794 334 5848 litas.
368 5794 689 5861 muniam.)

1913 5648 2022 5713 (98)
2060 5646 2266 5700 Similis
2294 5647 2357 5699 ad
2386 5646 2640 5699 Antioch.
2664 5653 2856 5712 quiest.
2888 5644 3009 5697 1H.

1909 5722 2017 5786 (99)
2044 5718 2121 5772 Ad
2150 5717 2401 5772 Antioch.
2423 5724 2610 5787 quaest.
2657 5718 2756 5770 102.
2783 5725 2837 5769 ct
2871 5714 2992 5768 105.
