4200 6440
170 420 284 483 769

1547 412 2076 485 QUIESTIONES..

3304 427 3412 493 770

169 552 339 605 τησεν
355 528 451 585 οὖν
471 532 668 594 αὐτοὺς
693 531 864 598 λέγων
880 547 893 561 ·
924 530 1050 583 Ἐἀν
1074 530 1172 599 ἔχῃ
1198 529 1226 579 6
1253 528 1502 597 βασιλεὺς
1520 526 1740 592 ταμεϊα,
1775 533 1819 586 Α

1775 533 1819 586 Α
1848 525 1971 592 quis
2006 541 2100 577 rex
2134 526 2361 581 haberet
2408 529 2705 593 conclavia,
2762 532 3065 604 domosque
3111 537 3405 605 pretiosas,

171 629 269 679 καὶ
301 627 487 687 οίκους
511 625 743 693 τιμίους,
770 623 899 675 ἔνθα
926 624 1345 691 διαπράττονται
1375 621 1444 672 τὰ
1473 619 1744 685 ἀναγκαῖα

175 720 459 788 μυστήρια
509 715 695 781 αὑτοῦ,
724 716 833 767 τίνι
864 715 1133 777 πιστεύει,
1170 716 1353 776 αὐτοῖς
1386 716 1500 773 τοῖς
1537 713 1745 773 πιστοῖς

172 810 494 877 ἀνθρώποις
526 808 712 870 αὑτοῦ,
756 808 789 877 ἢ
835 811 947 869 τοῖς
977 809 1262 872 ἀπίστοις;
1315 808 1547 873 Λέγουσι
1609 804 1745 872 πρὸς

171 902 338 952 αὑτὸν
371 904 570 954 ἐκεῖνοι
594 916 607 930 ·
648 900 940 971 Πρόδηλον,
976 900 1058 951 ὅτι
1092 904 1204 962 τοῖς
1244 898 1586 967 πιστοτέροις
1609 898 1745 948 ὅλων

171 994 282 1044 τῶν
306 994 612 1063 ἀνθρώπων
643 993 806 1046 αὑτοῦ
831 992 1080 1046 πιστεύει
1106 995 1231 1055 τοὺς
1257 993 1530 1053 τοιούτους
1560 992 1741 1050 οἴκους

168 1086 200 1136 6
223 1086 504 1154 βασιλεύς.
536 1086 669 1138 Τότε
699 1085 1015 1156 ἀποκριθεὶς
1048 1085 1078 1136 6
1102 1083 1399 1154 ὀρθόὸοξος.
1458 1081 1577 1137 εἷπε
1610 1082 1745 1153 πρὸς

170 1176 403 1235 αὐτούς’
467 1179 672 1230 ι”Ωστε
729 1179 950 1246 μάθετε,
1005 1180 1089 1231 ὅτι
1139 1177 1238 1229 οὐκ
1291 1177 1436 1231 εστιν
1492 1180 1583 1229 ἐπὶ
1641 1175 1745 1243 γῆς

174 1269 362 1331 πίστις
399 1268 700 1340 ὀρθόδοξος,
740 1272 788 1322 εξ
830 1272 906 1341 μὴ
932 1270 1033 1339 τῆς
1061 1268 1356 1338 καθολικῆς
1395 1268 1742 1336 Ἐκκλησίας.

172 1362 285 1413 Καὶ
315 1360 407 1413 διὰ
428 1360 586 1413 τοῦτο
612 1363 997 1415 ἐνεπίστευσεν
1015 1364 1149 1432 ἡμῖν
1180 1364 1207 1414 ὁ
1230 1362 1361 1424 Θεὸς
1385 1363 1592 1420 πάντας
1617 1359 1744 1421 τοὺς

173 1450 369 1516 ἁγίους
411 1450 506 1501 καὶ
541 1450 875 1518 ἀναγκαίους
916 1451 1097 1513 οἴκους
1128 1450 1314 1514 αὐτοῦ,
1355 1452 1413 1502 ὲν
1446 1444 1525 1512 οἷς
1560 1448 1744 1518 ἐπιδη-

146 1544 359 1612 -μὴσας
391 1542 457 1593 τά
487 1544 763 1611 μυστήρια
812 1542 977 1595 αὐτοῦ
1021 1544 1315 1612 πεποίηκε’
1359 1543 1607 1595 τουτέστι
1645 1545 1744 1612 τὴν

174 1633 454 1703 Ναζαρὲτ,
500 1631 561 1684 τὸ
606 1633 825 1705 Ταϐὼρ,
876 1635 975 1705 τὴν
1006 1634 1272 1704 Βηθλεὲμ,
1314 1632 1405 1685 τὸν
1450 1633 1739 1703 Ἰορδάνην,

170 1731 271 1798 τὴν
325 1729 486 1791 Σιὼν,
544 1730 605 1781 τὸ
651 1728 907 1795 Γολγοθᾶ,
954 1728 1054 1796 τὴν
1119 1727 1455 1787 ’Λνάστασιν,
1525 1726 1620 1778 καὶ
1680 1724 1741 1776 οὐ

176 1823 361 1889 μόνον,
406 1822 543 1876 ἀλλὰ
578 1822 670 1874 καὶ
703 1822 765 1873 τὸ
793 1822 940 1884 Σινᾶ,
999 1820 1095 1874 καὶ
1132 1820 1320 1882 ἁπλῶς
1368 1821 1575 1881 πάντας
1617 1818 1741 1877 τοὺς

174 1914 376 1977 ἄλλους
401 1916 599 1976 τόπους
625 1914 722 1979 τῆς
758 1913 975 1981 καινῆς,
1001 1915 1095 1967 καὶ
1121 1915 1218 1982 τῆς
1252 1913 1507 1973 παλαιᾶς,
1557 1913 1604 1963 οἱ
1644 1910 1743 1978 τῆς

174 2010 373 2077 καινῆς
406 2012 499 2061 καὶ
532 2008 828 2079 καθολικῆς
869 2009 1200 2079 Ἐκκλησίας
1235 2009 1560 2078 κατέχομεν.
1620 2005 1744 2057 Ἐἁν

173 2096 266 2151 οὖν
295 2101 582 2166 κακόδοξοί
612 2103 797 2170 ἐσμεν,
842 2102 998 2171 ὑμεῖς
1043 2101 1312 2173 ὀρθόδοξοι
1354 2103 1648 2171 ύπάρχετε,
1683 2101 1741 2153 ού

174 2194 357 2254 καλῶς
388 2193 645 2263 ἐποίησεν
676 2196 705 2245 ὁ
734 2195 865 2256 θεὸς
909 2196 1040 2263 ἡμῖν
1079 2194 1374 2255 πιστεύσας
1405 2196 1529 2253 τοὺς
1556 2194 1742 2260 ἁγίους

174 2286 373 2347 τόπους
403 2286 588 2339 αὐτοῦ.
644 2286 764 2338 Κᾶν
807 2284 1021 2355 εἴπητε,
1070 2287 1151 2339 ὅτι
1202 2287 1345 2356 χειρὶ
1372 2285 1622 2356 βασιλικῇ
1650 2289 1743 2338 καὶ

172 2380 470 2447 τυραννικῇ
505 2378 724 2439 τούτους
750 2378 1071 2446 κατέχομεν,
1090 2376 1374 2446 ἐλέγχεσθε
1402 2378 1741 2447 ψευδόμενοι.

187 2469 319 2520 ’1δοῦ
371 2472 481 2539 γὰρ
534 2469 824 2540 βαρϐάρων
870 2470 1211 2540 κρατούντων
1263 2470 1359 2539 τὴν
1400 2469 1581 2539 χώραν
1635 2469 1744 2521 τῶν

172 2561 349 2627 ἁγίων
370 2562 575 2621 τόπων,
598 2562 695 2613 οὐκ
735 2562 936 2631 ἐπῆρεν
980 2560 1179 2623 αὐτοὺς
1216 2560 1274 2626 ἐξ
1318 2562 1477 2630 ἡμῶν
1519 2560 1547 2611 6
1591 2560 1740 2623 Θεός.

175 2653 236 2704 Ei
271 2652 328 2705 δὲ
373 2654 490 2713 καὶ,
540 2652 613 2715 ὡς
668 2653 834 2716 εἰκὸς,
870 2650 1053 2714 δόξετε
1086 2651 1283 2720 λέγειν,
1312 2653 1392 2705 ὅτι
1435 2652 1745 2720 ἐκράτησαν

175 2745 304 2796 ποτὲ
331 2745 381 2796 οἱ
435 2744 701 2811 ’Λρειανοὶ
731 2743 835 2810 πρὸ
878 2744 1072 2812 ὀλίγων
1118 2746 1324 2813 χρόνων
1373 2747 1500 2806 τοὺς
1559 2746 1745 2811 ἁγίους

173 2836 414 2900 τόπους,
471 2836 579 2887 ἰδοὺ
630 2835 849 2905 ἀληθῶς
887 2837 1081 2888 ἐκεῖνοι
1119 2837 1208 2888 διὰ
1235 2836 1415 2906 χειρὸς
1460 2836 1744 2905 βασιλικῆς

174 2930 265 2979 καὶ
317 2924 610 2996 τυραννίας
656 2925 913 2995 ἥρπασαν
942 2926 1067 2988 τοὺς
1116 2925 1304 2991 ἁγίους
1362 2927 1580 2988 τόπους,
1624 2923 1743 2975 ἀλλ’

171 3020 326 3071 οὐδὲν
355 3020 584 3089 ἴσχυσαν
607 3038 621 3052 ·
674 3023 874 3085 εὐθέως
902 3023 1011 3093 γάρ
1052 3023 1211 3077 πάλιν
1245 3025 1272 3075 ὀ
1304 3022 1437 3085 Θεὸς
1472 3025 1603 3093 ἡμῖν
1634 3024 1746 3086 τοῖς

170 3108 479 3177 όρθοόὀξοις
514 3111 826 3178 παρέδωκεν
862 3111 1076 3174 αύτούς.
1122 3112 1249 3166 Ἰδοὺ
1285 3112 1467 3166 λοιπὸν
1504 3114 1745 3166 ἑπτακό-

174 3215 277 3251 σιοι
330 3200 532 3268 χρόνοι,
596 3202 690 3253 καὶ
741 3202 911 3255 ταῦτα
965 3202 1298 3267 ἀκούσαντες
1350 3205 1400 3258 οἱ
1449 3203 1736 3276 αίρετικοὶ,
1766 3225 1811 3283 C

170 3292 555 3361 αἰσχυνθέντες
585 3294 957 3365 ἀνεχώρησαν,

547 3412 1076 3500 ΕΡΩΤΗΣΙΣ
1155 3418 1378 3501 ΡΙΗ’.

170 3547 345 3613 Τίνος
361 3548 551 3620 ,χάριν
576 3552 650 3603 οὐ
680 3554 1009 3618 πεποίηκεν
1050 3557 1084 3607 ὀ
1123 3554 1393 3620 Σατανᾶς
1446 3557 1744 3619 τοσαύτας

237 3619 524 3695 ᾳιρέιζεις,
548 3622 645 3695 καὶ
683 3623 1013 3695 σχίσματα,
1038 3625 1107 3677 ἐν
1132 3626 1301 3694 ἑτέρᾳ
1334 3619 1550 3687 πίστει,
1576 3630 1629 3681 εί
1655 3632 1739 3695 μὴ

238 3688 316 3743 ἐν
339 3688 412 3757 τῇ
440 3689 557 3743 τῶν
574 3688 975 3758 Χριστιακῶη

763 3805 1155 3861 ΔΠΟΚΡΙΣΙΣ.

241 3894 367 3947 Ὀτι
434 3897 604 3949 πᾶσαι
661 3898 719 3950 αι
765 3898 949 3951 λοιπαὶ
1002 3901 1119 3967 τῶν¹
1164 3903 1515 3957 ἀϐαπτίστων
1570 3906 1740 3959 ἐθνῶν

172 3988 391 4050 πίστεις
422 3989 708 4060 ἀγαπηταὶ
732 3990 811 4059 τῷ
848 3991 1081 4044 διαϐόλω
1108 3995 1236 4059 εἰσὶ,
1259 3996 1355 4048 καὶ
1388 3998 1561 4060 οὐδεὶς
1590 3998 1738 4069 αύτῴ

170 4077 332 4143 λόγος
362 4077 671 4147 πολεμῆσαι
727 4080 935 4149 ίσχύσει
964 4084 1153 4146 αὑτὰς,
1192 4087 1241 4137 εί
1284 4087 1360 4157 μὴ
1415 4089 1515 4159 τὴν
1556 4090 1739 4142 πίστιν

169 4168 265 4222 τοῦ
297 4168 537 4239 Χριστοῦ
561 4170 636 4234 ὡς
663 4172 1067 4245 ἀντικειμένην,
1119 4177 1213 4230 καὶ
1255 4180 1613 4249 πολεμοῦσαν,
1646 4185 1739 4236 καὶ

170 4258 458 4324 πολλάκις,
506 4261 601 4314 καί
653 4261 1035 4333 κατάρχουσαν
1056 4266 1243 4322 αὐτοῦ.
1282 4270 1390 4321 Καὶ
1418 4272 1498 4324 ὅτι
1526 4272 1739 4342 ἀληθῶς

170 4348 345 4412 οὕτως
366 4352 537 4412 ἐστὶν,
570 4352 781 4406 ἐκεῖθεν
806 4354 921 4408 ἔστι
945 4357 1158 4425 μαθεῖν.
1184 4360 1295 4432 Πρὸ
1322 4362 1423 4431 τῆς
1444 4364 1739 4435 ἐπιδημίας

169 4441 266 4496 τοῦ
294 4444 535 4513 Χριστοῦ
567 4445 668 4498 ούκ
692 4440 762 4517 ἦν
788 4446 938 4509 ἔθνος
986 4447 1256 4515 θεοσεὸὲς,
1312 4455 1360 4506 εί
1414 4458 1489 4526 μὴ
1534 4456 1595 4509 τὸ
1641 4458 1735 4510 τοῦ

1851 616 1941 667 ubi
1968 631 2357 685 peragerentur
2383 620 2564 674 omnia
2592 624 2713 689 ejus
2754 640 2947 679 arcana
2995 630 3245 690 consilia,
3281 634 3407 700 qui-

1849 708 1949 759 bus
1975 724 2036 760 ea
2067 709 2287 761 credet?
2316 712 2453 765 Num
2484 714 2588 765 sibi
2625 714 2765 775 lidis,
2796 732 2863 767 an
2895 717 3111 772 inﬁdis?
3156 723 3406 793 liespon-

1845 801 2045 853 derunt
2087 802 2162 854 illi
2212 806 2558 859 manifestum
2608 824 2727 859 esse
2782 808 3094 877 hujusmodt
3147 814 3262 867 loca
3295 832 3403 871 non

1848 891 1950 942 nisi
1984 893 2237 946 lidelibus
2258 909 2285 945 a
2325 910 2449 961 rege
2477 901 2851 952 concreditum
2887 902 2973 955 iri.
3001 903 3155 957 'l'unc
3186 908 3252 959 ad
3283 909 3405 964 illos

1845 984 2217 1039 orthodoxus:
2273 986 2476 1041 Discite
2506 1005 2635 1057 ergo
2671 995 2875 1045 nullam
2907 994 2959 1046 in
2988 996 3149 1050 terris
3174 1001 3401 1067 reperiri

1845 1090 2028 1128 veram
2072 1078 2256 1141 Iidem,
2304 1080 2408 1131 nisi
2468 1080 2611 1131 illam
2640 1098 2801 1149 quam
2850 1086 3119 1140 catholica
3160 1089 3404 1144 Ecclesia

1850 1170 2160 1234 proﬁtetur.
2191 1170 2495 1239 Eapropicr
2543 1175 2819 1226 commisit
2846 1178 3003 1231 nobis
3049 1180 3191 1233 Deus
3220 1182 3406 1236 omnia

1843 1258 1959 1311 loca
1987 1270 2194 1322 sancta,
2224 1272 2280 1315 et
2304 1263 2575 1317 domicilia
2610 1282 2934 1328 necessaria,
2955 1269 3008 1321 in
3033 1273 3236 1339 quibus
3270 1284 3409 1328 tem-

1844 1367 1974 1420 pore
2028 1354 2482 1422 peregrinationis
2529 1374 2640 1411 sua:
2699 1363 2955 1431 mysteria
3021 1379 3117 1419 sua
3170 1369 3404 1439 peregit.

1844 1443 1956 1497 [loc
1993 1455 2096 1507 est,
2146 1446 2436 1509 Nazareth,
2495 1460 2734 1504 montem
2788 1454 3046 1517 'l‘habor,
3103 1456 3403 1524 Bethleem,

1842 1536 2159 1601 Jordanem,
2192 1548 2431 1595 montem
2467 1541 2618 1604 Sion,
2650 1544 2990 1615 Golgotham,
3020 1550 3405 1607 licsurrectio—

1842 1645 1969 1683 nem
1994 1646 2011 1684 τ
2038 1646 2215 1700 neque
2242 1633 2355 1688 haec
2385 1643 2617 1702 tantum,
2649 1638 2743 1691 sed
2769 1648 2825 1693 et
2856 1650 3093 1695 montem
3124 1642 3272 1707 Sina,
3300 1660 3410 1697 uno

1846 1720 2035 1783 verbo,
2067 1738 2256 1777 omnes
2286 1724 2422 1778 alios
2465 1726 2615 1780 locos
2661 1728 2798 1780 Novi
2854 1738 2909 1782 et
2962 1732 3175 1786 Veteris
3220 1733 3410 1787 Testa-

1852 1815 2040 1877 meuti,
2077 1831 2199 1879 nos,
2259 1818 2352 1885 qui
2402 1819 2727 1873 catholicam
2764 1821 3063 1876 Ecclesiam
3102 1826 3407 1893 sequimur,

1855 1904 2212 1971 possidemus.
2270 1908 2325 1960 Si
2382 1908 2547 1976 igitur
2592 1926 2692 1965 nos
2722 1914 2859 1965 male
2893 1914 2959 1967 de
2992 1916 3157 1970 rebus
3206 1917 3410 1971 divinis

1845 1997 2133 2060 sentimus,
2161 2013 2258 2051 vos
2302 2009 2484 2053 autem
2526 2001 2685 2067 bene,
2734 2004 2876 2058 haud
2925 2006 3088 2077 416
3120 2017 3265 2062 recte
3298 2010 3410 2079 egit

1848 2090 1993 2144 Deus
2026 2108 2149 2145 cum
2175 2102 2359 2147 saneta
2393 2110 2489 2148 sua
2524 2095 2641 2148 loca
2668 2097 2827 2149 nobis
2856 2101 3100 2153 tradidit.
3135 2102 3190 2153 Si
3240 2118 3407 2172 ogge-

1846 2184 1982 2234 ratis
2012 2199 2113 2236 nos
2146 2201 2306 2238 manu
2362 2187 2506 2254 regia
2539 2200 2594 2243 et
2618 2192 2897 2259 tyrannica
2955 2192 3069 2245 haze
3113 2194 3228 2247 loca
3249 2196 3409 2248 obti-

1844 2286 1999 2335 nere,
2029 2274 2232 2327 nullius
2259 2278 2458 2344 negotii
2483 2286 2603 2330 erat
2625 2294 2721 2331 vos
2768 2280 3018 2334 falsitatis
3054 2283 3406 2352 redarguere.

1847 2363 1986 2418 Ecce
2017 2366 2161 2419 enim
2193 2385 2316 2420 cum
2361 2369 2585 2425 Barbari
2611 2372 2883 2441 regionem
2912 2375 2962 2426 in
2995 2391 3100 2443 qua
3136 2376 3252 2428 loca
3278 2392 3408 2429 san-

1846 2466 1931 2510 cta
1964 2467 2091 2511 sunt
2119 2470 2411 2529 occupent,
2470 2463 2611 2515 hami
2652 2464 2793 2517 heus
2836 2480 2898 2516 ea
2933 2483 2959 2517 a
2991 2467 3149 2520 nobis
3198 2467 3408 2523 auferri

1846 2565 2037 2619 passus
2061 2560 2162 2604 est.
2193 2552 2247 2604 Si
2280 2569 2433 2613 vero,
2486 2562 2545 2605 ut
2600 2556 3007 2623 probabile-est,
3036 2558 3233 2612 dicturi
3274 2561 3411 2613 estis

1843 2641 2076 2694 Arianos
2118 2659 2225 2695 non
2262 2642 2335 2696 ita
2386 2644 2596 2712 pridem
2630 2646 2745 2699 loca
2798 2658 2984 2701 sancta
3026 2650 3287 2713 tenuisse,
3323 2667 3409 2704 re-

1846 2731 2181 2800 spondemus
2216 2732 2319 2785 hoc
2346 2735 2501 2803 plane
2527 2735 2785 2789 violentia
2820 2738 3102 2807 tyrannica
3133 2742 3406 2795 evenisse.

1847 2822 1951 2876 Sed
1985 2823 2188 2877 frustra
2212 2824 2363 2880 fuere
2402 2844 2414 2878 :
2451 2828 2717 2881 continuo
2764 2830 2911 2882 cnim
2964 2831 3109 2885 Deus
3133 2832 3295 2886 nobis
3318 2849 3410 2887 or-

1845 2915 2102 2969 thodoxis
2127 2918 2243 2970 loca
2273 2927 2455 2971 sancta
2488 2920 2750 2973 restituit.
2798 2914 2865 2974 Et
2889 2922 2997 2991 jam
3038 2924 3411 2993 septingente-

1844 3010 2014 3063 simus
2042 3026 2217 3064 annus
2246 3012 2445 3081 agitur.
2471 3012 2566 3066 llis
2586 3013 2809 3079 auditis,
2838 3014 3083 3070 hazrctici
3127 3016 3407 3086 pudefacti

1846 3113 2211 3158 Γουρεδοτιιιιι.

2000 3405 2560 3509 ουίΕδτιο
2651 3408 3040 3501 CXVIII
3120 3390 3238 3500 (ε’).

1841 3550 1947 3607 Cur
1986 3551 2218 3606 Satanas
2248 3555 2301 3606 in
2339 3553 2487 3605 nulla
2539 3553 2649 3605 alia
2690 3553 3009 3620 professione
3062 3565 3172 3611 tam
3208 3558 3405 3614 multa:

1920 3626 2135 3676 lia'rescs
2163 3632 2210 3675 et
2240 3624 2525 3676 schismata
2559 3626 2825 3688 excitavit,
2854 3641 3015 3694 quam
3044 3627 3099 3679 in
3127 3627 3233 3695 [ide
3262 3632 3402 3683 clari-

1907 3696 2085 3747 stiauu
2105 3696 2129 3745 1’

2420 3808 2817 3863 RESPONSIO.

1908 3905 2046 3971 Quia
2097 3920 2286 3960 omnes
2325 3916 2485 3961 secta:
2517 3908 2761 3976 gentium
2800 3909 3076 3979 baptismo
3111 3909 3402 3966 destituta-

1844 4014 1964 4051 rum
2030 3999 2247 4051 diabolo
2311 4008 2475 4068 graue
2518 4009 2647 4053 sunt
2701 4010 2756 4054 et
2815 4009 3075 4070 acceptze.
3128 4000 3401 4067 Quocirca

1840 4095 2105 4146 adversus
2184 4093 2303 4147 illas
2382 4110 2625 4164 pugnare
2696 4095 3043 4164 supersedet.
3110 4096 3167 4150 In
3228 4096 3399 4151 solam

1838 4184 2038 4240 Christi
2096 4183 2296 4247 ﬁdem,
2350 4201 2450 4238 ceu
2503 4186 2605 4239 sibi
2670 4186 2974 4255 oppositam
3026 4196 3081 4241 et
3145 4187 3405 4243 adversa-

1844 4279 1978 4332 riam
2023 4279 2238 4347 sibique
2287 4294 2428 4349 satpe
2469 4280 2863 4344 dominantem,
2899 4281 3109 4349 spicula
3141 4297 3239 4336 sua
3265 4282 3404 4336 diri-

1839 4370 1934 4440 git.
1974 4372 2105 4425 Rem
2130 4371 2203 4424 ita
2236 4387 2293 4424 se
2325 4371 2550 4435 habere,
2575 4372 2661 4426 vel
2698 4372 2824 4425 inde
2855 4372 3053 4427 disces.
3090 4374 3230 4427 Ante
3245 4373 3404 4429 Chri-

1839 4463 1907 4516 sti
1946 4463 2242 4517 adventum
2287 4478 2394 4516 non
2438 4474 2557 4517 erat
2610 4480 2745 4533 gens
2791 4480 2912 4532 qua:
2944 4464 3114 4519 Deum
3170 4466 3401 4527 coleret,

184 4536 429 4607 Ἰσραήλ.
466 4537 580 4590 Ούκ
617 4539 836 4608 ῐσχυσεν
874 4542 903 4593 ὁ
941 4543 1184 4608 Σατανᾶς
1219 4545 1347 4601 ἄλλο
1384 4548 1537 4615 ἔθνος
1581 4553 1738 4605 πολε-
1766 4573 1843 4629 θη

1766 4573 1813 4629 ι)
1842 4557 2086 4625 exceptis
2133 4556 2417 4611 lsraelitis.
2469 4556 2610 4610 llinc.
2652 4557 3014 4611 Caeodmmon
3079 4574 3190 4611 non
3221 4560 3405 4627 potuit

173 4624 348 4694 μῆσαί
380 4642 531 4690 ποτε,
579 4628 627 4679 εί
656 4629 731 4699 μὴ
769 4630 921 4684 αὐτό.
959 4633 1121 4687 Ὅθεν
1156 4637 1252 4688 καὶ
1280 4639 1337 4691 at
1372 4640 1540 4707 φυλαὶ
1563 4642 1740 4714 διῃρέ-

171 4722 369 4785 θησαν,
406 4719 548 4789 καὶὴ
583 4718 833 4789 βασιλεία
855 4724 1051 4793 αὐτῶν,
1094 4729 1188 4779 καὶ
1216 4729 1477 4795 πολλάκις
1513 4734 1741 4799 ἑαυτοὺς

171 4810 548 4880 ἐπολέμησαν,
609 4814 705 4866 καὶ
777 4816 976 4886 μυρίας
1044 4818 1280 4885 πίστεις,
1348 4824 1442 4875 καὶ
1501 4826 1742 4896 αἱρέσεις

171 4902 498 4971 κέκτηνται,
532 4904 628 4956 καὶ
677 4905 788 4958 εἴθε
840 4917 862 4944 ι
903 4909 1006 4962 κᾶν
1042 4912 1170 4982 περὶ
1204 4913 1342 4967 Θεοῦ
1382 4916 1654 4986 ἐμάχοντο
1683 4921 1742 4971 έν

170 4995 296 5056 ταῖς
326 4994 593 5063 αἱρέσεσι,
634 4998 729 5052 καὶ
771 5000 832 5051 ἐν
875 5003 990 5065 τοῖς
1029 5003 1322 5075 σχίσμασιν
1362 5009 1562 5076 αὐτῶν,
1607 5011 1743 5065 άλλά

171 5086 307 5155 περὶ
347 5085 605 5154 εἰδώλων,
643 5089 825 5155 καθὼς
866 5092 1014 5147 ἐστιν
1060 5097 1125 5149 ὲκ
1155 5098 1266 5151 τῶν
1286 5099 1600 5170 Βασιλειῶν,
1647 5106 1742 5159 καὶ

173 5176 239 5229 ἐκ
264 5174 377 5227 τῶν
406 5179 700 5247 προφητῶν
726 5181 936 5250 μαθεῖν.
968 5183 1131 5253 Λέγει
1155 5182 1247 5241 οῦν
1272 5191 1301 5242 ό
1340 5190 1627 5263 Ἱερεμίας,
1658 5197 1740 5250 ὅτι

180 5288 199 5321 ι
218 5270 362 5323 κατὰ
396 5270 486 5324 τὸν
520 5272 754 5344 ἀριθμὸν
773 5275 883 5327 τῶν
912 5277 1119 5333 πόλεων
1160 5280 1376 5355 Ἰσραὴλ
1418 5285 1661 5358 ὑπῆρχον
1691 5291 1740 5342 οἱ

173 5361 290 5417 θεοὶ
335 5363 518 5418 αὐτῶν
557 5385 577 5417 ι
611 5367 702 5420 καὶ
738 5369 795 5420 αἱ
827 5371 1068 5441 αἱρέσεις
1098 5375 1200 5446 τῆς
1235 5380 1470 5448 ματαίας
1506 5382 1741 5449 πίστεως

247 5505 310 5538 ⁸⁸⁸
340 5504 547 5562 Jerem.
583 5524 643 5573 II,
669 5508 739 5564 28
762 5527 778 5575 ;
805 5527 880 5577 xI,
907 5513 991 5568 l5.

1842 4650 1985 4704 bella
2033 4665 2273 4714 movere,
2334 4650 2439 4703 nisi
2491 4649 2546 4703 in
2598 4649 2753 4704 istos.
2798 4650 2872 4704 Ea
2918 4651 2986 4704 de
3014 4666 3179 4706 causa
3226 4653 3405 4709 tribus

1842 4742 2060 4797 illorum
2115 4743 2339 4807 divisas,
2395 4759 2621 4813 regnum
2657 4744 2908 4807 scissum,
2971 4744 3228 4814 ipsosque
3260 4759 3406 4813 σερε

1842 4836 2046 4890 mutuis
2068 4836 2227 4891 bellis
2256 4837 2495 4899 attritos,
2531 4845 2589 4890 et
2622 4836 2674 4889 in
2702 4837 2881 4890 varias
2910 4846 3089 4891 sectas
3130 4852 3195 4892 ac
3224 4837 3406 4893 haere-

1843 4944 1930 4983 ses
1957 4928 2226 4984 dissectos
2249 4929 2525 4984 novimus.
2564 4928 2752 4998 Neque
2778 4944 2881 4998 pro
2939 4930 3048 4983 Deo
3089 4938 3408 5001 pugnarunt

1847 5023 1902 5077 in
1924 5022 2039 5077 suis
2062 5022 2361 5078 haeresibus
2396 5030 2454 5076 et
2494 5022 2825 5086 schismatis,
2857 5022 2951 5077 sed
2984 5038 3085 5090 pro
3128 5022 3311 5088 idolis,
3346 5033 3411 5079 ut

1847 5121 2076 5181 apparet
2100 5111 2331 5166 exlibris
2356 5113 2588 5181 Regum,
2611 5122 2666 5168 et
2690 5128 2758 5168 ex
2781 5114 3084 5183 praphetis,
3107 5130 3177 5169 ex
3203 5115 3411 5183 quibus

1845 5204 2108 5260 Jeremias
2164 5205 2263 5268 ait,
2333 5224 2351 5256 ι
2393 5204 2697 5260 secundum
2756 5192 3048 5259 numerum
3115 5204 3406 5259 civitatum

1846 5297 2009 5352 Israel
2034 5298 2424 5368 multiplicatos
2451 5313 2572 5353 esse
2596 5296 2729 5353 deos
2748 5312 2942 5352 eorum
2968 5299 3055 5363 "',
3077 5317 3096 5349 ι
3130 5313 3411 5368 vanasque

1846 5391 2083 5445 haereses
2116 5399 2174 5446 et
2199 5390 2515 5445 schismata.
2573 5389 2872 5460 Propterea
2916 5398 2979 5445 ut
3029 5404 3201 5456 nunc,
3240 5389 3317 5445 ita
3354 5398 3413 5445 et

1436 5619 1663 5678 VABldz.
1700 5622 1989 5682 LECTION
1998 5625 2099 5683 ES.

1636 5763 1868 5823 NOTAE.

250 5682 274 5712 ι
296 5672 431 5745 Leg.
460 5674 555 5729 καὶ
580 5674 723 5730 οὔτε.

234 5836 322 5911 (2)
349 5836 557 5905 Quaest.
586 5840 657 5897 45
683 5840 752 5898 ad
774 5841 1031 5901 Antioch.
