4200 6440
144 457 245 515 ττι
1510 438 2020 514 ΟΗᾹΞΞΤΙΟΝΕΞ.

3277 440 3381 505 778

139 587 333 621 πτουσι
373 570 475 636 τὴν
506 568 691 634 γονὴν,
736 566 927 633 ὥσπερ
953 565 1042 616 κα⁶ι
1072 564 1163 616 ἐπὶ
1185 563 1294 614 τῶν
1316 560 1603 630 ἑταιρίδων
1630 557 1705 623 γί-

1820 553 1882 608 ad
1910 556 2191 609 lasciviam
2248 556 2524 624 frequenti
2553 559 2706 611 coitu
2744 570 2801 609 se
2834 556 3126 627 alijiciunt,
3169 558 3383 625 genitu.

133 678 321 715 πται·
356 661 637 729 δυσχερῶς
670 659 778 728 γάρ
827 659 1031 709 ἐκεῖναι
1077 655 1566 723 συλλαμϐάνονται.
1621 651 1718 703 Διά

134 755 297 807 τοῦτο
327 750 424 807 οὖν
452 755 731 820 διαφόροις
762 752 945 813 τόποις
970 750 1115 811 τινὲς
1154 747 1400 801 πλούσιοι
1429 746 1522 799 καὶ
1548 744 1715 812 άόρου

130 846 336 901 δίαιτοι
382 845 708 900 ἐπιποθοῦσι
748 844 970 907 τέκνων,
1005 841 1100 895 καὶ
1132 842 1193 893 οὐ
1238 840 1615 908 τυγχάνουσιν.
1653 838 1715 887 tli

135 942 199 993 όὲ
243 942 479 1007 πένητες
537 939 795 997 πολλάκις
833 934 1150 988 πολύτεκνοι
1184 933 1425 1000 γίνονται
1459 944 1473 957 ’
1514 928 1716 995 ἀναξη-

137 1033 443 1101 ραινομένή
486 1030 594 1100 γὰρ
627 1031 659 1097 ή
694 1029 858 1097 φύσις
887 1026 993 1078 ὑπὸ
1027 1024 1127 1093 τῆς
1160 1021 1388 1084 ἐνδείαις.
1423 1021 1611 1088 ὥσπερ
1643 1018 1715 1086 γῆ

132 1123 374 1192 διμηα,
406 1123 607 1183 εὐθέως
630 1121 921 1189 δράσσεται
960 1116 1061 1185 τῆς
1095 1114 1391 1184 ὑγρότητος
1422 1116 1517 1182 τῆς
1549 1128 1715 1163 κατα⁹

143 1213 485 1281 ὃαλλομένης
508 1211 693 1278 γονῆς,
725 1208 865 1261 καθὰ
892 1208 1162 1275 πάσχουσι
1194 1205 1287 1255 καὶ
1311 1198 1473 1261 οῦτοι,
1506 1203 1555 1253 oi
1586 1199 1714 1268 παρ’

143 1306 270 1371 ἡμῖν
320 1303 653 1369 πανάποροι,
689 1301 781 1352 καὶ
821 1298 1048 1366 πτωχοὶ.
1091 1297 1383 1365 ἐρημῖῖαι,
1421 1297 1516 1345 καὶ
1547 1294 1715 1358 Ἀρα-

143 1398 252 1459 ῗες,
288 1397 461 1464 ἄρτου
500 1396 598 1463 μὲν
646 1393 830 1461 σχεδὸν
877 1391 951 1460 μὴ
992 1389 1389 1458 εὐποροῦντες,
1426 1383 1631 1451 πλῆθος
1661 1383 1715 1436 δὲ

142 1491 345 1541 τέκνων
382 1488 507 1541 καθ’
534 1484 839 1556 ὑπερϐολὴν
871 1483 1103 1553 ἔχοντες.
1140 1481 1248 1534 Καὶ
1287 1478 1437 1546 γοῦν,
1466 1476 1539 1541 ὥς
1584 1495 1714 1545 φασι

140 1582 230 1631 καὶ
255 1582 305 1631 οἱ
345 1580 445 1640 tit;
478 1577 729 1646 ἰατρικὰς
758 1575 1068 1643 ἐπιστήμας
1097 1572 1177 1634 εἰς
1208 1571 1379 1640 ἄκρον
1408 1568 1716 1638 ἐξησκημέ-

143 1687 239 1731 νοι,
271 1670 370 1720 καὶ
397 1668 540 1735 γάλα
573 1665 832 1727 πολλάκις
873 1663 1186 1734 εὑρίσκεται
1217 1659 1388 1713 κακοῦ
1416 1661 1591 1730 χυμοῦ
1622 1659 1716 1711 καὶ

141 1764 398 1830 κράσεως
434 1759 745 1829 διαφθεῖρον
769 1758 830 1809 τὸ
859 1758 1068 1826 νήπιον.

198 1855 270 1907 Ἐἰ
292 1854 351 1905 δὲ
386 1853 564 1918 λέγεις
594 1868 703 1919 μοι,
734 1848 1123 1902 ὀδι’ὲναντίον·
1148 1841 1354 1907 Τίοῦν;
1389 1842 1534 1896 ἐστιν
1559 1840 1715 1902 ἐκτὸς

137 1946 271 1998 Θεοῦ
303 1943 737 2010 πολυτεκνῆσαι,
782 1940 815 2009 ἦ
853 1939 1090 2008 ζητῆσαι
1140 1950 1186 1998 ι’,
1222 1938 1256 2007 ἢ
1301 1935 1595 1988 ἀποθανεῖν
1623 1934 1715 1986 άν-

138 2038 393 2107 θρωπον;
463 2035 573 2103 ἐρῶ
619 2050 701 2085 σοι
746 2032 921 2099 κάγὼ,
959 2032 1042 2083 ὃτι
1096 2029 1289 2082 καὶτὰ
1318 2027 1406 2080 διὰ
1450 2026 1560 2078 τῶν
1602 2043 1716 2079 κτι-

139 2126 370 2195 σμάτων
390 2165 404 2189 ,
439 2128 537 2177 καὶ
568 2121 845 2190 στοιχείων
867 2162 880 2184 ,
939 2121 1032 2173 καὶ
1074 2119 1275 2188 ἀέρων,
1306 2119 1401 2169 καὶ
1443 2118 1714 2186 κράσεων,

139 2221 231 2271 καὶ
264 2218 501 2281 ὑδάτων,
542 2221 636 2267 καὶ
689 2215 962 2281 γάλακτος
1018 2210 1263 2278 φυσικῶς
1306 2211 1565 2279 γινόμενα
1590 2252 1604 2272 ,
1653 2209 1716 2261 οὑ

136 2312 306 2380 χωρὶς
335 2308 481 2361 Θεοῦ
508 2307 727 2374 λέγεται
768 2303 1036 2373 γίνεσθαι.
1071 2305 1205 2373 ῌαρ’
1244 2301 1410 2355 αὑτοῦ
1449 2301 1556 2371 γάρ
1589 2301 1717 2353 έλα-

137 2402 229 2454 6ον
260 2400 365 2452 ἀπ’
400 2399 578 2469 ἀρχῆς
618 2397 799 2450 πάντα
826 2396 893 2448 τὰ
922 2395 1199 2464 κτίσματα
1227 2392 1415 2455 αὐτοῦ,
1447 2395 1585 2446 κατὰ
1623 2390 1716 2444 τοῦ

138 2491 309 2546 αὑτοῦ
347 2490 605 2560 βούλησιν
632 2489 725 2542 καὶ
755 2489 1034 2559 πρόνοιαν,
1063 2487 1157 2539 καὶ
1184 2485 1283 2549 τὰς
1317 2485 1592 2546 οὐσιῶδεις
1624 2485 1719 2536 αὐ-

138 2586 247 2636 τῶν
274 2584 376 2636 καὶ
413 2582 652 2652 φυσικὰς
684 2580 989 2650 ἐνεργείας.
1034 2579 1206 2641 Ἐπεὶ,
1236 2579 1422 2639 πόθεν,
1453 2576 1573 2629 εἱπέ
1604 2594 1715 2647 μοι,

139 2678 406 2745 πρόσεστι
442 2674 523 2744 τῷ
549 2674 846 2744 βασιλίσκω
874 2674 908 2740 ἡ
935 2671 1257 2742 ἀναιρετικὴ
1286 2669 1589 2741 δύναμις,ῆ
1626 2671 1718 2723 καὶ

136 2774 199 2839 τῇ
230 2769 423 2839 ἐχίδνῃ
466 2771 496 2820 ὁ
548 2768 925 2836 θανατηφόρος
972 2765 1078 2827 ἰὸς,
1110 2764 1287 2818 ἄλλων
1314 2763 1371 2815 δὲ
1409 2762 1662 2830 ζωῦιρίων
1683 2763 1717 2833 ἠ

140 2863 414 2933 ῖαματικὴ
443 2860 539 2913 τοῦ
565 2859 946 2929 θανατηφόρου
971 2858 1254 2927 ἑνέργεια;
1288 2858 1518 2910 Βοτάναι
1555 2856 1718 2909 θανα-

134 2955 392 3023 τηφόροι,
424 2953 612 3020 ’ἐτεραι
668 2952 724 3003 δὲ
784 2952 1136 3019 καθαρτικαὶ,
1194 2951 1286 3002 καὶ
1317 2949 1592 3013 ἀϐλαϐεῖς,
1626 2950 1719 3003 καὶ

139 3046 458 3114 ἱαματικαί,
492 3043 652 3095 ὐθεν
678 3043 850 3095 ταῦτα
891 3042 985 3094 καὶ
1032 3040 1100 3093 τὰ
1138 3040 1366 3093 τοιαῦτα
1402 3040 1581 3103 καλῶς
1625 3042 1738 3122 καὶ.

136 3137 468 3197 θεοδείκτως
506 3133 1059 3202 ἀναψηλαφήσαντες,
1218 3130 1285 3182 ἄν
1312 3147 1441 3183 ποτε
1468 3125 1605 3183 εἶδόν
1636 3148 1718 3183 τι·

137 3248 220 3291 νες
249 3228 366 3282 τῶν
400 3226 779 3297 προκειμένων
809 3225 993 3285 αὐτοῖς
1023 3224 1224 3291 γονέων
1265 3223 1325 3274 τὸ
1367 3222 1583 3293 πρῶτον
1619 3214 1745 3275 κάλ’

134 3324 394 3389 δεύτερον
426 3320 520 3372 καὶ
550 3319 730 3388 τρίτον
759 3315 948 3369 τέκνον
986 3316 1002 3355 ῐ
1030 3316 1351 3386 θηλάσασαν
1377 3317 1716 3386 τελευτῆσαι,

138 3412 557 3474 συνεϐούλευον,
597 3410 794 3481 μηκέτι
819 3411 990 3480 αὐτὴν
1016 3409 1271 3479 θηλάζειν
1304 3410 1373 3463 τά
1398 3409 1528 3481 παρ’
1545 3409 1719 3479 αὐτῆς

136 3504 465 3572 τικτόμενα.
500 3502 689 3573 Ὅμως
720 3501 813 3553 ἐπὶ
840 3503 1005 3554 πᾶσιν
1035 3501 1198 3554 καλὸν
1230 3503 1291 3555 τὸ
1326 3502 1523 3569 λέγειν·
1563 3519 1581 3551 ι
1629 3501 1717 3565 Ὠς

136 3594 494 3665 ἐμεγαλύνθη
548 3596 614 3647 τά
659 3594 799 3664 ἔργα
830 3610 955 3659 σου,
979 3595 1152 3664 Κύριε
1180 3596 1191 3647 !
1236 3595 1415 3649 πάντα
1448 3597 1505 3648 ἐν
1554 3595 1718 3665 σοφίᾳ

137 3693 429 3757 ἐποίησας.
469 3707 487 3738 ι
786 3744 790 3749 .

214 3784 412 3850 Ὅμως
453 3781 545 3831 καὶ
569 3780 762 3848 ἑτέραν
786 3779 907 3831 τινα
950 3780 1083 3849 πρὸς
1113 3782 1234 3844 ταῖς
1260 3781 1579 3852 εἰρημέναις
1627 3783 1716 3833 ἐν-

141 3876 456 3928 οπόστατον
482 3873 576 3924 καὶ
605 3871 806 3939 ἀψευδῆ
846 3872 1160 3940 παραγάγω
1192 3875 1559 3942 παράστασιν,
1596 3874 1715 3926 πεί-

136 3967 346 4019 θουσαν
371 3965 468 4016 καὶ
491 3964 582 4015 τὸν
603 3963 723 4015 λίαν
744 3963 1067 4030 φιλόνεικον,
1090 3964 1172 4016 ὅτι
1194 3963 1278 4016 διὰ
1306 3964 1411 4017 τῶν
1439 3967 1717 4036 στοιχείων

134 4057 500 4128 ᾠκονόμησεν
531 4057 559 4108 ὀ
588 4056 722 4118 Θεὸς
749 4055 1067 4108 διοικεῖσθαι
1112 4056 1204 4107 καὶ
1239 4054 1643 4123 ζωογονεῖσθαι,
1681 4057 1715 4126 ἢ

136 4165 233 4201 και
264 4146 609 4200 τελειοῦσθαι
642 4146 702 4198 τὸ
742 4146 1008 4217 ἡμέτερον
1052 4147 1211 4218 σῶμα
1236 4166 1251 4181 ’
1280 4150 1423 4219 τάχα
1453 4151 1529 4214 δὲ,
1565 4151 1627 4202 οὐ
1655 4152 1717 4205 τὸ

140 4242 311 4310 σῶμα
348 4240 531 4309 μόνον,
568 4239 704 4292 άλλά
736 4241 831 4291 καὶ
860 4241 1061 4303 αὐτοὺς
1092 4242 1263 4311 ἡμᾶς,
1287 4242 1386 4311 τῆς
1418 4245 1713 4315 ἀσωμάτου

134 4333 324 4403 ψυχῆς
352 4333 453 4392 τὰς
482 4333 726 4400 κινήσεις
784 4330 879 4383 καὶ
929 4332 1026 4393 τάς
1074 4332 1379 4403 ἐνεργείας.
1415 4334 1557 4405 Ὅρα
1583 4337 1713 4409 γάρ,

137 4425 220 4477 ὅτι
279 4421 593 4491 ἀρχομένης
638 4421 737 4489 μὲν
789 4422 888 4489 τῆς
938 4422 1166 4490 ἡμέρας,
1220 4425 1409 4495 ἐπειδὴ
1444 4428 1646 4492 εὐθέως
1682 4432 1715 4500 ή

138 4516 364 4583 κίνησις
397 4513 495 4580 τῆς
539 4512 705 4582 χολῆς
750 4514 965 4580 πρωῖας
995 4513 1174 4567 εἰώθει
1207 4515 1476 4583 γίνεσθαι,
1520 4521 1717 4587 πικρόι-

1820 664 1934 701 ram
1988 665 2099 703 non
2152 651 2536 725 rctinentnnt
2584 661 2643 705 et
2696 650 3084 704 meretricibus
3136 648 3380 713 accidit;

1817 741 2114 796 ditlicnlter
2144 743 2654 811 enimeoneipiunt.
2702 742 3000 812 Propterea
3052 742 3222 798 variis
3246 742 3386 798 locis

1817 833 2063 903 opulenti
2099 834 2322 903 quidam
2355 843 2412 888 et
2440 833 2654 888 deliciis
2672 834 2980 897 aflluentes,
3014 842 3211 904 petunt
3239 833 3380 889 libe-

1818 940 1930 984 rus,
1958 938 2058 976 nec
2100 923 2375 977 obtinent.
2407 922 2686 993 Pauperes
2709 939 2839 977 vero
2878 923 3202 994 frequenter
3234 924 3379 978 mul-

1819 1023 1926 1067 tam
1952 1015 2163 1085 prolem
2186 1025 2479 1069 numerant
2507 1035 2518 1069 :
2548 1028 2748 1070 natura
2786 1018 2932 1071 enim
2974 1018 3046 1072 ob
3079 1027 3380 1089 egestatem

1815 1106 2123 1169 essiecata,
2169 1106 2375 1165 subito.
2435 1107 2607 1161 instar
2659 1115 2821 1161 terra:
2871 1107 3131 1173 sitientis,
3185 1108 3384 1179 arripit

1818 1198 2075 1251 immissa:
2121 1200 2389 1266 genitura:
2432 1196 2842 1250 ltttntiditatetn.
2902 1197 3244 1253 Testimonio
3274 1199 3386 1253 sint

1816 1289 1909 1355 qui
1933 1286 2076 1356 apud
2107 1303 2207 1341 nos
2236 1286 2650 1355 cgentissimam
2680 1287 2844 1340 vitam
2870 1287 3082 1340 ducunt
3121 1288 3382 1353 mendici,

1817 1377 2373 1447 solivagietArabcs,
2399 1376 2604 1446 quibus
2638 1392 2761 1430 cum
2793 1379 2881 1432 vix
2915 1379 3073 1448 panis
3102 1386 3381 1449 suppetat,

1818 1469 2109 1521 innumera
2129 1468 2323 1523 sobole
2346 1469 2646 1536 stipantur.
2682 1468 2835 1537 Same
2868 1471 3033 1524 etiam
3072 1470 3178 1536 lac,
3206 1478 3267 1524 ut
3295 1485 3385 1526 re-

1818 1576 1938 1614 rum
1971 1560 2312 1615 medicarum
2343 1560 2665 1630 peritissimi
2696 1560 2942 1622 tradunt,
2968 1561 3384 1631 perversisucci

1815 1663 1872 1706 et
1901 1654 2323 1725 temperamenti
2352 1654 2535 1723 perdit
2583 1653 2870 1709 infantem.

1887 1835 1944 1890 Si
1994 1835 2348 1889 adversarius
2384 1836 2561 1889 dicat:
2592 1835 2735 1900 Quid
2763 1837 2936 1904 ergo?
2975 1838 3054 1892 An
3092 1846 3249 1893 extra
3284 1838 3381 1895 Dei

1814 1929 2069 1984 notitiam
2093 1936 2179 1982 est
2202 1935 2263 1981 ut
2296 1928 2462 1981 homo
2494 1927 2748 1998 pluribus
2795 1928 2985 1982 liberis
3008 1928 3272 1995 abundet,
3307 1932 3388 1987 vi-

1816 2032 1929 2086 vat,
1984 2020 2292 2075 moriatur?
2336 2018 2705 2089 respondebo,
2756 2035 2822 2074 ea
2869 2035 2990 2089 qua:
3039 2036 3139 2091 per
3170 2032 3388 2076 creatu-

1819 2130 1932 2179 ras,
1961 2114 2256 2174 elementa,
2292 2126 2498 2174 aerem,
2534 2120 2988 2180 temperamenta,
3017 2126 3190 2181 aquas
3217 2122 3274 2168 et
3301 2113 3388 2168 lac

1819 2203 2147 2258 naturaliter
2186 2202 2347 2266 fiunt,
2372 2202 2519 2255 haud
2555 2202 2762 2270 absque
2804 2212 2942 2255 nutu
2980 2202 3075 2256 Dei
3107 2201 3281 2269 eﬂici;
3316 2204 3388 2259 ab

1819 2295 1940 2366 ipso
1966 2296 2115 2348 enim
2141 2293 2327 2348 statim
2357 2309 2387 2347 a
2409 2293 2589 2363 primo
2615 2302 2743 2347 ortu
2760 2308 2954 2348 omnes
2976 2275 3262 2361 creaturae,
3295 2310 3387 2351 se-

1819 2386 2061 2441 cundum
2088 2388 2433 2440 voluntatem
2464 2394 2520 2440 et
2550 2384 2957 2456 providentiam
2989 2386 3133 2458 ejus,
3153 2397 3386 2443 natura-

1823 2481 1904 2534 les
1932 2489 1990 2533 et
2022 2479 2091 2532 ab
2126 2478 2367 2533 essentia
2391 2477 2624 2533 fluentes
2639 2477 2885 2532 actiones
2906 2488 3265 2548 acceperunt.
3290 2479 3389 2535 Dic

1818 2571 1979 2633 mihi,
2007 2570 2155 2624 unde
2206 2571 2350 2623 inest
2374 2568 2630 2622 basiliseo
2671 2569 2757 2622 vis
2803 2568 3179 2635 interimendi,
3206 2580 3263 2625 et
3308 2571 3389 2626 vi-

1838 2678 1964 2717 iene
1985 2661 2332 2716 mortiferum
2366 2676 2664 2724 venenum,
2695 2660 2820 2715 aliis
2866 2675 3002 2715 vero
3029 2662 3386 2725 animalculis

1819 2752 2053 2805 facultas
2120 2750 2431 2815 medendi,
2502 2759 2561 2805 et
2621 2750 2945 2806 venenifera
3005 2753 3148 2807 mala
3200 2751 3389 2824 depel-

1819 2842 2015 2896 lendi?
2083 2842 2241 2897 Unde
2310 2842 2512 2911 plantae
2581 2851 2638 2896 et
2715 2843 2903 2898 herbae
2961 2843 3083 2899 alia:
3160 2845 3387 2915 quidem

1818 2935 2183 3004 perniciales,
2253 2935 2373 2989 alia:
2441 2935 2722 2999 innoxim,
2795 2935 2864 2989 ad
2930 2936 3271 3006 purgandum
3329 2944 3389 2993 et

1819 3029 2151 3082 medendum
2187 3030 2367 3099 ιιι)ιωῖ
2399 3027 2523 3085 Hth
2550 3038 2608 3083 et
2637 3031 2727 3085 his
2748 3030 2949 3085 similia
2976 3040 3265 3102 postquam
3289 3047 3387 3104 pa-

1819 3133 2004 3177 rentes
2030 3123 2281 3176 nonnulli
2311 3123 2469 3192 quasi
2508 3123 2776 3178 divinitus
2800 3124 2982 3179 edocti
3034 3124 3387 3180 animadver-

1825 3224 2032 3278 terunt,
2089 3213 2462 3283 videruntque
2492 3214 2746 3284 primam,
2779 3215 3030 3277 alteram,
3055 3216 3387 3287 tertiamque

1820 3307 2031 3374 prolem
2067 3322 2099 3360 a
2152 3320 2211 3360 se
2268 3306 2545 3371 laetatam,
2584 3321 2903 3376 supremum
2947 3307 3095 3378 diem
3154 3308 3384 3375 abiisse,

1818 3408 1978 3454 natos
2013 3414 2080 3452 ex
2126 3414 2183 3452 se
2217 3398 2702 3468 lactaredeineeps
2753 3399 3119 3465 destiterunt,
3172 3400 3387 3455 Nihilo-

1820 3490 2005 3543 minus
2040 3489 2093 3542 in
2133 3490 2220 3544 bis
2247 3490 2509 3544 omnibus
2536 3492 2960 3546 exclamandum
2996 3501 3114 3547 est:
3159 3511 3179 3544 ι
3207 3492 3385 3560 Quam

1820 3582 2167 3653 magnificam
2226 3592 2355 3637 sunt
2419 3598 2588 3653 Opera
2631 3593 2745 3650 tua,
2792 3584 3051 3640 Domine!
3110 3586 3297 3641 omnia
3327 3586 3385 3643 in

1817 3676 2086 3746 sapientia
2106 3675 2284 3729 feciin
2320 3673 2387 3727 “.
2414 3694 2431 3725 ι

1883 3769 2155 3823 Caeterum
2184 3768 2347 3822 aliam
2378 3782 2598 3838 quoque
2627 3769 3012 3837 probationem
3036 3769 3270 3825 solidam
3324 3780 3384 3827 et

1814 3856 2112 3923 efﬁcacem,
2142 3866 2200 3911 ct
2241 3873 2362 3927 quae
2394 3858 2473 3912 vel
2517 3858 2676 3912 valde
2710 3848 3120 3915 eontentiosum
3159 3862 3385 3916 convin-

1820 3957 1931 4014 cat,
1957 3948 2226 4003 adducam
2260 3948 2327 4003 ad
2358 3948 2851 4003 demonstrandum
2889 3950 3113 4008 decreto
3143 3951 3240 4007 Dei
3262 3968 3385 4007 eor-
3414 3936 3423 3959 ³

1818 4058 1920 4112 pus
1944 4051 2192 4096 nostrum
2212 4057 2311 4111 per
2336 4041 2611 4097 elementa
2649 4044 3051 4109 administrari,
3114 4045 3385 4101 vivificari

1816 4142 1872 4188 et
1899 4132 2122 4202 perfici;
2155 4132 2407 4189 fortassis
2431 4142 2616 4188 autem
2648 4151 2757 4189 non
2801 4151 3005 4205 corpus
3031 4139 3231 4202 solum,
3285 4138 3385 4194 sed

1817 4234 1873 4281 et
1923 4242 2022 4280 nos
2078 4225 2246 4295 ipsos,
2299 4234 2357 4281 et
2391 4228 2732 4295 incorporea:
2775 4228 2973 4282 anima:
3018 4228 3291 4284 motiones
3330 4242 3385 4288 et

1818 4318 2063 4371 actiones
2092 4333 2105 4369 :
2135 4316 2363 4371 adverte
2394 4316 2551 4389 421
2585 4316 2771 4371 enim:
2803 4318 2907 4372 sub
2937 4320 3223 4374 exordium
3249 4320 3383 4387 diei,

1820 4408 2043 4478 quando
2076 4409 2255 4463 motio
2287 4409 2414 4463 bilis
2442 4423 2603 4463 mane
2617 4409 2941 4479 contingere
2962 4411 3121 4475 solet,
3144 4414 3389 4470 acriores

1822 4511 1880 4556 et
1911 4501 2358 4557 vehementiores
2388 4516 2599 4555 sumus.
2650 4501 2882 4566 Deinde,
2914 4512 3136 4573 sumpto
3183 4505 3309 4559 cibo
3332 4513 3390 4561 et

137 4624 293 4676 τεροι
325 4605 419 4657 καὶ
446 4604 689 4673 ὀξύτεροι
717 4602 993 4674 ἄνθρωποι
1018 4607 1116 4669 τὰς
1137 4608 1349 4678 πρωῒας
1376 4610 1716 4683 ὐπάρχομεν.

1826 4594 2115 4649 moderato
2138 4594 2292 4658 vino,
2326 4593 2663 4663 pacatiorem
2692 4601 2747 4648 et
2774 4595 3104 4662 quietiorem
3141 4596 3388 4653 animum

139 4692 282 4749 Εἶτα
316 4694 619 4763 γενομένης
674 4694 882 4763 τροφῆς
938 4697 1033 4747 καὶ
1066 4696 1209 4750 οἴνου
1254 4701 1572 4772 συμμέτρου
1627 4722 1725 4774 με.

138 4786 461 4856 ταλήιζιεως,
504 4784 861 4857 ἀγαθωτέραν
895 4789 988 4839 καὶ
1012 4790 1371 4861 ήμερωτέραν
1401 4793 1501 4865 τὴν
1544 4796 1722 4866 ψυχὴν

140 4881 369 4948 ἔχομεν.
403 4878 572 4933 Πάλιν
607 4895 665 4931 τε
693 4880 1103 4950 ὁδοιποροῦντες
1128 4922 1142 4944 ,
1176 4884 1266 4935 καὶ
1298 4886 1600 4950 κοπιῶντες
1628 4890 1722 4943 ἐπὶ

140 4971 310 5031 πολὺ,
340 4968 541 5030 εὐθέως
563 4968 920 5033 ὲξατονοῦσαν
956 4971 1055 5041 τὴν
1088 4971 1268 5042 ψυχὴν
1295 4976 1390 5028 καὶ
1413 4979 1721 5049 χαυνουμέ-

140 5079 242 5128 νην
282 5060 505 5128 ἔχομεν.
545 5061 651 5110 Καὶ
677 5062 805 5111 ποτὲ
855 5061 954 5129 μὲν
992 5062 1211 5133 νύκτωρ
1247 5067 1591 5137 ἡσυχάζοντα
1623 5072 1717 5123 καὶ

140 5154 394 5221 νήφοντα
439 5151 531 5201 τὸν
570 5150 694 5202 νοῦν
733 5153 765 5219 ή
802 5150 999 5221 ἡσυχία
1024 5154 1116 5207 τὸν
1148 5156 1375 5225 θόρυδον
1402 5161 1713 5228 ἐργάζεταιο

142 5243 283 5292 ποτὲ
312 5241 371 5291 δὲ
407 5239 512 5291 ὑπὸ
545 5240 809 5309 θορύϐων,
842 5243 874 5313 ἢ
916 5244 1196 5309 καύσωνος
1227 5265 1372 5313 τινος
1395 5255 1720 5322 συνερχομέ-

139 5349 239 5383 νου
270 5330 367 5382 τοῦ
394 5329 668 5398 σώματος,
700 5331 999 5400 διαχεῖσθαι
1024 5334 1118 5386 καί
1140 5334 1214 5398 ὡς
1235 5337 1523 5408 ἀσώματος
1545 5345 1572 5391 ὀ
1594 5341 1717 5403 νοῦς

144 5423 313 5493 ἡμῶν
362 5423 625 5487 πέφυκεν.
671 5423 887 5492 Ἀμέλει
930 5423 1058 5490 γοῦν
1108 5428 1303 5493 νηπίου
1355 5432 1450 5482 καὶ
1495 5430 1719 5494 ἀτελοῦς

143 5514 303 5573 (mo;
341 5510 435 5564 τοῦ
473 5511 745 5581 σώματος.
782 5516 976 5584 νήπιος
1032 5518 1123 5568 καί
1174 5517 1372 5587 ἀτελὴς
1429 5522 1584 5589 ήμῶν
1630 5524 1724 5575 καὶ

146 5608 346 5675 ἄφρων
389 5607 417 5657 ό
461 5604 585 5665 νοῦς
616 5605 940 5674 καθέστηκε,
1001 5608 1165 5678 μηδὲν
1212 5610 1396 5679 σχεδὶν
1426 5612 1725 5682 διακρίνειν

220 5725 267 5755 ³⁸
296 5725 438 5778 Psal.
471 5739 557 5778 cm
606 5727 692 5780 2t.

1832 4690 2136 4745 induimus.
2165 4688 2300 4744 Cum
2349 4689 2456 4742 iter
2488 4686 2742 4751 facimus,
2778 4688 3064 4757 multoque
3094 4689 3286 4747 labore
3310 4691 3393 4745 fa-

1823 4783 2083 4852 tigamur,
2117 4790 2231 4835 tum
2261 4779 2443 4834 anima
2475 4788 2666 4832 nostra
2711 4778 3017 4849 languescit
3048 4788 3105 4835 et
3132 4780 3386 4846 laxatur;

1820 4885 1875 4930 et
1906 4874 2205 4944 aliquando
2255 4881 2425 4926 noctu
2478 4886 2605 4925 cum
2647 4887 2803 4924 mens
2844 4872 3083 4941 quiescit
3118 4882 3175 4928 et
3223 4874 3388 4943 plane

1822 4966 2009 5020 sobria
2055 4974 2173 5028 est,
2236 4965 2353 5032 ipsa
2411 4963 2569 5032 quies
2641 4963 2939 5016 tumultum
3004 4964 3133 5017 eiet.
3201 4963 3382 5019 Inter-

1826 5060 1957 5114 dum
1999 5074 2030 5112 a
2091 5056 2327 5111 tumultu
2392 5056 2478 5109 vel
2529 5062 2664 5110 astu
2718 5054 2956 5124 quodam
3003 5057 3391 5112 concurrentis

1827 5151 2101 5221 corporis,
2132 5164 2287 5203 mens
2337 5148 2495 5202 velut
2535 5157 2687 5201 extra
2717 5162 2919 5215 corpus
2946 5145 3183 5202 diﬂ'undi
3226 5149 3387 5204 solet.

1830 5245 2022 5313 Igitur,
2044 5240 2267 5309 quando
2291 5253 2493 5307 corpus
2522 5236 2705 5290 adhuc
2746 5234 2996 5289 infantile
3036 5244 3093 5290 et
3127 5237 3392 5306 imperfe:

1829 5347 1977 5391 ctum
2008 5344 2114 5398 est,
2141 5332 2412 5388 infantilis
2435 5330 2645 5393 itidem,
2668 5328 2988 5398 imperfecta
3031 5338 3088 5383 et
3124 5328 3392 5400 insipiens

1832 5444 1987 5482 mens
2008 5437 2193 5480 nostra
2228 5435 2331 5488 est,
2359 5426 2435 5478 ita
2456 5432 2517 5477 ut
2558 5423 2706 5477 nulla
2746 5420 3096 5476 discernendi
3128 5422 3391 5479 facultate

1830 5523 2042 5575 valeat:
2078 5520 2343 5574 membris
2374 5534 2508 5572 vero
2538 5516 2961 5586 augescentibus
3000 5524 3056 5569 et
3087 5516 3390 5571 crescenti-

1834 5615 1955 5678 bus,
2012 5627 2167 5666 tnens
2202 5625 2422 5681 quoque
2488 5616 2673 5662 nostra
2713 5605 3095 5677 progressione
3152 5608 3391 5677 quadam

1425 5805 1653 5863 \‘ARIE
1694 5806 2094 5866 LECTIONES.

285 5866 331 5882 νο

227 5880 248 5906 ε
280 5866 461 5936 ζήσαι.
549 5866 563 5903 ί
608 5866 783 5922 Locus
822 5881 1127 5938 corruptus.

394 5964 670 6023 Parcet.
717 5964 832 6020 (in.
878 5963 1193 6023 LXXXIX.

2920 5959 2996 6020 '25
