4200 6440
135 435 226 500 781

203 551 533 602 ἔθνη-ιλείιιιν
553 552 619 601 ἑιι
652 550 768 601 τῶι·
794 552 926 619 περὶ
958 552 1059 604 τοῦ
1082 553 1251 620 ἁγίων
1278 556 1639 621 [Iret-patec.

216 670 307 719 Ἐν
338 668 453 737 γάρ
484 669 601 729 ταῖς
642 667 990 738 λαμπρότησι
1032 668 1138 721 τῶν
1176 672 1347 738 ἁγίων
1375 670 1569 723 πολλαὶ
1612 688 1710 739 μο-

134 762 216 811 ναί
270 762 379 811 είσι
443 761 594 829 παρὰ
647 762 722 830 τῲ
768 763 975 830 ΙΙατρὶ,
1023 765 1338 824 τουτέστιν,
1387 765 1715 834 ἀξιωμάτων

134 853 417 923 διαφοραί.
461 872 479 903 ι
531 853 617 908 Ὡς
666 856 772 923 γάρ
823 854 998 925 ἀστήρ
1063 856 1293 926 ἀστέρος
1351 857 1599 929 διαφέρει
1657 859 1713 910 ἐν

135 950 287 1020 δόξῃ.
320 950 468 1002 οὕτω
497 951 591 1003 καὶ
620 953 652 1019 ἡ
688 949 985 1012 ἀνάστασις
1025 950 1132 1002 τῶν
1170 951 1399 1021 νεκρῶν.
1438 974 1454 1002 ι
1489 953 1556 1005 Οἱ
1602 951 1711 1004 τοί-

136 1061 230 1094 νυν
285 1042 715 1111 σφραγισθέντες
768 1042 843 1112 τῷ
886 1044 1025 1112 ἁγίῳ
1077 1042 1353 1111 Πνεῦματι
1390 1047 1467 1107 εἰς
1503 1045 1714 1114 ἡμέραν

136 1138 577 1206 απολυτρωσεως
624 1138 719 1187 καὶ¹
770 1137 836 1206 ἥν
885 1137 1076 1188 ἔλαϐον
1133 1138 1386 1207 ἀπαρχὴν
1421 1138 1516 1190 τοῦ
1558 1138 1713 1205 ἁγίου

139 1229 485 1297 Ιινεύματος,
531 1229 800 1299 ἀκεραίαν
852 1231 947 1281 καὶ
999 1228 1299 1297 ἀμώμητον
1350 1232 1715 1295 διασώσαντες

135 1323 493 1387 ἀκούσονται,
523 1342 538 1370 ι
581 1321 680 1385 Εὖ,
716 1322 868 1375 δοῦλε
900 1322 1071 1390 ἀγαθὲ
1101 1324 1193 1376 καὶ
1223 1324 1402 1385 πιστὲ,
1434 1326 1524 1375 ἐπὶ
1562 1324 1715 1392 ὀλίγα

135 1412 197 1485 ἧς
226 1416 445 1478 πιστὸς,
482 1417 573 1469 ἐπὶ
612 1416 821 1469 πολλῶν
851 1433 911 1469 σε
944 1418 1293 1487 καταστήσω.
1330 1436 1349 1468 ι
1400 1418 1628 1487 Ὁμοίως
1658 1419 1716 1471 δὲ

137 1508 234 1561 καὶ
262 1510 312 1560 οι
349 1507 693 1577 λυπήσαντες
717 1508 777 1559 τὸ
806 1508 957 1575 ίίγιον
988 1508 1212 1578 Πνεῦμα
1252 1510 1317 1578 τῇ
1350 1510 1582 1579 πονηρία
1608 1508 1717 1561 τῶν

138 1601 599 1671 ἐπιτηδευμάτων
630 1617 642 1627 ·
679 1600 712 1670 ἢ
750 1600 798 1652 οἱ
828 1600 902 1671 μὴ
932 1602 1368 1671 ὲπεργασάμενοι
1395 1602 1472 1671 τῷ
1493 1602 1715 1666 δοθέντι,

138 1694 617 1764 ἀφαιρεθήσονται
671 1692 699 1743 ὃ
737 1693 1044 1763 εἰλήφασιν,
1078 1696 1157 1755 είς
1189 1694 1409 1763 ἑτέρους
1435 1694 1718 1764 μετατιθε-

141 1788 317 1856 μένης
363 1788 465 1855 τῆς
506 1788 748 1856 χάριτος,
777 1786 810 1855 ἦ
837 1786 980 1838 κατά
1008 1803 1133 1839 τινα
1164 1785 1273 1838 τῶν
1296 1788 1718 1855 εὐαγγελιστῶν,

768 1042 843 1112 τῷ
886 1044 1025 1112 ἁγίῳ
1077 1041 1353 1111 Πνεῦματι

138 1878 232 1927 καὶ
257 1876 806 1945 διχοτομήοήσονται,
835 1875 1137 1938 τουτέστιν,
1171 1876 1720 1949 άπαλλοτριωθήσον-
1753 1914 1795 1973 Β

138 1987 227 2021 ται
278 1967 566 2029 παντελῶς
620 1969 727 2022 άπὸ
781 1969 876 2021 τοῦ
925 1967 1080 2035 ἁγίου
1110 1969 1443 2039 Πνεῦματος.
1470 1968 1584 2023 Νῦν
1622 1970 1720 2037 μὲν

138 2060 248 2129 γάρ
304 2060 403 2112 καὶ
456 2060 533 2129 μὴ
587 2061 958 2129 ἁνακέκραται
1011 2064 1123 2125 τοῖς
1181 2060 1439 2127 άξίοιςκ,
1471 2061 1586 2115 ἀλλ’
1629 2060 1721 2113 οῦν

140 2155 407 2223 παρεῖναι
442 2153 592 2205 δ’)κεί
632 2170 748 2214 πως
781 2154 890 2215 τοῖς
931 2151 1080 2216 ἅπαξ
1106 2151 1587 2222 ἐσφραγισμένοις,
1623 2153 1721 2223 τήν

139 2251 203 2299 ἐκ
245 2247 349 2314 τῆς
393 2247 731 2315 ἐπιστροφῆς
760 2245 1039 2313 σωτηρίαν
1063 2244 1239 2296 αὐτῶν
1264 2244 1551 2314 άναμένον.
1580 2246 1715 2298 Τότε

142 2342 242 2409 μὲν
272 2340 334 2403 ἐξ
363 2338 489 2392 ὃ).ου
516 2338 617 2405 τῆς
650 2337 1037 2409 βεϐηλωσάσης
1068 2335 1233 2390 αὑτοῦ
1278 2337 1378 2408 τὴν
1411 2338 1571 2407 χάριν
1619 2339 1723 2407 ψυ-

139 2434 241 2504 χῆς
266 2431 746 2501 άποτμηθήσεται.

787 2547 889 2599 Ἐν
908 2545 1094 2613 ἀλλφ.

211 2640 532 2710 Λογίζομαι
599 2640 700 2709 τὴν
746 2637 1064 2707 παραϐολὴν
1106 2636 1215 2689 τῶν
1264 2637 1543 2690 ταλάντων
1591 2637 1726 2709 πρὸς

140 2736 335 2788 πᾶσαν
374 2731 515 2785 Θεοῦ
545 2731 755 2801 δωρεὰν
782 2729 1055 2801 εἰρῆσθαι,
1084 2728 1171 2782 ἵνα
1204 2728 1436 2792 ἕκαστος
1462 2728 1531 2799 ἣν
1556 2746 1725 2783 κατα-

142 2828 297 2898 μάθῃ
328 2825 480 2894 ἔχειν
504 2824 669 2894 χάριν
698 2822 852 2895 παρὰ
886 2822 980 2875 τοῦ
1022 2820 1181 2886 Θεοῦ,
1211 2819 1383 2873 ταῦτα
1414 2820 1726 2876 πολλαπλα-

142 2919 313 2987 σιάσῃ
365 2919 448 2978 εἰς
496 2914 759 2985 ἐργασίαν
783 2915 878 2967 καὶ
928 2911 1196 2979 ὠφέλειαν
1219 2910 1480 2965 πλειόνων
1507 2928 1522 2943 ·
1553 2913 1729 2976 οὐδεὶς

140 3012 255 3080 γάρ
282 3010 440 3060 ἐστιν
472 3008 737 3077 ἀμέτοχος
765 3005 866 3074 τῆς
902 3004 996 3057 τοῦ
1028 3003 1163 3055 Θεοῦ
1196 3003 1437 3073 χάριτος.
1471 3004 1673 3073 Διόπερ
1700 3006 1730 3058 ὁ

141 3103 267 3154 οἷαν
293 3101 504 3170 δήποτε
540 3098 698 3169 χάριν
727 3097 864 3150 Θεοῦ
900 3094 1340 3166 παρακατασχὼν
1370 3096 1450 3158 είς
1480 3096 1729 3149 ἀπόλαυ-

143 3211 232 3246 σιν
292 3190 520 3256 ἑαυτοῦ,
554 3192 630 3259 μὴ
683 3188 877 3250 ἄλλους
920 3186 1246 3257 εὐεργετῶν,
1286 3185 1361 3249 ὡς
1404 3184 1622 3256 κρύψας
1671 3188 1733 3242 τὸ

142 3283 422 3337 τάλαντον
454 3278 944 3351 κατακριθήσεται.

511 3402 1043 3491 ΕΡΩΤΗΣΙΣ
1098 3395 1375 3486 ΡΚΘΖ

218 3544 286 3603 Τί
315 3546 496 3600 ἐστιν
514 3547 546 3597 ό
559 3542 888 3612 μαμμωνᾶς
913 3541 1019 3608 τῆς
1041 3537 1300 3601 ἀδικίας,
1331 3538 1405 3590 ὃν
1435 3535 1605 3593 εἶπεν
1632 3543 1664 3592 ὁ

825 3613 1037 3681 Κύριος
1056 3628 1074 3677 ;

759 3727 1147 3781 ΔΠΟΚΡΙΣΙΣ.

223 3823 329 3885 Οὐ,
358 3819 507 3874 καθά
559 3818 844 3889 νομίζουσί
892 3837 1058 3887 τινες,
1093 3823 1159 3875 ὲκ
1200 3822 1311 3878 τῶν
1360 3824 1471 3879 άπὸ
1529 3823 1741 3886 ἀδικίας

151 3912 557 3982 συναγομένων
581 3911 864 3981 ἐπιτρέπει
889 3914 1022 3981 ἡμῖν
1044 3914 1073 3966 ὁ
1110 3913 1315 3987 Κύριος
1351 3918 1528 3969 ποιεῖν
1556 3915 1742 3985 φίλους

150 4008 433 4075 πένητας,
474 4004 561 4054 ἵνα
587 4000 844 4066 δέξωνται
867 4005 1016 4074 ἡμᾶς
1067 4006 1182 4061 ἐκεῖ
1219 4009 1300 4071 είς
1343 4008 1445 4071 τὰς
1489 4008 1743 4073 αίωνίους

153 4099 393 4168 σκηνάς·
435 4096 551 4150 ἀλλ’
585 4097 704 4149 ὅλον
750 4097 840 4149 τδν
878 4097 1035 4161 ἐκτὸς
1060 4099 1161 4167 τῆς
1193 4100 1348 4170 ήμῶν
1381 4099 1568 4172 χρείας
1606 4102 1744 4154 άπο-

162 4190 431 4257 κείμενον
473 4185 723 4249 πλοῦτον,
751 4186 1085 4255 μαμμωνᾶν
1115 4187 1354 4255 ἀδικίας
1386 4188 1646 4243 ἐκάλεσεν
1670 4206 1686 4221 °
1715 4191 1745 4242 ὁ

152 4274 273 4343 γὰρ
323 4269 902 4345 εὐπορῶν-θρεψαμῆ
956 4271 1131 4324 σῶσαι
1183 4274 1278 4326 τὸν
1333 4275 1443 4328 ἀπὸ
1496 4274 1743 4346 λιμοῦ,ἢ

154 4365 386 4433 χρέους,
414 4362 449 4432 ἦ
474 4362 853 4432 αἰχμαλωσίας
881 4363 1279 4433 ἀπολλύμενον,
1309 4367 1402 4418 καὶ
1426 4365 1502 4437 μὴ
1534 4366 1742 4434 σώζων,

154 4451 322 4518 οὗτος
362 4457 391 4508 ὁ
440 4453 646 4518 ἄδικος,
674 4454 767 4507 καὶ
819 4458 1109 4525 φονευτής,
1161 4458 1256 4511 καὶ
1301 4457 1547 4525 δικαίως,
1581 4476 1748 4513 κατα-

157 4547 516 4617 κριθήσεται.

574 4688 1102 4775 ΕΡΩΤΗΣΙΣ
1176 4689 1368 4775 ΡΛ¹.

156 4829 321 4885 Ποῑά
368 4830 489 4882 εἱσι
540 4828 610 4881 τὰ
644 4828 715 4879 ἐν
753 4826 992 4896 γνώσει,
1045 4826 1146 4879 καὶ
1201 4826 1343 4879 ποῖά
1392 4830 1511 4879 εἱσι
1566 4825 1636 4878 τὰ
1678 4827 1747 4876 ἐν

230 4902 462 4969 ἀγνοίᾳ
514 4896 987 4966 ἁμαρτημάτων,
1045 4898 1142 4949 καὶ
1200 4898 1340 4950 ποία
1392 4899 1579 4950 ποίων
1626 4898 1744 4948 εἰσὶ

224 4970 547 5037 ,ϐαρύτερα
571 4985 587 5031 ;

782 5079 1171 5134 ΑΠΟΚΡΙΣΙΣ.

235 5173 331 5227 Τὰ
378 5173 477 5243 μὲν
534 5172 592 5223 ἐν
648 5169 846 5236 γνώσει
899 5170 1061 5233 εἰσὶν,
1090 5170 1187 5222 ὅσα
1227 5169 1291 5220 τὸ
1332 5169 1463 5221 ἴδιον
1516 5168 1755 5230 συνειδὸς

158 5266 394 5333 ἐλέγχει
430 5278 521 5325 σε,
542 5261 625 5313 ὅτι
668 5258 855 5321 κακῶς
902 5258 1164 5328 πράττεις
1197 5274 1209 5287 ’
1242 5256 1312 5309 τὰ
1343 5256 1400 5309 δὲ
1449 5258 1507 5308 ὲν
1540 5256 1754 5326 ἀγνοίᾳ,

158 5359 273 5410 ὅσα.
317 5352 579 5423 νομίζεις,
618 5352 698 5401 ὅτι
761 5350 940 5411 καλῶς
1000 5353 1300 5417 πράττεις,
1332 5347 1543 5418 πονηρά
1603 5349 1752 5401 ὄντα.

236 5476 287 5509 ³⁷
322 5473 456 5542 Cap.
509 5472 594 5523 16.
672 5469 717 5498 ⁸⁸
750 5469 906 5522 Joan.
947 5485 1052 5542 λιν,
1092 5470 1147 5522 τὶ.

161 5548 261 5604 ὅθ.
349 5539 613 5596 ⁵³]Ιοιι1ι.
644 5556 765 5601 xxv,
792 5542 871 5593 18.
950 5541 989 5568 ’τ’
1025 5540 1157 5592 Luc.
1193 5556 1281 5599 xu,
1317 5539 1402 5591 ξιξ,

1492 445 1885 513 QUgESTIOX
1898 447 1998 504 ES.

1223 5469 1265 5500 ’δί’
1298 5471 1314 5522 l
1342 5471 1469 5521 (ζον.
1501 5486 1585 5528 xv,
1616 5470 1705 5530 1H,
1734 5470 1817 5523 42.
1896 5472 1937 5500 '°
1967 5472 2123 5524 item.
2151 5489 2258 5535 un,
2295 5474 2383 5527 :35.

1480 5539 1523 5568 '°
1552 5540 1684 5592 an.
1714 5556 1815 5603 λιι,
1843 5542 1892 5593 9.

3273 455 3379 520 782

1956 556 2135 610 Sancti
2184 557 2367 611 Basilii
2395 576 2457 611 tu:
2494 560 2625 612 libro
2650 563 2712 613 de
2742 560 2943 632 Spiritu
2964 572 3149 617 sancto
3171 566 3235 618 "'.

1890 671 1946 723 In
1965 670 2351 739 splentloribns
2374 682 2687 726 sanctorum
2717 676 2897 728 multa:
2918 678 3233 732 mansiones
3258 689 3390 733 sunt

1818 759 1963 830 apud
1981 759 2195 814 Patrem
2213 763 2277 824 ⁸⁸,
2305 763 2409 816 hoc
2429 773 2533 827 est,
2552 764 2876 819 dillcrentia:
2896 766 3242 835 dignitatum.
3270 786 3289 818 ι
3320 768 3391 825 Ut

1824 852 1973 905 enim
2014 853 2171 906 stella
2203 854 2388 908 diilcrt
2414 874 2442 908 a
2474 858 2629 911 stella
2655 861 2708 910 in
2739 857 3012 922 claritate,
3034 859 3112 913 sic
3131 869 3186 915 et
3209 876 3391 916 resur-

1825 945 1997 998 rectio
2052 938 2397 999 mortuorum
2428 952 2492 1001 ⁸⁵.
2527 970 2542 998 ι
2580 950 2681 1013 Qui
2732 951 2898 1020 igitur
2948 949 3156 1019 Spiritu
3197 963 3388 1008 saneto

1818 1036 2039 1106 signati,
2062 1037 2334 1113 primitias
2353 1039 2524 1092 sancti
2542 1040 2800 1109 Spiritus,
2820 1057 2959 1111 quas
2974 1052 3303 1112 acceperunt
3320 1045 3388 1107 ⁸ο,

1822 1143 1993 1197 usque
2024 1126 2079 1180 in
2126 1127 2272 1181 diem
2318 1128 2713 1199 redemptionis
2758 1132 2990 1187 intactas
3045 1133 3392 1206 illibatasque

1819 1219 2153 1283 custodiere,
2189 1221 2415 1275 audient
2466 1222 2597 1275 illud
2632 1241 2641 1274 :
2687 1242 2704 1273 (
2746 1224 2914 1293 Euge,
2946 1240 3105 1281 serve
3150 1225 3294 1282 bone
3338 1238 3395 1283 et

1821 1311 2018 1376 ﬁdelis,
2050 1315 2177 1383 quia
2214 1316 2267 1368 in
2296 1330 2466 1384 pauca
2500 1315 2650 1370 fuisti
2676 1315 2876 1379 ﬁdelis,
2906 1334 3071 1388 supra
3121 1320 3290 1375 multa
3342 1330 3394 1376 te

1820 1407 2242 1459 constituam“.
2282 1427 2299 1457 ι
2335 1407 2600 1461 Similiter
2654 1409 2730 1464 illi
2798 1411 2893 1479 qui
2955 1411 3305 1481 improbitate
3337 1421 3396 1469 et

1821 1496 2065 1564 nequitia
2096 1498 2221 1551 vita:
2255 1514 2319 1551 ac
2344 1499 2656 1555 studiorum
2699 1516 2922 1556 suorum
2965 1503 3230 1575 Spiritum
3272 1524 3399 1564 san-

1821 1595 1971 1639 ctum
2020 1589 2513 1654 contristarunt",
2567 1592 2651 1645 vel
2708 1604 2935 1663 accepto
2995 1597 3201 1654 talento
3257 1601 3397 1656 nihil

1822 1674 1962 1729 lucri
2005 1674 2337 1740 iecerunt”,
2374 1679 2411 1732 ii
2438 1696 2504 1735 eo
2539 1682 2686 1753 quod
2730 1695 3058 1755 acceperant
3099 1689 3399 1757 privabun-

1825 1776 1934 1829 tur,
1961 1768 2134 1837 gratia
2154 1768 2220 1823 ad
2254 1770 2393 1826 alios
2427 1774 2708 1853 translata,
2744 1777 2855 1839 vel,
2889 1786 2948 1832 ut
2980 1778 3122 1835 alius
3160 1797 3399 1853 evange-

1823 1858 1947 1912 lista
1970 1858 2237 1927 loquitur,
2266 1860 2320 1914 in
2354 1847 2493 1915 duas
2516 1874 2702 1931 partes
2723 1864 3043 1922 dividentur
3065 1870 3132 1935 “,
3163 1870 3268 1926 hoc
3292 1882 3397 1936 est,

1825 1966 1854 2003 a
1877 1950 2082 2020 Spiritu
2111 1962 2300 2007 sancto
2326 1954 2544 2023 penitus
2565 1958 3044 2015 abalienabantur.
3077 1962 3232 2019 Licet
3250 1965 3398 2019 enim

1826 2060 1975 2098 nunc
1994 2044 2232 2114 indignis
2251 2060 2361 2100 non
2381 2047 2705 2114 misceatur,
2738 2052 2928 2108 adesse
2981 2064 3162 2110 tamen
3186 2055 3403 2111 videtur

1828 2134 1936 2188 illis
1967 2136 2062 2203 qui
2098 2137 2268 2191 semel
2316 2139 2624 2210 consignati
2651 2153 2800 2205 sunt,
2836 2148 3065 2201 salutem
3094 2163 3288 2203 eorum
3335 2164 3405 2204 ex

1828 2226 2192 2282 conversione
2254 2240 2601 2301 exspectans.
2631 2233 2787 2301 Quod
2836 2238 2882 2290 si
2936 2239 3117 2293 anima
3161 2240 3405 2311 Spiritus

1830 2318 2058 2385 gratiam
2080 2322 2301 2390 penitus
2321 2326 2610 2380 conculcet
2631 2343 2695 2381 ac
2728 2329 3003 2397 profanet,
3028 2340 3159 2387 tunc
3174 2334 3404 2388 omnino

1832 2411 1900 2462 ab
1930 2412 2110 2467 anima
2139 2415 2503 2470 resecabitur.

2191 2529 2257 2583 In
2289 2529 2395 2583 alio
2421 2531 2593 2585 codice
2619 2534 2728 2587 ha’c
2757 2536 3046 2592 adduntur.

1900 2617 2158 2671 Arbitror
2180 2620 2496 2688 parabolam
2529 2621 2597 2676 de
2629 2624 2851 2679 talentis
2879 2626 3111 2698 intelligi
3138 2630 3207 2683 de
3255 2633 3409 2687 omni

1833 2708 1979 2764 dono
2028 2702 2152 2775 Dei,
2189 2714 2508 2782 utquilibct
2552 2731 2675 2769 eam
2725 2720 2957 2787 gratiam
3020 2738 3242 2791 quanta
3295 2725 3410 2781 Deo

1833 2802 2022 2867 liabet,
2051 2804 2118 2858 ad
2163 2805 2403 2874 plurium
2465 2807 2758 2864 utilitatem
2815 2813 3146 2883 multiplicet
3177 2833 3192 2882 ;
3223 2818 3412 2874 nullus

1833 2895 1981 2947 enim
2012 2896 2199 2965 gratia:
2223 2898 2320 2953 Dei
2350 2914 2545 2955 exsors
2563 2911 2668 2956 est.
2703 2902 2892 2973 Itaque
2932 2906 3249 2979 quicunque
3277 2927 3409 2981 qua-

1836 2984 2162 3055 lemcunque
2196 2989 2425 3057 gratiam
2451 2990 2505 3043 in
2547 3007 2705 3045 usum
2740 2999 2903 3048 su'um
2928 2998 3162 3067 accepit,
3193 3009 3250 3054 et
3283 3000 3412 3056 inde

1837 3094 1945 3133 non
1983 3088 2229 3135 meretur
2259 3080 2399 3135 bene
2424 3082 2493 3137 de
2520 3084 2664 3149 aliis,
2685 3084 2732 3139 is
2747 3085 2909 3158 423
2932 3090 3411 3158 condemnabitur,

1842 3179 2101 3241 tanquam
2131 3174 2225 3241 qui
2258 3174 2523 3229 talentum
2556 3177 2930 3233 absconderit.

2029 3388 2596 3491 QUJES'I‘IO
2670 3394 3052 3485 CXXIX
3110 3383 3236 3488 (⁸).

1841 3532 1977 3597 Quid
2012 3543 2084 3586 cst
2126 3551 2434 3590 mammona
2465 3538 2781 3608 iniquitatis,
2815 3542 2878 3594 de
2918 3559 3021 3612 quo
3050 3543 3310 3602 Dominus
3327 3551 3415 3603 ⁸⁵1⁵

2429 3710 2827 3767 RESPONSIO.

1911 3800 2052 3864 Non,
2086 3810 2147 3855 ut
2178 3803 2432 3857 nonnulli
2454 3804 2561 3858 sibi
2587 3806 2944 3874 persuadent,
2967 3811 3238 3879 permittit
3257 3812 3410 3870 Chri-

1842 3902 1960 3947 stus
1983 3901 2043 3947 ut
2072 3910 2141 3948 ex
2170 3895 2360 3966 inique
2393 3898 2569 3967 partis
2620 3914 2894 3967 pauperes
2949 3902 3115 3959 nobis
3156 3906 3403 3962 concilie-

1844 4002 1986 4051 mus,
2013 3996 2074 4041 ut
2121 3990 2394 4059 recipiant
2428 4005 2529 4045 nos
2564 3990 2618 4045 in
2646 4002 2851 4048 aeterna
2888 3994 3246 4052 tabernacula
3275 4015 3291 4063 ;
3326 4000 3425 4055 sed

1844 4094 2040 4134 omnes
2098 4080 2222 4134 illas
2277 4080 2506 4135 divitias
2561 4084 2851 4152 repositas,
2873 4101 2995 4156 quae
3054 4097 3308 4144 nostrum
3355 4092 3425 4145 ad

1847 4186 2006 4225 usum
2034 4173 2361 4228 necessaria:
2402 4190 2515 4229 non
2548 4184 2699 4240 sunt,
2734 4194 3099 4233 mammonam
3131 4183 3427 4252 iniquitatis

1847 4263 2155 4318 nominavit
2187 4281 2200 4327 ;
2226 4281 2355 4320 nam
2389 4268 2484 4337 qui
2512 4268 2711 4337 opibus
2733 4271 2966 4326 alterum
3002 4272 3167 4339 fame,
3199 4275 3425 4339 debitis,

1849 4354 1934 4407 vel
1981 4355 2302 4424 captivitate
2353 4358 2659 4425 periturum
2709 4360 2946 4418 liberare
2991 4374 3195 4433 potest,
3232 4376 3427 4423 etnon

1848 4445 2071 4509 liberat,
2099 4446 2146 4501 is
2170 4447 2396 4518 iniquus
2419 4459 2477 4505 et
2504 4452 2783 4508 homicida
2802 4495 2817 4519 ,
2850 4470 2956 4511 nec
2998 4457 3278 4515 immerito
3297 4503 3313 4527 ,
3342 4478 3431 4517 re-

1850 4536 2153 4605 potabitur.

2130 4670 2201 4773 Ο
2229 4670 2700 4761 UESTIO
2775 4674 3147 4764 CXXX.

1856 4817 2049 4883 Qualia
2104 4828 2227 4872 sunt
2279 4828 2491 4899 peccata
2547 4837 2665 4889 qua:
2698 4825 2950 4899 scienter,
2994 4831 3051 4899 ὀι
3108 4828 3433 4899 qualiaque:

1933 4891 2245 4959 ignorauter
2271 4892 2718 4944 committuntur?
2749 4902 2872 4948 utra
2904 4898 3034 4949 utris
3064 4891 3311 4967 graviora
3328 4891 3364 4953 ’2

2442 5075 2839 5133 RESPONSIO.

1928 5168 2157 5221 l’eeeala
2214 5168 2453 5222 scienter
2510 5170 2651 5223 facta
2704 5181 2836 5224 sunt
2890 5172 2981 5225 illa
3038 5189 3162 5243 qua:
3212 5180 3435 5246 propria

1855 5260 2216 5321 conscientia,
2249 5268 2507 5329 tanquam
2553 5262 2693 5316 male
2743 5263 2884 5317 facta
2905 5306 2918 5328 ,
2950 5266 3251 5337 redarguit.
3279 5272 3438 5339 Igno-

1864 5358 2048 5403 ranter
2076 5350 2311 5403 admissa
2335 5361 2633 5406 censentur
2669 5354 2762 5407 illa
2794 5372 2915 5424 qute
2958 5357 3098 5413 bona
3128 5362 3436 5429 existimas,

2462 5476 2503 5505 ‘“
2536 5476 2725 5531 Matth.
2754 5493 2878 5543 xxv,
2900 5480 2987 5533 21.
3063 5482 3108 5511 ⁸⁷³
3132 5482 3335 5553 Epltes.
3366 5504 3437 5553 tv,

1459 5671 1688 5726 γιιιιιίΕ
1728 5670 2131 5728 LECTIONES.

1701 5810 1927 5868 NOTAS.

244 5750 270 5789 ι
314 5746 569 5809 ἀναξίοις.

251 5911 331 5983 (8)
364 5912 483 5968 lkcr
520 5920 745 5981 φαίης
798 5924 907 5973 iam
962 5924 1122 5977 supta
1167 5916 1340 5975 [nostra
1379 5918 1481 5969 est,
1515 5913 1701 5975 quaest.
1749 5908 1830 5961 1‘2.
