4200 6440
126 425 211 485 797
1457 425 1967 496 QUJSSTIONES.

3243 433 3348 490 793

126 555 220 599 10;.
254 541 341 590 καὶ
386 537 558 600 οὕτως
597 539 675 600 εἰς
716 538 921 601 πάντας
941 533 1263 606 ἀνθρώπους
1294 539 1589 609 custom],
1618 542 1674 591 ἐν
1704 552 1746 604 Α
1777 560 1903 614 gere
1937 553 2153 614 oportet
2197 547 2340 615 quod
2393 547 2459 599 ab
2488 545 2747 616 Apostolo
2770 545 2974 600 dictum
3029 557 3153 601 est:
3190 566 3206 596 ι
3240 546 3340 600 Per

1777 560 1903 614 gere
1937 553 2153 614 oportet
2197 547 2340 615 quod
2393 547 2459 599 ab
2488 545 2747 616 Apostolo
2770 545 2974 600 dictum
3029 557 3153 601 est:
3190 566 3206 596 ι
3240 546 3349 600 Per

124 623 160 695 ᾧ
190 630 380 690 πάντες
429 632 700 699 ἥμαρτον,
743 650 758 679 ι
793 633 841 682 εἰ
877 631 952 702 μὴ
991 630 1050 682 ὃν
1094 632 1358 702 τρόπονή
1405 631 1669 699 καθολικὴ

136 723 408 791 Ἐκκλησία
436 725 647 792 ἐνόησε.
693 723 792 776 Διὰ
825 722 984 774 τοῦτο
1012 724 1117 792 γὰρ
1172 725 1265 776 καὶ
1306 726 1353 777 οἱ
1403 726 1592 793 μικροὶ
1620 725 1669 776 οἱ

128 813 272 881 μηδὲν
318 815 737 882 ἁμαρτημάτων
791 818 870 878 εἰς
938 816 1163 877 ἑαυτοὺς
1203 816 1283 867 ἔτι
1325 816 1668 884 πλημμελεῖν

124 906 408 972 δυνάμενοι.
430 908 511 966 εἰς
539 907 733 974 δι’,ςεσιν
747 906 1034 976 ἁμαρτιῶν
1051 905 1267 974 ἀληθῶς
1290 905 1662 973 βαπτίζονται,

130 999 204 1050 ἵνα
239 998 486 1067 καθαρθῇ
521 1000 579 1050 ἐν
607 999 789 1060 αὐτοῖς
824 998 912 1049 διὰ
938 1002 1033 1068 τῆς
1057 998 1498 1064 παλιγγενεσίας,
1533 1000 1670 1069 ὅπερ

129 1090 362 1142 εἵλκυσαν
385 1093 475 1145 διὰ
507 1093 603 1160 τῆς
629 1092 1032 1161 ἀρχαιογονίας.

127 1198 237 1238 vere
267 1184 317 1238 in
343 1196 694 1254 peccatormu
741 1190 1116 1242 remissionem
1150 1186 1500 1256 baptizantur
1542 1203 1554 1238 :

129 1291 220 1343 qua
246 1277 450 1346 origine
475 1285 888 1330 contraxerunt.

451 1403 980 1489 ΕΡΩἹῚΙΣΙΣ
1045 1403 1304 1490 ΡΜΔ’.

135 1543 186 1597 Τί
227 1541 444 1607 δήποτε
485 1543 626 1594 οὔτε
673 1543 940 1664 ags/om,
968 1543 1104 1595 οὒτε
1129 1543 1418 1596 ἐλάττονά
1462 1544 1579 1595 εἰοί
1606 1538 1678 1592 τὰ

745 1611 951 1664 ’ρ’-(κοτέ.
966 1617 1044 1664 lm
1067 1631 1084 1664 :

745 1611 951 1680 ἶν’-(ιςογέ.
966 1617 1044 1665 lm
1067 1631 1084 1676 ,'

712 1725 1098 1779 ΛΙΙΟΚΙῚΣΙΣ.

1780 621 1948 690 unum
1998 638 2275 690 hominem
2329 648 2612 707 peceatum
2655 638 2905 692 introivit
2958 639 3014 691 in
3053 638 3342 703 numdum,

1775 740 1832 784 et
1873 745 1968 798 per
1995 739 2280 799 peccatum
2316 746 2482 792 mors,
2541 740 2595 783 et
2631 732 2709 784 sic
2769 732 2822 784 in
2851 745 3042 783 omnes
3093 731 3345 784 homines

1775 823 2038 890 pervasit,
2073 822 2126 874 in
2163 839 2272 891 quo
2305 838 2494 875 onmes
2523 832 2888 891 peccaverunt
2921 824 2989 884 ",
3025 841 3042 871 ι
3078 821 3344 890 nisiquo-

1777 914 1938 967 modo
1982 915 2252 969 catholica
2326 916 2565 969 Eeciesia
2618 932 2832 984 semper
2900 915 3192 969 intellexit.
3243 914 3348 966 Per

1773 1003 1920 1057 hunc
1980 1007 2124 1059 enim
2161 1005 2282 1060 lidei
2340 1023 2607 1059 eanonem
2661 1006 2894 1058 infantes
2942 1020 3187 1081 quoque,
3250 992 3362 1072 qui,

1773 1096 1983 1150 nullum
2044 1114 2110 1152 ex
2171 1114 2229 1152 se
2285 1108 2568 1168 peccatum
2606 1098 2949 1151 connnittere
3016 1105 3346 1166 potuerunt,

1600 1195 1660 1240 ut
1696 1203 1795 1258 per
1833 1193 2302 1261 regenerationem
2347 1194 2398 1245 in
2427 1192 2509 1245 eis
2540 1193 2834 1245 mundetur
2891 1192 3038 1260 quod
3078 1191 3148 1244 ab
3195 1189 3340 1244 anti-

2050 1398 2608 1504 QUIES'I'IO
2681 1401 3084 1489 CXLIV.

1779 1548 1888 1604 Cur
1917 1563 2008 1601 uec
2038 1548 2196 1617 plura
2235 1563 2329 1600 nec
2358 1549 2609 1618 pauciora
2662 1557 2782 1654 si’mt
2837 1550 3137 1621 Evangelia
3189 1569 3351 1622 qimm

2430 1627 2658 1654 uunlunr
2689 1625 2698 1636 “

2429 1627 2658 1686 quatuor
2689 1625 2700 1670 Ξ

2379 1730 2776 1786 RESPONSIO.

200 1820 408 1887 Ἐπειδὴ
429 1819 674 1889 τέσσαρα
705 1819 940 1888 κλίματα
967 1818 1060 1870 τοῦ
1092 1810 1456 1888 κόσμουςένῷ
1483 1818 1674 1883 ἐσμεν.
1715 1795 1755 1848 Β
1849 1825 1986 1881 Cum
2015 1825 2204 1878 mundi
2243 1826 2296 1878 in
2329 1841 2438 1893 quo
2462 1825 2700 1878 vivimus
2732 1835 2971 1893 quatuor
2999 1823 3167 1896 plagae
3207 1838 3340 1892 smt1

1849 1825 1986 1881 Cum
2015 1825 2204 1878 mundi
2243 1826 2296 1878 in
2329 1841 2438 1893 quo
2462 1825 2700 1878 vivimus
2732 1835 2971 1893 quatuor
2999 1823 3167 1896 plagae
3207 1838 3348 1892 smt,

133 1910 241 1975 είσὶ,
269 1911 358 1964 καὶ
386 1911 633 1980 τέσσαρα
674 1911 938 1964 καθολικὰ
966 1909 1271 1980 πνεύματα,
1295 1909 1676 1979 κατέσπαρται

132 2006 236 2074 δὲή
269 2003 571 2072 Ἐκκλησία
622 2005 711 2056 ἐπὶ
749 2003 932 2072 πάσης
978 2004 1076 2073 τῆς
1105 2003 1230 2072 γῆς,
1265 2003 1454 2064 στύλος
1487 2001 1543 2053 δὲ
1583 2002 1678 2054 καὶ

133 2097 390 2165 στήριγμα
433 2096 762 2166 Ἐκκλησίας
809 2096 868 2146 τὸ
892 2095 1240 2162 Εὖαγγὲλιον,
1275 2095 1370 2147 καὶ
1410 2113 1427 2144 ι
1465 2093 1681 2163 πνεῦμα

133 2186 278 2257 ζωῆς,
303 2209 320 2238 ι
350 2190 581 2250 εἰκότως
608 2189 880 2254 τέσσαρας
898 2189 1062 2257 ἐχρῆν
1087 2188 1309 2250 στύλους
1347 2187 1681 2256 πανταχόθεν

133 2280 369 2342 πνέοντας
393 2281 497 2351 τὴν
531 2279 862 2350 ἀφθαρσίαν,
899 2281 994 2332 καὶ
1025 2279 1516 2348 ἀναζωπυροῦντας
1555 2279 1682 2340 τοὺς

130 2371 451 2440 ἀνθρώπους.
497 2371 588 2436 Ἐξ
638 2365 712 2422 ὧν
770 2372 1027 2442 φανερὸν,
1051 2373 1134 2423 ὅτι
1189 2372 1218 2423 ὁ
1268 2370 1374 2422 τῶν
1429 2371 1682 2422 ἁπάντων

129 2464 352 2532 τεχνίτης
385 2464 580 2532 Λόγος,
615 2485 632 2513 ι
658 2466 684 2516 ὀ
715 2465 1024 2533 καθήμενος
1055 2463 1148 2516 ἐπὶ
1177 2461 1285 2514 τῶν
1318 2461 1618 2531 Χερουϐὶμ,
1657 2480 1674 2512 ι

130 2557 210 2608 καὶ
239 2558 479 2626 συνέχων
512 2557 576 2610 τὶ
609 2559 805 2616 πάντα,
840 2557 1177 2625 φανερωθεὶς
1216 2558 1327 2616 τοῖς
1371 2553 1683 2623 ἀνθρώποις

130 2648 306 2701 ἔδωκεν
336 2653 474 2720 ἡμῖν
524 2651 904 2720 τετράμορφον
968 2649 1027 2700 τὸ
1082 2648 1436 2715 Εὖαγγέλιον,
1489 2645 1567 2698 ἐνὶ
1625 2646 1681 2699 δὲ

129 2739 376 2808 πνεύματι
423 2741 820 2809 συνεχόμενον,
850 2738 1032 2801 καθὼς
1077 2739 1105 2790 ὁ
1149 2737 1314 2790 Δαϐὶδ
1361 2735 1681 2802 αἰτούμενος

130 2831 275 2883 αὐτοῦ
324 2832 424 2902 τὴν
479 2833 791 2902 παρουσίαν
817 2873 830 2894 ,
864 2832 1051 2900 φησὶν,
1089 2848 1106 2880 ι
1156 2830 1213 2882 '0
1239 2829 1547 2898 καθήμενος
1589 2827 1681 2881 ἐπὶ

127 2921 220 2974 τῶν
253 2923 556 2993 Χερουϐὶμ,
594 2922 888 2992 ἐμφᾶνηθι.
933 2941 950 2972 ι
979 2921 1088 2974 Καὶ
1123 2918 1232 2988 γὰρ
1282 2921 1351 2972 τὰ
1401 2916 1682 2988 Χερουϐὶμ

128 3013 548 3084 τετραπρόσωπα
575 3029 588 3042 ·
629 3015 722 3066 καὶ
741 3013 808 3066 τὰ
842 3012 1110 3082 πρὸσωπα
1140 3009 1319 3065 αὐτῶν
1355 3010 1559 3072 εἰκόνες
1582 3008 1680 3076 τῆς

131 3106 492 3176 πραγματείας
523 3105 620 3159 τοῦ
662 3105 786 3158 Υἱοῦ
826 3104 917 3157 τοῦ
951 3104 1106 3156 Θεοῦ.
1145 3105 1217 3156 Τὸ
1250 3104 1346 3174 μὲν
1371 3103 1479 3172 γὰρ
1509 3101 1680 3171 πρόσ-

128 3213 255 3249 ωπον
279 3212 302 3238 ι
321 3198 459 3263 ζῶον
486 3208 512 3246 1
537 3239 552 3261 ,
587 3199 739 3268 φασὶ,
784 3197 980 3254 λέοντι.
1005 3197 1068 3248 τὸ
1120 3196 1437 3265 ἔμπρακτον
1489 3191 1678 3252 αὑτοῦ,

131 3286 212 3339 καὶ
255 3289 588 3359 ἡγεμονικὸν
613 3289 706 3341 καὶ
748 3287 1028 3356 βασιλικὸν
1051 3285 1484 3356 χαρακτηρίξον.
1520 3283 1592 3334 Τὸ
1618 3281 1676 3334 δὲ

131 3377 380 3447 δεύτερον,
413 3381 607 3449 ὅμοιον
643 3380 849 3448 μόσχῳ,
878 3380 978 3448 τὴν
1012 3377 1368 3448 ίερουργικὴν
1397 3377 1491 3428 καὶ
1539 3376 1687 3444 ἱερα-

129 3472 268 3540 τικὴν
302 3471 455 3536 τάξιν
488 3474 773 3542 ἐμφαῖνον.
807 3473 879 3523 Τὸ
903 3471 960 3523 δὲ
1005 3471 1189 3540 τρίτον
1222 3468 1344 3538 ἔχον
1393 3466 1685 3536 πρόσωπον

131 3561 416 3632 ἀνθρώπου,
451 3564 556 3632 τὴν
611 3563 754 3615 κατὰ
804 3562 1088 3631 ἄνθρωπον
1139 3559 1305 3612 αὐτοῦ
1381 3557 1682 3628 παρουσίαν

131 3654 466 3723 φανερώτατα
492 3655 798 3724 δια-γράφον
817 3693 830 3705 .
861 3655 903 3706 Τ
905 3654 933 3705 ὸ
962 3652 1019 3704 δὲ
1041 3651 1300 3721 τέταρτον
1323 3651 1510 3717 ὅμοιον
1541 3646 1684 3716 ἀετῷ

130 3747 388 3817 τατομένῳ
412 3789 427 3810 ,
451 3747 556 3816 τὴν
590 3745 688 3798 τοῦ
727 3745 1039 3812 [Ινεύματος
1088 3743 1180 3795 ἐπὶ
1221 3743 1318 3810 τὴν
1355 3739 1685 3808 Ἐκκλησίαν

131 3838 482 3909 ὲφιπταμένην
512 3837 658 3889 δόσιν
685 3835 996 3905 σαφηνίζον.
1027 3836 1134 3887 Καὶ
1161 3833 1227 3884 τὰ
1266 3830 1570 3898 Εὐαγγὲλια
1592 3825 1686 3882 οῦν

130 3931 314 3993 τούτοις
360 3929 658 3998 σύμφωνα,
697 3930 754 3978 ὲν
805 3922 884 3988 οἷς
919 3925 1278 3992 ὲγκαθέζεται
1328 3924 1579 3992 Χριστός.
1611 3923 1686 3975 Τὸ

135 4022 218 4088 μὲν
246 4022 351 4091 γὰρ
381 4021 530 4074 κατὰ
569 4021 819 4089 Ἰωάννην
860 4019 959 4087 τὴν
992 4018 1098 4068 ἀπ’)
1147 4017 1241 4069 τοῦ
1273 4015 1485 4086 Πατρὸς
1517 4015 1682 4068 αὐτοῦ

133 4115 445 4184 ἡγεμονικὴν
499 4113 596 4165 καὶ
641 4110 850 4174 ἔνδοξον
898 4108 1091 4176 γενεὰν
1143 4109 1444 4178 διηγεῖται,
1479 4107 1635 4174 λέγον
1667 4124 1682 4136 ·

138 4221 155 4253 ι
196 4205 277 4256 Ἐν
315 4207 461 4276 ἀρχῇ
493 4199 564 4272 ἦν
599 4204 626 4255 ὁ
653 4201 845 4268 Λόγος.
886 4220 904 4251 ι
943 4199 1014 4251 Τὸ
1059 4199 1117 4252 δὲ
1145 4200 1287 4251 κατὰ
1327 4200 1572 4261 Λουκᾶν,
1596 4199 1686 4249 ὅτε

136 4297 262 4364 ἱεροῦ
284 4307 306 4334 ²
341 4294 697 4368 χαρακτῆρος
731 4295 997 4363 ὑπάρχον,
1033 4292 1142 4344 ἀπὸ
1166 4292 1258 4344 τοῦ
1294 4292 1561 4361 Ζαχαρίου
1592 4289 1686 4342 τοῦ

135 4387 303 4456 ἱερέως
341 4389 655 4459 θυμιῶντος
701 4385 779 4455 τῷ
807 4384 926 4452 Θεῷ
967 4380 1189 4453 ἤρξατο.
1229 4384 1382 4453 ᾜδει
1425 4382 1534 4452 γὰρ
1558 4422 1573 4446 ,
1606 4383 1689 4435 ὅτι

1782 1929 1838 1974 et
1867 1926 2105 1988 quatuor
2135 1918 2476 1972 universales
2508 1919 2683 1982 venti,
2710 1918 2955 1972 Ecclesia
3004 1929 3187 1973 autem
3245 1921 3353 1973 dif-

1783 2005 2042 2059 fundatur
2070 2024 2163 2074 per
2197 2016 2362 2061 totam
2407 2017 2634 2070 terram,
2670 2009 2829 2076 cujus
2879 2010 3133 2064 colunma
3167 2020 3222 2063 et
3263 2011 3354 2064 ﬁr—

1785 2110 2118 2152 mamentum
2182 2108 2266 2152 est
2326 2100 2776 2168 I‘Ivangelium",
2832 2113 2887 2156 et
2929 2120 2945 2150 ι
3002 2103 3236 2171 Spiritus
3274 2104 3357 2156 vi-

1785 2203 1850 2246 ta:
1878 2193 1982 2256 9";
2012 2213 2028 2240 ι
2070 2193 2264 2244 merito
2296 2200 2534 2259 quatuor
2561 2192 2838 2245 coluninze
2880 2205 3083 2247 erectm
3106 2203 3261 2257 sunt,
3288 2211 3356 2250 ex

1784 2283 1984 2352 quibus
2017 2282 2151 2335 ﬂans
2175 2281 2401 2350 spiritus
2429 2282 2676 2335 homines
2722 2283 3011 2345 rel'orillet,
3048 2293 3103 2336 et
3154 2284 3220 2336 ad
3267 2285 3354 2339 in-

1783 2378 2191 2444 corruptionem
2237 2375 2493 2427 adducat.
2557 2373 2695 2426 lliuc
2743 2374 2938 2441 liquet,
3000 2375 3068 2427 ab
3102 2376 3353 2429 omnium

1785 2470 2069 2524 conditore
2098 2469 2232 2521 Filio
2250 2468 2368 2527 Dei,
2393 2485 2410 2515 ‹
2436 2467 2530 2534 qui
2549 2465 2702 2519 sedet
2727 2483 2892 2534 super
2913 2468 3214 2520 tihcruhim
3234 2468 3302 2530 ⁵³,
3333 2487 3352 2518 ›

1781 2572 1838 2615 ct
1866 2560 2110 2614 continet
2141 2559 2420 2617 universa,
2452 2575 2575 2611 eum
2633 2574 2690 2610 sc
2731 2558 3056 2611 hominibus
3123 2560 3356 2614 manife-

1783 2661 2000 2714 stasset,
2036 2651 2414 2720 quadriforme
2441 2649 2817 2718 livangclium,
2843 2665 2953 2700 uno
2976 2649 3177 2718 spiritu
3201 2665 3341 2702 eom-

1783 2743 2118 2812 preheusmu
2151 2742 2482 2810 processisse
2513 2758 2526 2791 :
2563 2750 2728 2808 prout
2756 2751 2811 2792 et
2843 2740 3015 2793 David
3052 2741 3352 2794 adventum

1782 2833 1988 2887 Christi
2013 2833 2315 2899 elllagitans
2347 2833 2422 2884 ait
2467 2851 2479 2884 :
2518 2853 2535 2882 ι
2570 2831 2670 2898 Qui
2735 2831 2894 2885 sedes
2929 2848 3095 2900 super
3144 2832 3358 2885 Cheru-

1784 2928 1918 2990 bim,
1969 2925 2317 2980 manifestare
2350 2927 2414 2977 ἰ.
2453 2945 2468 2974 ›
2500 2924 2633 2977 Nam
2687 2924 2983 2978 Cherubim
3013 2933 3250 2993 quatuor
3277 2924 3358 2979 fa-

1785 3019 1978 3072 eiebus
2015 3025 2288 3078 constant,
2313 3032 2548 3084 quorum
2586 3013 2754 3068 facies
2788 3031 2971 3066 rerum
3009 3030 3036 3066 a
3063 3013 3199 3066 Filio
3258 3011 3356 3064 Dei

1710 3138 1749 3188 (ς
1787 3109 2148 3178 gerendarum
2201 3108 2465 3174 imagines
2517 3114 2662 3159 sunt.
2709 3105 2889 3158 l'rima
2942 3105 3112 3158 facies
3161 3104 3358 3159 similis

1785 3198 1928 3253 leoni
1955 3201 2022 3262 ’⁵,
2049 3215 2153 3267 qua
2181 3198 2524 3264 significatur
2556 3196 2762 3248 Christi
2830 3195 2882 3247 iu
2944 3195 3153 3264 agendo

1785 3288 2095 3349 ellimcilas,
2121 3287 2424 3338 dominatio
2443 3301 2535 3336 seu
2584 3285 2944 3352 principatus,
2977 3293 3033 3338 et
3065 3285 3212 3352 regia
3262 3300 3359 3352 po-

1789 3389 1976 3436 testas.
2002 3379 2249 3433 Secunda
2279 3379 2446 3430 facies
2473 3378 2667 3431 similis
2694 3378 2868 3430 vitulo
2897 3378 2964 3439 ⁵⁸³,
2987 3393 3093 3446 qua
3150 3378 3360 3432 Christi

1787 3467 2142 3522 sacerdotalis
2171 3466 2577 3534 etpoutitiealis
2631 3465 2869 3533 dignitas
2921 3466 3188 3522 innuitur.
3220 3465 3361 3519 Ter-

1790 3559 1882 3619 tia,
1912 3556 2080 3610 facies
2107 3555 2348 3609 hominis
2377 3556 2448 3617 ’7,
2489 3572 2609 3624 qua:
2651 3556 2998 3624 pr:esculiam
3057 3556 3266 3610 Christi
3305 3557 3359 3610 in

1791 3649 2030 3703 hmnana
2065 3664 2230 3702 carne
2279 3648 2568 3700 evidenter
2624 3650 2882 3701 uelieeat.
2917 3649 3119 3713 Quarta
3171 3649 3360 3709 facies,

1787 3741 1985 3796 similis
2033 3741 2230 3810 aquila:
2277 3741 2482 3794 volanti
2531 3741 2598 3798 93.
2636 3741 2844 3795 indicat
2909 3741 3150 3810 Spiritus
3186 3741 3361 3796 sancti

1787 3845 1954 3899 super
2019 3829 2320 3884 Ecclesiam
2366 3830 2604 3883 volantis
2659 3832 2886 3882 donum.
2945 3831 3013 3886 Et
3068 3832 3361 3902 Evangelia

1787 3919 2032 3988 quidem,
2075 3920 2127 3973 in
2162 3920 2366 3988 quibus
2391 3919 2650 3974 Christus
2707 3920 2932 3982 residet,
2984 3920 3070 3974 his
3119 3936 3361 3975 consona

1789 4017 1918 4062 sunt
1956 4027 1968 4060 :
2003 4023 2129 4061 nam
2158 4008 2293 4062 illud
2328 4009 2632 4063 secundum
2674 4009 2965 4074 Joannem,
2998 4011 3360 4080 principalem

1789 4099 1935 4153 illam
1967 4107 2022 4152 et
2049 4099 2342 4168 gloriosam
2392 4098 2804 4167 generationem
2861 4114 2930 4151 ex
2963 4099 3124 4152 l’atre
3188 4114 3362 4167 expo-

1790 4192 1872 4246 nit
1899 4209 1912 4243 :
1945 4213 1962 4242 ‹
1986 4191 2043 4244 In
2070 4189 2343 4260 principio
2369 4198 2490 4243 erat
2510 4190 2757 4243 Verbum
2792 4192 2859 4243 "9.
2892 4211 2909 4240 ι
2945 4191 3082 4244 Illud
3111 4206 3244 4243 vero
3273 4205 3362 4244 se-

1791 4283 2033 4338 cundmn
2076 4281 2302 4345 Lucam,
2341 4292 2601 4350 tanquam
2656 4282 3015 4336 sacerdotalis
3075 4282 3303 4346 ordinis,
3330 4299 3360 4336 a

1791 4373 2051 4428 Zacharia
2085 4372 2370 4426 sacerdote
2415 4373 2701 4425 incensum
2747 4373 2854 4426 Deo
2923 4373 3178 4427 adolcutc
3215 4375 3228 4404 '
3276 4374 3363 4427 in-

136 4484 355 4545 σιτευτὸς
381 4480 741 4550 ἐτοιμάζεται
767 4478 966 4548 μόσχος
1003 4477 1143 4545 ὑπὲρ
1173 4477 1271 4546 τῆς
1298 4477 1636 4548 ἀνευρέσεως
1657 4490 1681 4517 a
1721 4485 1762 4539 ι)
1791 4467 2043 4520 ehoatur.
2074 4465 2298 4519 Sciebat
2334 4464 2484 4518 enim
2519 4464 2754 4516 vitulum
2788 4465 3092 4533 saginatum
3153 4480 3340 4534 prmpa-

1791 4467 2043 4520 choatur.
2074 4465 2298 4519 Sciebat
2334 4464 2484 4518 enim
2519 4464 2754 4516 vitulum
2788 4465 3092 4533 saginatum
3153 4480 3361 4534 prmpa-

133 4573 211 4625 τοῦ
244 4577 508 4645 νεωτέρου
553 4572 742 4635 παιδὸς
778 4571 986 4641 μέλλων
1043 4570 1285 4623 θύεσθαι.
1320 4571 1362 4620 Τ
1365 4570 1392 4622 ὸ
1447 4571 1503 4623 δὲ
1537 4570 1680 4623 κατὰ

136 4664 387 4718 Ματθαῖον
455 4664 559 4734 τὴν
653 4662 795 4715 κατὰ
857 4660 1145 4730 ἄνθρωπον
1207 4659 1369 4712 αὑτοῦ
1429 4662 1687 4730 γέννησιν

138 4757 371 4826 κηρύττει
397 4756 561 4825 λέγον
592 4771 608 4786 ⁸
653 4773 670 4806 ι
705 4755 893 4814 Βίϐλος
923 4753 1188 4820 γενέσεως
1224 4751 1398 4821 Ἰησοῦ
1427 4751 1686 4821 Χριστοῦ,

139 4844 238 4896 υἱοῦ
283 4845 462 4910 sum,
506 4843 625 4896 υἱοῦ
669 4843 934 4912 Ἀϐραάμ.
970 4863 988 4893 ι
1015 4841 1089 4893 τι
1137 4841 1192 4893 δε
1242 4843 1381 4894 κατὰ
1440 4843 1686 4910 Μάρκον,

137 4936 230 4987 ἀπὸ
277 4937 368 4989 τοῦ
425 4934 775 5007 προφητικοῦ
835 4933 1185 5003 πνεύματος,
1239 4931 1333 4983 τοῦ
1383 4932 1442 4998 ἐξ
1522 4931 1691 5001 ῦψους

138 5027 357 5092 ἐπιόντος
389 5031 506 5091 τοῖς
547 5025 857 5096 ἀνθρώποις
897 5025 996 5094 τὴν
1034 5024 1211 5093 ἀρχὴν
1257 5025 1570 5093 ἐποιήσατο,
1598 5024 1689 5075 λέ-

138 5137 218 5187 γον
243 5137 257 5152 ·
288 5140 307 5172 ι
354 5122 526 5192 Ἀρχὴ
564 5119 660 5172 τοῦ
707 5117 1035 5185 Εὑαγγελίου
1082 5115 1254 5187 Ἰησοῦ
1320 5117 1579 5186 Χριστοῦ,
1614 5115 1691 5177 ὡς

138 5213 423 5283 γέγραπται
461 5216 523 5265 ὲν
565 5211 741 5279 Ἰσαῖα
765 5210 843 5278 τῷ
872 5210 1150 5280 προφήτῃ.
1186 5228 1204 5260 ι
1241 5210 1350 5262 Καὶ
1376 5211 1538 5272 αὐτὸς
1563 5209 1621 5262 δὲ
1653 5211 1681 5262 ὁ

140 5306 288 5372 Λόγος
313 5305 405 5358 τοῦ
434 5303 577 5357 Θεοῦ
631 5305 742 5364 τοῖς
785 5302 881 5372 μὲν
931 5301 1038 5371 πρὸ
1075 5301 1352 5364 Μωῦσὲως
1408 5301 1690 5368 πατριάρ-

140 5412 266 5463 χαις,
297 5399 437 5450 κατὰ
467 5395 531 5448 τὸ
570 5393 756 5446 θεῖκῦν
788 5393 882 5445 καὶ
911 5391 1121 5456 ἔνδοξον
1177 5392 1356 5459 ὁμιλεῖ
1387 5392 1413 5430 b
1436 5406 1448 5419 ·
1478 5393 1590 5454 τοῖς
1631 5391 1689 5444 δὲ

203 5531 240 5561 ³¹
273 5530 426 5584 Rem.
461 5547 514 5591 ν,
563 5528 645 5582 12.
721 5526 956 5580 ”ΙῚ’Ῑιη.
984 5541 1061 5586 ru,
1100 5524 1183 5577 l3.

1261 5528 1327 5557 "‘
1365 5524 1562 5577 Ezech.
1606 5540 1644 5585 ι,
1683 5522 1770 5576 9.0.

147 5617 178 5662 ι,
214 5600 289 5654 ιο.
355 5603 402 5633 ’⁸
443 5590 584 5655 ibid.
660 5598 705 5629 ’⁷
748 5597 881 5651 ibid.
957 5599 1003 5628 ³⁸
1043 5596 1174 5650 ibid.
1250 5595 1294 5626 ⁸⁸
1331 5594 1487 5648 Joan.
1531 5610 1568 5657 ι,
1610 5595 1660 5646 l.
1741 5593 1756 5622 ⁸
1797 5590 1928 5644 Luc.
1966 5605 2004 5651 ι,
2044 5590 2094 5643 5.
2169 5590 2190 5618 ⁸
2233 5590 2418 5642 Matth.
2464 5605 2501 5652 ι,
2545 5599 2593 5644 ·ι.
2671 5592 2691 5622 ³
2731 5591 2894 5644 M‘arc.
2941 5607 2978 5654 ι,
3029 5590 3078 5656 l,
3119 5590 3176 5642 2.

1797 5590 1928 5644 Luc.
1966 5605 2004 5651 ι,
2044 5590 2094 5643 5.

1786 4558 1916 4621 rari,
1941 4572 2105 4626 quem
2128 4557 2200 4609 ob
2233 4557 2516 4610 inventum
2564 4559 2846 4626 juniorem
2890 4558 3060 4610 tilium
3110 4558 3353 4613 immola-

1785 4650 1894 4704 turi
1935 4656 2110 4702 erant.
2142 4649 2498 4714 Evangelium
2531 4649 2838 4703 secundum
2891 4649 3206 4702 Mattlueum
3255 4650 3361 4702 hu-

1785 4755 1998 4793 manam
2029 4739 2149 4807 ejus
2181 4738 2589 4807 generationem
2644 4739 2934 4791 annimtiat
2963 4756 2975 4790 :
3014 4757 3032 4787 r
3063 4737 3225 4790 Liber
3266 4754 3361 4807 ge-

1785 4831 2089 4887 nerationis
2107 4831 2236 4885 Jesu
2261 4832 2488 4894 Christi,
2512 4831 2607 4884 lilii
2641 4831 2832 4891 David,
2858 4831 2953 4883 lilii
2978 4831 3251 4883 Abraham
3275 4832 3315 4883 ’.
3339 4848 3356 4880 ι

1794 4924 1932 4980 lllud
1977 4923 2279 4978 secundum
2311 4923 2548 4976 Marcum
2591 4924 2878 4977 exordium
2914 4924 3151 4992 sumpsit
3182 4939 3210 4975 a
3236 4939 3364 4990 pro-

1795 5017 2014 5088 phetico
2043 5017 2264 5085 Spiritu,
2303 5016 2393 5084 qui
2419 5033 2484 5069 cx
2509 5017 2618 5069 alto
2647 5016 2965 5070 hominibus
3002 5015 3361 5086 supervenit:

1801 5128 1818 5160 ι
1854 5108 2075 5163 Initium
2127 5106 2403 5175 Evangelii
2453 5107 2582 5160 .lcsu
2625 5108 2855 5170 Christi,
2912 5109 3057 5161 sicut
3094 5107 3362 5176 scriptum

1792 5209 1878 5256 est
1919 5200 1974 5253 in
2021 5200 2157 5253 lsaia
2206 5199 2473 5268 propheta
2517 5199 2558 5252 ³.
2591 5219 2609 5250 ι
2645 5199 2789 5264 Quid
2834 5199 2980 5268 quod
3025 5200 3203 5268 ipsum
3266 5201 3358 5253 hci

1797 5294 2033 5348 Verbum
2069 5293 2302 5361 gloriosa
2334 5308 2432 5344 sua
2460 5291 2746 5345 divinitate
2778 5294 3206 5346 convcrsabatur
3234 5309 3356 5345 cum

1796 5383 2148 5454 patriarchis,
2191 5382 2284 5450 qui
2341 5381 2577 5451 Moyscm
2608 5389 3046 5447 antecesserunt;
3091 5381 3195 5434 illis
3233 5397 3361 5433 vero

1846 5521 1890 5552 ³³
1929 5520 2068 5572 Psal.
2112 5535 2291 5578 xcvlu,
2335 5518 2384 5570 l.
2461 5520 2505 5548 τη
2547 5520 2683 5574 Psal.
2727 5537 2902 5583 νέκυι,
2941 5521 2994 5572 2.
3069 5521 3115 5549 ³⁵
3156 5518 3358 5573 Εῖοιιιι.

2169 5590 2190 5618 ³
2233 5589 2418 5642 Matth.
2464 5605 2501 5652 ι,
2545 5599 2593 5644 -I.
2671 5592 2691 5622 ³
2731 5591 2894 5644 M‘are.
2941 5607 2978 5654 ι,
3029 5590 3078 5656 l,
3119 5589 3176 5642 2.

1397 5727 1626 5783 VAltle
1664 5724 2062 5782 LECTIONIaS.

213 5841 233 5869 ι
253 5831 474 5898 πρῶτον.
556 5837 582 5876 .“
608 5843 708 5898 pro
739 5825 869 5889 ζῶον
900 5827 1015 5896 lege
1054 5827 1255 5894 ὅμοιον.
1335 5835 1356 5861 ι
1381 5822 1676 5895 ἱερατικοῦ.

1751 5835 1776 5862 ι
1794 5818 2148 5891 ἀναιρέσεως.

2225 5818 2252 5858 δ
2275 5817 2490 5888 ὡμίλει.
