4200 6440
142 393 234 458 801
1521 377 2029 452 OU/ESTIONES.
3276 360 3383 427 802

146 509 229 555 καὶ
258 502 565 563 ἐδίδασκον,
599 497 731 569 μηδὲ
763 496 918 565 παρὰ
959 498 1054 559 τὰς
1089 492 1520 563 διατεταγμένας
1552 495 1608 544 ἐν
1639 491 1716 560 τῷ
1743 493 1785 545 Α

1743 493 1785 545 Α
1814 503 1934 541 esse
1978 482 2261 538 oll‘erenda
2311 481 2414 535 nisi
2445 497 2512 535 ex
2569 480 2890 551 prmseripto
2931 478 3067 548 legis
3109 476 3379 533 Mosaice.

143 595 421 655 Μωῦσέως
467 593 615 661 νόμῳ
648 568 838 652 ουσίας
883 588 1177 659 ἀναφέρειν
1207 590 1235 629 Ιι
1271 584 1350 656 τῷ
1378 584 1515 653 Θεῷ.
1551 584 1716 636 Ὅθεν

1818 580 2163 648 Quapropter
2178 574 2448 630 sacrilieia
2466 591 2496 628 a
2514 583 2710 627 senatu
2727 586 2827 643 pro
2843 571 3018 625 salute
3039 568 3387 641 imperatoris

143 686 281 757 Ικαὶ]
312 685 556 737 ἐκώλυον
578 685 675 745 τὰς
705 684 809 736 ὑπὸ
832 685 925 749 τῆς
952 680 1239 751 γερουσίας
1262 678 1356 731 τοῦ
1380 677 1509 731 λαοῦ
1537 694 1717 747 παρα-

1817 683 1873 725 et
1914 671 2283 724 Romanorum
2338 667 2603 734 imperata
2639 663 3029 735 prohibebant.
3058 662 3187 718 Jure
3217 662 3388 732 igitur

141 777 433 846 δεὼμὲνας
480 774 726 842 τίνεσθαι
780 774 1049 844 περὶτῆς
1094 769 1367 839 σωτηρίας
1418 767 1513 821 τοῦ
1564 769 1717 837 βασι-

1822 768 2029 822 Pilatus
2063 766 2134 818 ob
2164 766 2279 818 hinc
2299 761 2537 817 Galilzeis
2563 772 2911 819 succensens,
2934 753 3099 825 jussit
3121 767 3218 807 eos
3243 752 3390 806 inter

142 869 272 929 λέως
332 867 432 919 καὶ
488 866 597 918 τῶν
639 864 923 933 Ῥωμαίων
970 862 1156 923 ἔθνους
1213 861 1421 924 Θυσίας.
1481 863 1718 921 Εἰκότως

1819 857 2105 919 sacrilieia,
2138 871 2259 924 qua:
2301 854 2404 908 sibi
2442 851 2772 905 videbantur
2796 864 2860 903 ex
2893 845 3091 917 Moysis
3137 842 3389 898 instituto

142 956 230 1011 οὖν
272 958 373 1010 ἐπὶ
414 959 623 1019 τούτοις
659 954 1072 1023 ἀγανακτοῦντα
1120 953 1256 1022 πρὸς
1285 951 1599 1014 Γαλιλαίους
1631 951 1719 1003 τὸν

1821 950 2043 1010 oll‘erre,
2094 947 2381 1009 trucidari,
2432 945 2505 998 ita
2560 954 2619 996 ut
2645 957 2772 995 cum
2806 938 3002 994 oblatis
3046 934 3241 991 hostiis
3267 947 3392 989 sau-

144 1049 381 1101 Πιλάτον
423 1048 682 1101 κελεῦσαι
716 1048 728 1085 ί
769 1047 921 1116 παρὰ
948 1048 1069 1105 ταῖς
1101 1042 1336 1104 θυσίαις,
1368 1040 1455 1105 αἷς
1502 1043 1722 1095 ἐδόκουν

1330 1040 1455 1105 ,αἷς
1502 1043 1722 1095 ἐδόκουν
1824 1042 1946 1111 guis
1991 1053 2211 1107 quoque
2253 1034 2605 1090 oll'crentium
2647 1032 2989 1087 misceretur.

142 1142 283 1193 κατά
316 1140 414 1193 τὸν
444 1141 609 1208 νόμον
632 1139 961 1208 ἀναφέρειν,
994 1133 1384 1204 ἀναιρεθῆναι,
1413 1136 1554 1188 ὥστε
1585 1134 1951 1205 ἀναμιχθῆναι
2016 1133 2136 1193 ταῖς
2199 1128 2673 1199 προσφερομέναις
2706 1124 2921 1186 θυσίαις
2983 1121 3044 1175 τδ
3106 1117 3247 1192 αἷμα
3283 1117 3394 1174 τῶν

142 1232 593 1305 προσφερόντων.

452 1351 972 1438 ΕΡΩΤΗΣΙΣ
1022 1346 1293 1437 ΡΜΖ’.

140 1495 277 1561 Πῶς
309 1492 489 1548 πᾶσα
505 1492 869 1560 βλασφημία
917 1489 1278 1561 ἀφεθήσεται
1328 1487 1447 1561 τοῖς
1494 1482 1720 1552 ἀνθρώ.

209 1557 387 1631 accc;
420 1567 460 1633 ἡ
496 1564 565 1617 δὲ
597 1557 704 1616 τοῦ
736 1557 1085 1629 Ηνεύματος
1108 1562 1219 1611 οὐκ
1245 1557 1648 1626 ἀφεθήσεταυ

750 1674 1133 1728 ΔΠΟΚΡΙΣΙΣ.

212 1769 407 1823 Πολλὰ
432 1768 566 1837 γὰρ,
594 1766 749 1837 φησὶ,
784 1767 905 1818 κατ’
934 1764 1068 1834 ἐμοῦ
1093 1765 1373 1836 εἱρὴκατε,
1415 1764 1496 1816 ὅτι
1529 1763 1728 1825 πλάνος

142 1864 263 1929 εἰμὶ
332 1861 434 1914 καὶ
492 1857 776 1920 ἀντίθεος.
830 1856 1018 1909 Ταῦτα
1073 1852 1167 1910 οὖν
1231 1874 1371 1926 φημι
1435 1858 1580 1927 ὑμῖν,
1628 1856 1727 1907 οὐκ

143 1958 411 2014 ἀπαιτῶν
463 1958 622 2025 δίκην
665 1957 827 2025 ὑμᾶς.
862 1955 1043 2007 Ἔστω
1069 1953 1199 2024 γὰρ,
1226 1951 1348 2022 ἐμοὶ
1387 1946 1728 2020 παραπαίετε

144 2051 237 2103 διὰ
278 2050 390 2119 τὴν
436 2048 640 2117 σάρκα,
677 2049 741 2117 ἢν
782 2047 1107 2115 τηρίκειμαι
1140 2059 1155 2074 ⁸
1184 2044 1273 2097 διὰ
1320 2042 1373 2095 τί
1416 2043 1510 2095 καὶ
1548 2042 1627 2101 είς
1670 2037 1731 2089 τὸ

149 2141 385 2210 Πνεῦμα
441 2138 504 2191 τὸ
554 2138 708 2203 ἅγιον
763 2138 1141 2207 ἀμαρτάνετε;
1178 2134 1268 2205 Μὴ
1312 2135 1421 2203 γάρ
1460 2132 1555 2185 καὶ¹
1603 2131 1732 2199 περὶ

147 2233 319 2285 αὐτοῦ
362 2230 519 2300 ἔχετέ
547 2246 600 2281 τι
623 2231 818 2293 εἰπεῖν,
850 2231 932 2281 ὅτι
976 2227 1303 2297 Ἀγνοοῦμεν
1330 2225 1499 2289 adad;
1542 2223 1639 2276 Διά
1669 2222 1731 2292 δὴ

148 2322 312 2375 τοῦτο
372 2320 473 2373 καὶ
527 2320 758 2372 ἐνταῦθα
819 2319 1242 2389 κολασθήσεσοε,
1277 2318 1367 2370 καὶ
1421 2316 1556 2367 ἐκεῖ.
1593 2316 1732 2366 Ὅσα

154 2414 253 2484 μὲν
290 2413 394 2466 οὖν
440 2413 903 2482 ἐδλασφημὴσατε
953 2413 1073 2463 κατ’
1107 2412 1263 2481 ἐμοῦ,
1296 2409 1452 2479 φησι,
1486 2408 1594 2478 πρὸ
1638 2405 1731 2458 τοῦ

154 2502 396 2566 πάθους,
428 2504 633 2570 ἀφίημι
679 2504 827 2571 ὑμῖν,
876 2502 971 2554 καὶ
1012 2502 1144 2553 αὐτὸ
1181 2500 1239 2553 δὲ
1280 2499 1375 2552 τοῦ
1410 2496 1645 2567 σταυροῦ
1672 2497 1733 2548 τὸ

151 2594 443 2663 τόλμημα.
478 2594 618 2645 Ὅσα
647 2592 701 2644 δέ
736 2594 816 2652 εἰς
847 2592 908 2643 τὸ
933 2592 1157 2661 Πνεῦμα
1197 2591 1258 2643 τὸ
1289 2592 1443 2658 ἆγιον
1474 2591 1728 2659 ἁμαρτά-

154 2702 303 2741 νετε.
334 2686 436 2736 ἐὰν
478 2685 554 2754 μὴ
586 2684 979 2753 μετανοήσητε,
1018 2686 1111 2735 καὶ
1158 2676 1261 2735 ὦδε
1308 2681 1733 2751 κολασθήσεσοε,

154 2779 252 2830 καὶ
284 2778 413 2828 ἐκεῖ
438 2793 454 2807 ο
486 2777 580 2827 καὶ
620 2775 726 2845 γάρ
764 2777 812 2826 οἱ
865 2776 965 2843 μὲν
1014 2772 1323 2843 ἀνθρώπων
1357 2775 1450 2826 καὶ
1505 2770 1738 2824 ἐνταῦθα

153 2867 515 2932 κολάζονται,
552 2868 647 2917 καὶ
702 2866 836 2927 ἐκεῖ,
863 2864 939 2927 ὡς
1004 2864 1052 2915 οί
1106 2863 1535 2933 Σοδομῖται,καὶ
1592 2857 1737 2916 οὗτοι

154 2958 338 3011 αὐτοί.
384 2956 499 3009 Καὶ
537 2956 645 3025 γὰρ
690 2955 781 3008 καὶ
827 2952 1065 3006 ἐνταῦθα
1116 2953 1325 3007 ἔδωκαν
1372 2954 1549 3024 δίκην,
1573 2953 1737 3023 ἡνίκα

155 3050 371 3103 επαθον
425 3048 496 3102 τὰ
554 3049 827 3116 ἀνήκεστα
890 3047 1074 3097 ἐκεῖνα
1124 3046 1223 3113 τῆς
1289 3045 1497 3107 πόλεως
1561 3044 1739 3097 αὐτῶν

160 3144 414 3212 ἁλώσης,
447 3140 546 3193 καὶ
585 3142 702 3192 ἐκεῖ
731 3139 1125 3208 χαλεπωτάτην
1157 3138 1536 3208 ὑπομενοῦσιν.
1571 3139 1635 3189 Οί
1686 3137 1743 3190 δὲ

160 3238 284 3290 ἐκεῖ
336 3234 526 3303 μόνον,
556 3233 630 3294 ὡς
674 3232 702 3283 ὁ
737 3230 1011 3294 πλούσιος.
1058 3233 1122 3283 Οἱ
1158 3232 1216 3284 δὲ
1258 3229 1494 3284 ἐνταῦθα
1560 3231 1742 3300 μόνον,

271 3330 302 3379 ὀ
356 3324 751 3395 πεπορνευκὼς
802 3326 951 3394 παρὰ
1023 3323 1365 3393 Κορινθίους.
1399 3325 1461 3375 Ol
1504 3324 1561 3377 δὲ
1620 3322 1746 3376 οὔτε

161 3417 434 3481 ἐνταῦθα,
466 3416 591 3469 οὔτε
642 3417 781 3480 ἐκεῖ,
809 3415 886 3479 ὥς
936 3432 1083 3480 τινες
1128 3416 1406 3485 προφῆται
1462 3414 1559 3467 καὶ
1606 3414 1744 3467 ἀπό-

164 3527 351 3565 στοΑοι
359 3550 374 3563 .

462 3622 786 3677 Βασιλεὼυ
813 3622 881 3675 ἐκ
925 3620 1043 3674 τῶν
1089 3619 1465 3686 Ἀσκητικῶν.

254 3715 500 3775 Ἐκεῖνος
530 3712 844 3782 βλασφημεῖ
869 3712 949 3772 εἰς
975 3710 1034 3761 τὸ
1069 3707 1291 3777 Πνεῦμα
1319 3708 1379 3760 τὺ
1400 3706 1574 3774 ἅγιον.
1599 3707 1627 3758 ὁ
1652 3705 1748 3767 τὰς

166 3806 491 3876 ἐνεργείας,
519 3804 616 3856 καὶ
663 3804 789 3865 τοὺς
825 3802 1070 3872 καρποὺς
1106 3800 1203 3852 τοῦ
1235 3801 1391 3867 ἁγίου
1429 3798 1748 3867 Πνεὺματος

164 3902 230 3954 τὸ
253 3898 507 3953 ἐναντίον
534 3895 907 3967 ἐπιφημίζων,
932 3895 1070 3962 ὅπερ
1096 3894 1425 3962 πάσχουσινι
1462 3891 1510 3942 οί
1543 3888 1747 3952 πολλοὶ,

166 3992 262 4045 τὸν
320 3989 425 4060 μὲν
462 3988 751 4040 σπουδαῖον
791 3986 1053 4049 πολλάκις
1099 3983 1486 4055 ῥιψοκινδύνως
1539 3982 1751 4035 κενόδο-

170 4085 263 4149 ξον
300 4080 424 4153 [καὶ
465 4077 641 4150 νόθον]
668 4077 1063 4140 ἀποκαλοῦντες
1097 4093 1111 4106 ·
1152 4077 1244 4129 τὸν
1272 4076 1326 4129 δὲ
1358 4075 1519 4145 ζῆλον
1550 4074 1751 4143 ἀγαθὸν

168 4170 666 4240 ἐπιδεικνύμενον,
724 4170 979 4239 ὀργίλον,
1031 4168 1127 4221 καὶ
1184 4166 1354 4221 πολλὰ
1411 4166 1640 4220 τοιαῦτα
1693 4169 1750 4219 ἐν

171 4265 461 4325 ὑπονοίαις
495 4261 962 4333 καταψευδόμεθα.

522 4405 1050 4490 ΕΡΩΤΗΣΙΣ
1094 4406 1371 4490 PMH’.

173 4537 313 4605 Πῶς
390 4537 646 4603 νοητέον
697 4538 730 4591 ὃ
788 4537 958 4592 εἶπεν
1011 4543 1044 4592 ὀ
1104 4542 1324 4625 [(ύριος
1352 4557 1366 4570 ο
1402 4558 1421 4592 ι
1475 4540 1616 4593 Ἐὰν
1663 4539 1749 4608 μὴ

248 4609 523 4672 ἀπέλθω,
557 4613 591 4679 όν
628 4610 1025 4678 Παράκλητος
1055 4628 1164 4662 ουκ
1190 4615 1504 4664 exsucata;
1530 4626 1544 4640 ο
1582 4629 1601 4660 ι
1633 4609 1749 4679 ἤδη

247 4680 320 4733 δὲ
350 4681 420 4732 τὸ
449 4678 693 4747 Πνεῦμα
721 4679 929 4732 δίδωσι
965 4679 1089 4743 τοῖς
1123 4680 1493 4747 ἀποστόλοις
1514 4680 1611 4734 διὰ
1643 4679 1747 4733 τοῦ

247 4748 684 4820 ἐμφυσήματος
709 4765 729 4813 ;

784 4861 1172 4915 ΔΠΟΚΡΙΣΙΣ.

253 4955 359 5008 Διὰ
408 4954 510 5023 μὲν
561 4952 655 5006 τοῦ
695 4956 1091 5022 ἐμφυσήματος
1156 4952 1406 5017 ἐξουσίαν
1449 4956 1543 5009 καὶ
1596 4954 1754 5026 χάριν

181 5046 573 5115 πνευματικὴν
611 5045 841 5114 παρέχει
873 5044 1054 5106 αὐτοῖς
1078 5047 1213 5116 πρὸς
1239 5046 1301 5098 τὸ
1328 5047 1547 5114 ἀφιέναι
1578 5047 1758 5118 ἁμαρ-

182 5142 411 5210 τήματα
441 5154 455 5167 ·
497 5139 694 5207 ἐπάγει
717 5142 848 5209 γάρ,
886 5156 906 5189 ι
939 5139 1039 5190 Ἀν
1066 5156 1229 5190 τινων
1258 5139 1431 5207 ἀφῆτε
1460 5141 1559 5202 τὰς
1578 5141 1760 5211 ἁμαρ-

185 5231 332 5292 τίας,
382 5229 637 5297 ἀφίενται
664 5246 677 5258 ·
710 5230 775 5283 ἄν
811 5246 974 5282 τινων
1024 5230 1285 5300 κρατῆτε,
1320 5231 1703 5300 κεκράτηνται.
1738 5250 1757 5282 ι

186 5321 289 5373 Διά
312 5320 372 5373 δὲ
400 5320 500 5389 τῆς
531 5321 929 5389 ἐπιφοιτήσεως
960 5321 1060 5388 τῆς
1086 5322 1147 5372 ἐν
1171 5323 1236 5391 τῇ
1268 5322 1641 5393 Πεντηκοστῇ,
1661 5324 1762 5392 τὴν

1781 4349 1829 4403 D

2061 1343 2624 1453 QUAESTIO
2695 1340 3155 1430 CXLVII.

1831 1499 2099 1566 Quomodo
2130 1499 2298 1550 omnis
2337 1495 2660 1565 blasphemia
2713 1493 3007 1545 remittetur
3052 1486 3398 1566 hominibus}

1865 1558 1980 1641 qum
2002 1586 2121 1623 vero
2144 1570 2196 1622 in
2216 1558 2470 1637 Spiritum
2488 1576 2729 1617 sanctum
2756 1570 2854 1626 est,
2876 1578 2977 1614 non
2997 1560 3292 1613 remittetur
3306 1558 3362 1611 ⁸2

2418 1676 2814 1733 BESPONSIO.

1899 1776 2085 1839 Multa,
2132 1773 2314 1842 inquit
2363 1771 2646 1832 Dominus,
2698 1775 2886 1822 contra
2910 1780 2997 1819 me
3047 1763 3284 1827 dixistis,
3315 1772 3395 1827 ut,

1832 1885 1917 1923 me
1943 1884 2063 1922 esse
2104 1865 2473 1923 seductorem,
2501 1871 2553 1916 et
2591 1861 2703 1914 Deo
2728 1858 3091 1913 contrarium.
3125 1857 3249 1911 llaec
3273 1856 3400 1909 dico

1830 1960 2008 2021 vobis,
2026 1958 2188 2030 434,
2211 1972 2319 2009 non
2361 1963 2625 2024 appetens
2653 1952 2937 2005 ultionem.
2968 1950 3102 2004 Esto
3135 1948 3308 2010 enim,
3343 1947 3402 2000 iu

1834 2067 1919 2105 me
1964 2048 2322 2119 impegeritis,
2356 2056 2581 2115 propter
2617 2058 2835 2096 carnem
2869 2058 2976 2109 qua
3004 2040 3228 2093 indutus
3256 2053 3399 2098 sum.

1831 2158 1939 2213 qua
1974 2142 2041 2195 de
2084 2156 2249 2194 causa
2287 2140 2341 2191 in
2378 2138 2555 2207 ipsum
2605 2149 2824 2204 quoque
2856 2133 3119 2201 Spiritum
3149 2140 3401 2192 sanctum

1834 2231 2197 2302 delinquitis?
2226 2230 2343 2283 Non
2378 2228 2523 2281 enim
2551 2227 2736 2281 dicere
2779 2224 3009 2294 potestis
3034 2239 3161 2279 cum
3190 2240 3221 2278 a
3247 2223 3404 2277 vobis

1836 2326 2095 2396 ignorari.
2141 2323 2407 2389 Quocirca
2453 2329 2508 2373 ct
2561 2320 2650 2373 hic
2685 2328 2743 2372 ct
2771 2317 2882 2372 illic
2913 2316 3237 2386 puniemini.
3274 2314 3406 2381 Qua:

1834 2428 2029 2471 contra
2073 2432 2158 2469 me
2200 2411 2646 2484 blaspliemastis,
2695 2410 2894 2479 inquit,
2917 2418 3043 2463 ante
3070 2408 3402 2478 passionem,

1836 2510 2088 2563 condono
2130 2508 2309 2568 vobis,
2370 2507 2547 2574 ipsum
2594 2518 2813 2572 quoque
2858 2500 3038 2555 crucis
3074 2500 3407 2570 supplicium

1837 2616 1946 2671 quo
1989 2614 2074 2654 me
2134 2597 2413 2652 allecistis.
2466 2597 2533 2648 At
2572 2594 2768 2648 delicla
2814 2602 2993 2648 vestra
3043 2593 3097 2646 in
3139 2591 3407 2662 Spiritum

1837 2703 2109 2756 sanctum,
2158 2692 2262 2745 nisi
2316 2690 2676 2759 resipiscatis,
2734 2698 2790 2741 ct
2838 2688 2927 2741 liic
2970 2694 3027 2740 et
3076 2686 3151 2740 ibi
3201 2685 3405 2750 luetis;

1839 2801 1962 2839 nam
2000 2795 2055 2839 et
2101 2800 2169 2838 ex
2199 2782 2517 2836 hominibus
2548 2780 2768 2850 quidam
2804 2779 2894 2832 hic
2937 2786 2993 2831 et
3039 2776 3152 2832 illic
3193 2776 3408 2847 suppli-

1840 2878 1943 2931 ciis
1983 2882 2313 2935 mactantur,
2348 2882 2409 2927 ut
2454 2870 2769 2931 Sodomitze,
2818 2877 2875 2921 et
2902 2868 2988 2921 isti
3022 2866 3162 2937 ipsi;
3200 2881 3324 2920 nam
3353 2874 3411 2921 et

1842 2968 1931 3021 hic
1994 2965 2265 3019 dederunt
2318 2977 2543 3032 paruas,
2606 2960 2826 3029 quando
2875 2968 3119 3014 extrema
3178 2973 3411 3028 quaeque

1845 3057 2090 3130 perpessi
2140 3064 2288 3118 sunt,
2321 3064 2478 3123 capta
2520 3069 2711 3107 eorum
2742 3052 2981 3113 civitate,
3011 3061 3066 3106 et
3103 3051 3175 3105 ibi
3208 3051 3414 3121 gravis-

1845 3153 1982 3206 sima
2004 3148 2270 3218 supplicia
2302 3147 2604 3210 subibunt;
2634 3145 2725 3200 alii
2754 3160 2889 3198 vero
2919 3144 2994 3197 ibi
3042 3144 3240 3206 solum,
3270 3143 3415 3198 sicut

1847 3244 2001 3297 dives
2028 3243 2118 3295 ille
2153 3241 2319 3310 epulo
2352 3241 2394 3292 ".
2430 3238 2537 3292 Alii
2576 3238 2667 3291 liic
2702 3238 2903 3299 solum,
2935 3237 3079 3290 sicut
3115 3236 3416 3290 fornicator

1850 3335 1940 3389 ille
1984 3332 2126 3402 apud
2157 3330 2475 3386 Corinthios
2508 3330 2550 3385 ³.
2582 3332 2685 3384 ΛΙίὶ
2725 3343 2905 3396 neque
2952 3327 3061 3390 hic,
3092 3342 3270 3397 neque
3307 3326 3414 3393 ibi;

1847 3423 2304 3494 quemadmodum
2340 3420 2624 3490 prophetae
2664 3428 2721 3475 et
2770 3418 3027 3488 apostoli.

2221 3619 2404 3674 Sancti
2447 3619 2637 3673 Basilii
2678 3635 2740 3671 ea:
2785 3618 3051 3672 Asceticis.

1924 3714 2016 3768 Ille
2066 3713 2413 3782 blasphemat
2446 3713 2501 3767 in
2551 3712 2815 3782 Spiritum
2860 3723 3134 3774 sanctum,
3161 3710 3255 3779 qui
3285 3724 3419 3778 ope-

1850 3807 2093 3860 rationes
2114 3814 2171 3858 et
2200 3806 2412 3860 fructus
2443 3805 2618 3858 sancti
2650 3804 2888 3873 Spiritus
2920 3803 3213 3857 contrariis
3240 3803 3419 3857 nomi-

1850 3898 2014 3951 nibus
2063 3897 2260 3962 allicit;
2295 3906 2355 3950 ut
2401 3897 2600 3951 accidit
2633 3897 2742 3949 illis
2776 3897 2868 3965 qui
2921 3894 3173 3949 sedulum
3216 3903 3272 3950 et
3301 3905 3421 3950 stu-

1850 3990 2072 4044 diosum
2099 3988 2451 4042 ambitiosum
2479 3990 2799 4058 etspurium
2826 3986 3090 4041 audacter
3108 3986 3421 4051 nominant,

1853 4083 2006 4137 illum
2033 4096 2163 4134 vero
2187 4081 2279 4150 qui
2308 4080 2454 4134 bono
2494 4081 2613 4135 zelo
2642 4081 2907 4150 praeditus
2942 4089 3047 4144 est,
3071 4079 3417 4142 iracundum,

1852 4181 1911 4227 et
1954 4171 2048 4242 qui
2081 4170 2250 4224 multa
2286 4170 2393 4224 alia
2433 4170 2598 4241 hujus
2631 4171 2847 4240 generis
2873 4171 3040 4224 tacito
3067 4169 3170 4224 sub
3195 4178 3418 4240 pectore

1852 4264 2102 4319 volvunt.

2081 4393 2635 4498 QUIESTIO
2708 4395 3225 4483 CXLVIII.

1864 4542 2135 4609 Quomodo
2178 4542 2575 4613 intelligendum
2629 4543 2764 4597 illud
2816 4543 3026 4597 Domini
3076 4558 3095 4597 :
3162 4562 3179 4593 ι
3208 4541 3266 4597 Si
3319 4560 3425 4597 non

1932 4615 2128 4677 abiero,
2155 4612 2464 4667 Paracletus
2494 4630 2598 4666 non
2625 4616 2790 4667 veniet
2822 4614 2872 4679 9;
2904 4635 2920 4663 ι
2952 4631 3071 4667 cum
3098 4623 3276 4667 tamen
3304 4613 3427 4684 Spi-

1933 4686 2387 4806 ritu‘m‘izanctum
2442 4685 2690 4754 apostolis
2745 4700 2837 4754 per
2876 4685 3278 4755 insuﬁlationem
3325 4686 3427 4739 im-

1933 4770 2099 4806 oerra
2148 4794 2160 4806 .

1930 4770 2124 4824 pertrar
2148 4770 2160 4806 ε

2447 4869 2850 4925 RESPONSIO.

1934 4964 2037 5018 Per
2092 4964 2513 5018 insulilatiouem
2571 4963 2780 5033 praebet
2826 4964 2935 5018 illis
2992 4970 3319 5033 potestatem
3372 4972 3431 5018 et

1863 5057 2091 5126 gratiam
2113 5056 2453 5124 spiritualem
2473 5055 2787 5110 remittendi
2813 5064 3034 5124 peccata
3050 5071 3063 5105 :
3079 5053 3233 5108 addit
3250 5053 3426 5109 enim:

1868 5168 1886 5197 ι
1923 5148 2166 5213 Quorum
2238 5147 2563 5202 remiseritis
2612 5157 2867 5217 peccata.
2922 5147 3320 5215 remittemur;
3375 5154 3431 5200 et

1863 5254 2097 5306 quorum
2150 5238 2513 5300 retinueritis,
2554 5248 2762 5291 retenta
2796 5247 2961 5292 erunt
2999 5238 3060 5291 ¹⁰.
3096 5256 3114 5287 ι
3183 5238 3286 5292 Per
3330 5235 3431 5290 de-

1867 5345 2119 5383 scensura
2174 5344 2309 5383 vero
2357 5330 2409 5383 in
2441 5330 2762 5383 Pentecoste
2810 5330 3042 5398 gratiam
3091 5327 3433 5398 baptismatis

187 5411 286 5465 τοῦ
318 5412 699 5482 βαπτίσματος
730 5410 898 5464 αὑτοῦ
929 5414 1110 5482 χάριν,
1139 5415 1235 5465 καὶ
1262 5414 1358 5483 τὴν
1384 5414 1494 5466 τῶν
1521 5417 1764 5485 σημείων

1865 5431 1922 5474 et
1975 5421 2253 5489 signorum
2280 5421 2657 5490 Operationem
2686 5420 2793 5476 illis
2816 5421 3041 5492 largitus
3064 5430 3147 5475 est
3180 5422 3247 5475 ³¹.
3275 5418 3432 5477 Unde

261 5556 283 5585 ‘
327 5552 465 5608 Luc.
510 5569 603 5615 xu,
660 5554 743 5607 l0.
818 5554 839 5585 '
880 5554 1011 5608 Luc.
1052 5570 1159 5609 ινι.
1235 5555 1256 5585 ⁸
1297 5554 1317 5608 1
1357 5553 1483 5609 Cor.
1527 5573 1575 5610 ν.
1654 5560 1675 5589 ⁹
1711 5559 1868 5614 Joan.
1908 5576 2013 5623 xvt,
2053 5563 2103 5614 7.

2188 5562 2229 5592 '°
2266 5561 2422 5617 Joan.
2469 5577 2554 5624 xx,
2592 5560 2680 5614 25.
2760 5562 2799 5593 ”
2838 5560 2955 5615 Act.
2997 5575 3054 5622 ll,
3093 5559 3185 5616 43.

1456 5698 1687 5753 V'ARIIE
1730 5700 2125 5757 LECTIONES.

266 5784 710 5856 ιάναφέρεσοαι.
795 5785 807 5823 ί
842 5784 1192 5839 κελεύσαντα.
1276 5799 1288 5835 ι
1321 5789 1618 5849 πάσνοιιεν.
