4200 6440
161 424 269 486 809

161 536 227 603 τῇ
294 532 504 603 καρδίᾳ
746 533 883 599 γῆς·

161 624 518 693 νυχθήμερον
550 621 969 691 λογισθήσεται·
1002 622 1110 675 ἀπὸ
1141 622 1343 690 μέρους
1382 621 1496 691 γὰρ
1522 619 1584 671 τὸ
1628 619 1748 670 ὅλον

157 714 520 784 γνωρίζεται.
562 712 661 765 Διὰ
701 710 861 763 τοῦτο
892 712 994 776 τὴν
1045 713 1143 781 μὲν
1180 710 1537 779 Παρασκευὴν
1573 709 1637 762 ὲκ
1652 708 1748 761 τοῦ

1547 416 2074 491 ΟΗίΕΞΤΙΟΝΕΞ.

3332 415 3441 480 810

933 530 995 583 τὸ
1036 531 1146 583 πᾶν
1201 530 1319 582 ἐκεῖ
1384 528 1749 597 πεποιηκέναι

1857 528 1906 580 in
1955 525 2238 580 Dominica
2282 526 2549 594 primam;
2604 526 2904 583 Sabbatum
2939 540 3068 580 vero
3100 535 3290 590 totam,
3338 533 3439 594 per

1858 629 2034 672 totum
2066 619 2259 686 viginti
2291 629 2528 687 quatuor
2574 620 2834 673 horarum
2873 618 3041 690 ωε
3086 620 3317 681 luctum,
3364 617 3437 670 ita

1859 720 1917 763 ιιι
1945 710 2226 764 Judaicam
2257 710 2660 765 solemnitatem
2692 710 2934 780 perfecte
2966 709 3292 763 absolveret.

155 804 484 857 τελευταίου
513 804 714 873 μέρους
741 799 835 855 τοῦ
860 802 1204 870 νυχθημέρου
1231 801 1534 869 πεποίηκεν
1596 801 1654 852 ἐν
1705 801 1815 861 τοῖς
1852 800 2231 870 καταχθονίοις
2251 804 2281 854 ό
2320 801 2543 870 Κύριος,
2575 802 2675 871 τὴν
2703 803 2759 854 δὲ
2790 801 3080 872 κυριακὴν
3112 802 3179 853 ὲκ
3213 801 3308 853 τοῦ
3342 800 3440 869 μέ-

167 915 295 967 ρους
329 897 432 949 τοῦ
460 895 702 967 πρώτου.
726 895 799 946 Τὸ
840 894 897 947 δὲ
933 894 1210 947 Σάϐϐατον
1239 894 1381 956 ὅλον,
1407 894 1479 945 δι’
1537 894 1659 947 ὅλου
1725 892 1835 945 τῶν
1872 895 2334 950 εἰκοσιτεσσάρων
2389 894 2548 966 ὡρῶν
2601 893 2833 957 πένθους
2882 892 3168 947 ἀποτελῶν
3226 892 3439 962 ἡμέραν

157 989 255 1060 τὴν
299 988 605 1058 Ἰουδαῖκὴν
634 987 846 1056 ἑορτήν.

558 1106 1089 1192 ΕΡΩΤΗΣΙΣ.
1147 1095 1396 1188 ΡΝΓο

163 1251 230 1303 El
259 1247 714 1318 συμφωνοῦσιν
746 1247 800 1298 οι
822 1244 1118 1318 τέσσαρες
1151 1242 1573 1318 way-3:81pm!
1611 1240 1745 1308 περὶ

448 1317 560 1384 τῆς
587 1316 848 1383 Χριστοῦ
873 1313 1287 1379 ἀναστάσεως,
1308 1313 1344 1380 ἢ
1362 1312 1468 1375 οῦς

761 1428 1160 1482 ΔΠΟΚΡΙΣΙΣ.

228 1521 537 1593 Τεσσάρων
567 1521 737 1573 ὄντων
767 1520 895 1590 [καὶ
926 1517 1071 1589 ὁρῶν
1094 1520 1106 1558 ί
1133 1516 1174 1589 ],
1203 1517 1299 1570 καὶ
1339 1514 1619 1570 τοσαύτων
1649 1514 1755 1584 ἀφ-

165 1615 352 1678 ίξεων,
388 1614 519 1666 καθ’
547 1610 647 1682 ἢνὶ
689 1612 782 1663 ἐπὶ
804 1611 890 1669 ,τὸ
941 1610 1129 1678 μνῆμα
1169 1604 1333 1677 ἦλθον
1372 1609 1428 1659 αἱ
1478 1607 1754 1671 γυναῖκες,

161 1708 402 1759 ἕκαστον
430 1702 828 1772 εὐαγγελιστὴν
855 1703 953 1753 ’ένα
978 1701 1170 1768 καιρὸν
1199 1698 1522 1769 ᾠκονόμησε
1554 1697 1579 1734 Ιί
1614 1697 1753 1766 γρά-

160 1799 262 1864 ψαι
309 1798 378 1849 τὸ
420 1795 651 1865 Πνεῦμα
699 1793 763 1847 τὸ
800 1792 978 1860 ἅγιον.
1015 1792 1123 1844 Καὶ
1153 1793 1181 1842 ὁ
1213 1792 1311 1860 μὲν
1338 1788 1615 1850 Matinio;
1654 1789 1755 1849 τὰς

2169 1090 2735 1197 ΟΙΗΕΒΤΙΟ
2808 1090 3148 1181 CLIII.

1854 1236 1994 1291 Num
2036 1241 2367 1292 consentiant
2424 1238 2755 1306 evangelista:
2811 1241 2951 1291 circa
3000 1247 3202 1309 tempus
3246 1238 3438 1294 Christi

2279 1309 2702 1366 resurrectionis.
2752 1325 2822 1359 an
2869 1309 3016 1360 non?

2449 1419 2844 1475 RESPONSIO.

1929 1513 2067 1567 Cum
2098 1522 2336 1582 quatuor
2364 1513 2473 1567 sint
2504 1520 2772 1581 tempora,
2799 1521 2857 1565 et
2889 1510 3115 1565 totidem
3146 1510 3438 1576 adventus,

1862 1604 2069 1672 quibus
2087 1605 2349 1659 mulieres
2373 1606 2441 1658 ad
2469 1607 2782 1675 sepulcrum
2801 1605 3017 1659 venisse
3041 1616 3437 1671 memorantur,

1857 1695 2094 1765 Spiritus
2122 1697 2295 1752 sancti
2321 1698 2503 1750 aﬂlatu
2547 1697 2748 1750 accidit
2780 1704 2841 1749 ut
2868 1698 3067 1765 singuli
3092 1698 3440 1766 evangelista:

1856 1787 2068 1855 singula
2096 1797 2344 1857 tempora
2376 1788 2773 1842 describerent.
2808 1788 2875 1842 Et
2898 1789 3185 1843 Matthaaus
3213 1789 3440 1858 quidem

162 1892 260 1959 ὀψὲ
307 1890 616 1943 inimitth
656 1885 1109 1957 παραγενομένας
1144 1884 1238 1936 ἐπὶ
1290 1883 1351 1935 τὸ
1390 1883 1584 1952 μνῆμα
1621 1880 1755 1933 ἱστό-

1859 1896 1985 1932 sero
2019 1880 2245 1934 Sabbati
2300 1880 2560 1935 mulieres
2611 1881 2678 1935 ad
2735 1881 3053 1950 sepulcrum
3099 1882 3339 1945 venisse,
3381 1891 3440 1936 et

166 2000 329 2053 ρησε,
381 1983 481 2035 καὶ
528 1981 627 2033 ⁹ἐνα
673 1979 906 2047 ἄγγελον
952 1975 1373 2045 καταϐεϐηκότα
1408 1973 1465 2040 ἐξ
1501 1971 1755 2043 οὐρανοῦ,

164 2076 261 2128 καὶ
300 2075 402 2127 τὸν
429 2073 581 2125 λίθον
612 2070 1047 2125 ἀποκυλίσαντα.
1083 2069 1143 2121 ὐ
1169 2069 1223 2121 δὲ
1268 2068 1518 2134 Ἰωάννης
1541 2064 1758 2135 Μαρίαν

162 2167 261 2234 τὴν
319 2162 699 2232 Μαγδαληνὴν
744 2164 804 2214 ὲν
856 2160 938 2229 τῷ
978 2160 1158 2225 σκότῳ
1199 2158 1306 2228 πρὸ
1334 2158 1429 2227 τῆς
1461 2157 1533 2208 ἕω
1575 2154 1759 2223 ἐληλυο

164 2256 319 2307 θέναι
356 2254 533 2322 μόνην
570 2251 991 2321 συγγεγράφθαι
1017 2253 1057 2315 ι,
1098 2250 1191 2303 καὶ
1224 2248 1318 2301 δύο
1360 2247 1625 2314 ἀγγέλους
1668 2245 1753 2297 ἕν-

162 2343 249 2395 δον
280 2341 392 2394 τοῦ
431 2343 611 2409 τάφου
640 2340 963 2393 θεάσασθαι.
993 2341 1207 2400 Λουκᾶς
1243 2337 1321 2399 δὲ,
1357 2337 1521 2398 ἄλλας
1549 2336 1688 2387 κατὰ
1717 2346 1756 2372 ³η

162 2430 255 2483 τὸν
349 2430 573 2500 ὄρθρον.
645 2429 876 2498 Μάρκος
920 2428 977 2480 δὲ
1047 2428 1241 2496 ἑτέρας
1299 2426 1612 2495 ἀνίσχοντος
1660 2422 1757 2475 τοῦ

162 2520 341 2590 ἡλίου,
378 2519 955 2588 συναναμεμιγμένων
1004 2518 1170 2570 τινῶν
1197 2518 1290 2569 καὶ
1318 2517 1423 2569 τῶν
1452 2516 1552 2585 ήδη
1581 2532 1757 2582 παρα-

162 2611 522 2680 γενομένων
583 2611 678 2662 καὶ
727 2611 827 2671 τάς
883 2608 985 2678 μὲν
1034 2608 1128 2661 δύο
1169 2608 1369 2679 ἄνδρας
1427 2608 1756 2668 ἐπιστάντας

162 2701 391 2761 αὑταῖς·
433 2700 537 2760 τὰς
569 2699 624 2751 δὲ
678 2698 989 2766 καθήμενον
1019 2699 1076 2749 ὲν
1108 2700 1220 2758 τοῖς
1255 2697 1448 2760 δεξιοῖς
1475 2694 1756 2748 νεανίσκον

166 2793 332 2845 ίδεῖν·
375 2790 602 2853 στολαῖς
645 2790 702 2841 δὲ
753 2791 1000 2848 ἅπαντας
1049 2788 1460 2857 ἠμφιεσμένους
1509 2787 1752 2849 λευκαῖς.

164 2885 330 2936 Ὥστε
375 2882 641 2936 δύνασθαί
670 2898 792 2934 τινα
826 2884 894 2950 τῇ
919 2881 1027 2933 τῶν
1070 2879 1279 2950 καιρῶν
1324 2878 1497 2943 τάξει,
1528 2882 1597 2930 τὰ
1626 2876 1755 2947 παρ’

164 2975 388 3043 ἑκάστῳ
422 2972 790 3041 γεγραμμένα
844 2970 1094 3024 συνιέντα
1147 2970 1275 3039 μίαν
1325 2967 1612 3038 ἁρμονίαν,
1660 2968 1756 3020 καὶ

162 3066 218 3117 ἓν
248 3066 313 3118 τὸ
346 3064 513 3133 σῶμα
558 3064 741 3132 πάσης
789 3063 1055 3132 ἱστορίας,
1088 3061 1343 3129 καθάπερ
1384 3060 1502 3121 ἑνὸς
1542 3058 1606 3110 τὸ
1646 3061 1757 3110 πᾶν

162 3152 539 3223 γεγραφότος,
580 3153 674 3203 καὶ
713 3152 777 3204 οὐ
820 3151 1053 3203 πολλῶν.
1107 3150 1168 3201 Εἰ
1213 3150 1310 3219 μὲν
1355 3150 1465 3219 γάρ
1501 3150 1630 3217 μιᾶς
1656 3150 1755 3216 ἀφ·

166 3246 330 3311 ίξεως
380 3242 496 3294 τῶν
521 3240 797 3308 γυναικῶν
830 3242 910 3292 ἐνὶ
943 3240 1121 3310 καιρῷ
1146 3241 1465 3310 γενομένης,
1494 3241 1544 3291 οί
1569 3240 1756 3291 τέσσαο
1781 3226 1825 3284 C

167 3350 259 3402 ρες
298 3330 726 3401 ἐμνημόνευσαν
749 3371 765 3395 ,
793 3331 888 3381 καί
915 3328 1044 3392 τοὺς
1076 3328 1271 3390 αὐτοὺς
1297 3325 1452 3380 εἶπον
1486 3328 1752 3394 ἀγγέλους

164 3422 584 3492 ἐπιφανῆναι,ἢ
617 3421 747 3490 μίαν
773 3422 868 3472 καὶ
896 3420 994 3489 τὴν
1019 3420 1189 3489 αὐτὴν
1216 3419 1559 3486 ἐπιφάνειαν,
1587 3418 1755 3487 ἦγουν

164 3515 447 3568 ὀπτασίαν
487 3513 730 3574 ἅπαντες
782 3511 1055 3575 εἰπόντες,
1087 3509 1292 3579 ταύτην
1318 3509 1529 3577 εφασαν
1558 3511 1615 3561 ὲν
1639 3510 1754 3561 δια-

167 3610 360 3678 φόροις
391 3608 610 3674 καιροῖς
653 3604 1026 3673 γεγενῆσθαι,
1058 3605 1159 3672 οὐχ
1194 3605 1311 3667 ένὸς
1346 3601 1755 3673 μνημονεύσαν-

166 3717 255 3763 τες
284 3702 537 3759 ἅπαντες
561 3697 778 3767 χρόνου,
813 3696 1109 3764 διαφωνίας
1138 3692 1253 3764 εἶχε
1297 3696 1503 3764 μέμψιν
1524 3698 1552 3748 ὁ
1576 3695 1751 3763 λόγος.

168 3796 232 3849 Ei
259 3794 323 3847 δὲ
356 3794 458 3844 καὶ
489 3792 539 3843 ot
573 3791 760 3860 καιροὶ
791 3788 1042 3859 διάφοροι
1081 3789 1174 3840 καὶ
1212 3781 1281 3841 τά
1331 3787 1623 3855 πρόσωπα,
1659 3788 1755 3840 καὶ

168 3885 370 3939 αἰτῶν
418 3882 799 3948 ἐπιφανέντων
848 3881 1000 3948 θψεις
1051 3881 1148 3949 οὐχ
1190 3880 1446 3943 ὲαυταὶη,
1480 3878 1575 3931 τοῦ
1616 3879 1754 3931 Θεοῦ

172 3974 536 4046 βουληθέντος
583 3970 673 4023 διὰ
724 3969 938 4022 πολλῶν
990 3969 1209 4038 τρόπων
1263 3967 1642 4022 πιστώσασθαι
1692 3970 1753 4021 τὸ

170 4066 363 4136 θαῦμα
419 4064 520 4132 τῆς
569 4063 963 4125 ἀναστάσεως,
994 4060 1091 4113 καὶ
1133 4059 1214 4129 τῷ
1252 4060 1398 4129 ἄλλῳ
1450 4062 1527 4131 μὴ
1562 4060 1756 4130 λεχθὲν

173 4159 470 4227 ἱστόρησεν
507 4154 665 4215 ἄλλος
688 4162 709 4183 ⁸
746 4152 1178 4219 εὐαγγελιστὴς,
1217 4153 1335 4215 πῶς
1381 4153 1483 4205 οὑκ
1530 4152 1679 4205 ἔστιν
1719 4154 1754 4222 ἠ

170 4251 427 4319 διήγησις
470 4246 567 4316 ὅλη
618 4244 860 4315 καθαρὰ,
908 4244 1005 4298 καὶ
1050 4244 1233 4313 πάσης
1284 4242 1546 4313 μέμψεως
1600 4243 1754 4296 ἐλευ-

170 4344 305 4413 θίρα
325 4359 343 4408 ;
684 4332 689 4371 ⁵

251 4429 485 4499 Ἐπειδὴ
525 4428 584 4481 δὲ
632 4427 847 4481 πολλῶν
886 4425 1116 4495 Μαριῶν
1153 4428 1212 4479 έν
1251 4429 1366 4489 τοῖς
1403 4429 1757 4497 Εὑαγγελίοις

1860 1974 2113 2042 angelum
2147 1973 2215 2027 de
2247 1973 2385 2027 coelo
2420 1972 2790 2036 descendisse,
2826 1972 3172 2042 lapidemque
3201 1990 3232 2027 a
3257 1974 3441 2043 sepul-

1860 2080 1957 2117 cro
2020 2065 2317 2118 revolvisse
2378 2064 2604 2134 scripsit
2652 2064 2717 2117 ³⁷.
2767 2064 3011 2119 Joannes
3071 2082 3205 2120 vero
3270 2066 3440 2120 refert

1860 2157 2083 2209 Mariam
2130 2156 2497 2226 Magdalenam
2550 2157 2742 2219 solam,
2794 2172 2921 2210 cum
2972 2157 3153 2211 adhuc
3200 2157 3438 2211 tenebras

1858 2257 2065 2311 essent,
2113 2257 2239 2301 ante
2280 2263 2532 2301 auroram
2577 2248 2643 2300 ad
2678 2259 3097 2303 monumentum
3134 2251 3437 2317 profectam

1858 2352 1998 2400 esse,
2043 2347 2099 2392 et
2146 2339 2286 2391 intra
2332 2339 2648 2407 sepulcrum
2692 2339 2915 2409 angelos
2963 2340 3316 2408 conspexisse
3369 2340 3434 2395 ³⁸.

1861 2429 2035 2483 Lucas
2061 2447 2193 2484 vero
2219 2431 2355 2484 alias
2380 2431 2594 2484 venisse
2624 2440 2809 2484 narrat
2831 2431 2978 2485 circa
3001 2440 3182 2485 ortum
3208 2432 3434 2496 solis";

1858 2530 1913 2572 at
1944 2518 2158 2572 Marcus
2191 2518 2345 2579 alias,
2379 2527 2502 2571 orto
2528 2520 2637 2587 jam
2681 2519 2816 2581 sole,
2849 2517 3125 2587 adjunctis
3165 2518 3288 2572 aliis
3317 2518 3439 2587 qui-

1858 2610 2109 2671 husdam,
2149 2626 2270 2679 quze
2293 2612 2405 2679 jam
2437 2611 2750 2677 sepulcrum
2782 2608 3063 2675 adierant;
3096 2617 3151 2664 et
3183 2609 3269 2664 his
3298 2611 3439 2664 duos

1859 2703 2007 2756 viros
2049 2703 2320 2766 astitisse;
2349 2704 2467 2755 illas
2498 2718 2628 2755 vero
2654 2703 2913 2769 juvenem
2940 2716 2970 2754 a
2997 2701 3205 2756 dextris
3242 2703 3441 2756 seden-

1860 2802 1968 2847 tem
1998 2794 2220 2858 vidisse,
2248 2810 2441 2848 omm-s
2470 2794 2720 2847 candidis
2746 2793 3089 2847 vestimentis
3114 2794 3339 2849 indutos
3360 2796 3434 2860 ‘°;

1860 2886 1933 2939 ita
1980 2895 2041 2938 ut
2076 2886 2250 2954 possit
2275 2885 2495 2953 aliquis,
2521 2884 2637 2953 qui,
2681 2884 2874 2938 ordine
2908 2894 3211 2953 temporum
3247 2887 3440 2942 obser-

1859 2985 2002 3038 vato,
2052 2975 2308 3044 intelligit
2350 2991 2469 3044 qum
2512 2991 2541 3027 a
2585 2975 2833 3043 quolibet
2861 2975 3193 3046 evangelista
3235 2979 3437 3047 scripta

1857 3074 2008 3129 sunt,
2038 3082 2206 3119 unum
2236 3074 2562 3120 concentum
2596 3073 2653 3117 et
2695 3082 2865 3120 unum
2897 3082 3097 3135 corpus
3140 3068 3309 3122 totius
3350 3069 3437 3123 hi-

1857 3158 2040 3212 storia:
2063 3158 2356 3218 coniicere,
2382 3156 2845 3226 quemadmodum
2873 3158 3141 3227 quidquid
3169 3160 3436 3230 scriptum

1857 3257 1943 3301 est
1976 3247 2141 3302 unius
2170 3248 2462 3316 scriptoris
2502 3256 2605 3309 est,
2653 3254 2710 3300 et
2751 3263 2860 3300 non
2905 3248 3167 3316 plurium.
3196 3249 3253 3303 Si
3285 3251 3434 3304 enim

1855 3346 2094 3407 quatuor
2122 3338 2471 3407 evangelista:
2498 3338 2662 3390 unius
2698 3338 2989 3391 mulierum
3019 3338 3084 3391 ad
3118 3340 3437 3409 sepulcrum

1856 3431 2124 3484 adventus
2170 3429 2576 3491 meminissent,
2623 3429 2958 3498 eosdemque
3007 3432 3230 3500 angelos
3269 3448 3438 3504 appa-

1858 3522 2055 3583 ruisse,
2112 3521 2195 3574 vel
2248 3535 2412 3573 unam
2459 3517 2819 3587 eamdemque
2876 3520 3144 3574 visionem
3199 3522 3438 3579 diversis

1858 3613 2221 3681 temporibus,
2240 3612 2388 3665 nulla
2408 3610 2656 3681 ejusdem
2681 3611 2946 3679 temporis
2968 3613 3248 3669 mentione
3267 3614 3432 3677 facta,

1853 3703 2106 3757 evenisse
2161 3701 2547 3763 asseruissent,
2595 3717 2624 3755 ε
2670 3702 3010 3755 dissonantia
3061 3719 3157 3757 seu
3204 3704 3437 3761 dissidio

1856 3810 2202 3866 nequaquam
2246 3794 2496 3848 excusari
2528 3803 2772 3862 possent.
2801 3793 2856 3846 Si
2888 3806 3070 3848 autem
3101 3805 3159 3850 et
3188 3804 3437 3866 tempora

1856 3891 2073 3943 diversa
2104 3896 2254 3950 sunt,
2285 3895 2342 3941 et
2364 3900 2610 3956 persona:
2633 3884 2885 3949 diversae,
2915 3885 3104 3940 itidem
3132 3888 3435 3957 apparitio-

1858 3995 1955 4034 nes
2005 3988 2169 4049 atque
2217 3977 2474 4039 visiones,
2512 3977 2623 4030 Deo
2671 3976 2839 4031 variis
2880 3978 3057 4031 modis
3106 3980 3435 4036 miraculum

1857 4068 2281 4124 resurrectionis
2309 4066 2689 4131 conﬂrmantc,
2710 4068 2855 4129 etsi,
2881 4068 3027 4136 quod
3048 4069 3118 4123 ab
3143 4086 3252 4124 uno
3270 4072 3439 4127 omis-

1857 4178 1977 4218 sum
2022 4170 2130 4224 est,
2161 4160 2303 4214 alius
2333 4158 2666 4227 evangelista
2700 4159 2972 4226 exposuit,
3003 4160 3279 4228 quomodo
3313 4178 3438 4216 nar-

1858 4253 1999 4307 ratio
2052 4265 2160 4303 non
2198 4258 2284 4302 est
2339 4248 2561 4316 penitus
2610 4248 2825 4300 sincera
2875 4255 2931 4301 et
2982 4262 3141 4317 pura,
3188 4250 3435 4321 nullique

1858 4357 2087 4413 prorsus
2119 4339 2534 4409 reprehensioni
2565 4337 2835 4391 obnoxia?

1926 4435 2197 4490 Cmterum
2230 4446 2355 4485 cum
2388 4431 2442 4483 in
2469 4429 2777 4497 Evangeliis
2801 4429 2996 4483 crebra
3020 4431 3228 4484 mentio
3251 4431 3341 4485 ﬂat
3366 4433 3437 4488 de

171 4527 403 4595 φέρεται
455 4522 668 4591 μνήμη,
720 4521 870 4588 τρεῖς
913 4516 1055 4571 εἶναι
1096 4522 1197 4578 τὰς
1234 4520 1417 4583 πάσας
1460 4522 1753 4589 γινώσκειν

1859 4528 2063 4589 Mariis,
2108 4538 2271 4578 nosse
2322 4529 2540 4591 oportet
2591 4530 2705 4574 tres
2752 4520 2913 4589 hujus
2961 4521 3201 4575 nominis
3243 4522 3435 4587 fuisse,

170 4617 486 4685 ὀφείλομεν,
514 4612 578 4674 ἃς
605 4611 863 4679 Ἰωάννης
886 4609 1192 4681 συλλήϐδην
1209 4612 1537 4682 ἠρίθμησεν,
1560 4613 1749 4665 είπὼν·

177 4726 197 4758 ι
227 4707 602 4775 Είστήκεισαν
641 4703 698 4756 δὲ
743 4702 898 4771 παρὰ
944 4700 1025 4769 τῷ
1072 4703 1295 4771 σταυρῷ
1345 4703 1441 4754 τοῦ
1492 4703 1669 4772 Ἰησοῦ
1716 4706 1749 4775 ὴ

174 4800 364 4867 μήτηρ
396 4793 586 4859 αὐτοῦ,
614 4796 710 4846 καὶ
734 4795 768 4862 ἡ
798 4791 1003 4861 ἀδελφὴ
1036 4791 1136 4859 τῆς
1162 4792 1370 4861 μητρὸς
1409 4794 1599 4861 αὑτοῦ,
1631 4796 1748 4848 Ma-

173 4887 265 4955 ρία
299 4888 335 4955 ή
369 4884 468 4938 τοῦ
505 4884 736 4944 Κλωπᾶ,
771 4882 868 4934 καὶ
909 4882 1099 4951 Μαρία
1129 4883 1164 4949 ἡ
1193 4883 1548 4954 Μαγδαληνή.
1581 4902 1600 4935 ι
1634 4886 1755 4937 Μα-

174 4979 295 5050 ρίαν
325 4977 441 5045 γάρ
490 4975 589 5044 τὴν
631 4972 893 5027 Ἰακώϐου
951 4974 1047 5025 καὶ
1101 4972 1262 5041 Ἰωσὴ
1314 4976 1549 5044 μητέρα,
1601 4977 1753 5047 παρὰ

171 5070 283 5130 τοῖς
314 5065 507 5127 ἄλλοις
538 5063 957 5131 εὐαγγελισταῖς
994 5064 1394 5133 ὠνομασμένην
1418 5067 1519 5134 τὴν
1556 5065 1751 5119 Θεοτό-

172 5172 268 5207 κον
288 5151 433 5207 εἶναι
463 5154 889 5223 μεμαθήκαμεν.
923 5152 1137 5223 Ὥσπερ
1163 5154 1271 5224 γὰρ
1295 5153 1393 5223 τὴν
1413 5155 1751 5225 οἰκονομίαν,

172 5248 267 5298 καὶ
291 5246 354 5297 τὸ
389 5244 816 5313 ἐπισκιασθῆναι
844 5244 937 5297 τὸν
987 5244 1131 5297 θεῖον
1154 5245 1334 5308 τόκον,
1363 5247 1457 5298 καὶ
1484 5247 1559 5317 μὴ
1591 5265 1755 5314 φανε-

176 5337 424 5406 ρωθῆναι
467 5338 583 5397 τοῖς
622 5335 930 5405 μιαιφόνοις
980 5336 1282 5399 Ἰουδαίοις,
1319 5336 1397 5397 ὡς
1437 5338 1608 5407 ἄνδρα
1652 5339 1753 5407 τῆς

177 5429 461 5500 Παρθένου
512 5426 856 5497 χρηματίσαι
904 5428 999 5479 τὸν
1052 5426 1290 5495 Ἰωσήφ·
1335 5428 1753 5499 ἀναγέγραπται

246 5568 291 5599 ’τ
330 5566 526 5621 Matth.
587 5583 769 5622 xxvlu.
863 5566 909 5598 ³⁸
939 5566 1095 5620 Joan.
1136 5582 1224 5620 xx.
1322 5568 1364 5598 ”
1403 5568 1540 5623 Luc.
1590 5585 1735 5624 sxw.

178 5639 265 5693 56.

1842 5574 1886 5605 ⁸⁰
1925 5571 2091 5626 Marc.
2120 5586 2228 5625 xvt.

1858 4635 1995 4690 quas
2023 4626 2245 4671 sanctus
2275 4614 2515 4669 Joannes
2558 4611 2801 4665 breviter
2826 4611 2913 4664 his
2935 4611 3120 4666 verbis
3148 4627 3438 4667 enumera-

1860 4712 1940 4765 vit
1963 4728 1976 4763 :
2010 4729 2026 4759 ι
2061 4708 2292 4763 Stabant
2316 4713 2499 4758 autem
2519 4705 2671 4773 juxta
2697 4717 2916 4757 crucem
2943 4702 3069 4756 Jesu
3099 4711 3274 4757 mater
3295 4705 3434 4771 ejus,

1860 4810 1915 4855 et
1957 4815 2114 4853 soror
2143 4797 2336 4850 matris
2379 4796 2497 4863 ejus
2527 4793 2691 4846 Maria
2724 4792 2999 4860 Cleophm,
3035 4799 3091 4845 et
3118 4792 3281 4846 Maria
3329 4794 3439 4846 Ma-

1860 4891 2088 4961 gdalene
2135 4888 2201 4940 “.
2240 4906 2257 4937 ι
2296 4885 2519 4939 Mariam
2552 4884 2699 4937 enim
2730 4883 2941 4947 Jacobi,
2972 4893 3027 4937 et
3070 4884 3271 4952 Joseph
3318 4902 3438 4937 ma-

1864 4992 2023 5044 trem,
2067 4994 2230 5048 quam
2266 4976 2609 5045 evangelista:
2656 4985 2963 5029 memorant
3006 4976 3072 5041 “,
3122 4990 3231 5029 non
3274 4974 3437 5029 aliam

1860 5088 2021 5144 quam
2060 5072 2234 5140 ipsam
2281 5069 2563 5137 Deiparam
2597 5082 2719 5121 esse
2765 5068 3118 5121 arbitramur.
3164 5067 3440 5133 Quemad-

1862 5163 2081 5218 modum
2111 5162 2283 5224 enim,
2319 5168 2377 5213 ut
2407 5158 2728 5227 mysterium
2777 5158 3175 5213 incarnationis
3204 5168 3261 5214 et
3289 5158 3435 5213 divi-

1861 5271 1964 5309 nus
2011 5261 2202 5322 partus
2253 5251 2658 5312 occultaretur,
2714 5265 2894 5317 neque
2941 5251 3185 5305 scelestis
3231 5250 3436 5304 Judaeis

1861 5342 2025 5415 5,39
2058 5341 2360 5410 pateﬁeret,
2395 5339 2667 5407 Josephus
2706 5355 2803 5406 pro
2829 5341 3025 5393 marito
3054 5340 3224 5393 beata:
3252 5339 3434 5406 Virgi-

1862 5435 1946 5486 nis
1981 5440 2036 5485 et
2068 5446 2167 5501 pro
2210 5438 2361 5500 patre
2402 5428 2607 5483 Christi
2636 5428 2857 5483 habitus
2888 5439 3001 5494 est;
3031 5429 3111 5483 sic
3137 5438 3312 5483 mater
3339 5430 3434 5484 Jo-

2334 5572 2374 5601 "
2409 5570 2565 5625 Joan.
2615 5585 2723 5634 XIX,
2772 5569 2862 5624 25.
2952 5572 2996 5601 δ’
3028 5569 3215 5624 Matth.
3268 5585 3435 5631 xxvu,

1472 5727 1708 5787 VARIIE
1743 5731 2035 5787 LECTION
2044 5731 2148 5787 ES.

255 5822 500 5895 ίκαιρῶν
537 5821 551 5871 i
592 5819 712 5873 καθ’
782 5818 869 5882 ἃς.

453 5920 729 5981 ΡΑτιιυι..
772 5917 890 5977 Gn.
933 5914 1255 5978 LXXXIX.

949 5818 1154 5872 liPlura
1199 5819 1290 5873 hic
1330 5819 1640 5889 σφάλματα.
1718 5819 2080 5893 ³συνὲγραψε.
2160 5830 2200 5858 ³³
2236 5822 2355 5874 κατ’
2385 5820 2565 5875 αὐτόν.
2642 5820 2785 5890 “aiax
2822 5820 2879 5875 αἱ
2926 5817 3104 5872 αὐταί.

3184 5828 3211 5854 υ
3229 5818 3316 5873 ἕτε
3325 5834 3433 5888 ρος.

3004 5910 3081 5972 26
