4200 6440
158 382 265 446 813

1553 379 2065 452 QU/ESTIONES.

3329 389 3438 458 8H.

156 505 265 572 Τῆν
295 501 476 572 αὐτὴν
522 502 580 555 δὲ
638 500 858 570 Μαρίαν
889 501 990 568 τὴν
1033 494 1402 566 Μαγδαληνὴν
1431 498 1746 563 εἰσάγονται

1871 514 1960 550 :on
1995 500 2192 569 tetigit,
2225 502 2447 571 quamlo
2477 504 2662 562 ﬁebat.
2696 515 2751 558 et
2787 519 2893 556 non
2927 505 3214 570 credebat;
3265 509 3444 576 tetigit

156 598 229 664 μὴ
259 596 592 663 ἁπτομένην
623 595 892 663 πρότερον
921 592 1013 644 τοῦ
1036 593 1264 660 Κυρίου,
1296 592 1385 643 ὅτε
1419 590 1624 650 ἔκλαιε,
1655 590 1748 640 κα)⁸

152 689 380 754 ἠπίστει
411 703 426 717 ο
471 688 566 740 καὶ
601 688 920 755 ἁπτομένην
955 684 1144 745 αὑτοῦ,
1201 685 1290 736 ὅτε
1343 683 1556 752 χαίρειν
1613 680 1750 748 μετὰ

149 779 248 847 τῆς
274 778 454 849 ἄλλης
479 779 700 847 Μαρίας
732 779 824 828 ὑπ’
855 777 1020 829 αὑτοῦ
1050 775 1352 828 κελεύεται.
1401 773 1620 842 Ἐπειδὴ
1642 773 1750 843 γὰρ

151 871 222 932 ὡς
255 871 400 920 θεὸν
460 869 622 920 αὑτὸν
669 868 1048 936 προσεκύνησε
1086 865 1337 934 ἔσχατον,
1389 864 1486 915 καὶ
1535 863 1633 930 οὐχ
1675 862 1751 923 ὡς

153 964 474 1031 ἄνθρωπον,
509 962 584 1022 ὡς
616 963 907 1030 πρότερον,
945 960 1033 1010 ὅτε
1064 959 1246 1010 ἔκλαιε
1279 957 1372 1010 καὶ
1399 956 1642 1024 ἠπίστει.

223 1056 369 1123 Περὶ
402 1053 460 1105 δὲ
489 1051 585 1104 τοῦ
618 1053 924 1121 ἑπαπορεῖν
972 1050 1155 1111 πάλιν,
1193 1066 1310 1111 πως
1353 1048 1504 1118 παρὰ
1545 1046 1645 1112 μὲν
1672 1046 1752 1114 τῷ

152 1147 431 1214 Ματθαίῳ
471 1146 551 1206 εἰς
586 1145 683 1212 τὴν
732 1143 1027 1197 Γαλιλαίαν
1057 1137 1242 1210 ὦφθαι
1280 1143 1370 1194 τὸν
1405 1140 1609 1209 Κύριον
1638 1142 1751 1202 τοῖς

156 1241 440 1310 μαθηταῖς
475 1242 531 1290 ὲν
557 1240 635 1308 τῷ
661 1240 802 1303 ὗρει.
829 1241 985 1309 παρὰ
1015 1238 1072 1290 δὲ
1103 1236 1182 1306 τῷ
1215 1237 1443 1307 Ἰωάννῃ
1476 1234 1628 1304 παρὰ
1652 1233 1753 1302 τὴν

154 1334 444 1386 θάλασσαν
477 1333 579 1398 τῆς
629 1331 974 1401 Τιϐεριάδος,
1034 1330 1292 1398 ἐροῦμεν,
1340 1330 1424 1380 ὅτι
1475 1327 1537 1379 οὐ
1593 1327 1752 1395 μόνον

155 1425 306 1488 ἅπαξ
344 1428 442 1477 καὶ
472 1424 576 1486 δὶς,
612 1423 748 1477 ἀλλὰ
781 1423 877 1476 καί
904 1422 1169 1483 πολλάκις
1213 1415 1394 1487 ὦφθαι
1438 1418 1626 1472 αὐτόν.
1663 1418 1754 1469 Διὸ

154 1520 435 1586 τετάρτην
466 1516 738 1569 ὀπτασίαν
770 1517 871 1567 οὑκ
903 1514 969 1566 ἂν
1003 1513 1029 1552 b
1059 1513 1332 1584 ἁμάρτοις
1360 1513 1460 1579 τὴν
1497 1509 1651 1579 παρὰ
1675 1507 1753 1578 τῷ

156 1609 431 1677 Ματθαίῳ
486 1610 667 1676 φήσας
714 1603 854 1660 εῖναι
888 1619 933 1668 ι’,
976 1607 1043 1675 ἣν
1073 1607 1134 1657 ού
1167 1605 1320 1673 παρὰ
1347 1605 1448 1673 τὴν
1474 1601 1752 1654 Θάλασσαν

155 1704 254 1768 τῆς
316 1701 616 1762 Γαλιλαίας
654 1699 702 1771 [ἀ
725 1699 844 1752 οὐδὲ
878 1704 989 1761 τοῖς
1017 1698 1397 1766 ὀπτανομένης
1435 1694 1510 1766 ο],
1544 1694 1658 1747 ἀλλ’
1694 1697 1753 1746 ὲν

155 1795 230 1863 τῷ
260 1795 408 1864 ὄρει,
442 1796 555 1855 τοῖς
592 1792 785 1844 ἕνδεκα
823 1790 1162 1858 πεποιῆσθαι
1199 1789 1507 1858 ἀνέγραψεν
1538 1789 1566 1839 ὁ
1597 1788 1752 1840 Mar-

158 1888 309 1946 θαῖος
345 1885 524 1937 εἰπών
553 1901 567 1913 ο
608 1904 625 1934 ι
662 1885 723 1935 Oi
771 1884 828 1937 δὲ
874 1884 1068 1936 ἕνδεκα
1101 1881 1344 1952 μαθηταὶ
1372 1879 1754 1950 ἐπορεύθησαν

158 1981 235 2039 εἰς
266 1979 332 2030 το
363 1978 494 2046 ὅρος
525 1971 588 2030 οῦ
618 1975 846 2038 ἐτάξατο
877 1975 1062 2036 αὐτοῖς
1087 1975 1116 2025 ὁ
1152 1971 1378 2042 Ἰησοῦς.
1410 1973 1517 2025 Καὶ
1557 1971 1757 2032 ίδόντες

159 2072 346 2134 αὐτὸν,
408 2068 851 2140 προσεκύνησαν.
894 2086 912 2117 ι
967 2067 1079 2118 Καὶ
1128 2065 1266 2134 μετὰ
1323 2064 1483 2118 τοῦτο
1537 2064 1638 2115 οὐκ
1691 2062 1757 2115 ἂν

162 2161 436 2230 σφαλείης
469 2159 658 2222 εἰπὼν,
693 2158 830 2228 ὁμοῦ
865 2159 985 2210 κατ’
1014 2157 1147 2209 αὐτὸ
1178 2157 1544 2224 συνηγμένοις
1572 2156 1757 2216 αὐτοῖς

163 2259 272 2316 τοῖς
328 2254 534 2304 ἕνδεκα
583 2251 854 2320 μαθηταῖς
905 2251 1024 2318 ἅμα
1060 2251 1158 2306 καὶ
1214 2250 1325 2310 τοῖς
1383 2246 1758 2314 ἐϐδομήκοντα

161 2342 350 2412 ὦφθαι
373 2343 565 2396 αὐτόν.
603 2343 661 2394 '0
686 2341 1086 2401 δὲἈπόστολος
1113 2341 1206 2392 καὶ
1227 2339 1306 2390 ἔτι
1326 2338 1514 2390 τοῦτον
1542 2336 1560 2374 ῐ
1587 2338 1759 2388 πλείο-

164 2455 246 2487 σιν
283 2436 574 2505 ἑωρᾶσθαι
605 2435 697 2486 τὸν
745 2433 948 2504 Κύριον
981 2432 1120 2503 μετά
1146 2433 1246 2502 τὴν
1279 2431 1577 2484 ἀνάστασιν
1611 2432 1756 2481 ίστοο

166 2533 247 2598 ρεῐ
281 2530 472 2595 λέγων
499 2544 513 2557 ·
545 2546 561 2577 ι
608 2528 734 2578 ’Ὁτι
763 2527 1064 2596 ἐγήγερται
1091 2528 1159 2594 τῇ
1193 2527 1351 2593 τρίτῃ
1400 2525 1583 2591 ἡμέρα
1615 2522 1756 2573 κατὰ

162 2623 258 2682 τάς
293 2621 531 2688 Γραφάς
555 2636 570 2650 ο
605 2619 697 2671 καὶ
733 2617 886 2687 ὤφθη
921 2618 1108 2686 Κηφᾷ,
1147 2615 1340 2668 ἔπειτα
1369 2618 1482 2667 τοῖς
1510 2615 1754 2666 δώδεκα·

162 2714 357 2765 ἔπειτα
376 2711 538 2780 ὦφθη
567 2711 752 2763 ἐπάνω
777 2707 1151 2768 πεντακοσίοις
1172 2707 1422 2775 ἀδελφοῖς
1451 2708 1535 2772 ἐφ’
1554 2705 1720 2768 ἆπαξ.
1737 2723 1753 2754 ι

173 2805 363 2873 Ὁρᾷς,
381 2802 578 2863 ὁσάκις
634 2802 727 2853 καὶ
757 2802 902 2860 ὅσοις
933 2799 1092 2866 ὤφθη
1114 2798 1252 2866 μετὰ
1280 2799 1380 2867 τὴν
1411 2797 1716 2848 ἀνάστασιν
1743 2812 1756 2858 ;

164 2895 323 2948 υῦτω
374 2896 474 2946 καὶ
505 2894 619 2955 τοῖς
653 2893 712 2944 ἐν
745 2890 1106 2957 Ἰερουσαλὴμ
1159 2887 1640 2959 κρυπταζομένοις
1674 2886 1760 2938 διὰ

162 2991 253 3041 τὴν
277 2987 454 3055 φοϐον
479 2987 590 3037 τῶν
619 2983 892 3036 Ἰουδαίων
917 2997 930 3010 '
956 2982 1050 3033 καὶ
1078 2981 1184 3050 πρό
1213 2997 1276 3046 γε
1303 2979 1522 3032 πάντων
1548 2977 1762 3044 ἀνδρῶν

167 3082 374 3148 Σίμωνι
407 3077 489 3145 τῷ
519 3075 742 3144 Πέτρῳ·
776 3072 1055 3141 γυναικῶν
1098 3073 1174 3133 δὲ,
1204 3074 1324 3133 ταῖς
1356 3070 1501 3137 ἀμφὶ
1516 3071 1580 3136 τῇ
1611 3070 1763 3133 Μαγ-

1853 601 2060 652 autem,
2092 596 2314 660 quando
2338 611 2464 648 cum
2501 597 2670 650 altera
2725 597 2892 650 Maria
2929 612 2957 649 a
3004 598 3232 652 Domino
3265 601 3442 653 audiit

1855 682 1988 734 illud
2020 700 2032 735 :
2069 702 2085 730 ι
2137 687 2302 738 Avcto
2372 690 2412 717 ⁵⁸
2447 705 2458 739 :
2500 710 2517 736 ο
2549 697 2679 740 tunc
2725 689 2988 742 nimirum
3023 691 3242 757 quamlo
3287 693 3440 744 illum

1851 774 2102 828 adoravit
2149 787 2208 829 ut
2231 778 2425 842 Deum,
2462 788 2521 831 et
2552 795 2660 832 non
2687 781 2923 849 amplius
2961 796 3061 849 pro
3094 781 3316 836 homine
3346 783 3444 835 ha-

1855 864 1992 925 buit,
2041 867 2202 920 sicuti
2237 871 2407 938 prius.
2435 885 2560 923 cum
2603 869 2758 923 ﬁeret
2799 880 2855 924 et
2901 870 3137 926 necdum
3168 872 3439 927 crederet.

1923 1047 2002 1100 Ad
2035 1048 2438 1104 dubitationem
2486 1053 2657 1112 illam,
2690 1053 2970 1121 quomodo
3014 1053 3159 1122 apud
3191 1064 3444 1107 sanctum

1855 1138 2167 1194 Matthmum
2201 1141 2468 1196 Dominus
2511 1146 2800 1214 discipulis
2828 1155 3090 1215 appareat
3125 1149 3180 1199 in
3222 1147 3444 1201 Calilaea

1855 1229 1909 1282 in
1945 1243 2130 1286 monte
2160 1235 2226 1297 ",
2269 1234 2414 1303 apud
2461 1236 2727 1290 Joannem
2753 1253 2886 1291 vero
2916 1238 3062 1292 circa
3095 1253 3246 1291 mare
3274 1239 3443 1292 Tibe-

1855 1324 2023 1377 riadis
2050 1326 2124 1389 In;
2173 1327 2593 1394 respondemus,
2635 1329 2918 1383 Christum
2950 1345 3060 1383 non
3090 1331 3260 1385 semel
3305 1332 3445 1384 dun-

1858 1426 2034 1480 taxat,
2087 1418 2181 1470 scd
2252 1419 2450 1488 saepius
2500 1422 2842 1489 apparuisse.
2898 1421 3245 1490 Quapropter
3295 1424 3443 1477 haud

1854 1507 2218 1572 aberraveris,
2270 1511 2336 1574 si,
2380 1527 2543 1580 quam
2597 1513 2884 1567 Matthams
2932 1525 3140 1578 narrat,
3187 1526 3443 1584 quartam

1856 1601 2256 1667 apparitionein
2304 1619 2427 1656 esse
2459 1614 2690 1666 statuas,
2727 1620 2891 1672 quam
2939 1621 3048 1658 non
3089 1608 3243 1674 juxta
3294 1622 3445 1660 male

1855 1689 2108 1754 Galilirze,
2140 1693 2235 1746 sed
2273 1694 2325 1746 in
2359 1705 2544 1748 monte
2578 1695 2835 1749 undecim
2862 1697 3152 1765 discipulis
3177 1699 3444 1753 accidisse

1856 1782 2050 1834 scribit
2107 1783 2192 1836 his
2249 1785 2434 1839 verbis
2481 1804 2492 1837 :
2546 1806 2562 1836 ι
2625 1786 2890 1840 Undecim
2947 1797 3130 1841 autem
3185 1789 3446 1858 discipuli

1856 1871 2112 1925 abierunt
2153 1873 2205 1926 in
2244 1874 2545 1936 Galilmam.
2581 1876 2635 1928 in
2671 1885 2914 1930 montem
2947 1893 3111 1946 quem
3145 1879 3450 1931 constituer-

1861 1973 1941 2015 rat
1989 1963 2098 2014 illis
2143 1963 2322 2016 Jcsus.
2358 1965 2426 2017 Et
2469 1965 2722 2018 videntes
2750 1981 2876 2018 eum
2917 1967 3288 2020 adoraverunt
3316 1969 3378 2021 “.
3422 1989 3439 2019 ι

1858 2054 1970 2106 Nec
2017 2054 2398 2116 aberraveris,
2447 2054 2490 2106 si
2543 2054 2694 2108 dicas
2735 2064 2860 2124 post
2907 2057 3024 2110 inec
3068 2057 3366 2112 excitatum
3415 2075 3446 2112 a

1859 2146 2093 2198 mortuis
2124 2145 2381 2198 undecim
2425 2146 2690 2214 apostolis
2721 2156 2778 2199 ct
2826 2147 3172 2215 septuaginta
3203 2149 3448 2218 discipu-

1859 2238 1926 2290 lis
1967 2237 2128 2290 simul
2169 2238 2516 2305 congregatis
2552 2239 2733 2290 visum
2785 2253 2926 2291 esse.
2955 2238 3254 2308 Apostolus
3296 2251 3448 2295 certe

1859 2328 2040 2380 adhuc
2063 2328 2314 2395 pluribus
2339 2329 2658 2396 apparuisse
2684 2337 2935 2390 testatur,
2961 2344 3085 2383 cum
3109 2330 3187 2383 ait
3214 2348 3226 2382 :
3265 2352 3281 2380 ι
3308 2330 3446 2396 Quia

1862 2420 2163 2473 resurrexit
2194 2419 2355 2472 tertia
2398 2419 2486 2471 die
2531 2419 2835 2472 secundum
2867 2419 3202 2488 Scripturas,
3235 2429 3292 2474 et
3319 2422 3449 2489 quia

1861 2511 2014 2563 visus
2042 2519 2126 2562 est
2154 2509 2373 2578 Cepbaa,
2409 2521 2465 2563 et
2499 2519 2622 2578 post
2663 2510 2768 2563 hoc
2797 2510 3083 2575 undecim;
3134 2511 3334 2565 deinde
3370 2513 3450 2565 vi-

1863 2617 1958 2654 sus
1997 2611 2080 2654 est
2121 2603 2407 2670 plusquam
2456 2601 2776 2670 quingentis
2810 2602 3076 2656 fratribus
3120 2604 3281 2656 simul
3314 2605 3380 2657 ".
3422 2625 3440 2654 ι

1865 2694 2027 2746 Vides
2053 2694 2273 2760 quoties
2304 2702 2359 2744 ct
2402 2708 2562 2760 quam
2600 2693 2790 2745 multis
2820 2702 2941 2761 post
2984 2696 3446 2749 resurrectionem

1863 2798 2017 2836 suam
2053 2798 2112 2836 se
2142 2782 2502 2851 spectandum
2531 2783 2848 2851 prazbuerit.
2886 2784 2962 2837 Ita
2997 2785 3162 2838 etiam
3193 2788 3451 2855 apparuit

1865 2876 1972 2928 illis
2002 2875 2096 2942 qui
2142 2874 2531 2944 Hierosolymis
2571 2874 3053 2928 abscondebantur
3081 2887 3306 2944 propter
3336 2893 3451 2932 me-

1865 2975 1981 3018 tum
2009 2965 2348 3026 Judzeorum,
2374 2975 2430 3017 et
2465 2976 2590 3018 ante
2616 2980 2810 3018 omnes
2833 2966 2980 3018 viros
3018 2967 3228 3021 Simoni
3263 2969 3447 3031 Petro,

1865 3069 1921 3115 ct
1958 3077 2025 3114 ex
2057 3062 2388 3114 mulieribus
2419 3061 2485 3113 iis
2516 3076 2638 3128 qua!
2668 3075 2792 3112 cmn
2839 3061 3153 3129 Magdalena
3187 3073 3347 3117 erant
3379 3065 3448 3116 ".

164 3171 370 3240 δαληνῇ
413 3168 519 3220 5'“.
575 3165 738 3218 Ὅθεν
777 3167 872 3216 καὶ
919 3166 948 3215 ὁ
994 3165 1207 3226 Λουκᾶς
1242 3179 1397 3232 φησι,
1429 3163 1508 3214 Δι’
1541 3161 1761 3232 ἡμερῶν

1868 3152 2137 3218 Quocirca
2164 3162 2218 3203 et
2243 3151 2420 3204 Lucas
2451 3151 2586 3204 dicit
2626 3167 2751 3202 eum
2793 3167 2892 3218 per
2933 3151 3050 3205 dies
3089 3152 3452 3222 quadraginta

167 3261 592 3328 τεσσαράκοντα
621 3256 1013 3323 ὀπτανόμενος,
1070 3255 1166 3306 καὶ
1217 3254 1640 3321 συναλιζόμενος
1666 3252 1765 3303 a6-

165 3357 300 3416 τοῖς,
362 3352 433 3403 τά
485 3351 587 3419 τῆς
620 3348 900 3416 βασιλείας
931 3345 1027 3398 τοῦ
1057 3344 1194 3397 Θεοῦ
1246 3345 1533 3415 παρεδίδου
1590 3345 1762 3413 μαθή-

174 3460 344 3510 ματα.

535 3558 1066 3645 ΕΡΩΤΗΣΙΣ
1130 3558 1263 3641 PN
1271 3553 1378 3642 A'.

175 3703 460 3771 Μαξίμου
496 3701 791 3770 μοναχοῦ.
825 3701 1010 3771 τίνος,
1039 3699 1235 3750 τύπον
1265 3698 1365 3771 καὶ
1397 3699 1601 3751 εἰκόνα
1640 3697 1764 3762 ἔχει

599 3773 638 3839 ἠ
669 3769 964 3836 καθολικὴ
1002 3769 1370 3835 Ἑκκλησία;

783 3883 1174 3938 ΔΠΟΚΡΙΣΙΣ.

257 3985 327 4036 Ίι
369 3977 641 4046 καθολικὴ
676 3975 978 4044 Ἐκκλησία
1003 3973 1173 4035 τύπος
1209 3974 1328 4025 ἐστὶ
1349 3972 1442 4025 τοῦ
1473 3989 1535 4024 τε
1571 3971 1767 4040 νοητοῦ

177 4076 414 4144 κόσμου,
445 4071 543 4123 καὶ
572 4068 668 4120 τοῦ
699 4065 989 4136 αἰσθητοῦ,
1026 4065 1120 4117 καὶ
1155 4063 1251 4117 τοῦ
1285 4063 1598 4134 ἀνθρώπου.
1659 4063 1770 4114 Καὶ

178 4167 274 4220 τοῦ
308 4168 412 4236 μὲν
440 4160 636 4232 νοητοῦ
663 4159 873 4227 κόσμου
909 4156 1180 4226 σύμϐολόν
1209 4157 1328 4208 ἐστι
1369 4155 1433 4206 τὸ
1463 4155 1728 4222 ίερατεῖον
1751 4195 1765 4217 ,

179 4256 275 4310 τοῦ
299 4255 360 4307 δὲ
394 4249 661 4321 αἰσθητοῦ
689 4250 719 4301 ὁ
747 4249 895 4309 ναός.
917 4245 1026 4298 Τοῦ
1054 4245 1110 4297 δὲ
1135 4243 1428 4315 ἀνθρώπου
1456 4241 1621 4296 εἰκών
1653 4245 1770 4294 ἐστι

181 4349 244 4402 τὺ
277 4347 554 4418 ἱερατεῖω
592 4342 692 4412 μὲν
720 4340 818 4409 τῆς
866 4337 1049 4407 ψυχῆς
1073 4353 1087 4366 ο
1117 4337 1146 4387 ὁ
1175 4336 1232 4388 δὲ
1267 4337 1415 4398 ναὸς,
1454 4334 1552 4386 τοῦ
1590 4335 1772 4402 σῶμα·

182 4459 298 4505 τος.
331 4440 445 4508 Τῆς
475 4436 534 4488 δὲ
565 4432 900 4501 τελουμένης
932 4431 991 4481 ὲν
1014 4429 1152 4498 αὐτῇ
1181 4428 1345 4495 ἁγίας
1371 4424 1651 4493 συνάξεως
1677 4466 1692 4489 ,
1735 4427 1770 4495 ἡ

1867 3245 2153 3312 discipulis
2200 3245 2540 3312 apparuisse,
2593 3244 2778 3295 cibum
2825 3244 2987 3296 simul
3033 3244 3354 3313 sumpsisse,
3397 3255 3453 3298 et

1864 3337 2192 3390 documenta
2222 3336 2466 3389 caelestis
2494 3336 2645 3403 regni
2680 3333 2968 3388 tradidisse
2996 3335 3061 3387 ⁸⁷.

2179 3549 2742 3658 QUIESTIO
2814 3551 3132 3640 CLIV.

1937 3704 2019 3756 Ea:
2044 3702 2279 3756 Maximo
2314 3704 2589 3772 monacho,
2619 3703 2771 3770 cujus
2803 3709 2983 3770 typum
3017 3711 3067 3753 et
3097 3701 3380 3772 imaginem

2435 3770 2668 3824 Ecclesia
2695 3781 2842 3840 gerat
2864 3773 2888 3822 2’

2455 3885 2855 3939 llESPONSIO.

1936 3978 2217 4034 Catholica
2251 3977 2496 4029 Ecclesia
2524 3986 2607 4028 est
2643 3977 2814 4044 ﬁgura
2844 3978 3034 4031 mundi
3066 3978 3451 4047 intelligibilis.

1870 4069 2170 4130 sensibilis,
2202 4076 2259 4121 et
2290 4067 2550 4119 hominis.
2601 4065 2964 4135 Intelligibilis
2995 4069 3218 4137 quidem
3260 4070 3454 4124 mundi

1871 4162 2182 4232 symbolum
2237 4167 2323 4213 est
2371 4159 2672 4212 sacrarium
2712 4173 2806 4212 seu
2845 4160 3282 4214 tabernaculum.
3319 4159 3456 4214 Sen-

1873 4252 2071 4314 sibilis,
2104 4251 2368 4318 templum
2402 4265 2497 4303 seu
2531 4265 2657 4317 pars
2690 4251 2876 4318 templi
2903 4249 3062 4320 ul
3091 4259 3246 4306 extra
3275 4267 3456 4306 sacra-

1875 4344 2016 4396 rium
2048 4355 2144 4395 seu
2185 4340 2438 4401 chorum,
2466 4337 2787 4392 hominibus
2813 4340 2991 4408 imago
3019 4351 3103 4393 est
3126 4341 3307 4408 quoad
3338 4343 3459 4395 ani-

1876 4448 2041 4496 mam,
2071 4431 2406 4494 sacrarium;
2455 4430 2742 4496 templum,
2792 4430 3060 4498 corporis.
3099 4431 3330 4496 Quando
3371 4447 3460 4486 sa-

183 4533 292 4602 ρὲν
315 4529 512 4599 πρώτη
542 4524 749 4586 εἴσοδος
776 4523 873 4575 τοῦ
897 4522 1088 4592 ἱερέως
1118 4520 1270 4589 δηλοῖ
1299 4519 1401 4588 μὲν
1415 4518 1514 4588 τὴν
1547 4515 1761 4586 πρώτηκ

1879 4541 1972 4580 cra
2001 4523 2219 4594 synaxis
2247 4537 2343 4576 seu
2383 4521 2548 4575 missa
2589 4521 2894 4589 perﬁcitur,
2943 4523 3155 4589 primus
3199 4523 3461 4578 introitus

184 4622 284 4676 τοῦ
319 4617 566 4689 Χριστοῦ
599 4614 903 4686 παρουσίαν
925 4629 941 4642 ·
973 4612 1043 4664 τά
1072 4611 1130 4664 δὲ
1160 4610 1424 4677 γινόμενα
1471 4606 1612 4676 μετὰ
1639 4605 1772 4658 ταύ-

185 4731 292 4783 την
334 4713 349 4749 ί
384 4707 818 4776 ἁναγνὼσματα,
860 4705 929 4757 τὰ
955 4703 1078 4755 θεῖα
1108 4701 1395 4771 θελήματα
1427 4699 1574 4752 καθὰ
1608 4698 1622 4748 i
1666 4697 1776 4768 χρὴ

188 4809 318 4866 τοὺς
349 4803 561 4863 πάντας
593 4795 944 4851 παιδεύεσθαι
970 4795 1064 4847 καὶ
1085 4790 1466 4845 πολιτεύεσθαι
1497 4789 1773 4858 σημαίνει.

191 4897 268 4949 Τὸ
307 4896 366 4947 δὲ
392 4896 554 4960 άγιον
607 4888 938 4956 Εὑαγγέλιον
994 4883 1266 4954 σύμϐολόν
1305 4885 1424 4935 ἔστι
1453 4882 1556 4951 τῆς
1586 4896 1777 4933 συντε-

191 4989 344 5049 λείας
381 4985 481 5037 τοῦ
516 4983 714 5043 αἰῶνος
737 4981 957 5042 τούτου,
983 4978 1080 5030 καὶ
1111 4976 1206 5029 τοῦ
1237 4973 1533 5036 παντελοῦς
1550 4973 1646 5042 τῆς
1677 4974 1780 5042 ἀρ-

191 5081 355 5148 χαίας
385 5076 600 5142 πλάνης
628 5069 960 5141 ἀφανισμοῦ.
1003 5071 1069 5122 'H
1110 5068 1168 5120 δὲ
1213 5066 1308 5120 τοῦ
1344 5066 1645 5137 ἀρχιερέως
1675 5066 1784 5118 ἀπὸ

193 5168 294 5220 τοῦ
329 5167 528 5236 θρόνου
561 5161 888 5225 κατάϐασις,
918 5161 1014 5214 καὶ
1043 5161 1078 5229 ἡ
1101 5158 1212 5211 τῶν
1237 5159 1668 5227 κατηχουμένων
1690 5159 1784 5209 ὲκ-

195 5257 334 5328 ϐολὴ
367 5256 569 5328 μηνύει
596 5253 696 5323 τὴν
716 5252 811 5305 ἀπ’
830 5250 1064 5322 ούρανοῦ
1096 5251 1336 5322 Χριστοῦ
1365 5248 1625 5318 δευτέραν
1653 5265 1788 5319 παρα

999 5387 1044 5417 ⁸⁵
1080 5385 1215 5441 ibid.
1263 5386 1348 5439 16.
1427 5386 1474 5417 ⁸³
1510 5385 1669 5440 Joan.
1709 5401 1832 5450 xxI,
1875 5385 1925 5437 ί.

284 5396 328 5426 ³⁸
358 5393 555 5447 Matth.
619 5404 806 5449 xxvm.
858 5389 910 5443 9.

202 5465 250 5495 “
284 5463 420 5519 Luc.
459 5477 606 5517 xxiv.
683 5459 729 5490 ’τ
752 5459 875 5514 Act.
904 5474 941 5513 ι.

1880 4613 2184 4669 sacerdotis
2208 4619 2563 4680 repraesentat
2585 4611 2816 4680 primam
2841 4611 3045 4665 Christi
3075 4615 3458 4679 pragsentiam;

1881 4710 2164 4766 lectiones,
2194 4720 2315 4772 quae
2345 4712 2536 4771 postea
2581 4702 2969 4764 instituuntur,
2996 4702 3238 4756 divinam
3268 4705 3466 4757 volun-

1886 4808 2071 4859 tatem,
2122 4795 2188 4848 ad
2242 4810 2403 4862 quam
2457 4809 2673 4868 omnes.
2703 4793 2986 4846 informari
3032 4802 3088 4846 et
3130 4793 3462 4848 conformari

1885 4894 2122 4956 oportet,
2158 4883 2486 4952 signiﬁcant.
2536 4881 2797 4935 Sanctum
2836 4882 3190 4951 Evangelium
3239 4882 3467 4936 exhibet

1882 4975 2411 5031 consummationem
2459 4972 2622 5041 hujus
2669 4972 2874 5033 saeculi,
2905 4982 2961 5024 et
3005 4971 3207 5024 vetusti
3257 4973 3468 5025 erroris

1886 5068 2183 5138 perfectam
2220 5065 2597 5119 abolitionem.
2629 5063 2881 5132 Episcopi
2913 5063 2982 5116 de
3014 5064 3212 5117 throno
3238 5063 3468 5117 descen-

1887 5172 2001 5219 sus,
2033 5164 2087 5208 et
2114 5153 2635 5206 catechumenorum
2656 5152 2926 5219 expulsio,
2962 5152 3016 5204 in
3040 5159 3280 5204 mentem
3307 5151 3469 5203 nobis

1890 5254 2109 5301 revocat
2138 5244 2442 5298 secundum
2470 5241 2676 5296 Christi
2706 5257 2775 5295 ex
2803 5242 2944 5296 cwlo
2977 5241 3272 5296 adventum
3308 5252 3365 5295 et
3386 5257 3469 5295 sc-

2031 5385 2076 5414 "
2126 5381 2318 5436 Matth.
2370 5397 2551 5446 xxvm,
2605 5380 2692 5444 16,
2724 5379 2829 5447 17.
2937 5379 2980 5409 ⁵⁵
3008 5377 3028 5432 1
3055 5377 3180 5434 Cor.
3200 5393 3296 5441 av,
3328 5377 3382 5440 4,
3413 5378 3468 5430 5.

1501 5542 1736 5598 VARI/{‘3
1772 5542 1949 5599 LECT
1955 5541 2063 5598 ΙοΝ
2073 5541 2176 5596 ES.

281 5715 312 5754 δ
332 5714 436 5769 Mai
467 5715 534 5766 ἂν
559 5713 740 5771 abest.

207 5785 602 5854 Μαγδαληνήν.
688 5787 705 5823 ι
745 5780 860 5852 μετ’
891 5775 1084 5850 αὐτήν.
1163 5789 1178 5830 t
1211 5777 1333 5831 καθ’
1358 5775 1413 5832 ἆ.

819 5721 841 5749 ε
880 5710 1137 5778 ὀφθεῖσαν
1167 5703 1330 5778 εἶναι,
1363 5706 1429 5778 μά
1460 5707 1731 5765 Videntur
1758 5707 1990 5762 intrusa.
2060 5717 2082 5744 ο
2105 5703 2210 5760 Mai
2253 5700 2662 5770 ὀπτανομένοις.

2746 5700 2766 5738 ί
2798 5684 3025 5754 τούτων.
3104 5702 3128 5740 ⁸
3165 5698 3190 5736 ³³
3232 5698 3333 5752 Mai
3377 5699 3473 5769 τὴν
