4200 6440
182 377 276 440 Si?

1569 383 2083 453 QUJESTIONES.

3348 381 3453 444 8l8

176 490 349 557 αὐτην
399 491 556 560 ἰσχὺν
605 492 718 562 ἔχει
771 492 907 563 πρὸς
940 492 1038 563 τὴν
1075 489 1380 546 εὐσέϐειαν.
1419 493 1528 547 Καὶ
1555 492 1767 556 τούτοις
1797 559 1801 571 1

1902 508 2059 548 «arem
2091 492 2201 546 vim
2233 492 2440 547 habent
2463 492 2529 547 ad
2569 489 2851 563 pietatem.
2902 493 3013 549 Nec
3043 494 3132 549 his
3161 493 3451 564 quisquam

175 581 352 644 ούδεὶς
383 584 625 653 ἀντερεῖ,
662 587 809 646 ὅστις
866 584 968 637 κᾶν
1024 584 1222 654 μικρὸν
1255 584 1387 652 γοῦν
1438 584 1641 653 θεσμὸν
1676 587 1769 638 ἐκ-

176 674 579 742 κλησιαστικὸν
609 678 965 748 πεπείραται.
996 679 1056 730 Εἰ
1091 678 1199 746 γὰρ
1230 680 1673 748 ἐπεχειρήσαμεν
1701 678 1770 730 τά

176 766 409 832 ἄγραφα
439 769 550 819 τῶν
578 769 718 820 ἐθῶν
755 769 830 830 ὡς
867 770 942 840 μὴ
987 770 1232 838 μεγάλην
1263 772 1455 839 ἔχοντα
1490 770 1588 839 τὴν
1614 769 1771 822 δύνα-

181 875 272 924 μιν
306 859 729 927 παραιτεῖσθαι,
784 860 1046 929 λάθοιμεν
1092 860 1159 912 ἂν
1201 862 1281 923 εἰς
1311 862 1454 914 αὐτὰ
1481 863 1551 914 τά
1580 861 1772 931 καίρια

180 949 494 1017 ζημοῦντες
530 960 569 986 ω
597 951 659 1004 τὸ
700 951 1059 1018 Εὐαγγέλιον,
1096 952 1296 1021 μᾶλλον
1328 953 1384 1005 δὲ
1420 955 1498 1015 είς
1531 952 1772 1021 τοῠνομα

180 1039 338 1107 ψιλὸν
365 1042 739 1111 περιστῶντες
766 1043 827 1096 τὺ
859 1044 929 1107 κή
941 1060 1146 1114 ρυγμαι

256 1213 388 1269 οἷον
421 1218 510 1269 ἴνα
540 1218 636 1271 τοῦ
673 1219 893 1287 πρώτου
929 1220 1023 1272 καὶ
1068 1220 1387 1273 κοινοτάτου
1422 1220 1640 1287 πρῶτον
1675 1220 1781 1288 μά-

185 1311 261 1361 θω
302 1319 356 1373 ι’,
390 1310 472 1378 τῷ
497 1310 655 1380 τύπῳ
676 1311 771 1363 τοῦ
813 1311 1048 1382 σταυροῦ
1080 1313 1207 1373 τοὺς
1253 1313 1334 1373 είς
1374 1312 1435 1363 τὸ
1466 1312 1637 1379 δνομα
1681 1307 1776 1361 τοῦ

187 1402 402 1469 Κυρίου
426 1402 586 1469 ἡμῶν
602 1400 775 1469 Ἰησοῦ
802 1400 1041 1471 Χριστοῦ
1062 1402 1364 1471 ἡλπικότας
1390 1402 1776 1472 σημαίνεσθαι,

185 1489 264 1550 τίς
300 1492 330 1541 ὁ
371 1491 466 1541 διὰ
511 1491 840 1560 γράμματος
895 1489 1157 1555 διδάξας;
1194 1493 1267 1545 Τὸ
1321 1494 1457 1561 πρὸς
1514 1493 1779 1556 ἀνατολὰς

187 1581 532 1649 στρέφεσθαι
568 1584 710 1636 κατὰ
743 1584 841 1652 τὴν
870 1585 1184 1655 προσευχὴν
1216 1587 1347 1637 ποῖα
1395 1586 1545 1654 ἡμᾶς
1576 1584 1779 1650 ἐδίδαξε

187 1671 589 1740 Γραμμάτωνς
652 1674 761 1743 Τῆς
801 1675 1101 1742 ἐκκλησίας
1158 1675 1226 1726 τά
1286 1676 1508 1743 ῥήματα
1570 1676 1661 1727 ἐπὶ
1712 1676 1780 1743 τῇ

188 1763 469 1828 ἀναδείξει
501 1764 595 1818 τοῦ
621 1766 785 1835 ἄρτου
818 1766 920 1835 τῆς
954 1766 1457 1835 Εύχαριστίας,καὶ
1493 1766 1588 1819 τοῦ
1622 1783 1785 1835 ποτη-

1871 585 2225 648 contradicit,
2254 586 2506 654 quisquis
2536 601 2667 639 sane
2698 586 2783 639 vel
2813 588 3053 640 tenuiter
3080 594 3343 655 expertus
3370 592 3455 639 est

1870 696 1993 749 qum
2032 680 2144 733 sint
2186 680 2309 748 jura
2339 678 2734 733 ecclesiastica.
2768 678 2902 732 Nam
2947 678 2991 731 si
3024 677 3457 733 consuetudines

1873 786 1995 839 qua:
2023 771 2227 839 scripto
2259 769 2493 839 prodita:
2524 785 2631 822 non
2665 778 2814 831 sunt,
2845 779 3103 837 tanquam
3134 768 3279 821 hami
3310 767 3455 821 mul-

1875 875 1991 919 tum
2033 863 2300 917 habentes
2331 862 2619 921 momenti,
2667 877 2932 914 conemur
2962 860 3210 928 rejieerc,
3244 860 3457 927 impru-

1874 955 2070 1008 dentes
2106 962 2162 1006 et
2208 968 2270 1005 ea
2320 951 2709 1005 daumabimus
2756 968 2875 1019 qua:
2916 954 2971 1005 in
3018 949 3319 1019 Evangelio
3364 963 3464 1001 ue-

1876 1045 2117 1100 cessaria
2171 1044 2239 1097 ad
2282 1045 2515 1098 salutem
2565 1042 2880 1106 habentur;
2914 1043 3027 1096 imo
3061 1042 3249 1112 potius
3285 1040 3460 1109 ipsam
3524 1096 3527 1097 ν

1879 1137 2005 1191 ﬁdei
2026 1136 2473 1206 praedicationem
2502 1136 2567 1191 ad
2586 1136 2797 1189 nudum
2829 1150 3026 1188 nomen
3044 1134 3463 1189 contrahemus.

1949 1230 2104 1295 Quod
2154 1245 2327 1297 genus
2372 1238 2481 1292 est,
2525 1238 2584 1281 ut
2633 1231 2775 1301 eius,
2822 1228 2968 1297 quod
3003 1228 3239 1297 primum
3283 1234 3367 1281 est
3411 1235 3468 1279 et

1880 1319 2321 1388 vulgatissimum
2348 1318 2530 1387 primo
2561 1319 2683 1371 loco
2713 1330 3146 1373 commemorem
3172 1334 3184 1368 :
3221 1325 3280 1369 ut
3310 1320 3468 1387 signo

1880 1412 2063 1466 erucis
2109 1426 2207 1465 eos
2252 1411 2348 1479 qui
2394 1426 2546 1479 spem
2589 1411 2940 1465 collocarunt
2974 1411 3029 1463 in
3061 1408 3347 1463 Christum
3391 1411 3469 1463 si-

1882 1515 2134 1569 gnemus,
2158 1501 2284 1569 quis
2308 1500 2517 1569 scripto
2540 1500 2769 1555 docuit?
2818 1500 2890 1555 Ut
2926 1500 2993 1553 ad
3020 1499 3291 1553 orientem
3325 1498 3468 1552 versi

1883 1608 2176 1661 precemur
2214 1609 2336 1662 qua:
2368 1609 2467 1647 nos
2510 1593 2702 1648 docuit
2732 1590 3069 1662 Scriptura?
3099 1589 3474 1644 Invocationis

1884 1685 2071 1749 verba,
2108 1701 2235 1739 cum
2290 1686 2605 1738 ostenditur
2636 1686 2794 1754 panis
2823 1686 3188 1741 Eueharistia:
3218 1692 3271 1737 et
3303 1696 3473 1751 pocu-

1885 1778 1997 1829 lum
2026 1776 2454 1838 benedictlonis,
2480 1776 2605 1845 quis
2636 1785 2957 1831 sanctorum
2992 1778 3047 1829 in
3077 1778 3285 1844 scripto
3311 1772 3475 1826 nobis

192 1855 308 1922 ρίου
338 1855 447 1924 τῆς
484 1856 762 1924 εὐλογίας.
815 1858 900 1919 τίς
957 1857 1066 1909 τῶν
1108 1859 1279 1924 ἀγίων
1309 1859 1606 1926 ἐγγράφως
1651 1859 1784 1927 ἡμῖν

1902 1869 2162 1936 reliquit?
2204 1868 2486 1922 Nceeniin
2526 1869 2611 1923 his
2642 1869 2889 1922 contenti
2935 1883 3127 1923 sumus
3167 1881 3293 1936 qua:
3322 1879 3474 1919 com—

190 1948 528 2013 κατέλιπενς
585 1951 660 2001 Ού
704 1950 811 2018 γάρ
864 1951 928 2020 δὴ
986 1950 1197 2012 τούτοις
1248 1949 1591 2019 ἀρκούμεθα.
1634 1944 1709 2001 ὧν
1756 1952 1784 2002 ὁ

202 2037 541 2102 ’Δπόστολος
577 2041 671 2092 καὶ
714 2040 776 2093 τὸ
812 2041 1150 2107 Εὑαγγέλιον
1196 2041 1468 2111 ἐμνήσθη,
1513 2040 1650 2093 ἀλλὰ
1692 2039 1784 2092 καὶ

192 2131 573 2199 προλέγομεν,
630 2134 723 2184 καὶ
779 2132 1110 2202 ἐπιλέγομεν
1162 2133 1349 2202 ἕτερα,
1402 2132 1477 2195 ὼς
1542 2132 1786 2199 μεγάλην

193 2220 391 2291 ἔχοντα
429 2224 571 2291 πρδς
602 2224 665 2275 τὸ
698 2226 998 2294 μυστήριον
1030 2225 1130 2294 τὴν
1173 2225 1329 2292 ἰσχὺν
1360 2226 1424 2276 ὲκ
1460 2225 1560 2292 τῆς
1608 2223 1786 2292 άγρά·

196 2332 297 2383 φου
322 2314 684 2378 διδασκαλίας
716 2316 1262 2385 παραλαμϐάνοντες.

267 2406 645 2472 Εὑλογοῦντες
672 2406 729 2460 δὲ
758 2408 852 2459 καὶ
880 2407 940 2459 τὸ
969 2406 1115 2476 ὕδωρ
1140 2407 1232 2459 τοῦ
1264 2406 1662 2475 βαπτίσματος,
1696 2403 1791 2457 καὶ

194 2500 258 2551 τὺ
283 2500 473 2552 ἔλαιον
501 2501 601 2569 τῆς
627 2504 882 2572 κρίσεως,
908 2503 1003 2553 καὶ
1028 2501 1252 2572 προσέτι
1286 2502 1450 2553 αὐτὸν
1475 2502 1567 2552 τὸν
1599 2500 1791 2568 βαπτι-

200 2592 459 2661 ζόμενον,
494 2593 605 2645 ἀπὸ
645 2594 815 2646 ποίων
848 2595 1179 2663 ἐγγράφωνς
1217 2594 1332 2645 Οὐκ
1364 2591 1473 2644 ἀπδ
1521 2593 1621 2659 τῆς
1658 2608 1790 2642 σιω-

200 2683 476 2751 πωμένης
532 2684 628 2735 καὶ
665 2684 937 2752 μυστικῆς
969 2682 1365 2751 παραδόσεωςς
1408 2681 1473 2731 Τί
1523 2680 1578 2732 δέ
1625 2680 1794 2746 αὐτὴν

202 2774 297 2826 τοῦ
334 2774 525 2826 ἐλαίου
554 2775 654 2845 τὴν
695 2775 896 2844 χρίειν,
936 2776 1022 2837 τίς
1051 2775 1208 2841 λόγος
1254 2771 1643 2841 γεγραμμένος
1692 2769 1796 2821 ἐδί-

204 2865 365 2929 Bais;
400 2865 479 2916 Τὸ
501 2866 559 2916 δὲ
594 2867 713 2935 τρὶς
748 2866 1109 2935 βαπτίζεσθαι
1138 2864 1233 2915 τὸν
1263 2863 1449 2924 αὑτὸν,
1478 2861 1644 2913 πόθεν
1672 2877 1686 2923 ;

277 2958 459 3011 Ἀλλά
491 2959 569 3021 δὲ,
605 2960 705 3011 ὅσα
754 2960 887 3027 περὶ
930 2958 993 3011 τὸ
1034 2958 1340 3025 βάπτισμα,
1392 2951 1799 3008 ἀποτάττεσθαι

206 3050 288 3120 τῷ
324 3052 553 3121 Σατανᾷ
597 3053 826 3113 καὶτοῖς
854 3050 1110 3116 ἀγγέλοις
1148 3048 1337 3109 αὐτοῦ,
1369 3048 1434 3099 ἐκ
1482 3046 1641 3106 ποίας
1684 3045 1801 3096 ἐστὶ

208 3144 439 3214 γραφῆς
464 3146 600 3207 ;οὒκ
630 3146 695 3197 ἐκ
721 3146 821 3214 τῆς
844 3142 1241 3211 ἁδημοσιεύτου
1264 3140 1467 3207 ταύτης
1512 3139 1605 3190 κα¹ι
1630 3139 1796 3205 ἀπορ-

1888 1964 2159 2007 niemorat
2206 1955 2504 2023 Apostolus
2552 1964 2648 2009 aut
2698 1957 3093 2027 Evangelium;
3147 1970 3338 2009 verum
3370 1954 3476 2007 alia

1888 2059 2134 2111 quoque,
2165 2054 2222 2098 et
2251 2056 2377 2098 ante
2409 2056 2465 2099 et
2498 2056 2623 2114 post
2655 2046 2917 2110 dicimus,
2948 2056 3210 2116 tanquam
3241 2045 3474 2098 multum

1890 2136 2150 2189 habentia
2196 2137 2459 2190 momenti
2507 2138 2573 2190 ad
2616 2139 2962 2208 mysterium,
3015 2155 3138 2208 qua:
3190 2154 3257 2191 ex
3313 2135 3480 2191 tradi-

1893 2229 2041 2282 tione
2095 2230 2237 2282 citra
2277 2230 2544 2299 scriptum
2587 2231 2926 2299 accepimus.

1963 2412 2369 2463 Consecramus
2389 2420 2575 2464 autem
2604 2426 2799 2479 aquam
2822 2410 3191 2479 baptismatis,
3214 2418 3271 2463 et
3298 2409 3482 2464 oleum

1898 2503 2201 2564 unctionis,
2252 2510 2518 2570 pratterea
2555 2504 2759 2571 ipsum,
2815 2504 2907 2571 qui
2959 2504 3296 2572 baptismum
3333 2502 3468 2556 acci-

1898 2591 1999 2659 pit,
2039 2590 2337 2658 exquibus
2366 2591 2627 2660 scriptis?
2659 2593 2852 2647 Nonne
2889 2608 2919 2646 ιι
2955 2593 3114 2647 tacita
3160 2600 3474 2660 secretaque

1901 2682 2197 2734 traditione
2211 2683 2233 2733 ?
2251 2682 2426 2750 Ipsam
2446 2699 2612 2750 porro
2631 2684 2736 2737 olei
2761 2683 3137 2738 inunctionem
3156 2684 3283 2753 quis
3301 2697 3486 2737 sermo

1900 2778 2105 2843 scripto
2128 2776 2382 2843 proditus
2419 2775 2776 2830 docnit?Jam
2815 2784 2899 2830 ter
2919 2775 3170 2845 immergi
3203 2774 3487 2831 hominem

1904 2870 2050 2921 umle
2099 2877 2182 2920 est
2232 2867 2536 2921 traditum?

1976 2959 2204 3027 Reliqua
2252 2960 2380 3011 item
2418 2972 2539 3025 qu:e
2580 2955 2720 3009 [lunt
2764 2956 2817 3008 in
2852 2955 3148 3025 baptismo,
3197 2954 3370 3008 veluti
3404 2967 3491 3005 re-

1906 3050 2167 3104 nuntiare
2220 3049 2435 3101 Salanze
2489 3057 2546 3101 et
2592 3048 2803 3117 angelis
2855 3048 2997 3115 ejus,
3051 3044 3214 3117 m
3270 3060 3340 3099 ex
3381 3058 3491 3111 qua

1908 3143 2184 3210 scriptura
2231 3140 2539 3193 habemus?
2589 3138 2782 3193 Nonne
2835 3154 2903 3193 ex
2949 3137 3160 3207 privata
3200 3144 3256 3190 et
3290 3149 3491 3189 arcana

214 3211 402 3304 piﬁtou
452 3211 828 3296 διδασκαλίας,
886 3234 952 3301 ἣν
1001 3236 1059 3284 ἐν
1109 3228 1669 3298 ἀπολυπραγμονήτῳ
1707 3226 1801 3278 καὶ

1907 3234 2010 3287 hac
2054 3232 2384 3287 traditione?
2432 3231 2627 3285 Nonne
2676 3247 2743 3283 ex
2789 3229 3043 3283 doctrina
3083 3243 3247 3297 quam
3297 3227 3492 3281 Patres

210 3326 625 3395 ἀπεριγράπτῳ
655 3325 783 3392 σιγῇ
825 3324 873 3375 οἱ
901 3322 1143 3389 Πατέρες
1170 3318 1326 3389 ἡμῶν
1350 3316 1624 3386 ἐφύλαξαν
1646 3355 1661 3375 ,
1705 3331 1804 3367 κα-

211 3416 321 3476 λῶς
356 3415 564 3465 ἐκεῖνοι
593 3411 991 3479 δεδιδαγμένοι,
1036 3408 1144 3459 τῶν
1180 3406 1496 3476 μυστηρίων
1525 3404 1595 3456 τά
1627 3403 1803 3471 σεμνά

215 3507 401 3574 σιωπῇ
437 3501 845 3565 διασώζεσθαις
881 3504 945 3553 "A
979 3503 1086 3569 γὰρ
1117 3499 1240 3552 ούδέ
1268 3497 1595 3551 ἐποπτεύειν
1626 3495 1805 3559 ἔξεστι

214 3600 327 3660 τοῖς
357 3597 652 3665 ἀμυήτοις,
681 3596 889 3646 τούτων
937 3593 1056 3655 πῶς
1114 3593 1178 3645 ἂν
1211 3587 1278 3661 ἦν
1314 3590 1461 3652 εἰκὸς
1510 3587 1609 3659 τὴν
1655 3589 1804 3642 διδαο

218 3689 457 3742 σκαλίαν
492 3685 853 3757 θριαμϐεύειν
883 3687 941 3737 ἐν
972 3684 1302 3753 γράμμασιν
1331 3699 1346 3745 ;

294 3868 468 3920 ’Δλλο
495 3867 677 3920 τοίνυν
713 3866 913 3934 δόγμα,
967 3864 1062 3917 καὶ
1096 3862 1227 3916 ἄλλο
1268 3862 1555 3931 κήρυγμα.
1588 3858 1671 3909 Τά
1708 3857 1807 3925 μὲν

222 3959 333 4030 γὰρ
359 3960 613 4027 δόγματα
630 3958 905 4010 σιωπᾶται
925 3972 939 3985 ·
964 3956 1032 4007 τὰ
1045 3954 1102 4005 δὲ
1128 3951 1464 4022 κηρύγματα
1485 3950 1548 4016 δη
1559 3948 1810 4018 μοσιεύε-

224 4069 338 4116 ται..
377 4051 598 4119 Σιωπῆς
626 4050 683 4101 δέ
717 4044 858 4109 εἶδος
888 4048 982 4100 καὶ
1014 4048 1047 4115 ἡ
1075 4044 1334 4110 ἀσάφεια,
1430 4041 1631 4112 χρῆται
1666 4039 1809 4108 Γραο

227 4142 323 4212 φὴ,
351 4141 735 4212 δυσθεώρητον
762 4138 1250 4200 κατασκευάζουσα
1278 4134 1388 4187 τῶν
1409 4134 1699 4201 δογμάτων
1720 4130 1813 4183 τὲν

228 4233 352 4287 νοῦν
396 4232 539 4299 πρὸς
568 4230 630 4282 τὸ
653 4230 761 4283 τῶν
787 4229 1225 4297 ἐντυγχανόντων
1255 4223 1556 4284 λυσιτελές.
1604 4220 1811 4273 Τούτου

229 4318 391 4387 χάριν
419 4317 624 4378 πάντες
659 4318 759 4385 μὲν
781 4316 1047 4385 ὁρμῶμεν
1077 4313 1221 4367 κατὰ
1267 4310 1535 4372 ἀνατολάς
1583 4311 1675 4361 ἐπὶ
1705 4308 1814 4360 τῶν

230 4408 580 4478 προσευχῶν,
622 4409 791 4474 ὀλίγοι
831 4409 887 4460 δὲ
931 4407 1111 4475 ἴσμεν,
1135 4407 1219 4457 ὅτι
1247 4404 1347 4473 τὴν
1379 4402 1617 4472 ἀρχαίαν
1648 4401 1813 4454 πάλιν

230 4500 603 4570 ἐπιζητοῦμεν
636 4500 870 4569 πατρίδα
902 4499 993 4551 τὸν
1034 4498 1383 4566 παράδεισον.
1415 4494 1476 4547 ὃν
1510 4493 1810 4561 ἐφύτευσεν
1849 4538 1889 4591 D

231 4590 262 4639 ὁ
287 4590 419 4650 Θεὸς
449 4591 509 4641 ἐν
550 4588 709 4656 Ἐδέμ
737 4588 881 4641 κατά
904 4587 1189 4648 ἀνατολάς.
1227 4586 1335 4639 Καὶ
1359 4584 1511 4652 ὀρθοὶ
1546 4583 1646 4654 μὲν
1674 4582 1815 4651 πλη-

236 4679 440 4748 ροῦμεν
469 4679 573 4740 τὰς
602 4680 769 4747 εὐχὰς
815 4681 870 4731 ἐν
900 4681 967 4748 τῇ
1006 4679 1105 4747 μιᾷ
1134 4676 1241 4728 τῶν
1274 4675 1566 4728 Σαὸδάτων
1592 4690 1605 4705 ι
1639 4674 1732 4727 τὸν
1760 4673 1817 4726 δέ

235 4770 390 4836 λόγον
415 4771 479 4823 ού
509 4773 715 4832 πάντες
750 4770 987 4839 οἴδαμεν.
1017 4770 1091 4821 Ού
1123 4767 1233 4838 γὰρ
1273 4768 1434 4836 μόνον
1465 4766 1541 4830 ὡς
1583 4783 1818 4819 συνανα-

237 4861 466 4923 στάντες
494 4860 577 4930 τῷ
606 4860 845 4930 Χριστῷ,
880 4861 975 4913 καὶ
1028 4858 1095 4911 τά
1136 4860 1249 4912 ἄνω
1294 4857 1479 4928 ζητεῖν
1510 4857 1819 4925 decumam;

238 4953 295 5003 ἐν
315 4956 378 5021 τῇ
408 4951 779 5020 ἀναστασίμῳ
811 4952 998 5022 ᾑμέρᾳ
1025 4953 1124 5019 τῆς
1152 4949 1445 5019 δεδομένης
1486 4950 1618 5017 ἡμῖν
1657 4948 1819 5016 χάρι-

236 5055 347 5102 τος,
376 5039 469 5092 διὰ
498 5039 602 5108 τῆς
631 5041 772 5092 κατὰ
798 5041 896 5107 τὴν
916 5039 1226 5110 προσευχὴν
1258 5038 1483 5099 ἑαυτοὺς
1518 5037 1825 5104 ὑπομιμνή-

243 5146 473 5201 σκομεν,
529 5130 649 5183 ἀλλ’
702 5130 784 5183 δτι
835 5130 985 5183 δοκεῖ
1022 5132 1156 5181 πᾶσι
1208 5128 1302 5181 τοῦ
1365 5127 1821 5198 προσδοκωμένου

242 5221 883 5292 προσδιδομένουαίῶνος
910 5218 1049 5274 εἶναι
1071 5219 1254 5273 εἰκών.
1283 5221 1374 5271 Διὸ
1410 5222 1506 5272 καὶ
1524 5219 1667 5289 ἀρχὴ
1690 5216 1826 5272 οὖσα

241 5315 490 5384 ἡμερῶν,
516 5315 639 5383 οὐχὶ
670 5314 859 5382 πρώτη
894 5313 1047 5384 παρὰ
1085 5311 1349 5374 Μωσέως,
1378 5312 1514 5365 ἀλλὰ
1558 5313 1654 5381 μία
1685 5311 1825 5364 ὠνό-

249 5422 479 5473 μασται.
510 5424 531 5456 ι
571 5405 822 5472 Ἐγένετο
855 5404 984 5473 γὰρ,
1015 5405 1200 5472 φησιν,
1232 5402 1463 5472 ἑσπέρα,
1489 5404 1585 5455 καὶ
1606 5403 1827 5469 ἐγένετο

248 5496 414 5564 πρωῒ,
437 5496 625 5567 ἡμέρα
652 5496 770 5563 μία,
799 5515 816 5546 ι
842 5495 917 5557 ὡς
940 5494 1038 5564 τῆς
1069 5494 1523 5563 ἀνακαλουμένης
1543 5492 1823 5557 πολλάκις.

322 5634 365 5664 ⁸⁵
392 5632 529 5687 Gen.
561 5648 598 5697 ι,
635 5632 686 5686 5.

1908 3324 2083 3378 nostri
2120 3325 2173 3377 in
2204 3323 2445 3385 silentio,
2476 3321 2621 3389 quod
2660 3321 2910 3374 curiosos
2939 3330 2995 3375 et
3025 3321 3235 3373 otiosos
3268 3318 3492 3373 submo-

1906 3423 2020 3475 vet,
2053 3414 2386 3466 servarunt?
2418 3413 2652 3465 Pulchre
2699 3412 2927 3479 quidem
2961 3411 3063 3472 illi,
3101 3409 3365 3464 nimirum
3395 3407 3493 3461 do-

1908 3504 2002 3566 cti,
2056 3518 2385 3556 arcanorum
2432 3504 2847 3555 venerationem
2894 3501 3117 3555 silentio
3147 3500 3489 3555 conservari.

1909 3594 2041 3648 Nam
2088 3608 2210 3660 qua:
2262 3606 2366 3645 nec
2414 3591 2619 3644 intueri
2674 3593 2753 3645 ias
2796 3600 2876 3644 est
2930 3606 3041 3644 non
3091 3590 3346 3652 initiatis,
3397 3589 3490 3657 qui

1909 3683 2275 3739 conveniebat
2322 3684 2502 3736 forum
2549 3683 2855 3737 doctrinam
2902 3682 3206 3752 publicitus
3253 3682 3494 3736 circum-

1911 3777 2041 3831 ferri
2088 3775 2331 3843 scripto?

1982 3864 2147 3920 Aliud
2198 3874 2381 3919 autem
2440 3871 2526 3918 est
2572 3864 2792 3931 dogma,
2840 3863 2991 3917 aliud
3038 3862 3307 3917 edictum.
3360 3860 3496 3916 Nam

1913 3959 2165 4027 dogmata
2216 3958 2491 4021 silentur,
2558 3956 2738 4009 edicta
2788 3970 2921 4009 vero
2979 3955 3350 4024 publicantur.
3402 3953 3499 4007 Est

1913 4060 2096 4105 autem
2146 4049 2350 4104 silentii
2387 4049 2599 4116 species
2621 4048 2787 4101 etiam
2828 4046 3139 4102 obscuritas
3180 4060 3289 4115 qua
3326 4043 3500 4099 utitur

1915 4143 2225 4209 Scriptura,
2261 4148 2501 4193 mentem
2527 4139 2593 4192 ad
2624 4138 3149 4206 contemplationem
3181 4136 3497 4205 dogmatum

1916 4231 2217 4286 inhabilem
2242 4244 2525 4293 exercens,
2552 4229 2718 4297 idque
2741 4228 2809 4281 ad
2841 4228 3135 4283 utilitatem
3162 4227 3217 4280 in
3247 4225 3500 4295 Scriptu-

1918 4326 1994 4379 ris
2024 4325 2378 4379 versantium.
2421 4320 2573 4374 Ilane
2597 4320 2670 4374 ob
2705 4336 2927 4375 causam
2958 4334 3153 4374 omnes
3186 4328 3502 4387 spectamus

1916 4415 1983 4469 ad
2012 4416 2283 4469 orientem
2314 4427 2439 4466 eum
2473 4426 2781 4480 prceaumr.
2814 4410 2981 4465 Pauci
3007 4419 3191 4463 tamen
3221 4407 3500 4465 novimus.

1918 4506 2064 4575 quod
2103 4505 2156 4559 id
2203 4503 2468 4558 facientes
2519 4503 2801 4571 antiquam
2848 4500 3189 4569 requirimus
3240 4497 3498 4567 patriam,

1919 4598 2179 4653 videlicet
2228 4595 2569 4665 paradisum,
2601 4609 2765 4663 quem
2798 4591 3049 4647 eonsevit
3081 4592 3228 4644 Deus
3256 4590 3316 4644 in
3347 4589 3501 4645 Eden

1920 4690 1986 4743 ad
2036 4688 2331 4743 orientem.
2382 4687 2452 4740 At
2492 4686 2548 4739 in
2595 4685 2774 4755 prima
2829 4682 3055 4737 Sabbati
3106 4682 3281 4737 erecti
3333 4681 3503 4751 perli-

1920 4782 2099 4835 cimus
2126 4777 2565 4847 deprecationes,
2595 4776 2692 4830 sed
2734 4776 3004 4829 rationem
3040 4789 3149 4828 non
3182 4788 3374 4828 omnes
3400 4787 3503 4827 no-

1923 4874 2122 4925 vimus.
2172 4871 2292 4925 Nou
2332 4869 2508 4924 solum
2561 4867 2709 4922 enim
2759 4866 2907 4935 quod
2944 4866 3116 4919 veluti
3164 4864 3330 4920 simul
3377 4878 3504 4919 cum

1925 4960 2146 5015 Christo
2181 4959 2517 5020 resuscitati.
2551 4973 2675 5027 quae
2716 4971 2935 5013 sursum
2971 4964 3101 5009 sunt
3132 4970 3382 5025 quaerere
3412 4954 3509 5010 de-

1928 5055 2177 5118 beamus,
2216 5052 2270 5105 in
2317 5051 2407 5105 die
2452 5051 2885 5105 resurrectionis
2933 5050 3074 5104 datae
3108 5049 3270 5103 nobis
3318 5048 3508 5118 gratia:

1925 5146 2124 5199 stando
2184 5153 2475 5215 precantes
2526 5144 2920 5212 notsmetipsos
2957 5140 3509 5201 eommonefacimus.

1927 5235 2023 5289 sed
2071 5234 2218 5303 quod
2251 5235 2297 5287 is
2326 5233 2445 5287 dies
2471 5233 2725 5287 videatur
2748 5232 2935 5301 aliquo
2964 5233 3127 5287 modo
3164 5233 3341 5300 imago
3370 5246 3507 5286 ven-

1934 5326 2038 5380 turi
2065 5327 2273 5380 sreeuli.
2314 5326 2501 5394 quue
2524 5342 2649 5380 eum
2671 5326 2743 5379 sit
2764 5325 3099 5395 principium
3129 5324 3366 5389 dierum,
3396 5340 3508 5379 non

1932 5420 2144 5489 primus
2170 5436 2199 5471 a
2230 5419 2427 5490 Moyse,
2453 5420 2548 5474 sed
2573 5434 2715 5473 unus
2742 5420 3051 5489 appellatus
3096 5426 3204 5473 est.
3244 5437 3261 5469 ι
3282 5418 3509 5472 Factum

1930 5522 2036 5574 est,
2078 5510 2278 5579 inquit,
2306 5526 2540 5580 vespere
2578 5520 2635 5566 et
2659 5526 2819 5568 mane
2845 5511 2967 5566 dies
3004 5526 3150 5567 unus
3183 5510 3229 5541 "
3258 5526 3273 5563 :
3309 5526 3328 5560 ι
3385 5516 3510 5562 tan-

1535 5725 1766 5781 VARI/E
1810 5680 2216 5781 LEC'i‘IONES.

326 5830 365 5858 ι
386 5819 701 5891 ζυμοῦντες.
779 5829 808 5858 ιι
832 5818 1074 5889 μνησθῶ.
