  <div class='ocr_page' id='page_1' title='image "/cluster/home/n/w/nwhite01/storage/ocr_20150623/89/nnc1.0046980172/435.png"; bbox 0 0 4200 6440; ppageno 0'>
   <div class='ocr_carea' id='block_1_1' title="bbox 733 348 834 410">
    <p class='ocr_par' dir='ltr' id='par_1_1' title="bbox 733 348 834 410">
     <span class='ocr_line' id='line_1_1' title="bbox 733 348 834 410; baseline -0.04 -1"><span class='ocrx_word' id='word_1_1' title='bbox 733 348 834 410; x_wconf 71' lang='grc' dir='ltr'>8ίί1</span> 
     </span>
    </p>
   </div>
   <div class='ocr_carea' id='block_1_2' title="bbox 1925 348 2826 409">
    <p class='ocr_par' dir='ltr' id='par_1_2' title="bbox 1925 348 2826 409">
     <span class='ocr_line' id='line_1_2' title="bbox 1925 348 2826 409; baseline 0.003 -2"><span class='ocrx_word' id='word_1_2' title='bbox 1925 354 1981 407; x_wconf 77' lang='lat' dir='ltr'><strong>S.</strong></span> <span class='ocrx_word' id='word_1_3' title='bbox 2057 348 2447 409; x_wconf 81' lang='lat' dir='ltr'><strong>ANASTASII</strong></span> <span class='ocrx_word' id='word_1_4' title='bbox 2506 350 2826 409; x_wconf 66' lang='lat' dir='ltr'><strong>SINAITIE</strong></span> 
     </span>
    </p>
   </div>
   <div class='ocr_carea' id='block_1_3' title="bbox 3887 352 3989 411">
    <p class='ocr_par' dir='ltr' id='par_1_3' title="bbox 3887 352 3989 411">
     <span class='ocr_line' id='line_1_3' title="bbox 3887 352 3989 411; baseline 0 0"><span class='ocrx_word' id='word_1_5' title='bbox 3887 352 3989 411; x_wconf 71' lang='lat'><strong>820</strong></span> 
     </span>
    </p>
   </div>
   <div class='ocr_carea' id='block_1_4' title="bbox 735 468 2322 539">
    <p class='ocr_par' dir='ltr' id='par_1_4' title="bbox 735 468 2313 536">
     <span class='ocr_line' id='line_1_4' title="bbox 735 468 2313 536; baseline 0.001 -17"><span class='ocrx_word' id='word_1_6' title='bbox 735 486 897 535; x_wconf 87' lang='lat' dir='ltr'><strong>quam</strong></span> <span class='ocrx_word' id='word_1_7' title='bbox 944 472 1035 536; x_wconf 89' lang='lat' dir='ltr'><strong>qui</strong></span> <span class='ocrx_word' id='word_1_8' title='bbox 1081 488 1221 536; x_wconf 62' lang='lat' dir='ltr'><strong>smpe</strong></span> <span class='ocrx_word' id='word_1_9' title='bbox 1275 482 1545 529; x_wconf 69' lang='lat' dir='ltr'><strong>recurrat,</strong></span> <span class='ocrx_word' id='word_1_10' title='bbox 1595 477 1651 521; x_wconf 89' lang='lat' dir='ltr'><strong>et</strong></span> <span class='ocrx_word' id='word_1_11' title='bbox 1693 486 1834 523; x_wconf 86' lang='lat' dir='ltr'><strong>unus</strong></span> <span class='ocrx_word' id='word_1_12' title='bbox 1883 470 1956 521; x_wconf 79' lang='lat' dir='ltr'><strong>sit</strong></span> <span class='ocrx_word' id='word_1_13' title='bbox 1988 468 2131 522; x_wconf 88' lang='lat' dir='ltr'><strong>idem</strong></span> <span class='ocrx_word' id='word_1_14' title='bbox 2163 479 2313 521; x_wconf 80' lang='lat' dir='ltr'><strong>octa-</strong></span> 
     </span>
    </p>
   </div>
   <div class='ocr_carea' id='block_1_5' title="bbox 2423 468 3990 539">
    <p class='ocr_par' dir='ltr' id='par_1_5' title="bbox 2423 468 3990 539">
     <span class='ocr_line' id='line_1_5' title="bbox 2423 468 3990 539; baseline 0.001 -20"><span class='ocrx_word' id='word_1_15' title='bbox 2423 468 2511 519; x_wconf 72' lang='grc' dir='ltr'><strong>καὶ</strong></span> <span class='ocrx_word' id='word_1_16' title='bbox 2555 484 2653 533; x_wconf 82' lang='grc' dir='ltr'><strong>μια</strong></span> <span class='ocrx_word' id='word_1_17' title='bbox 2712 469 2919 531; x_wconf 79' lang='grc' dir='ltr'>λοιπὸν,</span> <span class='ocrx_word' id='word_1_18' title='bbox 2957 470 2990 537; x_wconf 89' lang='grc' dir='ltr'><strong>ή</strong></span> <span class='ocrx_word' id='word_1_19' title='bbox 3033 468 3170 537; x_wconf 78' lang='grc' dir='ltr'>αὑτὴ</span> <span class='ocrx_word' id='word_1_20' title='bbox 3211 470 3305 522; x_wconf 71' lang='grc' dir='ltr'><strong>καὶ</strong></span> <span class='ocrx_word' id='word_1_21' title='bbox 3338 471 3499 539; x_wconf 70' lang='grc' dir='ltr'>ὀγδόη</span> <span class='ocrx_word' id='word_1_22' title='bbox 3527 472 3628 539; x_wconf 78' lang='grc' dir='ltr'>τὴν</span> <span class='ocrx_word' id='word_1_23' title='bbox 3661 473 3792 539; x_wconf 80' lang='grc' dir='ltr'>μίαν</span> <span class='ocrx_word' id='word_1_24' title='bbox 3820 469 3990 531; x_wconf 68' lang='grc' dir='ltr'>ὅντως</span> 
     </span>
    </p>
   </div>
   <div class='ocr_carea' id='block_1_6' title="bbox 734 561 2307 629">
    <p class='ocr_par' dir='ltr' id='par_1_6' title="bbox 734 561 2307 629">
     <span class='ocr_line' id='line_1_6' title="bbox 734 561 2307 629; baseline -0.001 -19"><span class='ocrx_word' id='word_1_25' title='bbox 734 576 856 623; x_wconf 80' lang='lat' dir='ltr'><strong>vus,</strong></span> <span class='ocrx_word' id='word_1_26' title='bbox 898 577 1064 611; x_wconf 87' lang='lat' dir='ltr'><strong>unum</strong></span> <span class='ocrx_word' id='word_1_27' title='bbox 1117 561 1270 612; x_wconf 89' lang='lat' dir='ltr'><strong>illum</strong></span> <span class='ocrx_word' id='word_1_28' title='bbox 1308 561 1641 629; x_wconf 78' lang='lat' dir='ltr'><strong>singularem</strong></span> <span class='ocrx_word' id='word_1_29' title='bbox 1684 576 1745 613; x_wconf 91' lang='lat' dir='ltr'><strong>ac</strong></span> <span class='ocrx_word' id='word_1_30' title='bbox 1797 574 1987 613; x_wconf 85' lang='lat' dir='ltr'><strong>verum</strong></span> <span class='ocrx_word' id='word_1_31' title='bbox 2028 571 2307 617; x_wconf 84' lang='lat' dir='ltr'><strong>octavum.</strong></span> 
     </span>
    </p>
   </div>
   <div class='ocr_carea' id='block_1_7' title="bbox 736 649 2313 719">
    <p class='ocr_par' dir='ltr' id='par_1_7' title="bbox 736 649 2313 719">
     <span class='ocr_line' id='line_1_7' title="bbox 736 649 2313 719; baseline -0.002 -16"><span class='ocrx_word' id='word_1_32' title='bbox 736 653 894 719; x_wconf 83' lang='lat' dir='ltr'><strong>cujus</strong></span> <span class='ocrx_word' id='word_1_33' title='bbox 935 649 1217 704; x_wconf 86' lang='lat' dir='ltr'><strong>Psalmisla</strong></span> <span class='ocrx_word' id='word_1_34' title='bbox 1269 649 1470 703; x_wconf 81' lang='lat' dir='ltr'><strong>alicubi</strong></span> <span class='ocrx_word' id='word_1_35' title='bbox 1518 650 1573 703; x_wconf 93' lang='lat' dir='ltr'><strong>in</strong></span> <span class='ocrx_word' id='word_1_36' title='bbox 1623 651 1855 704; x_wconf 75' lang='lat' dir='ltr'><strong>Psalmis</strong></span> <span class='ocrx_word' id='word_1_37' title='bbox 1900 649 2172 711; x_wconf 90' lang='lat' dir='ltr'><strong>meminit,</strong></span> <span class='ocrx_word' id='word_1_38' title='bbox 2215 664 2313 717; x_wconf 86' lang='lat' dir='ltr'><strong>per</strong></span> 
     </span>
    </p>
   </div>
   <div class='ocr_carea' id='block_1_8' title="bbox 738 743 2314 812">
    <p class='ocr_par' dir='ltr' id='par_1_8' title="bbox 738 743 2314 812">
     <span class='ocr_line' id='line_1_8' title="bbox 738 743 2314 812; baseline 0.001 -19"><span class='ocrx_word' id='word_1_39' title='bbox 738 760 795 793; x_wconf 83' lang='lat' dir='ltr'><strong>se</strong></span> <span class='ocrx_word' id='word_1_40' title='bbox 849 743 1188 807; x_wconf 63' lang='lat' dir='ltr'><strong>signiﬁcans,</strong></span> <span class='ocrx_word' id='word_1_41' title='bbox 1242 743 1407 805; x_wconf 87' lang='lat' dir='ltr'><strong>diem,</strong></span> <span class='ocrx_word' id='word_1_42' title='bbox 1466 743 1711 812; x_wconf 89' lang='lat' dir='ltr'><strong>inquam,</strong></span> <span class='ocrx_word' id='word_1_43' title='bbox 1762 751 1886 812; x_wconf 91' lang='lat' dir='ltr'><strong>post</strong></span> <span class='ocrx_word' id='word_1_44' title='bbox 1928 743 2128 795; x_wconf 90' lang='lat' dir='ltr'><strong>horum</strong></span> <span class='ocrx_word' id='word_1_45' title='bbox 2177 750 2314 795; x_wconf 90' lang='lat' dir='ltr'><strong>tem-</strong></span> 
     </span>
    </p>
   </div>
   <div class='ocr_carea' id='block_1_9' title="bbox 738 836 2313 905">
    <p class='ocr_par' dir='ltr' id='par_1_9' title="bbox 738 836 2313 905">
     <span class='ocr_line' id='line_1_9' title="bbox 738 836 2313 905; baseline 0.001 -19"><span class='ocrx_word' id='word_1_46' title='bbox 738 850 934 901; x_wconf 86' lang='lat' dir='ltr'><strong>porum</strong></span> <span class='ocrx_word' id='word_1_47' title='bbox 996 844 1197 889; x_wconf 79' lang='lat' dir='ltr'><strong>statum</strong></span> <span class='ocrx_word' id='word_1_48' title='bbox 1261 852 1543 905; x_wconf 89' lang='lat' dir='ltr'><strong>nunquam</strong></span> <span class='ocrx_word' id='word_1_49' title='bbox 1594 836 1918 899; x_wconf 87' lang='lat' dir='ltr'><strong>liniendum,</strong></span> <span class='ocrx_word' id='word_1_50' title='bbox 1966 851 2030 888; x_wconf 92' lang='lat' dir='ltr'><strong>ac</strong></span> <span class='ocrx_word' id='word_1_51' title='bbox 2072 848 2313 902; x_wconf 73' lang='lat' dir='ltr'><strong>vespera:</strong></span> 
     </span>
    </p>
   </div>
   <div class='ocr_carea' id='block_1_10' title="bbox 739 925 2316 986">
    <p class='ocr_par' dir='ltr' id='par_1_10' title="bbox 739 925 2316 986">
     <span class='ocr_line' id='line_1_10' title="bbox 739 925 2316 986; baseline 0 -10"><span class='ocrx_word' id='word_1_52' title='bbox 739 926 1009 984; x_wconf 88' lang='lat' dir='ltr'><strong>nescium,</strong></span> <span class='ocrx_word' id='word_1_53' title='bbox 1060 944 1157 977; x_wconf 87' lang='lat' dir='ltr'><strong>nec</strong></span> <span class='ocrx_word' id='word_1_54' title='bbox 1202 928 1506 981; x_wconf 86' lang='lat' dir='ltr'><strong>successori</strong></span> <span class='ocrx_word' id='word_1_55' title='bbox 1541 926 1856 986; x_wconf 88' lang='lat' dir='ltr'><strong>cedentem,</strong></span> <span class='ocrx_word' id='word_1_56' title='bbox 1898 925 2004 979; x_wconf 90' lang='lat' dir='ltr'><strong>hoc</strong></span> <span class='ocrx_word' id='word_1_57' title='bbox 2045 933 2129 978; x_wconf 91' lang='lat' dir='ltr'><strong>est</strong></span> <span class='ocrx_word' id='word_1_58' title='bbox 2159 932 2316 977; x_wconf 67' lang='lat' dir='ltr'><strong>mter-</strong></span> 
     </span>
    </p>
   </div>
   <div class='ocr_carea' id='block_1_11' title="bbox 740 1016 2312 1085">
    <p class='ocr_par' dir='ltr' id='par_1_11' title="bbox 740 1016 2312 1085">
     <span class='ocr_line' id='line_1_11' title="bbox 740 1016 2312 1085; baseline -0.001 -16"><span class='ocrx_word' id='word_1_59' title='bbox 740 1020 986 1077; x_wconf 85' lang='lat' dir='ltr'><strong>nitatcm,</strong></span> <span class='ocrx_word' id='word_1_60' title='bbox 1026 1033 1149 1085; x_wconf 77' lang='lat' dir='ltr'><strong>qua:</strong></span> <span class='ocrx_word' id='word_1_61' title='bbox 1196 1034 1296 1071; x_wconf 91' lang='lat' dir='ltr'><strong>nec</strong></span> <span class='ocrx_word' id='word_1_62' title='bbox 1328 1018 1491 1072; x_wconf 89' lang='lat' dir='ltr'><strong>ﬁnem</strong></span> <span class='ocrx_word' id='word_1_63' title='bbox 1529 1019 1713 1076; x_wconf 86' lang='lat' dir='ltr'><strong>habet.</strong></span> <span class='ocrx_word' id='word_1_64' title='bbox 1757 1032 1859 1069; x_wconf 87' lang='lat' dir='ltr'><strong>nec</strong></span> <span class='ocrx_word' id='word_1_65' title='bbox 1893 1016 2107 1070; x_wconf 90' lang='lat' dir='ltr'><strong>senium</strong></span> <span class='ocrx_word' id='word_1_66' title='bbox 2139 1016 2312 1069; x_wconf 85' lang='lat' dir='ltr'><strong>novit.</strong></span> 
     </span>
    </p>
   </div>
   <div class='ocr_carea' id='block_1_12' title="bbox 738 1107 2315 1179">
    <p class='ocr_par' dir='ltr' id='par_1_12' title="bbox 738 1107 2315 1179">
     <span class='ocr_line' id='line_1_12' title="bbox 738 1107 2315 1179; baseline -0.004 -16"><span class='ocrx_word' id='word_1_67' title='bbox 738 1111 1121 1163; x_wconf 79' lang='lat' dir='ltr'><strong>Necessarium</strong></span> <span class='ocrx_word' id='word_1_68' title='bbox 1155 1111 1323 1179; x_wconf 76' lang='lat' dir='ltr'><strong>igitur</strong></span> <span class='ocrx_word' id='word_1_69' title='bbox 1356 1112 1408 1163; x_wconf 91' lang='lat' dir='ltr'><strong>in</strong></span> <span class='ocrx_word' id='word_1_70' title='bbox 1451 1111 1554 1163; x_wconf 91' lang='lat' dir='ltr'><strong>hoc</strong></span> <span class='ocrx_word' id='word_1_71' title='bbox 1582 1109 1672 1162; x_wconf 93' lang='lat' dir='ltr'><strong>die</strong></span> <span class='ocrx_word' id='word_1_72' title='bbox 1701 1109 1944 1162; x_wconf 85' lang='lat' dir='ltr'><strong>Ecclesia</strong></span> <span class='ocrx_word' id='word_1_73' title='bbox 1982 1123 2111 1162; x_wconf 89' lang='lat' dir='ltr'><strong>suos</strong></span> <span class='ocrx_word' id='word_1_74' title='bbox 2138 1107 2315 1159; x_wconf 86' lang='lat' dir='ltr'><strong>almu-</strong></span> 
     </span>
    </p>
   </div>
   <div class='ocr_carea' id='block_1_13' title="bbox 741 1195 2315 1269">
    <p class='ocr_par' dir='ltr' id='par_1_13' title="bbox 741 1195 2315 1269">
     <span class='ocr_line' id='line_1_13' title="bbox 741 1195 2315 1269; baseline -0.004 -13"><span class='ocrx_word' id='word_1_75' title='bbox 741 1220 836 1255; x_wconf 76' lang='lat' dir='ltr'><strong>nos</strong></span> <span class='ocrx_word' id='word_1_76' title='bbox 860 1202 1019 1255; x_wconf 84' lang='lat' dir='ltr'><strong>docet</strong></span> <span class='ocrx_word' id='word_1_77' title='bbox 1049 1210 1259 1255; x_wconf 76' lang='lat' dir='ltr'><strong>stantes</strong></span> <span class='ocrx_word' id='word_1_78' title='bbox 1278 1201 1565 1254; x_wconf 81' lang='lat' dir='ltr'><strong>absolvere</strong></span> <span class='ocrx_word' id='word_1_79' title='bbox 1596 1215 1788 1269; x_wconf 86' lang='lat' dir='ltr'><strong>preces</strong></span> <span class='ocrx_word' id='word_1_80' title='bbox 1816 1213 1963 1261; x_wconf 90' lang='lat' dir='ltr'><strong>suas,</strong></span> <span class='ocrx_word' id='word_1_81' title='bbox 1999 1205 2058 1249; x_wconf 89' lang='lat' dir='ltr'><strong>ut</strong></span> <span class='ocrx_word' id='word_1_82' title='bbox 2091 1195 2315 1249; x_wconf 83' lang='lat' dir='ltr'><strong>assidua</strong></span> 
     </span>
    </p>
   </div>
   <div class='ocr_carea' id='block_1_14' title="bbox 738 1287 2315 1357">
    <p class='ocr_par' dir='ltr' id='par_1_14' title="bbox 738 1287 2315 1357">
     <span class='ocr_line' id='line_1_14' title="bbox 738 1287 2315 1357; baseline -0.004 -13"><span class='ocrx_word' id='word_1_83' title='bbox 738 1293 1172 1345; x_wconf 75' lang='lat' dir='ltr'><strong>i-oiuinonitione</strong></span> <span class='ocrx_word' id='word_1_84' title='bbox 1214 1293 1338 1345; x_wconf 65' lang='lat' dir='ltr'><strong>vitae</strong></span> <span class='ocrx_word' id='word_1_85' title='bbox 1380 1291 1528 1345; x_wconf 92' lang='lat' dir='ltr'><strong>illius</strong></span> <span class='ocrx_word' id='word_1_86' title='bbox 1579 1304 1859 1357; x_wconf 83' lang='lat' dir='ltr'><strong>nunquam</strong></span> <span class='ocrx_word' id='word_1_87' title='bbox 1899 1287 2178 1347; x_wconf 68' lang='lat' dir='ltr'><strong>desitum,</strong></span> <span class='ocrx_word' id='word_1_88' title='bbox 2205 1301 2315 1339; x_wconf 89' lang='lat' dir='ltr'><strong>non</strong></span> 
     </span>
    </p>
   </div>
   <div class='ocr_carea' id='block_1_15' title="bbox 740 1376 2320 1456">
    <p class='ocr_par' dir='ltr' id='par_1_15' title="bbox 740 1376 2320 1456">
     <span class='ocr_line' id='line_1_15' title="bbox 740 1376 2320 1456; baseline -0.006 -18"><span class='ocrx_word' id='word_1_89' title='bbox 740 1388 1082 1456; x_wconf 74' lang='lat' dir='ltr'><strong>negligamus</strong></span> <span class='ocrx_word' id='word_1_90' title='bbox 1136 1384 1199 1438; x_wconf 92' lang='lat' dir='ltr'><strong>ad</strong></span> <span class='ocrx_word' id='word_1_91' title='bbox 1238 1400 1359 1437; x_wconf 89' lang='lat' dir='ltr'><strong>eam</strong></span> <span class='ocrx_word' id='word_1_92' title='bbox 1414 1383 1871 1450; x_wconf 82' lang='lat' dir='ltr'><strong>demigrationem</strong></span> <span class='ocrx_word' id='word_1_93' title='bbox 1916 1392 2111 1447; x_wconf 82' lang='lat' dir='ltr'><strong>parare</strong></span> <span class='ocrx_word' id='word_1_94' title='bbox 2159 1376 2320 1430; x_wconf 86' lang='lat' dir='ltr'><strong>viati-</strong></span> 
     </span>
    </p>
   </div>
   <div class='ocr_carea' id='block_1_16' title="bbox 738 1467 2316 1541">
    <p class='ocr_par' dir='ltr' id='par_1_16' title="bbox 738 1467 2316 1541">
     <span class='ocr_line' id='line_1_16' title="bbox 738 1467 2316 1541; baseline -0.006 -14"><span class='ocrx_word' id='word_1_95' title='bbox 738 1493 882 1529; x_wconf 83' lang='lat' dir='ltr'><strong>cum.</strong></span> <span class='ocrx_word' id='word_1_96' title='bbox 927 1475 1069 1541; x_wconf 87' lang='lat' dir='ltr'><strong>Quin</strong></span> <span class='ocrx_word' id='word_1_97' title='bbox 1100 1485 1155 1529; x_wconf 89' lang='lat' dir='ltr'><strong>et</strong></span> <span class='ocrx_word' id='word_1_98' title='bbox 1188 1484 1364 1527; x_wconf 91' lang='lat' dir='ltr'><strong>totum</strong></span> <span class='ocrx_word' id='word_1_99' title='bbox 1398 1483 1616 1539; x_wconf 82' lang='lat' dir='ltr'><strong>tempus</strong></span> <span class='ocrx_word' id='word_1_100' title='bbox 1636 1484 1810 1537; x_wconf 86' lang='lat' dir='ltr'><strong>usque</strong></span> <span class='ocrx_word' id='word_1_101' title='bbox 1834 1467 1901 1521; x_wconf 89' lang='lat' dir='ltr'><strong>ad</strong></span> <span class='ocrx_word' id='word_1_102' title='bbox 1932 1468 2316 1528; x_wconf 85' lang='lat' dir='ltr'><strong>Pentecosten,</strong></span> 
     </span>
    </p>
   </div>
   <div class='ocr_carea' id='block_1_17' title="bbox 738 1558 2320 1631">
    <p class='ocr_par' dir='ltr' id='par_1_17' title="bbox 738 1558 2320 1631">
     <span class='ocr_line' id='line_1_17' title="bbox 738 1558 2320 1631; baseline -0.007 -11"><span class='ocrx_word' id='word_1_103' title='bbox 738 1569 1042 1622; x_wconf 74' lang='lat' dir='ltr'><strong>admonitio</strong></span> <span class='ocrx_word' id='word_1_104' title='bbox 1091 1577 1174 1621; x_wconf 90' lang='lat' dir='ltr'><strong>est</strong></span> <span class='ocrx_word' id='word_1_105' title='bbox 1205 1564 1633 1620; x_wconf 86' lang='lat' dir='ltr'><strong>resurrectionis</strong></span> <span class='ocrx_word' id='word_1_106' title='bbox 1676 1578 1840 1631; x_wconf 86' lang='lat' dir='ltr'><strong>quam</strong></span> <span class='ocrx_word' id='word_1_107' title='bbox 1887 1560 1942 1613; x_wconf 93' lang='lat' dir='ltr'><strong>in</strong></span> <span class='ocrx_word' id='word_1_108' title='bbox 1989 1560 2083 1613; x_wconf 90' lang='lat' dir='ltr'><strong>illo</strong></span> <span class='ocrx_word' id='word_1_109' title='bbox 2118 1558 2320 1612; x_wconf 72' lang='lat' dir='ltr'><strong>saeculo</strong></span> 
     </span>
    </p>
   </div>
   <div class='ocr_carea' id='block_1_18' title="bbox 736 1648 2320 1727">
    <p class='ocr_par' dir='ltr' id='par_1_18' title="bbox 736 1648 2320 1727">
     <span class='ocr_line' id='line_1_18' title="bbox 736 1648 2320 1727; baseline -0.006 -17"><span class='ocrx_word' id='word_1_110' title='bbox 736 1669 1140 1727; x_wconf 74' lang='lat' dir='ltr'><strong>exspectamus.</strong></span> <span class='ocrx_word' id='word_1_111' title='bbox 1175 1657 1307 1711; x_wconf 84' lang='lat' dir='ltr'><strong>Nam</strong></span> <span class='ocrx_word' id='word_1_112' title='bbox 1342 1672 1485 1709; x_wconf 88' lang='lat' dir='ltr'><strong>unus</strong></span> <span class='ocrx_word' id='word_1_113' title='bbox 1515 1655 1605 1709; x_wconf 90' lang='lat' dir='ltr'><strong>ille</strong></span> <span class='ocrx_word' id='word_1_114' title='bbox 1637 1664 1693 1707; x_wconf 89' lang='lat' dir='ltr'><strong>et</strong></span> <span class='ocrx_word' id='word_1_115' title='bbox 1723 1652 1935 1722; x_wconf 89' lang='lat' dir='ltr'><strong>primus</strong></span> <span class='ocrx_word' id='word_1_116' title='bbox 1970 1650 2087 1703; x_wconf 92' lang='lat' dir='ltr'><strong>dies</strong></span> <span class='ocrx_word' id='word_1_117' title='bbox 2118 1648 2320 1718; x_wconf 82' lang='lat' dir='ltr'><strong>septies</strong></span> 
     </span>
    </p>
   </div>
   <div class='ocr_carea' id='block_1_19' title="bbox 2417 558 3993 633">
    <p class='ocr_par' dir='ltr' id='par_1_19' title="bbox 2417 558 3993 633">
     <span class='ocr_line' id='line_1_19' title="bbox 2417 558 3993 633; baseline 0.001 -23"><span class='ocrx_word' id='word_1_118' title='bbox 2417 560 2636 629; x_wconf 76' lang='grc' dir='ltr'>ἐκείνην</span> <span class='ocrx_word' id='word_1_119' title='bbox 2668 563 2764 612; x_wconf 78' lang='grc' dir='ltr'><strong>καὶ</strong></span> <span class='ocrx_word' id='word_1_120' title='bbox 2794 561 3051 630; x_wconf 74' lang='grc' dir='ltr'>ἀληθινὴν</span> <span class='ocrx_word' id='word_1_121' title='bbox 3075 562 3285 630; x_wconf 72' lang='grc' dir='ltr'>ὀγδόην,</span> <span class='ocrx_word' id='word_1_122' title='bbox 3310 558 3376 633; x_wconf 81' lang='grc' dir='ltr'>ἧς</span> <span class='ocrx_word' id='word_1_123' title='bbox 3402 564 3497 614; x_wconf 67' lang='grc' dir='ltr'><strong>καὶ</strong></span> <span class='ocrx_word' id='word_1_124' title='bbox 3523 564 3551 614; x_wconf 92' lang='grc' dir='ltr'><strong>ὁ</strong></span> <span class='ocrx_word' id='word_1_125' title='bbox 3578 562 3738 614; x_wconf 78' lang='grc' dir='ltr'><strong>Δαυῖδ</strong></span> <span class='ocrx_word' id='word_1_126' title='bbox 3768 562 3827 613; x_wconf 80' lang='grc' dir='ltr'>ἓν</span> <span class='ocrx_word' id='word_1_127' title='bbox 3852 578 3993 613; x_wconf 76' lang='grc' dir='ltr'>τισιν</span> 
     </span>
    </p>
   </div>
   <div class='ocr_carea' id='block_1_20' title="bbox 2418 652 3991 723">
    <p class='ocr_par' dir='ltr' id='par_1_20' title="bbox 2418 652 3991 723">
     <span class='ocr_line' id='line_1_20' title="bbox 2418 652 3991 723; baseline -0.001 -20"><span class='ocrx_word' id='word_1_128' title='bbox 2418 652 2751 720; x_wconf 69' lang='grc' dir='ltr'><strong>ἐπιγραφαῖς</strong></span> <span class='ocrx_word' id='word_1_129' title='bbox 2805 652 2915 703; x_wconf 86' lang='grc' dir='ltr'><strong>τῶν</strong></span> <span class='ocrx_word' id='word_1_130' title='bbox 2973 652 3218 721; x_wconf 79' lang='grc' dir='ltr'>Ψαλμῶν</span> <span class='ocrx_word' id='word_1_131' title='bbox 3262 654 3608 723; x_wconf 70' lang='grc' dir='ltr'>ἐπεμνήσθη,</span> <span class='ocrx_word' id='word_1_132' title='bbox 3658 654 3725 705; x_wconf 80' lang='grc' dir='ltr'>δι’</span> <span class='ocrx_word' id='word_1_133' title='bbox 3784 654 3991 720; x_wconf 80' lang='grc' dir='ltr'>ἑαυτῆς</span> 
     </span>
    </p>
   </div>
   <div class='ocr_carea' id='block_1_21' title="bbox 2418 744 3991 816">
    <p class='ocr_par' dir='ltr' id='par_1_21' title="bbox 2418 744 3991 816">
     <span class='ocr_line' id='line_1_21' title="bbox 2418 744 3991 816; baseline 0 -21"><span class='ocrx_word' id='word_1_134' title='bbox 2418 744 2795 813; x_wconf 68' lang='grc' dir='ltr'><strong>ἐμφανίζουσα</strong></span> <span class='ocrx_word' id='word_1_135' title='bbox 2816 746 2915 814; x_wconf 81' lang='grc' dir='ltr'><strong>τὴν</strong></span> <span class='ocrx_word' id='word_1_136' title='bbox 2933 746 3070 815; x_wconf 77' lang='grc' dir='ltr'>μετά</span> <span class='ocrx_word' id='word_1_137' title='bbox 3091 746 3182 798; x_wconf 70' lang='grc' dir='ltr'><strong>τὸν</strong></span> <span class='ocrx_word' id='word_1_138' title='bbox 3207 746 3395 816; x_wconf 80' lang='grc' dir='ltr'>χρόνον</span> <span class='ocrx_word' id='word_1_139' title='bbox 3416 746 3606 798; x_wconf 85' lang='grc' dir='ltr'>τοῦτον</span> <span class='ocrx_word' id='word_1_140' title='bbox 3631 744 3991 805; x_wconf 76' lang='grc' dir='ltr'>κατάστασιν,</span> 
     </span>
    </p>
   </div>
   <div class='ocr_carea' id='block_1_22' title="bbox 2417 836 3989 908">
    <p class='ocr_par' dir='ltr' id='par_1_22' title="bbox 2417 836 3989 908">
     <span class='ocr_line' id='line_1_22' title="bbox 2417 836 3989 908; baseline -0.001 -21"><span class='ocrx_word' id='word_1_141' title='bbox 2417 837 2515 905; x_wconf 77' lang='grc' dir='ltr'><strong>τὴν</strong></span> <span class='ocrx_word' id='word_1_142' title='bbox 2530 837 2806 889; x_wconf 77' lang='grc' dir='ltr'><strong>ἄπαυστον</strong></span> <span class='ocrx_word' id='word_1_143' title='bbox 2826 836 3065 906; x_wconf 79' lang='grc' dir='ltr'><strong>ἡμέραν,</strong></span> <span class='ocrx_word' id='word_1_144' title='bbox 3088 838 3186 904; x_wconf 84' lang='grc' dir='ltr'>τὴν</span> <span class='ocrx_word' id='word_1_145' title='bbox 3210 838 3533 908; x_wconf 87' lang='grc' dir='ltr'>ἀνέσπερον,</span> <span class='ocrx_word' id='word_1_146' title='bbox 3557 838 3658 907; x_wconf 77' lang='grc' dir='ltr'>τὴν</span> <span class='ocrx_word' id='word_1_147' title='bbox 3689 836 3989 903; x_wconf 79' lang='grc' dir='ltr'>ἀδιάδοχον,</span> 
     </span>
    </p>
   </div>
   <div class='ocr_carea' id='block_1_23' title="bbox 2417 927 3993 999">
    <p class='ocr_par' dir='ltr' id='par_1_23' title="bbox 2417 927 3993 999">
     <span class='ocr_line' id='line_1_23' title="bbox 2417 927 3993 999; baseline -0.001 -19"><span class='ocrx_word' id='word_1_148' title='bbox 2417 931 2509 980; x_wconf 70' lang='grc' dir='ltr'>τὸν</span> <span class='ocrx_word' id='word_1_149' title='bbox 2540 928 2776 999; x_wconf 79' lang='grc' dir='ltr'>ἄληκτον</span> <span class='ocrx_word' id='word_1_150' title='bbox 2807 931 3015 981; x_wconf 86' lang='grc' dir='ltr'>ἐκεῖνον</span> <span class='ocrx_word' id='word_1_151' title='bbox 3055 930 3148 982; x_wconf 72' lang='grc' dir='ltr'><strong>καὶ</strong></span> <span class='ocrx_word' id='word_1_152' title='bbox 3180 930 3377 999; x_wconf 98' lang='grc' dir='ltr'>ἀγήρω</span> <span class='ocrx_word' id='word_1_153' title='bbox 3410 928 3604 982; x_wconf 85' lang='grc' dir='ltr'>αἰῶνα.</span> <span class='ocrx_word' id='word_1_154' title='bbox 3646 927 3993 994; x_wconf 76' lang='grc' dir='ltr'>Ἀναγκαίως</span> 
     </span>
    </p>
   </div>
   <div class='ocr_carea' id='block_1_24' title="bbox 2419 1015 3995 1089">
    <p class='ocr_par' dir='ltr' id='par_1_24' title="bbox 2419 1015 3995 1089">
     <span class='ocr_line' id='line_1_24' title="bbox 2419 1015 3995 1089; baseline -0.002 -20"><span class='ocrx_word' id='word_1_155' title='bbox 2419 1018 2513 1070; x_wconf 71' lang='grc' dir='ltr'><strong>οὖν</strong></span> <span class='ocrx_word' id='word_1_156' title='bbox 2549 1017 2649 1080; x_wconf 87' lang='grc' dir='ltr'><strong>τάς</strong></span> <span class='ocrx_word' id='word_1_157' title='bbox 2684 1020 2741 1071; x_wconf 87' lang='grc' dir='ltr'><strong>ἐν</strong></span> <span class='ocrx_word' id='word_1_158' title='bbox 2782 1019 2921 1089; x_wconf 72' lang='grc' dir='ltr'>αὐτῇ</span> <span class='ocrx_word' id='word_1_159' title='bbox 2977 1018 3287 1087; x_wconf 77' lang='grc' dir='ltr'>προσευχὰς</span> <span class='ocrx_word' id='word_1_160' title='bbox 3339 1019 3585 1081; x_wconf 78' lang='grc' dir='ltr'><strong>ἑστῶτας</strong></span> <span class='ocrx_word' id='word_1_161' title='bbox 3638 1015 3995 1086; x_wconf 70' lang='grc' dir='ltr'><strong>ἀποπληροῦν</strong></span> 
     </span>
    </p>
   </div>
   <div class='ocr_carea' id='block_1_25' title="bbox 2419 1109 3995 1179">
    <p class='ocr_par' dir='ltr' id='par_1_25' title="bbox 2419 1109 3995 1179">
     <span class='ocr_line' id='line_1_25' title="bbox 2419 1109 3995 1179; baseline -0.002 -16"><span class='ocrx_word' id='word_1_162' title='bbox 2419 1113 2542 1172; x_wconf 84' lang='grc' dir='ltr'>τοὺς</span> <span class='ocrx_word' id='word_1_163' title='bbox 2572 1111 2773 1179; x_wconf 86' lang='grc' dir='ltr'>ἐαυτῆς</span> <span class='ocrx_word' id='word_1_164' title='bbox 2818 1109 3118 1179; x_wconf 80' lang='grc' dir='ltr'><strong>τροφίμους</strong></span> <span class='ocrx_word' id='word_1_165' title='bbox 3168 1112 3202 1179; x_wconf 78' lang='grc' dir='ltr'>ἡ</span> <span class='ocrx_word' id='word_1_166' title='bbox 3250 1109 3547 1178; x_wconf 73' lang='grc' dir='ltr'><strong>Ἐκκλησία</strong></span> <span class='ocrx_word' id='word_1_167' title='bbox 3596 1109 3869 1172; x_wconf 76' lang='grc' dir='ltr'>παιδεύει,</span> <span class='ocrx_word' id='word_1_168' title='bbox 3912 1109 3995 1160; x_wconf 77' lang='grc' dir='ltr'>ἵνα</span> 
     </span>
    </p>
   </div>
   <div class='ocr_carea' id='block_1_26' title="bbox 2419 1201 3995 1274">
    <p class='ocr_par' dir='ltr' id='par_1_26' title="bbox 2419 1201 3995 1274">
     <span class='ocr_line' id='line_1_26' title="bbox 2419 1201 3995 1274; baseline -0.003 -20"><span class='ocrx_word' id='word_1_169' title='bbox 2419 1204 2484 1274; x_wconf 79' lang='grc' dir='ltr'>τῇ</span> <span class='ocrx_word' id='word_1_170' title='bbox 2519 1204 2735 1272; x_wconf 78' lang='grc' dir='ltr'>συνεχεῖ</span> <span class='ocrx_word' id='word_1_171' title='bbox 2779 1202 3086 1270; x_wconf 80' lang='grc' dir='ltr'><strong>ὑπομνήσει</strong></span> <span class='ocrx_word' id='word_1_172' title='bbox 3143 1201 3243 1269; x_wconf 81' lang='grc' dir='ltr'><strong>τῆς</strong></span> <span class='ocrx_word' id='word_1_173' title='bbox 3287 1201 3652 1268; x_wconf 80' lang='grc' dir='ltr'><strong>ἀτελευτήτου</strong></span> <span class='ocrx_word' id='word_1_174' title='bbox 3699 1201 3847 1267; x_wconf 77' lang='grc' dir='ltr'>ζωῆς</span> <span class='ocrx_word' id='word_1_175' title='bbox 3890 1201 3995 1250; x_wconf 82' lang='grc' dir='ltr'><strong>τῶν</strong></span> 
     </span>
    </p>
   </div>
   <div class='ocr_carea' id='block_1_27' title="bbox 2422 1290 3996 1365">
    <p class='ocr_par' dir='ltr' id='par_1_27' title="bbox 2422 1290 3996 1365">
     <span class='ocr_line' id='line_1_27' title="bbox 2422 1290 3996 1365; baseline -0.004 -18"><span class='ocrx_word' id='word_1_176' title='bbox 2422 1296 2556 1365; x_wconf 76' lang='grc' dir='ltr'>πρὸς</span> <span class='ocrx_word' id='word_1_177' title='bbox 2601 1295 2700 1364; x_wconf 85' lang='grc' dir='ltr'>τὴν</span> <span class='ocrx_word' id='word_1_178' title='bbox 2751 1295 3082 1363; x_wconf 83' lang='grc' dir='ltr'>μετάστασιν</span> <span class='ocrx_word' id='word_1_179' title='bbox 3120 1294 3337 1363; x_wconf 79' lang='grc' dir='ltr'>ἐκείνην</span> <span class='ocrx_word' id='word_1_180' title='bbox 3372 1294 3599 1361; x_wconf 75' lang='grc' dir='ltr'><strong>ἐφοδίων</strong></span> <span class='ocrx_word' id='word_1_181' title='bbox 3657 1292 3734 1361; x_wconf 73' lang='grc' dir='ltr'><strong>μὴ</strong></span> <span class='ocrx_word' id='word_1_182' title='bbox 3777 1290 3996 1360; x_wconf 79' lang='grc' dir='ltr'>ἀμελῶ-</span> 
     </span>
    </p>
   </div>
   <div class='ocr_carea' id='block_1_28' title="bbox 2423 1382 3996 1456">
    <p class='ocr_par' dir='ltr' id='par_1_28' title="bbox 2423 1382 3996 1456">
     <span class='ocr_line' id='line_1_28' title="bbox 2423 1382 3996 1456; baseline -0.004 -17"><span class='ocrx_word' id='word_1_183' title='bbox 2423 1405 2542 1456; x_wconf 88' lang='grc' dir='ltr'>μεν.</span> <span class='ocrx_word' id='word_1_184' title='bbox 2580 1388 2690 1440; x_wconf 83' lang='lat' dir='ltr'><strong>Ka‘t</strong></span> <span class='ocrx_word' id='word_1_185' title='bbox 2719 1388 2868 1439; x_wconf 80' lang='grc' dir='ltr'>πᾶσα</span> <span class='ocrx_word' id='word_1_186' title='bbox 2906 1386 2963 1439; x_wconf 76' lang='grc' dir='ltr'><strong>δέ</strong></span> <span class='ocrx_word' id='word_1_187' title='bbox 3000 1387 3033 1456; x_wconf 86' lang='grc' dir='ltr'><strong>ή</strong></span> <span class='ocrx_word' id='word_1_188' title='bbox 3064 1385 3413 1455; x_wconf 74' lang='grc' dir='ltr'>Πεντηκοστὴ</span> <span class='ocrx_word' id='word_1_189' title='bbox 3441 1385 3543 1454; x_wconf 83' lang='grc' dir='ltr'>τῆς</span> <span class='ocrx_word' id='word_1_190' title='bbox 3585 1385 3644 1436; x_wconf 84' lang='grc' dir='ltr'><strong>ἐν</strong></span> <span class='ocrx_word' id='word_1_191' title='bbox 3702 1384 3781 1452; x_wconf 80' lang='grc' dir='ltr'>τῷ</span> <span class='ocrx_word' id='word_1_192' title='bbox 3836 1382 3996 1435; x_wconf 80' lang='grc' dir='ltr'>αἰῶνι</span> 
     </span>
    </p>
   </div>
   <div class='ocr_carea' id='block_1_29' title="bbox 2421 1474 3993 1550">
    <p class='ocr_par' dir='ltr' id='par_1_29' title="bbox 2421 1474 3993 1550">
     <span class='ocr_line' id='line_1_29' title="bbox 2421 1474 3993 1550; baseline -0.007 -16"><span class='ocrx_word' id='word_1_193' title='bbox 2421 1480 2877 1550; x_wconf 67' lang='grc' dir='ltr'><strong>προσδοκωμένης</strong></span> <span class='ocrx_word' id='word_1_194' title='bbox 2932 1477 3286 1540; x_wconf 72' lang='grc' dir='ltr'>ἀναστάσεως</span> <span class='ocrx_word' id='word_1_195' title='bbox 3340 1479 3487 1529; x_wconf 87' lang='grc' dir='ltr'>ἐστιν</span> <span class='ocrx_word' id='word_1_196' title='bbox 3537 1476 3865 1542; x_wconf 78' lang='grc' dir='ltr'>ὑπόμνημα.</span> <span class='ocrx_word' id='word_1_197' title='bbox 3932 1474 3993 1523; x_wconf 88' lang='grc'><strong>’11</strong></span> 
     </span>
    </p>
   </div>
   <div class='ocr_carea' id='block_1_30' title="bbox 2422 1566 3997 1641">
    <p class='ocr_par' dir='ltr' id='par_1_30' title="bbox 2422 1566 3997 1641">
     <span class='ocr_line' id='line_1_30' title="bbox 2422 1566 3997 1641; baseline -0.004 -15"><span class='ocrx_word' id='word_1_198' title='bbox 2422 1575 2531 1641; x_wconf 72' lang='grc' dir='ltr'><strong>γάρ</strong></span> <span class='ocrx_word' id='word_1_199' title='bbox 2565 1574 2664 1641; x_wconf 88' lang='grc' dir='ltr'><strong>μία</strong></span> <span class='ocrx_word' id='word_1_200' title='bbox 2696 1571 2880 1641; x_wconf 77' lang='grc' dir='ltr'>ἐκείνη</span> <span class='ocrx_word' id='word_1_201' title='bbox 2913 1572 3007 1623; x_wconf 70' lang='grc' dir='ltr'><strong>καὶ</strong></span> <span class='ocrx_word' id='word_1_202' title='bbox 3024 1568 3218 1639; x_wconf 81' lang='grc' dir='ltr'>πρώτη</span> <span class='ocrx_word' id='word_1_203' title='bbox 3236 1570 3421 1639; x_wconf 84' lang='grc' dir='ltr'>ήμέρα</span> <span class='ocrx_word' id='word_1_204' title='bbox 3454 1568 3685 1629; x_wconf 75' lang='grc' dir='ltr'><strong>ἑπτάκις</strong></span> <span class='ocrx_word' id='word_1_205' title='bbox 3712 1566 3997 1619; x_wconf 76' lang='grc' dir='ltr'>ἑπταπλαο</span> 
     </span>
    </p>
   </div>
   <div class='ocr_carea' id='block_1_31' title="bbox 2426 1655 3997 1729">
    <p class='ocr_par' dir='ltr' id='par_1_31' title="bbox 2426 1655 3997 1729">
     <span class='ocr_line' id='line_1_31' title="bbox 2426 1655 3997 1729; baseline -0.007 -14"><span class='ocrx_word' id='word_1_206' title='bbox 2426 1663 2735 1723; x_wconf 82' lang='grc' dir='ltr'>σιασθεῖσα,</span> <span class='ocrx_word' id='word_1_207' title='bbox 2765 1663 2865 1724; x_wconf 82' lang='grc' dir='ltr'>τὰς</span> <span class='ocrx_word' id='word_1_208' title='bbox 2923 1661 3063 1713; x_wconf 89' lang='grc' dir='ltr'><strong>ἐπτά</strong></span> <span class='ocrx_word' id='word_1_209' title='bbox 3087 1660 3187 1729; x_wconf 86' lang='grc' dir='ltr'>τῆς</span> <span class='ocrx_word' id='word_1_210' title='bbox 3228 1660 3381 1728; x_wconf 78' lang='grc' dir='ltr'>ἱερᾶς</span> <span class='ocrx_word' id='word_1_211' title='bbox 3422 1657 3804 1725; x_wconf 80' lang='grc' dir='ltr'>Πεντηκοστῆς</span> <span class='ocrx_word' id='word_1_212' title='bbox 3844 1655 3997 1706; x_wconf 73' lang='grc' dir='ltr'>ἐϐδο-</span> 
     </span>
    </p>
   </div>
   <div class='ocr_carea' id='block_1_32' title="bbox 739 1726 2322 1822">
    <p class='ocr_par' dir='ltr' id='par_1_32' title="bbox 739 1726 2314 1820">
     <span class='ocr_line' id='line_1_32' title="bbox 739 1726 2314 1820; baseline -0.005 -17"><span class='ocrx_word' id='word_1_213' title='bbox 739 1726 1153 1820; x_wconf 82' lang='lat' dir='ltr'><strong>multiplicatus,</strong></span> <span class='ocrx_word' id='word_1_214' title='bbox 1190 1758 1399 1819; x_wconf 87' lang='lat' dir='ltr'><strong>septem</strong></span> <span class='ocrx_word' id='word_1_215' title='bbox 1426 1765 1594 1802; x_wconf 80' lang='lat' dir='ltr'><strong>sacra:</strong></span> <span class='ocrx_word' id='word_1_216' title='bbox 1626 1748 1979 1801; x_wconf 85' lang='lat' dir='ltr'><strong>Pentecostes</strong></span> <span class='ocrx_word' id='word_1_217' title='bbox 2013 1744 2314 1798; x_wconf 87' lang='lat' dir='ltr'><strong>hebdoma-</strong></span> 
     </span>
    </p>
   </div>
   <div class='ocr_carea' id='block_1_33' title="bbox 2423 1726 3998 1822">
    <p class='ocr_par' dir='ltr' id='par_1_33' title="bbox 2423 1726 3998 1822">
     <span class='ocr_line' id='line_1_33' title="bbox 2423 1726 3998 1822; baseline -0.007 -16"><span class='ocrx_word' id='word_1_218' title='bbox 2423 1753 2594 1822; x_wconf 82' lang='grc' dir='ltr'>μάδας</span> <span class='ocrx_word' id='word_1_219' title='bbox 2625 1752 2898 1805; x_wconf 84' lang='grc' dir='ltr'>ἀποτελεῖ.</span> <span class='ocrx_word' id='word_1_220' title='bbox 2930 1753 3026 1803; x_wconf 84' lang='grc' dir='ltr'>Ἐκ</span> <span class='ocrx_word' id='word_1_221' title='bbox 3068 1726 3292 1820; x_wconf 73' lang='grc' dir='ltr'>πρῶτης</span> <span class='ocrx_word' id='word_1_222' title='bbox 3319 1750 3429 1819; x_wconf 84' lang='grc' dir='ltr'>γὰρ</span> <span class='ocrx_word' id='word_1_223' title='bbox 3454 1748 3755 1819; x_wconf 80' lang='grc' dir='ltr'>ἀρχομένη,</span> <span class='ocrx_word' id='word_1_224' title='bbox 3787 1748 3873 1808; x_wconf 84' lang='grc' dir='ltr'>εἰς</span> <span class='ocrx_word' id='word_1_225' title='bbox 3901 1746 3998 1810; x_wconf 80' lang='grc' dir='ltr'>τὴν</span> 
     </span>
    </p>
   </div>
   <div class='ocr_carea' id='block_1_34' title="bbox 737 1836 2320 1911">
    <p class='ocr_par' dir='ltr' id='par_1_34' title="bbox 737 1836 2320 1911">
     <span class='ocr_line' id='line_1_34' title="bbox 737 1836 2320 1911; baseline -0.004 -17"><span class='ocrx_word' id='word_1_226' title='bbox 737 1845 836 1895; x_wconf 84' lang='lat' dir='ltr'><strong>das</strong></span> <span class='ocrx_word' id='word_1_227' title='bbox 885 1844 1140 1896; x_wconf 85' lang='lat' dir='ltr'><strong>absolvit.</strong></span> <span class='ocrx_word' id='word_1_228' title='bbox 1196 1844 1233 1896; x_wconf 75' lang='grc' dir='ltr'><strong>Α</strong></span> <span class='ocrx_word' id='word_1_229' title='bbox 1277 1843 1455 1911; x_wconf 91' lang='lat' dir='ltr'><strong>primo</strong></span> <span class='ocrx_word' id='word_1_230' title='bbox 1501 1841 1650 1895; x_wconf 88' lang='lat' dir='ltr'><strong>enim</strong></span> <span class='ocrx_word' id='word_1_231' title='bbox 1697 1838 1969 1908; x_wconf 89' lang='lat' dir='ltr'><strong>incipiens</strong></span> <span class='ocrx_word' id='word_1_232' title='bbox 2012 1838 2064 1889; x_wconf 93' lang='lat' dir='ltr'><strong>in</strong></span> <span class='ocrx_word' id='word_1_233' title='bbox 2110 1836 2320 1905; x_wconf 88' lang='lat' dir='ltr'><strong>princi-</strong></span> 
     </span>
    </p>
   </div>
   <div class='ocr_carea' id='block_1_35' title="bbox 740 1929 2316 2002">
    <p class='ocr_par' dir='ltr' id='par_1_35' title="bbox 740 1929 2316 2002">
     <span class='ocr_line' id='line_1_35' title="bbox 740 1929 2316 2002; baseline -0.002 -19"><span class='ocrx_word' id='word_1_234' title='bbox 740 1935 889 2002; x_wconf 89' lang='lat' dir='ltr'><strong>pium</strong></span> <span class='ocrx_word' id='word_1_235' title='bbox 924 1934 1151 1997; x_wconf 86' lang='lat' dir='ltr'><strong>desinit,</strong></span> <span class='ocrx_word' id='word_1_236' title='bbox 1186 1942 1294 1987; x_wconf 88' lang='lat' dir='ltr'><strong>etc.</strong></span> <span class='ocrx_word' id='word_1_237' title='bbox 1322 1934 1552 2002; x_wconf 87' lang='lat' dir='ltr'><strong>Insuper</strong></span> <span class='ocrx_word' id='word_1_238' title='bbox 1573 1932 1793 2000; x_wconf 91' lang='lat' dir='ltr'><strong>quoties</strong></span> <span class='ocrx_word' id='word_1_239' title='bbox 1813 1945 1989 1999; x_wconf 78' lang='lat' dir='ltr'><strong>genua</strong></span> <span class='ocrx_word' id='word_1_240' title='bbox 2022 1929 2316 1987; x_wconf 85' lang='lat' dir='ltr'><strong>flectimus.</strong></span> 
     </span>
    </p>
   </div>
   <div class='ocr_carea' id='block_1_36' title="bbox 737 2019 2317 2092">
    <p class='ocr_par' dir='ltr' id='par_1_36' title="bbox 737 2019 2317 2092">
     <span class='ocr_line' id='line_1_36' title="bbox 737 2019 2317 2092; baseline -0.001 -19"><span class='ocrx_word' id='word_1_241' title='bbox 737 2035 791 2075; x_wconf 77' lang='lat' dir='ltr'><strong>et</strong></span> <span class='ocrx_word' id='word_1_242' title='bbox 823 2041 1011 2077; x_wconf 90' lang='lat' dir='ltr'><strong>rursus</strong></span> <span class='ocrx_word' id='word_1_243' title='bbox 1040 2025 1325 2091; x_wconf 77' lang='lat' dir='ltr'><strong>erigimur,</strong></span> <span class='ocrx_word' id='word_1_244' title='bbox 1361 2025 1481 2092; x_wconf 86' lang='lat' dir='ltr'><strong>ipso</strong></span> <span class='ocrx_word' id='word_1_245' title='bbox 1513 2023 1657 2075; x_wconf 89' lang='lat' dir='ltr'><strong>facto</strong></span> <span class='ocrx_word' id='word_1_246' title='bbox 1685 2020 2031 2075; x_wconf 86' lang='lat' dir='ltr'><strong>ostendimus</strong></span> <span class='ocrx_word' id='word_1_247' title='bbox 2061 2020 2209 2089; x_wconf 90' lang='lat' dir='ltr'><strong>quod</strong></span> <span class='ocrx_word' id='word_1_248' title='bbox 2247 2019 2317 2072; x_wconf 95' lang='lat' dir='ltr'><strong>ob</strong></span> 
     </span>
    </p>
   </div>
   <div class='ocr_carea' id='block_1_37' title="bbox 739 2110 2317 2185">
    <p class='ocr_par' dir='ltr' id='par_1_37' title="bbox 739 2110 2317 2185">
     <span class='ocr_line' id='line_1_37' title="bbox 739 2110 2317 2185; baseline -0.004 -16"><span class='ocrx_word' id='word_1_249' title='bbox 739 2129 1023 2185; x_wconf 44' lang='lat' dir='ltr'><strong>peceatum</strong></span> <span class='ocrx_word' id='word_1_250' title='bbox 1074 2118 1125 2170; x_wconf 93' lang='lat' dir='ltr'><strong>iu</strong></span> <span class='ocrx_word' id='word_1_251' title='bbox 1161 2126 1360 2169; x_wconf 86' lang='lat' dir='ltr'><strong>terram</strong></span> <span class='ocrx_word' id='word_1_252' title='bbox 1400 2114 1605 2182; x_wconf 82' lang='lat' dir='ltr'><strong>delapsi</strong></span> <span class='ocrx_word' id='word_1_253' title='bbox 1646 2128 1861 2175; x_wconf 84' lang='lat' dir='ltr'><strong>sumus,</strong></span> <span class='ocrx_word' id='word_1_254' title='bbox 1910 2120 1966 2164; x_wconf 90' lang='lat' dir='ltr'><strong>et</strong></span> <span class='ocrx_word' id='word_1_255' title='bbox 1998 2127 2094 2179; x_wconf 91' lang='lat' dir='ltr'><strong>per</strong></span> <span class='ocrx_word' id='word_1_256' title='bbox 2122 2110 2317 2163; x_wconf 82' lang='lat' dir='ltr'><strong>huma-</strong></span> 
     </span>
    </p>
   </div>
   <div class='ocr_carea' id='block_1_38' title="bbox 740 2200 2316 2280">
    <p class='ocr_par' dir='ltr' id='par_1_38' title="bbox 740 2200 2316 2280">
     <span class='ocr_line' id='line_1_38' title="bbox 740 2200 2316 2280; baseline -0.006 -18"><span class='ocrx_word' id='word_1_257' title='bbox 740 2211 965 2263; x_wconf 87' lang='lat' dir='ltr'><strong>nitatem</strong></span> <span class='ocrx_word' id='word_1_258' title='bbox 1020 2210 1140 2280; x_wconf 86' lang='lat' dir='ltr'><strong>ejus</strong></span> <span class='ocrx_word' id='word_1_259' title='bbox 1177 2208 1270 2276; x_wconf 90' lang='lat' dir='ltr'><strong>qui</strong></span> <span class='ocrx_word' id='word_1_260' title='bbox 1316 2206 1523 2260; x_wconf 80' lang='lat' dir='ltr'><strong>creavit</strong></span> <span class='ocrx_word' id='word_1_261' title='bbox 1569 2220 1688 2268; x_wconf 90' lang='lat' dir='ltr'><strong>nos,</strong></span> <span class='ocrx_word' id='word_1_262' title='bbox 1734 2204 1788 2256; x_wconf 88' lang='lat' dir='ltr'><strong>in</strong></span> <span class='ocrx_word' id='word_1_263' title='bbox 1829 2204 2030 2256; x_wconf 71' lang='lat' dir='ltr'><strong>cmlum</strong></span> <span class='ocrx_word' id='word_1_264' title='bbox 2080 2200 2316 2255; x_wconf 81' lang='lat' dir='ltr'><strong>revocati</strong></span> 
     </span>
    </p>
   </div>
   <div class='ocr_carea' id='block_1_39' title="bbox 741 2318 953 2354">
    <p class='ocr_par' dir='ltr' id='par_1_39' title="bbox 741 2318 953 2354">
     <span class='ocr_line' id='line_1_39' title="bbox 741 2318 953 2354; baseline -0.005 0"><span class='ocrx_word' id='word_1_265' title='bbox 741 2318 953 2354; x_wconf 70' lang='lat' dir='ltr'><strong>SlllllllS.</strong></span> 
     </span>
    </p>
   </div>
   <div class='ocr_carea' id='block_1_40' title="bbox 813 2381 2319 2456">
    <p class='ocr_par' dir='ltr' id='par_1_40' title="bbox 813 2381 2319 2456">
     <span class='ocr_line' id='line_1_40' title="bbox 813 2381 2319 2456; baseline -0.005 -13"><span class='ocrx_word' id='word_1_266' title='bbox 813 2392 1038 2443; x_wconf 84' lang='lat' dir='ltr'><strong>Deﬁciet</strong></span> <span class='ocrx_word' id='word_1_267' title='bbox 1065 2406 1151 2443; x_wconf 93' lang='lat' dir='ltr'><strong>me</strong></span> <span class='ocrx_word' id='word_1_268' title='bbox 1180 2390 1321 2450; x_wconf 87' lang='lat' dir='ltr'><strong>dies,</strong></span> <span class='ocrx_word' id='word_1_269' title='bbox 1356 2389 1400 2442; x_wconf 92' lang='lat' dir='ltr'><strong>si</strong></span> <span class='ocrx_word' id='word_1_270' title='bbox 1438 2388 1696 2442; x_wconf 71' lang='lat' dir='ltr'><strong>Ecclesia:</strong></span> <span class='ocrx_word' id='word_1_271' title='bbox 1728 2385 1985 2456; x_wconf 79' lang='lat' dir='ltr'><strong>mysteria</strong></span> <span class='ocrx_word' id='word_1_272' title='bbox 2013 2384 2148 2437; x_wconf 81' lang='lat' dir='ltr'><strong>citra</strong></span> <span class='ocrx_word' id='word_1_273' title='bbox 2182 2381 2319 2436; x_wconf 84' lang='lat' dir='ltr'><strong>scri-</strong></span> 
     </span>
    </p>
   </div>
   <div class='ocr_carea' id='block_1_41' title="bbox 741 2478 2316 2550">
    <p class='ocr_par' dir='ltr' id='par_1_41' title="bbox 741 2478 2316 2550">
     <span class='ocr_line' id='line_1_41' title="bbox 741 2478 2316 2550; baseline -0.005 -15"><span class='ocrx_word' id='word_1_274' title='bbox 741 2492 893 2550; x_wconf 89' lang='lat' dir='ltr'><strong>ptum</strong></span> <span class='ocrx_word' id='word_1_275' title='bbox 960 2483 1161 2535; x_wconf 89' lang='lat' dir='ltr'><strong>tradita</strong></span> <span class='ocrx_word' id='word_1_276' title='bbox 1214 2498 1434 2550; x_wconf 70' lang='lat' dir='ltr'><strong>pergam</strong></span> <span class='ocrx_word' id='word_1_277' title='bbox 1486 2495 1792 2534; x_wconf 91' lang='lat' dir='ltr'><strong>recensere.</strong></span> <span class='ocrx_word' id='word_1_278' title='bbox 1848 2478 2055 2530; x_wconf 86' lang='lat' dir='ltr'><strong>Omitto</strong></span> <span class='ocrx_word' id='word_1_279' title='bbox 2099 2485 2316 2537; x_wconf 69' lang='lat' dir='ltr'><strong>caetera,</strong></span> 
     </span>
    </p>
   </div>
   <div class='ocr_carea' id='block_1_42' title="bbox 744 2565 2315 2641">
    <p class='ocr_par' dir='ltr' id='par_1_42' title="bbox 744 2565 2315 2641">
     <span class='ocr_line' id='line_1_42' title="bbox 744 2565 2315 2641; baseline -0.006 -15"><span class='ocrx_word' id='word_1_280' title='bbox 744 2576 915 2641; x_wconf 86' lang='lat' dir='ltr'><strong>ipsam</strong></span> <span class='ocrx_word' id='word_1_281' title='bbox 971 2573 1095 2625; x_wconf 88' lang='lat' dir='ltr'><strong>lidei</strong></span> <span class='ocrx_word' id='word_1_282' title='bbox 1134 2572 1530 2641; x_wconf 82' lang='lat' dir='ltr'><strong>professionem</strong></span> <span class='ocrx_word' id='word_1_283' title='bbox 1575 2568 1740 2640; x_wconf 67' lang='lat' dir='ltr'><strong>m</strong></span> <span class='ocrx_word' id='word_1_284' title='bbox 1792 2583 1898 2638; x_wconf 90' lang='lat' dir='ltr'><strong>qua</strong></span> <span class='ocrx_word' id='word_1_285' title='bbox 1945 2566 2224 2620; x_wconf 84' lang='lat' dir='ltr'><strong>credimus</strong></span> <span class='ocrx_word' id='word_1_286' title='bbox 2262 2565 2315 2616; x_wconf 94' lang='lat' dir='ltr'><strong>in</strong></span> 
     </span>
    </p>
   </div>
   <div class='ocr_carea' id='block_1_43' title="bbox 738 2654 2321 2728">
    <p class='ocr_par' dir='ltr' id='par_1_43' title="bbox 738 2654 2321 2728">
     <span class='ocr_line' id='line_1_43' title="bbox 738 2654 2321 2728; baseline -0.007 -10"><span class='ocrx_word' id='word_1_287' title='bbox 738 2665 981 2725; x_wconf 79' lang='lat' dir='ltr'><strong>Patrem,</strong></span> <span class='ocrx_word' id='word_1_288' title='bbox 1026 2673 1083 2716; x_wconf 92' lang='lat' dir='ltr'><strong>et</strong></span> <span class='ocrx_word' id='word_1_289' title='bbox 1131 2663 1351 2723; x_wconf 83' lang='lat' dir='ltr'><strong>Filium,</strong></span> <span class='ocrx_word' id='word_1_290' title='bbox 1398 2669 1453 2715; x_wconf 91' lang='lat' dir='ltr'><strong>et</strong></span> <span class='ocrx_word' id='word_1_291' title='bbox 1485 2661 1756 2728; x_wconf 87' lang='lat' dir='ltr'><strong>Spiritum</strong></span> <span class='ocrx_word' id='word_1_292' title='bbox 1809 2667 2082 2719; x_wconf 84' lang='lat' dir='ltr'><strong>sanetum,</strong></span> <span class='ocrx_word' id='word_1_293' title='bbox 2128 2672 2159 2708; x_wconf 91' lang='lat' dir='ltr'><strong>e</strong></span> <span class='ocrx_word' id='word_1_294' title='bbox 2199 2654 2321 2724; x_wconf 86' lang='lat' dir='ltr'><strong>qui-</strong></span> 
     </span>
    </p>
   </div>
   <div class='ocr_carea' id='block_1_44' title="bbox 742 2748 2316 2822">
    <p class='ocr_par' dir='ltr' id='par_1_44' title="bbox 742 2748 2316 2822">
     <span class='ocr_line' id='line_1_44' title="bbox 742 2748 2316 2822; baseline -0.006 -13"><span class='ocrx_word' id='word_1_295' title='bbox 742 2757 848 2809; x_wconf 89' lang='lat' dir='ltr'><strong>bus</strong></span> <span class='ocrx_word' id='word_1_296' title='bbox 892 2756 1162 2809; x_wconf 83' lang='lat' dir='ltr'><strong>habemus</strong></span> <span class='ocrx_word' id='word_1_297' title='bbox 1203 2754 1455 2822; x_wconf 89' lang='lat' dir='ltr'><strong>scriptis?</strong></span> <span class='ocrx_word' id='word_1_298' title='bbox 1489 2752 1706 2805; x_wconf 81' lang='lat' dir='ltr'><strong>Etenim</strong></span> <span class='ocrx_word' id='word_1_299' title='bbox 1756 2750 1801 2803; x_wconf 89' lang='lat' dir='ltr'><strong>si</strong></span> <span class='ocrx_word' id='word_1_300' title='bbox 1837 2749 2096 2818; x_wconf 89' lang='lat' dir='ltr'><strong>quoniam</strong></span> <span class='ocrx_word' id='word_1_301' title='bbox 2126 2762 2193 2801; x_wconf 80' lang='lat' dir='ltr'><strong>ex</strong></span> <span class='ocrx_word' id='word_1_302' title='bbox 2222 2748 2316 2800; x_wconf 90' lang='lat' dir='ltr'><strong>ba-</strong></span> 
     </span>
    </p>
   </div>
   <div class='ocr_carea' id='block_1_45' title="bbox 742 2841 2321 2917">
    <p class='ocr_par' dir='ltr' id='par_1_45' title="bbox 742 2841 2321 2917">
     <span class='ocr_line' id='line_1_45' title="bbox 742 2841 2321 2917; baseline -0.006 -17"><span class='ocrx_word' id='word_1_303' title='bbox 742 2848 929 2917; x_wconf 89' lang='lat' dir='ltr'><strong>ptismi</strong></span> <span class='ocrx_word' id='word_1_304' title='bbox 973 2846 1290 2905; x_wconf 89' lang='lat' dir='ltr'><strong>traditione,</strong></span> <span class='ocrx_word' id='word_1_305' title='bbox 1339 2846 1491 2914; x_wconf 79' lang='lat' dir='ltr'><strong>juxta</strong></span> <span class='ocrx_word' id='word_1_306' title='bbox 1534 2842 1754 2911; x_wconf 87' lang='lat' dir='ltr'><strong>pietatis</strong></span> <span class='ocrx_word' id='word_1_307' title='bbox 1783 2841 2225 2910; x_wconf 83' lang='lat' dir='ltr'><strong>congruentiam,</strong></span> <span class='ocrx_word' id='word_1_308' title='bbox 2262 2849 2321 2892; x_wconf 89' lang='lat' dir='ltr'><strong>ut</strong></span> 
     </span>
    </p>
   </div>
   <div class='ocr_carea' id='block_1_46' title="bbox 742 2931 2320 3007">
    <p class='ocr_par' dir='ltr' id='par_1_46' title="bbox 742 2931 2320 3007">
     <span class='ocr_line' id='line_1_46' title="bbox 742 2931 2320 3007; baseline -0.005 -15"><span class='ocrx_word' id='word_1_309' title='bbox 742 2940 1108 3007; x_wconf 87' lang='lat' dir='ltr'><strong>baptizamnr,</strong></span> <span class='ocrx_word' id='word_1_310' title='bbox 1163 2940 1235 2991; x_wconf 86' lang='lat' dir='ltr'><strong>ita</strong></span> <span class='ocrx_word' id='word_1_311' title='bbox 1280 2938 1507 2992; x_wconf 89' lang='lat' dir='ltr'><strong>credere</strong></span> <span class='ocrx_word' id='word_1_312' title='bbox 1553 2936 1845 2995; x_wconf 86' lang='lat' dir='ltr'><strong>debemus,</strong></span> <span class='ocrx_word' id='word_1_313' title='bbox 1878 2933 2114 2987; x_wconf 89' lang='lat' dir='ltr'><strong>similem</strong></span> <span class='ocrx_word' id='word_1_314' title='bbox 2144 2931 2320 3003; x_wconf 86' lang='lat' dir='ltr'><strong>bapti-</strong></span> 
     </span>
    </p>
   </div>
   <div class='ocr_carea' id='block_1_47' title="bbox 742 3024 2321 3099">
    <p class='ocr_par' dir='ltr' id='par_1_47' title="bbox 742 3024 2321 3099">
     <span class='ocr_line' id='line_1_47' title="bbox 742 3024 2321 3099; baseline -0.005 -15"><span class='ocrx_word' id='word_1_315' title='bbox 742 3047 862 3084; x_wconf 89' lang='lat' dir='ltr'><strong>smo</strong></span> <span class='ocrx_word' id='word_1_316' title='bbox 898 3030 1299 3099; x_wconf 78' lang='lat' dir='ltr'><strong>professionem</strong></span> <span class='ocrx_word' id='word_1_317' title='bbox 1333 3029 1681 3089; x_wconf 79' lang='lat' dir='ltr'><strong>exhibemus,</strong></span> <span class='ocrx_word' id='word_1_318' title='bbox 1712 3026 2019 3080; x_wconf 88' lang='lat' dir='ltr'><strong>concedant</strong></span> <span class='ocrx_word' id='word_1_319' title='bbox 2070 3024 2231 3078; x_wconf 91' lang='lat' dir='ltr'><strong>nobis</strong></span> <span class='ocrx_word' id='word_1_320' title='bbox 2260 3033 2321 3077; x_wconf 93' lang='lat' dir='ltr'><strong>ut</strong></span> 
     </span>
    </p>
   </div>
   <div class='ocr_carea' id='block_1_48' title="bbox 736 3114 2319 3192">
    <p class='ocr_par' dir='ltr' id='par_1_48' title="bbox 736 3114 2319 3192">
     <span class='ocr_line' id='line_1_48' title="bbox 736 3114 2319 3192; baseline -0.004 -17"><span class='ocrx_word' id='word_1_321' title='bbox 736 3125 891 3192; x_wconf 72' lang='lat' dir='ltr'><strong>juxta</strong></span> <span class='ocrx_word' id='word_1_322' title='bbox 944 3120 1195 3174; x_wconf 90' lang='lat' dir='ltr'><strong>eamdem</strong></span> <span class='ocrx_word' id='word_1_323' title='bbox 1238 3119 1690 3187; x_wconf 81' lang='lat' dir='ltr'><strong>consequentiam</strong></span> <span class='ocrx_word' id='word_1_324' title='bbox 1740 3117 1996 3170; x_wconf 90' lang='lat' dir='ltr'><strong>similiter</strong></span> <span class='ocrx_word' id='word_1_325' title='bbox 2043 3114 2319 3184; x_wconf 82' lang='lat' dir='ltr'><strong>gloriﬁce-</strong></span> 
     </span>
    </p>
   </div>
   <div class='ocr_carea' id='block_1_49' title="bbox 746 3206 2321 3276">
    <p class='ocr_par' dir='ltr' id='par_1_49' title="bbox 746 3206 2321 3276">
     <span class='ocr_line' id='line_1_49' title="bbox 746 3206 2321 3276; baseline -0.005 -11"><span class='ocrx_word' id='word_1_326' title='bbox 746 3230 869 3265; x_wconf 88' lang='lat' dir='ltr'><strong>mus</strong></span> <span class='ocrx_word' id='word_1_327' title='bbox 908 3212 1106 3273; x_wconf 90' lang='lat' dir='ltr'><strong>Deum,</strong></span> <span class='ocrx_word' id='word_1_328' title='bbox 1141 3218 1201 3263; x_wconf 89' lang='lat' dir='ltr'><strong>ut</strong></span> <span class='ocrx_word' id='word_1_329' title='bbox 1229 3210 1529 3263; x_wconf 86' lang='lat' dir='ltr'><strong>credimus.</strong></span> <span class='ocrx_word' id='word_1_330' title='bbox 1558 3208 1713 3273; x_wconf 88' lang='lat' dir='ltr'><strong>Quod</strong></span> <span class='ocrx_word' id='word_1_331' title='bbox 1745 3208 1789 3260; x_wconf 91' lang='lat' dir='ltr'><strong>si</strong></span> <span class='ocrx_word' id='word_1_332' title='bbox 1825 3206 2168 3276; x_wconf 80' lang='lat' dir='ltr'><strong>gloriﬁcandi</strong></span> <span class='ocrx_word' id='word_1_333' title='bbox 2202 3221 2321 3258; x_wconf 88' lang='lat' dir='ltr'><strong>mo-</strong></span> 
     </span>
    </p>
   </div>
   <div class='ocr_carea' id='block_1_50' title="bbox 743 3298 2325 3371">
    <p class='ocr_par' dir='ltr' id='par_1_50' title="bbox 743 3298 2325 3371">
     <span class='ocr_line' id='line_1_50' title="bbox 743 3298 2325 3371; baseline -0.006 -12"><span class='ocrx_word' id='word_1_334' title='bbox 743 3306 874 3359; x_wconf 87' lang='lat' dir='ltr'><strong>dum</strong></span> <span class='ocrx_word' id='word_1_335' title='bbox 896 3304 1064 3357; x_wconf 87' lang='lat' dir='ltr'><strong>veluti</strong></span> <span class='ocrx_word' id='word_1_336' title='bbox 1093 3304 1302 3371; x_wconf 90' lang='lat' dir='ltr'><strong>scripto</strong></span> <span class='ocrx_word' id='word_1_337' title='bbox 1324 3318 1431 3355; x_wconf 91' lang='lat' dir='ltr'><strong>non</strong></span> <span class='ocrx_word' id='word_1_338' title='bbox 1454 3301 1717 3356; x_wconf 88' lang='lat' dir='ltr'><strong>traditum</strong></span> <span class='ocrx_word' id='word_1_339' title='bbox 1738 3300 2016 3369; x_wconf 86' lang='lat' dir='ltr'><strong>rejiciunt,</strong></span> <span class='ocrx_word' id='word_1_340' title='bbox 2042 3298 2325 3367; x_wconf 91' lang='lat' dir='ltr'><strong>proferant</strong></span> 
     </span>
    </p>
   </div>
   <div class='ocr_carea' id='block_1_51' title="bbox 744 3391 2325 3462">
    <p class='ocr_par' dir='ltr' id='par_1_51' title="bbox 744 3391 2325 3462">
     <span class='ocr_line' id='line_1_51' title="bbox 744 3391 2325 3462; baseline -0.004 -14"><span class='ocrx_word' id='word_1_341' title='bbox 744 3395 907 3448; x_wconf 88' lang='lat' dir='ltr'><strong>nobis</strong></span> <span class='ocrx_word' id='word_1_342' title='bbox 947 3403 1003 3448; x_wconf 92' lang='lat' dir='ltr'><strong>et</strong></span> <span class='ocrx_word' id='word_1_343' title='bbox 1062 3393 1188 3446; x_wconf 91' lang='lat' dir='ltr'><strong>ﬁdei</strong></span> <span class='ocrx_word' id='word_1_344' title='bbox 1249 3391 1648 3462; x_wconf 79' lang='lat' dir='ltr'><strong>professionis,</strong></span> <span class='ocrx_word' id='word_1_345' title='bbox 1692 3401 1747 3443; x_wconf 87' lang='lat' dir='ltr'><strong>et</strong></span> <span class='ocrx_word' id='word_1_346' title='bbox 1795 3400 2125 3444; x_wconf 70' lang='lat' dir='ltr'><strong>cmterorum</strong></span> <span class='ocrx_word' id='word_1_347' title='bbox 2203 3405 2325 3456; x_wconf 80' lang='lat' dir='ltr'><strong>qua:</strong></span> 
     </span>
    </p>
   </div>
   <div class='ocr_carea' id='block_1_52' title="bbox 745 3479 2323 3553">
    <p class='ocr_par' dir='ltr' id='par_1_52' title="bbox 745 3479 2323 3553">
     <span class='ocr_line' id='line_1_52' title="bbox 745 3479 2323 3553; baseline -0.004 -13"><span class='ocrx_word' id='word_1_348' title='bbox 745 3500 1268 3547; x_wconf 84' lang='lat' dir='ltr'><strong>commemoramus,</strong></span> <span class='ocrx_word' id='word_1_349' title='bbox 1321 3483 1700 3553; x_wconf 88' lang='lat' dir='ltr'><strong>probationem</strong></span> <span class='ocrx_word' id='word_1_350' title='bbox 1751 3499 1782 3536; x_wconf 94' lang='lat' dir='ltr'><strong>e</strong></span> <span class='ocrx_word' id='word_1_351' title='bbox 1828 3482 2151 3551; x_wconf 88' lang='lat' dir='ltr'><strong>Seripturis.</strong></span> <span class='ocrx_word' id='word_1_352' title='bbox 2182 3479 2323 3535; x_wconf 76' lang='lat' dir='ltr'><strong>Illud</strong></span> 
     </span>
    </p>
   </div>
   <div class='ocr_carea' id='block_1_53' title="bbox 749 3573 2325 3643">
    <p class='ocr_par' dir='ltr' id='par_1_53' title="bbox 749 3573 2325 3643">
     <span class='ocr_line' id='line_1_53' title="bbox 749 3573 2325 3643; baseline -0.004 -11"><span class='ocrx_word' id='word_1_353' title='bbox 749 3579 990 3632; x_wconf 86' lang='lat' dir='ltr'><strong>dicimus</strong></span> <span class='ocrx_word' id='word_1_354' title='bbox 1020 3598 1034 3633; x_wconf 88' lang='lat'><strong>:</strong></span> <span class='ocrx_word' id='word_1_355' title='bbox 1061 3576 1117 3631; x_wconf 87' lang='lat' dir='ltr'><strong>Si</strong></span> <span class='ocrx_word' id='word_1_356' title='bbox 1150 3577 1285 3630; x_wconf 85' lang='lat' dir='ltr'><strong>nihil</strong></span> <span class='ocrx_word' id='word_1_357' title='bbox 1312 3576 1462 3630; x_wconf 92' lang='lat' dir='ltr'><strong>aliud</strong></span> <span class='ocrx_word' id='word_1_358' title='bbox 1505 3586 1591 3629; x_wconf 90' lang='lat' dir='ltr'><strong>est</strong></span> <span class='ocrx_word' id='word_1_359' title='bbox 1630 3585 1915 3643; x_wconf 89' lang='lat' dir='ltr'><strong>receptum</strong></span> <span class='ocrx_word' id='word_1_360' title='bbox 1942 3574 2149 3642; x_wconf 90' lang='lat' dir='ltr'><strong>absque</strong></span> <span class='ocrx_word' id='word_1_361' title='bbox 2181 3573 2325 3626; x_wconf 85' lang='lat' dir='ltr'><strong>Scri-</strong></span> 
     </span>
    </p>
   </div>
   <div class='ocr_carea' id='block_1_54' title="bbox 747 3661 2325 3736">
    <p class='ocr_par' dir='ltr' id='par_1_54' title="bbox 747 3661 2325 3736">
     <span class='ocr_line' id='line_1_54' title="bbox 747 3661 2325 3736; baseline -0.004 -16"><span class='ocrx_word' id='word_1_362' title='bbox 747 3668 958 3736; x_wconf 84' lang='lat' dir='ltr'><strong>pturis,</strong></span> <span class='ocrx_word' id='word_1_363' title='bbox 1025 3684 1093 3720; x_wconf 92' lang='lat' dir='ltr'><strong>ne</strong></span> <span class='ocrx_word' id='word_1_364' title='bbox 1142 3666 1247 3719; x_wconf 89' lang='lat' dir='ltr'><strong>hoc</strong></span> <span class='ocrx_word' id='word_1_365' title='bbox 1294 3665 1518 3734; x_wconf 88' lang='lat' dir='ltr'><strong>quidem</strong></span> <span class='ocrx_word' id='word_1_366' title='bbox 1569 3665 1889 3732; x_wconf 89' lang='lat' dir='ltr'><strong>recipiatur.</strong></span> <span class='ocrx_word' id='word_1_367' title='bbox 1944 3663 2039 3716; x_wconf 91' lang='lat' dir='ltr'><strong>Sin</strong></span> <span class='ocrx_word' id='word_1_368' title='bbox 2089 3661 2325 3731; x_wconf 89' lang='lat' dir='ltr'><strong>plurima</strong></span> 
     </span>
    </p>
   </div>
   <div class='ocr_carea' id='block_1_55' title="bbox 746 3753 2324 3827">
    <p class='ocr_par' dir='ltr' id='par_1_55' title="bbox 746 3753 2324 3827">
     <span class='ocr_line' id='line_1_55' title="bbox 746 3753 2324 3827; baseline -0.005 -14"><span class='ocrx_word' id='word_1_369' title='bbox 746 3775 945 3814; x_wconf 86' lang='lat' dir='ltr'><strong>arcana</strong></span> <span class='ocrx_word' id='word_1_370' title='bbox 987 3760 1124 3813; x_wconf 89' lang='lat' dir='ltr'><strong>citra</strong></span> <span class='ocrx_word' id='word_1_371' title='bbox 1177 3759 1443 3827; x_wconf 88' lang='lat' dir='ltr'><strong>scriptum</strong></span> <span class='ocrx_word' id='word_1_372' title='bbox 1501 3764 1717 3823; x_wconf 87' lang='lat' dir='ltr'><strong>recepta</strong></span> <span class='ocrx_word' id='word_1_373' title='bbox 1765 3763 1892 3808; x_wconf 88' lang='lat' dir='ltr'><strong>sunt</strong></span> <span class='ocrx_word' id='word_1_374' title='bbox 1952 3753 2135 3814; x_wconf 87' lang='lat' dir='ltr'><strong>nobis,</strong></span> <span class='ocrx_word' id='word_1_375' title='bbox 2199 3768 2324 3806; x_wconf 87' lang='lat' dir='ltr'><strong>cum</strong></span> 
     </span>
    </p>
   </div>
   <div class='ocr_carea' id='block_1_56' title="bbox 748 3844 2324 3918">
    <p class='ocr_par' dir='ltr' id='par_1_56' title="bbox 748 3844 2324 3918">
     <span class='ocr_line' id='line_1_56' title="bbox 748 3844 2324 3918; baseline -0.006 -14"><span class='ocrx_word' id='word_1_376' title='bbox 748 3860 871 3905; x_wconf 84' lang='lat' dir='ltr'><strong>atus</strong></span> <span class='ocrx_word' id='word_1_377' title='bbox 914 3850 1167 3918; x_wconf 71' lang='lat' dir='ltr'><strong>[laribus</strong></span> <span class='ocrx_word' id='word_1_378' title='bbox 1208 3862 1265 3903; x_wconf 88' lang='lat' dir='ltr'><strong>et</strong></span> <span class='ocrx_word' id='word_1_379' title='bbox 1306 3850 1409 3902; x_wconf 90' lang='lat' dir='ltr'><strong>hoc</strong></span> <span class='ocrx_word' id='word_1_380' title='bbox 1457 3848 1803 3915; x_wconf 87' lang='lat' dir='ltr'><strong>recipiamus.</strong></span> <span class='ocrx_word' id='word_1_381' title='bbox 1854 3844 2110 3898; x_wconf 82' lang='lat' dir='ltr'><strong>Arbitror</strong></span> <span class='ocrx_word' id='word_1_382' title='bbox 2140 3852 2324 3897; x_wconf 90' lang='lat' dir='ltr'><strong>autem</strong></span> 
     </span>
    </p>
   </div>
   <div class='ocr_carea' id='block_1_57' title="bbox 747 3934 2327 4011">
    <p class='ocr_par' dir='ltr' id='par_1_57' title="bbox 747 3934 2327 4011">
     <span class='ocr_line' id='line_1_57' title="bbox 747 3934 2327 4011; baseline -0.005 -16"><span class='ocrx_word' id='word_1_383' title='bbox 747 3943 1112 4011; x_wconf 86' lang='lat' dir='ltr'><strong>apostolicum</strong></span> <span class='ocrx_word' id='word_1_384' title='bbox 1150 3958 1269 3995; x_wconf 83' lang='lat' dir='ltr'><strong>esse</strong></span> <span class='ocrx_word' id='word_1_385' title='bbox 1315 3942 1481 3995; x_wconf 89' lang='lat' dir='ltr'><strong>etiam</strong></span> <span class='ocrx_word' id='word_1_386' title='bbox 1526 3954 1634 3992; x_wconf 91' lang='lat' dir='ltr'><strong>non</strong></span> <span class='ocrx_word' id='word_1_387' title='bbox 1673 3936 1894 4005; x_wconf 89' lang='lat' dir='ltr'><strong>scriptis</strong></span> <span class='ocrx_word' id='word_1_388' title='bbox 1933 3934 2327 3988; x_wconf 89' lang='lat' dir='ltr'><strong>traditionibus</strong></span> 
     </span>
    </p>
   </div>
   <div class='ocr_carea' id='block_1_58' title="bbox 749 4027 2324 4101">
    <p class='ocr_par' dir='ltr' id='par_1_58' title="bbox 749 4027 2324 4101">
     <span class='ocr_line' id='line_1_58' title="bbox 749 4027 2324 4101; baseline -0.006 -13"><span class='ocrx_word' id='word_1_389' title='bbox 749 4037 1041 4089; x_wconf 68' lang='lat' dir='ltr'><strong>inhaerere.</strong></span> <span class='ocrx_word' id='word_1_390' title='bbox 1079 4054 1095 4085; x_wconf 80' lang='grc' dir='ltr'>ι</span> <span class='ocrx_word' id='word_1_391' title='bbox 1130 4035 1337 4097; x_wconf 80' lang='lat' dir='ltr'><strong>Laudo,</strong></span> <span class='ocrx_word' id='word_1_392' title='bbox 1387 4032 1586 4101; x_wconf 85' lang='lat' dir='ltr'><strong>inquit,</strong></span> <span class='ocrx_word' id='word_1_393' title='bbox 1647 4045 1763 4091; x_wconf 89' lang='lat' dir='ltr'><strong>vos,</strong></span> <span class='ocrx_word' id='word_1_394' title='bbox 1806 4027 1954 4097; x_wconf 89' lang='lat' dir='ltr'><strong>quod</strong></span> <span class='ocrx_word' id='word_1_395' title='bbox 1989 4028 2171 4081; x_wconf 87' lang='lat' dir='ltr'><strong>omnia</strong></span> <span class='ocrx_word' id='word_1_396' title='bbox 2206 4041 2324 4079; x_wconf 89' lang='lat' dir='ltr'><strong>mea</strong></span> 
     </span>
    </p>
   </div>
   <div class='ocr_carea' id='block_1_59' title="bbox 752 4118 2328 4194">
    <p class='ocr_par' dir='ltr' id='par_1_59' title="bbox 752 4118 2328 4194">
     <span class='ocr_line' id='line_1_59' title="bbox 752 4118 2328 4194; baseline -0.009 -11"><span class='ocrx_word' id='word_1_397' title='bbox 752 4130 1097 4190; x_wconf 86' lang='lat' dir='ltr'><strong>meministis,</strong></span> <span class='ocrx_word' id='word_1_398' title='bbox 1146 4135 1200 4179; x_wconf 90' lang='lat' dir='ltr'><strong>et</strong></span> <span class='ocrx_word' id='word_1_399' title='bbox 1234 4123 1694 4194; x_wconf 87' lang='lat' dir='ltr'><strong>quemadmodum</strong></span> <span class='ocrx_word' id='word_1_400' title='bbox 1746 4121 1945 4173; x_wconf 89' lang='lat' dir='ltr'><strong>tradidi</strong></span> <span class='ocrx_word' id='word_1_401' title='bbox 1996 4118 2173 4181; x_wconf 85' lang='lat' dir='ltr'><strong>vobis,</strong></span> <span class='ocrx_word' id='word_1_402' title='bbox 2222 4130 2328 4171; x_wconf 90' lang='lat' dir='ltr'><strong>tra—</strong></span> 
     </span>
    </p>
   </div>
   <div class='ocr_carea' id='block_1_60' title="bbox 750 4213 2328 4284">
    <p class='ocr_par' dir='ltr' id='par_1_60' title="bbox 750 4213 2328 4284">
     <span class='ocr_line' id='line_1_60' title="bbox 750 4213 2328 4284; baseline -0.008 -9"><span class='ocrx_word' id='word_1_403' title='bbox 750 4222 989 4275; x_wconf 85' lang='lat' dir='ltr'><strong>ditiones</strong></span> <span class='ocrx_word' id='word_1_404' title='bbox 1033 4219 1321 4281; x_wconf 90' lang='lat' dir='ltr'><strong>obtiuctis,</strong></span> <span class='ocrx_word' id='word_1_405' title='bbox 1348 4232 1486 4284; x_wconf 90' lang='lat' dir='ltr'><strong>quas</strong></span> <span class='ocrx_word' id='word_1_406' title='bbox 1521 4213 1809 4283; x_wconf 83' lang='lat' dir='ltr'><strong>accepistis</strong></span> <span class='ocrx_word' id='word_1_407' title='bbox 1847 4213 1963 4265; x_wconf 82' lang='lat' dir='ltr'><strong>sive</strong></span> <span class='ocrx_word' id='word_1_408' title='bbox 1996 4227 2093 4281; x_wconf 89' lang='lat' dir='ltr'><strong>per</strong></span> <span class='ocrx_word' id='word_1_409' title='bbox 2119 4225 2328 4265; x_wconf 87' lang='lat' dir='ltr'><strong>sermo-</strong></span> 
     </span>
    </p>
   </div>
   <div class='ocr_carea' id='block_1_61' title="bbox 752 4307 1703 4378">
    <p class='ocr_par' dir='ltr' id='par_1_61' title="bbox 752 4307 1703 4378">
     <span class='ocr_line' id='line_1_61' title="bbox 752 4307 1703 4378; baseline -0.011 -12"><span class='ocrx_word' id='word_1_410' title='bbox 752 4328 878 4366; x_wconf 88' lang='lat' dir='ltr'><strong>nem</strong></span> <span class='ocrx_word' id='word_1_411' title='bbox 933 4313 1049 4363; x_wconf 75' lang='lat' dir='ltr'><strong>sive</strong></span> <span class='ocrx_word' id='word_1_412' title='bbox 1103 4326 1202 4378; x_wconf 84' lang='lat' dir='ltr'><strong>per</strong></span> <span class='ocrx_word' id='word_1_413' title='bbox 1247 4308 1535 4377; x_wconf 86' lang='lat' dir='ltr'><strong>epistolam</strong></span> <span class='ocrx_word' id='word_1_414' title='bbox 1582 4307 1647 4358; x_wconf 60' lang='lat'><strong>5°.</strong></span> <span class='ocrx_word' id='word_1_415' title='bbox 1686 4326 1703 4355; x_wconf 80' lang='grc' dir='ltr'>ι</span> 
     </span>
    </p>
   </div>
   <div class='ocr_carea' id='block_1_62' title="bbox 973 4415 2109 4491">
    <p class='ocr_par' dir='ltr' id='par_1_62' title="bbox 973 4415 2109 4491">
     <span class='ocr_line' id='line_1_62' title="bbox 973 4415 2109 4491; baseline -0.008 -15"><span class='ocrx_word' id='word_1_416' title='bbox 973 4421 1226 4491; x_wconf 78' lang='lat' dir='ltr'><strong>Ejmdem</strong></span> <span class='ocrx_word' id='word_1_417' title='bbox 1273 4436 1337 4472; x_wconf 64' lang='lat' dir='ltr'><strong>ea:</strong></span> <span class='ocrx_word' id='word_1_418' title='bbox 1378 4420 1509 4472; x_wconf 79' lang='lat' dir='ltr'><strong>libro</strong></span> <span class='ocrx_word' id='word_1_419' title='bbox 1548 4419 1612 4471; x_wconf 86' lang='lat' dir='ltr'><strong>de</strong></span> <span class='ocrx_word' id='word_1_420' title='bbox 1656 4415 1859 4487; x_wconf 79' lang='lat' dir='ltr'><strong>Spiritu</strong></span> <span class='ocrx_word' id='word_1_421' title='bbox 1904 4426 2109 4469; x_wconf 73' lang='lat' dir='ltr'><strong>sancto.</strong></span> 
     </span>
    </p>
   </div>
   <div class='ocr_carea' id='block_1_63' title="bbox 819 4504 2327 4575">
    <p class='ocr_par' dir='ltr' id='par_1_63' title="bbox 819 4504 2327 4575">
     <span class='ocr_line' id='line_1_63' title="bbox 819 4504 2327 4575; baseline -0.005 -12"><span class='ocrx_word' id='word_1_422' title='bbox 819 4512 990 4566; x_wconf 78' lang='lat' dir='ltr'><strong>Vetus</strong></span> <span class='ocrx_word' id='word_1_423' title='bbox 1039 4510 1452 4563; x_wconf 87' lang='lat' dir='ltr'><strong>Testamentqu</strong></span> <span class='ocrx_word' id='word_1_424' title='bbox 1502 4508 1677 4575; x_wconf 89' lang='lat' dir='ltr'><strong>palam</strong></span> <span class='ocrx_word' id='word_1_425' title='bbox 1718 4504 2037 4575; x_wconf 65' lang='lat' dir='ltr'><strong>praedicavit</strong></span> <span class='ocrx_word' id='word_1_426' title='bbox 2073 4505 2327 4569; x_wconf 84' lang='lat' dir='ltr'><strong>Patrem;</strong></span> 
     </span>
    </p>
   </div>
   <div class='ocr_carea' id='block_1_64' title="bbox 754 4596 2330 4667">
    <p class='ocr_par' dir='ltr' id='par_1_64' title="bbox 754 4596 2330 4667">
     <span class='ocr_line' id='line_1_64' title="bbox 754 4596 2330 4667; baseline -0.007 -8"><span class='ocrx_word' id='word_1_427' title='bbox 754 4606 952 4660; x_wconf 81' lang='lat' dir='ltr'><strong>Filium</strong></span> <span class='ocrx_word' id='word_1_428' title='bbox 974 4618 1105 4656; x_wconf 81' lang='lat' dir='ltr'><strong>vero</strong></span> <span class='ocrx_word' id='word_1_429' title='bbox 1126 4600 1448 4663; x_wconf 89' lang='lat' dir='ltr'><strong>obscurius;</strong></span> <span class='ocrx_word' id='word_1_430' title='bbox 1483 4613 1645 4667; x_wconf 88' lang='lat' dir='ltr'><strong>quem</strong></span> <span class='ocrx_word' id='word_1_431' title='bbox 1668 4598 1880 4650; x_wconf 85' lang='lat' dir='ltr'><strong>Novum</strong></span> <span class='ocrx_word' id='word_1_432' title='bbox 1913 4596 2330 4651; x_wconf 86' lang='lat' dir='ltr'><strong>Testamentum</strong></span> 
     </span>
    </p>
   </div>
   <div class='ocr_carea' id='block_1_65' title="bbox 754 4687 2332 4759">
    <p class='ocr_par' dir='ltr' id='par_1_65' title="bbox 754 4687 2332 4759">
     <span class='ocr_line' id='line_1_65' title="bbox 754 4687 2332 4759; baseline -0.006 -11"><span class='ocrx_word' id='word_1_433' title='bbox 754 4693 1148 4753; x_wconf 85' lang='lat' dir='ltr'><strong>manifestavit,</strong></span> <span class='ocrx_word' id='word_1_434' title='bbox 1191 4700 1249 4745; x_wconf 93' lang='lat' dir='ltr'><strong>ct</strong></span> <span class='ocrx_word' id='word_1_435' title='bbox 1287 4690 1527 4759; x_wconf 88' lang='lat' dir='ltr'><strong>Spiritus</strong></span> <span class='ocrx_word' id='word_1_436' title='bbox 1564 4688 1739 4742; x_wconf 87' lang='lat' dir='ltr'><strong>sancti</strong></span> <span class='ocrx_word' id='word_1_437' title='bbox 1772 4687 2115 4740; x_wconf 82' lang='lat' dir='ltr'><strong>divinitatem</strong></span> <span class='ocrx_word' id='word_1_438' title='bbox 2144 4694 2332 4740; x_wconf 85' lang='lat' dir='ltr'><strong>osten-</strong></span> 
     </span>
    </p>
   </div>
   <div class='ocr_carea' id='block_1_66' title="bbox 753 4778 2329 4843">
    <p class='ocr_par' dir='ltr' id='par_1_66' title="bbox 753 4778 2329 4843">
     <span class='ocr_line' id='line_1_66' title="bbox 753 4778 2329 4843; baseline -0.006 -4"><span class='ocrx_word' id='word_1_439' title='bbox 753 4786 854 4839; x_wconf 91' lang='lat' dir='ltr'><strong>dit.</strong></span> <span class='ocrx_word' id='word_1_440' title='bbox 880 4785 996 4838; x_wconf 85' lang='lat' dir='ltr'><strong>Non</strong></span> <span class='ocrx_word' id='word_1_441' title='bbox 1030 4783 1177 4837; x_wconf 89' lang='lat' dir='ltr'><strong>enim</strong></span> <span class='ocrx_word' id='word_1_442' title='bbox 1199 4790 1379 4835; x_wconf 87' lang='lat' dir='ltr'><strong>tutum</strong></span> <span class='ocrx_word' id='word_1_443' title='bbox 1405 4789 1545 4843; x_wconf 89' lang='lat' dir='ltr'><strong>erat,</strong></span> <span class='ocrx_word' id='word_1_444' title='bbox 1577 4778 1753 4833; x_wconf 88' lang='lat' dir='ltr'><strong>Patris</strong></span> <span class='ocrx_word' id='word_1_445' title='bbox 1780 4778 2068 4831; x_wconf 83' lang='lat' dir='ltr'><strong>divinitate</strong></span> <span class='ocrx_word' id='word_1_446' title='bbox 2093 4778 2329 4831; x_wconf 90' lang='lat' dir='ltr'><strong>necdum</strong></span> 
     </span>
    </p>
   </div>
   <div class='ocr_carea' id='block_1_67' title="bbox 756 4867 2329 4945">
    <p class='ocr_par' dir='ltr' id='par_1_67' title="bbox 756 4867 2329 4945">
     <span class='ocr_line' id='line_1_67' title="bbox 756 4867 2329 4945; baseline -0.004 -18"><span class='ocrx_word' id='word_1_447' title='bbox 756 4876 977 4945; x_wconf 88' lang='lat' dir='ltr'><strong>penitus</strong></span> <span class='ocrx_word' id='word_1_448' title='bbox 994 4888 1254 4929; x_wconf 88' lang='lat' dir='ltr'><strong>concessa</strong></span> <span class='ocrx_word' id='word_1_449' title='bbox 1277 4882 1332 4926; x_wconf 92' lang='lat' dir='ltr'><strong>et</strong></span> <span class='ocrx_word' id='word_1_450' title='bbox 1358 4870 1661 4941; x_wconf 86' lang='lat' dir='ltr'><strong>propalata,</strong></span> <span class='ocrx_word' id='word_1_451' title='bbox 1691 4869 1761 4923; x_wconf 90' lang='lat' dir='ltr'><strong>de</strong></span> <span class='ocrx_word' id='word_1_452' title='bbox 1786 4869 1924 4923; x_wconf 89' lang='lat' dir='ltr'><strong>Filio</strong></span> <span class='ocrx_word' id='word_1_453' title='bbox 1946 4878 2136 4937; x_wconf 89' lang='lat' dir='ltr'><strong>aperte</strong></span> <span class='ocrx_word' id='word_1_454' title='bbox 2161 4867 2329 4921; x_wconf 89' lang='lat' dir='ltr'><strong>verba</strong></span> 
     </span>
    </p>
   </div>
   <div class='ocr_carea' id='block_1_68' title="bbox 756 4960 2328 5028">
    <p class='ocr_par' dir='ltr' id='par_1_68' title="bbox 756 4960 2328 5028">
     <span class='ocr_line' id='line_1_68' title="bbox 756 4960 2328 5028; baseline -0.005 -10"><span class='ocrx_word' id='word_1_455' title='bbox 756 4970 937 5020; x_wconf 82' lang='lat' dir='ltr'><strong>facere</strong></span> <span class='ocrx_word' id='word_1_456' title='bbox 964 4983 977 5018; x_wconf 88' lang='lat'><strong>:</strong></span> <span class='ocrx_word' id='word_1_457' title='bbox 1005 4980 1103 5019; x_wconf 89' lang='lat' dir='ltr'><strong>nec</strong></span> <span class='ocrx_word' id='word_1_458' title='bbox 1131 4964 1249 5019; x_wconf 87' lang='lat' dir='ltr'><strong>Filii</strong></span> <span class='ocrx_word' id='word_1_459' title='bbox 1282 4963 1572 5018; x_wconf 85' lang='lat' dir='ltr'><strong>divinitate</strong></span> <span class='ocrx_word' id='word_1_460' title='bbox 1603 4960 1848 5016; x_wconf 88' lang='lat' dir='ltr'><strong>nondum</strong></span> <span class='ocrx_word' id='word_1_461' title='bbox 1874 4969 2091 5028; x_wconf 87' lang='lat' dir='ltr'><strong>recepta</strong></span> <span class='ocrx_word' id='word_1_462' title='bbox 2121 4968 2178 5013; x_wconf 87' lang='lat' dir='ltr'><strong>et</strong></span> <span class='ocrx_word' id='word_1_463' title='bbox 2200 4974 2328 5028; x_wconf 80' lang='lat' dir='ltr'><strong>pro-</strong></span> 
     </span>
    </p>
   </div>
   <div class='ocr_carea' id='block_1_69' title="bbox 757 5050 2330 5127">
    <p class='ocr_par' dir='ltr' id='par_1_69' title="bbox 757 5050 2330 5127">
     <span class='ocr_line' id='line_1_69' title="bbox 757 5050 2330 5127; baseline -0.005 -16"><span class='ocrx_word' id='word_1_464' title='bbox 757 5060 1017 5127; x_wconf 82' lang='lat' dir='ltr'><strong>mulgata,</strong></span> <span class='ocrx_word' id='word_1_465' title='bbox 1074 5057 1306 5110; x_wconf 90' lang='lat' dir='ltr'><strong>multum</strong></span> <span class='ocrx_word' id='word_1_466' title='bbox 1347 5056 1416 5110; x_wconf 90' lang='lat' dir='ltr'><strong>de</strong></span> <span class='ocrx_word' id='word_1_467' title='bbox 1461 5055 1669 5125; x_wconf 86' lang='lat' dir='ltr'><strong>Spiritu</strong></span> <span class='ocrx_word' id='word_1_468' title='bbox 1717 5061 1930 5115; x_wconf 86' lang='lat' dir='ltr'><strong>saneto,</strong></span> <span class='ocrx_word' id='word_1_469' title='bbox 1973 5061 2035 5105; x_wconf 92' lang='lat' dir='ltr'><strong>ut</strong></span> <span class='ocrx_word' id='word_1_470' title='bbox 2062 5050 2330 5104; x_wconf 88' lang='lat' dir='ltr'><strong>audacius</strong></span> 
     </span>
    </p>
   </div>
   <div class='ocr_carea' id='block_1_70' title="bbox 757 5142 2335 5219">
    <p class='ocr_par' dir='ltr' id='par_1_70' title="bbox 757 5142 2335 5219">
     <span class='ocr_line' id='line_1_70' title="bbox 757 5142 2335 5219; baseline -0.006 -16"><span class='ocrx_word' id='word_1_471' title='bbox 757 5150 963 5219; x_wconf 85' lang='lat' dir='ltr'><strong>aliquid</strong></span> <span class='ocrx_word' id='word_1_472' title='bbox 1024 5149 1234 5213; x_wconf 88' lang='lat' dir='ltr'><strong>dicam,</strong></span> <span class='ocrx_word' id='word_1_473' title='bbox 1288 5147 1575 5209; x_wconf 87' lang='lat' dir='ltr'><strong>laborare,</strong></span> <span class='ocrx_word' id='word_1_474' title='bbox 1623 5160 1714 5209; x_wconf 90' lang='lat' dir='ltr'><strong>ne,</strong></span> <span class='ocrx_word' id='word_1_475' title='bbox 1766 5143 1914 5213; x_wconf 83' lang='lat' dir='ltr'><strong>quod</strong></span> <span class='ocrx_word' id='word_1_476' title='bbox 1967 5142 2173 5197; x_wconf 89' lang='lat' dir='ltr'><strong>accidit</strong></span> <span class='ocrx_word' id='word_1_477' title='bbox 2225 5142 2335 5195; x_wconf 90' lang='lat' dir='ltr'><strong>illis</strong></span> 
     </span>
    </p>
   </div>
   <div class='ocr_carea' id='block_1_71' title="bbox 757 5233 2332 5311">
    <p class='ocr_par' dir='ltr' id='par_1_71' title="bbox 757 5233 2332 5311">
     <span class='ocr_line' id='line_1_71' title="bbox 757 5233 2332 5311; baseline -0.004 -18"><span class='ocrx_word' id='word_1_478' title='bbox 757 5242 852 5311; x_wconf 89' lang='lat' dir='ltr'><strong>qui</strong></span> <span class='ocrx_word' id='word_1_479' title='bbox 879 5240 1091 5294; x_wconf 89' lang='lat' dir='ltr'><strong>deliciis</strong></span> <span class='ocrx_word' id='word_1_480' title='bbox 1134 5254 1297 5308; x_wconf 90' lang='lat' dir='ltr'><strong>supra</strong></span> <span class='ocrx_word' id='word_1_481' title='bbox 1326 5238 1473 5291; x_wconf 87' lang='lat' dir='ltr'><strong>vires</strong></span> <span class='ocrx_word' id='word_1_482' title='bbox 1514 5242 1830 5305; x_wconf 79' lang='lat' dir='ltr'><strong>gravantur,</strong></span> <span class='ocrx_word' id='word_1_483' title='bbox 1879 5234 1933 5287; x_wconf 89' lang='lat' dir='ltr'><strong>in</strong></span> <span class='ocrx_word' id='word_1_484' title='bbox 1966 5234 2147 5287; x_wconf 86' lang='lat' dir='ltr'><strong>lucem</strong></span> <span class='ocrx_word' id='word_1_485' title='bbox 2187 5233 2332 5287; x_wconf 87' lang='lat' dir='ltr'><strong>sola-</strong></span> 
     </span>
    </p>
   </div>
   <div class='ocr_carea' id='block_1_72' title="bbox 760 5325 2335 5399">
    <p class='ocr_par' dir='ltr' id='par_1_72' title="bbox 760 5325 2335 5399">
     <span class='ocr_line' id='line_1_72' title="bbox 760 5325 2335 5399; baseline -0.004 -15"><span class='ocrx_word' id='word_1_486' title='bbox 760 5346 872 5385; x_wconf 88' lang='lat' dir='ltr'><strong>rem</strong></span> <span class='ocrx_word' id='word_1_487' title='bbox 903 5330 1140 5386; x_wconf 84' lang='lat' dir='ltr'><strong>debilius</strong></span> <span class='ocrx_word' id='word_1_488' title='bbox 1160 5331 1351 5386; x_wconf 88' lang='lat' dir='ltr'><strong>oculos</strong></span> <span class='ocrx_word' id='word_1_489' title='bbox 1387 5329 1744 5399; x_wconf 86' lang='lat' dir='ltr'><strong>conjicercnt,</strong></span> <span class='ocrx_word' id='word_1_490' title='bbox 1769 5327 2081 5396; x_wconf 88' lang='lat' dir='ltr'><strong>deque&#39;tota</strong></span> <span class='ocrx_word' id='word_1_491' title='bbox 2111 5325 2335 5379; x_wconf 88' lang='lat' dir='ltr'><strong>videndi</strong></span> 
     </span>
    </p>
   </div>
   <div class='ocr_carea' id='block_1_73' title="bbox 758 5418 2334 5489">
    <p class='ocr_par' dir='ltr' id='par_1_73' title="bbox 758 5418 2334 5489">
     <span class='ocr_line' id='line_1_73' title="bbox 758 5418 2334 5489; baseline -0.003 -15"><span class='ocrx_word' id='word_1_492' title='bbox 758 5424 1019 5475; x_wconf 85' lang='lat' dir='ltr'><strong>facultate</strong></span> <span class='ocrx_word' id='word_1_493' title='bbox 1072 5422 1540 5489; x_wconf 87' lang='lat' dir='ltr'><strong>periclitarentur.</strong></span> <span class='ocrx_word' id='word_1_494' title='bbox 1593 5420 1864 5475; x_wconf 63' lang='lat' dir='ltr'><strong>Caeterum</strong></span> <span class='ocrx_word' id='word_1_495' title='bbox 1904 5418 2334 5487; x_wconf 86' lang='lat' dir='ltr'><strong>particularibus</strong></span> 
     </span>
    </p>
   </div>
   <div class='ocr_carea' id='block_1_74' title="bbox 760 5510 2334 5579">
    <p class='ocr_par' dir='ltr' id='par_1_74' title="bbox 760 5510 2334 5579">
     <span class='ocr_line' id='line_1_74' title="bbox 760 5510 2334 5579; baseline -0.003 -13"><span class='ocrx_word' id='word_1_496' title='bbox 760 5514 1170 5571; x_wconf 72' lang='lat' dir='ltr'><strong>additauicntis,</strong></span> <span class='ocrx_word' id='word_1_497' title='bbox 1213 5524 1299 5570; x_wconf 85' lang='lat' dir='ltr'><strong>et.</strong></span> <span class='ocrx_word' id='word_1_498' title='bbox 1356 5523 1417 5565; x_wconf 91' lang='lat' dir='ltr'><strong>ut</strong></span> <span class='ocrx_word' id='word_1_499' title='bbox 1462 5512 1632 5565; x_wconf 83' lang='lat' dir='ltr'><strong>David</strong></span> <span class='ocrx_word' id='word_1_500' title='bbox 1687 5510 1982 5579; x_wconf 80' lang='lat' dir='ltr'><strong>appellavit</strong></span> <span class='ocrx_word' id='word_1_501' title='bbox 2025 5510 2092 5573; x_wconf 80' lang='lat'><strong>&quot;,</strong></span> <span class='ocrx_word' id='word_1_502' title='bbox 2141 5525 2334 5563; x_wconf 60' lang='lat' dir='ltr'><strong>ascen.</strong></span> 
     </span>
    </p>
   </div>
   <div class='ocr_carea' id='block_1_75' title="bbox 762 5600 2334 5670">
    <p class='ocr_par' dir='ltr' id='par_1_75' title="bbox 762 5600 2334 5670">
     <span class='ocr_line' id='line_1_75' title="bbox 762 5600 2334 5670; baseline -0.002 -15"><span class='ocrx_word' id='word_1_503' title='bbox 762 5604 1012 5656; x_wconf 82' lang='lat' dir='ltr'><strong>sionihus</strong></span> <span class='ocrx_word' id='word_1_504' title='bbox 1046 5614 1101 5656; x_wconf 86' lang='lat' dir='ltr'><strong>et</strong></span> <span class='ocrx_word' id='word_1_505' title='bbox 1153 5621 1217 5655; x_wconf 70' lang='lat' dir='ltr'><strong>ex</strong></span> <span class='ocrx_word' id='word_1_506' title='bbox 1272 5605 1442 5670; x_wconf 59' lang='lat' dir='ltr'><strong>gloria</strong></span> <span class='ocrx_word' id='word_1_507' title='bbox 1483 5602 1536 5654; x_wconf 91' lang='lat' dir='ltr'><strong>in</strong></span> <span class='ocrx_word' id='word_1_508' title='bbox 1578 5603 1804 5669; x_wconf 76' lang='lat' dir='ltr'><strong>gloriam</strong></span> <span class='ocrx_word' id='word_1_509' title='bbox 1853 5600 2334 5669; x_wconf 82' lang='lat' dir='ltr'><strong>progressionibus</strong></span> 
     </span>
    </p>
   </div>
   <div class='ocr_carea' id='block_1_76' title="bbox 760 5691 2328 5763">
    <p class='ocr_par' dir='ltr' id='par_1_76' title="bbox 760 5691 2328 5763">
     <span class='ocr_line' id='line_1_76' title="bbox 760 5691 2328 5763; baseline -0.003 -14"><span class='ocrx_word' id='word_1_510' title='bbox 760 5708 808 5749; x_wconf 77' lang='lat' dir='ltr'><strong>et</strong></span> <span class='ocrx_word' id='word_1_511' title='bbox 839 5697 1177 5763; x_wconf 77' lang='lat' dir='ltr'><strong>profectibus</strong></span> <span class='ocrx_word' id='word_1_512' title='bbox 1199 5696 1380 5748; x_wconf 89' lang='lat' dir='ltr'><strong>lumen</strong></span> <span class='ocrx_word' id='word_1_513' title='bbox 1406 5692 1693 5747; x_wconf 81' lang='lat' dir='ltr'><strong>Trinitatis</strong></span> <span class='ocrx_word' id='word_1_514' title='bbox 1715 5692 2109 5745; x_wconf 85' lang='lat' dir='ltr'><strong>illtlstrioribtts</strong></span> <span class='ocrx_word' id='word_1_515' title='bbox 2134 5691 2328 5746; x_wconf 71' lang='lat' dir='ltr'><strong>illuxit.</strong></span> 
     </span>
    </p>
   </div>
   <div class='ocr_carea' id='block_1_77' title="bbox 830 5808 1991 5875">
    <p class='ocr_par' dir='ltr' id='par_1_77' title="bbox 830 5808 1991 5875">
     <span class='ocr_line' id='line_1_77' title="bbox 830 5808 1991 5875; baseline -0.003 -10"><span class='ocrx_word' id='word_1_516' title='bbox 830 5812 876 5839; x_wconf 81' lang='lat'><strong>“</strong></span> <span class='ocrx_word' id='word_1_517' title='bbox 902 5808 943 5865; x_wconf 89' lang='lat' dir='ltr'><strong>ll</strong></span> <span class='ocrx_word' id='word_1_518' title='bbox 984 5808 1175 5863; x_wconf 80' lang='lat' dir='ltr'><strong>Thess.</strong></span> <span class='ocrx_word' id='word_1_519' title='bbox 1211 5827 1265 5875; x_wconf 82' lang='grc' dir='ltr'>ιι,</span> <span class='ocrx_word' id='word_1_520' title='bbox 1300 5809 1379 5863; x_wconf 70' lang='lat' dir='ltr'><strong>li.</strong></span> <span class='ocrx_word' id='word_1_521' title='bbox 1461 5810 1500 5839; x_wconf 85' lang='lat'><strong>&quot;</strong></span> <span class='ocrx_word' id='word_1_522' title='bbox 1531 5808 1673 5863; x_wconf 81' lang='lat' dir='ltr'><strong>Psal.</strong></span> <span class='ocrx_word' id='word_1_523' title='bbox 1701 5824 1913 5873; x_wconf 60' lang='lat' dir='ltr'><strong>Luam,</strong></span> <span class='ocrx_word' id='word_1_524' title='bbox 1942 5810 1991 5862; x_wconf 80' lang='lat' dir='ltr'><strong>ﬁ.</strong></span> 
     </span>
    </p>
   </div>
   <div class='ocr_carea' id='block_1_78' title="bbox 2417 1839 3999 1913">
    <p class='ocr_par' dir='ltr' id='par_1_78' title="bbox 2417 1839 3999 1913">
     <span class='ocr_line' id='line_1_78' title="bbox 2417 1839 3999 1913; baseline -0.006 -15"><span class='ocrx_word' id='word_1_525' title='bbox 2417 1847 2588 1913; x_wconf 76' lang='grc' dir='ltr'>αὐτὴν</span> <span class='ocrx_word' id='word_1_526' title='bbox 2628 1844 2949 1913; x_wconf 74' lang='grc' dir='ltr'><strong>καταλήγει.</strong></span> <span class='ocrx_word' id='word_1_527' title='bbox 2994 1843 3105 1896; x_wconf 76' lang='grc' dir='ltr'><strong>Καὶ</strong></span> <span class='ocrx_word' id='word_1_528' title='bbox 3138 1841 3263 1895; x_wconf 80' lang='grc' dir='ltr'>καθ’</span> <span class='ocrx_word' id='word_1_529' title='bbox 3292 1842 3532 1909; x_wconf 76' lang='grc' dir='ltr'>ἑκάστην</span> <span class='ocrx_word' id='word_1_530' title='bbox 3561 1840 3617 1891; x_wconf 82' lang='grc' dir='ltr'><strong>δέ</strong></span> <span class='ocrx_word' id='word_1_531' title='bbox 3647 1839 3999 1907; x_wconf 77' lang='grc' dir='ltr'>γονυκλισίαν</span> 
     </span>
    </p>
   </div>
   <div class='ocr_carea' id='block_1_79' title="bbox 2418 1930 3998 2004">
    <p class='ocr_par' dir='ltr' id='par_1_79' title="bbox 2418 1930 3998 2004">
     <span class='ocr_line' id='line_1_79' title="bbox 2418 1930 3998 2004; baseline -0.004 -16"><span class='ocrx_word' id='word_1_532' title='bbox 2418 1937 2513 1988; x_wconf 69' lang='grc' dir='ltr'><strong>καὶ</strong></span> <span class='ocrx_word' id='word_1_533' title='bbox 2536 1936 2885 1988; x_wconf 86' lang='grc' dir='ltr'>διανάστασιν</span> <span class='ocrx_word' id='word_1_534' title='bbox 2930 1933 3075 2004; x_wconf 73' lang='grc' dir='ltr'>ἔργῳ</span> <span class='ocrx_word' id='word_1_535' title='bbox 3123 1932 3437 2003; x_wconf 82' lang='grc' dir='ltr'>δείκνυμεν,</span> <span class='ocrx_word' id='word_1_536' title='bbox 3485 1934 3563 1985; x_wconf 87' lang='grc' dir='ltr'>ὅτι</span> <span class='ocrx_word' id='word_1_537' title='bbox 3622 1933 3720 1984; x_wconf 78' lang='grc' dir='ltr'><strong>καὶ</strong></span> <span class='ocrx_word' id='word_1_538' title='bbox 3756 1930 3849 1983; x_wconf 80' lang='grc' dir='ltr'><strong>διά</strong></span> <span class='ocrx_word' id='word_1_539' title='bbox 3897 1931 3998 1998; x_wconf 80' lang='grc' dir='ltr'><strong>τῆς</strong></span> 
     </span>
    </p>
   </div>
   <div class='ocr_carea' id='block_1_80' title="bbox 2416 2023 3997 2097">
    <p class='ocr_par' dir='ltr' id='par_1_80' title="bbox 2416 2023 3997 2097">
     <span class='ocr_line' id='line_1_80' title="bbox 2416 2023 3997 2097; baseline -0.004 -18"><span class='ocrx_word' id='word_1_540' title='bbox 2416 2027 2693 2097; x_wconf 85' lang='grc' dir='ltr'>ἁμαρτίας</span> <span class='ocrx_word' id='word_1_541' title='bbox 2729 2030 2807 2086; x_wconf 81' lang='grc' dir='ltr'>εἰς</span> <span class='ocrx_word' id='word_1_542' title='bbox 2841 2027 2947 2095; x_wconf 79' lang='grc' dir='ltr'><strong>γῆν</strong></span> <span class='ocrx_word' id='word_1_543' title='bbox 2980 2024 3387 2095; x_wconf 73' lang='grc' dir='ltr'>κατερῤύημεν,</span> <span class='ocrx_word' id='word_1_544' title='bbox 3423 2024 3520 2075; x_wconf 73' lang='grc' dir='ltr'><strong>καὶ</strong></span> <span class='ocrx_word' id='word_1_545' title='bbox 3556 2023 3642 2075; x_wconf 76' lang='grc' dir='ltr'><strong>διά</strong></span> <span class='ocrx_word' id='word_1_546' title='bbox 3670 2023 3769 2091; x_wconf 85' lang='grc' dir='ltr'>τῆς</span> <span class='ocrx_word' id='word_1_547' title='bbox 3801 2023 3997 2091; x_wconf 84' lang='grc' dir='ltr'>φιλαν-</span> 
     </span>
    </p>
   </div>
   <div class='ocr_carea' id='block_1_81' title="bbox 2418 2114 3999 2188">
    <p class='ocr_par' dir='ltr' id='par_1_81' title="bbox 2418 2114 3999 2188">
     <span class='ocr_line' id='line_1_81' title="bbox 2418 2114 3999 2188; baseline -0.004 -17"><span class='ocrx_word' id='word_1_548' title='bbox 2418 2118 2667 2188; x_wconf 84' lang='grc' dir='ltr'>Θρωπίας</span> <span class='ocrx_word' id='word_1_549' title='bbox 2696 2118 2791 2170; x_wconf 82' lang='grc' dir='ltr'><strong>τοῦ</strong></span> <span class='ocrx_word' id='word_1_550' title='bbox 2833 2118 3123 2179; x_wconf 83' lang='grc' dir='ltr'>κτίσαντος</span> <span class='ocrx_word' id='word_1_551' title='bbox 3154 2117 3300 2185; x_wconf 78' lang='grc' dir='ltr'><strong>ήμάς</strong></span> <span class='ocrx_word' id='word_1_552' title='bbox 3332 2118 3412 2178; x_wconf 81' lang='grc' dir='ltr'>εἰς</span> <span class='ocrx_word' id='word_1_553' title='bbox 3442 2115 3671 2185; x_wconf 77' lang='grc' dir='ltr'>οὐρανὸν</span> <span class='ocrx_word' id='word_1_554' title='bbox 3700 2114 3999 2183; x_wconf 80' lang='grc' dir='ltr'>ἀνεκλήθη-</span> 
     </span>
    </p>
   </div>
   <div class='ocr_carea' id='block_1_82' title="bbox 2423 2230 2545 2281">
    <p class='ocr_par' dir='ltr' id='par_1_82' title="bbox 2423 2230 2545 2281">
     <span class='ocr_line' id='line_1_82' title="bbox 2423 2230 2545 2281; baseline 0.008 -18"><span class='ocrx_word' id='word_1_555' title='bbox 2423 2230 2545 2281; x_wconf 86' lang='grc' dir='ltr'>μεν.</span> 
     </span>
    </p>
   </div>
   <div class='ocr_carea' id='block_1_83' title="bbox 2504 2386 3998 2465">
    <p class='ocr_par' dir='ltr' id='par_1_83' title="bbox 2504 2386 3998 2465">
     <span class='ocr_line' id='line_1_83' title="bbox 2504 2386 3998 2465; baseline -0.007 -17"><span class='ocrx_word' id='word_1_556' title='bbox 2504 2395 2803 2465; x_wconf 71' lang='grc' dir='ltr'>Ἐπιλείψει</span> <span class='ocrx_word' id='word_1_557' title='bbox 2855 2411 2919 2463; x_wconf 92' lang='grc' dir='ltr'><strong>με</strong></span> <span class='ocrx_word' id='word_1_558' title='bbox 2970 2394 3004 2463; x_wconf 86' lang='grc' dir='ltr'><strong>ή</strong></span> <span class='ocrx_word' id='word_1_559' title='bbox 3050 2393 3231 2463; x_wconf 83' lang='grc' dir='ltr'>ἡμέρα</span> <span class='ocrx_word' id='word_1_560' title='bbox 3269 2394 3336 2445; x_wconf 89' lang='grc' dir='ltr'><strong>τά</strong></span> <span class='ocrx_word' id='word_1_561' title='bbox 3369 2392 3595 2461; x_wconf 80' lang='grc' dir='ltr'>ἄγραφα</span> <span class='ocrx_word' id='word_1_562' title='bbox 3624 2391 3724 2457; x_wconf 73' lang='grc' dir='ltr'>τῆς</span> <span class='ocrx_word' id='word_1_563' title='bbox 3766 2386 3998 2455; x_wconf 76' lang='grc' dir='ltr'>Ἐκκλη-</span> 
     </span>
    </p>
   </div>
   <div class='ocr_carea' id='block_1_84' title="bbox 2421 2479 3999 2558">
    <p class='ocr_par' dir='ltr' id='par_1_84' title="bbox 2421 2479 3999 2558">
     <span class='ocr_line' id='line_1_84' title="bbox 2421 2479 3999 2558; baseline -0.007 -17"><span class='ocrx_word' id='word_1_564' title='bbox 2421 2490 2541 2550; x_wconf 90' lang='grc' dir='ltr'>σίας</span> <span class='ocrx_word' id='word_1_565' title='bbox 2578 2490 2856 2558; x_wconf 83' lang='grc' dir='ltr'>μυστήρια</span> <span class='ocrx_word' id='word_1_566' title='bbox 2884 2484 3265 2555; x_wconf 78' lang='grc' dir='ltr'>διηγούμενον.</span> <span class='ocrx_word' id='word_1_567' title='bbox 3303 2484 3409 2537; x_wconf 81' lang='grc' dir='ltr'>Ἐῶ</span> <span class='ocrx_word' id='word_1_568' title='bbox 3433 2483 3503 2537; x_wconf 82' lang='grc' dir='ltr'><strong>τὰ</strong></span> <span class='ocrx_word' id='word_1_569' title='bbox 3530 2482 3663 2536; x_wconf 82' lang='grc' dir='ltr'>ἄλλα</span> <span class='ocrx_word' id='word_1_570' title='bbox 3683 2500 3697 2512; x_wconf 87' lang='grc'><strong>·</strong></span> <span class='ocrx_word' id='word_1_571' title='bbox 3740 2482 3913 2549; x_wconf 76' lang='grc' dir='ltr'>αὐτὴν</span> <span class='ocrx_word' id='word_1_572' title='bbox 3943 2479 3999 2531; x_wconf 75' lang='grc' dir='ltr'>δὲ</span> 
     </span>
    </p>
   </div>
   <div class='ocr_carea' id='block_1_85' title="bbox 2419 2573 3997 2649">
    <p class='ocr_par' dir='ltr' id='par_1_85' title="bbox 2419 2573 3997 2649">
     <span class='ocr_line' id='line_1_85' title="bbox 2419 2573 3997 2649; baseline -0.005 -18"><span class='ocrx_word' id='word_1_573' title='bbox 2419 2582 2517 2647; x_wconf 78' lang='grc' dir='ltr'><strong>τὴν</strong></span> <span class='ocrx_word' id='word_1_574' title='bbox 2547 2581 2842 2649; x_wconf 86' lang='grc' dir='ltr'>ὁμολογίαν</span> <span class='ocrx_word' id='word_1_575' title='bbox 2874 2578 2974 2645; x_wconf 74' lang='grc' dir='ltr'>τῆς</span> <span class='ocrx_word' id='word_1_576' title='bbox 3006 2577 3248 2638; x_wconf 88' lang='grc' dir='ltr'>πίστεως</span> <span class='ocrx_word' id='word_1_577' title='bbox 3302 2574 3581 2628; x_wconf 78' lang='grc' dir='ltr'>πιστεύειν</span> <span class='ocrx_word' id='word_1_578' title='bbox 3627 2576 3704 2636; x_wconf 87' lang='grc' dir='ltr'>εἰς</span> <span class='ocrx_word' id='word_1_579' title='bbox 3753 2573 3997 2641; x_wconf 79' lang='grc' dir='ltr'>Πατέρα,</span> 
     </span>
    </p>
   </div>
   <div class='ocr_carea' id='block_1_86' title="bbox 2420 2662 3998 2733">
    <p class='ocr_par' dir='ltr' id='par_1_86' title="bbox 2420 2662 3998 2733">
     <span class='ocr_line' id='line_1_86' title="bbox 2420 2662 3998 2733; baseline -0.004 -14"><span class='ocrx_word' id='word_1_580' title='bbox 2420 2668 2569 2732; x_wconf 74' lang='grc' dir='ltr'>Υίὸν,</span> <span class='ocrx_word' id='word_1_581' title='bbox 2606 2668 2699 2720; x_wconf 70' lang='grc' dir='ltr'>καὶ</span> <span class='ocrx_word' id='word_1_582' title='bbox 2730 2667 2886 2733; x_wconf 82' lang='grc' dir='ltr'>ἆγιον</span> <span class='ocrx_word' id='word_1_583' title='bbox 2916 2665 3165 2732; x_wconf 78' lang='grc' dir='ltr'>Πνεῦμα,</span> <span class='ocrx_word' id='word_1_584' title='bbox 3199 2668 3263 2718; x_wconf 84' lang='grc' dir='ltr'><strong>ἐκ</strong></span> <span class='ocrx_word' id='word_1_585' title='bbox 3296 2664 3469 2716; x_wconf 87' lang='grc' dir='ltr'>ποίων</span> <span class='ocrx_word' id='word_1_586' title='bbox 3493 2663 3845 2733; x_wconf 75' lang='grc' dir='ltr'>γραμμάτων</span> <span class='ocrx_word' id='word_1_587' title='bbox 3878 2662 3998 2729; x_wconf 76' lang='grc' dir='ltr'>ἑχο-</span> 
     </span>
    </p>
   </div>
   <div class='ocr_carea' id='block_1_87' title="bbox 2424 2753 3999 2829">
    <p class='ocr_par' dir='ltr' id='par_1_87' title="bbox 2424 2753 3999 2829">
     <span class='ocr_line' id='line_1_87' title="bbox 2424 2753 3999 2829; baseline -0.005 -18"><span class='ocrx_word' id='word_1_588' title='bbox 2424 2777 2559 2829; x_wconf 87' lang='grc' dir='ltr'>μεν;</span> <span class='ocrx_word' id='word_1_589' title='bbox 2594 2760 2658 2813; x_wconf 79' lang='grc' dir='ltr'><strong>Εἰ</strong></span> <span class='ocrx_word' id='word_1_590' title='bbox 2691 2759 2791 2827; x_wconf 80' lang='grc' dir='ltr'><strong>μὲν</strong></span> <span class='ocrx_word' id='word_1_591' title='bbox 2828 2760 2893 2810; x_wconf 92' lang='grc' dir='ltr'><strong>ἐκ</strong></span> <span class='ocrx_word' id='word_1_592' title='bbox 2937 2760 3037 2826; x_wconf 85' lang='grc' dir='ltr'>τῆς</span> <span class='ocrx_word' id='word_1_593' title='bbox 3069 2756 3167 2809; x_wconf 93' lang='grc' dir='ltr'><strong>τοῦ</strong></span> <span class='ocrx_word' id='word_1_594' title='bbox 3210 2755 3587 2825; x_wconf 76' lang='grc' dir='ltr'>βαπτίσματος</span> <span class='ocrx_word' id='word_1_595' title='bbox 3619 2753 3999 2823; x_wconf 68' lang='grc' dir='ltr'>παραδόσεως,</span> 
     </span>
    </p>
   </div>
   <div class='ocr_carea' id='block_1_88' title="bbox 2422 2844 4001 2919">
    <p class='ocr_par' dir='ltr' id='par_1_88' title="bbox 2422 2844 4001 2919">
     <span class='ocr_line' id='line_1_88' title="bbox 2422 2844 4001 2919; baseline -0.005 -16"><span class='ocrx_word' id='word_1_596' title='bbox 2422 2853 2565 2904; x_wconf 86' lang='grc' dir='ltr'><strong>κατά</strong></span> <span class='ocrx_word' id='word_1_597' title='bbox 2595 2850 2655 2902; x_wconf 82' lang='grc' dir='ltr'>τὸ</span> <span class='ocrx_word' id='word_1_598' title='bbox 2678 2850 2773 2919; x_wconf 82' lang='grc' dir='ltr'>τῆς</span> <span class='ocrx_word' id='word_1_599' title='bbox 2806 2848 3091 2910; x_wconf 77' lang='grc' dir='ltr'>εὐσεϐείας</span> <span class='ocrx_word' id='word_1_600' title='bbox 3129 2849 3454 2917; x_wconf 76' lang='grc' dir='ltr'>μυστήριον,</span> <span class='ocrx_word' id='word_1_601' title='bbox 3488 2845 3562 2906; x_wconf 86' lang='grc' dir='ltr'><strong>ὡς</strong></span> <span class='ocrx_word' id='word_1_602' title='bbox 3598 2844 4001 2913; x_wconf 72' lang='grc' dir='ltr'>βαπτιζόμεοα,</span> 
     </span>
    </p>
   </div>
   <div class='ocr_carea' id='block_1_89' title="bbox 2421 2935 4003 3008">
    <p class='ocr_par' dir='ltr' id='par_1_89' title="bbox 2421 2935 4003 3008">
     <span class='ocr_line' id='line_1_89' title="bbox 2421 2935 4003 3008; baseline -0.006 -13"><span class='ocrx_word' id='word_1_603' title='bbox 2421 2944 2594 3005; x_wconf 88' lang='grc' dir='ltr'>οῦτως</span> <span class='ocrx_word' id='word_1_604' title='bbox 2628 2942 2725 2994; x_wconf 73' lang='grc' dir='ltr'><strong>καὶ</strong></span> <span class='ocrx_word' id='word_1_605' title='bbox 2776 2941 3055 2993; x_wconf 76' lang='grc' dir='ltr'>πιστεύειν</span> <span class='ocrx_word' id='word_1_606' title='bbox 3101 2939 3432 3008; x_wconf 81' lang='grc' dir='ltr'>ὀφείλοντες,</span> <span class='ocrx_word' id='word_1_607' title='bbox 3472 2939 3666 3008; x_wconf 77' lang='grc' dir='ltr'>ὁμοίαν</span> <span class='ocrx_word' id='word_1_608' title='bbox 3694 2937 3774 3005; x_wconf 85' lang='grc' dir='ltr'>τῷ</span> <span class='ocrx_word' id='word_1_609' title='bbox 3807 2935 4003 3004; x_wconf 83' lang='grc' dir='ltr'>βαπτί-</span> 
     </span>
    </p>
   </div>
   <div class='ocr_carea' id='block_1_90' title="bbox 2348 3027 4005 3127">
    <p class='ocr_par' dir='ltr' id='par_1_90' title="bbox 2348 3027 4005 3127">
     <span class='ocr_line' id='line_1_90' title="bbox 2348 3027 4005 3127; baseline -0.006 -41"><span class='ocrx_word' id='word_1_610' title='bbox 2348 3069 2393 3127; x_wconf 75' lang='lat' dir='ltr'>c</span> <span class='ocrx_word' id='word_1_611' title='bbox 2426 3049 2593 3102; x_wconf 88' lang='grc' dir='ltr'>σματι</span> <span class='ocrx_word' id='word_1_612' title='bbox 2625 3032 2726 3100; x_wconf 84' lang='grc' dir='ltr'>τὴν</span> <span class='ocrx_word' id='word_1_613' title='bbox 2758 3030 3050 3100; x_wconf 86' lang='grc' dir='ltr'>ὁμολογίαν</span> <span class='ocrx_word' id='word_1_614' title='bbox 3082 3028 3490 3099; x_wconf 78' lang='grc' dir='ltr'>κατατιθέμεοα</span> <span class='ocrx_word' id='word_1_615' title='bbox 3512 3044 3524 3057; x_wconf 76' lang='grc'>⁸</span> <span class='ocrx_word' id='word_1_616' title='bbox 3561 3027 4005 3096; x_wconf 77' lang='grc' dir='ltr'>συγχωρησάτω-</span> 
     </span>
    </p>
   </div>
   <div class='ocr_carea' id='block_1_91' title="bbox 2428 3119 4006 3194">
    <p class='ocr_par' dir='ltr' id='par_1_91' title="bbox 2428 3119 4006 3194">
     <span class='ocr_line' id='line_1_91' title="bbox 2428 3119 4006 3194; baseline -0.006 -18"><span class='ocrx_word' id='word_1_617' title='bbox 2428 3142 2527 3176; x_wconf 90' lang='grc' dir='ltr'><strong>σαν</strong></span> <span class='ocrx_word' id='word_1_618' title='bbox 2549 3128 2684 3194; x_wconf 81' lang='grc' dir='ltr'>ἡμῖν</span> <span class='ocrx_word' id='word_1_619' title='bbox 2717 3125 2783 3175; x_wconf 88' lang='grc' dir='ltr'><strong>ἐκ</strong></span> <span class='ocrx_word' id='word_1_620' title='bbox 2812 3124 2910 3191; x_wconf 78' lang='grc' dir='ltr'><strong>τῆς</strong></span> <span class='ocrx_word' id='word_1_621' title='bbox 2944 3121 3271 3182; x_wconf 83' lang='grc' dir='ltr'>ἀκολουθίας</span> <span class='ocrx_word' id='word_1_622' title='bbox 3303 3121 3494 3190; x_wconf 76' lang='grc' dir='ltr'>ὁμοίαν</span> <span class='ocrx_word' id='word_1_623' title='bbox 3544 3123 3611 3189; x_wconf 80' lang='grc' dir='ltr'>τῇ</span> <span class='ocrx_word' id='word_1_624' title='bbox 3666 3122 3851 3171; x_wconf 83' lang='grc' dir='ltr'>πίστει</span> <span class='ocrx_word' id='word_1_625' title='bbox 3904 3119 4006 3186; x_wconf 72' lang='grc' dir='ltr'><strong>τὴν</strong></span> 
     </span>
    </p>
   </div>
   <div class='ocr_carea' id='block_1_92' title="bbox 2424 3209 4006 3286">
    <p class='ocr_par' dir='ltr' id='par_1_92' title="bbox 2424 3209 4006 3286">
     <span class='ocr_line' id='line_1_92' title="bbox 2424 3209 4006 3286; baseline -0.006 -15"><span class='ocrx_word' id='word_1_626' title='bbox 2424 3218 2582 3281; x_wconf 80' lang='grc' dir='ltr'>δόξαν</span> <span class='ocrx_word' id='word_1_627' title='bbox 2614 3217 2945 3271; x_wconf 82' lang='grc' dir='ltr'>ἀποδιδόναι.</span> <span class='ocrx_word' id='word_1_628' title='bbox 2981 3216 3044 3268; x_wconf 76' lang='lat' dir='ltr'><strong>Ei</strong></span> <span class='ocrx_word' id='word_1_629' title='bbox 3088 3214 3143 3267; x_wconf 81' lang='grc' dir='ltr'><strong>δὲ</strong></span> <span class='ocrx_word' id='word_1_630' title='bbox 3190 3215 3393 3286; x_wconf 79' lang='grc' dir='ltr'>τρόπον</span> <span class='ocrx_word' id='word_1_631' title='bbox 3432 3215 3532 3281; x_wconf 83' lang='grc' dir='ltr'>τῆς</span> <span class='ocrx_word' id='word_1_632' title='bbox 3580 3213 3891 3279; x_wconf 77' lang='grc' dir='ltr'>δοξολογίας</span> <span class='ocrx_word' id='word_1_633' title='bbox 3932 3209 4006 3269; x_wconf 80' lang='grc' dir='ltr'>ὡς</span> 
     </span>
    </p>
   </div>
   <div class='ocr_carea' id='block_1_93' title="bbox 2426 3300 4009 3380">
    <p class='ocr_par' dir='ltr' id='par_1_93' title="bbox 2426 3300 4009 3380">
     <span class='ocr_line' id='line_1_93' title="bbox 2426 3300 4009 3380; baseline -0.009 -16"><span class='ocrx_word' id='word_1_634' title='bbox 2426 3311 2674 3380; x_wconf 81' lang='grc' dir='ltr'>ἄγραφον</span> <span class='ocrx_word' id='word_1_635' title='bbox 2696 3308 3104 3379; x_wconf 80' lang='grc' dir='ltr'>παρωθοῦνται,</span> <span class='ocrx_word' id='word_1_636' title='bbox 3141 3306 3384 3358; x_wconf 80' lang='grc' dir='ltr'>δότωσαν</span> <span class='ocrx_word' id='word_1_637' title='bbox 3426 3305 3561 3374; x_wconf 73' lang='grc' dir='ltr'>ἡμῖν</span> <span class='ocrx_word' id='word_1_638' title='bbox 3602 3304 3705 3371; x_wconf 81' lang='grc' dir='ltr'><strong>τῆς</strong></span> <span class='ocrx_word' id='word_1_639' title='bbox 3748 3320 3810 3354; x_wconf 88' lang='grc' dir='ltr'><strong>τε</strong></span> <span class='ocrx_word' id='word_1_640' title='bbox 3864 3300 4009 3352; x_wconf 65' lang='grc' dir='ltr'>κατὰ</span> 
     </span>
    </p>
   </div>
   <div class='ocr_carea' id='block_1_94' title="bbox 2425 3388 4008 3472">
    <p class='ocr_par' dir='ltr' id='par_1_94' title="bbox 2425 3388 4008 3472">
     <span class='ocr_line' id='line_1_94' title="bbox 2425 3388 4008 3472; baseline -0.008 -17"><span class='ocrx_word' id='word_1_641' title='bbox 2425 3404 2527 3472; x_wconf 78' lang='grc' dir='ltr'><strong>τὴν</strong></span> <span class='ocrx_word' id='word_1_642' title='bbox 2560 3403 2742 3453; x_wconf 87' lang='grc' dir='ltr'>πίστιν</span> <span class='ocrx_word' id='word_1_643' title='bbox 2771 3398 3085 3468; x_wconf 83' lang='grc' dir='ltr'>ὁμολογίαν,</span> <span class='ocrx_word' id='word_1_644' title='bbox 3118 3398 3213 3449; x_wconf 80' lang='grc' dir='ltr'><strong>καὶ</strong></span> <span class='ocrx_word' id='word_1_645' title='bbox 3243 3398 3355 3447; x_wconf 89' lang='grc' dir='ltr'><strong>τῶν</strong></span> <span class='ocrx_word' id='word_1_646' title='bbox 3388 3395 3618 3455; x_wconf 83' lang='grc' dir='ltr'>λοιπῶν,</span> <span class='ocrx_word' id='word_1_647' title='bbox 3653 3388 3727 3447; x_wconf 80' lang='grc' dir='ltr'>ὧν</span> <span class='ocrx_word' id='word_1_648' title='bbox 3754 3392 4008 3461; x_wconf 72' lang='grc' dir='ltr'>ἀπηριθ-</span> 
     </span>
    </p>
   </div>
   <div class='ocr_carea' id='block_1_95' title="bbox 2431 3486 4010 3563">
    <p class='ocr_par' dir='ltr' id='par_1_95' title="bbox 2431 3486 4010 3563">
     <span class='ocr_line' id='line_1_95' title="bbox 2431 3486 4010 3563; baseline -0.006 -17"><span class='ocrx_word' id='word_1_649' title='bbox 2431 3492 2753 3563; x_wconf 81' lang='grc' dir='ltr'>μησάμεοα,</span> <span class='ocrx_word' id='word_1_650' title='bbox 2787 3492 3100 3558; x_wconf 72' lang='grc' dir='ltr'>ἐγγράφους</span> <span class='ocrx_word' id='word_1_651' title='bbox 3126 3490 3226 3551; x_wconf 77' lang='grc' dir='ltr'><strong>τὰς</strong></span> <span class='ocrx_word' id='word_1_652' title='bbox 3250 3488 3581 3551; x_wconf 75' lang='grc' dir='ltr'>ἀποδείξεις.</span> <span class='ocrx_word' id='word_1_653' title='bbox 3613 3489 3821 3540; x_wconf 84' lang='grc' dir='ltr'>Ἐκεῖνο</span> <span class='ocrx_word' id='word_1_654' title='bbox 3850 3486 4010 3550; x_wconf 82' lang='grc' dir='ltr'>λέγο-</span> 
     </span>
    </p>
   </div>
   <div class='ocr_carea' id='block_1_96' title="bbox 2432 3576 4012 3653">
    <p class='ocr_par' dir='ltr' id='par_1_96' title="bbox 2432 3576 4012 3653">
     <span class='ocr_line' id='line_1_96' title="bbox 2432 3576 4012 3653; baseline -0.006 -18"><span class='ocrx_word' id='word_1_655' title='bbox 2432 3601 2568 3653; x_wconf 89' lang='grc' dir='ltr'>μεν,</span> <span class='ocrx_word' id='word_1_656' title='bbox 2602 3585 2682 3635; x_wconf 82' lang='grc' dir='ltr'><strong>ὁτι</strong></span> <span class='ocrx_word' id='word_1_657' title='bbox 2744 3583 2793 3634; x_wconf 88' lang='grc' dir='ltr'><strong>εί</strong></span> <span class='ocrx_word' id='word_1_658' title='bbox 2838 3580 3005 3650; x_wconf 83' lang='grc' dir='ltr'>μηδὲν</span> <span class='ocrx_word' id='word_1_659' title='bbox 3061 3578 3249 3649; x_wconf 74' lang='grc' dir='ltr'>ἕτερον</span> <span class='ocrx_word' id='word_1_660' title='bbox 3313 3579 3600 3649; x_wconf 81' lang='grc' dir='ltr'>ἄγραφον,</span> <span class='ocrx_word' id='word_1_661' title='bbox 3655 3578 3792 3647; x_wconf 79' lang='grc' dir='ltr'>μηδέ</span> <span class='ocrx_word' id='word_1_662' title='bbox 3851 3576 4012 3629; x_wconf 83' lang='grc' dir='ltr'>τοῦτο</span> 
     </span>
    </p>
   </div>
   <div class='ocr_carea' id='block_1_97' title="bbox 2429 3669 4013 3743">
    <p class='ocr_par' dir='ltr' id='par_1_97' title="bbox 2429 3669 4013 3743">
     <span class='ocr_line' id='line_1_97' title="bbox 2429 3669 4013 3743; baseline -0.003 -18"><span class='ocrx_word' id='word_1_663' title='bbox 2429 3672 2849 3743; x_wconf 79' lang='grc' dir='ltr'>παραδεχοήτω.</span> <span class='ocrx_word' id='word_1_664' title='bbox 2874 3671 2936 3723; x_wconf 80' lang='grc' dir='ltr'><strong>Εἰ</strong></span> <span class='ocrx_word' id='word_1_665' title='bbox 2959 3670 3015 3723; x_wconf 86' lang='grc' dir='ltr'>δὲ</span> <span class='ocrx_word' id='word_1_666' title='bbox 3044 3670 3113 3723; x_wconf 79' lang='grc' dir='ltr'><strong>τά</strong></span> <span class='ocrx_word' id='word_1_667' title='bbox 3141 3669 3369 3722; x_wconf 83' lang='grc' dir='ltr'>πλεῖστα</span> <span class='ocrx_word' id='word_1_668' title='bbox 3397 3670 3507 3721; x_wconf 88' lang='grc' dir='ltr'><strong>τῶν</strong></span> <span class='ocrx_word' id='word_1_669' title='bbox 3537 3669 3818 3739; x_wconf 83' lang='grc' dir='ltr'>μυστικῶν</span> <span class='ocrx_word' id='word_1_670' title='bbox 3842 3670 4013 3737; x_wconf 76' lang='grc' dir='ltr'>ἀγρά-</span> 
     </span>
    </p>
   </div>
   <div class='ocr_carea' id='block_1_98' title="bbox 2429 3761 4013 3833">
    <p class='ocr_par' dir='ltr' id='par_1_98' title="bbox 2429 3761 4013 3833">
     <span class='ocr_line' id='line_1_98' title="bbox 2429 3761 4013 3833; baseline -0.005 -15"><span class='ocrx_word' id='word_1_671' title='bbox 2429 3782 2543 3832; x_wconf 82' lang='grc' dir='ltr'><strong>φως</strong></span> <span class='ocrx_word' id='word_1_672' title='bbox 2576 3766 2709 3833; x_wconf 79' lang='grc' dir='ltr'>ἡμῖν</span> <span class='ocrx_word' id='word_1_673' title='bbox 2737 3762 3177 3832; x_wconf 78' lang='grc' dir='ltr'>ἐμπολιτεύεται,</span> <span class='ocrx_word' id='word_1_674' title='bbox 3224 3762 3366 3830; x_wconf 82' lang='grc' dir='ltr'><strong>μετά</strong></span> <span class='ocrx_word' id='word_1_675' title='bbox 3414 3761 3627 3813; x_wconf 85' lang='grc' dir='ltr'>πολλῶν</span> <span class='ocrx_word' id='word_1_676' title='bbox 3674 3762 3881 3829; x_wconf 87' lang='grc' dir='ltr'>ἐτέρων</span> <span class='ocrx_word' id='word_1_677' title='bbox 3920 3761 4013 3811; x_wconf 71' lang='grc' dir='ltr'><strong>καὶ</strong></span> 
     </span>
    </p>
   </div>
   <div class='ocr_carea' id='block_1_99' title="bbox 2427 3848 4014 3923">
    <p class='ocr_par' dir='ltr' id='par_1_99' title="bbox 2427 3848 4014 3923">
     <span class='ocr_line' id='line_1_99' title="bbox 2427 3848 4014 3923; baseline -0.004 -14"><span class='ocrx_word' id='word_1_678' title='bbox 2427 3857 2585 3909; x_wconf 84' lang='grc' dir='ltr'>τοῦτο</span> <span class='ocrx_word' id='word_1_679' title='bbox 2614 3854 3047 3923; x_wconf 77' lang='grc' dir='ltr'>κατεδεξάμεθα.</span> <span class='ocrx_word' id='word_1_680' title='bbox 3081 3853 3471 3906; x_wconf 82' lang='grc' dir='ltr'>Ἀποστολικὸν</span> <span class='ocrx_word' id='word_1_681' title='bbox 3511 3853 3569 3906; x_wconf 77' lang='grc' dir='ltr'>δὲ</span> <span class='ocrx_word' id='word_1_682' title='bbox 3617 3848 3772 3922; x_wconf 72' lang='grc' dir='ltr'>οἶμαι</span> <span class='ocrx_word' id='word_1_683' title='bbox 3821 3855 3920 3904; x_wconf 73' lang='grc' dir='ltr'><strong>καὶ</strong></span> <span class='ocrx_word' id='word_1_684' title='bbox 3954 3854 4014 3904; x_wconf 59' lang='lat' dir='ltr'>ﬁ</span> 
     </span>
    </p>
   </div>
   <div class='ocr_carea' id='block_1_100' title="bbox 2428 3944 4015 4014">
    <p class='ocr_par' dir='ltr' id='par_1_100' title="bbox 2428 3944 4015 4014">
     <span class='ocr_line' id='line_1_100' title="bbox 2428 3944 4015 4014; baseline -0.003 -16"><span class='ocrx_word' id='word_1_685' title='bbox 2428 3950 2546 4008; x_wconf 86' lang='grc' dir='ltr'>ταῖς</span> <span class='ocrx_word' id='word_1_686' title='bbox 2576 3945 2851 4013; x_wconf 80' lang='grc' dir='ltr'>ἀγράφοις</span> <span class='ocrx_word' id='word_1_687' title='bbox 2901 3944 3241 4014; x_wconf 78' lang='grc' dir='ltr'>παραδόσεσι</span> <span class='ocrx_word' id='word_1_688' title='bbox 3291 3944 3656 4013; x_wconf 83' lang='grc' dir='ltr'>παραμένειν.</span> <span class='ocrx_word' id='word_1_689' title='bbox 3698 3964 3715 3994; x_wconf 78' lang='grc' dir='ltr'>ι</span> <span class='ocrx_word' id='word_1_690' title='bbox 3766 3944 4015 3997; x_wconf 79' lang='grc' dir='ltr'>Ἐπαινῶ</span> 
     </span>
    </p>
   </div>
   <div class='ocr_carea' id='block_1_101' title="bbox 2430 4034 4014 4106">
    <p class='ocr_par' dir='ltr' id='par_1_101' title="bbox 2430 4034 4014 4106">
     <span class='ocr_line' id='line_1_101' title="bbox 2430 4034 4014 4106; baseline -0.003 -16"><span class='ocrx_word' id='word_1_691' title='bbox 2430 4040 2560 4106; x_wconf 75' lang='grc' dir='ltr'>γὰρ.</span> <span class='ocrx_word' id='word_1_692' title='bbox 2596 4037 2785 4104; x_wconf 57' lang='grc' dir='ltr'>φησιν,</span> <span class='ocrx_word' id='word_1_693' title='bbox 2835 4036 3001 4101; x_wconf 77' lang='grc' dir='ltr'>ὑμᾶς,</span> <span class='ocrx_word' id='word_1_694' title='bbox 3049 4035 3134 4086; x_wconf 83' lang='grc' dir='ltr'><strong>ὃτι</strong></span> <span class='ocrx_word' id='word_1_695' title='bbox 3187 4034 3369 4087; x_wconf 80' lang='grc' dir='ltr'>πάντα</span> <span class='ocrx_word' id='word_1_696' title='bbox 3409 4052 3512 4104; x_wconf 89' lang='grc' dir='ltr'><strong>μου</strong></span> <span class='ocrx_word' id='word_1_697' title='bbox 3578 4035 3883 4105; x_wconf 77' lang='grc' dir='ltr'>μέμνησθε,</span> <span class='ocrx_word' id='word_1_698' title='bbox 3918 4038 4014 4088; x_wconf 81' lang='grc' dir='ltr'><strong>καὶ</strong></span> 
     </span>
    </p>
   </div>
   <div class='ocr_carea' id='block_1_102' title="bbox 2430 4124 4015 4195">
    <p class='ocr_par' dir='ltr' id='par_1_102' title="bbox 2430 4124 4015 4195">
     <span class='ocr_line' id='line_1_102' title="bbox 2430 4124 4015 4195; baseline -0.001 -15"><span class='ocrx_word' id='word_1_699' title='bbox 2430 4128 2615 4190; x_wconf 82' lang='grc' dir='ltr'>καθὼς</span> <span class='ocrx_word' id='word_1_700' title='bbox 2649 4127 2942 4195; x_wconf 80' lang='grc' dir='ltr'>παρέδωκα</span> <span class='ocrx_word' id='word_1_701' title='bbox 2977 4126 3108 4194; x_wconf 80' lang='grc' dir='ltr'>ὑμῖν</span> <span class='ocrx_word' id='word_1_702' title='bbox 3138 4125 3239 4185; x_wconf 79' lang='grc' dir='ltr'>τὰς</span> <span class='ocrx_word' id='word_1_703' title='bbox 3291 4124 3643 4194; x_wconf 82' lang='grc' dir='ltr'>παραδόσεις,</span> <span class='ocrx_word' id='word_1_704' title='bbox 3674 4125 3740 4188; x_wconf 78' lang='grc' dir='ltr'>ἃς</span> <span class='ocrx_word' id='word_1_705' title='bbox 3770 4126 4015 4195; x_wconf 75' lang='grc' dir='ltr'>παρελάο</span> 
     </span>
    </p>
   </div>
   <div class='ocr_carea' id='block_1_103' title="bbox 2432 4215 3699 4285">
    <p class='ocr_par' dir='ltr' id='par_1_103' title="bbox 2432 4215 3699 4285">
     <span class='ocr_line' id='line_1_103' title="bbox 2432 4215 3699 4285; baseline -0.002 -15"><span class='ocrx_word' id='word_1_706' title='bbox 2432 4219 2581 4276; x_wconf 78' lang='grc' dir='ltr'>ϐετε.</span> <span class='ocrx_word' id='word_1_707' title='bbox 2614 4216 2724 4269; x_wconf 78' lang='grc' dir='ltr'>εἴτε</span> <span class='ocrx_word' id='word_1_708' title='bbox 2748 4216 2837 4269; x_wconf 72' lang='grc' dir='ltr'>διὰ</span> <span class='ocrx_word' id='word_1_709' title='bbox 2870 4216 3055 4282; x_wconf 84' lang='grc' dir='ltr'>λόγου,</span> <span class='ocrx_word' id='word_1_710' title='bbox 3088 4215 3198 4268; x_wconf 78' lang='grc' dir='ltr'>εἴτε</span> <span class='ocrx_word' id='word_1_711' title='bbox 3226 4215 3295 4268; x_wconf 81' lang='grc' dir='ltr'><strong>δι’</strong></span> <span class='ocrx_word' id='word_1_712' title='bbox 3331 4217 3643 4285; x_wconf 82' lang='grc' dir='ltr'>ἐπιστολῆς.</span> <span class='ocrx_word' id='word_1_713' title='bbox 3679 4236 3699 4268; x_wconf 70' lang='grc' dir='ltr'>ι</span> 
     </span>
    </p>
   </div>
   <div class='ocr_carea' id='block_1_104' title="bbox 2360 4392 3950 4487">
    <p class='ocr_par' dir='ltr' id='par_1_104' title="bbox 2360 4392 3950 4487">
     <span class='ocr_line' id='line_1_104' title="bbox 2360 4392 3950 4487; baseline -0.001 -13"><span class='ocrx_word' id='word_1_714' title='bbox 2360 4392 2409 4451; x_wconf 80' lang='lat' dir='ltr'><strong>D</strong></span> <span class='ocrx_word' id='word_1_715' title='bbox 2491 4420 2604 4474; x_wconf 84' lang='grc' dir='ltr'>Τοῦ</span> <span class='ocrx_word' id='word_1_716' title='bbox 2630 4419 2819 4473; x_wconf 69' lang='grc' dir='ltr'>αὑτοῦ</span> <span class='ocrx_word' id='word_1_717' title='bbox 2845 4420 2915 4472; x_wconf 81' lang='grc' dir='ltr'><strong>ἐκ</strong></span> <span class='ocrx_word' id='word_1_718' title='bbox 2944 4418 3050 4472; x_wconf 81' lang='grc' dir='ltr'><strong>τοῦ</strong></span> <span class='ocrx_word' id='word_1_719' title='bbox 3085 4420 3215 4485; x_wconf 79' lang='grc' dir='ltr'>περὶ</span> <span class='ocrx_word' id='word_1_720' title='bbox 3250 4418 3357 4472; x_wconf 79' lang='grc' dir='ltr'><strong>τοῦ</strong></span> <span class='ocrx_word' id='word_1_721' title='bbox 3381 4419 3554 4487; x_wconf 73' lang='grc' dir='ltr'>ἁγίου</span> <span class='ocrx_word' id='word_1_722' title='bbox 3584 4420 3950 4487; x_wconf 79' lang='grc' dir='ltr'>Πνεὺματος.</span> 
     </span>
    </p>
   </div>
   <div class='ocr_carea' id='block_1_105' title="bbox 2516 4508 4017 4579">
    <p class='ocr_par' dir='ltr' id='par_1_105' title="bbox 2516 4508 4017 4579">
     <span class='ocr_line' id='line_1_105' title="bbox 2516 4508 4017 4579; baseline -0.001 -16"><span class='ocrx_word' id='word_1_723' title='bbox 2516 4511 2821 4579; x_wconf 82' lang='grc' dir='ltr'>Ἑκήρυσσε</span> <span class='ocrx_word' id='word_1_724' title='bbox 2858 4508 3114 4579; x_wconf 81' lang='grc' dir='ltr'>φανερῶς</span> <span class='ocrx_word' id='word_1_725' title='bbox 3154 4512 3187 4579; x_wconf 86' lang='grc' dir='ltr'><strong>ή</strong></span> <span class='ocrx_word' id='word_1_726' title='bbox 3243 4509 3457 4563; x_wconf 87' lang='grc' dir='ltr'>Παλαιά</span> <span class='ocrx_word' id='word_1_727' title='bbox 3504 4510 3595 4561; x_wconf 74' lang='grc' dir='ltr'>τὸν</span> <span class='ocrx_word' id='word_1_728' title='bbox 3630 4510 3887 4579; x_wconf 79' lang='grc' dir='ltr'>Πατέρα·</span> <span class='ocrx_word' id='word_1_729' title='bbox 3924 4510 4017 4562; x_wconf 72' lang='grc' dir='ltr'>τὸν</span> 
     </span>
    </p>
   </div>
   <div class='ocr_carea' id='block_1_106' title="bbox 2431 4601 4015 4673">
    <p class='ocr_par' dir='ltr' id='par_1_106' title="bbox 2431 4601 4015 4673">
     <span class='ocr_line' id='line_1_106' title="bbox 2431 4601 4015 4673; baseline -0.003 -15"><span class='ocrx_word' id='word_1_730' title='bbox 2431 4605 2489 4658; x_wconf 75' lang='grc' dir='ltr'>δὲ</span> <span class='ocrx_word' id='word_1_731' title='bbox 2517 4602 2911 4672; x_wconf 78' lang='grc' dir='ltr'>ἀμυδρότερον,</span> <span class='ocrx_word' id='word_1_732' title='bbox 2941 4602 3289 4673; x_wconf 75' lang='grc' dir='ltr'>ἐφανέρωσεν</span> <span class='ocrx_word' id='word_1_733' title='bbox 3317 4604 3351 4673; x_wconf 91' lang='grc' dir='ltr'><strong>ή</strong></span> <span class='ocrx_word' id='word_1_734' title='bbox 3400 4602 3577 4669; x_wconf 80' lang='grc' dir='ltr'>Καινὴ</span> <span class='ocrx_word' id='word_1_735' title='bbox 3607 4601 3698 4653; x_wconf 78' lang='grc' dir='ltr'><strong>τὸν</strong></span> <span class='ocrx_word' id='word_1_736' title='bbox 3725 4601 3875 4657; x_wconf 84' lang='grc' dir='ltr'>Υἰὺν,</span> <span class='ocrx_word' id='word_1_737' title='bbox 3910 4602 4015 4653; x_wconf 74' lang='grc' dir='ltr'>ὑπο</span> 
     </span>
    </p>
   </div>
   <div class='ocr_carea' id='block_1_107' title="bbox 2436 4687 4017 4763">
    <p class='ocr_par' dir='ltr' id='par_1_107' title="bbox 2436 4687 4017 4763">
     <span class='ocr_line' id='line_1_107' title="bbox 2436 4687 4017 4763; baseline -0.001 -16"><span class='ocrx_word' id='word_1_738' title='bbox 2436 4694 2606 4759; x_wconf 80' lang='grc' dir='ltr'>έδειξε</span> <span class='ocrx_word' id='word_1_739' title='bbox 2633 4692 2728 4745; x_wconf 90' lang='grc' dir='ltr'><strong>τοῦ</strong></span> <span class='ocrx_word' id='word_1_740' title='bbox 2755 4693 3074 4761; x_wconf 82' lang='grc' dir='ltr'>Πνεύματος</span> <span class='ocrx_word' id='word_1_741' title='bbox 3096 4694 3195 4761; x_wconf 80' lang='grc' dir='ltr'><strong>τὴν</strong></span> <span class='ocrx_word' id='word_1_742' title='bbox 3223 4693 3473 4763; x_wconf 83' lang='grc' dir='ltr'>οεὸτητα.</span> <span class='ocrx_word' id='word_1_743' title='bbox 3499 4694 3572 4744; x_wconf 75' lang='grc' dir='ltr'><strong>Οὐ</strong></span> <span class='ocrx_word' id='word_1_744' title='bbox 3606 4693 3712 4760; x_wconf 72' lang='grc' dir='ltr'>γὰρ</span> <span class='ocrx_word' id='word_1_745' title='bbox 3739 4687 3809 4761; x_wconf 85' lang='grc' dir='ltr'>ἦν</span> <span class='ocrx_word' id='word_1_746' title='bbox 3836 4694 4017 4759; x_wconf 75' lang='grc' dir='ltr'>ἀσφα-</span> 
     </span>
    </p>
   </div>
   <div class='ocr_carea' id='block_1_108' title="bbox 2436 4782 4016 4854">
    <p class='ocr_par' dir='ltr' id='par_1_108' title="bbox 2436 4782 4016 4854">
     <span class='ocr_line' id='line_1_108' title="bbox 2436 4782 4016 4854; baseline -0.01 -6"><span class='ocrx_word' id='word_1_747' title='bbox 2436 4786 2545 4847; x_wconf 76' lang='grc' dir='ltr'>λὲς.</span> <span class='ocrx_word' id='word_1_748' title='bbox 2584 4786 2752 4854; x_wconf 83' lang='grc' dir='ltr'>μήπω</span> <span class='ocrx_word' id='word_1_749' title='bbox 2784 4784 2884 4852; x_wconf 75' lang='grc' dir='ltr'><strong>τῆς</strong></span> <span class='ocrx_word' id='word_1_750' title='bbox 2912 4783 3007 4836; x_wconf 88' lang='grc' dir='ltr'><strong>τοῦ</strong></span> <span class='ocrx_word' id='word_1_751' title='bbox 3034 4784 3247 4854; x_wconf 81' lang='grc' dir='ltr'>Πατρδς</span> <span class='ocrx_word' id='word_1_752' title='bbox 3272 4784 3527 4853; x_wconf 77' lang='grc' dir='ltr'>Θεὸτητος</span> <span class='ocrx_word' id='word_1_753' title='bbox 3559 4782 4016 4852; x_wconf 75' lang='grc' dir='ltr'>ὁμολογηθείσης,</span> 
     </span>
    </p>
   </div>
   <div class='ocr_carea' id='block_1_109' title="bbox 2435 4870 4018 4941">
    <p class='ocr_par' dir='ltr' id='par_1_109' title="bbox 2435 4870 4018 4941">
     <span class='ocr_line' id='line_1_109' title="bbox 2435 4870 4018 4941; baseline -0.002 -15"><span class='ocrx_word' id='word_1_754' title='bbox 2435 4876 2528 4927; x_wconf 84' lang='grc' dir='ltr'><strong>τὸν</strong></span> <span class='ocrx_word' id='word_1_755' title='bbox 2555 4873 2667 4926; x_wconf 80' lang='grc' dir='ltr'>υἱὸν</span> <span class='ocrx_word' id='word_1_756' title='bbox 2701 4872 2942 4941; x_wconf 82' lang='grc' dir='ltr'>ἐκδήλως</span> <span class='ocrx_word' id='word_1_757' title='bbox 2990 4872 3395 4941; x_wconf 75' lang='grc' dir='ltr'>κηρύττεσθαι·</span> <span class='ocrx_word' id='word_1_758' title='bbox 3441 4871 3573 4941; x_wconf 75' lang='grc' dir='ltr'>μηδὲ</span> <span class='ocrx_word' id='word_1_759' title='bbox 3620 4871 3723 4938; x_wconf 86' lang='grc' dir='ltr'>τῆς</span> <span class='ocrx_word' id='word_1_760' title='bbox 3751 4870 3848 4923; x_wconf 85' lang='grc' dir='ltr'><strong>τοῦ</strong></span> <span class='ocrx_word' id='word_1_761' title='bbox 3885 4871 4018 4923; x_wconf 84' lang='grc' dir='ltr'>Υἱοῦ</span> 
     </span>
    </p>
   </div>
   <div class='ocr_carea' id='block_1_110' title="bbox 2436 4960 4019 5033">
    <p class='ocr_par' dir='ltr' id='par_1_110' title="bbox 2436 4960 4019 5033">
     <span class='ocr_line' id='line_1_110' title="bbox 2436 4960 4019 5033; baseline -0.002 -17"><span class='ocrx_word' id='word_1_762' title='bbox 2436 4962 2874 5033; x_wconf 70' lang='grc' dir='ltr'>παραδεχοείσης</span> <span class='ocrx_word' id='word_1_763' title='bbox 2906 4962 2967 5013; x_wconf 82' lang='grc' dir='ltr'>τὸ</span> <span class='ocrx_word' id='word_1_764' title='bbox 3018 4960 3176 5030; x_wconf 76' lang='grc' dir='ltr'>ἅγιον</span> <span class='ocrx_word' id='word_1_765' title='bbox 3218 4961 3465 5031; x_wconf 81' lang='grc' dir='ltr'>Πνεῦμα,</span> <span class='ocrx_word' id='word_1_766' title='bbox 3511 4963 3577 5014; x_wconf 77' lang='grc' dir='ltr'><strong>ἶν’</strong></span> <span class='ocrx_word' id='word_1_767' title='bbox 3633 4962 3770 5013; x_wconf 77' lang='grc' dir='ltr'>εἴπω</span> <span class='ocrx_word' id='word_1_768' title='bbox 3819 4978 3875 5013; x_wconf 88' lang='grc' dir='ltr'><strong>τι</strong></span> <span class='ocrx_word' id='word_1_769' title='bbox 3923 4976 4019 5013; x_wconf 86' lang='grc' dir='ltr'><strong>και</strong></span> 
     </span>
    </p>
   </div>
   <div class='ocr_carea' id='block_1_111' title="bbox 2436 5053 4017 5125">
    <p class='ocr_par' dir='ltr' id='par_1_111' title="bbox 2436 5053 4017 5125">
     <span class='ocr_line' id='line_1_111' title="bbox 2436 5053 4017 5125; baseline -0.002 -18"><span class='ocrx_word' id='word_1_770' title='bbox 2436 5056 2857 5125; x_wconf 72' lang='grc' dir='ltr'>τολμηρότερον,</span> <span class='ocrx_word' id='word_1_771' title='bbox 2888 5054 3336 5125; x_wconf 72' lang='grc' dir='ltr'>ἐπιφορτίζεσθαι</span> <span class='ocrx_word' id='word_1_772' title='bbox 3361 5071 3373 5083; x_wconf 90' lang='grc'><strong>·</strong></span> <span class='ocrx_word' id='word_1_773' title='bbox 3409 5055 3485 5124; x_wconf 82' lang='grc' dir='ltr'>μὴ</span> <span class='ocrx_word' id='word_1_774' title='bbox 3548 5053 3804 5122; x_wconf 79' lang='grc' dir='ltr'>καθάπερ</span> <span class='ocrx_word' id='word_1_775' title='bbox 3833 5055 4017 5124; x_wconf 79' lang='grc' dir='ltr'>τρυφῇ</span> 
     </span>
    </p>
   </div>
   <div class='ocr_carea' id='block_1_112' title="bbox 2439 5145 4020 5215">
    <p class='ocr_par' dir='ltr' id='par_1_112' title="bbox 2439 5145 4020 5215">
     <span class='ocr_line' id='line_1_112' title="bbox 2439 5145 4020 5215; baseline 0 -17"><span class='ocrx_word' id='word_1_776' title='bbox 2439 5149 2507 5215; x_wconf 78' lang='grc' dir='ltr'>τῇ</span> <span class='ocrx_word' id='word_1_777' title='bbox 2536 5147 2675 5215; x_wconf 70' lang='grc' dir='ltr'>ὑπὲρ</span> <span class='ocrx_word' id='word_1_778' title='bbox 2711 5145 2940 5215; x_wconf 84' lang='grc' dir='ltr'>δύναμιν</span> <span class='ocrx_word' id='word_1_779' title='bbox 2968 5145 3316 5215; x_wconf 79' lang='grc' dir='ltr'>βαρυθέντες,</span> <span class='ocrx_word' id='word_1_780' title='bbox 3346 5147 3440 5199; x_wconf 76' lang='grc' dir='ltr'><strong>καὶ</strong></span> <span class='ocrx_word' id='word_1_781' title='bbox 3490 5145 3705 5215; x_wconf 82' lang='grc' dir='ltr'>ήλιακῷ</span> <span class='ocrx_word' id='word_1_782' title='bbox 3745 5147 3892 5214; x_wconf 77' lang='grc' dir='ltr'>φωτὶ</span> <span class='ocrx_word' id='word_1_783' title='bbox 3921 5161 4020 5198; x_wconf 81' lang='grc' dir='ltr'>σα·</span> 
     </span>
    </p>
   </div>
   <div class='ocr_carea' id='block_1_113' title="bbox 2438 5237 4021 5311">
    <p class='ocr_par' dir='ltr' id='par_1_113' title="bbox 2438 5237 4021 5311">
     <span class='ocr_line' id='line_1_113' title="bbox 2438 5237 4021 5311; baseline -0.001 -20"><span class='ocrx_word' id='word_1_784' title='bbox 2438 5239 2700 5311; x_wconf 81' lang='grc' dir='ltr'>Θροτέραν</span> <span class='ocrx_word' id='word_1_785' title='bbox 2734 5239 2812 5291; x_wconf 76' lang='grc' dir='ltr'>ἔτι</span> <span class='ocrx_word' id='word_1_786' title='bbox 2844 5239 3243 5307; x_wconf 78' lang='grc' dir='ltr'>προσῦαλόντες</span> <span class='ocrx_word' id='word_1_787' title='bbox 3268 5240 3367 5309; x_wconf 82' lang='grc' dir='ltr'><strong>τὴν</strong></span> <span class='ocrx_word' id='word_1_788' title='bbox 3392 5239 3535 5307; x_wconf 73' lang='grc' dir='ltr'>ὄψιν,</span> <span class='ocrx_word' id='word_1_789' title='bbox 3560 5239 3652 5291; x_wconf 69' lang='grc' dir='ltr'><strong>καὶ</strong></span> <span class='ocrx_word' id='word_1_790' title='bbox 3672 5239 3753 5301; x_wconf 90' lang='grc' dir='ltr'><strong>είς</strong></span> <span class='ocrx_word' id='word_1_791' title='bbox 3783 5237 3847 5290; x_wconf 78' lang='grc' dir='ltr'>τὸ</span> <span class='ocrx_word' id='word_1_792' title='bbox 3879 5237 4021 5290; x_wconf 61' lang='grc' dir='ltr'>κατὰ</span> 
     </span>
    </p>
   </div>
   <div class='ocr_carea' id='block_1_114' title="bbox 2438 5330 4019 5401">
    <p class='ocr_par' dir='ltr' id='par_1_114' title="bbox 2438 5330 4019 5401">
     <span class='ocr_line' id='line_1_114' title="bbox 2438 5330 4019 5401; baseline -0.001 -17"><span class='ocrx_word' id='word_1_793' title='bbox 2438 5332 2670 5401; x_wconf 75' lang='grc' dir='ltr'>δύναμιν</span> <span class='ocrx_word' id='word_1_794' title='bbox 2695 5332 3118 5384; x_wconf 81' lang='grc' dir='ltr'>κινδυνεύσωσι·</span> <span class='ocrx_word' id='word_1_795' title='bbox 3152 5334 3271 5395; x_wconf 83' lang='grc' dir='ltr'>ταῖς</span> <span class='ocrx_word' id='word_1_796' title='bbox 3302 5332 3358 5384; x_wconf 76' lang='grc' dir='ltr'>δὲ</span> <span class='ocrx_word' id='word_1_797' title='bbox 3389 5331 3532 5384; x_wconf 78' lang='grc' dir='ltr'>κατά</span> <span class='ocrx_word' id='word_1_798' title='bbox 3565 5332 3733 5401; x_wconf 88' lang='grc' dir='ltr'>μέρος</span> <span class='ocrx_word' id='word_1_799' title='bbox 3766 5330 4019 5400; x_wconf 84' lang='grc' dir='ltr'>προσθή-</span> 
     </span>
    </p>
   </div>
   <div class='ocr_carea' id='block_1_115' title="bbox 2440 5419 4021 5489">
    <p class='ocr_par' dir='ltr' id='par_1_115' title="bbox 2440 5419 4021 5489">
     <span class='ocr_line' id='line_1_115' title="bbox 2440 5419 4021 5489; baseline -0.001 -15"><span class='ocrx_word' id='word_1_800' title='bbox 2440 5440 2565 5485; x_wconf 89' lang='grc' dir='ltr'>καις</span> <span class='ocrx_word' id='word_1_801' title='bbox 2592 5463 2608 5488; x_wconf 95' lang='grc'><strong>,</strong></span> <span class='ocrx_word' id='word_1_802' title='bbox 2644 5423 2737 5474; x_wconf 71' lang='grc' dir='ltr'><strong>καί</strong></span> <span class='ocrx_word' id='word_1_803' title='bbox 2768 5422 2844 5485; x_wconf 86' lang='grc' dir='ltr'>ὡς</span> <span class='ocrx_word' id='word_1_804' title='bbox 2870 5419 2992 5474; x_wconf 83' lang='grc' dir='ltr'>εἷπε</span> <span class='ocrx_word' id='word_1_805' title='bbox 3020 5422 3203 5487; x_wconf 75' lang='grc' dir='ltr'>Δαυῑδ,</span> <span class='ocrx_word' id='word_1_806' title='bbox 3249 5422 3573 5489; x_wconf 75' lang='grc' dir='ltr'>ἀναδάσεσι,</span> <span class='ocrx_word' id='word_1_807' title='bbox 3616 5423 3713 5475; x_wconf 78' lang='grc' dir='ltr'>καὶ</span> <span class='ocrx_word' id='word_1_808' title='bbox 3747 5425 3829 5483; x_wconf 83' lang='grc' dir='ltr'><strong>είς</strong></span> <span class='ocrx_word' id='word_1_809' title='bbox 3859 5420 4021 5484; x_wconf 79' lang='grc' dir='ltr'>δόξαν</span> 
     </span>
    </p>
   </div>
   <div class='ocr_carea' id='block_1_116' title="bbox 2443 5511 4021 5585">
    <p class='ocr_par' dir='ltr' id='par_1_116' title="bbox 2443 5511 4021 5585">
     <span class='ocr_line' id='line_1_116' title="bbox 2443 5511 4021 5585; baseline -0.001 -19"><span class='ocrx_word' id='word_1_810' title='bbox 2443 5515 2699 5583; x_wconf 82' lang='grc' dir='ltr'>προόδοις</span> <span class='ocrx_word' id='word_1_811' title='bbox 2741 5514 2835 5566; x_wconf 75' lang='grc' dir='ltr'><strong>καὶ</strong></span> <span class='ocrx_word' id='word_1_812' title='bbox 2890 5516 3219 5583; x_wconf 76' lang='grc' dir='ltr'>προκοπαῖς,</span> <span class='ocrx_word' id='word_1_813' title='bbox 3266 5517 3326 5566; x_wconf 73' lang='grc' dir='ltr'>τὸ</span> <span class='ocrx_word' id='word_1_814' title='bbox 3355 5515 3452 5585; x_wconf 80' lang='grc' dir='ltr'><strong>τῆς</strong></span> <span class='ocrx_word' id='word_1_815' title='bbox 3482 5511 3716 5582; x_wconf 76' lang='grc' dir='ltr'>Τριάδος</span> <span class='ocrx_word' id='word_1_816' title='bbox 3756 5512 3876 5583; x_wconf 79' lang='grc' dir='ltr'><strong>φῶς</strong></span> <span class='ocrx_word' id='word_1_817' title='bbox 3928 5513 4021 5567; x_wconf 86' lang='grc' dir='ltr'>ἐκ-</span> 
     </span>
    </p>
   </div>
   <div class='ocr_carea' id='block_1_117' title="bbox 2448 5604 3247 5675">
    <p class='ocr_par' dir='ltr' id='par_1_117' title="bbox 2448 5604 3247 5675">
     <span class='ocr_line' id='line_1_117' title="bbox 2448 5604 3247 5675; baseline 0.005 -20"><span class='ocrx_word' id='word_1_818' title='bbox 2448 5606 2654 5675; x_wconf 65' lang='grc' dir='ltr'>λάμψει</span> <span class='ocrx_word' id='word_1_819' title='bbox 2682 5608 2795 5666; x_wconf 82' lang='grc' dir='ltr'>τοῖς</span> <span class='ocrx_word' id='word_1_820' title='bbox 2826 5604 3247 5675; x_wconf 70' lang='grc' dir='ltr'>λαμπροτέροις.</span> 
     </span>
    </p>
   </div>
  </div>
