4200 6440
185 362 278 425 921

1562 374 1958 445 ρυλζδΤιΟΝ
1969 377 2074 434 ES.

3332 373 3440 435 82?.

186 476 299 529 Τοῦ
340 480 530 554 αὐτοῦ
560 479 627 554 ἐκ
662 480 770 554 τοῦ
798 480 955 554 πρὸς
983 482 1316 554 Εὔϐουλον,
1347 481 1472 554 πῶς
1532 485 1565 534 ό
1630 483 1760 547 Υίὸς

1879 484 2116 554 Ejusdem
2161 481 2231 535 ad
2266 479 2552 543 Eubulum,
2589 482 2860 554 quomodo
2910 479 3129 533 Verbum
3174 498 3234 533 ex
3286 482 3442 536 Putre

383 549 485 599 καί
521 550 711 617 Λόγος
743 549 811 603 ἐκ
854 550 960 603 τοῦ
989 552 1219 617 Πατρός
1251 551 1543 618 ἐγεννήθη

255 662 469 731 ’Ὠσπερ
502 663 610 730 γὰρ
660 665 687 714 6
719 664 991 732 ἡμέτερος
1021 663 1177 729 λόγος
1204 663 1263 715 τὸ
1298 665 1501 731 ἀφανὲς
1532 663 1631 730 τῆς
1657 664 1759 732 ψυ-

184 754 287 823 χῆς
317 754 704 823 βουλευτήριον
755 757 835 817 εἰς
884 754 999 821 φῶς
1054 757 1377 825 προσφέρει,
1418 756 1559 808 οὕτω
1604 758 1696 808 καὶ
1736 761 1763 809 ό

185 845 313 905 Υἱὸς
342 847 436 897 καὶ
468 846 636 911 Λόγος
665 844 760 896 τοῦ
802 845 938 898 Θεοῦ
971 846 1032 898 τὸ
1068 847 1560 916 ἀποκεκρυμμένον
1590 849 1647 898 ἐν
1686 848 1763 917 τῷ

187 935 369 1005 Ha.th
397 937 503 1006 πρὸ
543 937 755 989 αἰώνων
794 940 1091 1007 μυστήριον
1131 941 1195 1008 τῇ
1234 940 1527 1009 οἰκουμένῃ
1574 940 1765 1007 ἐφανέ-

186 1046 354 1097 ρωσε.
384 1031 495 1081 Καὶ
518 1029 709 1099 ὥσπερ
752 1032 780 1082 ὁ
817 1030 971 1096 λόγος
1001 1030 1225 1099 προῖὼν,
1254 1030 1374 1083 οὐδὲ
1409 1031 1501 1083 τὸν
1540 1032 1765 1098 λέγοντα

186 1123 390 1188 γυμνοῖ
434 1122 652 1173 καὶτὸν
698 1123 969 1175 ἀκούοντα
1003 1122 1220 1191 πληροῖ·
1274 1121 1492 1193 ἔρχεται
1542 1122 1652 1193 γὰρ
1686 1124 1765 1186 εἰς

186 1214 275 1264 τὸν
317 1214 594 1265 ἀκούοντα
631 1215 728 1266 οὐκ
782 1215 1150 1283 ἀφιστάμενος
1180 1213 1274 1265 τοῦ
1308 1215 1587 1281 λέγοντος·
1616 1212 1767 1266 οὕτω

187 1306 277 1357 καὶ
311 1308 342 1355 6
385 1306 523 1357 Θεοῦ
561 1308 733 1372 Λόγος
761 1305 837 1359 ῶν
865 1308 921 1358 ἐν
954 1307 1032 1374 τῷ
1061 1307 1257 1374 ῐῐατρὶ,
1291 1304 1424 1376 ἦλθε
1451 1309 1587 1376 πρὸς
1620 1308 1768 1375 ἡμᾶς

188 1398 387 1466 σαρκί·
443 1397 569 1449 οὔτε
600 1398 693 1451 τοῦ
738 1398 950 1467 Ιιατρδς
996 1398 1288 1466 χωρισθεὶς
1316 1399 1403 1450 διὰ
1450 1398 1548 1467 τὴν
1580 1397 1764 1464 φύσιν,

188 1491 279 1541 καὶ
311 1491 449 1557 ἡμῖν
493 1489 712 1551 ὲνωθεὶς
739 1490 827 1541 διὰ
858 1488 957 1552 τὴν
1001 1489 1184 1558 χάριν,
1218 1489 1351 1552 Θεὸς
1381 1488 1455 1541 ὢν
1480 1491 1545 1558 τῇ
1584 1489 1765 1556 φύσει,

187 1583 362 1648 Λόγος
412 1582 471 1633 δὲ
514 1582 614 1650 τὴν
663 1583 1073 1650 προσωνυμίαν.
1120 1583 1334 1651 ’Ὠσπερ
1373 1582 1481 1651 γὰρ
1518 1583 1770 1649 Ἰωάννης

186 1674 481 1741 ἄνθρωπος
513 1674 589 1724 ῶν
614 1676 679 1741 τῇ
705 1672 886 1740 φύσει,
914 1673 1064 1747 φωνὴ
1093 1672 1272 1741 βοῶσα
1308 1671 1512 1742 ἐκλήθη
1544 1684 1565 1701 °
1602 1673 1691 1724 διὰ
1711 1672 1771 1725 τὸ

189 1764 401 1826 ἀπαθὲς
430 1763 533 1831 τῆς
558 1763 792 1831 φύσεως.
834 1784 851 1814 ι
893 1766 982 1815 Ἐν
1018 1764 1160 1834 ἀρχῇ
1202 1760 1270 1833 ἦν
1313 1765 1341 1815 6
1374 1765 1567 1830 Λόγος,
1603 1783 1619 1814 ι
1655 1763 1769 1815 ἀλλ’

2477 553 2713 621 genitum
2746 552 2832 603 sit.

1933 664 2367 732 Quemamodum
2419 663 2647 715 verbum
2688 670 2938 715 nostrmu
2986 661 3221 714 obscura
3259 669 3314 711 et
3354 674 3443 712 ar-

1865 776 1998 815 cana
2041 763 2242 813 mentis
2290 756 2522 810 consilia
2573 756 2626 808 in
2671 758 2845 808 lucem
2898 752 3125 823 profert.
3165 752 3243 805 sic
3274 752 3446 805 Filius

1864 863 1919 909 et
1964 854 2201 906 Verbum
2236 850 2331 904 Dei
2360 847 2745 903 absconditmn
2784 847 2837 899 in
2870 848 3030 901 Patre
3071 854 3200 899 ante
3245 846 3443 898 saecula

1866 945 2189 1016 mysterium
2233 944 2351 996 orbi
2401 951 2668 997 terrarum
2699 939 2975 1007 patefecit.
3022 940 3085 994 Et
3125 937 3287 992 sicuti
3329 954 3447 991 ver-

1866 1038 2017 1099 bum,
2078 1034 2299 1104 quando
2342 1032 2639 1101 profertur,
2684 1031 2999 1099 loquentem
3038 1045 3147 1083 non
3179 1027 3443 1085 denudat.

1866 1135 1921 1181 et
1964 1136 2171 1201 tamen_
2204 1122 2480 1177 auditoris
2518 1136 2679 1175 aures
2718 1118 2928 1188 implet,
2975 1120 3125 1172 venit
3174 1118 3321 1171 enim
3379 1116 3444 1167 ad

1868 1219 2197 1280 auditorem,
2244 1230 2351 1269 non
2396 1212 2701 1267 abscedens
2732 1213 2801 1265 ab
2830 1228 2898 1265 eo
2928 1212 3024 1279 qui
3058 1211 3305 1278 loquitur
3337 1227 3348 1259 :
3374 1208 3446 1260 ita

1868 1313 2033 1365 etiam
2079 1310 2169 1363 Dei
2216 1306 2478 1367 Verbum,
2528 1304 2676 1373 quod
2713 1313 2798 1357 est
2856 1304 2910 1356 in
2948 1303 3132 1362 Patre,
3179 1301 3329 1352 venit
3380 1298 3446 1350 ad

1869 1418 1971 1455 nos
2013 1400 2067 1453 in
2108 1416 2294 1462 carne,
2342 1412 2446 1450 nec
2480 1402 2795 1462 separatum
2829 1402 2915 1448 est
2941 1409 2971 1446 a
3010 1394 3170 1448 Palre
3224 1398 3449 1458 propter

1870 1502 2147 1553 naturam,
2198 1490 2359 1543 nobis
2408 1498 2591 1541 tamen
2636 1488 2995 1556 conjunctum
3050 1494 3277 1553 propter
3327 1500 3448 1552 gra-

1874 1584 2026 1642 tiam,
2054 1581 2197 1633 Deus
2222 1578 2493 1631 exsistens
2524 1585 2741 1638 natura,
2774 1573 3011 1627 Verbum
3043 1588 3176 1625 vero
3206 1571 3451 1640 appella-

1872 1674 2045 1726 tione.
2092 1668 2566 1736 Quemadmodum
2605 1666 2752 1719 enim
2805 1665 3067 1725 Joannes,
3113 1662 3208 1731 qui
3256 1673 3452 1714 natura

1874 1764 2040 1817 homo
2066 1769 2208 1825 erat,
2238 1759 2544 1828 appellatus
2567 1766 2651 1810 est
2676 1772 2781 1809 vox
2817 1756 3060 1809 clamans
3087 1757 3202 1807 θ’...
3227 1762 3453 1821 propter

187 1854 246 1906 οὐ
286 1854 454 1920 λόγος
500 1854 871 1915 ἀνυπόστατος
897 1869 910 1881 ·
945 1854 994 1904 οί
1034 1854 1133 1922 μὲν
1161 1854 1269 1923 γὰρ
1310 1854 1460 1905 ἄλλοι
1490 1854 1771 1923 προστάγ-

1879 1852 2375 1924 hupassibilitatem
2406 1847 2568 1920 445
2596 1854 2810 1900 natura:
2841 1864 2853 1899 :
2886 1864 2903 1897 ι
2939 1847 2992 1898 In
3027 1844 3301 1914 principio
3335 1850 3454 1897 erat

192 1962 339 2013 ματα
376 1946 476 1996 καὶ
518 1944 867 2011 δικαιώματα
910 1945 1243 2013 τυγχάνουσι
1292 1943 1449 1997 Θεοῦ.
1490 1946 1546 1997 '0
1591 1944 1647 1996 δὲ
1678 1962 1773 2013 μο-

189 2040 418 2106 νογενὴς
450 2037 583 2099 Υἱὸς
599 2037 771 2105 Λόγος
795 2037 967 2099 ἐστὶν,
993 2038 1056 2089 οὐ
1085 2036 1380 2099 συλλαϐαῖς
1410 2036 1502 2087 καὶ
1533 2036 1772 2105 ῥήμασιν

190 2133 634 2200 ὲκφωνούμενος,
666 2131 805 2185 ἀλλά
833 2131 1002 2198 Λόγος
1028 2130 1186 2197 λόγον
1225 2130 1367 2198 ζωῆς
1394 2129 1768 2199 χαριζόμενος.

188 2225 324 2292 Φησὶ
351 2225 489 2290 γάρ’
524 2242 543 2275 ι
580 2224 647 2275 Εἴ
666 2240 748 2285 τις
779 2222 966 2276 ἀκούει
1010 2240 1110 2274 μου
1138 2221 1230 2274 τὸν
1275 2221 1431 2273 λόνον
1482 2220 1595 2289 ἔχει
1630 2220 1773 2289 ζωὴν

190 2316 431 2369 αἰώνιον.
470 2334 488 2366 ι

262 2512 377 2565 Τοῦ
404 2512 599 2565 αὐτοῦ
629 2513 696 2565 ἐκ
732 2511 838 2565 τοῦ
868 2512 1019 2578 πρὸς
1071 2510 1370 2579 Εὐάγιοιον
1404 2510 1698 2578 μοναχόν.

264 2608 362 2656 Ὃν
397 2604 607 2672 τρόπον
654 2604 710 2655 δὲ
770 2605 799 2655 ό
851 2603 1183 2671 προφορικὸς
1245 2602 1402 2668 λόγος
1468 2602 1774 2668 ἀδιαίρετος

193 2695 293 2763 μέν
336 2696 461 2747 ἐστι
505 2694 605 2761 τῆς
650 2693 1172 2761 προσενεγκαμένης
1235 2691 1436 2759 ψυχῆς,
1503 2692 1594 2743 καὶ
1656 2692 1775 2753 ταῖς

190 2787 392 2856 ψυχαῖς
429 2787 486 2837 δὲ
514 2785 624 2838 τῶν
663 2786 1032 2855 ἀκροωμένων
1080 2783 1231 2835 οὐδὲν
1274 2778 1436 2853 ἧττον
1485 2784 1543 2833 ἐν
1592 2781 1778 2850 ταυτῷ

192 2879 549 2939 καθίσταται,
581 2878 841 2947 κάκείνης
883 2877 958 2946 μὴ
992 2876 1383 2945 χωριζόμενος,
1418 2876 1513 2928 καὶ
1563 2874 1774 2937 τούτοις

192 2971 612 3040 εὑρισκόμενος,
645 2971 841 3022 ἕνωσιν
862 2969 919 3020 δὲ
950 2967 1152 3036 μᾶλλον
1196 2967 1227 3036 ἢ
1281 2967 1547 3035 διαίρεσιν
1594 2967 1776 3017 αὐτῶν

192 3075 248 3109 τε
292 3062 389 3111 καὶ
436 3059 550 3110 τῶν
607 3059 895 3129 ἡμετέρων
934 3057 1125 3127 ψυχῶν
1177 3056 1584 3127 ἐργαζόμενος·
1634 3057 1777 3109 οὕτω

1876 1946 2116 2002 Verbum
2166 1944 2231 2006 “,
2264 1962 2281 1993 ι
2322 1941 2418 1997 sed
2466 1940 2707 1995 Verbum
2756 1937 3092 2000 subsistens;
3150 1936 3255 1988 alia
3303 1933 3453 1987 enim

1872 2039 2038 2094 verba
2084 2046 2213 2092 sunt
2246 2035 2501 2089 mandata
2534 2043 2589 2087 et
2615 2030 3039 2102 iustificationes
3077 2029 3195 2082 Dei.
3234 2029 3301 2082 At
3334 2027 3455 2079 uni-

1873 2131 2095 2202 genitus
2141 2128 2316 2181 Filius
2364 2125 2608 2179 Verbum
2637 2130 2745 2186 est,
2768 2138 2877 2175 non
2908 2120 3129 2189 syllabis
3168 2127 3223 2172 et
3251 2118 3452 2172 dictio-

1874 2224 2039 2277 nibus
2067 2220 2364 2291 prolatum,
2390 2215 2485 2270 sed
2520 2214 2781 2278 Verbum,
2818 2211 2966 2281 quod
2993 2212 3161 2264 vitam
3190 2209 3454 2278 suppedi-

1878 2322 1994 2368 tat:
2030 2333 2046 2363 ‹
2081 2312 2137 2365 Si
2164 2310 2293 2378 quis
2327 2322 2637 2363 sermonem
2674 2320 2856 2359 meum
2885 2304 3060 2367 audit,
3096 2302 3263 2355 habet
3287 2302 3453 2354 vitam

1874 2416 2135 2460 a-tcruam
2178 2404 2245 2455 εδ.
2286 2421 2302 2452 ι

2115 2518 2368 2587 Ejusdem
2412 2517 2481 2568 ad
2537 2514 2827 2582 Evagrinm
2879 2514 3217 2565 monachum.

1946 2610 2422 2677 Quemadmodum
2478 2622 2662 2662 sermo
2705 2606 2800 2674 qui
2849 2606 3132 2674 profertur
3186 2601 3458 2656 indivisus

1877 2715 1961 2759 est
1992 2706 2060 2759 ab
2097 2704 2276 2757 anima
2311 2716 2435 2770 quas
2480 2699 2709 2768 profert,
2741 2708 2798 2751 et
2830 2697 3193 2750 nihilominus
3224 2694 3457 2747 audien-

1882 2798 2016 2851 tiqu
2061 2795 2264 2849 animis
2295 2793 2562 2857 illabitur,
2591 2792 2664 2845 ita
2690 2801 2753 2843 ut
2781 2790 2850 2843 ab
2886 2789 2977 2842 illa
3008 2804 3116 2842 non
3149 2792 3456 2854 separetur,

1878 2896 1933 2939 et
1977 2893 2160 2938 tamen
2221 2884 2278 2935 in
2324 2882 2435 2935 illis
2481 2881 2635 2943 insit,
2693 2879 2991 2947 potiusque
3044 2877 3190 2929 inter
3246 2874 3462 2928 animos

1880 2985 2098 3030 nostros
2131 2984 2188 3028 et
2216 2974 2457 3036 illorum,
2511 2971 2773 3024 unionem
2826 2983 2991 3037 quam
3034 2965 3459 3035 disiunctionem

1879 3068 2079 3122 eilieiat
2111 3085 2124 3119 :
2151 3067 2231 3120 sic
2260 3066 2440 3133 cogita
2473 3064 2669 3117 Filium
2700 3079 2729 3116 a
2762 3062 2923 3115 Patre
2950 3059 3172 3128 penitus
3201 3072 3309 3111 non
3337 3070 3461 3110 esse

198 3166 286 3214 μοι
307 3149 425 3200 νόει
460 3150 555 3200 καὶ
585 3149 678 3200 τὸν
705 3150 830 3200 Υίόν
879 3148 974 3200 τοῦ
1034 3148 1248 3215 Πατρός
1302 3147 1378 3215 μὴ
1438 3148 1777 3217 χωρισθέντα

1882 3168 2215 3226 separatum,
2241 3166 2297 3210 ut
2338 3173 2442 3210 nec
2469 3155 2734 3223 Spiritum
2773 3160 3020 3207 sanctum
3052 3166 3080 3205 a
3111 3148 3273 3210 F-ilio,
3297 3155 3464 3217 prout

196 3240 442 3300 πώποτε,
462 3242 558 3293 καὶ
591 3240 781 3292 τούτου
806 3240 862 3292 δὲ
896 3240 1058 3293 πάλιν
1080 3241 1141 3293 τὸ
1170 3240 1327 3305 ἆγιον
1350 3239 1596 3308 Πνεῦμα.
1618 3240 1773 3308 ὁμοί-

195 3350 267 3395 ως
293 3334 371 3394 ως
412 3336 473 3384 ἐν
510 3332 588 3400 τῷ
621 3332 698 3402 νῷ
731 3333 828 3401 τὴν
862 3330 1186 3401 ἐνθύμησιν.
1229 3331 1314 3393 Ὠς
1347 3332 1454 3401 γάρ
1512 3333 1610 3383 οὐκ
1663 3331 1781 3383 ἔστι

201 3425 406 3493 μεταξὺ
444 3424 539 3476 νοῦ
568 3427 661 3477 καὶ
687 3425 1062 3494 ἐνθυμήσεως,
1128 3424 1224 3476 καὶ
1276 3424 1453 3493 ψυχῆς
1516 3424 1781 3493 διαίρεσιν

200 3514 565 3584 ὲπινοηθῆναί
593 3531 718 3567 τινα
756 3515 850 3566 καὶ
883 3516 1086 3583 τομὴν,
1117 3513 1291 3576 οὕτως
1324 3515 1445 3565 οὐδὲ
1493 3512 1586 3564 τοῦ
1622 3514 1781 3579 ἁγίου

201 3605 547 3673 Πνεῦματος,
586 3607 679 3657 καὶ
704 3606 801 3657 τοῦ
842 3605 973 3657 Υίοῦ
1010 3605 1222 3673 Πατρός
1282 3608 1339 3655 ἐν
1394 3605 1544 3673 μέσῳ
1586 3604 1780 3673 τομὴν,

200 3694 547 3764 ἧδιαίρεσιν
577 3696 933 3764 ὲπινοηθῆναί
992 3713 1146 3748 ποτε.
1205 3695 1349 3747 Διὸτι
1412 3695 1519 3746 τῶν
1577 3696 1784 3764 νοητῶν

202 3785 293 3835 καὶ
336 3786 509 3836 θείων
557 3785 862 3853 ἀδιαίρετος
915 3786 948 3851 ἡ
999 3784 1179 3851 φύσις,
1238 3783 1270 3852 ἢ
1323 3784 1417 3835 καὶ
1464 3783 1524 3835 ὃν
1583 3784 1784 3850 τρόπον

202 3876 297 3941 οὐχ
327 3870 532 3927 οἷόντε
591 3875 752 3929 πάλιν
813 3878 869 3928 ἐν
926 3877 1076 3945 μέσῳ
1126 3875 1221 3927 τοῦ
1264 3876 1484 3940 κύκλου,
1543 3875 1637 3929 καὶ
1684 3877 1784 3944 τῆς

204 3969 424 4030 ἀκτῖνος
456 3967 553 4019 τοῦ
593 3968 747 4036 ἡλίου
775 3968 1040 4037 διαίρεσιν
1067 3968 1443 4037 εὑρίσκεσθαι,
1474 3969 1589 4019 ἀλλ’
1619 3972 1650 4035 ἡ
1686 3970 1786 4037 μὲν

206 4058 364 4119 ἀκτὶς
424 4060 698 4126 συνῆπται
754 4057 832 4125 τῷ
887 4058 1093 4126 κύκλῳ,
1149 4060 1296 4109 καὶὸ
1325 4058 1524 4119 κύκλος
1553 4053 1665 4109 οἷόν
1703 4075 1789 4121 τις

207 4143 489 4212 ὀφθαλμὸς
520 4144 842 4197 ἀποστέλλει
873 4146 1153 4214 πανταχοῦ
1181 4145 1281 4208 τὰς
1322 4148 1568 4209 ἀκτῖνας,
1614 4146 1789 4209 οὕτως

208 4228 317 4285 οἷόν
368 4251 521 4296 τινες
579 4235 674 4287 τοῦ
724 4236 937 4305 Πατρός
992 4237 1215 4297 ἀκτῖνες
1259 4237 1650 4306 ἀπεστάλησαν
1703 4238 1789 4304 ἐφ’

209 4328 377 4395 ἡμᾶς,
404 4328 436 4378 ὂ
462 4342 521 4377 τε
550 4317 912 4397 φθεαγγῶδης
935 4336 960 4375 P
990 4327 1137 4389 Υἱὸς,
1161 4329 1257 4380 κα“·⁴
1276 4328 1337 4379 τὸ
1359 4328 1513 4394 ἆγιον
1539 4328 1787 4396 Πνεῦμα.

214 4417 433 4485 Ὠσπερ
456 4416 569 4485 γὰρ
587 4418 642 4469 αί
662 4416 758 4469 τοῦ
784 4419 958 4485 φωτὸς
989 4418 1209 4480 ἀκτῖνες
1247 4419 1547 4487 ἀμέριστον
1570 4420 1790 4488 ἔχουσαι

1884 3263 1986 3300 nec
2029 3263 2059 3300 a
2104 3254 2287 3300 mente
2334 3245 2596 3314 cogitatio
2624 3242 2954 3312 sejungitur.
2988 3238 3462 3304 Quemadmodum

1882 3339 2026 3391 enim
2076 3338 2226 3390 nulla
2257 3346 2341 3390 est
2372 3338 2515 3389 inter
2552 3344 2812 3398 mentem,
2846 3332 3232 3396 cogitationem
3262 3338 3320 3383 et
3348 3328 3466 3382 ani-

1884 3444 2025 3481 mam
2071 3427 2274 3480 divisio
2327 3442 2425 3480 seu
2475 3426 2673 3488 sectio,
2723 3425 2799 3479 ita
2852 3438 2953 3477 nec
3004 3423 3147 3476 inter
3194 3420 3465 3489 Spiritum

1884 3528 2158 3579 sanctum,
2197 3518 2419 3580 Filium,
2462 3527 2518 3570 et
2575 3518 2795 3570 Patrem
2846 3516 2955 3568 ulla
3000 3513 3261 3569 distantia
3317 3508 3467 3565 inve-

1884 3612 2063 3673 nitur,
2123 3609 2253 3677 quia
2306 3607 2763 3663 intellectualium
2828 3614 3024 3660 natura
3074 3604 3309 3658 indivisa
3360 3610 3464 3657 est.

1886 3704 2118 3764 ltursus,
2184 3700 2653 3769 quemadmodum
2709 3700 2856 3753 inter
2901 3699 3091 3756 orbem
3137 3706 3194 3751 et
3252 3697 3466 3751 radium

1886 3795 2019 3847 solis
2051 3794 2198 3846 nulla
2248 3792 2448 3847 divisio
2488 3791 2802 3855 intercedit,
2835 3790 2931 3844 sed
2962 3790 3149 3844 radius
3176 3804 3301 3843 cum
3335 3788 3468 3842 orbe

1887 3884 2218 3951 coniunctus
2260 3891 2365 3945 est,
2404 3891 2461 3935 ct
2510 3882 2665 3934 orbis
2703 3890 2957 3949 tanquam
3009 3879 3203 3933 oculus
3245 3877 3468 3947 quidam

1888 3973 2089 4026 emittit
2159 3986 2580 4041 quoquoversus
2634 3972 2836 4031 radios,
2904 3971 2984 4025 sic
3045 3978 3304 4038 tanquam
3354 3969 3467 4022 duo

1889 4063 2066 4116 Patris
2118 4063 2254 4116 radii
2305 4062 2372 4115 ad
2422 4077 2522 4114 nos
2554 4059 2861 4114 transmissi
2893 4068 3046 4122 sunt,
3079 4059 3347 4121 Verbum,
3372 4075 3468 4112 seu

1892 4154 2080 4216 Filius,
2108 4162 2165 4207 et
2189 4153 2432 4221 Spiritus
2462 4161 2689 4206 sanctus
2725 4168 2738 4203 :
2772 4151 2936 4205 siculi
2974 4151 3122 4203 enim
3156 4150 3297 4204 lueis
3329 4150 3468 4203 radii

1894 4246 2097 4298 habent
2124 4246 2268 4299 inter
2300 4261 2358 4298 se
2394 4253 2588 4297 mutuo
2617 4244 2910 4297 indivisam
2958 4242 3365 4305 habitudinem,
3398 4243 3471 4299 ita

1894 4346 1953 4388 ut
1981 4352 2083 4389 nec
2113 4352 2143 4389 a
2175 4337 2293 4389 luce
2321 4350 2422 4389 nec
2471 4352 2500 4388 a
2532 4351 2590 4389 se
2634 4335 2869 4388 invicem
2916 4342 3295 4404 segregentur,
3325 4343 3382 4386 et
3404 4332 3471 4387 ad

1895 4443 1996 4479 nos
2046 4442 2220 4493 usque
2256 4426 2607 4494 splendorem
2636 4439 2795 4478 suum
2844 4425 3238 4482 transmittant,
3278 4422 3470 4475 eodem

207 4508 348 4560 κατὰ
402 4511 572 4576 φύσιν
620 4510 719 4578 τὴν
768 4509 904 4579 πρὸς
952 4509 1186 4579 ἀλλήλας
1248 4510 1455 4577 σχέσιν,
1512 4510 1638 4562 οὔτε
1692 4511 1780 4563 τοῦ

1894 4517 2059 4570 modo
2109 4518 2283 4570 Filius
2327 4526 2381 4571 et
2423 4516 2667 4585 Spiritus
2698 4526 2944 4577 sanctus,
2992 4516 3245 4586 geminus
3296 4514 3473 4568 Patris

208 4598 385 4664 φωτὸς
442 4599 807 4668 χωρίζονται,
864 4599 989 4652 οὔτε
1046 4600 1292 4668 ἀλλήλων
1351 4602 1790 4669 ἀποτέμνονται,

210 4691 303 4743 καὶ
339 4692 546 4761 μέχρις
573 4691 735 4760 ἡμῶν
766 4693 867 4759 τὴν
923 4693 1081 4761 χάριν
1132 4691 1226 4744 τοῦ
1282 4692 1459 4759 φωτὸς
1520 4694 1792 4746 ἀποστέλ-

209 4783 416 4843 λουσιν,
451 4782 600 4834 οῦτω
636 4784 729 4835 καὶ
757 4785 787 4834 ὀ
820 4784 965 4845 Υἱὸς,
1020 4783 1113 4834 καὶ
1147 4783 1206 4834 τὸ
1236 4783 1460 4850 Πνεῦμα
1498 4784 1560 4835 τὸ
1614 4784 1792 4851 ἆγιον,

211 4877 245 4941 ἡ
273 4874 498 4943 δίδυμος
528 4874 624 4926 τοῦ
663 4875 875 4944 Ιιατρὸς
907 4876 1086 4938 ἀκτὶς,
1128 4875 1222 4927 καὶ
1273 4875 1467 4944 μέχρις
1516 4875 1673 4943 ἡμῶν
1721 4876 1798 4927 δι-

216 4970 453 5019 ικνεῖται
490 4966 591 5035 τῆς
621 4967 880 5035 ἀληθείας
909 4967 970 5018 τὸ
1006 4967 1142 5034 φῶς,
1174 4967 1268 5019 καὶ
1310 4966 1390 5035 τῷ
1430 4967 1612 5037 ῐΙατρὶ
1670 4985 1798 5020 συν-

216 5064 446 5130 ἠνωται.
510 5065 609 5116 Ὃν
659 5063 859 5132 τρόπον
908 5064 965 5114 δὲ
1012 5064 1103 5114 ἐπί
1151 5080 1295 5124 τινος
1344 5064 1554 5116 ὑδάτων
1593 5063 1798 5132 πηγῆς,

217 5154 588 5223 νεκταριῶδες
621 5153 868 5219 ἀφθόνως
904 5154 1243 5222 προϊεμένης
1301 5153 1445 5222 ὓδωρ
1507 5154 1799 5222 συμϐαίνει

221 5248 459 5317 ῥεύματι
486 5246 839 5316 παμπληθὲς,
872 5246 968 5298 καὶ
1028 5247 1244 5317 ῥεῖθρον
1288 5244 1666 5314 ἀκατάσχετον
1722 5248 1800 5307 εἰς

224 5341 507 5409 ποταμοὺς
571 5339 665 5391 δύο
718 5339 796 5407 τῷ
855 5338 1087 5407 ῥεύματι
1150 5337 1447 5407 τέμνεσθαι
1481 5353 1495 5367 ο
1563 5338 1693 5404 μίαν
1742 5338 1800 5402 ἐξ

224 5430 341 5492 ἐνὸς
394 5428 683 5499 ὀφθαλμοῦ
726 5428 824 5499 τὴν
879 5431 1008 5497 ῥοὴν
1034 5429 1093 5492 ἐξ
1122 5430 1296 5499 ἀρχῆς
1330 5428 1653 5496 ἐσχηκότας,
1687 5428 1803 5495 διρο

314 5566 543 5621 "Joan.
571 5580 608 5629 I,
642 5566 694 5619 5.
772 5566 815 5595 ⁸³
844 5564 975 5619 ibid.
1010 5563 1053 5615 ι.
1136 5562 1179 5593 ⁸⁸
1204 5562 1361 5616 Joan.
1399 5579 1453 5626 ν,
1486 5562 1574 5615 ει.

1896 4609 2105 4671 radius,
2138 4625 2260 4661 cum
2303 4610 2463 4662 Patre
2496 4608 2687 4662 intime
2718 4609 3009 4669 uuiuutur,
3051 4616 3108 4661 et
3158 4614 3337 4658 tamen
3380 4619 3472 4658 ve—

1896 4698 2075 4752 ritatis
2109 4699 2293 4750 lumen
2328 4698 2390 4749 ad
2422 4713 2523 4750 nos
2561 4712 2734 4766 usque
2760 4696 3171 4749 trausfundunt.
3213 4693 3279 4746 Et
3312 4692 3472 4746 sicuti

1900 4793 1952 4845 iu
1976 4794 2125 4845 fonte
2159 4792 2439 4860 perpetuis
2473 4791 2631 4860 aquis
2658 4790 2882 4858 copioso
2904 4787 3163 4857 perennis
3187 4786 3275 4838 ille
3301 4784 3474 4837 Πιιιιιις

1900 4898 2044 4950 saepe
2072 4882 2126 4934 in
2150 4881 2289 4933 duos
2320 4880 2517 4934 ﬂuvios
2545 4880 2682 4943 abit,
2714 4879 2806 4948 qui
2839 4879 2907 4931 ab
2942 4877 3101 4930 initio
3124 4892 3187 4928 ex
3222 4890 3328 4927 una
3361 4891 3465 4927 sca-

1907 4973 2057 5026 tebra
2091 4973 2428 5034 scaturiunt;
2476 4972 2740 5040 deinceps
2770 4971 2909 5024 duos
2942 4970 3234 5022 distinctos
3264 4977 3474 5021 'cursus

1907 5069 2118 5123 tenent,
2168 5060 2303 5113 nihil
2353 5060 2672 5114 nocumcnti
2724 5059 3046 5113 substantia:
3093 5073 3158 5110 ex
3207 5056 3475 5109 divisione

1904 5153 2076 5214 illata,
2104 5152 2203 5204 etsi
2227 5151 2372 5204 enim
2407 5166 2578 5206 cursu
2617 5152 2818 5204 etrsitu
2853 5150 2995 5202 facta
3027 5156 3105 5201 est
3142 5147 3366 5205 divisio,
3398 5151 3474 5207 at,

1903 5244 1947 5296 si
1996 5244 2227 5313 liquoris
2273 5242 2597 5311 qualitatem
2653 5251 2897 5311 spectes,
2958 5239 3253 5307 utrobique
3314 5252 3475 5289 unam

1903 5336 2264 5403 eamdemque
2296 5349 2524 5403 prorsus
2558 5334 2847 5394 invenies;
2880 5342 2935 5386 ct
2958 5326 3474 5400 quatin'is.pr:eilicti

1909 5430 2058 5482 fluvii
2116 5428 2305 5497 procul
2338 5442 2367 5481 a
2400 5442 2457 5480 se
2491 5425 2724 5480 invicem
2776 5424 3160 5494 dispcscantur
3191 5430 3245 5474 et
3283 5419 3351 5472 ab
3371 5418 3467 5470 ori~

1530 5675 1758 5731 VAlilAi
1796 5670 2197 5731 LEC'I’IUNI‘IS.

308 5776 575 5846 ‘Aliquid
604 5776 693 5829 hic
726 5774 892 5829 deest.
985 5777 1063 5828 rt.
1100 5771 1406 5841 ιρεγγώὸῃς.
