4200 6440
727 348 828 407 827

1939 348 1998 406 S.
2045 351 2081 405 Α
2096 349 2432 407 NASTASII
2480 351 2649 408 SINA
2666 351 2805 409 lTJi

3898 356 4010 414 8‘28

729 472 872 508 enim
912 472 1017 507 nou
1074 465 1288 521 potest,
1346 454 1449 507 nisi
1502 456 1625 521 quis
1672 455 1919 510 sedulam
1973 460 2310 526 multamque

2417 460 2585 522 καίως
2620 461 2932 513 ὑποτίθεται
2959 462 3034 529 (2)
3060 461 3261 525 λέγων·
3292 466 3647 530 Σχολάσανε
3678 465 3773 516 καί
3793 481 4007 530 γνῶτε.

730 561 951 613 operam
1006 545 1270 606 orationi,
1298 561 1577 613 sacrzeque
1632 546 1931 616 Scripturze
1961 550 2182 603 lectioni
2214 551 2316 603 im-

731 638 955 703 pendat,
993 648 1052 689 ut
1084 647 1177 689 aut
1207 637 1481 704 postulata
1516 655 1544 690 a
1578 638 1690 692 Deo
1721 640 2113 707 impetret,aut
2140 643 2313 697 Demn

732 744 859 781 vere
884 736 1203 795 cognoscat.

803 992 857 1042 Si
916 989 1063 1042 enim
1116 989 1169 1041 in
1215 989 1585 1058 pereuntibus
1638 991 1839 1045 artium
1896 994 2100 1049 scholis
2156 997 2316 1066 longo

733 1095 982 1150 tempore
1024 1083 1298 1151 quispiam
1356 1085 1633 1137 interdum
1665 1095 1932 1149 versatus,
1962 1087 2051 1139 vix
2098 1090 2314 1141 tandem

734 1178 1012 1244 vulgarem
1049 1177 1320 1230 condiscit
1343 1186 1552 1241 artem;
1590 1187 1799 1246 quanto
1834 1182 2007 1247 magis
2044 1198 2170 1233 eum
2222 1184 2314 1251 qui

736 1266 827 1317 “ei
882 1267 1252 1329 cognitionem
1303 1265 1468 1335 450
1531 1270 1819 1336 acquirere
1874 1271 2039 1338 eique
2097 1273 2316 1341 placere

734 1358 942 1419 studet,
982 1375 1174 1410 vacare
1199 1368 1420 1427 oportet
1446 1361 1575 1421 Deo,
1607 1371 1664 1414 et
1696 1378 1867 1430 usque
1897 1364 1964 1416 ad
2004 1366 2166 1417 linem
2194 1368 2318 1419 vit:e

734 1448 972 1500 animam
1023 1464 1176 1500 suam
1240 1450 1517 1503 ferventer
1571 1464 1626 1505 et
1682 1454 1963 1515 ardenter,
2013 1456 2166 1522 quasi
2216 1456 2320 1509 alis

735 1537 1071 1606 quibusdam
1105 1539 1171 1591 ad
1205 1556 1330 1592 eum
1356 1542 1607 1594 elevare?
1630 1542 1823 1596 Nonne
1859 1544 2015 1596 vides
2039 1546 2318 1613 quomodo

738 1630 815 1682 illi
861 1632 957 1698 qui
1019 1632 1322 1699 temporale
1366 1641 1421 1684 et
1480 1632 1750 1686 caducum
1791 1635 2081 1702 imperium
2131 1637 2315 1705 adepti

736 1731 888 1781 sunt,
924 1722 1105 1774 oblata
1138 1722 1215 1773 rei
1244 1722 1497 1790 gerenda:
1533 1724 1844 1787 occasione,
1879 1744 1908 1778 a
1961 1729 2197 1795 propriis
2224 1745 2317 1781 co—

731 1811 1098 1877 gitationibus
1132 1814 1286 1866 velut
1313 1813 1381 1867 ab
1427 1814 1549 1883 igne
1598 1814 1899 1868 iucitentur
1934 1828 1989 1869 et
2026 1819 2315 1885 impellan-
2350 1813 2390 1867 Β

736 1912 847 1967 tur,
880 1905 951 1956 ita
978 1914 1037 1956 ut
1062 1906 1294 1973 quilibet
1336 1906 1552 1957 illorum
1599 1906 1747 1959 dicat
1775 1926 1786 1959 :
1816 1910 2085 1972 Quantam
2121 1918 2313 1963 nactus

732 2010 855 2045 sum
900 1996 1371 2062 opportuniuuem
1397 1998 1409 2047 ι
1438 1996 1611 2060 Quam
1664 1998 1771 2051 late
1812 1999 2105 2052 dominorl
2135 2002 2310 2065 Quam

732 2100 931 2154 magno
984 2086 1218 2153 imperio
1272 2087 1481 2154 potior!
1540 2087 1711 2151 Quam
1766 2090 1905 2141 l:etis
1964 2090 2316 2144 successibus

730 2178 918 2230 omnia
956 2178 1089 2230 mibi
1122 2178 1422 2230 eveniunt!
1478 2178 1773 2239 Ditcscam,
1809 2188 2113 2243 cxslruam,
2151 2182 2313 2249 plau-

733 2270 884 2330 tabo,
941 2270 1167 2337 rapiam,
1224 2270 1530 2337 ampliabo,
1578 2280 1954 2335 autevertam,
2019 2281 2311 2340 antequam

733 2362 971 2413 fortunm
999 2371 1053 2411 et
1102 2362 1410 2413 occasionis
1438 2363 1668 2415 mutatio
1698 2363 1933 2416 accidat.
1971 2365 2090 2417 Non
2116 2381 2313 2434 exspe-

731 2449 916 2510 ctabo,
951 2465 1057 2500 nou
1092 2449 1417 2501 cunctabor.
1463 2449 1660 2503 Nescio
1706 2450 1855 2503 enim
1907 2454 2040 2520 quid
2095 2465 2313 2521 postera

734 2540 875 2593 ferat
898 2540 1039 2592 dies.
1073 2540 1155 2591 Ab
1199 2540 1283 2592 bis
1314 2548 1368 2591 et
1428 2540 1479 2593 id
1509 2556 1684 2609 genus
1711 2542 1836 2596 aliis
1884 2545 2315 2612 cogitationibus

733 2632 959 2699 plurimi
994 2632 1329 2691 mortalium,
1374 2634 1529 2699 quasi
1558 2648 1585 2684 a
1635 2634 1983 2688 daemonibus
2038 2637 2225 2704 agitati
2258 2647 2315 2689 et

740 2723 988 2776 instincti
1018 2724 1398 2790 impelluntur,
1427 2734 1481 2776 ct
1508 2724 1561 2776 in
1611 2725 1777 2793 bujus
1804 2727 1929 2780 vita:
1981 2728 2311 2782 sollicitudi-

732 2814 902 2866 nibus
930 2815 1319 2880 praefocantur,
1352 2815 1561 2883 absque
1608 2817 1721 2868 ullo
1775 2817 2047 2886 profectu.
2090 2820 2203 2873 Nec
2229 2821 2315 2873 ul-

733 2907 842 2957 lam
878 2905 946 2957 de
1004 2907 1185 2957 anima
1240 2922 1428 2957 curam
1464 2907 1797 2975 suscipiunt.
1850 2910 1961 2964 Nec
2014 2912 2082 2965 (lc
2117 2922 2314 2978 Inortc,

736 3011 839 3048 nec
864 2994 929 3047 de
958 2996 1136 3062 pomis
1164 2995 1384 3058 fulturis,
1425 3014 1524 3049 nec
1550 2998 1617 3050 de
1646 2999 1878 3068 judicio.
1926 3001 2032 3054 Sed
2078 3004 2192 3056 fere
2219 3020 2317 3057 nos

736 3086 886 3153 ipsos
912 3087 1247 3153 ignoramus.
1272 3099 1328 3141 et
1372 3089 1705 3157 decipimus.
1754 3092 1820 3144 Et
1861 3093 2069 3145 utinam
2100 3095 2202 3147 boc
2227 3112 2316 3149 so-

734 3177 850 3230 lum
880 3177 1057 3229 levius
1096 3180 1298 3230 malum
1326 3180 1499 3233 foret!
1536 3182 1671 3249 quin
1734 3191 1789 3235 et
1821 3194 2012 3237 mutuo
2059 3202 2159 3238 nos
2189 3186 2317 3239 odio

736 3272 1145 3337 prosequimur,
1181 3272 1472 3335 conviciis,
1507 3273 1991 3336 insidiis,invidia,
2025 3278 2319 3333 calumniis

732 3369 792 3412 et
813 3362 1133 3415 scommatis
1158 3364 1494 3431 appetimus,
1511 3365 1857 3428 divexamus,
1877 3378 1932 3421 et
1965 3368 2314 3425 incessimus:

736 3452 1035 3521 nullusque
1064 3465 1316 3507 nostrum
1353 3456 1419 3507 ad
1456 3468 1679 3525 peccata
1715 3474 1811 3511 sua
1838 3459 2082 3512 animum
2118 3462 2316 3516 adver-

740 3544 840 3595 tit:
878 3546 1063 3597 nullus
1092 3546 1162 3599 de
1208 3563 1379 3599 onere
1406 3566 1508 3600 suo
1537 3551 1813 3604 sollicitus
1849 3561 1966 3615 est;
1998 3554 2092 3607 sed
2134 3556 2321 3623 proxi-

736 3651 952 3689 morum
1004 3650 1316 3693 nostrorum
1374 3652 1596 3709 peccata
1633 3645 1851 3699 curiose
1884 3647 2202 3701 lustramus.
2234 3648 2315 3701 Ad

734 3728 938 3780 collum
993 3745 1166 3797 usque
1218 3746 1377 3784 emno
1425 3733 1580 3785 obliti
1628 3751 1841 3799 sumus,
1884 3752 1986 3789 nec
2012 3737 2315 3805 quidquam

736 3820 892 3885 pensi
926 3819 1214 3873 babeums.
1237 3821 1316 3873 Ad
1341 3832 1681 3877 senectutem
1730 3840 1905 3893 usque
1929 3826 2107 3879 aliena
2152 3842 2317 3879 cura-

739 3924 879 3971 mus,
920 3926 1096 3977 neque
1146 3911 1197 3963 in
1257 3912 1378 3979 ipso
1412 3914 1567 3966 senio
1613 3916 1753 3968 mala
1798 3918 2021 3985 propria
2046 3918 2315 3986 expendi-

736 4017 881 4054 mus.
919 4002 1127 4055 Minuta
1147 4003 1377 4057 fratrum
1414 4015 1730 4060 nostrorum
1758 4019 1939 4062 errata
1992 4010 2312 4073 intuemur;

734 4102 790 4144 at
813 4093 1047 4153 trabem.
1076 4110 1197 4161 qua:
1220 4104 1304 4149 est
1330 4098 1385 4149 iu
1425 4099 1588 4151 oculo
1639 4110 1853 4164 nostro,
1900 4117 2007 4155 non
2042 4102 2312 4156 videmus.

736 4182 986 4237 Pondere
1009 4185 1304 4238 criminmn
1350 4197 1669 4242 nostrorum
1722 4191 2087 4259 deprimimur
2133 4200 2189 4246 ct
2229 4193 2314 4245 iu-

735 4274 1032 4327 llectimur.
1063 4276 1129 4329 Et
1168 4287 1349 4331 tamen
1376 4280 1597 4334 curiose
1634 4283 1689 4335 iu
1721 4283 1958 4336 aliorum
2004 4282 2315 4337 defectibus

734 4364 1066 4434 delictisque
1094 4368 1420 4438 iudagandis
1464 4386 1827 4441 occupamur.
1874 4374 2062 4443 Neque
2094 4376 2179 4428 vel
2215 4375 2316 4427 bac

736 4458 950 4512 ratione
982 4460 1383 4516 erubescimus.
1419 4464 1636 4517 Nemini
1683 4466 1995 4533 parcimus;
2028 4465 2306 4519 neminem

2417 4458 2594 4536 ἄλλων
2632 4458 2996 4555 ἐλαττώματα
3026 4506 3092 4540 πε

735 4566 1087 4615 reveremur;
1115 4554 1210 4606 sed
1243 4570 1437 4608 omnes
1465 4556 1804 4622 Inordemus,
1831 4572 2025 4611 omnes
2047 4556 2317 4611 devorare

734 4641 984 4703 nitimur,
1037 4659 1257 4711 parvos,
1296 4661 1543 4716 magnos,
1568 4658 1778 4705 sontes.
1812 4648 2081 4711 insontes,
2136 4663 2316 4702 sacer-

732 4735 913 4797 dotes,
940 4735 1195 4789 doctores
1220 4751 1461 4798 nostros,
1493 4741 1754 4794 ductores
1788 4751 2033 4803 nostros,
2068 4740 2318 4793 admoni-

737 4835 907 4887 tores.
936 4836 992 4879 ct
1026 4828 1121 4896 qui
1159 4844 1259 4881 nos
1305 4829 1371 4883 ad
1416 4831 1647 4884 meliora
1683 4839 1965 4885 revocant.
2013 4831 2314 4899 Propterea

736 4916 819 4967 ira
851 4916 945 4970 Dei
990 4918 1155 4972 nobis
1201 4919 1494 4975 incumbit.
1539 4922 1839 4989 Propterea
1873 4920 2205 4990 afﬂigimur,
2256 4929 2314 4973 et

736 5007 791 5059 in
818 5009 1019 5061 multas
1045 5010 1385 5065 calamitates
1431 5022 1487 5066 et
1514 5014 1797 5083 angustias
1822 5013 2182 5077 incurrimus,
2231 5013 2311 5066 vi-

734 5099 935 5152 delicet
984 5102 1055 5153 ob
1084 5103 1386 5157 czccitatem
1442 5121 1547 5173 qua
1587 5104 1925 5160 detinemur.

2420 549 2509 602 ὅτι
2540 551 2654 617 ἐγώ
2688 555 2803 618 εἰμι
2833 554 2865 603 ὁ
2898 552 3059 612 Θεοῖς.
3118 552 3302 612 Ἐκτδς
3338 555 3435 619 μὲν
3490 555 3600 622 γὰρ
3652 553 3852 620 σχολῆς
3911 555 4011 604 καὶ

2421 639 2623 705 πολλῆς
2673 641 3000 709 προσεδρίας
3047 641 3146 709 τῆς
3193 643 3250 693 ἐν
3310 645 3432 704 ταῖς
3484 647 3846 712 προσευχαῖς,
3911 645 4011 696 καὶ

2418 732 2476 782 ὲν
2516 734 2634 791 ταῖς
2679 732 2853 794 θείαις
2894 733 3003 784 τῶν
3037 734 3267 802 Γραφῶν
3295 736 3689 802 ἀναγνώσεσιν,
3722 737 3823 787 οὐκ
3856 738 4010 787 ἔστιν

2417 821 2540 874 οὔτε
2572 826 2638 875 τά
2688 828 2964 894 αἰτήματα
3012 823 3220 890 λαϐεῖν,
3283 828 3406 879 οὗτε
3466 828 3559 879 τὸν
3607 829 3739 879 θεὸν
3788 828 4011 896 άληθῶς

2418 914 2735 981 ἐπιγνῶναι.

2492 1009 2551 1060 Εἰ
2576 1010 2685 1078 γὰρ
2711 1012 2767 1060 ὲν
2792 1014 2910 1073 ταῖς
2942 1011 3352 1079 ἁπολλυμέναις
3381 1011 3491 1063 τῶν
3538 1011 3745 1080 τεχνῶν
3787 1012 3907 1078 σγο)
3920 1012 4011 1071 αῖς

2420 1101 2684 1163 πολλάκις
2745 1120 2830 1165 τις
2880 1106 3107 1172 χρόνους
3168 1106 3388 1166 ἱκανοὺς
3445 1120 3783 1172 πεποιηχως.
3850 1104 4010 1171 μόλις

2420 1191 2550 1242 ποτὲ
2585 1192 2682 1261 τὴν
2715 1193 2983 1261 τυχοῦσαν
3037 1195 3279 1265 ἠδυνήθη
3337 1196 3532 1265 μαθεῖν
3588 1196 3805 1265 τέχνην,
3856 1198 4011 1263 πόσῳ

2422 1282 2626 1351 μᾶλλον
2684 1286 2712 1336 δ
2752 1286 2849 1353 τὴν
2874 1285 2969 1338 τοῦ
3000 1286 3135 1338 Θεοῦ
3171 1287 3397 1354 γνῶσιν,
3432 1290 3522 1339 καὶ
3546 1288 3645 1357 τὴν
3674 1292 3808 1357 πρὸς
3842 1290 4012 1340 αὐτὸν

2420 1373 2783 1443 εὐαρέστησιν
2821 1377 3168 1445 κατορθῶσαι
3231 1377 3583 1447 βουλόμενος,
3630 1380 3837 1447 ὀφείλει
3883 1397 4010 1448 σχο-

2418 1465 2688 1528 λάζεινὲν
2739 1467 2881 1535 Θεῷ,
2941 1469 3037 1521 καὶ
3087 1469 3306 1538 θερμῶς
3363 1470 3458 1521 καὶ
3515 1470 3781 1538 ὲμπύρως
3839 1471 4009 1538 μέχρι

2418 1558 2608 1620 τέλους
2656 1556 2801 1627 ζωῆς
2833 1558 2930 1627 τὴν
2977 1558 3177 1611 ἑαυτοῦ
3227 1559 3408 1629 ψυχὴν
3459 1560 3603 1629 ἔχειν
3658 1561 3795 1629 πρὸς
3839 1561 4010 1612 αὐτὸν

2420 1650 2833 1719 ἑπτερωμενην;
2857 1653 2970 1720 Ούχ
2989 1652 3123 1721 ὁρᾷς
3144 1653 3271 1713 τοὺς
3301 1652 3401 1713 τὰς
3430 1651 3690 1720 βιωτικὲς
3717 1654 3814 1705 καὶ
3837 1670 4010 1722 προσ-

2420 1742 2646 1811 καίρους
2704 1741 3082 1812 λαμϐάνοντας
3125 1744 3323 1813 ἀρχάς,
3365 1743 3483 1807 πῶς
3534 1743 3758 1795 ἐπειδὰν
3809 1742 4008 1813 καιροῦ

2417 1851 2560 1896 τινος
2591 1833 2914 1903 δράξωνται,
2945 1835 3022 1898 ῶς
3050 1836 3154 1888 ὑπὸ
3186 1835 3357 1905 πυρὸς
3394 1835 3698 1904 ὠθούμενοι
3739 1835 3845 1886 ὑπὸ
3900 1835 4011 1887 τῶν

2421 1924 2568 1977 ἰδίων
2613 1926 2890 1995 λογισμῶν
2918 1926 3238 1979 ἐλαύνονται
3276 1927 3370 1979 καὶ
3431 1926 3821 1986 συνωθοῦνται,
3876 1926 4012 1979 ἕκα-

2419 2033 2544 2077 στος
2572 2017 2752 2068 αὐτῶν
2780 2019 2874 2069 καὶ
2903 2016 3073 2082 λέγει·
3121 2019 3240 2086 Ἐφ’
3270 2020 3392 2071 ὅσον
3430 2012 3588 2087 εὗρον
3618 2018 3841 2087 καιρόνί
3889 2018 4011 2084 Ἐφ’

2415 2108 2540 2160 ὅσον
2575 2108 2798 2176 κρατῶί
2848 2110 2963 2178 Ἐφ’
2991 2114 3112 2164 ὅσον
3146 2111 3254 2181 ἔχω
3305 2111 3365 2162 τὸ
3407 2111 3716 2163 ἐπιτάττειν
3765 2110 3860 2161 καὶ
3896 2112 4010 2161 εἰσ-

2417 2200 2743 2253 ακούεσοαιῑ
2779 2200 2893 2269 Ἐφ’
2922 2203 3044 2255 ὅσον
3065 2205 3133 2255 τὰ
3168 2203 3303 2273 πρὸς
3325 2203 3411 2254 τὸν
3440 2202 3554 2272 βίον
3585 2202 3892 2271 πράγματά
3917 2220 4013 2270 μοι

2416 2291 2617 2354 εὐθέως
2653 2293 2951 2346 ὑπακούειί
2986 2294 3301 2364 Πλουτήσω,
3344 2295 3534 2354 κτίσω,
3566 2292 3845 2361 φυτεύσω,
3908 2294 4008 2361 άρο

2418 2385 2599 2444 πάσω,
2630 2384 2901 2447 πλατυνῶ,
2936 2386 3215 2455 προλάϐω.
3268 2385 3399 2454 πρὶν
3434 2385 3465 2452 ἢ
3524 2384 3750 2453 γένηται
3810 2383 4009 2453 καιροῦ

2419 2475 2765 2545 παραλλαγή.
2818 2476 2910 2545 Μὴ
2972 2475 3249 2545 ἀναμενῶ,
3320 2473 3396 2544 μὴ
3444 2475 3734 2543 ἀμελήσω·
3804 2474 3864 2526 ού
3899 2473 4009 2541 γάρ

2418 2562 2634 2626 οἷδα,τί
2672 2566 2886 2631 τέξεται
2919 2570 2951 2636 ὴ
3006 2568 3260 2620 ἐπιοῦσα.
3310 2567 3446 2618 Ὑπὸ
3499 2567 3705 2619 τούτων
3750 2567 3844 2617 καὶ
3898 2564 4009 2617 τῶν

2418 2653 2680 2705 τοιούτων
2724 2653 3005 2722 λογισμῶν
3039 2656 3088 2706 οἱ
3152 2655 3337 2706 πολλοὶ
3396 2655 3504 2706 τῶν
3552 2654 3879 2725 ἀνθρώπιον,
3931 2654 4009 2715 ὡς

2418 2743 2524 2794 ύπὸ
2577 2743 2846 2812 δαιμόνων
2877 2745 3224 2815 ἐλαυνόμενοι
3281 2747 3375 2798 καὶ
3410 2745 3833 2814 συνωθούμενοι,
3871 2762 4007 2796 κατ-

2419 2836 2739 2904 επείγονται
2795 2839 2855 2889 ὲν
2890 2841 3221 2909 πειρασμοῖς
3253 2841 3344 2890 καὶ
3388 2839 3683 2907 μερίμναις
3720 2839 4006 2906 βιωτικαῖς

2423 2929 2880 2997 συμπνιγόμενοι,
2912 2931 3007 2981 καὶ
3038 2933 3097 2982 οὐ
3132 2929 3609 2999 τελεσφοροῦντες.
3672 2932 3783 2981 Καὶ
3830 2930 4006 2990 οὐδεὶς

2421 3023 2603 3084 αὐτοῖς
2651 3023 2809 3090 λόγος
2848 3026 2979 3093 περὶ
3021 3024 3218 3093 ψυχῆς,
3250 3026 3375 3095 περὶ
3405 3024 3658 3086 θανάτου,
3688 3025 3817 3091 περὶ
3848 3024 4008 3075 κολά-

2346 3147 2388 3194 C
2423 3130 2580 3175 σεως,
2644 3116 2773 3185 περὶ
2815 3116 3070 3184 κρίσεως.
3109 3116 3271 3168 ’Λλλὰ
3303 3117 3488 3185 σχεδὸν
3515 3117 3738 3178 ἑαυτοὺς
3768 3117 4004 3182 ἀγνοοῦν

2426 3222 2547 3272 μεν,
2584 3207 2678 3258 καὶ
2706 3207 3028 3278 άπατῶμεν.
3073 3210 3183 3261 Καὶ
3215 3207 3325 3261 εἴθε
3360 3208 3519 3277 μόνον
3552 3210 3711 3261 τοῦτο
3741 3224 3754 3238 ·
3788 3209 4008 3262 ἔλαττον

2421 3295 2487 3347 ἂν
2510 3292 2579 3365 ἦν
2600 3298 2660 3349 τὸ
2686 3299 2858 3351 κακόν
2887 3316 2899 3328 ’
2936 3300 3072 3352 ἀλλὰ
3099 3300 3193 3352 καὶ
3249 3300 3514 3369 ἀλλήλους
3574 3300 3865 3370 μισοῦμεν,
3912 3302 4008 3354 καὶ

2420 3388 2809 3456 λοιδοροῦμεν,
2864 3391 2961 3443 καὶ
3014 3391 3467 3461 ἐπιϐουλεύομεν,
3516 3393 3612 3444 καὶ
3676 3392 4002 3463 φθονοῦμεν,

2420 3477 2513 3529 καὶ
2556 3478 2942 3547 διαϐάλλομεν,
3000 3484 3096 3535 καὶ
3153 3482 3520 3553 σκώπτομενο
3585 3488 3684 3539 καὶ
3722 3488 3899 3552 οὐδεὶς
3947 3490 4006 3555 ἐξ

2418 3570 2577 3638 ἡμῶν
2615 3573 2877 3641 προσέχει
2910 3576 3032 3635 ταῖς
3071 3573 3267 3626 ἑαυτοῦ
3299 3576 3634 3644 ἁμαρτίαις,
3670 3578 3847 3641 οὐδεὶς
3907 3598 4005 3648 με·

2423 3663 2594 3731 ριμνᾷ
2622 3662 2684 3713 τὸ
2724 3663 2919 3716 ἑαυτοῦ
2968 3665 3229 3735 φορτίον·
3283 3667 3419 3719 άλλά
3484 3668 3554 3720 τὰ
3612 3669 3723 3721 τῶν
3777 3669 4007 3739 πλησίον

2420 3754 2579 3823 ἡμῶν
2608 3756 2989 3826 ἁμαρτήματα
3034 3759 3346 3828 σκοποῦμεν
3398 3760 3661 3829 ἀκριϐῶς,
3707 3760 3813 3825 ’ἐως
3868 3780 4005 3831 τρα-

2420 3844 2587 3912 χήλου
2621 3845 2866 3915 γέμομεν
2930 3847 3216 3919 βορϐόρου,
3266 3850 3360 3903 καὶ
3411 3852 3565 3903 οὐδὲν
3626 3853 3755 3921 περὶ
3812 3854 4003 3906 τούτου

2419 3936 2893 4005 διαμεριμνῶμεν.
2932 3939 3079 4002 Ἕως
3128 3942 3315 4010 γήρως
3347 3943 3416 3994 τὰ
3450 3943 3558 3993 τῶν
3590 3943 3792 4012 ἐτέρων
3847 3962 4003 4015 μερι-

2424 4026 2666 4096 μνῶμεν,
2698 4030 2792 4080 καὶ
2820 4029 2940 4081 οὐδὲ
2973 4032 3031 4081 ὲν
3061 4031 3208 4100 αύτῷ
3237 4033 3315 4101 τῷ
3337 4035 3481 4101 γήρα
3527 4032 3597 4086 τά
3618 4034 3829 4087 ἑαυτῶν
3859 4038 4005 4088 κακὲ

2420 4119 2755 4189 ἐρευνῶμεν.
2817 4122 2925 4173 Καὶ
2970 4122 3039 4174 τὰ
3096 4123 3195 4189 μὲν
3254 4124 3429 4195 μικρὰ
3483 4125 3845 4195 ἐλαττώματα
3895 4129 4005 4181 τῶν

2420 4210 2668 4280 ἀδελφῶν
2756 4214 2915 4280 ἡμῶν
2982 4214 3294 4283 βλέπομεν,
3339 4217 3440 4286 τὴν
3481 4218 3537 4269 δὲ
3587 4218 3742 4270 δοκδν
3799 4219 3899 4288 τὴν
3948 4221 4005 4271 ὲν

2418 4300 2687 4371 ὀφθαλμῷ
2722 4303 2880 4372 ἡμῶν
2910 4304 2974 4355 ού
3009 4303 3303 4373 βλέπομεν.
3350 4306 3489 4359 Ὑπὸ
3513 4306 3608 4359 τοῦ
3640 4309 3863 4377 φορτίου
3895 4311 4004 4362 τῶν

2421 4393 2841 4461 ἁμαρτημάτων
2870 4396 3027 4465 ἡμῶν
3051 4399 3590 4467 κατακαμπτόμεθα,
3644 4400 3740 4452 καὶ
3782 4401 3851 4453 τὰ
3893 4403 4004 4454 τῶν

3099 4490 3524 4557 ριεργαζόμεθα’
3560 4494 3653 4543 καὶ
3683 4491 3797 4543 οὗθ’
3828 4494 4002 4556 οὓτως

2414 4573 2810 4642 αἰσχυνόμεθα,
2856 4577 3069 4639 οὐδενὸς
3121 4578 3437 4648 φειδόμεθα,
3492 4580 3682 4633 οὐδένα
3740 4583 4001 4636 εύλαὸού-

2419 4663 2579 4731 μεθα’
2604 4664 2742 4717 ἀλλὰ
2777 4666 2987 4731 πάντας
3013 4667 3289 4737 δάκνομεν
3311 4687 3324 4700 ·
3370 4671 3578 4735 πάντας
3614 4673 3997 4743 κατεσθίομεν,

2415 4754 2542 4815 τοὺς
2580 4757 2834 4825 μικροὺς,
2870 4759 2998 4820 τοὺς
3059 4759 3356 4827 μεγάλους,
3408 4762 3536 4823 τοὺς
3592 4764 3821 4826 αἰτίους,
3872 4766 4001 4827 τοὺς

2417 4836 2696 4899 ἀναιτίους
2728 4877 2743 4900 ,
2805 4841 2930 4902 τοὺς
2983 4841 3169 4910 ἱερεῖς,
3224 4844 3352 4905 τοὺς
3406 4842 3760 4907 διδασκάλους
3812 4848 3995 4915 ἡμῶν,

2418 4926 2544 4988 τοὺς
2572 4927 2902 4995 ὁδηγοῦντας
2923 4932 3094 5001 ἡμᾶς,
3130 4934 3260 4994 τοὺς
3288 4934 3697 4998 νουθετοῦντας,
3728 4939 3825 4989 καὶ
3877 4938 3997 4989 ἑπι-

2423 5018 2779 5087 στρὲφοντας.
2821 5022 2933 5073 Καὶ
2965 5022 3052 5075 διὰ
3093 5023 3252 5076 τοῦτο
3289 5027 3322 5095 ἡ
3348 5026 3489 5095 ὀργὴ
3538 5027 3633 5079 τοῦ
3666 5027 3805 5080 Θεοῦ
3836 5028 3999 5098 ἐπέρ-

2425 5126 2579 5179 χεται
2615 5114 2699 5178 ἐφ’
2736 5114 2905 5180 ἡμᾶς.
2954 5115 3054 5167 Διὰ
3098 5113 3258 5167 τοῦτο
3310 5117 3701 5188 παιδευόμεθα,
3754 5119 3851 5171 καὶ
3895 5135 3997 5170 πα·

738 5192 1063 5261 ραδιδόμεθα
1108 5197 1188 5258 εἰς
1218 5196 1414 5258 πολλὰς
1442 5196 1654 5264 θλίψεις
1683 5198 1779 5250 καὶ
1809 5198 2184 5267 περιστάσεις,
2211 5200 2299 5252 διά
2335 5199 2435 5270 τὴν
2460 5202 2799 5271 κατέχουσαν
2833 5205 2982 5273 ἡμᾶς
3008 5205 3291 5275 πώρωσιν.

2237 5354 2464 5412 NOTAS.

809 5462 886 5531 (‘2)
926 5463 1287 5530 Ἀναγκαιως
1316 5469 1656 5520 ὑποτίθεται
1690 5466 1803 5532 τὴν
1835 5467 1945 5533 τῆς
1982 5469 2132 5530 πρὸς
2165 5468 2313 5520 Θειλι·

742 5533 1131 5605 προσεδρείας
1190 5536 1447 5601 σχολήν.
1497 5537 1615 5590 Non
1672 5538 1745 5590 ita
1808 5538 1947 5590 bene
2012 5540 2307 5605 interpres,

743 5604 885 5654 nobis
921 5605 998 5656 his
1028 5604 1195 5683 verbis
1228 5606 1287 5657 ob
1317 5606 1493 5659 oculos
1522 5609 1700 5675 ponit;
1732 5606 1880 5660 nulla
1915 5616 2009 5684 aut
2048 5604 2308 5684 praecepti

742 5684 838 5723 aut
886 5674 1237 5727 necessitatis
1286 5674 1604 5736 mentione,
1652 5692 1776 5729 cum
1842 5678 2008 5731 verba
2049 5674 2307 5729 auctoris

744 5753 1076 5811 ['I'J't't‘ltllllll
1128 5754 1346 5809 sonent,
1395 5764 1454 5801 ac
1499 5747 1719 5801 inducta
1771 5747 2069 5801 auctoritas
2119 5756 2300 5815 petat:

2427 5469 2619 5550 l’aqate
2649 5482 2695 5523 et
2719 5476 3033 5542 cognoscite,
3054 5486 3164 5550 etc.
3188 5477 3319 5550 Erat
3344 5478 3407 5550 in
3426 5478 3620 5550 Bavar.
3645 5479 4000 5550 προσεδρείαν

2423 5541 2618 5617 σχολῄν
2640 5557 2652 5569 ·
2691 5541 2791 5617 pro
2831 5560 2944 5617 quo
2966 5546 3195 5614 conjicit
3220 5548 3482 5617 Canisius
3505 5541 3803 5617 legendum
3832 5541 3997 5617 προσ.

2418 5608 2641 5686 εδρείαν
2678 5608 2771 5686 κα)
2804 5608 3034 5686 σῇολήν*
3060 5608 3185 5683 qua:
3219 5616 3387 5671 lectio
3440 5608 3587 5671 (ςιιιιιν
3605 5608 3997 5686 superioribus

2415 5681 2708 5748 congruit:
2735 5684 2767 5753 ἡ
2800 5684 2906 5754 γάρ
2940 5681 3263 5759 προσεδρεία
3294 5688 3386 5742 καὶ
3412 5688 3595 5759 σχολή.
3628 5681 3917 5745 centiens.
