  <div class='ocr_page' id='page_1' title='image "/cluster/home/n/w/nwhite01/storage/ocr_20150623/89/nnc1.0046980172/440.png"; bbox 0 0 4200 6440; ppageno 0'>
   <div class='ocr_carea' id='block_1_1' title="bbox 201 414 306 474">
    <p class='ocr_par' dir='ltr' id='par_1_1' title="bbox 201 414 306 474">
     <span class='ocr_line' id='line_1_1' title="bbox 201 414 306 474; baseline -0.029 0"><span class='ocrx_word' id='word_1_1' title='bbox 201 414 306 474; x_wconf 71' lang='lat'><strong>829</strong></span> 
     </span>
    </p>
   </div>
   <div class='ocr_carea' id='block_1_2' title="bbox 199 619 1779 694">
    <p class='ocr_par' dir='ltr' id='par_1_2' title="bbox 199 619 1779 694">
     <span class='ocr_line' id='line_1_2' title="bbox 199 619 1779 694; baseline 0.004 -26"><span class='ocrx_word' id='word_1_2' title='bbox 199 619 373 688; x_wconf 68' lang='grc' dir='ltr'><strong>πολλὴ</strong></span> <span class='ocrx_word' id='word_1_3' title='bbox 407 623 438 687; x_wconf 81' lang='grc' dir='ltr'><strong>ἠ</strong></span> <span class='ocrx_word' id='word_1_4' title='bbox 475 620 725 686; x_wconf 77' lang='grc' dir='ltr'><strong>ἀμέλεια.</strong></span> <span class='ocrx_word' id='word_1_5' title='bbox 766 619 880 671; x_wconf 78' lang='grc' dir='ltr'><strong>Οὐκ</strong></span> <span class='ocrx_word' id='word_1_6' title='bbox 915 619 1027 672; x_wconf 80' lang='grc' dir='ltr'><strong>ἔστι</strong></span> <span class='ocrx_word' id='word_1_7' title='bbox 1083 626 1212 692; x_wconf 80' lang='grc' dir='ltr'><strong>παρ’</strong></span> <span class='ocrx_word' id='word_1_8' title='bbox 1270 625 1406 694; x_wconf 82' lang='grc' dir='ltr'><strong>ἡμῖν</strong></span> <span class='ocrx_word' id='word_1_9' title='bbox 1465 624 1779 688; x_wconf 80' lang='grc' dir='ltr'><strong>κατάνυξις,</strong></span> 
     </span>
    </p>
   </div>
   <div class='ocr_carea' id='block_1_3' title="bbox 197 711 1776 783">
    <p class='ocr_par' dir='ltr' id='par_1_3' title="bbox 197 711 1776 783">
     <span class='ocr_line' id='line_1_3' title="bbox 197 711 1776 783; baseline 0.003 -22"><span class='ocrx_word' id='word_1_10' title='bbox 197 712 299 762; x_wconf 78' lang='grc' dir='ltr'><strong>οὐκ</strong></span> <span class='ocrx_word' id='word_1_11' title='bbox 326 712 441 762; x_wconf 79' lang='grc' dir='ltr'><strong>ἐστι</strong></span> <span class='ocrx_word' id='word_1_12' title='bbox 463 712 624 777; x_wconf 78' lang='grc' dir='ltr'><strong>φόόος</strong></span> <span class='ocrx_word' id='word_1_13' title='bbox 652 711 812 770; x_wconf 79' lang='grc' dir='ltr'><strong>Θεοῦ.</strong></span> <span class='ocrx_word' id='word_1_14' title='bbox 844 711 963 764; x_wconf 77' lang='grc' dir='ltr'><strong>οὐδὲ</strong></span> <span class='ocrx_word' id='word_1_15' title='bbox 991 713 1299 782; x_wconf 84' lang='grc' dir='ltr'><strong>διόρθωσις,</strong></span> <span class='ocrx_word' id='word_1_16' title='bbox 1325 714 1450 766; x_wconf 81' lang='grc' dir='ltr'><strong>οὕτε</strong></span> <span class='ocrx_word' id='word_1_17' title='bbox 1483 719 1741 783; x_wconf 78' lang='grc' dir='ltr'><strong>μετάνοια</strong></span> <span class='ocrx_word' id='word_1_18' title='bbox 1765 731 1776 744; x_wconf 70' lang='grc'><strong><em>⁸</em></strong></span> 
     </span>
    </p>
   </div>
   <div class='ocr_carea' id='block_1_4' title="bbox 196 798 1780 873">
    <p class='ocr_par' dir='ltr' id='par_1_4' title="bbox 196 798 1780 873">
     <span class='ocr_line' id='line_1_4' title="bbox 196 798 1780 873; baseline 0.004 -23"><span class='ocrx_word' id='word_1_19' title='bbox 196 799 319 850; x_wconf 83' lang='grc' dir='ltr'><strong>ἀλλ’</strong></span> <span class='ocrx_word' id='word_1_20' title='bbox 355 799 474 854; x_wconf 76' lang='grc' dir='ltr'><strong>ὅλος</strong></span> <span class='ocrx_word' id='word_1_21' title='bbox 498 800 654 868; x_wconf 78' lang='grc' dir='ltr'><strong>ἡμῶν</strong></span> <span class='ocrx_word' id='word_1_22' title='bbox 681 803 709 851; x_wconf 86' lang='grc' dir='ltr'><strong><em>ὸ</em></strong></span> <span class='ocrx_word' id='word_1_23' title='bbox 754 798 878 862; x_wconf 77' lang='grc' dir='ltr'><strong>νοῦς</strong></span> <span class='ocrx_word' id='word_1_24' title='bbox 935 804 1015 863; x_wconf 89' lang='grc' dir='ltr'><strong>εἰς</strong></span> <span class='ocrx_word' id='word_1_25' title='bbox 1060 803 1345 873; x_wconf 72' lang='grc' dir='ltr'><strong>πονηρίας,</strong></span> <span class='ocrx_word' id='word_1_26' title='bbox 1401 807 1496 857; x_wconf 78' lang='grc' dir='ltr'><strong>καὶ</strong></span> <span class='ocrx_word' id='word_1_27' title='bbox 1548 806 1780 873; x_wconf 76' lang='grc' dir='ltr'><strong>τρυφὰς,</strong></span> 
     </span>
    </p>
   </div>
   <div class='ocr_carea' id='block_1_5' title="bbox 201 886 1784 964">
    <p class='ocr_par' dir='ltr' id='par_1_5' title="bbox 201 886 1784 964">
     <span class='ocr_line' id='line_1_5' title="bbox 201 886 1784 964; baseline 0.007 -27"><span class='ocrx_word' id='word_1_28' title='bbox 201 886 295 939; x_wconf 77' lang='grc' dir='ltr'><strong>καὶ</strong></span> <span class='ocrx_word' id='word_1_29' title='bbox 334 887 528 956; x_wconf 79' lang='grc' dir='ltr'><strong>μέθην.</strong></span> <span class='ocrx_word' id='word_1_30' title='bbox 563 890 671 940; x_wconf 83' lang='grc' dir='ltr'><strong>Καὶ</strong></span> <span class='ocrx_word' id='word_1_31' title='bbox 711 889 968 952; x_wconf 80' lang='grc' dir='ltr'><strong>πολλάκις</strong></span> <span class='ocrx_word' id='word_1_32' title='bbox 1001 893 1100 958; x_wconf 84' lang='grc' dir='ltr'><strong>μὲν</strong></span> <span class='ocrx_word' id='word_1_33' title='bbox 1123 893 1209 944; x_wconf 74' lang='grc' dir='ltr'><strong>διὰ</strong></span> <span class='ocrx_word' id='word_1_34' title='bbox 1237 895 1418 963; x_wconf 77' lang='grc' dir='ltr'><strong>πάσης</strong></span> <span class='ocrx_word' id='word_1_35' title='bbox 1444 896 1543 964; x_wconf 83' lang='grc' dir='ltr'><strong>τῆς</strong></span> <span class='ocrx_word' id='word_1_36' title='bbox 1566 895 1784 964; x_wconf 78' lang='grc' dir='ltr'><strong>ἡμέρας</strong></span> 
     </span>
    </p>
   </div>
   <div class='ocr_carea' id='block_1_6' title="bbox 200 971 1784 1042">
    <p class='ocr_par' dir='ltr' id='par_1_6' title="bbox 200 971 1784 1042">
     <span class='ocr_line' id='line_1_6' title="bbox 200 971 1784 1042; baseline 0.006 -22"><span class='ocrx_word' id='word_1_37' title='bbox 200 972 258 1021; x_wconf 81' lang='grc' dir='ltr'><strong>ὲν</strong></span> <span class='ocrx_word' id='word_1_38' title='bbox 290 971 542 1039; x_wconf 86' lang='grc' dir='ltr'><strong>θεάτροις</strong></span> <span class='ocrx_word' id='word_1_39' title='bbox 571 974 662 1024; x_wconf 80' lang='grc' dir='ltr'><strong>καὶ</strong></span> <span class='ocrx_word' id='word_1_40' title='bbox 696 973 1126 1042; x_wconf 83' lang='grc' dir='ltr'><strong>αίσχρολογίαις,</strong></span> <span class='ocrx_word' id='word_1_41' title='bbox 1149 977 1244 1029; x_wconf 77' lang='grc' dir='ltr'><strong>καὶ</strong></span> <span class='ocrx_word' id='word_1_42' title='bbox 1290 978 1496 1041; x_wconf 78' lang='grc' dir='ltr'><strong>λοιποῖς</strong></span> <span class='ocrx_word' id='word_1_43' title='bbox 1543 979 1636 1030; x_wconf 82' lang='grc' dir='ltr'><strong>τοῦ</strong></span> <span class='ocrx_word' id='word_1_44' title='bbox 1671 981 1784 1032; x_wconf 86' lang='grc' dir='ltr'><strong>δια-</strong></span> 
     </span>
    </p>
   </div>
   <div class='ocr_carea' id='block_1_7' title="bbox 199 1061 1785 1138">
    <p class='ocr_par' dir='ltr' id='par_1_7' title="bbox 199 1061 1785 1138">
     <span class='ocr_line' id='line_1_7' title="bbox 199 1061 1785 1138; baseline 0.009 -30"><span class='ocrx_word' id='word_1_45' title='bbox 199 1061 366 1114; x_wconf 71' lang='grc' dir='ltr'><strong>δόλου</strong></span> <span class='ocrx_word' id='word_1_46' title='bbox 420 1064 602 1130; x_wconf 79' lang='grc' dir='ltr'><strong>ἔργοις</strong></span> <span class='ocrx_word' id='word_1_47' title='bbox 638 1064 1051 1132; x_wconf 79' lang='grc' dir='ltr'><strong>ἀσχολούμενοι,</strong></span> <span class='ocrx_word' id='word_1_48' title='bbox 1104 1068 1204 1119; x_wconf 83' lang='grc' dir='ltr'><strong>οὐκ</strong></span> <span class='ocrx_word' id='word_1_49' title='bbox 1255 1070 1589 1138; x_wconf 65' lang='grc' dir='ltr'><strong>ἀκηδιῶμεθ,</strong></span> <span class='ocrx_word' id='word_1_50' title='bbox 1648 1070 1785 1123; x_wconf 83' lang='grc' dir='ltr'><strong>ἀλλά</strong></span> 
     </span>
    </p>
   </div>
   <div class='ocr_carea' id='block_1_8' title="bbox 198 1153 1782 1228">
    <p class='ocr_par' dir='ltr' id='par_1_8' title="bbox 198 1153 1782 1228">
     <span class='ocr_line' id='line_1_8' title="bbox 198 1153 1782 1228; baseline 0.007 -26"><span class='ocrx_word' id='word_1_51' title='bbox 198 1155 296 1204; x_wconf 77' lang='grc' dir='ltr'><strong>καὶ</strong></span> <span class='ocrx_word' id='word_1_52' title='bbox 337 1153 594 1220; x_wconf 80' lang='grc' dir='ltr'><strong>βρώσεως</strong></span> <span class='ocrx_word' id='word_1_53' title='bbox 619 1156 707 1207; x_wconf 74' lang='grc' dir='ltr'><strong>διὰ</strong></span> <span class='ocrx_word' id='word_1_54' title='bbox 731 1156 905 1209; x_wconf 84' lang='grc' dir='ltr'><strong>ταῦτα</strong></span> <span class='ocrx_word' id='word_1_55' title='bbox 938 1159 1407 1228; x_wconf 81' lang='grc' dir='ltr'><strong>καταφρονοῦμεν,</strong></span> <span class='ocrx_word' id='word_1_56' title='bbox 1459 1161 1553 1212; x_wconf 70' lang='grc' dir='ltr'><strong>καὶ</strong></span> <span class='ocrx_word' id='word_1_57' title='bbox 1610 1163 1782 1221; x_wconf 78' lang='grc' dir='ltr'><strong>οἷκου,</strong></span> 
     </span>
    </p>
   </div>
   <div class='ocr_carea' id='block_1_9' title="bbox 198 1241 1784 1321">
    <p class='ocr_par' dir='ltr' id='par_1_9' title="bbox 198 1241 1784 1321">
     <span class='ocr_line' id='line_1_9' title="bbox 198 1241 1784 1321; baseline 0.009 -32"><span class='ocrx_word' id='word_1_58' title='bbox 198 1241 296 1289; x_wconf 81' lang='grc' dir='ltr'><strong>καὶ</strong></span> <span class='ocrx_word' id='word_1_59' title='bbox 343 1242 550 1309; x_wconf 81' lang='grc' dir='ltr'><strong>ἐτέρων</strong></span> <span class='ocrx_word' id='word_1_60' title='bbox 573 1243 888 1308; x_wconf 76' lang='grc' dir='ltr'><strong>ἀναγκαίων</strong></span> <span class='ocrx_word' id='word_1_61' title='bbox 933 1249 1307 1315; x_wconf 72' lang='grc' dir='ltr'><strong>πραγμάτων·</strong></span> <span class='ocrx_word' id='word_1_62' title='bbox 1341 1252 1401 1301; x_wconf 74' lang='grc' dir='ltr'><strong>ἐν</strong></span> <span class='ocrx_word' id='word_1_63' title='bbox 1437 1251 1704 1321; x_wconf 69' lang='grc' dir='ltr'><strong>ἐκκλησία</strong></span> <span class='ocrx_word' id='word_1_64' title='bbox 1727 1253 1784 1304; x_wconf 83' lang='grc' dir='ltr'><strong>δὲ</strong></span> 
     </span>
    </p>
   </div>
   <div class='ocr_carea' id='block_1_10' title="bbox 199 1331 1786 1413">
    <p class='ocr_par' dir='ltr' id='par_1_10' title="bbox 199 1331 1786 1413">
     <span class='ocr_line' id='line_1_10' title="bbox 199 1331 1786 1413; baseline 0.009 -32"><span class='ocrx_word' id='word_1_65' title='bbox 199 1331 297 1383; x_wconf 72' lang='grc' dir='ltr'><strong>τοῦ</strong></span> <span class='ocrx_word' id='word_1_66' title='bbox 327 1332 486 1394; x_wconf 83' lang='grc' dir='ltr'><strong>Θεοῦ,</strong></span> <span class='ocrx_word' id='word_1_67' title='bbox 523 1336 617 1386; x_wconf 78' lang='grc' dir='ltr'><strong>καὶ</strong></span> <span class='ocrx_word' id='word_1_68' title='bbox 640 1340 917 1406; x_wconf 85' lang='grc' dir='ltr'><strong>προσευχῇ</strong></span> <span class='ocrx_word' id='word_1_69' title='bbox 948 1341 1041 1392; x_wconf 75' lang='grc' dir='ltr'><strong>καὶ</strong></span> <span class='ocrx_word' id='word_1_70' title='bbox 1071 1342 1398 1408; x_wconf 82' lang='grc' dir='ltr'><strong>ἀναγνώσει.</strong></span> <span class='ocrx_word' id='word_1_71' title='bbox 1453 1344 1581 1411; x_wconf 86' lang='grc' dir='ltr'><strong>μίαν</strong></span> <span class='ocrx_word' id='word_1_72' title='bbox 1617 1345 1786 1413; x_wconf 81' lang='grc' dir='ltr'><strong>μόνην</strong></span> 
     </span>
    </p>
   </div>
   <div class='ocr_carea' id='block_1_11' title="bbox 198 1421 1787 1500">
    <p class='ocr_par' dir='ltr' id='par_1_11' title="bbox 198 1421 1787 1500">
     <span class='ocr_line' id='line_1_11' title="bbox 198 1421 1787 1500; baseline 0.009 -28"><span class='ocrx_word' id='word_1_73' title='bbox 198 1421 354 1491; x_wconf 84' lang='grc' dir='ltr'><strong>ῶραν</strong></span> <span class='ocrx_word' id='word_1_74' title='bbox 381 1430 729 1496; x_wconf 82' lang='grc' dir='ltr'><strong>παραστῆναι</strong></span> <span class='ocrx_word' id='word_1_75' title='bbox 745 1429 822 1497; x_wconf 83' lang='grc' dir='ltr'><strong>τῷ</strong></span> <span class='ocrx_word' id='word_1_76' title='bbox 842 1430 960 1498; x_wconf 80' lang='grc' dir='ltr'><strong>Θεῷ</strong></span> <span class='ocrx_word' id='word_1_77' title='bbox 989 1432 1051 1483; x_wconf 83' lang='grc' dir='ltr'><strong>οὐ</strong></span> <span class='ocrx_word' id='word_1_78' title='bbox 1086 1433 1409 1500; x_wconf 77' lang='grc' dir='ltr'><strong>βουλόμεθα⁸</strong></span> <span class='ocrx_word' id='word_1_79' title='bbox 1435 1436 1552 1486; x_wconf 86' lang='grc' dir='ltr'><strong>ἀλλ’</strong></span> <span class='ocrx_word' id='word_1_80' title='bbox 1574 1437 1650 1498; x_wconf 83' lang='grc' dir='ltr'><strong>ὡς</strong></span> <span class='ocrx_word' id='word_1_81' title='bbox 1679 1436 1787 1488; x_wconf 76' lang='grc' dir='ltr'><strong>ἀπὸ</strong></span> 
     </span>
    </p>
   </div>
   <div class='ocr_carea' id='block_1_12' title="bbox 198 1515 1786 1590">
    <p class='ocr_par' dir='ltr' id='par_1_12' title="bbox 198 1515 1786 1590">
     <span class='ocr_line' id='line_1_12' title="bbox 198 1515 1786 1590; baseline 0.008 -25"><span class='ocrx_word' id='word_1_82' title='bbox 198 1515 411 1584; x_wconf 78' lang='grc' dir='ltr'><strong>πυρὸς,</strong></span> <span class='ocrx_word' id='word_1_83' title='bbox 465 1516 639 1578; x_wconf 77' lang='grc' dir='ltr'><strong>οὕτως</strong></span> <span class='ocrx_word' id='word_1_84' title='bbox 707 1521 808 1586; x_wconf 79' lang='grc' dir='ltr'><strong>τῆς</strong></span> <span class='ocrx_word' id='word_1_85' title='bbox 863 1522 1155 1590; x_wconf 78' lang='grc' dir='ltr'><strong>ἐκκλησίας</strong></span> <span class='ocrx_word' id='word_1_86' title='bbox 1208 1522 1304 1576; x_wconf 81' lang='grc' dir='ltr'><strong>τοῦ</strong></span> <span class='ocrx_word' id='word_1_87' title='bbox 1361 1525 1494 1576; x_wconf 83' lang='grc' dir='ltr'><strong>Θεοῦ</strong></span> <span class='ocrx_word' id='word_1_88' title='bbox 1546 1524 1786 1588; x_wconf 74' lang='grc' dir='ltr'><strong>ἐξελθεῖν</strong></span> 
     </span>
    </p>
   </div>
   <div class='ocr_carea' id='block_1_13' title="bbox 199 1606 1787 1687">
    <p class='ocr_par' dir='ltr' id='par_1_13' title="bbox 199 1606 1787 1687">
     <span class='ocr_line' id='line_1_13' title="bbox 199 1606 1787 1687; baseline 0.009 -31"><span class='ocrx_word' id='word_1_89' title='bbox 199 1606 511 1675; x_wconf 78' lang='grc' dir='ltr'><strong>σπεύδομεν</strong></span> <span class='ocrx_word' id='word_1_90' title='bbox 539 1624 555 1639; x_wconf 79' lang='grc'><strong><em>⁸</em></strong></span> <span class='ocrx_word' id='word_1_91' title='bbox 588 1611 682 1662; x_wconf 72' lang='grc' dir='ltr'><strong>καὶ</strong></span> <span class='ocrx_word' id='word_1_92' title='bbox 711 1611 771 1663; x_wconf 86' lang='grc' dir='ltr'><strong>τὺ</strong></span> <span class='ocrx_word' id='word_1_93' title='bbox 795 1612 937 1663; x_wconf 88' lang='grc' dir='ltr'><strong>θεῖον</strong></span> <span class='ocrx_word' id='word_1_94' title='bbox 967 1614 1323 1681; x_wconf 83' lang='grc' dir='ltr'><strong>Εὑαγγέλιον,</strong></span> <span class='ocrx_word' id='word_1_95' title='bbox 1359 1617 1581 1684; x_wconf 76' lang='grc' dir='ltr'><strong>μείζονα</strong></span> <span class='ocrx_word' id='word_1_96' title='bbox 1627 1634 1787 1687; x_wconf 88' lang='grc' dir='ltr'><strong>περι-</strong></span> 
     </span>
    </p>
   </div>
   <div class='ocr_carea' id='block_1_14' title="bbox 199 1697 1788 1773">
    <p class='ocr_par' dir='ltr' id='par_1_14' title="bbox 199 1697 1788 1773">
     <span class='ocr_line' id='line_1_14' title="bbox 199 1697 1788 1773; baseline 0.008 -28"><span class='ocrx_word' id='word_1_97' title='bbox 199 1697 378 1763; x_wconf 75' lang='grc' dir='ltr'><strong>κοπὴν</strong></span> <span class='ocrx_word' id='word_1_98' title='bbox 409 1699 457 1748; x_wconf 90' lang='grc' dir='ltr'><strong>εἰ</strong></span> <span class='ocrx_word' id='word_1_99' title='bbox 493 1697 653 1766; x_wconf 76' lang='grc' dir='ltr'><strong>εἴπῃς</strong></span> <span class='ocrx_word' id='word_1_100' title='bbox 681 1699 709 1734; x_wconf 75' lang='grc' dir='ltr'>ά</span> <span class='ocrx_word' id='word_1_101' title='bbox 750 1701 850 1767; x_wconf 84' lang='lat'><strong>(3),</strong></span> <span class='ocrx_word' id='word_1_102' title='bbox 886 1702 1330 1770; x_wconf 82' lang='grc' dir='ltr'><strong>ἀγανακτοῦμεν,</strong></span> <span class='ocrx_word' id='word_1_103' title='bbox 1386 1706 1480 1756; x_wconf 80' lang='grc' dir='ltr'><strong>καὶ</strong></span> <span class='ocrx_word' id='word_1_104' title='bbox 1524 1721 1788 1773; x_wconf 82' lang='grc' dir='ltr'><strong>περιστα-</strong></span> 
     </span>
    </p>
   </div>
   <div class='ocr_carea' id='block_1_15' title="bbox 195 1788 1784 1866">
    <p class='ocr_par' dir='ltr' id='par_1_15' title="bbox 195 1788 1784 1866">
     <span class='ocr_line' id='line_1_15' title="bbox 195 1788 1784 1866; baseline 0.007 -28"><span class='ocrx_word' id='word_1_105' title='bbox 195 1788 446 1855; x_wconf 86' lang='grc' dir='ltr'><strong>τούμεθα</strong></span> <span class='ocrx_word' id='word_1_106' title='bbox 480 1806 491 1816; x_wconf 94' lang='grc'><strong>·</strong></span> <span class='ocrx_word' id='word_1_107' title='bbox 522 1791 617 1842; x_wconf 71' lang='grc' dir='ltr'><strong>καὶ</strong></span> <span class='ocrx_word' id='word_1_108' title='bbox 645 1793 673 1843; x_wconf 86' lang='grc' dir='ltr'><strong>ό</strong></span> <span class='ocrx_word' id='word_1_109' title='bbox 696 1792 796 1854; x_wconf 80' lang='grc' dir='ltr'><strong>τὰς</strong></span> <span class='ocrx_word' id='word_1_110' title='bbox 825 1793 991 1861; x_wconf 85' lang='grc' dir='ltr'><strong>εύχάς</strong></span> <span class='ocrx_word' id='word_1_111' title='bbox 1019 1795 1188 1847; x_wconf 86' lang='grc' dir='ltr'><strong>ποιῶν</strong></span> <span class='ocrx_word' id='word_1_112' title='bbox 1222 1797 1424 1866; x_wconf 78' lang='grc' dir='ltr'><strong>ἱερεὺς.</strong></span> <span class='ocrx_word' id='word_1_113' title='bbox 1472 1797 1566 1848; x_wconf 70' lang='grc' dir='ltr'><strong>ἐὰν</strong></span> <span class='ocrx_word' id='word_1_114' title='bbox 1612 1798 1784 1851; x_wconf 74' lang='grc' dir='ltr'><strong>ταῦτα</strong></span> 
     </span>
    </p>
   </div>
   <div class='ocr_carea' id='block_1_16' title="bbox 1405 420 2265 484">
    <p class='ocr_par' dir='ltr' id='par_1_16' title="bbox 1405 420 2265 484">
     <span class='ocr_line' id='line_1_16' title="bbox 1405 420 2265 484; baseline 0.008 -6"><span class='ocrx_word' id='word_1_115' title='bbox 1405 420 1687 478; x_wconf 82' lang='lat' dir='ltr'><strong>ORATIO</strong></span> <span class='ocrx_word' id='word_1_116' title='bbox 1730 422 1826 480; x_wconf 89' lang='lat' dir='ltr'><strong>DE</strong></span> <span class='ocrx_word' id='word_1_117' title='bbox 1867 424 1926 484; x_wconf 89' lang='lat' dir='ltr'><strong>S.</strong></span> <span class='ocrx_word' id='word_1_118' title='bbox 1971 425 2265 484; x_wconf 76' lang='lat' dir='ltr'><strong>SYNAXI-</strong></span> 
     </span>
    </p>
   </div>
   <div class='ocr_carea' id='block_1_17' title="bbox 275 529 1861 602">
    <p class='ocr_par' dir='ltr' id='par_1_17' title="bbox 275 529 1861 602">
     <span class='ocr_line' id='line_1_17' title="bbox 275 529 1861 602; baseline 0.004 -23"><span class='ocrx_word' id='word_1_119' title='bbox 275 530 453 596; x_wconf 63' lang='lat' dir='ltr'><strong>&quot;om;</strong></span> <span class='ocrx_word' id='word_1_120' title='bbox 483 530 590 596; x_wconf 64' lang='grc' dir='ltr'><strong>γὰρ</strong></span> <span class='ocrx_word' id='word_1_121' title='bbox 620 531 650 597; x_wconf 83' lang='grc' dir='ltr'>ἡ</span> <span class='ocrx_word' id='word_1_122' title='bbox 692 529 968 596; x_wconf 81' lang='grc' dir='ltr'><strong>τυφλωσις</strong></span> <span class='ocrx_word' id='word_1_123' title='bbox 999 530 1155 598; x_wconf 83' lang='grc' dir='ltr'><strong>ἡμῶν</strong></span> <span class='ocrx_word' id='word_1_124' title='bbox 1185 548 1196 559; x_wconf 89' lang='grc'><strong>·</strong></span> <span class='ocrx_word' id='word_1_125' title='bbox 1227 533 1396 601; x_wconf 80' lang='grc' dir='ltr'><strong>πολλὴ</strong></span> <span class='ocrx_word' id='word_1_126' title='bbox 1425 536 1457 601; x_wconf 79' lang='grc' dir='ltr'><strong>ἡ</strong></span> <span class='ocrx_word' id='word_1_127' title='bbox 1498 532 1738 602; x_wconf 65' lang='grc' dir='ltr'><strong>ῥᾳθυμία</strong></span> <span class='ocrx_word' id='word_1_128' title='bbox 1767 550 1780 562; x_wconf 84' lang='lat'><strong><em>°</em></strong></span> <span class='ocrx_word' id='word_1_129' title='bbox 1811 539 1861 593; x_wconf 77' lang='grc' dir='ltr'><strong>Α</strong></span> 
     </span>
    </p>
   </div>
   <div class='ocr_carea' id='block_1_18' title="bbox 3365 427 3472 490">
    <p class='ocr_par' dir='ltr' id='par_1_18' title="bbox 3365 427 3472 490">
     <span class='ocr_line' id='line_1_18' title="bbox 3365 427 3472 490; baseline 0.009 -1"><span class='ocrx_word' id='word_1_130' title='bbox 3365 427 3472 490; x_wconf 83' lang='lat'><strong>830</strong></span> 
     </span>
    </p>
   </div>
   <div class='ocr_carea' id='block_1_19' title="bbox 1959 538 3469 610">
    <p class='ocr_par' dir='ltr' id='par_1_19' title="bbox 1959 538 3469 610">
     <span class='ocr_line' id='line_1_19' title="bbox 1959 538 3469 610; baseline 0.004 -19"><span class='ocrx_word' id='word_1_131' title='bbox 1959 540 2147 610; x_wconf 84' lang='lat' dir='ltr'><strong>Magna</strong></span> <span class='ocrx_word' id='word_1_132' title='bbox 2191 551 2275 595; x_wconf 88' lang='lat' dir='ltr'><strong>est</strong></span> <span class='ocrx_word' id='word_1_133' title='bbox 2301 539 2520 594; x_wconf 55' lang='lat' dir='ltr'><strong>excitus</strong></span> <span class='ocrx_word' id='word_1_134' title='bbox 2573 550 2785 602; x_wconf 88' lang='lat' dir='ltr'><strong>nostra,</strong></span> <span class='ocrx_word' id='word_1_135' title='bbox 2809 540 3002 608; x_wconf 80' lang='lat' dir='ltr'><strong>ingens</strong></span> <span class='ocrx_word' id='word_1_136' title='bbox 3032 538 3310 594; x_wconf 84' lang='lat' dir='ltr'><strong>socordia.</strong></span> <span class='ocrx_word' id='word_1_137' title='bbox 3348 541 3469 597; x_wconf 83' lang='lat' dir='ltr'><strong>Non</strong></span> 
     </span>
    </p>
   </div>
   <div class='ocr_carea' id='block_1_20' title="bbox 1888 631 3466 701">
    <p class='ocr_par' dir='ltr' id='par_1_20' title="bbox 1888 631 3466 701">
     <span class='ocr_line' id='line_1_20' title="bbox 1888 631 3466 701; baseline 0.003 -19"><span class='ocrx_word' id='word_1_138' title='bbox 1888 633 2165 698; x_wconf 83' lang='lat' dir='ltr'><strong>reperitur</strong></span> <span class='ocrx_word' id='word_1_139' title='bbox 2198 631 2343 701; x_wconf 91' lang='lat' dir='ltr'><strong>apud</strong></span> <span class='ocrx_word' id='word_1_140' title='bbox 2398 646 2499 684; x_wconf 92' lang='lat' dir='ltr'><strong>nos</strong></span> <span class='ocrx_word' id='word_1_141' title='bbox 2543 632 2921 700; x_wconf 89' lang='lat' dir='ltr'><strong>compunctio,</strong></span> <span class='ocrx_word' id='word_1_142' title='bbox 2987 647 3098 684; x_wconf 88' lang='lat' dir='ltr'><strong>non</strong></span> <span class='ocrx_word' id='word_1_143' title='bbox 3130 633 3298 686; x_wconf 98' lang='lat' dir='ltr'><strong>timor</strong></span> <span class='ocrx_word' id='word_1_144' title='bbox 3346 632 3466 696; x_wconf 87' lang='lat' dir='ltr'><strong>Dei,</strong></span> 
     </span>
    </p>
   </div>
   <div class='ocr_carea' id='block_1_21' title="bbox 1884 719 3468 790">
    <p class='ocr_par' dir='ltr' id='par_1_21' title="bbox 1884 719 3468 790">
     <span class='ocr_line' id='line_1_21' title="bbox 1884 719 3468 790; baseline 0.004 -20"><span class='ocrx_word' id='word_1_145' title='bbox 1884 734 1995 772; x_wconf 88' lang='lat' dir='ltr'><strong>non</strong></span> <span class='ocrx_word' id='word_1_146' title='bbox 2035 734 2252 774; x_wconf 92' lang='lat' dir='ltr'><strong>morum</strong></span> <span class='ocrx_word' id='word_1_147' title='bbox 2278 719 2614 783; x_wconf 86' lang='lat' dir='ltr'><strong>emendatio,</strong></span> <span class='ocrx_word' id='word_1_148' title='bbox 2650 736 2756 772; x_wconf 91' lang='lat' dir='ltr'><strong>non</strong></span> <span class='ocrx_word' id='word_1_149' title='bbox 2804 721 3162 790; x_wconf 78' lang='lat' dir='ltr'><strong>pcenitentia;</strong></span> <span class='ocrx_word' id='word_1_150' title='bbox 3209 721 3302 774; x_wconf 88' lang='lat' dir='ltr'><strong>sed</strong></span> <span class='ocrx_word' id='word_1_151' title='bbox 3352 729 3468 776; x_wconf 86' lang='lat' dir='ltr'><strong>tota</strong></span> 
     </span>
    </p>
   </div>
   <div class='ocr_carea' id='block_1_22' title="bbox 1885 811 3462 880">
    <p class='ocr_par' dir='ltr' id='par_1_22' title="bbox 1885 811 3462 880">
     <span class='ocr_line' id='line_1_22' title="bbox 1885 811 3462 880; baseline 0.003 -18"><span class='ocrx_word' id='word_1_152' title='bbox 1885 824 2041 863; x_wconf 89' lang='lat' dir='ltr'><strong>mens</strong></span> <span class='ocrx_word' id='word_1_153' title='bbox 2064 821 2248 864; x_wconf 83' lang='lat' dir='ltr'><strong>nostra</strong></span> <span class='ocrx_word' id='word_1_154' title='bbox 2271 827 2535 865; x_wconf 79' lang='lat' dir='ltr'><strong>conversa</strong></span> <span class='ocrx_word' id='word_1_155' title='bbox 2561 819 2647 864; x_wconf 91' lang='lat' dir='ltr'><strong>est</strong></span> <span class='ocrx_word' id='word_1_156' title='bbox 2669 812 2733 863; x_wconf 90' lang='lat' dir='ltr'><strong>ad</strong></span> <span class='ocrx_word' id='word_1_157' title='bbox 2771 813 3059 874; x_wconf 91' lang='lat' dir='ltr'><strong>malitiam,</strong></span> <span class='ocrx_word' id='word_1_158' title='bbox 3089 811 3158 864; x_wconf 94' lang='lat' dir='ltr'><strong>ad</strong></span> <span class='ocrx_word' id='word_1_159' title='bbox 3213 812 3462 880; x_wconf 87' lang='lat' dir='ltr'><strong>volupta-</strong></span> 
     </span>
    </p>
   </div>
   <div class='ocr_carea' id='block_1_23' title="bbox 1885 901 3468 973">
    <p class='ocr_par' dir='ltr' id='par_1_23' title="bbox 1885 901 3468 973">
     <span class='ocr_line' id='line_1_23' title="bbox 1885 901 3468 973; baseline 0.002 -19"><span class='ocrx_word' id='word_1_160' title='bbox 1885 911 2027 970; x_wconf 90' lang='lat' dir='ltr'><strong>ptes,</strong></span> <span class='ocrx_word' id='word_1_161' title='bbox 2061 901 2220 973; x_wconf 68' lang='grc'><strong>45],</strong></span> <span class='ocrx_word' id='word_1_162' title='bbox 2256 904 2322 955; x_wconf 90' lang='lat' dir='ltr'><strong>ad</strong></span> <span class='ocrx_word' id='word_1_163' title='bbox 2347 904 2696 958; x_wconf 91' lang='lat' dir='ltr'><strong>ebrietatem.</strong></span> <span class='ocrx_word' id='word_1_164' title='bbox 2737 903 2803 957; x_wconf 85' lang='lat' dir='ltr'><strong>Et</strong></span> <span class='ocrx_word' id='word_1_165' title='bbox 2845 919 2987 973; x_wconf 59' lang='lat' dir='ltr'><strong>sape</strong></span> <span class='ocrx_word' id='word_1_166' title='bbox 3020 906 3080 958; x_wconf 87' lang='lat' dir='ltr'><strong>lit</strong></span> <span class='ocrx_word' id='word_1_167' title='bbox 3114 913 3176 958; x_wconf 91' lang='lat' dir='ltr'><strong>ut</strong></span> <span class='ocrx_word' id='word_1_168' title='bbox 3227 904 3468 972; x_wconf 76' lang='lat' dir='ltr'><strong>integros</strong></span> 
     </span>
    </p>
   </div>
   <div class='ocr_carea' id='block_1_24' title="bbox 1888 994 3468 1066">
    <p class='ocr_par' dir='ltr' id='par_1_24' title="bbox 1888 994 3468 1066">
     <span class='ocr_line' id='line_1_24' title="bbox 1888 994 3468 1066; baseline 0.003 -20"><span class='ocrx_word' id='word_1_169' title='bbox 1888 994 2006 1048; x_wconf 89' lang='lat' dir='ltr'><strong>dies</strong></span> <span class='ocrx_word' id='word_1_170' title='bbox 2030 996 2083 1048; x_wconf 92' lang='lat' dir='ltr'><strong>in</strong></span> <span class='ocrx_word' id='word_1_171' title='bbox 2113 996 2370 1059; x_wconf 85' lang='lat' dir='ltr'><strong>theatris,</strong></span> <span class='ocrx_word' id='word_1_172' title='bbox 2398 1007 2453 1049; x_wconf 88' lang='lat' dir='ltr'><strong>et</strong></span> <span class='ocrx_word' id='word_1_173' title='bbox 2484 996 2863 1066; x_wconf 88' lang='lat' dir='ltr'><strong>turpiloquiis.</strong></span> <span class='ocrx_word' id='word_1_174' title='bbox 2900 1007 2958 1050; x_wconf 90' lang='lat' dir='ltr'><strong>et</strong></span> <span class='ocrx_word' id='word_1_175' title='bbox 2995 997 3229 1066; x_wconf 83' lang='lat' dir='ltr'><strong>reliquis</strong></span> <span class='ocrx_word' id='word_1_176' title='bbox 3258 996 3468 1051; x_wconf 88' lang='lat' dir='ltr'><strong>diaboli</strong></span> 
     </span>
    </p>
   </div>
   <div class='ocr_carea' id='block_1_25' title="bbox 1887 1087 3466 1158">
    <p class='ocr_par' dir='ltr' id='par_1_25' title="bbox 1887 1087 3466 1158">
     <span class='ocr_line' id='line_1_25' title="bbox 1887 1087 3466 1158; baseline 0.003 -20"><span class='ocrx_word' id='word_1_177' title='bbox 1887 1087 2149 1155; x_wconf 85' lang='lat' dir='ltr'><strong>operibus</strong></span> <span class='ocrx_word' id='word_1_178' title='bbox 2190 1089 2442 1156; x_wconf 87' lang='lat' dir='ltr'><strong>occupati</strong></span> <span class='ocrx_word' id='word_1_179' title='bbox 2507 1105 2617 1142; x_wconf 92' lang='lat' dir='ltr'><strong>non</strong></span> <span class='ocrx_word' id='word_1_180' title='bbox 2674 1089 3064 1158; x_wconf 87' lang='lat' dir='ltr'><strong>defatigemur,</strong></span> <span class='ocrx_word' id='word_1_181' title='bbox 3104 1089 3248 1150; x_wconf 89' lang='lat' dir='ltr'><strong>cibo,</strong></span> <span class='ocrx_word' id='word_1_182' title='bbox 3280 1087 3466 1151; x_wconf 91' lang='lat' dir='ltr'><strong>domo,</strong></span> 
     </span>
    </p>
   </div>
   <div class='ocr_carea' id='block_1_26' title="bbox 1887 1178 3470 1247">
    <p class='ocr_par' dir='ltr' id='par_1_26' title="bbox 1887 1178 3470 1247">
     <span class='ocr_line' id='line_1_26' title="bbox 1887 1178 3470 1247; baseline 0.002 -18"><span class='ocrx_word' id='word_1_183' title='bbox 1887 1178 2210 1247; x_wconf 76' lang='lat' dir='ltr'><strong>czeterisque</strong></span> <span class='ocrx_word' id='word_1_184' title='bbox 2257 1179 2427 1232; x_wconf 91' lang='lat' dir='ltr'><strong>rebus</strong></span> <span class='ocrx_word' id='word_1_185' title='bbox 2471 1180 2804 1232; x_wconf 87' lang='lat' dir='ltr'><strong>necessariis</strong></span> <span class='ocrx_word' id='word_1_186' title='bbox 2847 1187 3076 1247; x_wconf 85' lang='lat' dir='ltr'><strong>propter</strong></span> <span class='ocrx_word' id='word_1_187' title='bbox 3127 1193 3262 1232; x_wconf 82' lang='lat' dir='ltr'><strong>vana</strong></span> <span class='ocrx_word' id='word_1_188' title='bbox 3298 1179 3388 1232; x_wconf 88' lang='lat' dir='ltr'><strong>illa</strong></span> <span class='ocrx_word' id='word_1_189' title='bbox 3413 1187 3470 1232; x_wconf 87' lang='lat' dir='ltr'><strong>et</strong></span> 
     </span>
    </p>
   </div>
   <div class='ocr_carea' id='block_1_27' title="bbox 1888 1268 3471 1339">
    <p class='ocr_par' dir='ltr' id='par_1_27' title="bbox 1888 1268 3471 1339">
     <span class='ocr_line' id='line_1_27' title="bbox 1888 1268 3471 1339; baseline 0.004 -20"><span class='ocrx_word' id='word_1_190' title='bbox 1888 1268 2099 1322; x_wconf 92' lang='lat' dir='ltr'><strong>ludicra</strong></span> <span class='ocrx_word' id='word_1_191' title='bbox 2125 1270 2464 1339; x_wconf 84' lang='lat' dir='ltr'><strong>contemptui</strong></span> <span class='ocrx_word' id='word_1_192' title='bbox 2498 1279 2555 1324; x_wconf 94' lang='lat' dir='ltr'><strong>et</strong></span> <span class='ocrx_word' id='word_1_193' title='bbox 2579 1271 2852 1338; x_wconf 82' lang='lat' dir='ltr'><strong>neglectui</strong></span> <span class='ocrx_word' id='word_1_194' title='bbox 2907 1270 3136 1323; x_wconf 83' lang='lat' dir='ltr'><strong>habitis.</strong></span> <span class='ocrx_word' id='word_1_195' title='bbox 3182 1270 3249 1322; x_wconf 86' lang='lat' dir='ltr'><strong>At</strong></span> <span class='ocrx_word' id='word_1_196' title='bbox 3277 1271 3332 1323; x_wconf 89' lang='lat' dir='ltr'><strong>in</strong></span> <span class='ocrx_word' id='word_1_197' title='bbox 3377 1287 3471 1325; x_wconf 83' lang='lat' dir='ltr'><strong>ec—</strong></span> 
     </span>
    </p>
   </div>
   <div class='ocr_carea' id='block_1_28' title="bbox 1888 1359 3469 1431">
    <p class='ocr_par' dir='ltr' id='par_1_28' title="bbox 1888 1359 3469 1431">
     <span class='ocr_line' id='line_1_28' title="bbox 1888 1359 3469 1431; baseline 0.003 -20"><span class='ocrx_word' id='word_1_198' title='bbox 1888 1359 2055 1413; x_wconf 90' lang='lat' dir='ltr'><strong>clesia</strong></span> <span class='ocrx_word' id='word_1_199' title='bbox 2109 1362 2204 1415; x_wconf 89' lang='lat' dir='ltr'><strong>Dei</strong></span> <span class='ocrx_word' id='word_1_200' title='bbox 2247 1379 2315 1416; x_wconf 94' lang='lat' dir='ltr'><strong>ne</strong></span> <span class='ocrx_word' id='word_1_201' title='bbox 2360 1379 2522 1416; x_wconf 92' lang='lat' dir='ltr'><strong>unam</strong></span> <span class='ocrx_word' id='word_1_202' title='bbox 2584 1361 2808 1431; x_wconf 87' lang='lat' dir='ltr'><strong>quidem</strong></span> <span class='ocrx_word' id='word_1_203' title='bbox 2878 1362 3070 1415; x_wconf 90' lang='lat' dir='ltr'><strong>horam</strong></span> <span class='ocrx_word' id='word_1_204' title='bbox 3125 1362 3364 1414; x_wconf 86' lang='lat' dir='ltr'><strong>orationi</strong></span> <span class='ocrx_word' id='word_1_205' title='bbox 3411 1371 3469 1416; x_wconf 89' lang='lat' dir='ltr'><strong>et</strong></span> 
     </span>
    </p>
   </div>
   <div class='ocr_carea' id='block_1_29' title="bbox 1889 1452 3467 1522">
    <p class='ocr_par' dir='ltr' id='par_1_29' title="bbox 1889 1452 3467 1522">
     <span class='ocr_line' id='line_1_29' title="bbox 1889 1452 3467 1522; baseline 0.001 -18"><span class='ocrx_word' id='word_1_206' title='bbox 1889 1452 2113 1505; x_wconf 86' lang='lat' dir='ltr'><strong>lectioni</strong></span> <span class='ocrx_word' id='word_1_207' title='bbox 2170 1453 2323 1516; x_wconf 89' lang='lat' dir='ltr'><strong>dare,</strong></span> <span class='ocrx_word' id='word_1_208' title='bbox 2390 1455 2613 1522; x_wconf 87' lang='lat' dir='ltr'><strong>Deoque</strong></span> <span class='ocrx_word' id='word_1_209' title='bbox 2665 1459 2848 1506; x_wconf 83' lang='lat' dir='ltr'><strong>astare</strong></span> <span class='ocrx_word' id='word_1_210' title='bbox 2908 1454 3196 1513; x_wconf 77' lang='lat' dir='ltr'><strong>volumus;</strong></span> <span class='ocrx_word' id='word_1_211' title='bbox 3238 1453 3339 1506; x_wconf 89' lang='lat' dir='ltr'><strong>sed</strong></span> <span class='ocrx_word' id='word_1_212' title='bbox 3397 1454 3467 1507; x_wconf 89' lang='lat' dir='ltr'><strong>ab</strong></span> 
     </span>
    </p>
   </div>
   <div class='ocr_carea' id='block_1_30' title="bbox 1887 1543 3471 1612">
    <p class='ocr_par' dir='ltr' id='par_1_30' title="bbox 1887 1543 3471 1612">
     <span class='ocr_line' id='line_1_30' title="bbox 1887 1543 3471 1612; baseline 0.003 -17"><span class='ocrx_word' id='word_1_213' title='bbox 1887 1543 2124 1596; x_wconf 79' lang='lat' dir='ltr'><strong>ecclesia</strong></span> <span class='ocrx_word' id='word_1_214' title='bbox 2179 1547 2610 1612; x_wconf 85' lang='lat' dir='ltr'><strong>quamprimum,</strong></span> <span class='ocrx_word' id='word_1_215' title='bbox 2664 1560 2775 1597; x_wconf 89' lang='lat' dir='ltr'><strong>non</strong></span> <span class='ocrx_word' id='word_1_216' title='bbox 2821 1558 2981 1598; x_wconf 84' lang='lat' dir='ltr'><strong>secus</strong></span> <span class='ocrx_word' id='word_1_217' title='bbox 3009 1560 3071 1597; x_wconf 90' lang='lat' dir='ltr'><strong>ac</strong></span> <span class='ocrx_word' id='word_1_218' title='bbox 3116 1545 3186 1597; x_wconf 90' lang='lat' dir='ltr'><strong>ab</strong></span> <span class='ocrx_word' id='word_1_219' title='bbox 3237 1544 3471 1599; x_wconf 87' lang='lat' dir='ltr'><strong>ardente</strong></span> 
     </span>
    </p>
   </div>
   <div class='ocr_carea' id='block_1_31' title="bbox 1890 1629 3469 1702">
    <p class='ocr_par' dir='ltr' id='par_1_31' title="bbox 1890 1629 3469 1702">
     <span class='ocr_line' id='line_1_31' title="bbox 1890 1629 3469 1702; baseline 0 -19"><span class='ocrx_word' id='word_1_220' title='bbox 1890 1647 2041 1700; x_wconf 77' lang='lat' dir='ltr'><strong>rogo,</strong></span> <span class='ocrx_word' id='word_1_221' title='bbox 2077 1633 2324 1702; x_wconf 73' lang='lat' dir='ltr'><strong>expediri</strong></span> <span class='ocrx_word' id='word_1_222' title='bbox 2346 1633 2756 1694; x_wconf 87' lang='lat' dir='ltr'><strong>contendimus,</strong></span> <span class='ocrx_word' id='word_1_223' title='bbox 2785 1641 2840 1684; x_wconf 92' lang='lat' dir='ltr'><strong>et</strong></span> <span class='ocrx_word' id='word_1_224' title='bbox 2873 1630 2918 1684; x_wconf 89' lang='lat' dir='ltr'><strong>si</strong></span> <span class='ocrx_word' id='word_1_225' title='bbox 2954 1630 3023 1684; x_wconf 93' lang='lat' dir='ltr'><strong>de</strong></span> <span class='ocrx_word' id='word_1_226' title='bbox 3053 1630 3243 1683; x_wconf 80' lang='lat' dir='ltr'><strong>divino</strong></span> <span class='ocrx_word' id='word_1_227' title='bbox 3289 1629 3469 1683; x_wconf 86' lang='lat' dir='ltr'><strong>Evan-</strong></span> 
     </span>
    </p>
   </div>
   <div class='ocr_carea' id='block_1_32' title="bbox 1889 1721 3468 1793">
    <p class='ocr_par' dir='ltr' id='par_1_32' title="bbox 1889 1721 3468 1793">
     <span class='ocr_line' id='line_1_32' title="bbox 1889 1721 3468 1793; baseline -0.002 -16"><span class='ocrx_word' id='word_1_228' title='bbox 1889 1725 2029 1793; x_wconf 83' lang='lat' dir='ltr'><strong>gelio</strong></span> <span class='ocrx_word' id='word_1_229' title='bbox 2088 1725 2303 1793; x_wconf 79' lang='lat' dir='ltr'><strong>longior</strong></span> <span class='ocrx_word' id='word_1_230' title='bbox 2357 1725 2680 1776; x_wconf 82' lang='lat' dir='ltr'><strong>instituatur</strong></span> <span class='ocrx_word' id='word_1_231' title='bbox 2742 1724 3015 1786; x_wconf 87' lang='lat' dir='ltr'><strong>recitatio,</strong></span> <span class='ocrx_word' id='word_1_232' title='bbox 3067 1721 3468 1790; x_wconf 88' lang='lat' dir='ltr'><strong>indignabundi</strong></span> 
     </span>
    </p>
   </div>
   <div class='ocr_carea' id='block_1_33' title="bbox 1889 1811 3470 1882">
    <p class='ocr_par' dir='ltr' id='par_1_33' title="bbox 1889 1811 3470 1882">
     <span class='ocr_line' id='line_1_33' title="bbox 1889 1811 3470 1882; baseline -0.001 -14"><span class='ocrx_word' id='word_1_233' title='bbox 1889 1815 2337 1868; x_wconf 82' lang='lat' dir='ltr'><strong>circumstamus.</strong></span> <span class='ocrx_word' id='word_1_234' title='bbox 2365 1813 2432 1866; x_wconf 81' lang='lat' dir='ltr'><strong>Et</strong></span> <span class='ocrx_word' id='word_1_235' title='bbox 2459 1813 2502 1866; x_wconf 92' lang='lat' dir='ltr'><strong>si</strong></span> <span class='ocrx_word' id='word_1_236' title='bbox 2534 1812 2799 1866; x_wconf 88' lang='lat' dir='ltr'><strong>sacerdos</strong></span> <span class='ocrx_word' id='word_1_237' title='bbox 2822 1828 3018 1882; x_wconf 86' lang='lat' dir='ltr'><strong>preces</strong></span> <span class='ocrx_word' id='word_1_238' title='bbox 3053 1812 3217 1881; x_wconf 88' lang='lat' dir='ltr'><strong>paulo</strong></span> <span class='ocrx_word' id='word_1_239' title='bbox 3257 1811 3470 1866; x_wconf 79' lang='lat' dir='ltr'><strong>diutius</strong></span> 
     </span>
    </p>
   </div>
   <div class='ocr_carea' id='block_1_34' title="bbox 197 1876 1787 1973">
    <p class='ocr_par' dir='ltr' id='par_1_34' title="bbox 197 1881 1777 1957">
     <span class='ocr_line' id='line_1_34' title="bbox 197 1881 1777 1957; baseline 0.006 -28"><span class='ocrx_word' id='word_1_240' title='bbox 197 1881 438 1948; x_wconf 82' lang='grc' dir='ltr'><strong>σμικρὸν</strong></span> <span class='ocrx_word' id='word_1_241' title='bbox 467 1883 822 1953; x_wconf 75' lang='grc' dir='ltr'><strong>παρεκτείνῃ,</strong></span> <span class='ocrx_word' id='word_1_242' title='bbox 857 1886 1229 1955; x_wconf 78' lang='grc' dir='ltr'><strong>στυγνάζομεν</strong></span> <span class='ocrx_word' id='word_1_243' title='bbox 1257 1888 1351 1939; x_wconf 75' lang='grc' dir='ltr'><strong>καὶ</strong></span> <span class='ocrx_word' id='word_1_244' title='bbox 1382 1887 1777 1957; x_wconf 83' lang='grc' dir='ltr'><strong>ὁλιγωροῦμεν·</strong></span> 
     </span>
    </p>
   </div>
   <div class='ocr_carea' id='block_1_35' title="bbox 1888 1876 3470 1973">
    <p class='ocr_par' dir='ltr' id='par_1_35' title="bbox 1894 1876 3470 1973">
     <span class='ocr_line' id='line_1_35' title="bbox 1894 1876 3470 1973; baseline -0.003 -17"><span class='ocrx_word' id='word_1_245' title='bbox 1894 1903 2203 1973; x_wconf 85' lang='lat' dir='ltr'><strong>protrahat,</strong></span> <span class='ocrx_word' id='word_1_246' title='bbox 2258 1902 2480 1957; x_wconf 85' lang='lat' dir='ltr'><strong>tristitia</strong></span> <span class='ocrx_word' id='word_1_247' title='bbox 2529 1876 2837 1966; x_wconf 48' lang='lat' dir='ltr'><strong>allicimur,</strong></span> <span class='ocrx_word' id='word_1_248' title='bbox 2869 1876 3242 1969; x_wconf 85' lang='lat' dir='ltr'><strong>socordcsque</strong></span> <span class='ocrx_word' id='word_1_249' title='bbox 3290 1898 3470 1954; x_wconf 82' lang='lat' dir='ltr'><strong>effici-</strong></span> 
     </span>
    </p>
   </div>
   <div class='ocr_carea' id='block_1_36' title="bbox 197 1971 1788 2047">
    <p class='ocr_par' dir='ltr' id='par_1_36' title="bbox 197 1971 1788 2047">
     <span class='ocr_line' id='line_1_36' title="bbox 197 1971 1788 2047; baseline 0.006 -25"><span class='ocrx_word' id='word_1_250' title='bbox 197 1971 293 2022; x_wconf 78' lang='grc' dir='ltr'><strong>καὶ</strong></span> <span class='ocrx_word' id='word_1_251' title='bbox 323 1972 352 2021; x_wconf 88' lang='grc' dir='ltr'><strong>ό</strong></span> <span class='ocrx_word' id='word_1_252' title='bbox 379 1973 481 2041; x_wconf 81' lang='grc' dir='ltr'><strong>τὴν</strong></span> <span class='ocrx_word' id='word_1_253' title='bbox 513 1972 853 2041; x_wconf 79' lang='grc' dir='ltr'><strong>ἀναίμακτον</strong></span> <span class='ocrx_word' id='word_1_254' title='bbox 892 1975 1087 2028; x_wconf 77' lang='grc' dir='ltr'><strong>θυσίαν</strong></span> <span class='ocrx_word' id='word_1_255' title='bbox 1127 1978 1480 2047; x_wconf 79' lang='grc' dir='ltr'><strong>προσφέρων,</strong></span> <span class='ocrx_word' id='word_1_256' title='bbox 1523 1978 1617 2031; x_wconf 81' lang='grc' dir='ltr'><strong>ἐὰν</strong></span> <span class='ocrx_word' id='word_1_257' title='bbox 1653 1979 1788 2045; x_wconf 71' lang='grc' dir='ltr'><strong>πρὸς</strong></span> 
     </span>
    </p>
   </div>
   <div class='ocr_carea' id='block_1_37' title="bbox 199 2063 1786 2138">
    <p class='ocr_par' dir='ltr' id='par_1_37' title="bbox 199 2063 1786 2138">
     <span class='ocr_line' id='line_1_37' title="bbox 199 2063 1786 2138; baseline 0.004 -24"><span class='ocrx_word' id='word_1_258' title='bbox 199 2063 376 2131; x_wconf 76' lang='grc' dir='ltr'><strong>βραχὺ</strong></span> <span class='ocrx_word' id='word_1_259' title='bbox 425 2063 683 2135; x_wconf 74' lang='grc' dir='ltr'><strong>βραδύνῃ,</strong></span> <span class='ocrx_word' id='word_1_260' title='bbox 718 2067 1036 2135; x_wconf 83' lang='grc' dir='ltr'><strong>ἀκηδιῶμεν</strong></span> <span class='ocrx_word' id='word_1_261' title='bbox 1073 2071 1488 2135; x_wconf 81' lang='grc' dir='ltr'><strong>στυγνάζοντες,</strong></span> <span class='ocrx_word' id='word_1_262' title='bbox 1544 2071 1634 2122; x_wconf 71' lang='grc' dir='ltr'><strong>καὶ</strong></span> <span class='ocrx_word' id='word_1_263' title='bbox 1685 2087 1786 2138; x_wconf 89' lang='grc' dir='ltr'><strong>χα-</strong></span> 
     </span>
    </p>
   </div>
   <div class='ocr_carea' id='block_1_38' title="bbox 199 2155 1788 2228">
    <p class='ocr_par' dir='ltr' id='par_1_38' title="bbox 199 2155 1788 2228">
     <span class='ocr_line' id='line_1_38' title="bbox 199 2155 1788 2228; baseline 0.003 -21"><span class='ocrx_word' id='word_1_264' title='bbox 199 2155 506 2224; x_wconf 82' lang='grc' dir='ltr'><strong>σμώμενοι,</strong></span> <span class='ocrx_word' id='word_1_265' title='bbox 531 2157 624 2208; x_wconf 77' lang='grc' dir='ltr'><strong>καὶ</strong></span> <span class='ocrx_word' id='word_1_266' title='bbox 652 2160 727 2219; x_wconf 86' lang='grc' dir='ltr'><strong>ὼς</strong></span> <span class='ocrx_word' id='word_1_267' title='bbox 751 2159 862 2210; x_wconf 78' lang='grc' dir='ltr'><strong>ἀπὸ</strong></span> <span class='ocrx_word' id='word_1_268' title='bbox 894 2159 1273 2228; x_wconf 84' lang='grc' dir='ltr'><strong>δικαστηρίου,</strong></span> <span class='ocrx_word' id='word_1_269' title='bbox 1301 2158 1474 2222; x_wconf 76' lang='grc' dir='ltr'><strong>οὕτως</strong></span> <span class='ocrx_word' id='word_1_270' title='bbox 1507 2158 1788 2228; x_wconf 79' lang='grc' dir='ltr'><strong>συντόμως</strong></span> 
     </span>
    </p>
   </div>
   <div class='ocr_carea' id='block_1_39' title="bbox 196 2249 1789 2319">
    <p class='ocr_par' dir='ltr' id='par_1_39' title="bbox 196 2249 1789 2319">
     <span class='ocr_line' id='line_1_39' title="bbox 196 2249 1789 2319; baseline 0 -18"><span class='ocrx_word' id='word_1_271' title='bbox 196 2251 297 2313; x_wconf 76' lang='grc' dir='ltr'><strong>τῆς</strong></span> <span class='ocrx_word' id='word_1_272' title='bbox 356 2249 678 2317; x_wconf 76' lang='grc' dir='ltr'><strong>προσευχῆς</strong></span> <span class='ocrx_word' id='word_1_273' title='bbox 725 2252 1030 2318; x_wconf 79' lang='grc' dir='ltr'><strong>ἀποστῆναι</strong></span> <span class='ocrx_word' id='word_1_274' title='bbox 1083 2253 1459 2319; x_wconf 77' lang='grc' dir='ltr'><strong>σπουδάζομεν</strong></span> <span class='ocrx_word' id='word_1_275' title='bbox 1491 2268 1503 2280; x_wconf 89' lang='grc'><strong>·</strong></span> <span class='ocrx_word' id='word_1_276' title='bbox 1558 2251 1652 2302; x_wconf 67' lang='grc' dir='ltr'><strong>καὶ</strong></span> <span class='ocrx_word' id='word_1_277' title='bbox 1699 2250 1789 2301; x_wconf 76' lang='grc' dir='ltr'><strong>ἐπὶ</strong></span> 
     </span>
    </p>
   </div>
   <div class='ocr_carea' id='block_1_40' title="bbox 197 2340 1787 2410">
    <p class='ocr_par' dir='ltr' id='par_1_40' title="bbox 197 2340 1787 2410">
     <span class='ocr_line' id='line_1_40' title="bbox 197 2340 1787 2410; baseline 0.002 -21"><span class='ocrx_word' id='word_1_278' title='bbox 197 2340 259 2389; x_wconf 77' lang='grc' dir='ltr'><strong>τὸ</strong></span> <span class='ocrx_word' id='word_1_279' title='bbox 286 2341 412 2400; x_wconf 90' lang='grc' dir='ltr'><strong>ταῖς</strong></span> <span class='ocrx_word' id='word_1_280' title='bbox 447 2341 707 2406; x_wconf 79' lang='grc' dir='ltr'><strong>ματαίαις</strong></span> <span class='ocrx_word' id='word_1_281' title='bbox 744 2342 976 2410; x_wconf 84' lang='grc' dir='ltr'><strong>πράξεσι</strong></span> <span class='ocrx_word' id='word_1_282' title='bbox 1011 2344 1105 2393; x_wconf 73' lang='grc' dir='ltr'><strong>καὶ</strong></span> <span class='ocrx_word' id='word_1_283' title='bbox 1154 2344 1413 2402; x_wconf 80' lang='grc' dir='ltr'><strong>ἀσωτίαις</strong></span> <span class='ocrx_word' id='word_1_284' title='bbox 1451 2341 1787 2409; x_wconf 84' lang='grc' dir='ltr'><strong>ἀπέρχεσθαι</strong></span> 
     </span>
    </p>
   </div>
   <div class='ocr_carea' id='block_1_41' title="bbox 200 2428 1786 2499">
    <p class='ocr_par' dir='ltr' id='par_1_41' title="bbox 200 2428 1786 2499">
     <span class='ocr_line' id='line_1_41' title="bbox 200 2428 1786 2499; baseline -0.001 -19"><span class='ocrx_word' id='word_1_285' title='bbox 200 2429 306 2480; x_wconf 74' lang='grc' dir='ltr'><strong>ὑπὸ</strong></span> <span class='ocrx_word' id='word_1_286' title='bbox 364 2428 461 2480; x_wconf 82' lang='grc' dir='ltr'><strong>τού</strong></span> <span class='ocrx_word' id='word_1_287' title='bbox 523 2430 768 2481; x_wconf 76' lang='grc' dir='ltr'><strong>διαϐόλου</strong></span> <span class='ocrx_word' id='word_1_288' title='bbox 831 2431 1313 2499; x_wconf 72' lang='grc' dir='ltr'><strong>κατεπειγόμεθαο</strong></span> <span class='ocrx_word' id='word_1_289' title='bbox 1371 2430 1542 2498; x_wconf 83' lang='grc' dir='ltr'><strong>πολλὴ</strong></span> <span class='ocrx_word' id='word_1_290' title='bbox 1598 2429 1705 2497; x_wconf 83' lang='grc' dir='ltr'><strong>γάρ</strong></span> <span class='ocrx_word' id='word_1_291' title='bbox 1754 2429 1786 2498; x_wconf 79' lang='grc' dir='ltr'>ἡ</span> 
     </span>
    </p>
   </div>
   <div class='ocr_carea' id='block_1_42' title="bbox 200 2521 1787 2592">
    <p class='ocr_par' dir='ltr' id='par_1_42' title="bbox 200 2521 1787 2592">
     <span class='ocr_line' id='line_1_42' title="bbox 200 2521 1787 2592; baseline -0.001 -20"><span class='ocrx_word' id='word_1_292' title='bbox 200 2522 452 2592; x_wconf 70' lang='grc' dir='ltr'><strong>ἡμετέρα</strong></span> <span class='ocrx_word' id='word_1_293' title='bbox 506 2522 877 2590; x_wconf 80' lang='grc' dir='ltr'><strong>ταλαιπωρία,</strong></span> <span class='ocrx_word' id='word_1_294' title='bbox 939 2524 1232 2591; x_wconf 86' lang='grc' dir='ltr'><strong>ἀγαπητοί.</strong></span> <span class='ocrx_word' id='word_1_295' title='bbox 1267 2524 1376 2574; x_wconf 78' lang='grc' dir='ltr'><strong>Καὶ</strong></span> <span class='ocrx_word' id='word_1_296' title='bbox 1403 2522 1510 2589; x_wconf 79' lang='grc' dir='ltr'><strong>γάρ</strong></span> <span class='ocrx_word' id='word_1_297' title='bbox 1543 2525 1600 2573; x_wconf 80' lang='grc' dir='ltr'><strong>ἐν</strong></span> <span class='ocrx_word' id='word_1_298' title='bbox 1635 2521 1787 2591; x_wconf 81' lang='grc' dir='ltr'><strong>πάσῃ</strong></span> 
     </span>
    </p>
   </div>
   <div class='ocr_carea' id='block_1_43' title="bbox 201 2609 1789 2680">
    <p class='ocr_par' dir='ltr' id='par_1_43' title="bbox 201 2609 1789 2680">
     <span class='ocr_line' id='line_1_43' title="bbox 201 2609 1789 2680; baseline 0 -20"><span class='ocrx_word' id='word_1_299' title='bbox 201 2614 486 2678; x_wconf 71' lang='grc' dir='ltr'><strong>προσευχῇ</strong></span> <span class='ocrx_word' id='word_1_300' title='bbox 524 2612 621 2663; x_wconf 75' lang='grc' dir='ltr'><strong>καὶ</strong></span> <span class='ocrx_word' id='word_1_301' title='bbox 667 2611 844 2679; x_wconf 81' lang='grc' dir='ltr'><strong>δεήσει</strong></span> <span class='ocrx_word' id='word_1_302' title='bbox 901 2612 1118 2680; x_wconf 84' lang='grc' dir='ltr'><strong>θερμῶς</strong></span> <span class='ocrx_word' id='word_1_303' title='bbox 1168 2613 1260 2662; x_wconf 75' lang='grc' dir='ltr'><strong>καὶ</strong></span> <span class='ocrx_word' id='word_1_304' title='bbox 1317 2611 1582 2672; x_wconf 81' lang='grc' dir='ltr'><strong>συντόνως</strong></span> <span class='ocrx_word' id='word_1_305' title='bbox 1643 2609 1789 2677; x_wconf 79' lang='grc' dir='ltr'><strong>ὀφεί-</strong></span> 
     </span>
    </p>
   </div>
   <div class='ocr_carea' id='block_1_44' title="bbox 200 2700 1790 2771">
    <p class='ocr_par' dir='ltr' id='par_1_44' title="bbox 200 2700 1790 2771">
     <span class='ocr_line' id='line_1_44' title="bbox 200 2700 1790 2771; baseline -0.001 -20"><span class='ocrx_word' id='word_1_306' title='bbox 200 2700 390 2763; x_wconf 85' lang='grc' dir='ltr'><strong>λοντες</strong></span> <span class='ocrx_word' id='word_1_307' title='bbox 413 2701 774 2763; x_wconf 79' lang='grc' dir='ltr'><strong>διατίθεσθαι,</strong></span> <span class='ocrx_word' id='word_1_308' title='bbox 802 2702 1097 2771; x_wconf 81' lang='grc' dir='ltr'><strong>ἐξαιρέτως</strong></span> <span class='ocrx_word' id='word_1_309' title='bbox 1128 2702 1184 2752; x_wconf 81' lang='grc' dir='ltr'><strong>δὲ</strong></span> <span class='ocrx_word' id='word_1_310' title='bbox 1215 2703 1274 2752; x_wconf 84' lang='grc' dir='ltr'><strong>ὲν</strong></span> <span class='ocrx_word' id='word_1_311' title='bbox 1312 2705 1377 2770; x_wconf 83' lang='grc' dir='ltr'><strong>τῇ</strong></span> <span class='ocrx_word' id='word_1_312' title='bbox 1424 2701 1545 2770; x_wconf 74' lang='grc' dir='ltr'><strong>θείᾳ</strong></span> <span class='ocrx_word' id='word_1_313' title='bbox 1580 2705 1790 2769; x_wconf 87' lang='grc' dir='ltr'><strong>ἱερουρ-</strong></span> 
     </span>
    </p>
   </div>
   <div class='ocr_carea' id='block_1_45' title="bbox 201 2792 1788 2862">
    <p class='ocr_par' dir='ltr' id='par_1_45' title="bbox 201 2792 1788 2862">
     <span class='ocr_line' id='line_1_45' title="bbox 201 2792 1788 2862; baseline 0.001 -22"><span class='ocrx_word' id='word_1_314' title='bbox 201 2792 299 2860; x_wconf 71' lang='grc' dir='ltr'><strong>γία</strong></span> <span class='ocrx_word' id='word_1_315' title='bbox 333 2793 444 2843; x_wconf 89' lang='grc' dir='ltr'><strong>τῶν</strong></span> <span class='ocrx_word' id='word_1_316' title='bbox 471 2793 759 2861; x_wconf 87' lang='grc' dir='ltr'><strong>ἀχράντων</strong></span> <span class='ocrx_word' id='word_1_317' title='bbox 802 2793 1147 2862; x_wconf 82' lang='grc' dir='ltr'><strong>μυστηρίων,</strong></span> <span class='ocrx_word' id='word_1_318' title='bbox 1200 2792 1357 2844; x_wconf 81' lang='grc' dir='ltr'><strong>τοῦτο</strong></span> <span class='ocrx_word' id='word_1_319' title='bbox 1393 2796 1567 2843; x_wconf 86' lang='grc' dir='ltr'><strong>ποιεῖν</strong></span> <span class='ocrx_word' id='word_1_320' title='bbox 1617 2808 1788 2861; x_wconf 77' lang='grc' dir='ltr'><strong>χρεωο</strong></span> 
     </span>
    </p>
   </div>
   <div class='ocr_carea' id='block_1_46' title="bbox 203 2880 1786 2952">
    <p class='ocr_par' dir='ltr' id='par_1_46' title="bbox 203 2880 1786 2952">
     <span class='ocr_line' id='line_1_46' title="bbox 203 2880 1786 2952; baseline -0.001 -19"><span class='ocrx_word' id='word_1_321' title='bbox 203 2880 461 2943; x_wconf 84' lang='grc' dir='ltr'><strong>στοῦντες</strong></span> <span class='ocrx_word' id='word_1_322' title='bbox 487 2883 548 2934; x_wconf 87' lang='grc' dir='ltr'><strong>τὸ</strong></span> <span class='ocrx_word' id='word_1_323' title='bbox 583 2884 724 2950; x_wconf 74' lang='grc' dir='ltr'><strong>μετὰ</strong></span> <span class='ocrx_word' id='word_1_324' title='bbox 777 2884 946 2950; x_wconf 77' lang='grc' dir='ltr'><strong>φόϐου</strong></span> <span class='ocrx_word' id='word_1_325' title='bbox 997 2884 1090 2935; x_wconf 81' lang='grc' dir='ltr'><strong>καὶ</strong></span> <span class='ocrx_word' id='word_1_326' title='bbox 1149 2884 1352 2952; x_wconf 82' lang='grc' dir='ltr'><strong>τρόμου</strong></span> <span class='ocrx_word' id='word_1_327' title='bbox 1409 2881 1786 2952; x_wconf 83' lang='grc' dir='ltr'><strong>παρίστασθαι</strong></span> 
     </span>
    </p>
   </div>
   <div class='ocr_carea' id='block_1_47' title="bbox 201 2969 1787 3042">
    <p class='ocr_par' dir='ltr' id='par_1_47' title="bbox 201 2969 1787 3042">
     <span class='ocr_line' id='line_1_47' title="bbox 201 2969 1787 3042; baseline -0.002 -18"><span class='ocrx_word' id='word_1_328' title='bbox 201 2973 282 3039; x_wconf 77' lang='grc' dir='ltr'><strong>τῷ</strong></span> <span class='ocrx_word' id='word_1_329' title='bbox 315 2971 568 3042; x_wconf 80' lang='grc' dir='ltr'><strong>Δεσπότῃ</strong></span> <span class='ocrx_word' id='word_1_330' title='bbox 595 2974 652 3024; x_wconf 82' lang='grc' dir='ltr'><strong>ὲν</strong></span> <span class='ocrx_word' id='word_1_331' title='bbox 704 2975 769 3042; x_wconf 79' lang='grc' dir='ltr'><strong>τῇ</strong></span> <span class='ocrx_word' id='word_1_332' title='bbox 824 2972 1050 3041; x_wconf 85' lang='grc' dir='ltr'><strong>τοιαύτῃ</strong></span> <span class='ocrx_word' id='word_1_333' title='bbox 1090 2972 1315 3036; x_wconf 81' lang='grc' dir='ltr'><strong>Συνάξει</strong></span> <span class='ocrx_word' id='word_1_334' title='bbox 1345 2991 1356 3002; x_wconf 93' lang='grc'><strong>·</strong></span> <span class='ocrx_word' id='word_1_335' title='bbox 1408 2972 1528 3024; x_wconf 78' lang='grc' dir='ltr'><strong>οὐδὲ</strong></span> <span class='ocrx_word' id='word_1_336' title='bbox 1585 2969 1787 3038; x_wconf 80' lang='grc' dir='ltr'><strong>ταύτην</strong></span> 
     </span>
    </p>
   </div>
   <div class='ocr_carea' id='block_1_48' title="bbox 201 3062 1784 3134">
    <p class='ocr_par' dir='ltr' id='par_1_48' title="bbox 201 3062 1784 3134">
     <span class='ocr_line' id='line_1_48' title="bbox 201 3062 1784 3134; baseline -0.001 -20"><span class='ocrx_word' id='word_1_337' title='bbox 201 3065 600 3133; x_wconf 78' lang='grc' dir='ltr'><strong>προσφέρομεν</strong></span> <span class='ocrx_word' id='word_1_338' title='bbox 639 3066 771 3134; x_wconf 80' lang='grc' dir='ltr'><strong>παρ’</strong></span> <span class='ocrx_word' id='word_1_339' title='bbox 804 3064 952 3134; x_wconf 79' lang='grc' dir='ltr'><strong>αὐτῷ</strong></span> <span class='ocrx_word' id='word_1_340' title='bbox 997 3067 1056 3117; x_wconf 83' lang='grc' dir='ltr'><strong>ὲν</strong></span> <span class='ocrx_word' id='word_1_341' title='bbox 1113 3065 1399 3132; x_wconf 83' lang='grc' dir='ltr'><strong>εἰλικρινεῖ</strong></span> <span class='ocrx_word' id='word_1_342' title='bbox 1455 3063 1640 3130; x_wconf 80' lang='grc' dir='ltr'><strong>δεήσει</strong></span> <span class='ocrx_word' id='word_1_343' title='bbox 1685 3062 1784 3130; x_wconf 69' lang='grc'><strong>(4),</strong></span> 
     </span>
    </p>
   </div>
   <div class='ocr_carea' id='block_1_49' title="bbox 1892 1991 3469 2062">
    <p class='ocr_par' dir='ltr' id='par_1_49' title="bbox 1892 1991 3469 2062">
     <span class='ocr_line' id='line_1_49' title="bbox 1892 1991 3469 2062; baseline -0.003 -13"><span class='ocrx_word' id='word_1_344' title='bbox 1892 2013 2052 2060; x_wconf 86' lang='lat' dir='ltr'><strong>mur;</strong></span> <span class='ocrx_word' id='word_1_345' title='bbox 2095 2005 2153 2049; x_wconf 90' lang='lat' dir='ltr'><strong>et</strong></span> <span class='ocrx_word' id='word_1_346' title='bbox 2193 1995 2238 2048; x_wconf 91' lang='lat' dir='ltr'><strong>si</strong></span> <span class='ocrx_word' id='word_1_347' title='bbox 2279 1994 2325 2048; x_wconf 88' lang='lat' dir='ltr'><strong>is</strong></span> <span class='ocrx_word' id='word_1_348' title='bbox 2358 1994 2453 2062; x_wconf 88' lang='lat' dir='ltr'><strong>qui</strong></span> <span class='ocrx_word' id='word_1_349' title='bbox 2505 1995 2857 2048; x_wconf 92' lang='lat' dir='ltr'><strong>incruentum</strong></span> <span class='ocrx_word' id='word_1_350' title='bbox 2903 1992 3238 2047; x_wconf 85' lang='lat' dir='ltr'><strong>sacrificium</strong></span> <span class='ocrx_word' id='word_1_351' title='bbox 3282 1991 3469 2053; x_wconf 80' lang='lat' dir='ltr'><strong>oﬂ&#39;ert,</strong></span> 
     </span>
    </p>
   </div>
   <div class='ocr_carea' id='block_1_50' title="bbox 1891 2083 3469 2156">
    <p class='ocr_par' dir='ltr' id='par_1_50' title="bbox 1891 2083 3469 2156">
     <span class='ocr_line' id='line_1_50' title="bbox 1891 2083 3469 2156; baseline -0.003 -17"><span class='ocrx_word' id='word_1_352' title='bbox 1891 2089 1974 2140; x_wconf 83' lang='lat' dir='ltr'><strong>vel</strong></span> <span class='ocrx_word' id='word_1_353' title='bbox 2009 2087 2291 2156; x_wconf 89' lang='lat' dir='ltr'><strong>paululum</strong></span> <span class='ocrx_word' id='word_1_354' title='bbox 2317 2095 2636 2143; x_wconf 86' lang='lat' dir='ltr'><strong>cunctetur.</strong></span> <span class='ocrx_word' id='word_1_355' title='bbox 2680 2084 3013 2146; x_wconf 82' lang='lat' dir='ltr'><strong>fastidimus,</strong></span> <span class='ocrx_word' id='word_1_356' title='bbox 3040 2092 3096 2135; x_wconf 87' lang='lat' dir='ltr'><strong>et</strong></span> <span class='ocrx_word' id='word_1_357' title='bbox 3145 2083 3469 2144; x_wconf 75' lang='lat' dir='ltr'><strong>oscitamus,</strong></span> 
     </span>
    </p>
   </div>
   <div class='ocr_carea' id='block_1_51' title="bbox 1889 2172 3472 2245">
    <p class='ocr_par' dir='ltr' id='par_1_51' title="bbox 1889 2172 3472 2245">
     <span class='ocr_line' id='line_1_51' title="bbox 1889 2172 3472 2245; baseline -0.004 -13"><span class='ocrx_word' id='word_1_358' title='bbox 1889 2188 1944 2232; x_wconf 85' lang='lat' dir='ltr'><strong>et</strong></span> <span class='ocrx_word' id='word_1_359' title='bbox 1982 2189 2089 2231; x_wconf 87' lang='lat' dir='ltr'><strong>tam</strong></span> <span class='ocrx_word' id='word_1_360' title='bbox 2117 2177 2310 2245; x_wconf 86' lang='lat' dir='ltr'><strong>paucis</strong></span> <span class='ocrx_word' id='word_1_361' title='bbox 2338 2177 2406 2229; x_wconf 90' lang='lat' dir='ltr'><strong>ab</strong></span> <span class='ocrx_word' id='word_1_362' title='bbox 2448 2175 2699 2228; x_wconf 89' lang='lat' dir='ltr'><strong>oratione</strong></span> <span class='ocrx_word' id='word_1_363' title='bbox 2744 2190 2907 2243; x_wconf 91' lang='lat' dir='ltr'><strong>quam</strong></span> <span class='ocrx_word' id='word_1_364' title='bbox 2951 2189 2980 2226; x_wconf 90' lang='lat' dir='ltr'><strong>a</strong></span> <span class='ocrx_word' id='word_1_365' title='bbox 3039 2172 3306 2226; x_wconf 84' lang='lat' dir='ltr'><strong>tribunali</strong></span> <span class='ocrx_word' id='word_1_366' title='bbox 3329 2172 3472 2226; x_wconf 89' lang='lat' dir='ltr'><strong>libe—</strong></span> 
     </span>
    </p>
   </div>
   <div class='ocr_carea' id='block_1_52' title="bbox 1892 2264 3476 2337">
    <p class='ocr_par' dir='ltr' id='par_1_52' title="bbox 1892 2264 3476 2337">
     <span class='ocr_line' id='line_1_52' title="bbox 1892 2264 3476 2337; baseline -0.004 -14"><span class='ocrx_word' id='word_1_367' title='bbox 1892 2273 2000 2324; x_wconf 90' lang='lat' dir='ltr'><strong>rari</strong></span> <span class='ocrx_word' id='word_1_368' title='bbox 2051 2271 2362 2330; x_wconf 88' lang='lat' dir='ltr'><strong>studemus,</strong></span> <span class='ocrx_word' id='word_1_369' title='bbox 2405 2277 2576 2337; x_wconf 90' lang='lat' dir='ltr'><strong>utque</strong></span> <span class='ocrx_word' id='word_1_370' title='bbox 2601 2269 2667 2320; x_wconf 93' lang='lat' dir='ltr'><strong>ad</strong></span> <span class='ocrx_word' id='word_1_371' title='bbox 2710 2282 2877 2320; x_wconf 82' lang='lat' dir='ltr'><strong>vanas</strong></span> <span class='ocrx_word' id='word_1_372' title='bbox 2911 2265 3186 2324; x_wconf 82' lang='lat' dir='ltr'><strong>actiones.</strong></span> <span class='ocrx_word' id='word_1_373' title='bbox 3225 2264 3476 2332; x_wconf 74' lang='lat' dir='ltr'><strong>volupta—</strong></span> 
     </span>
    </p>
   </div>
   <div class='ocr_carea' id='block_1_53' title="bbox 1893 2353 3470 2429">
    <p class='ocr_par' dir='ltr' id='par_1_53' title="bbox 1893 2353 3470 2429">
     <span class='ocr_line' id='line_1_53' title="bbox 1893 2353 3470 2429; baseline -0.006 -14"><span class='ocrx_word' id='word_1_374' title='bbox 1893 2371 2086 2429; x_wconf 84' lang='lat' dir='ltr'><strong>tesque</strong></span> <span class='ocrx_word' id='word_1_375' title='bbox 2141 2376 2241 2412; x_wconf 89' lang='lat' dir='ltr'><strong>nos</strong></span> <span class='ocrx_word' id='word_1_376' title='bbox 2309 2359 2678 2426; x_wconf 74' lang='lat' dir='ltr'><strong>recipiamus,</strong></span> <span class='ocrx_word' id='word_1_377' title='bbox 2739 2375 2766 2410; x_wconf 89' lang='lat' dir='ltr'><strong>a</strong></span> <span class='ocrx_word' id='word_1_378' title='bbox 2826 2355 3049 2409; x_wconf 89' lang='lat' dir='ltr'><strong>diabolo</strong></span> <span class='ocrx_word' id='word_1_379' title='bbox 3107 2353 3470 2422; x_wconf 84' lang='lat' dir='ltr'><strong>impellimur.</strong></span> 
     </span>
    </p>
   </div>
   <div class='ocr_carea' id='block_1_54' title="bbox 1888 2446 3474 2509">
    <p class='ocr_par' dir='ltr' id='par_1_54' title="bbox 1888 2446 3474 2509">
     <span class='ocr_line' id='line_1_54' title="bbox 1888 2446 3474 2509; baseline -0.006 -2"><span class='ocrx_word' id='word_1_380' title='bbox 1888 2453 2128 2507; x_wconf 86' lang='lat' dir='ltr'><strong>Grandis</strong></span> <span class='ocrx_word' id='word_1_381' title='bbox 2176 2461 2261 2504; x_wconf 84' lang='lat' dir='ltr'><strong>est</strong></span> <span class='ocrx_word' id='word_1_382' title='bbox 2321 2450 2542 2503; x_wconf 77' lang='lat' dir='ltr'><strong>miseria</strong></span> <span class='ocrx_word' id='word_1_383' title='bbox 2611 2457 2824 2509; x_wconf 87' lang='lat' dir='ltr'><strong>nostra,</strong></span> <span class='ocrx_word' id='word_1_384' title='bbox 2869 2446 3205 2500; x_wconf 89' lang='lat' dir='ltr'><strong>charissimi.</strong></span> <span class='ocrx_word' id='word_1_385' title='bbox 3252 2446 3474 2498; x_wconf 86' lang='lat' dir='ltr'><strong>Etenim</strong></span> 
     </span>
    </p>
   </div>
   <div class='ocr_carea' id='block_1_55' title="bbox 1889 2537 3477 2604">
    <p class='ocr_par' dir='ltr' id='par_1_55' title="bbox 1889 2537 3477 2604">
     <span class='ocr_line' id='line_1_55' title="bbox 1889 2537 3477 2604; baseline -0.006 -7"><span class='ocrx_word' id='word_1_386' title='bbox 1889 2560 2014 2597; x_wconf 91' lang='lat' dir='ltr'><strong>cum</strong></span> <span class='ocrx_word' id='word_1_387' title='bbox 2044 2545 2100 2596; x_wconf 91' lang='lat' dir='ltr'><strong>in</strong></span> <span class='ocrx_word' id='word_1_388' title='bbox 2125 2543 2277 2595; x_wconf 92' lang='lat' dir='ltr'><strong>omni</strong></span> <span class='ocrx_word' id='word_1_389' title='bbox 2328 2543 2580 2594; x_wconf 90' lang='lat' dir='ltr'><strong>oratione</strong></span> <span class='ocrx_word' id='word_1_390' title='bbox 2628 2550 2683 2593; x_wconf 91' lang='lat' dir='ltr'><strong>ct</strong></span> <span class='ocrx_word' id='word_1_391' title='bbox 2718 2538 3108 2593; x_wconf 87' lang='lat' dir='ltr'><strong>obsecratione</strong></span> <span class='ocrx_word' id='word_1_392' title='bbox 3158 2537 3358 2604; x_wconf 87' lang='lat' dir='ltr'><strong>spiritu</strong></span> <span class='ocrx_word' id='word_1_393' title='bbox 3388 2549 3477 2587; x_wconf 86' lang='lat' dir='ltr'><strong>ar-</strong></span> 
     </span>
    </p>
   </div>
   <div class='ocr_carea' id='block_1_56' title="bbox 1889 2631 3477 2698">
    <p class='ocr_par' dir='ltr' id='par_1_56' title="bbox 1889 2631 3477 2698">
     <span class='ocr_line' id='line_1_56' title="bbox 1889 2631 3477 2698; baseline -0.005 -10"><span class='ocrx_word' id='word_1_394' title='bbox 1889 2635 2040 2697; x_wconf 89' lang='lat' dir='ltr'><strong>dere,</strong></span> <span class='ocrx_word' id='word_1_395' title='bbox 2077 2636 2277 2687; x_wconf 79' lang='lat' dir='ltr'><strong>eximie</strong></span> <span class='ocrx_word' id='word_1_396' title='bbox 2298 2644 2481 2687; x_wconf 88' lang='lat' dir='ltr'><strong>autem</strong></span> <span class='ocrx_word' id='word_1_397' title='bbox 2511 2645 2661 2695; x_wconf 89' lang='lat' dir='ltr'><strong>tunc,</strong></span> <span class='ocrx_word' id='word_1_398' title='bbox 2691 2647 2817 2685; x_wconf 92' lang='lat' dir='ltr'><strong>cum</strong></span> <span class='ocrx_word' id='word_1_399' title='bbox 2872 2631 3222 2684; x_wconf 87' lang='lat' dir='ltr'><strong>immaculata</strong></span> <span class='ocrx_word' id='word_1_400' title='bbox 3273 2636 3477 2698; x_wconf 85' lang='lat' dir='ltr'><strong>myste-</strong></span> 
     </span>
    </p>
   </div>
   <div class='ocr_carea' id='block_1_57' title="bbox 1890 2726 3478 2795">
    <p class='ocr_par' dir='ltr' id='par_1_57' title="bbox 1890 2726 3478 2795">
     <span class='ocr_line' id='line_1_57' title="bbox 1890 2726 3478 2795; baseline -0.002 -16"><span class='ocrx_word' id='word_1_401' title='bbox 1890 2727 1969 2780; x_wconf 90' lang='lat' dir='ltr'><strong>ria</strong></span> <span class='ocrx_word' id='word_1_402' title='bbox 2004 2735 2346 2795; x_wconf 84' lang='lat' dir='ltr'><strong>peraguntur</strong></span> <span class='ocrx_word' id='word_1_403' title='bbox 2384 2726 2838 2786; x_wconf 90' lang='lat' dir='ltr'><strong>etimmolantur,</strong></span> <span class='ocrx_word' id='word_1_404' title='bbox 2867 2739 2994 2777; x_wconf 90' lang='lat' dir='ltr'><strong>cum</strong></span> <span class='ocrx_word' id='word_1_405' title='bbox 3032 2726 3228 2776; x_wconf 88' lang='lat' dir='ltr'><strong>timore</strong></span> <span class='ocrx_word' id='word_1_406' title='bbox 3265 2732 3322 2776; x_wconf 91' lang='lat' dir='ltr'><strong>et</strong></span> <span class='ocrx_word' id='word_1_407' title='bbox 3366 2731 3478 2776; x_wconf 90' lang='lat' dir='ltr'><strong>tre-</strong></span> 
     </span>
    </p>
   </div>
   <div class='ocr_carea' id='block_1_58' title="bbox 1889 2814 3476 2876">
    <p class='ocr_par' dir='ltr' id='par_1_58' title="bbox 1889 2814 3476 2876">
     <span class='ocr_line' id='line_1_58' title="bbox 1889 2814 3476 2876; baseline -0.003 -6"><span class='ocrx_word' id='word_1_408' title='bbox 1889 2833 2040 2870; x_wconf 91' lang='lat' dir='ltr'><strong>more</strong></span> <span class='ocrx_word' id='word_1_409' title='bbox 2069 2817 2302 2870; x_wconf 86' lang='lat' dir='ltr'><strong>Domino</strong></span> <span class='ocrx_word' id='word_1_410' title='bbox 2347 2818 2615 2870; x_wconf 86' lang='lat' dir='ltr'><strong>assistere</strong></span> <span class='ocrx_word' id='word_1_411' title='bbox 2642 2815 2997 2876; x_wconf 88' lang='lat' dir='ltr'><strong>deberemus,</strong></span> <span class='ocrx_word' id='word_1_412' title='bbox 3033 2815 3086 2868; x_wconf 91' lang='lat' dir='ltr'><strong>in</strong></span> <span class='ocrx_word' id='word_1_413' title='bbox 3114 2814 3206 2866; x_wconf 92' lang='lat' dir='ltr'><strong>tali</strong></span> <span class='ocrx_word' id='word_1_414' title='bbox 3241 2821 3298 2867; x_wconf 91' lang='lat' dir='ltr'><strong>et</strong></span> <span class='ocrx_word' id='word_1_415' title='bbox 3323 2822 3476 2867; x_wconf 86' lang='lat' dir='ltr'><strong>tanta</strong></span> 
     </span>
    </p>
   </div>
   <div class='ocr_carea' id='block_1_59' title="bbox 1888 2902 3473 2974">
    <p class='ocr_par' dir='ltr' id='par_1_59' title="bbox 1888 2902 3473 2974">
     <span class='ocr_line' id='line_1_59' title="bbox 1888 2902 3473 2974; baseline -0.003 -16"><span class='ocrx_word' id='word_1_416' title='bbox 1888 2904 2127 2974; x_wconf 78' lang='lat' dir='ltr'><strong>Synaxi;</strong></span> <span class='ocrx_word' id='word_1_417' title='bbox 2159 2920 2337 2973; x_wconf 89' lang='lat' dir='ltr'><strong>neque</strong></span> <span class='ocrx_word' id='word_1_418' title='bbox 2359 2905 2483 2964; x_wconf 90' lang='lat' dir='ltr'><strong>hoc,</strong></span> <span class='ocrx_word' id='word_1_419' title='bbox 2518 2904 2666 2972; x_wconf 91' lang='lat' dir='ltr'><strong>quod</strong></span> <span class='ocrx_word' id='word_1_420' title='bbox 2704 2905 2877 2956; x_wconf 91' lang='lat' dir='ltr'><strong>nostri</strong></span> <span class='ocrx_word' id='word_1_421' title='bbox 2904 2903 3067 2957; x_wconf 85' lang='lat' dir='ltr'><strong>oﬂicii</strong></span> <span class='ocrx_word' id='word_1_422' title='bbox 3111 2904 3254 2956; x_wconf 90' lang='lat' dir='ltr'><strong>ratio</strong></span> <span class='ocrx_word' id='word_1_423' title='bbox 3280 2902 3473 2971; x_wconf 82' lang='lat' dir='ltr'><strong>exigit,</strong></span> 
     </span>
    </p>
   </div>
   <div class='ocr_carea' id='block_1_60' title="bbox 1887 2994 3477 3064">
    <p class='ocr_par' dir='ltr' id='par_1_60' title="bbox 1887 2994 3477 3064">
     <span class='ocr_line' id='line_1_60' title="bbox 1887 2994 3477 3064; baseline -0.003 -16"><span class='ocrx_word' id='word_1_424' title='bbox 1887 3003 2217 3064; x_wconf 76' lang='lat' dir='ltr'><strong>przestamus</strong></span> <span class='ocrx_word' id='word_1_425' title='bbox 2231 2997 2463 3049; x_wconf 87' lang='lat' dir='ltr'><strong>sinceris</strong></span> <span class='ocrx_word' id='word_1_426' title='bbox 2478 2995 2739 3063; x_wconf 89' lang='lat' dir='ltr'><strong>precibus</strong></span> <span class='ocrx_word' id='word_1_427' title='bbox 2755 2996 2806 3047; x_wconf 92' lang='lat' dir='ltr'><strong>in</strong></span> <span class='ocrx_word' id='word_1_428' title='bbox 2829 2994 3030 3062; x_wconf 89' lang='lat' dir='ltr'><strong>spiritu</strong></span> <span class='ocrx_word' id='word_1_429' title='bbox 3055 2996 3278 3046; x_wconf 82' lang='lat' dir='ltr'><strong>contrito</strong></span> <span class='ocrx_word' id='word_1_430' title='bbox 3300 3001 3349 3044; x_wconf 86' lang='lat' dir='ltr'><strong>et</strong></span> <span class='ocrx_word' id='word_1_431' title='bbox 3380 2995 3477 3045; x_wconf 79' lang='lat' dir='ltr'><strong>Im-</strong></span> 
     </span>
    </p>
   </div>
   <div class='ocr_carea' id='block_1_61' title="bbox 1889 3082 3473 3152">
    <p class='ocr_par' dir='ltr' id='par_1_61' title="bbox 1889 3082 3473 3152">
     <span class='ocr_line' id='line_1_61' title="bbox 1889 3082 3473 3152; baseline -0.003 -14"><span class='ocrx_word' id='word_1_432' title='bbox 1889 3086 2116 3149; x_wconf 77' lang='lat' dir='ltr'><strong>miliato,</strong></span> <span class='ocrx_word' id='word_1_433' title='bbox 2158 3085 2251 3139; x_wconf 92' lang='lat' dir='ltr'><strong>scd</strong></span> <span class='ocrx_word' id='word_1_434' title='bbox 2293 3101 2380 3139; x_wconf 88' lang='lat' dir='ltr'><strong>res</strong></span> <span class='ocrx_word' id='word_1_435' title='bbox 2412 3099 2719 3152; x_wconf 88' lang='lat' dir='ltr'><strong>causasque</strong></span> <span class='ocrx_word' id='word_1_436' title='bbox 2757 3092 2977 3137; x_wconf 90' lang='lat' dir='ltr'><strong>nostras</strong></span> <span class='ocrx_word' id='word_1_437' title='bbox 3019 3083 3305 3147; x_wconf 82' lang='lat' dir='ltr'><strong>forenses,</strong></span> <span class='ocrx_word' id='word_1_438' title='bbox 3331 3082 3473 3135; x_wconf 91' lang='lat' dir='ltr'><strong>mul-</strong></span> 
     </span>
    </p>
   </div>
   <div class='ocr_carea' id='block_1_62' title="bbox 200 3153 1787 3263">
    <p class='ocr_par' dir='ltr' id='par_1_62' title="bbox 200 3153 1786 3222">
     <span class='ocr_line' id='line_1_62' title="bbox 200 3153 1786 3222; baseline -0.003 -16"><span class='ocrx_word' id='word_1_439' title='bbox 200 3157 296 3207; x_wconf 79' lang='grc' dir='ltr'><strong>καὶ</strong></span> <span class='ocrx_word' id='word_1_440' title='bbox 323 3153 811 3222; x_wconf 76' lang='grc' dir='ltr'><strong>συντετριμμένῳ</strong></span> <span class='ocrx_word' id='word_1_441' title='bbox 845 3166 867 3192; x_wconf 74' lang='grc' dir='ltr'><strong>ε</strong></span> <span class='ocrx_word' id='word_1_442' title='bbox 904 3155 1001 3206; x_wconf 82' lang='grc' dir='ltr'><strong>καί</strong></span> <span class='ocrx_word' id='word_1_443' title='bbox 1033 3154 1545 3220; x_wconf 83' lang='grc' dir='ltr'><strong>κατατετριμμένῳ</strong></span> <span class='ocrx_word' id='word_1_444' title='bbox 1592 3153 1786 3220; x_wconf 83' lang='grc' dir='ltr'><strong>φρονή-</strong></span> 
     </span>
    </p>
   </div>
   <div class='ocr_carea' id='block_1_63' title="bbox 1888 3153 3476 3263">
    <p class='ocr_par' dir='ltr' id='par_1_63' title="bbox 1890 3173 3476 3244">
     <span class='ocr_line' id='line_1_63' title="bbox 1890 3173 3476 3244; baseline -0.003 -16"><span class='ocrx_word' id='word_1_445' title='bbox 1890 3186 2180 3244; x_wconf 89' lang='lat' dir='ltr'><strong>tarumque</strong></span> <span class='ocrx_word' id='word_1_446' title='bbox 2205 3185 2260 3228; x_wconf 87' lang='lat' dir='ltr'><strong>et</strong></span> <span class='ocrx_word' id='word_1_447' title='bbox 2287 3176 2533 3228; x_wconf 86' lang='lat' dir='ltr'><strong>inanium</strong></span> <span class='ocrx_word' id='word_1_448' title='bbox 2558 3191 2744 3229; x_wconf 89' lang='lat' dir='ltr'><strong>rerum</strong></span> <span class='ocrx_word' id='word_1_449' title='bbox 2778 3173 3311 3236; x_wconf 89' lang='lat' dir='ltr'><strong>administrationes,</strong></span> <span class='ocrx_word' id='word_1_450' title='bbox 3348 3187 3476 3225; x_wconf 90' lang='lat' dir='ltr'><strong>cum</strong></span> 
     </span>
    </p>
   </div>
   <div class='ocr_carea' id='block_1_64' title="bbox 203 3244 1783 3315">
    <p class='ocr_par' dir='ltr' id='par_1_64' title="bbox 203 3244 1783 3315">
     <span class='ocr_line' id='line_1_64' title="bbox 203 3244 1783 3315; baseline -0.003 -17"><span class='ocrx_word' id='word_1_451' title='bbox 203 3263 336 3315; x_wconf 87' lang='grc' dir='ltr'><strong>ματι</strong></span> <span class='ocrx_word' id='word_1_452' title='bbox 366 3263 381 3276; x_wconf 88' lang='grc'><strong>·</strong></span> <span class='ocrx_word' id='word_1_453' title='bbox 423 3245 649 3297; x_wconf 82' lang='grc' dir='ltr'><strong>ἀλλάτὰ</strong></span> <span class='ocrx_word' id='word_1_454' title='bbox 676 3245 1004 3315; x_wconf 85' lang='grc' dir='ltr'><strong>δικαστήρια</strong></span> <span class='ocrx_word' id='word_1_455' title='bbox 1060 3246 1243 3314; x_wconf 81' lang='grc' dir='ltr'><strong>ἡμῶν,</strong></span> <span class='ocrx_word' id='word_1_456' title='bbox 1293 3245 1386 3296; x_wconf 74' lang='grc' dir='ltr'><strong>καὶ</strong></span> <span class='ocrx_word' id='word_1_457' title='bbox 1434 3244 1532 3304; x_wconf 85' lang='grc' dir='ltr'><strong>τὰς</strong></span> <span class='ocrx_word' id='word_1_458' title='bbox 1577 3244 1783 3310; x_wconf 79' lang='grc' dir='ltr'><strong>διοικήο</strong></span> 
     </span>
    </p>
   </div>
   <div class='ocr_carea' id='block_1_65' title="bbox 199 3335 1782 3405">
    <p class='ocr_par' dir='ltr' id='par_1_65' title="bbox 199 3335 1782 3405">
     <span class='ocr_line' id='line_1_65' title="bbox 199 3335 1782 3405; baseline -0.003 -15"><span class='ocrx_word' id='word_1_459' title='bbox 199 3356 315 3400; x_wconf 87' lang='grc' dir='ltr'><strong>σεις</strong></span> <span class='ocrx_word' id='word_1_460' title='bbox 369 3338 480 3389; x_wconf 85' lang='grc' dir='ltr'><strong>τῶν</strong></span> <span class='ocrx_word' id='word_1_461' title='bbox 528 3337 740 3388; x_wconf 81' lang='grc' dir='ltr'><strong>πολλῶν</strong></span> <span class='ocrx_word' id='word_1_462' title='bbox 801 3337 896 3389; x_wconf 69' lang='grc' dir='ltr'><strong>καὶ</strong></span> <span class='ocrx_word' id='word_1_463' title='bbox 949 3336 1194 3405; x_wconf 89' lang='grc' dir='ltr'><strong>ματαίων</strong></span> <span class='ocrx_word' id='word_1_464' title='bbox 1223 3336 1381 3405; x_wconf 83' lang='grc' dir='ltr'><strong>ἡμῶν</strong></span> <span class='ocrx_word' id='word_1_465' title='bbox 1413 3335 1782 3404; x_wconf 79' lang='grc' dir='ltr'><strong>πραγμάτων,</strong></span> 
     </span>
    </p>
   </div>
   <div class='ocr_carea' id='block_1_66' title="bbox 197 3427 1412 3495">
    <p class='ocr_par' dir='ltr' id='par_1_66' title="bbox 197 3427 1412 3495">
     <span class='ocr_line' id='line_1_66' title="bbox 197 3427 1412 3495; baseline -0.002 -14"><span class='ocrx_word' id='word_1_466' title='bbox 197 3433 259 3481; x_wconf 84' lang='grc' dir='ltr'><strong>ὲν</strong></span> <span class='ocrx_word' id='word_1_467' title='bbox 283 3432 406 3490; x_wconf 85' lang='grc' dir='ltr'><strong>ταῖς</strong></span> <span class='ocrx_word' id='word_1_468' title='bbox 433 3428 709 3490; x_wconf 77' lang='grc' dir='ltr'><strong>τοιαύταις</strong></span> <span class='ocrx_word' id='word_1_469' title='bbox 739 3428 1002 3493; x_wconf 81' lang='grc' dir='ltr'><strong>Συνάξεσι</strong></span> <span class='ocrx_word' id='word_1_470' title='bbox 1032 3427 1412 3495; x_wconf 80' lang='grc' dir='ltr'><strong>ἐπιτελοῦμεν.</strong></span> 
     </span>
    </p>
   </div>
   <div class='ocr_carea' id='block_1_67' title="bbox 269 3517 1786 3588">
    <p class='ocr_par' dir='ltr' id='par_1_67' title="bbox 269 3517 1786 3588">
     <span class='ocr_line' id='line_1_67' title="bbox 269 3517 1786 3588; baseline -0.004 -16"><span class='ocrx_word' id='word_1_471' title='bbox 269 3520 384 3572; x_wconf 76' lang='grc' dir='ltr'><strong>Καὶ</strong></span> <span class='ocrx_word' id='word_1_472' title='bbox 425 3521 475 3570; x_wconf 80' lang='lat' dir='ltr'><strong>oi</strong></span> <span class='ocrx_word' id='word_1_473' title='bbox 507 3518 606 3586; x_wconf 82' lang='grc' dir='ltr'><strong>μὲν</strong></span> <span class='ocrx_word' id='word_1_474' title='bbox 636 3520 698 3570; x_wconf 75' lang='grc' dir='ltr'><strong>οὐ</strong></span> <span class='ocrx_word' id='word_1_475' title='bbox 727 3519 1094 3588; x_wconf 79' lang='grc' dir='ltr'><strong>φροντίζουσι,</strong></span> <span class='ocrx_word' id='word_1_476' title='bbox 1125 3519 1213 3587; x_wconf 68' lang='grc' dir='ltr'><strong>οἵᾳ</strong></span> <span class='ocrx_word' id='word_1_477' title='bbox 1256 3517 1522 3587; x_wconf 79' lang='grc' dir='ltr'><strong>καθάρσει</strong></span> <span class='ocrx_word' id='word_1_478' title='bbox 1556 3517 1651 3568; x_wconf 77' lang='grc' dir='ltr'><strong>καὶ</strong></span> <span class='ocrx_word' id='word_1_479' title='bbox 1685 3531 1786 3583; x_wconf 87' lang='grc' dir='ltr'><strong>με-</strong></span> 
     </span>
    </p>
   </div>
   <div class='ocr_carea' id='block_1_68' title="bbox 193 3605 1787 3680">
    <p class='ocr_par' dir='ltr' id='par_1_68' title="bbox 193 3605 1787 3680">
     <span class='ocr_line' id='line_1_68' title="bbox 193 3605 1787 3680; baseline -0.006 -17"><span class='ocrx_word' id='word_1_480' title='bbox 193 3612 390 3676; x_wconf 75' lang='grc' dir='ltr'><strong>τανοίᾳ</strong></span> <span class='ocrx_word' id='word_1_481' title='bbox 426 3611 491 3678; x_wconf 83' lang='grc' dir='ltr'><strong>τῇ</strong></span> <span class='ocrx_word' id='word_1_482' title='bbox 529 3609 650 3677; x_wconf 75' lang='grc' dir='ltr'><strong>ἱερᾷ</strong></span> <span class='ocrx_word' id='word_1_483' title='bbox 678 3606 928 3680; x_wconf 72' lang='grc' dir='ltr'><strong>τραπέζῃ</strong></span> <span class='ocrx_word' id='word_1_484' title='bbox 960 3607 1335 3676; x_wconf 83' lang='grc' dir='ltr'><strong>προσέλθωσιν</strong></span> <span class='ocrx_word' id='word_1_485' title='bbox 1358 3625 1372 3638; x_wconf 78' lang='grc' dir='ltr'><strong><em>ο</em></strong></span> <span class='ocrx_word' id='word_1_486' title='bbox 1428 3605 1568 3658; x_wconf 87' lang='grc' dir='ltr'><strong>ἀλλά</strong></span> <span class='ocrx_word' id='word_1_487' title='bbox 1615 3605 1787 3666; x_wconf 83' lang='grc' dir='ltr'><strong>ποίοις</strong></span> 
     </span>
    </p>
   </div>
   <div class='ocr_carea' id='block_1_69' title="bbox 196 3695 1785 3769">
    <p class='ocr_par' dir='ltr' id='par_1_69' title="bbox 196 3695 1785 3769">
     <span class='ocr_line' id='line_1_69' title="bbox 196 3695 1785 3769; baseline -0.005 -17"><span class='ocrx_word' id='word_1_488' title='bbox 196 3700 444 3769; x_wconf 79' lang='grc' dir='ltr'><strong>ίματίοις</strong></span> <span class='ocrx_word' id='word_1_489' title='bbox 491 3699 974 3753; x_wconf 84' lang='grc' dir='ltr'><strong>καλλωπισθῶσιν.</strong></span> <span class='ocrx_word' id='word_1_490' title='bbox 1032 3701 1095 3749; x_wconf 72' lang='lat' dir='ltr'><strong>Oi</strong></span> <span class='ocrx_word' id='word_1_491' title='bbox 1132 3698 1188 3750; x_wconf 83' lang='grc' dir='ltr'><strong>δὲ</strong></span> <span class='ocrx_word' id='word_1_492' title='bbox 1229 3697 1496 3757; x_wconf 75' lang='grc' dir='ltr'><strong>ἐλθόντες,</strong></span> <span class='ocrx_word' id='word_1_493' title='bbox 1532 3695 1592 3747; x_wconf 78' lang='grc' dir='ltr'><strong>ού</strong></span> <span class='ocrx_word' id='word_1_494' title='bbox 1623 3696 1785 3762; x_wconf 86' lang='grc' dir='ltr'><strong>μέχρι</strong></span> 
     </span>
    </p>
   </div>
   <div class='ocr_carea' id='block_1_70' title="bbox 191 3783 1788 3859">
    <p class='ocr_par' dir='ltr' id='par_1_70' title="bbox 191 3783 1788 3859">
     <span class='ocr_line' id='line_1_70' title="bbox 191 3783 1788 3859; baseline -0.006 -17"><span class='ocrx_word' id='word_1_495' title='bbox 191 3791 297 3859; x_wconf 77' lang='grc' dir='ltr'><strong>τῆς</strong></span> <span class='ocrx_word' id='word_1_496' title='bbox 358 3788 812 3859; x_wconf 80' lang='grc' dir='ltr'><strong>συμπληρώσεως</strong></span> <span class='ocrx_word' id='word_1_497' title='bbox 870 3788 1244 3858; x_wconf 84' lang='grc' dir='ltr'><strong>παρίστασθαι</strong></span> <span class='ocrx_word' id='word_1_498' title='bbox 1293 3787 1580 3849; x_wconf 76' lang='grc' dir='ltr'><strong>ἀξιοῦσιν·</strong></span> <span class='ocrx_word' id='word_1_499' title='bbox 1649 3783 1788 3836; x_wconf 76' lang='grc' dir='ltr'><strong>ἀλλά</strong></span> 
     </span>
    </p>
   </div>
   <div class='ocr_carea' id='block_1_71' title="bbox 191 3876 1787 3952">
    <p class='ocr_par' dir='ltr' id='par_1_71' title="bbox 191 3876 1787 3952">
     <span class='ocr_line' id='line_1_71' title="bbox 191 3876 1787 3952; baseline -0.004 -18"><span class='ocrx_word' id='word_1_500' title='bbox 191 3885 260 3935; x_wconf 84' lang='grc' dir='ltr'><strong>δι’</strong></span> <span class='ocrx_word' id='word_1_501' title='bbox 304 3882 514 3951; x_wconf 79' lang='grc' dir='ltr'><strong>ἑτέρων</strong></span> <span class='ocrx_word' id='word_1_502' title='bbox 557 3882 827 3952; x_wconf 80' lang='grc' dir='ltr'><strong>ἐρωτῶσι,</strong></span> <span class='ocrx_word' id='word_1_503' title='bbox 862 3883 916 3932; x_wconf 89' lang='grc' dir='ltr'><strong>τί</strong></span> <span class='ocrx_word' id='word_1_504' title='bbox 947 3881 1184 3932; x_wconf 85' lang='grc' dir='ltr'><strong>τελεῖται</strong></span> <span class='ocrx_word' id='word_1_505' title='bbox 1227 3881 1286 3930; x_wconf 85' lang='grc' dir='ltr'><strong>ὲν</strong></span> <span class='ocrx_word' id='word_1_506' title='bbox 1315 3883 1378 3946; x_wconf 80' lang='grc' dir='ltr'><strong>τῇ</strong></span> <span class='ocrx_word' id='word_1_507' title='bbox 1408 3876 1653 3939; x_wconf 80' lang='grc' dir='ltr'><strong>Συνάξει,</strong></span> <span class='ocrx_word' id='word_1_508' title='bbox 1691 3878 1787 3928; x_wconf 77' lang='grc' dir='ltr'><strong>καὶ</strong></span> 
     </span>
    </p>
   </div>
   <div class='ocr_carea' id='block_1_72' title="bbox 193 3967 1784 4039">
    <p class='ocr_par' dir='ltr' id='par_1_72' title="bbox 193 3967 1784 4039">
     <span class='ocr_line' id='line_1_72' title="bbox 193 3967 1784 4039; baseline -0.004 -15"><span class='ocrx_word' id='word_1_509' title='bbox 193 3975 241 4024; x_wconf 87' lang='grc' dir='ltr'><strong>εἰ</strong></span> <span class='ocrx_word' id='word_1_510' title='bbox 295 3972 327 4023; x_wconf 81' lang='grc' dir='ltr'>ὁ</span> <span class='ocrx_word' id='word_1_511' title='bbox 383 3973 576 4039; x_wconf 78' lang='grc' dir='ltr'><strong>καιρὸς</strong></span> <span class='ocrx_word' id='word_1_512' title='bbox 622 3970 724 4038; x_wconf 83' lang='grc' dir='ltr'><strong>τῆς</strong></span> <span class='ocrx_word' id='word_1_513' title='bbox 777 3972 1139 4039; x_wconf 82' lang='grc' dir='ltr'><strong>μεταλήψεως</strong></span> <span class='ocrx_word' id='word_1_514' title='bbox 1200 3968 1468 4037; x_wconf 77' lang='grc' dir='ltr'><strong>πάρεστι·</strong></span> <span class='ocrx_word' id='word_1_515' title='bbox 1526 3968 1618 4019; x_wconf 77' lang='grc' dir='ltr'><strong>καὶ</strong></span> <span class='ocrx_word' id='word_1_516' title='bbox 1661 3967 1784 4018; x_wconf 86' lang='grc' dir='ltr'><strong>τότε</strong></span> 
     </span>
    </p>
   </div>
   <div class='ocr_carea' id='block_1_73' title="bbox 195 4057 1786 4132">
    <p class='ocr_par' dir='ltr' id='par_1_73' title="bbox 195 4057 1786 4132">
     <span class='ocr_line' id='line_1_73' title="bbox 195 4057 1786 4132; baseline -0.004 -17"><span class='ocrx_word' id='word_1_517' title='bbox 195 4062 578 4132; x_wconf 80' lang='grc' dir='ltr'><strong>εἰσπηδῶντες</strong></span> <span class='ocrx_word' id='word_1_518' title='bbox 607 4062 886 4130; x_wconf 88' lang='grc' dir='ltr'><strong>δρομαίως</strong></span> <span class='ocrx_word' id='word_1_519' title='bbox 914 4061 990 4123; x_wconf 84' lang='grc' dir='ltr'><strong>ὡς</strong></span> <span class='ocrx_word' id='word_1_520' title='bbox 1017 4061 1201 4122; x_wconf 86' lang='grc' dir='ltr'><strong>κύνες,</strong></span> <span class='ocrx_word' id='word_1_521' title='bbox 1251 4059 1344 4110; x_wconf 80' lang='grc' dir='ltr'><strong>καὶ</strong></span> <span class='ocrx_word' id='word_1_522' title='bbox 1377 4059 1468 4109; x_wconf 66' lang='grc' dir='ltr'><strong>τὸν</strong></span> <span class='ocrx_word' id='word_1_523' title='bbox 1495 4057 1661 4124; x_wconf 78' lang='grc' dir='ltr'><strong>ἄρτον</strong></span> <span class='ocrx_word' id='word_1_524' title='bbox 1695 4058 1786 4108; x_wconf 74' lang='grc' dir='ltr'><strong>τὸν</strong></span> 
     </span>
    </p>
   </div>
   <div class='ocr_carea' id='block_1_74' title="bbox 198 4147 1785 4226">
    <p class='ocr_par' dir='ltr' id='par_1_74' title="bbox 198 4147 1785 4226">
     <span class='ocr_line' id='line_1_74' title="bbox 198 4147 1785 4226; baseline -0.006 -19"><span class='ocrx_word' id='word_1_525' title='bbox 198 4154 468 4226; x_wconf 70' lang='grc' dir='ltr'><strong>μυστικὸν</strong></span> <span class='ocrx_word' id='word_1_526' title='bbox 519 4153 858 4221; x_wconf 72' lang='grc' dir='ltr'><strong>ἁρπάζοντες</strong></span> <span class='ocrx_word' id='word_1_527' title='bbox 907 4149 1247 4220; x_wconf 80' lang='grc' dir='ltr'><strong>ἐξέρχονται.</strong></span> <span class='ocrx_word' id='word_1_528' title='bbox 1289 4149 1473 4200; x_wconf 75' lang='grc' dir='ltr'><strong>Ἄλλοι</strong></span> <span class='ocrx_word' id='word_1_529' title='bbox 1504 4147 1561 4198; x_wconf 82' lang='grc' dir='ltr'><strong>δὲ</strong></span> <span class='ocrx_word' id='word_1_530' title='bbox 1604 4163 1785 4214; x_wconf 87' lang='grc' dir='ltr'><strong>παρα-</strong></span> 
     </span>
    </p>
   </div>
   <div class='ocr_carea' id='block_1_75' title="bbox 194 4234 1786 4311">
    <p class='ocr_par' dir='ltr' id='par_1_75' title="bbox 194 4234 1786 4311">
     <span class='ocr_line' id='line_1_75' title="bbox 194 4234 1786 4311; baseline -0.008 -14"><span class='ocrx_word' id='word_1_531' title='bbox 194 4245 487 4311; x_wconf 83' lang='grc' dir='ltr'><strong>γενόμενοι</strong></span> <span class='ocrx_word' id='word_1_532' title='bbox 543 4243 602 4291; x_wconf 82' lang='grc' dir='ltr'><strong>ἐν</strong></span> <span class='ocrx_word' id='word_1_533' title='bbox 652 4239 730 4309; x_wconf 89' lang='grc' dir='ltr'>τῷ</span> <span class='ocrx_word' id='word_1_534' title='bbox 772 4239 884 4309; x_wconf 83' lang='grc' dir='ltr'><strong>ναῷ</strong></span> <span class='ocrx_word' id='word_1_535' title='bbox 933 4239 1028 4291; x_wconf 78' lang='grc' dir='ltr'><strong>τοῦ</strong></span> <span class='ocrx_word' id='word_1_536' title='bbox 1070 4238 1230 4296; x_wconf 85' lang='grc' dir='ltr'><strong>Θεοῦ.</strong></span> <span class='ocrx_word' id='word_1_537' title='bbox 1291 4234 1415 4286; x_wconf 76' lang='grc' dir='ltr'><strong>οὕτε</strong></span> <span class='ocrx_word' id='word_1_538' title='bbox 1467 4236 1596 4303; x_wconf 86' lang='grc' dir='ltr'><strong>μίαν</strong></span> <span class='ocrx_word' id='word_1_539' title='bbox 1636 4234 1786 4304; x_wconf 83' lang='grc' dir='ltr'><strong>ὥραν</strong></span> 
     </span>
    </p>
   </div>
   <div class='ocr_carea' id='block_1_76' title="bbox 193 4325 1786 4404">
    <p class='ocr_par' dir='ltr' id='par_1_76' title="bbox 193 4325 1786 4404">
     <span class='ocr_line' id='line_1_76' title="bbox 193 4325 1786 4404; baseline -0.006 -19"><span class='ocrx_word' id='word_1_540' title='bbox 193 4333 493 4404; x_wconf 69' lang='grc' dir='ltr'><strong>ἠρεμοῦσι,</strong></span> <span class='ocrx_word' id='word_1_541' title='bbox 514 4332 700 4397; x_wconf 87' lang='grc' dir='ltr'><strong>λογολε</strong></span> <span class='ocrx_word' id='word_1_542' title='bbox 710 4331 964 4400; x_wconf 85' lang='grc' dir='ltr'><strong>σχοῦντες</strong></span> <span class='ocrx_word' id='word_1_543' title='bbox 989 4330 1127 4400; x_wconf 82' lang='grc' dir='ltr'><strong>πρὸς</strong></span> <span class='ocrx_word' id='word_1_544' title='bbox 1145 4327 1426 4396; x_wconf 85' lang='grc' dir='ltr'><strong>ἀλλήλους,</strong></span> <span class='ocrx_word' id='word_1_545' title='bbox 1449 4327 1546 4378; x_wconf 78' lang='grc' dir='ltr'><strong>καὶ</strong></span> <span class='ocrx_word' id='word_1_546' title='bbox 1560 4325 1786 4394; x_wconf 80' lang='grc' dir='ltr'><strong>φλυαρί-</strong></span> 
     </span>
    </p>
   </div>
   <div class='ocr_carea' id='block_1_77' title="bbox 195 4417 1785 4495">
    <p class='ocr_par' dir='ltr' id='par_1_77' title="bbox 195 4417 1785 4495">
     <span class='ocr_line' id='line_1_77' title="bbox 195 4417 1785 4495; baseline -0.006 -17"><span class='ocrx_word' id='word_1_547' title='bbox 195 4443 285 4488; x_wconf 89' lang='grc' dir='ltr'><strong>αις</strong></span> <span class='ocrx_word' id='word_1_548' title='bbox 309 4423 535 4495; x_wconf 79' lang='grc' dir='ltr'><strong>μᾶλλον,</strong></span> <span class='ocrx_word' id='word_1_549' title='bbox 570 4423 602 4492; x_wconf 82' lang='grc' dir='ltr'>ἧ</span> <span class='ocrx_word' id='word_1_550' title='bbox 633 4424 968 4492; x_wconf 82' lang='grc' dir='ltr'><strong>προσευχαῖς</strong></span> <span class='ocrx_word' id='word_1_551' title='bbox 995 4418 1710 4488; x_wconf 81' lang='grc' dir='ltr'><strong>συγκροτούμενοι.”Ετεροι</strong></span> <span class='ocrx_word' id='word_1_552' title='bbox 1728 4417 1785 4468; x_wconf 79' lang='grc' dir='ltr'><strong>δὲ</strong></span> 
     </span>
    </p>
   </div>
   <div class='ocr_carea' id='block_1_78' title="bbox 1887 3264 3403 3336">
    <p class='ocr_par' dir='ltr' id='par_1_78' title="bbox 1887 3264 3403 3336">
     <span class='ocr_line' id='line_1_78' title="bbox 1887 3264 3403 3336; baseline -0.003 -16"><span class='ocrx_word' id='word_1_553' title='bbox 1887 3267 1953 3320; x_wconf 92' lang='lat' dir='ltr'><strong>ad</strong></span> <span class='ocrx_word' id='word_1_554' title='bbox 1985 3283 2195 3322; x_wconf 86' lang='lat' dir='ltr'><strong>sacram</strong></span> <span class='ocrx_word' id='word_1_555' title='bbox 2227 3267 2468 3336; x_wconf 78' lang='lat' dir='ltr'><strong>Synaxin</strong></span> <span class='ocrx_word' id='word_1_556' title='bbox 2498 3265 2876 3320; x_wconf 88' lang='lat' dir='ltr'><strong>accedendum</strong></span> <span class='ocrx_word' id='word_1_557' title='bbox 2909 3274 3016 3328; x_wconf 86' lang='lat' dir='ltr'><strong>est,</strong></span> <span class='ocrx_word' id='word_1_558' title='bbox 3061 3264 3403 3333; x_wconf 87' lang='lat' dir='ltr'><strong>perlicimus.</strong></span> 
     </span>
    </p>
   </div>
   <div class='ocr_carea' id='block_1_79' title="bbox 1960 3509 3480 3580">
    <p class='ocr_par' dir='ltr' id='par_1_79' title="bbox 1960 3509 3480 3580">
     <span class='ocr_line' id='line_1_79' title="bbox 1960 3509 3480 3580; baseline -0.003 -14"><span class='ocrx_word' id='word_1_559' title='bbox 1960 3514 2028 3567; x_wconf 88' lang='lat' dir='ltr'><strong>Et</strong></span> <span class='ocrx_word' id='word_1_560' title='bbox 2055 3513 2209 3565; x_wconf 81' lang='lat' dir='ltr'><strong>multi</strong></span> <span class='ocrx_word' id='word_1_561' title='bbox 2236 3512 2462 3580; x_wconf 86' lang='lat' dir='ltr'><strong>quidem</strong></span> <span class='ocrx_word' id='word_1_562' title='bbox 2507 3526 2616 3564; x_wconf 91' lang='lat' dir='ltr'><strong>non</strong></span> <span class='ocrx_word' id='word_1_563' title='bbox 2670 3510 2925 3564; x_wconf 87' lang='lat' dir='ltr'><strong>laborant</strong></span> <span class='ocrx_word' id='word_1_564' title='bbox 2969 3525 3076 3577; x_wconf 92' lang='lat' dir='ltr'><strong>qua</strong></span> <span class='ocrx_word' id='word_1_565' title='bbox 3134 3509 3374 3578; x_wconf 83' lang='lat' dir='ltr'><strong>puritate</strong></span> <span class='ocrx_word' id='word_1_566' title='bbox 3421 3518 3480 3562; x_wconf 89' lang='lat' dir='ltr'><strong>et</strong></span> 
     </span>
    </p>
   </div>
   <div class='ocr_carea' id='block_1_80' title="bbox 1887 3601 3479 3674">
    <p class='ocr_par' dir='ltr' id='par_1_80' title="bbox 1887 3601 3479 3674">
     <span class='ocr_line' id='line_1_80' title="bbox 1887 3601 3479 3674; baseline -0.001 -18"><span class='ocrx_word' id='word_1_567' title='bbox 1887 3606 2208 3674; x_wconf 69' lang='lat' dir='ltr'><strong>pmnitentia</strong></span> <span class='ocrx_word' id='word_1_568' title='bbox 2233 3606 2297 3657; x_wconf 92' lang='lat' dir='ltr'><strong>ad</strong></span> <span class='ocrx_word' id='word_1_569' title='bbox 2323 3621 2535 3658; x_wconf 89' lang='lat' dir='ltr'><strong>sacram</strong></span> <span class='ocrx_word' id='word_1_570' title='bbox 2561 3619 2809 3656; x_wconf 77' lang='lat' dir='ltr'><strong>mensam</strong></span> <span class='ocrx_word' id='word_1_571' title='bbox 2860 3603 3082 3665; x_wconf 87' lang='lat' dir='ltr'><strong>adeant,</strong></span> <span class='ocrx_word' id='word_1_572' title='bbox 3130 3601 3225 3654; x_wconf 88' lang='lat' dir='ltr'><strong>sed</strong></span> <span class='ocrx_word' id='word_1_573' title='bbox 3273 3601 3479 3670; x_wconf 87' lang='lat' dir='ltr'><strong>quibus</strong></span> 
     </span>
    </p>
   </div>
   <div class='ocr_carea' id='block_1_81' title="bbox 1885 3691 3470 3762">
    <p class='ocr_par' dir='ltr' id='par_1_81' title="bbox 1885 3691 3470 3762">
     <span class='ocr_line' id='line_1_81' title="bbox 1885 3691 3470 3762; baseline -0.005 -11"><span class='ocrx_word' id='word_1_574' title='bbox 1885 3699 2232 3752; x_wconf 87' lang='lat' dir='ltr'><strong>vestimentis</strong></span> <span class='ocrx_word' id='word_1_575' title='bbox 2251 3705 2618 3750; x_wconf 73' lang='lat' dir='ltr'><strong>exornentur.</strong></span> <span class='ocrx_word' id='word_1_576' title='bbox 2638 3695 2768 3755; x_wconf 88' lang='lat' dir='ltr'><strong>Alii,</strong></span> <span class='ocrx_word' id='word_1_577' title='bbox 2803 3695 2896 3762; x_wconf 90' lang='lat' dir='ltr'><strong>qui</strong></span> <span class='ocrx_word' id='word_1_578' title='bbox 2956 3694 3208 3756; x_wconf 81' lang='lat' dir='ltr'><strong>veniunt,</strong></span> <span class='ocrx_word' id='word_1_579' title='bbox 3242 3708 3353 3744; x_wconf 90' lang='lat' dir='ltr'><strong>non</strong></span> <span class='ocrx_word' id='word_1_580' title='bbox 3382 3691 3470 3744; x_wconf 90' lang='lat' dir='ltr'><strong>di-</strong></span> 
     </span>
    </p>
   </div>
   <div class='ocr_carea' id='block_1_82' title="bbox 1886 3781 3480 3859">
    <p class='ocr_par' dir='ltr' id='par_1_82' title="bbox 1886 3781 3480 3859">
     <span class='ocr_line' id='line_1_82' title="bbox 1886 3781 3480 3859; baseline -0.005 -17"><span class='ocrx_word' id='word_1_581' title='bbox 1886 3799 2124 3859; x_wconf 86' lang='lat' dir='ltr'><strong>gnantur</strong></span> <span class='ocrx_word' id='word_1_582' title='bbox 2156 3805 2330 3856; x_wconf 87' lang='lat' dir='ltr'><strong>usque</strong></span> <span class='ocrx_word' id='word_1_583' title='bbox 2361 3788 2428 3840; x_wconf 88' lang='lat' dir='ltr'><strong>ad</strong></span> <span class='ocrx_word' id='word_1_584' title='bbox 2477 3787 2641 3839; x_wconf 87' lang='lat' dir='ltr'><strong>finem</strong></span> <span class='ocrx_word' id='word_1_585' title='bbox 2668 3786 2884 3847; x_wconf 88' lang='lat' dir='ltr'><strong>adesse,</strong></span> <span class='ocrx_word' id='word_1_586' title='bbox 2921 3786 3016 3838; x_wconf 91' lang='lat' dir='ltr'><strong>sed</strong></span> <span class='ocrx_word' id='word_1_587' title='bbox 3074 3799 3173 3852; x_wconf 89' lang='lat' dir='ltr'><strong>per</strong></span> <span class='ocrx_word' id='word_1_588' title='bbox 3224 3783 3362 3837; x_wconf 86' lang='lat' dir='ltr'><strong>alios</strong></span> <span class='ocrx_word' id='word_1_589' title='bbox 3395 3781 3480 3835; x_wconf 89' lang='lat' dir='ltr'><strong>in-</strong></span> 
     </span>
    </p>
   </div>
   <div class='ocr_carea' id='block_1_83' title="bbox 1886 3877 3477 3950">
    <p class='ocr_par' dir='ltr' id='par_1_83' title="bbox 1886 3877 3477 3950">
     <span class='ocr_line' id='line_1_83' title="bbox 1886 3877 3477 3950; baseline -0.005 -17"><span class='ocrx_word' id='word_1_590' title='bbox 1886 3890 2167 3949; x_wconf 88' lang='lat' dir='ltr'><strong>terrogant</strong></span> <span class='ocrx_word' id='word_1_591' title='bbox 2202 3880 2466 3948; x_wconf 86' lang='lat' dir='ltr'><strong>quidnam</strong></span> <span class='ocrx_word' id='word_1_592' title='bbox 2496 3879 2549 3931; x_wconf 93' lang='lat' dir='ltr'><strong>in</strong></span> <span class='ocrx_word' id='word_1_593' title='bbox 2583 3877 2784 3948; x_wconf 80' lang='lat' dir='ltr'><strong>Synaxi</strong></span> <span class='ocrx_word' id='word_1_594' title='bbox 2824 3887 3038 3944; x_wconf 87' lang='lat' dir='ltr'><strong>agatur,</strong></span> <span class='ocrx_word' id='word_1_595' title='bbox 3087 3885 3142 3927; x_wconf 89' lang='lat' dir='ltr'><strong>et</strong></span> <span class='ocrx_word' id='word_1_596' title='bbox 3182 3891 3312 3950; x_wconf 91' lang='lat' dir='ltr'><strong>num</strong></span> <span class='ocrx_word' id='word_1_597' title='bbox 3337 3885 3477 3929; x_wconf 86' lang='lat' dir='ltr'><strong>tem-</strong></span> 
     </span>
    </p>
   </div>
   <div class='ocr_carea' id='block_1_84' title="bbox 1885 3968 3480 4038">
    <p class='ocr_par' dir='ltr' id='par_1_84' title="bbox 1885 3968 3480 4038">
     <span class='ocr_line' id='line_1_84' title="bbox 1885 3968 3480 4038; baseline -0.004 -15"><span class='ocrx_word' id='word_1_598' title='bbox 1885 3986 1989 4038; x_wconf 88' lang='lat' dir='ltr'><strong>pus</strong></span> <span class='ocrx_word' id='word_1_599' title='bbox 2009 3969 2432 4023; x_wconf 87' lang='lat' dir='ltr'><strong>Communionis</strong></span> <span class='ocrx_word' id='word_1_600' title='bbox 2467 3968 2614 4021; x_wconf 90' lang='lat' dir='ltr'><strong>adsit</strong></span> <span class='ocrx_word' id='word_1_601' title='bbox 2657 3984 2668 4018; x_wconf 92' lang='lat'><strong>:</strong></span> <span class='ocrx_word' id='word_1_602' title='bbox 2718 3975 2774 4020; x_wconf 91' lang='lat' dir='ltr'><strong>et</strong></span> <span class='ocrx_word' id='word_1_603' title='bbox 2806 3975 2940 4019; x_wconf 91' lang='lat' dir='ltr'><strong>tunc</strong></span> <span class='ocrx_word' id='word_1_604' title='bbox 2985 3981 3357 4033; x_wconf 67' lang='lat' dir='ltr'><strong>prmproperc,</strong></span> <span class='ocrx_word' id='word_1_605' title='bbox 3387 3980 3480 4018; x_wconf 87' lang='lat' dir='ltr'><strong>ca—</strong></span> 
     </span>
    </p>
   </div>
   <div class='ocr_carea' id='block_1_85' title="bbox 1885 4059 3479 4127">
    <p class='ocr_par' dir='ltr' id='par_1_85' title="bbox 1885 4059 3479 4127">
     <span class='ocr_line' id='line_1_85' title="bbox 1885 4059 3479 4127; baseline -0.003 -14"><span class='ocrx_word' id='word_1_606' title='bbox 1885 4076 2020 4113; x_wconf 73' lang='lat' dir='ltr'><strong>nam</strong></span> <span class='ocrx_word' id='word_1_607' title='bbox 2079 4062 2274 4123; x_wconf 84' lang='lat' dir='ltr'><strong>instar,</strong></span> <span class='ocrx_word' id='word_1_608' title='bbox 2331 4060 2609 4121; x_wconf 89' lang='lat' dir='ltr'><strong>insiliunt,</strong></span> <span class='ocrx_word' id='word_1_609' title='bbox 2652 4068 2711 4112; x_wconf 92' lang='lat' dir='ltr'><strong>ct</strong></span> <span class='ocrx_word' id='word_1_610' title='bbox 2742 4073 2886 4126; x_wconf 90' lang='lat' dir='ltr'><strong>pane</strong></span> <span class='ocrx_word' id='word_1_611' title='bbox 2920 4059 3154 4127; x_wconf 77' lang='lat' dir='ltr'><strong>mystico</strong></span> <span class='ocrx_word' id='word_1_612' title='bbox 3199 4065 3360 4124; x_wconf 87' lang='lat' dir='ltr'><strong>rapto</strong></span> <span class='ocrx_word' id='word_1_613' title='bbox 3384 4072 3479 4109; x_wconf 81' lang='lat' dir='ltr'><strong>ex-</strong></span> 
     </span>
    </p>
   </div>
   <div class='ocr_carea' id='block_1_86' title="bbox 1886 4148 3482 4218">
    <p class='ocr_par' dir='ltr' id='par_1_86' title="bbox 1886 4148 3482 4218">
     <span class='ocr_line' id='line_1_86' title="bbox 1886 4148 3482 4218; baseline -0.003 -14"><span class='ocrx_word' id='word_1_614' title='bbox 1886 4160 2041 4204; x_wconf 89' lang='lat' dir='ltr'><strong>eunt.</strong></span> <span class='ocrx_word' id='word_1_615' title='bbox 2071 4151 2176 4203; x_wconf 86' lang='lat' dir='ltr'><strong>Alii</strong></span> <span class='ocrx_word' id='word_1_616' title='bbox 2217 4152 2271 4203; x_wconf 93' lang='lat' dir='ltr'><strong>in</strong></span> <span class='ocrx_word' id='word_1_617' title='bbox 2308 4151 2514 4218; x_wconf 88' lang='lat' dir='ltr'><strong>templo</strong></span> <span class='ocrx_word' id='word_1_618' title='bbox 2546 4150 2642 4202; x_wconf 89' lang='lat' dir='ltr'><strong>Dei</strong></span> <span class='ocrx_word' id='word_1_619' title='bbox 2686 4157 3009 4217; x_wconf 77' lang='lat' dir='ltr'><strong>pnesentes,</strong></span> <span class='ocrx_word' id='word_1_620' title='bbox 3070 4163 3138 4201; x_wconf 92' lang='lat' dir='ltr'><strong>ne</strong></span> <span class='ocrx_word' id='word_1_621' title='bbox 3209 4163 3318 4200; x_wconf 91' lang='lat' dir='ltr'><strong>una</strong></span> <span class='ocrx_word' id='word_1_622' title='bbox 3356 4148 3482 4215; x_wconf 89' lang='lat' dir='ltr'><strong>qui-</strong></span> 
     </span>
    </p>
   </div>
   <div class='ocr_carea' id='block_1_87' title="bbox 1888 4238 3473 4309">
    <p class='ocr_par' dir='ltr' id='par_1_87' title="bbox 1888 4238 3473 4309">
     <span class='ocr_line' id='line_1_87' title="bbox 1888 4238 3473 4309; baseline -0.003 -14"><span class='ocrx_word' id='word_1_623' title='bbox 1888 4243 2012 4295; x_wconf 91' lang='lat' dir='ltr'><strong>dem</strong></span> <span class='ocrx_word' id='word_1_624' title='bbox 2049 4243 2183 4295; x_wconf 82' lang='lat' dir='ltr'><strong>liora</strong></span> <span class='ocrx_word' id='word_1_625' title='bbox 2208 4242 2528 4309; x_wconf 90' lang='lat' dir='ltr'><strong>quiescunt,</strong></span> <span class='ocrx_word' id='word_1_626' title='bbox 2559 4240 2766 4294; x_wconf 91' lang='lat' dir='ltr'><strong>mutuis</strong></span> <span class='ocrx_word' id='word_1_627' title='bbox 2816 4240 3112 4307; x_wconf 90' lang='lat' dir='ltr'><strong>colloquiis</strong></span> <span class='ocrx_word' id='word_1_628' title='bbox 3175 4238 3473 4303; x_wconf 85' lang='lat' dir='ltr'><strong>institutis,</strong></span> 
     </span>
    </p>
   </div>
   <div class='ocr_carea' id='block_1_88' title="bbox 1889 4329 3478 4400">
    <p class='ocr_par' dir='ltr' id='par_1_88' title="bbox 1889 4329 3478 4400">
     <span class='ocr_line' id='line_1_88' title="bbox 1889 4329 3478 4400; baseline -0.002 -14"><span class='ocrx_word' id='word_1_629' title='bbox 1889 4332 2438 4386; x_wconf 78' lang='lat' dir='ltr'><strong>confabulationibus</strong></span> <span class='ocrx_word' id='word_1_630' title='bbox 2489 4331 2664 4400; x_wconf 82' lang='lat' dir='ltr'><strong>magis</strong></span> <span class='ocrx_word' id='word_1_631' title='bbox 2720 4347 2886 4399; x_wconf 91' lang='lat' dir='ltr'><strong>quam</strong></span> <span class='ocrx_word' id='word_1_632' title='bbox 2939 4331 3199 4399; x_wconf 88' lang='lat' dir='ltr'><strong>precibus</strong></span> <span class='ocrx_word' id='word_1_633' title='bbox 3249 4329 3478 4383; x_wconf 88' lang='lat' dir='ltr'><strong>intenti.</strong></span> 
     </span>
    </p>
   </div>
   <div class='ocr_carea' id='block_1_89' title="bbox 1889 4422 3481 4491">
    <p class='ocr_par' dir='ltr' id='par_1_89' title="bbox 1889 4422 3481 4491">
     <span class='ocr_line' id='line_1_89' title="bbox 1889 4422 3481 4491; baseline -0.003 -15"><span class='ocrx_word' id='word_1_634' title='bbox 1889 4423 1994 4477; x_wconf 80' lang='lat' dir='ltr'><strong>Alii</strong></span> <span class='ocrx_word' id='word_1_635' title='bbox 2032 4425 2220 4477; x_wconf 84' lang='lat' dir='ltr'><strong>relicta</strong></span> <span class='ocrx_word' id='word_1_636' title='bbox 2241 4439 2396 4477; x_wconf 89' lang='lat' dir='ltr'><strong>sacra</strong></span> <span class='ocrx_word' id='word_1_637' title='bbox 2424 4422 2672 4491; x_wconf 81' lang='lat' dir='ltr'><strong>Liturgia</strong></span> <span class='ocrx_word' id='word_1_638' title='bbox 2694 4438 2793 4476; x_wconf 87' lang='lat' dir='ltr'><strong>seu</strong></span> <span class='ocrx_word' id='word_1_639' title='bbox 2814 4423 2998 4483; x_wconf 82' lang='lat' dir='ltr'><strong>Missa,</strong></span> <span class='ocrx_word' id='word_1_640' title='bbox 3021 4423 3206 4476; x_wconf 88' lang='lat' dir='ltr'><strong>carnis</strong></span> <span class='ocrx_word' id='word_1_641' title='bbox 3228 4423 3481 4490; x_wconf 84' lang='lat' dir='ltr'><strong>volupta-</strong></span> 
     </span>
    </p>
   </div>
   <div class='ocr_carea' id='block_1_90' title="bbox 193 4508 1787 4588">
    <p class='ocr_par' dir='ltr' id='par_1_90' title="bbox 193 4508 1782 4588">
     <span class='ocr_line' id='line_1_90' title="bbox 193 4508 1782 4588; baseline -0.007 -18"><span class='ocrx_word' id='word_1_642' title='bbox 193 4517 296 4588; x_wconf 79' lang='grc' dir='ltr'><strong>τὴν</strong></span> <span class='ocrx_word' id='word_1_643' title='bbox 349 4514 744 4584; x_wconf 78' lang='grc' dir='ltr'><strong>μυσταγωγίαν</strong></span> <span class='ocrx_word' id='word_1_644' title='bbox 793 4515 894 4581; x_wconf 80' lang='grc' dir='ltr'><strong>τῆς</strong></span> <span class='ocrx_word' id='word_1_645' title='bbox 940 4513 1090 4575; x_wconf 87' lang='grc' dir='ltr'><strong>θείας</strong></span> <span class='ocrx_word' id='word_1_646' title='bbox 1139 4511 1485 4578; x_wconf 84' lang='grc' dir='ltr'><strong>λειτουργίας</strong></span> <span class='ocrx_word' id='word_1_647' title='bbox 1528 4508 1782 4563; x_wconf 87' lang='grc' dir='ltr'><strong>καταλεί-</strong></span> 
     </span>
    </p>
   </div>
   <div class='ocr_carea' id='block_1_91' title="bbox 1888 4508 3480 4588">
    <p class='ocr_par' dir='ltr' id='par_1_91' title="bbox 1893 4513 3480 4582">
     <span class='ocr_line' id='line_1_91' title="bbox 1893 4513 3480 4582; baseline -0.001 -14"><span class='ocrx_word' id='word_1_648' title='bbox 1893 4516 2038 4568; x_wconf 88' lang='lat' dir='ltr'><strong>tibus</strong></span> <span class='ocrx_word' id='word_1_649' title='bbox 2085 4529 2208 4568; x_wconf 88' lang='lat' dir='ltr'><strong>sese</strong></span> <span class='ocrx_word' id='word_1_650' title='bbox 2233 4514 2463 4567; x_wconf 89' lang='lat' dir='ltr'><strong>dedunt.</strong></span> <span class='ocrx_word' id='word_1_651' title='bbox 2499 4513 2605 4566; x_wconf 86' lang='lat' dir='ltr'><strong>Alii</strong></span> <span class='ocrx_word' id='word_1_652' title='bbox 2670 4514 2809 4567; x_wconf 92' lang='lat' dir='ltr'><strong>nihil</strong></span> <span class='ocrx_word' id='word_1_653' title='bbox 2859 4530 3010 4567; x_wconf 73' lang='lat' dir='ltr'><strong>cura:</strong></span> <span class='ocrx_word' id='word_1_654' title='bbox 3037 4523 3094 4567; x_wconf 89' lang='lat' dir='ltr'><strong>et</strong></span> <span class='ocrx_word' id='word_1_655' title='bbox 3143 4529 3324 4582; x_wconf 80' lang='lat' dir='ltr'><strong>opera:</strong></span> <span class='ocrx_word' id='word_1_656' title='bbox 3366 4529 3480 4566; x_wconf 80' lang='lat' dir='ltr'><strong>sme</strong></span> 
     </span>
    </p>
   </div>
   <div class='ocr_carea' id='block_1_92' title="bbox 194 4603 1782 4678">
    <p class='ocr_par' dir='ltr' id='par_1_92' title="bbox 194 4603 1782 4678">
     <span class='ocr_line' id='line_1_92' title="bbox 194 4603 1782 4678; baseline -0.004 -18"><span class='ocrx_word' id='word_1_657' title='bbox 194 4610 400 4678; x_wconf 72' lang='grc' dir='ltr'><strong>ψαντες</strong></span> <span class='ocrx_word' id='word_1_658' title='bbox 425 4650 438 4668; x_wconf 90' lang='grc'><strong>,</strong></span> <span class='ocrx_word' id='word_1_659' title='bbox 493 4607 631 4674; x_wconf 72' lang='grc' dir='ltr'><strong>πρδς</strong></span> <span class='ocrx_word' id='word_1_660' title='bbox 667 4606 765 4665; x_wconf 72' lang='grc' dir='ltr'><strong>τὰς</strong></span> <span class='ocrx_word' id='word_1_661' title='bbox 807 4605 908 4672; x_wconf 84' lang='grc' dir='ltr'><strong>τῆς</strong></span> <span class='ocrx_word' id='word_1_662' title='bbox 949 4605 1153 4672; x_wconf 84' lang='grc' dir='ltr'><strong>σαρκὸς</strong></span> <span class='ocrx_word' id='word_1_663' title='bbox 1196 4604 1393 4674; x_wconf 79' lang='grc' dir='ltr'><strong>ἡδονὰς</strong></span> <span class='ocrx_word' id='word_1_664' title='bbox 1438 4603 1668 4662; x_wconf 71' lang='grc' dir='ltr'><strong>ἑαυτοὺς</strong></span> <span class='ocrx_word' id='word_1_665' title='bbox 1690 4604 1782 4653; x_wconf 80' lang='grc' dir='ltr'><strong>ἐκ·</strong></span> 
     </span>
    </p>
   </div>
   <div class='ocr_carea' id='block_1_93' title="bbox 197 4693 1784 4762">
    <p class='ocr_par' dir='ltr' id='par_1_93' title="bbox 197 4693 1784 4762">
     <span class='ocr_line' id='line_1_93' title="bbox 197 4693 1784 4762; baseline -0.004 -12"><span class='ocrx_word' id='word_1_666' title='bbox 197 4697 457 4750; x_wconf 79' lang='grc' dir='ltr'><strong>διδόασιν.</strong></span> <span class='ocrx_word' id='word_1_667' title='bbox 530 4694 714 4746; x_wconf 74' lang='grc' dir='ltr'><strong>’Ἄλλοι</strong></span> <span class='ocrx_word' id='word_1_668' title='bbox 772 4695 834 4745; x_wconf 72' lang='grc' dir='ltr'><strong>οὐ</strong></span> <span class='ocrx_word' id='word_1_669' title='bbox 896 4693 1220 4762; x_wconf 77' lang='grc' dir='ltr'><strong>σχολάζουσι</strong></span> <span class='ocrx_word' id='word_1_670' title='bbox 1302 4695 1397 4744; x_wconf 70' lang='grc' dir='ltr'><strong>καὶ</strong></span> <span class='ocrx_word' id='word_1_671' title='bbox 1454 4694 1784 4762; x_wconf 78' lang='grc' dir='ltr'><strong>προσέχουσι</strong></span> 
     </span>
    </p>
   </div>
   <div class='ocr_carea' id='block_1_94' title="bbox 197 4783 1787 4858">
    <p class='ocr_par' dir='ltr' id='par_1_94' title="bbox 197 4783 1787 4858">
     <span class='ocr_line' id='line_1_94' title="bbox 197 4783 1787 4858; baseline -0.004 -16"><span class='ocrx_word' id='word_1_672' title='bbox 197 4789 277 4858; x_wconf 84' lang='grc' dir='ltr'><strong>τῷ</strong></span> <span class='ocrx_word' id='word_1_673' title='bbox 322 4787 537 4842; x_wconf 79' lang='grc' dir='ltr'><strong>ἑαυτῶν</strong></span> <span class='ocrx_word' id='word_1_674' title='bbox 579 4786 866 4848; x_wconf 80' lang='grc' dir='ltr'><strong>συνειδότι,</strong></span> <span class='ocrx_word' id='word_1_675' title='bbox 924 4785 1281 4855; x_wconf 83' lang='grc' dir='ltr'><strong>καθαίροντες</strong></span> <span class='ocrx_word' id='word_1_676' title='bbox 1327 4784 1424 4837; x_wconf 76' lang='grc' dir='ltr'><strong>τοῦ</strong></span> <span class='ocrx_word' id='word_1_677' title='bbox 1466 4783 1641 4853; x_wconf 77' lang='grc' dir='ltr'><strong>ῥύπου</strong></span> <span class='ocrx_word' id='word_1_678' title='bbox 1679 4785 1787 4838; x_wconf 86' lang='grc' dir='ltr'><strong>τῶν</strong></span> 
     </span>
    </p>
   </div>
   <div class='ocr_carea' id='block_1_95' title="bbox 1892 4603 3480 4674">
    <p class='ocr_par' dir='ltr' id='par_1_95' title="bbox 1892 4603 3480 4674">
     <span class='ocr_line' id='line_1_95' title="bbox 1892 4603 3480 4674; baseline -0.002 -15"><span class='ocrx_word' id='word_1_679' title='bbox 1892 4606 2242 4660; x_wconf 77' lang='lat' dir='ltr'><strong>conscientia:</strong></span> <span class='ocrx_word' id='word_1_680' title='bbox 2279 4605 2632 4674; x_wconf 87' lang='lat' dir='ltr'><strong>impendunt,</strong></span> <span class='ocrx_word' id='word_1_681' title='bbox 2666 4615 2783 4658; x_wconf 90' lang='lat' dir='ltr'><strong>uta</strong></span> <span class='ocrx_word' id='word_1_682' title='bbox 2820 4615 3180 4674; x_wconf 88' lang='lat' dir='ltr'><strong>peccatorum</strong></span> <span class='ocrx_word' id='word_1_683' title='bbox 3218 4603 3480 4658; x_wconf 84' lang='lat' dir='ltr'><strong>sordibus</strong></span> 
     </span>
    </p>
   </div>
   <div class='ocr_carea' id='block_1_96' title="bbox 1892 4695 3477 4766">
    <p class='ocr_par' dir='ltr' id='par_1_96' title="bbox 1892 4695 3477 4766">
     <span class='ocr_line' id='line_1_96' title="bbox 1892 4695 3477 4766; baseline -0.003 -16"><span class='ocrx_word' id='word_1_684' title='bbox 1892 4705 2233 4766; x_wconf 77' lang='lat' dir='ltr'><strong>cxpurgetur</strong></span> <span class='ocrx_word' id='word_1_685' title='bbox 2279 4711 2375 4764; x_wconf 91' lang='lat' dir='ltr'><strong>per</strong></span> <span class='ocrx_word' id='word_1_686' title='bbox 2403 4696 2825 4764; x_wconf 68' lang='lat' dir='ltr'><strong>paenitentiam;</strong></span> <span class='ocrx_word' id='word_1_687' title='bbox 2855 4695 2950 4749; x_wconf 89' lang='lat' dir='ltr'><strong>sed</strong></span> <span class='ocrx_word' id='word_1_688' title='bbox 3014 4697 3170 4764; x_wconf 88' lang='lat' dir='ltr'><strong>plura</strong></span> <span class='ocrx_word' id='word_1_689' title='bbox 3218 4705 3477 4764; x_wconf 90' lang='lat' dir='ltr'><strong>peccato-</strong></span> 
     </span>
    </p>
   </div>
   <div class='ocr_carea' id='block_1_97' title="bbox 1894 4787 3477 4856">
    <p class='ocr_par' dir='ltr' id='par_1_97' title="bbox 1894 4787 3477 4856">
     <span class='ocr_line' id='line_1_97' title="bbox 1894 4787 3477 4856; baseline -0.001 -16"><span class='ocrx_word' id='word_1_690' title='bbox 1894 4803 2016 4842; x_wconf 88' lang='lat' dir='ltr'><strong>rum</strong></span> <span class='ocrx_word' id='word_1_691' title='bbox 2048 4803 2219 4841; x_wconf 90' lang='lat' dir='ltr'><strong>oncra</strong></span> <span class='ocrx_word' id='word_1_692' title='bbox 2249 4787 2355 4840; x_wconf 92' lang='lat' dir='ltr'><strong>sibi</strong></span> <span class='ocrx_word' id='word_1_693' title='bbox 2409 4795 2786 4856; x_wconf 89' lang='lat' dir='ltr'><strong>comportant,</strong></span> <span class='ocrx_word' id='word_1_694' title='bbox 2835 4787 2968 4841; x_wconf 92' lang='lat' dir='ltr'><strong>dum</strong></span> <span class='ocrx_word' id='word_1_695' title='bbox 3002 4787 3477 4856; x_wconf 91' lang='lat' dir='ltr'><strong>pulchritudinem</strong></span> 
     </span>
    </p>
   </div>
   <div class='ocr_carea' id='block_1_98' title="bbox 1493 4897 2188 4956">
    <p class='ocr_par' dir='ltr' id='par_1_98' title="bbox 1493 4897 2188 4956">
     <span class='ocr_line' id='line_1_98' title="bbox 1493 4897 2188 4956; baseline 0.009 -6"><span class='ocrx_word' id='word_1_696' title='bbox 1493 4897 1730 4952; x_wconf 67' lang='lat' dir='ltr'><strong>VARl/E</strong></span> <span class='ocrx_word' id='word_1_697' title='bbox 1781 4900 2188 4956; x_wconf 79' lang='lat' dir='ltr'><strong>LECTIONES.</strong></span> 
     </span>
    </p>
   </div>
   <div class='ocr_carea' id='block_1_99' title="bbox 270 4988 1380 5060">
    <p class='ocr_par' dir='ltr' id='par_1_99' title="bbox 270 4988 1380 5060">
     <span class='ocr_line' id='line_1_99' title="bbox 270 4988 1380 5060; baseline -0.001 -17"><span class='ocrx_word' id='word_1_698' title='bbox 270 4990 301 5030; x_wconf 71' lang='grc' dir='ltr'><em>ά</em></span> <span class='ocrx_word' id='word_1_699' title='bbox 339 4991 500 5043; x_wconf 87' lang='lat' dir='ltr'><strong>Basu.</strong></span> <span class='ocrx_word' id='word_1_700' title='bbox 531 4997 587 5042; x_wconf 90' lang='lat' dir='ltr'><strong>et</strong></span> <span class='ocrx_word' id='word_1_701' title='bbox 619 4988 869 5043; x_wconf 89' lang='lat' dir='ltr'><strong>Combcf.</strong></span> <span class='ocrx_word' id='word_1_702' title='bbox 903 4990 1201 5060; x_wconf 79' lang='grc' dir='ltr'><strong>περικοπὴν</strong></span> <span class='ocrx_word' id='word_1_703' title='bbox 1227 4989 1380 5060; x_wconf 74' lang='grc' dir='ltr'><strong>εἴπῃ.</strong></span> 
     </span>
    </p>
   </div>
   <div class='ocr_carea' id='block_1_100' title="bbox 1461 4989 3160 5065">
    <p class='ocr_par' dir='ltr' id='par_1_100' title="bbox 1461 4989 3160 5065">
     <span class='ocr_line' id='line_1_100' title="bbox 1461 4989 3160 5065; baseline 0 -21"><span class='ocrx_word' id='word_1_704' title='bbox 1461 5002 1484 5028; x_wconf 79' lang='grc' dir='ltr'><strong>ε</strong></span> <span class='ocrx_word' id='word_1_705' title='bbox 1504 4989 1641 5044; x_wconf 90' lang='lat' dir='ltr'><strong>Cod.</strong></span> <span class='ocrx_word' id='word_1_706' title='bbox 1670 4991 1802 5060; x_wconf 77' lang='lat' dir='ltr'><strong>Reg.</strong></span> <span class='ocrx_word' id='word_1_707' title='bbox 1840 4993 2354 5065; x_wconf 79' lang='grc' dir='ltr'><strong>καταῦεϐλιμμένῳ.</strong></span> <span class='ocrx_word' id='word_1_708' title='bbox 2387 4993 2642 5049; x_wconf 86' lang='lat' dir='ltr'><strong>Comhef.</strong></span> <span class='ocrx_word' id='word_1_709' title='bbox 2676 4992 3160 5063; x_wconf 72' lang='grc' dir='ltr'><strong>καταϐεϐλημένῳ.</strong></span> 
     </span>
    </p>
   </div>
   <div class='ocr_carea' id='block_1_101' title="bbox 1716 5108 1946 5164">
    <p class='ocr_par' dir='ltr' id='par_1_101' title="bbox 1716 5108 1946 5164">
     <span class='ocr_line' id='line_1_101' title="bbox 1716 5108 1946 5164; baseline 0.013 -3"><span class='ocrx_word' id='word_1_710' title='bbox 1716 5108 1946 5164; x_wconf 63' lang='lat' dir='ltr'><strong>NOTAE.</strong></span> 
     </span>
    </p>
   </div>
   <div class='ocr_carea' id='block_1_102' title="bbox 270 5194 1779 5265">
    <p class='ocr_par' dir='ltr' id='par_1_102' title="bbox 270 5194 1779 5265">
     <span class='ocr_line' id='line_1_102' title="bbox 270 5194 1779 5265; baseline 0.001 -16"><span class='ocrx_word' id='word_1_711' title='bbox 270 5195 352 5265; x_wconf 79' lang='lat'><strong>(&#39;5)</strong></span> <span class='ocrx_word' id='word_1_712' title='bbox 389 5194 641 5265; x_wconf 62' lang='lat' dir='ltr'><strong>Mez&#39;é&#39;gwa</strong></span> <span class='ocrx_word' id='word_1_713' title='bbox 665 5194 1001 5262; x_wconf 77' lang='grc' dir='ltr'><strong>περικοπὴν</strong></span> <span class='ocrx_word' id='word_1_714' title='bbox 1024 5195 1217 5260; x_wconf 77' lang='grc' dir='ltr'><strong>εἴπῃς.</strong></span> <span class='ocrx_word' id='word_1_715' title='bbox 1252 5197 1441 5248; x_wconf 88' lang='lat' dir='ltr'><strong>Putem</strong></span> <span class='ocrx_word' id='word_1_716' title='bbox 1487 5197 1779 5265; x_wconf 85' lang='lat' dir='ltr'><strong>legendum</strong></span> 
     </span>
    </p>
   </div>
   <div class='ocr_carea' id='block_1_103' title="bbox 199 5264 1780 5338">
    <p class='ocr_par' dir='ltr' id='par_1_103' title="bbox 199 5264 1780 5338">
     <span class='ocr_line' id='line_1_103' title="bbox 199 5264 1780 5338; baseline 0 -16"><span class='ocrx_word' id='word_1_717' title='bbox 199 5264 338 5338; x_wconf 68' lang='lat' dir='ltr'><strong>Em.</strong></span> <span class='ocrx_word' id='word_1_718' title='bbox 367 5266 477 5318; x_wconf 74' lang='lat' dir='ltr'><strong>Vox</strong></span> <span class='ocrx_word' id='word_1_719' title='bbox 515 5264 701 5338; x_wconf 69' lang='lat' dir='ltr'><strong>(irama</strong></span> <span class='ocrx_word' id='word_1_720' title='bbox 726 5265 951 5338; x_wconf 83' lang='lat' dir='ltr'><strong>clarior,</strong></span> <span class='ocrx_word' id='word_1_721' title='bbox 1001 5280 1106 5338; x_wconf 82' lang='lat' dir='ltr'><strong>qua</strong></span> <span class='ocrx_word' id='word_1_722' title='bbox 1130 5274 1204 5338; x_wconf 82' lang='lat' dir='ltr'><strong>et</strong></span> <span class='ocrx_word' id='word_1_723' title='bbox 1229 5264 1604 5338; x_wconf 73' lang='lat' dir='ltr'><strong>Hieronymus</strong></span> <span class='ocrx_word' id='word_1_724' title='bbox 1639 5284 1780 5336; x_wconf 66' lang='lat' dir='ltr'><strong>sazpc</strong></span> 
     </span>
    </p>
   </div>
   <div class='ocr_carea' id='block_1_104' title="bbox 203 5334 1778 5405">
    <p class='ocr_par' dir='ltr' id='par_1_104' title="bbox 203 5334 1778 5405">
     <span class='ocr_line' id='line_1_104' title="bbox 203 5334 1778 5405; baseline 0.001 -17"><span class='ocrx_word' id='word_1_725' title='bbox 203 5334 406 5399; x_wconf 81' lang='lat' dir='ltr'><strong>utitur,</strong></span> <span class='ocrx_word' id='word_1_726' title='bbox 442 5343 501 5386; x_wconf 88' lang='lat' dir='ltr'><strong>ut</strong></span> <span class='ocrx_word' id='word_1_727' title='bbox 532 5334 632 5405; x_wconf 85' lang='lat' dir='ltr'><strong>lib.</strong></span> <span class='ocrx_word' id='word_1_728' title='bbox 663 5350 697 5386; x_wconf 87' lang='grc' dir='ltr'><strong>ιι</strong></span> <span class='ocrx_word' id='word_1_729' title='bbox 736 5334 1002 5387; x_wconf 89' lang='lat' dir='ltr'><strong>adversus</strong></span> <span class='ocrx_word' id='word_1_730' title='bbox 1028 5334 1477 5397; x_wconf 84' lang='lat' dir='ltr'><strong>Jovinianum,et</strong></span> <span class='ocrx_word' id='word_1_731' title='bbox 1510 5337 1684 5405; x_wconf 83' lang='lat' dir='ltr'><strong>Epist.</strong></span> <span class='ocrx_word' id='word_1_732' title='bbox 1711 5334 1778 5390; x_wconf 81' lang='lat' dir='ltr'><strong>ad</strong></span> 
     </span>
    </p>
   </div>
   <div class='ocr_carea' id='block_1_105' title="bbox 203 5404 1783 5474">
    <p class='ocr_par' dir='ltr' id='par_1_105' title="bbox 203 5404 1783 5474">
     <span class='ocr_line' id='line_1_105' title="bbox 203 5404 1783 5474; baseline 0 -14"><span class='ocrx_word' id='word_1_733' title='bbox 203 5405 526 5474; x_wconf 77' lang='lat' dir='ltr'><strong>l’ammacli.</strong></span> <span class='ocrx_word' id='word_1_734' title='bbox 552 5404 646 5456; x_wconf 84' lang='lat' dir='ltr'><strong>Est</strong></span> <span class='ocrx_word' id='word_1_735' title='bbox 675 5405 950 5457; x_wconf 85' lang='lat' dir='ltr'><strong>sententia</strong></span> <span class='ocrx_word' id='word_1_736' title='bbox 981 5411 1135 5474; x_wconf 82' lang='lat' dir='ltr'><strong>certo</strong></span> <span class='ocrx_word' id='word_1_737' title='bbox 1155 5406 1366 5458; x_wconf 89' lang='lat' dir='ltr'><strong>ambitu</strong></span> <span class='ocrx_word' id='word_1_738' title='bbox 1420 5408 1783 5474; x_wconf 85' lang='lat' dir='ltr'><strong>comprehen-</strong></span> 
     </span>
    </p>
   </div>
   <div class='ocr_carea' id='block_1_106' title="bbox 203 5473 1780 5543">
    <p class='ocr_par' dir='ltr' id='par_1_106' title="bbox 203 5473 1780 5543">
     <span class='ocr_line' id='line_1_106' title="bbox 203 5473 1780 5543; baseline 0.001 -15"><span class='ocrx_word' id='word_1_739' title='bbox 203 5490 287 5528; x_wconf 86' lang='lat' dir='ltr'><strong>sa.</strong></span> <span class='ocrx_word' id='word_1_740' title='bbox 339 5473 440 5527; x_wconf 79' lang='lat' dir='ltr'><strong>l-lic</strong></span> <span class='ocrx_word' id='word_1_741' title='bbox 479 5474 756 5542; x_wconf 74' lang='grc' dir='ltr'><strong>περικοπή</strong></span> <span class='ocrx_word' id='word_1_742' title='bbox 841 5481 953 5543; x_wconf 84' lang='lat' dir='ltr'><strong>tota</strong></span> <span class='ocrx_word' id='word_1_743' title='bbox 996 5473 1214 5543; x_wconf 81' lang='lat' dir='ltr'><strong>videtur</strong></span> <span class='ocrx_word' id='word_1_744' title='bbox 1271 5473 1562 5543; x_wconf 78' lang='lat' dir='ltr'><strong>Evangelii</strong></span> <span class='ocrx_word' id='word_1_745' title='bbox 1617 5477 1780 5530; x_wconf 89' lang='lat' dir='ltr'><strong>lectio</strong></span> 
     </span>
    </p>
   </div>
   <div class='ocr_carea' id='block_1_107' title="bbox 205 5541 1778 5615">
    <p class='ocr_par' dir='ltr' id='par_1_107' title="bbox 205 5541 1778 5615">
     <span class='ocr_line' id='line_1_107' title="bbox 205 5541 1778 5615; baseline 0.001 -20"><span class='ocrx_word' id='word_1_746' title='bbox 205 5543 518 5615; x_wconf 67' lang='lat' dir='ltr'><strong>reeitanda,</strong></span> <span class='ocrx_word' id='word_1_747' title='bbox 569 5557 692 5610; x_wconf 71' lang='lat' dir='ltr'><strong>quae</strong></span> <span class='ocrx_word' id='word_1_748' title='bbox 739 5541 826 5615; x_wconf 68' lang='lat' dir='ltr'><strong>vel</strong></span> <span class='ocrx_word' id='word_1_749' title='bbox 880 5541 1102 5595; x_wconf 89' lang='lat' dir='ltr'><strong>brevior</strong></span> <span class='ocrx_word' id='word_1_750' title='bbox 1148 5545 1233 5597; x_wconf 87' lang='lat' dir='ltr'><strong>vel</strong></span> <span class='ocrx_word' id='word_1_751' title='bbox 1268 5541 1482 5615; x_wconf 67' lang='lat' dir='ltr'><strong>longidr</strong></span> <span class='ocrx_word' id='word_1_752' title='bbox 1518 5560 1641 5598; x_wconf 90' lang='lat' dir='ltr'><strong>esse</strong></span> <span class='ocrx_word' id='word_1_753' title='bbox 1679 5563 1778 5615; x_wconf 88' lang='lat' dir='ltr'><strong>po-</strong></span> 
     </span>
    </p>
   </div>
   <div class='ocr_carea' id='block_1_108' title="bbox 210 5611 1778 5674">
    <p class='ocr_par' dir='ltr' id='par_1_108' title="bbox 210 5611 1778 5674">
     <span class='ocr_line' id='line_1_108' title="bbox 210 5611 1778 5674; baseline 0.003 -11"><span class='ocrx_word' id='word_1_754' title='bbox 210 5622 336 5668; x_wconf 89' lang='lat' dir='ltr'><strong>test.</strong></span> <span class='ocrx_word' id='word_1_755' title='bbox 389 5613 552 5666; x_wconf 83' lang='lat' dir='ltr'><strong>Edita</strong></span> <span class='ocrx_word' id='word_1_756' title='bbox 592 5611 856 5665; x_wconf 87' lang='lat' dir='ltr'><strong>mendosa</strong></span> <span class='ocrx_word' id='word_1_757' title='bbox 904 5621 1055 5674; x_wconf 90' lang='lat' dir='ltr'><strong>sunt,</strong></span> <span class='ocrx_word' id='word_1_758' title='bbox 1101 5621 1160 5665; x_wconf 91' lang='lat' dir='ltr'><strong>ut</strong></span> <span class='ocrx_word' id='word_1_759' title='bbox 1206 5614 1331 5667; x_wconf 89' lang='lat' dir='ltr'><strong>aliis</strong></span> <span class='ocrx_word' id='word_1_760' title='bbox 1370 5611 1569 5668; x_wconf 76' lang='lat' dir='ltr'><strong>inultis</strong></span> <span class='ocrx_word' id='word_1_761' title='bbox 1619 5611 1778 5670; x_wconf 76' lang='lat' dir='ltr'><strong>locis.</strong></span> 
     </span>
    </p>
   </div>
   <div class='ocr_carea' id='block_1_109' title="bbox 207 5683 489 5738">
    <p class='ocr_par' dir='ltr' id='par_1_109' title="bbox 207 5683 489 5738">
     <span class='ocr_line' id='line_1_109' title="bbox 207 5683 489 5738; baseline 0 -4"><span class='ocrx_word' id='word_1_762' title='bbox 207 5683 489 5738; x_wconf 70' lang='lat' dir='ltr'><strong>(lunaris.</strong></span> 
     </span>
    </p>
   </div>
   <div class='ocr_carea' id='block_1_110' title="bbox 281 5751 1780 5821">
    <p class='ocr_par' dir='ltr' id='par_1_110' title="bbox 281 5751 1780 5821">
     <span class='ocr_line' id='line_1_110' title="bbox 281 5751 1780 5821; baseline -0.001 -15"><span class='ocrx_word' id='word_1_763' title='bbox 281 5755 356 5821; x_wconf 70' lang='grc'><strong>(4)</strong></span> <span class='ocrx_word' id='word_1_764' title='bbox 400 5751 618 5806; x_wconf 83' lang='lat' dir='ltr'><strong>Habent</strong></span> <span class='ocrx_word' id='word_1_765' title='bbox 659 5762 766 5805; x_wconf 87' lang='lat' dir='ltr'><strong>tam</strong></span> <span class='ocrx_word' id='word_1_766' title='bbox 811 5751 960 5805; x_wconf 91' lang='lat' dir='ltr'><strong>edita</strong></span> <span class='ocrx_word' id='word_1_767' title='bbox 1003 5765 1167 5818; x_wconf 89' lang='lat' dir='ltr'><strong>quam</strong></span> <span class='ocrx_word' id='word_1_768' title='bbox 1203 5768 1303 5805; x_wconf 89' lang='lat' dir='ltr'><strong>ms.</strong></span> <span class='ocrx_word' id='word_1_769' title='bbox 1348 5752 1522 5806; x_wconf 78' lang='lat' dir='ltr'><strong>codex</strong></span> <span class='ocrx_word' id='word_1_770' title='bbox 1564 5754 1622 5803; x_wconf 76' lang='grc' dir='ltr'><strong>ὲν</strong></span> <span class='ocrx_word' id='word_1_771' title='bbox 1657 5755 1780 5821; x_wconf 71' lang='lat' dir='ltr'><strong>53f;-</strong></span> 
     </span>
    </p>
   </div>
   <div class='ocr_carea' id='block_1_111' title="bbox 215 5821 1780 5893">
    <p class='ocr_par' dir='ltr' id='par_1_111' title="bbox 215 5821 1780 5893">
     <span class='ocr_line' id='line_1_111' title="bbox 215 5821 1780 5893; baseline 0.004 -21"><span class='ocrx_word' id='word_1_772' title='bbox 215 5837 293 5874; x_wconf 79' lang='grc' dir='ltr'><strong>σει</strong></span> <span class='ocrx_word' id='word_1_773' title='bbox 316 5841 328 5854; x_wconf 93' lang='grc'><strong>·</strong></span> <span class='ocrx_word' id='word_1_774' title='bbox 360 5821 642 5882; x_wconf 82' lang='lat' dir='ltr'><strong>quomodo</strong></span> <span class='ocrx_word' id='word_1_775' title='bbox 671 5821 852 5875; x_wconf 85' lang='lat' dir='ltr'><strong>reddit</strong></span> <span class='ocrx_word' id='word_1_776' title='bbox 893 5823 1201 5890; x_wconf 82' lang='lat' dir='ltr'><strong>interpres:</strong></span> <span class='ocrx_word' id='word_1_777' title='bbox 1232 5822 1326 5876; x_wconf 84' lang='lat' dir='ltr'><strong>sed</strong></span> <span class='ocrx_word' id='word_1_778' title='bbox 1359 5839 1462 5893; x_wconf 82' lang='lat' dir='ltr'><strong>ego</strong></span> <span class='ocrx_word' id='word_1_779' title='bbox 1507 5823 1780 5879; x_wconf 72' lang='lat' dir='ltr'><strong>devorate</strong></span> 
     </span>
    </p>
   </div>
   <div class='ocr_carea' id='block_1_112' title="bbox 1891 5197 3478 5270">
    <p class='ocr_par' dir='ltr' id='par_1_112' title="bbox 1891 5197 3478 5270">
     <span class='ocr_line' id='line_1_112' title="bbox 1891 5197 3478 5270; baseline -0.002 -18"><span class='ocrx_word' id='word_1_780' title='bbox 1891 5217 1997 5253; x_wconf 91' lang='lat' dir='ltr'><strong>non</strong></span> <span class='ocrx_word' id='word_1_781' title='bbox 2025 5217 2269 5270; x_wconf 88' lang='lat' dir='ltr'><strong>possum.</strong></span> <span class='ocrx_word' id='word_1_782' title='bbox 2303 5202 2378 5255; x_wconf 87' lang='lat' dir='ltr'><strong>De</strong></span> <span class='ocrx_word' id='word_1_783' title='bbox 2423 5201 2540 5270; x_wconf 90' lang='lat' dir='ltr'><strong>ipsa</strong></span> <span class='ocrx_word' id='word_1_784' title='bbox 2577 5203 2726 5255; x_wconf 90' lang='lat' dir='ltr'><strong>enim</strong></span> <span class='ocrx_word' id='word_1_785' title='bbox 2757 5200 3012 5254; x_wconf 88' lang='lat' dir='ltr'><strong>oratione</strong></span> <span class='ocrx_word' id='word_1_786' title='bbox 3061 5208 3145 5252; x_wconf 80' lang='lat' dir='ltr'><strong>est</strong></span> <span class='ocrx_word' id='word_1_787' title='bbox 3181 5211 3362 5252; x_wconf 90' lang='lat' dir='ltr'><strong>sermo</strong></span> <span class='ocrx_word' id='word_1_788' title='bbox 3394 5197 3478 5249; x_wconf 76' lang='lat' dir='ltr'><strong>in‘</strong></span> 
     </span>
    </p>
   </div>
   <div class='ocr_carea' id='block_1_113' title="bbox 1895 5270 3475 5339">
    <p class='ocr_par' dir='ltr' id='par_1_113' title="bbox 1895 5270 3475 5339">
     <span class='ocr_line' id='line_1_113' title="bbox 1895 5270 3475 5339; baseline -0.003 -17"><span class='ocrx_word' id='word_1_789' title='bbox 1895 5279 1979 5322; x_wconf 91' lang='lat' dir='ltr'><strong>ter</strong></span> <span class='ocrx_word' id='word_1_790' title='bbox 2011 5273 2185 5324; x_wconf 68' lang='lat' dir='ltr'><strong>Missa:</strong></span> <span class='ocrx_word' id='word_1_791' title='bbox 2218 5272 2512 5332; x_wconf 81' lang='lat' dir='ltr'><strong>sacriﬁcia,</strong></span> <span class='ocrx_word' id='word_1_792' title='bbox 2531 5288 2655 5339; x_wconf 73' lang='lat' dir='ltr'><strong>quae</strong></span> <span class='ocrx_word' id='word_1_793' title='bbox 2677 5272 2879 5325; x_wconf 87' lang='lat' dir='ltr'><strong>debeat</strong></span> <span class='ocrx_word' id='word_1_794' title='bbox 2903 5271 2959 5322; x_wconf 91' lang='lat' dir='ltr'><strong>in</strong></span> <span class='ocrx_word' id='word_1_795' title='bbox 2988 5270 3206 5323; x_wconf 89' lang='lat' dir='ltr'><strong>sincera</strong></span> <span class='ocrx_word' id='word_1_796' title='bbox 3234 5284 3296 5320; x_wconf 92' lang='lat' dir='ltr'><strong>ac</strong></span> <span class='ocrx_word' id='word_1_797' title='bbox 3333 5283 3475 5339; x_wconf 81' lang='lat' dir='ltr'><strong>pura</strong></span> 
     </span>
    </p>
   </div>
   <div class='ocr_carea' id='block_1_114' title="bbox 1887 5337 3472 5406">
    <p class='ocr_par' dir='ltr' id='par_1_114' title="bbox 1887 5337 3472 5406">
     <span class='ocr_line' id='line_1_114' title="bbox 1887 5337 3472 5406; baseline -0.003 -14"><span class='ocrx_word' id='word_1_798' title='bbox 1887 5342 2229 5394; x_wconf 89' lang='lat' dir='ltr'><strong>conscientia</strong></span> <span class='ocrx_word' id='word_1_799' title='bbox 2276 5341 2419 5404; x_wconf 83' lang='lat' dir='ltr'><strong>ﬁeri,</strong></span> <span class='ocrx_word' id='word_1_800' title='bbox 2467 5337 2621 5406; x_wconf 57' lang='lat' dir='ltr'><strong>juita</strong></span> <span class='ocrx_word' id='word_1_801' title='bbox 2654 5341 2789 5394; x_wconf 93' lang='lat' dir='ltr'><strong>illud</strong></span> <span class='ocrx_word' id='word_1_802' title='bbox 2843 5341 2859 5392; x_wconf 98' lang='grc' dir='ltr'><strong>Ι</strong></span> <span class='ocrx_word' id='word_1_803' title='bbox 2908 5340 3051 5393; x_wconf 87' lang='lat' dir='ltr'><strong>Tim.</strong></span> <span class='ocrx_word' id='word_1_804' title='bbox 3111 5355 3167 5398; x_wconf 86' lang='grc' dir='ltr'><strong>ιι,</strong></span> <span class='ocrx_word' id='word_1_805' title='bbox 3224 5352 3370 5390; x_wconf 86' lang='lat' dir='ltr'><strong>vers.</strong></span> <span class='ocrx_word' id='word_1_806' title='bbox 3411 5337 3472 5388; x_wconf 76' lang='lat'><strong>8:</strong></span> 
     </span>
    </p>
   </div>
   <div class='ocr_carea' id='block_1_115' title="bbox 1893 5409 3475 5477">
    <p class='ocr_par' dir='ltr' id='par_1_115' title="bbox 1893 5409 3475 5477">
     <span class='ocr_line' id='line_1_115' title="bbox 1893 5409 3475 5477; baseline -0.003 -16"><span class='ocrx_word' id='word_1_807' title='bbox 1893 5409 2016 5462; x_wconf 87' lang='lat' dir='ltr'><strong>Volo</strong></span> <span class='ocrx_word' id='word_1_808' title='bbox 2039 5413 2174 5462; x_wconf 82' lang='lat' dir='ltr'><strong>viros</strong></span> <span class='ocrx_word' id='word_1_809' title='bbox 2204 5412 2256 5462; x_wconf 82' lang='lat' dir='ltr'><strong>in</strong></span> <span class='ocrx_word' id='word_1_810' title='bbox 2284 5411 2428 5462; x_wconf 81' lang='lat' dir='ltr'><strong>omni</strong></span> <span class='ocrx_word' id='word_1_811' title='bbox 2460 5411 2569 5463; x_wconf 79' lang='lat' dir='ltr'><strong>loco</strong></span> <span class='ocrx_word' id='word_1_812' title='bbox 2589 5427 2764 5472; x_wconf 87' lang='lat' dir='ltr'><strong>orare,</strong></span> <span class='ocrx_word' id='word_1_813' title='bbox 2800 5409 3038 5462; x_wconf 82' lang='lat' dir='ltr'><strong>levantes</strong></span> <span class='ocrx_word' id='word_1_814' title='bbox 3063 5423 3227 5477; x_wconf 75' lang='lat' dir='ltr'><strong>puras</strong></span> <span class='ocrx_word' id='word_1_815' title='bbox 3259 5423 3475 5468; x_wconf 81' lang='lat' dir='ltr'><strong>manus;</strong></span> 
     </span>
    </p>
   </div>
   <div class='ocr_carea' id='block_1_116' title="bbox 1885 5478 3476 5548">
    <p class='ocr_par' dir='ltr' id='par_1_116' title="bbox 1885 5478 3476 5548">
     <span class='ocr_line' id='line_1_116' title="bbox 1885 5478 3476 5548; baseline -0.003 -18"><span class='ocrx_word' id='word_1_816' title='bbox 1885 5479 2037 5545; x_wconf 88' lang='lat' dir='ltr'><strong>quod</strong></span> <span class='ocrx_word' id='word_1_817' title='bbox 2066 5481 2289 5533; x_wconf 86' lang='lat' dir='ltr'><strong>videtur</strong></span> <span class='ocrx_word' id='word_1_818' title='bbox 2317 5489 2513 5533; x_wconf 90' lang='lat' dir='ltr'><strong>auctor</strong></span> <span class='ocrx_word' id='word_1_819' title='bbox 2545 5480 2845 5548; x_wconf 89' lang='lat' dir='ltr'><strong>respicere.</strong></span> <span class='ocrx_word' id='word_1_820' title='bbox 2876 5478 3178 5546; x_wconf 90' lang='lat' dir='ltr'><strong>chnentia</strong></span> <span class='ocrx_word' id='word_1_821' title='bbox 3225 5484 3355 5548; x_wconf 90' lang='lat' dir='ltr'><strong>sun_t</strong></span> <span class='ocrx_word' id='word_1_822' title='bbox 3407 5492 3476 5527; x_wconf 74' lang='lat' dir='ltr'><strong>ex</strong></span> 
     </span>
    </p>
   </div>
   <div class='ocr_carea' id='block_1_117' title="bbox 1893 5544 3473 5618">
    <p class='ocr_par' dir='ltr' id='par_1_117' title="bbox 1893 5544 3473 5618">
     <span class='ocr_line' id='line_1_117' title="bbox 1893 5544 3473 5618; baseline -0.004 -17"><span class='ocrx_word' id='word_1_823' title='bbox 1893 5544 2025 5618; x_wconf 80' lang='lat' dir='ltr'><strong>Dan.</strong></span> <span class='ocrx_word' id='word_1_824' title='bbox 2051 5551 2190 5602; x_wconf 90' lang='lat' dir='ltr'><strong>male</strong></span> <span class='ocrx_word' id='word_1_825' title='bbox 2231 5549 2282 5602; x_wconf 90' lang='lat' dir='ltr'><strong>in</strong></span> <span class='ocrx_word' id='word_1_826' title='bbox 2311 5550 2477 5603; x_wconf 88' lang='lat' dir='ltr'><strong>editis</strong></span> <span class='ocrx_word' id='word_1_827' title='bbox 2499 5544 2914 5618; x_wconf 67' lang='lat' dir='ltr'><strong>repriescntata.</strong></span> <span class='ocrx_word' id='word_1_828' title='bbox 2943 5544 3473 5618; x_wconf 65' lang='lat' dir='ltr'><strong>Councns.——_Com-</strong></span> 
     </span>
    </p>
   </div>
   <div class='ocr_carea' id='block_1_118' title="bbox 1891 5614 3474 5689">
    <p class='ocr_par' dir='ltr' id='par_1_118' title="bbox 1891 5614 3474 5689">
     <span class='ocr_line' id='line_1_118' title="bbox 1891 5614 3474 5689; baseline -0.003 -20"><span class='ocrx_word' id='word_1_829' title='bbox 1891 5617 2116 5672; x_wconf 85' lang='lat' dir='ltr'><strong>befisius</strong></span> <span class='ocrx_word' id='word_1_830' title='bbox 2170 5620 2274 5688; x_wconf 87' lang='lat' dir='ltr'><strong>legi</strong></span> <span class='ocrx_word' id='word_1_831' title='bbox 2305 5621 2423 5672; x_wconf 80' lang='lat' dir='ltr'><strong>vult</strong></span> <span class='ocrx_word' id='word_1_832' title='bbox 2477 5614 2778 5689; x_wconf 73' lang='grc' dir='ltr'><strong>συνειδήσει</strong></span> <span class='ocrx_word' id='word_1_833' title='bbox 2812 5618 3156 5689; x_wconf 78' lang='lat' dir='ltr'><strong>conscientia,</strong></span> <span class='ocrx_word' id='word_1_834' title='bbox 3216 5615 3344 5685; x_wconf 76' lang='lat' dir='ltr'><strong>quia</strong></span> <span class='ocrx_word' id='word_1_835' title='bbox 3386 5614 3474 5665; x_wconf 77' lang='lat' dir='ltr'><strong>hic</strong></span> 
     </span>
    </p>
   </div>
   <div class='ocr_carea' id='block_1_119' title="bbox 1890 5687 3473 5758">
    <p class='ocr_par' dir='ltr' id='par_1_119' title="bbox 1890 5687 3473 5758">
     <span class='ocr_line' id='line_1_119' title="bbox 1890 5687 3473 5758; baseline -0.003 -19"><span class='ocrx_word' id='word_1_836' title='bbox 1890 5689 2070 5756; x_wconf 83' lang='lat' dir='ltr'><strong>agitur</strong></span> <span class='ocrx_word' id='word_1_837' title='bbox 2092 5687 2300 5758; x_wconf 32' lang='lat' dir='ltr'><strong>deip’sa</strong></span> <span class='ocrx_word' id='word_1_838' title='bbox 2349 5690 2622 5751; x_wconf 87' lang='lat' dir='ltr'><strong>oratione,</strong></span> <span class='ocrx_word' id='word_1_839' title='bbox 2681 5687 2804 5758; x_wconf 64' lang='lat' dir='ltr'><strong>qua:</strong></span> <span class='ocrx_word' id='word_1_840' title='bbox 2854 5688 3055 5740; x_wconf 87' lang='lat' dir='ltr'><strong>debeat</strong></span> <span class='ocrx_word' id='word_1_841' title='bbox 3089 5687 3304 5758; x_wconf 66' lang='lat' dir='ltr'><strong>inpura</strong></span> <span class='ocrx_word' id='word_1_842' title='bbox 3335 5700 3473 5736; x_wconf 79' lang='lat' dir='ltr'><strong>con~</strong></span> 
     </span>
    </p>
   </div>
   <div class='ocr_carea' id='block_1_120' title="bbox 1890 5754 3408 5828">
    <p class='ocr_par' dir='ltr' id='par_1_120' title="bbox 1890 5754 3408 5828">
     <span class='ocr_line' id='line_1_120' title="bbox 1890 5754 3408 5828; baseline -0.003 -18"><span class='ocrx_word' id='word_1_843' title='bbox 1890 5754 2119 5813; x_wconf 70' lang='lat' dir='ltr'><strong>seicntia</strong></span> <span class='ocrx_word' id='word_1_844' title='bbox 2155 5754 2292 5812; x_wconf 79' lang='lat' dir='ltr'><strong>fieri.</strong></span> <span class='ocrx_word' id='word_1_845' title='bbox 2317 5760 2406 5813; x_wconf 83' lang='lat' dir='ltr'><strong>Sic</strong></span> <span class='ocrx_word' id='word_1_846' title='bbox 2429 5760 2661 5814; x_wconf 80' lang='lat' dir='ltr'><strong>inferius</strong></span> <span class='ocrx_word' id='word_1_847' title='bbox 2701 5754 2925 5828; x_wconf 74' lang='grc' dir='ltr'><strong>καθαρῷ</strong></span> <span class='ocrx_word' id='word_1_848' title='bbox 2956 5754 3221 5810; x_wconf 45' lang='lat' dir='ltr'><strong>cumaea</strong></span> <span class='ocrx_word' id='word_1_849' title='bbox 3274 5754 3408 5806; x_wconf 68' lang='lat' dir='ltr'><strong>Basa</strong></span> 
     </span>
    </p>
   </div>
  </div>
