4200 6440
746 400 842 463 Sfll

1952 398 2014 456 S.
2056 391 2459 452 ANAS’I‘ASII
2500 389 2823 448 SINAITJE

3893 382 4000 443 832

737 517 1052 579 formasque
1084 512 1380 565 mulierum
1406 508 1870 576 contemplantur,
1899 516 1955 558 et
1985 520 2050 558 cx
2076 502 2306 557 ecclesia

2412 500 2831 569 ἁμαρτημάτων
2884 497 2973 549 διὰ
3017 496 3114 563 τῆς
3154 492 3545 561 ἐπιγνώσεως,
3603 489 3739 543 ἀλλὰ
3772 489 3998 541 πλείονα

737 604 833 657 Dei
856 605 1083 669 lupanar
1108 618 1206 670 per
1231 601 1527 653 eil‘renatas
1550 613 1678 651 suas
1697 596 2028 664 cupiditates
2043 592 2307 646 clliciunt.

737 694 839 745 Alii
868 706 997 744 vero
1027 694 1093 743 de
1123 690 1357 758 negotiis
1386 688 1511 741 aliis
1539 700 1594 741 ct
1639 687 1801 757 452
1857 684 2307 753 possessionibus

737 783 851 833 suis
876 781 1189 841 conferunt,
1217 795 1381 846 inque
1431 780 1610 830 l'orum
1659 786 1715 829 ct
1755 775 2083 843 emporium,
2124 774 2304 825 locum

735 871 912 933 illum,
953 872 1232 925 tremenda
1262 871 1350 922 illa
1403 870 1558 927 liora.
1591 877 1833 919 vertunt.
1867 865 1971 918 Alii
2031 865 2081 916 in
2112 860 2309 931 Synaxi

735 965 1181 1019 aliisdctrabunt
1203 974 1259 1017 et
1300 965 1699 1031 obloquuntur,
1733 961 1902 1014 etiam
1944 961 2079 1028 ipsis
2124 974 2309 1011 sacer-

736 1055 958 1109 dotibus
986 1057 1079 1125 qui
1104 1056 1439 1109 sacriﬁcium
1460 1054 1719 1106 oderunt.

2419 591 2836 659 ἁμαρτημάτων
2867 587 3064 658 φορτία
3094 588 3305 647 ἑαυτοῖς
3331 583 3677 650 συνάγοντες,
3722 581 3791 632 τὰ
3822 581 3997 647 κάλλη

2415 685 2508 735 καὶ
2536 685 2634 743 τὰς
2664 682 2881 750 μορφάς
2912 680 3020 731 τῶν
3063 678 3341 746 γυναικῶν
3382 673 3817 736 κατασκοποῦσι,
3867 690 3999 738 πορ-

2412 778 2551 827 νεῖον
2582 775 2680 841 τὴν
2713 773 2805 824 τοῦ
2837 770 2972 823 θεοῦ
2997 771 3296 837 ἐκκλησίαν
3343 769 3430 821 διά
3458 767 3556 837 τῆς
3582 766 3779 832 ἀλόγου
3812 764 3998 816 αὐτῶν

2411 865 2711 932 ἐπιῡυμίας
2764 862 3148 932 ἐργαζόμενοι.
3198 861 3419 929 Ἔτεροι
3477 859 3605 927 περὶ
3652 857 3999 923 πραγμάτων

2410 960 2503 1009 καὶ
2533 957 2830 1023 κτημάτων
2862 952 3273 1022 συμφωνοῦσιν,
3312 950 3604 1021 ἐμπόριον,
3639 948 3733 1000 καὶ
3761 945 3995 1013 ἀγοράς,

2409 1048 2572 1098 τόπον
2616 1046 2713 1113 τὴν
2746 1043 3197 1112 φρικωδεστάτην
3226 1043 3448 1110 ἐκείνην
3474 1038 3622 1109 ὤραν
3652 1036 3994 1104 ποιούμενοι.

741 1147 923 1197 Ἄλλοι
973 1147 1051 1209 εἰς
1099 1146 1429 1205 καταλαλιάς
1466 1143 1744 1216 ἀλλήλων,
1805 1143 1837 1210 ἦ
1878 1143 1973 1194 καὶ
2006 1141 2187 1192 αὑτων
2236 1138 2343 1189 τῶν
2385 1137 2576 1207 ἱερέων
2607 1137 2705 1203 τὴν
2735 1135 2926 1188 θυσίαν
2954 1134 3373 1205 προσφερόντων
3400 1133 3459 1185 ὲν
3519 1132 3587 1200 τῇ
3646 1128 3872 1191 Συνάξει
3895 1129 3998 1180 d7:-

736 1240 1114 1305 ασχολοῦνται.

809 1331 970 1382 Extra
1004 1331 1149 1381 hunc
1184 1343 1411 1381 censum
1442 1324 1776 1381 collocanda:
1802 1339 1912 1375 non
1956 1330 2085 1375 sunt
2116 1319 2308 1372 mulie-

737 1436 828 1475 res
850 1421 1130 1472 nonnullae
1155 1435 1277 1486 qu-.e
1302 1436 1410 1471 non
1446 1428 1657 1469 tantum
1705 1423 1904 1467 vacant
1966 1429 2062 1480 per
2109 1411 2310 1463 oratio-

736 1526 862 1564 nem
895 1511 1145 1563 ecclesia:
1184 1511 1301 1571 llei,
1334 1518 1598 1577 quantum
1628 1508 1849 1560 diabolo
1882 1523 1979 1574 per
2027 1506 2129 1557 hoc
2160 1502 2307 1571 quod

734 1601 1177 1667 cori5piciunrur,
1208 1600 1520 1664 multosque
1555 1612 1622 1648 ex
1672 1595 2107 1662 simplicioribus
2147 1592 2310 1644 scdu-

736 1700 894 1745 cunt.
923 1692 1060 1743 (lum
1118 1691 1285 1757 igitur
1341 1697 1529 1741 nostra
1562 1688 1677 1740 luce
1710 1684 2068 1738 commonitio
2100 1693 2312 1734 utrum—

2485 1316 2599 1368 Ούκ
2648 1316 2755 1379 ἔξω
2793 1315 2849 1367 δὲ
2897 1315 3007 1367 τῶν
3051 1314 3310 1367 τοιούτων
3366 1313 3510 1374 τινὲς
3563 1310 3671 1361 τῶν
3715 1307 3998 1375 γυναικῶν

2410 1408 2847 1478 ὲφευρίσκονται,
2900 1408 3035 1460 ἀλλὰ
3081 1408 3217 1475 πρὸς
3251 1404 3460 1466 τούτοις
3506 1405 3628 1456 ὅσαι
3660 1402 3737 1470 τῷ
3763 1400 3997 1468 διαϐόλῳ

2409 1501 2793 1561 δουλεύουσιν,
2862 1503 2923 1551 οὐ
2984 1498 3239 1550 τοσοῦτον
3289 1499 3353 1566 τῇ
3400 1495 3494 1546 τοῦ
3548 1494 3684 1546 Θεοῦ
3728 1491 3997 1561 ἐκκλησίᾳ

2413 1590 2736 1658 σχολάζουσι
2771 1589 2837 1640 δι’
2863 1590 3049 1659 εὐχὴν,
3084 1590 3210 1640 ὅσον
3239 1588 3327 1639 διὰ
3353 1586 3413 1638 τὸ
3441 1584 3697 1653 ὀφθῆναι.
3734 1584 3833 1634 καὶ
3861 1584 3997 1634 ἁπο-

2411 1680 2681 1748 πλανῆσαι
2726 1681 2955 1740 πολλοὺς
2985 1680 3093 1731 τῶν
3119 1680 3521 1748 άφελεστέρων.
3578 1678 3689 1746 Τῆς
3718 1670 3814 1728 οὖν
3848 1692 3998 1745 παρ-

738 1797 848 1847 quc
873 1795 1086 1842 sexum,
1120 1782 1267 1831 virus
1293 1780 1507 1831 scilicet
1533 1794 1598 1830 ac
1635 1778 1915 1836 mulieres,
1949 1774 2310 1841 comprehcn-

2412 1771 2668 1831 αινέσεως
2722 1770 2790 1820 τά
2837 1769 2931 1819 δύο
2978 1770 3110 1839 γένη
3183 1766 3717 1836 προσλαμϐανούσης
3767 1766 3882 1818 τῶν
3935 1783 3995 1817 τε

737 1867 855 1931 dat,
909 1868 1076 1920 redeo
1131 1868 1198 1920 ad
1252 1868 1554 1919 institutam
1600 1866 1759 1917 initio
1785 1864 2053 1916 orationis
2079 1863 2219 1914 viam
2248 1877 2311 1914 ac

736 1960 1037 2019 rationem,
1071 1970 1128 2010 et
1152 1974 1215 2010 ea
1243 1974 1447 2025 queror
1473 1966 1530 2010 ct
1565 1956 1818 2023 deploro,
1851 1970 1974 2022 qua:
1997 1953 2178 2015 nobis,
2214 1952 2309 2020 qui

735 2048 1040 2100 Christiani
1070 2047 1344 2107 videmur,
1374 2045 1606 2114 propria
1634 2044 1846 2097 desidia
1882 2051 1938 2096 et
1961 2051 2311 2110 contemptus

734 2137 972 2205 peperit.
1025 2136 1167 2200 Quid
1202 2141 1349 2189 enim
1380 2137 1604 2205 gravius
1640 2151 1792 2187 more
1830 2135 1946 2197 illo,
1982 2132 2151 2202 quod,
2183 2148 2308 2186 cum

736 2228 965 2297 rapinis,
998 2229 1345 2295 improbitate
1370 2228 1635 2293 omnique
1661 2242 1862 2295 genere
1913 2227 2184 2279 scelerum
2215 2241 2309 2292 op-

734 2318 867 2385 pleti
898 2333 1112 2379 sumus,
1134 2319 1365 2386 paucula
1391 2335 1531 2386 aqua
1582 2334 1775 2371 manus
1799 2318 2098 2377 abluiinus,
2119 2317 2308 2383 sicque

734 2424 949 2461 sacrum
976 2410 1109 2462 illud
1159 2425 1383 2477 corpus,
1408 2410 1768 2476 divinumque
1832 2408 2175 2476 sanguinem,
2211 2424 2310 2475 pro

736 2501 912 2553 salute
938 2501 1131 2554 mtmdi
1158 2500 1418 2563 effusum,
1446 2500 1715 2553 immundi
1740 2509 1797 2553 ct
1823 2498 2090 2553 sordidati
2137 2499 2311 2565 perci-

735 2592 951 2658 pinnis?

798 2766 994 2818 Nonne
1040 2765 1193 2817 vides
1242 2763 1520 2831 quomodo
1555 2764 1729 2815 .ludas
1757 2802 1773 2827 ,
1829 2763 2053 2832 indigne
2099 2764 2304 2817 (Ibi-isti

733 2872 964 2923 corpore
993 2864 1235 2923 sumpto,
1261 2856 1445 2907 statim
1484 2855 1775 2907 damnatus
1804 2864 1910 2916 cst,
1937 2855 2169 2923 plusque
2205 2856 2307 2908 loci

734 2946 975 3013 maligno
999 2946 1406 3013 suppeditavit“!
1435 2946 1578 2999 Dicit
1604 2948 1752 3000 enim
1778 2961 1794 2999 :
1835 2946 1902 2998 Ει
1931 2957 2143 3013 ani-cpta
2183 2948 2307 2998 buc-

736 3036 900 3097 cella,
924 3039 1107 3088 statim
1145 3038 1377 3087 introivit
1406 3037 1457 3088 in
1490 3038 1660 3104 ipsum
1688 3035 1954 3089 Salamis"
1980 3053 1995 3098 ;
2024 3052 2132 3089 non
2160 3036 2305 3105 quod

737 3126 997 3179 diabolus
1032 3143 1227 3194 panem
1260 3128 1413 3179 illum
1454 3127 1803 3196 despiceret,
1842 3128 1937 3180 sed
1972 3137 2032 3180 ut
2055 3144 2180 3181 eum
2212 3128 2305 3195 qui

737 3219 1466 3286 sumpseratredargueret;
1518 3219 1572 3270 in
1619 3218 1892 3287 judicium
1961 3219 2108 3282 enim
2147 3234 2309 3271 suum

739 3317 1072 3374 sumpserat.
1101 3308 1217 3371 Qua
1240 3308 1387 3360 enim
1408 3309 1775 3367 Conscientia,
1814 3309 1905 3362 dic
1957 3309 2116 3371 mihi,
2156 3326 2311 3365 accc-

740 3396 827 3449 dis
883 3397 950 3448 ad
986 3398 1101 3450 lucc
1152 3400 1436 3467 mysteria.
1473 3400 1567 3466 qui
1618 3402 1672 3452 in
1702 3411 1923 3467 pectore
1979 3402 2147 3453 babes
2176 3418 2310 3454 con-

740 3485 1027 3539 scientiam
1085 3488 1160 3540 tui
1198 3489 1627 3542 aceusatriccm?
1672 3490 1769 3543 Dic
1822 3505 1955 3559 age;
1999 3492 2043 3545 si
2091 3506 2309 3543 C(Dlllllll

741 3577 994 3629 manibus
1033 3586 1307 3643 gestarcs,
1348 3579 1657 3631 auderesne
1699 3579 1879 3647 regias
1923 3589 2107 3634 vestes
2147 3581 2311 3632 attin-

741 3671 912 3734 gere?
949 3678 1007 3720 et
1062 3670 1194 3737 quid
1234 3671 1416 3723 .‘dico?
1451 3686 1631 3739 neque
1686 3681 1808 3725 tuas
1846 3684 2031 3725 vestes
2058 3682 2313 3741 tangeres

742 3760 1359 3827 inquinatisinanibus,
1398 3763 1494 3815 sed
1532 3762 1660 3817 lotis
1715 3763 1871 3831 prius
1898 3765 2166 3832 tersisquc
2194 3780 2310 3817 ma-

742 3849 928 3910 nibus,
958 3859 1092 3901 tunc
1136 3851 1372 3917 primum
1416 3860 1597 3905 vestes
1653 3860 1774 3905 tuas
1823 3853 2145 3921 altingcrcs.
2202 3855 2313 3907 Cur

744 3939 911 4004 igitur
940 3955 1089 4000 eum,
1128 3955 1290 4006 quem
1326 3940 1529 3993 vilibus
1564 3942 1913 3994 vestimentis
1943 3942 2113 3995 babes
2140 3942 2313 3995 Itono-

744 4045 878 4087 rem,
909 4046 1018 4081 non
1050 4030 1238 4083 itidem
1267 4030 1518 4098 impertis
1563 4032 1713 4083 Deo?
1742 4033 1809 4085 Et
1849 4048 2013 4100 quam
2070 4034 2309 4097 veniam,

741 4134 861 4177 oro,
905 4120 1300 4185 consequeris?
1330 4120 1519 4187 Neque
1576 4122 1724 4173 enim
1781 4120 1990 4190 ingredi
2049 4124 2103 4176 in
2135 4124 2311 4176 eccle-

742 4208 880 4257 siam
918 4206 1245 4274 divinasque
1283 4223 1564 4261 sacrarum
1614 4209 1915 4278 imaginum
1963 4211 2188 4280 ﬁguras,
2222 4228 2313 4265 ve-

742 4298 1123 4364 nerandasque
1153 4314 1348 4352 cruces
1399 4300 1672 4354 honorare
1726 4311 1788 4354 ct
1837 4302 2078 4355 salutare
2121 4317 2219 4371 per
2253 4317 2311 4355 se

2413 1858 2621 1928 ἀνδρῶν
2670 1860 2764 1910 καὶ
2810 1857 3117 1924 γυναικῶν,
3173 1859 3264 1908 ἐπὶ
3306 1857 3405 1924 τὴν
3454 1856 3512 1921 ἐξ
3548 1856 3721 1924 ἀρχῆς
3769 1854 3996 1923 μέοοδον

2410 1949 2504 1999 τοῦ
2538 1948 2697 2013 λόγου
2728 1950 3007 2013 ἐπάνειμι,
3044 1946 3273 2000 τοιαῦτα
3300 1946 3474 2013 λέγων
3509 1948 3603 1998 καὶ
3628 1944 3869 2015 θρηνῶν,
3906 1941 3996 1997 οἷα

2412 2039 2545 2105 ἡμῖν
2588 2041 2698 2099 τοῖς
2730 2040 2982 2091 δοκοῦσιν
3014 2034 3152 2091 εἶναι
3181 2040 3529 2108 Χριπιανοίς
3580 2040 3613 2106 ἡ
3646 2037 3859 2089 ἑαυτῶν
3894 2040 3997 2106 ρᾳ-

2412 2127 2583 2195 θυμία
2631 2129 2725 2180 καὶ
2774 2133 3184 2199 καταφρόνησις
3237 2131 3555 2197 εἰργάσατο.
3591 2129 3655 2181 Τί
3684 2129 3794 2197 γὰρ
3821 2128 3997 2181 δεινό-

2409 2237 2570 2289 τερον
2603 2220 2697 2272 τοῦ
2731 2221 2976 2273 τοιούτου
3004 2223 3228 2291 τρόπου,
3267 2222 3423 2284 ὅταν,
3457 2220 3714 2288 ἁρπαγάς
3761 2222 3861 2272 καὶ
3895 2239 3992 2273 πο-

2410 2314 2610 2382 νηρίας
2642 2316 2736 2366 καὶ
2766 2314 2949 2384 πλήθη
2979 2314 3393 2383 ἁμαρτημάτων
3428 2315 3485 2365 ὲν
3508 2315 3723 2375 ἑαυτοῖς
3750 2313 3992 2382 ἔχοντες,

2412 2400 2564 2453 ὕδατι
2637 2403 2818 2471 μικρῷ
2891 2407 2992 2465 τάς
3057 2407 3245 2472 χεῖρας
3305 2404 3772 2472 ἀπονιπτόμενοι,
3850 2404 3993 2456 οὕτω

2409 2494 2469 2544 τὸ
2496 2494 2650 2559 ἆγιον
2674 2496 2852 2547 ἐκεῖνο
2880 2496 3060 2563 σῶμα,
3096 2496 3189 2547 καὶ
3214 2495 3276 2547 τὸ
3302 2497 3444 2546 θεῖον
3466 2490 3608 2562 αἷμα
3636 2495 3696 2546 τὸ
3725 2495 3871 2565 ὑπὲρ
3891 2496 3992 2561 τῆς

2411 2583 2502 2636 τοῦ
2530 2588 2737 2654 κόσμου
2772 2585 2971 2656 ρεῦσαν
3002 2587 3273 2656 σωτηρίας
3296 2627 3311 2646 .
3363 2587 3666 2656 ἀκάθαρτοι
3699 2589 3795 2640 καὶ
3825 2592 3994 2658 appu—

2418 2677 2654 2743 πιομένοι
2683 2679 2837 2739 ὄντες
2870 2680 3082 2740 ἑαυτοῖς
3112 2679 3500 2746 προσάγομενς

2482 2768 2593 2836 Ούχ
2620 2771 2771 2836 ὁρᾷς,
2804 2771 2920 2831 πῶς
2951 2769 3155 2830 Ἰούδας
3184 2770 3418 2833 ἀναξίως
3445 2772 3536 2823 καὶ
3570 2771 3761 2833 δολίως
3782 2772 3861 2839 (ὅ)
3896 2772 3990 2824 τοῦ

2417 2858 2673 2925 σώματος
2704 2860 2865 2925 μετα)
2878 2860 3024 2911 αϐὼν
3039 2860 3133 2913 τοῦ
3150 2860 3495 2921 δεσποτικοῦ,
3514 2862 3717 2922 εύοέως
3738 2864 3993 2932 κατεκρί-

2412 2948 2499 3012 Θη,
2538 2950 2631 3000 καὶ
2654 2949 2839 3018 χώραν
2863 2950 3085 3004 πλείονα
3102 2953 3301 3003 δέδωκε
3326 2951 3401 3018 τῷ
3431 2951 3679 3020 πονηρῶς
3698 2954 3835 3021 Φησὶ
3862 2953 3989 3021 γάρ’

2412 3041 2516 3092 Καὶ
2547 3040 2749 3093 λαϐὼν
2774 3043 2839 3094 τὸ
2862 3045 3117 3109 gauli/or,
3148 3043 3366 3107 εὐθέως
3390 3041 3673 3107 εἰσῆλθεν
3697 3046 3785 3108 είς
3804 3046 3993 3097 αὑτὸν

2411 3133 2443 3182 ό
2476 3130 2774 3195 Σατανᾶςο
2830 3134 2890 3183 ού
2941 3132 3034 3183 τοῦ
3077 3135 3244 3201 ἄρτου
3290 3134 3645 3201 καταφρονῶν
3671 3135 3990 3199 ὁδιάῦο).ος,

2411 3220 2525 3271 ἀλλ’
2552 3223 2759 3272 ἐκεῖνον
2788 3222 2879 3274 τὸν
2906 3223 3280 3290 μεταλαϐόντα
3309 3224 3573 3293 ἐλέγχων,
3609 3227 3691 3277 ἐντι
3718 3228 3801 3287 εἰς
3825 3229 3992 3279 κατά-

2412 3327 2588 3379 κριμα.
2620 3311 2815 3362 ἑαυτοῦ
2850 3312 3164 3379 μετέλαϐεν.
3230 3315 3376 3384 Ποίῳ
3405 3318 3514 3385 γὰρ
3544 3318 3829 3380 συνειδότι,
3867 3319 3991 3371 εἰπὲ

2414 3415 2528 3464 μοι,
2583 3400 2867 3469 προσέρχῃ
2915 3403 3029 3459 τοῖς
3078 3402 3433 3468 μυστηρίοις;
3485 3402 3615 3472 ποίᾳ
3644 3404 3814 3472 ψυχῇ,
3853 3405 3990 3473 ποίῳ

2410 3486 2687 3557 λογισμῷ,
2742 3480 2884 3557 ἔχων
2931 3490 3077 3541 ἔνδον
3121 3491 3183 3542 τὸ
3226 3490 3317 3543 σὸν
3361 3492 3603 3553 συνειδὸς
3647 3495 3987 3562 κατήγορον;

2412 3579 2546 3629 Εἱπέ
2572 3597 2682 3647 μοι,
2721 3575 2829 3641 ἆρα
2860 3581 2908 3631 εἰ
2938 3582 3143 3649 κόπρον
3175 3582 3356 3650 φέρων
3386 3584 3445 3634 ἐν
3470 3586 3593 3644 ταῖς
3620 3584 3812 3652 χερσὶν
3839 3586 3989 3637 ἐτόλ-

2416 3685 2595 3736 μησας
2624 3668 2691 3721 ἂν
2716 3668 2963 3736 ἅψασθαι
2996 3669 3103 3721 τῶν
3130 3672 3363 3737 ἱματίων
3396 3671 3507 3722 τῶν
3532 3671 3861 3739 βασιλικῶνς
3896 3674 3991 3726 καὶ

2411 3760 2463 3810 τί
2490 3760 2636 3811 λαλῶ
2660 3759 2819 3811 τοῦτο
2838 3800 2852 3821 ,
2889 3761 3011 3812 οὐδὲ
3043 3760 3149 3812 τῶν
3181 3760 3289 3812 σῶν
3320 3762 3552 3830 ἱματίων
3734 3764 3989 3835 ρυπαρὰς

2411 3851 2508 3910 τὰς
2534 3853 2721 3919 χεῖρας
2754 3851 2912 3920 ἔχων,
2946 3851 3080 3903 ἀλλά
3112 3852 3377 3922 πρότερον
3406 3854 3862 3919 ἀποπλυνάμενος
3896 3857 3990 3909 καὶ

2412 3941 2661 4007 ἐκμάξας
2682 3942 2874 4002 αὑτάς,
2897 3941 3020 3991 τότε
3046 3941 3112 3992 ἂν
3135 3941 3241 3992 τῶν
3260 3942 3367 3994 σῶν
3386 3942 3618 4007 ἱματίων
3637 3943 3782 4011 ἥψω.
3808 3944 3876 3995 Τί
3895 3945 3988 3997 οὖν

2412 4030 2531 4081 οὐδὲ
2550 4030 2624 4091 ὡς
2649 4029 2879 4097 ἱματίοις
2910 4029 3155 4081 εὐτελέσι
3172 4032 3267 4082 καὶ
3298 4030 3562 4099 ἐνδύμασι
3598 4033 3988 4103 προσάγειςτῷ

2413 4118 2532 4187 Θεῷ
2555 4118 2572 4156 f
2591 4119 2688 4189 τὴν
2716 4121 2919 4188 τιμήνς
2950 4121 3060 4171 Καὶ
3081 4120 3243 4180 ποίας
3274 4119 3608 4182 ἀπολαύσεις
3626 4120 3981 4190 συγγνώμης.

2414 4209 2535 4262 εἰπέ
2577 4226 2701 4277 μοι;
2762 4210 2823 4260 οὐ
2871 4210 2981 4277 γὰρ
3034 4209 3095 4260 τὸ
3135 4209 3476 4279 εἰσέρχεσοαι
3526 4213 3583 4260 ἐν
3612 4212 3677 4278 τῇ
3722 4210 3821 4262 τοῦ
3850 4211 3986 4266 θεοῦ

2413 4300 2698 4369 ἐκκλησίᾳ,
2722 4300 2820 4353 καὶ
2864 4301 2962 4361 τάς
2996 4298 3146 4360 οείας
3174 4299 3487 4368 μορφώσεις
3513 4299 3623 4352 τῶν
3646 4300 3821 4365 ἁγίων
3844 4301 3987 4353 εἰκόο

742 4388 856 4441 Deo
894 4388 1156 4457 placitum
1208 4399 1325 4455 est;
1357 4406 1539 4458 neque
1569 4392 1734 4444 etiam
1769 4408 2032 4447 manuum
2071 4394 2305 4456 ablatio,

2413 4408 2521 4444 νων
2563 4390 2658 4458 (6)
2682 4429 2696 4452 ,
2757 4391 2853 4443 καὶ
2903 4392 3030 4452 τοὺς
3061 4391 3277 4460 τιμίους
3311 4393 3579 4459 σταυροὺς
3616 4391 3983 4454 ἀσπάζεσθαι,

740 4480 998 4547 purgatio
1028 4481 1245 4535 censeri
1284 4479 1470 4532 debet.
1517 4478 1624 4532 Sed
1656 4480 1801 4534 istud
1825 4482 1937 4536 Deo
1963 4491 2182 4552 gratum
2216 4498 2307 4536 ac-

814 4657 829 4683 ’⁸
862 4656 1018 4710 Joan.
1048 4674 1159 4720 sm,
1186 4658 1275 4710 9.7.

2413 4483 2570 4536 τοῦτο
2591 4484 2818 4553 ἀρεστόν
2839 4485 2863 4522 ε
2880 4498 2895 4515 ³
2926 4483 3046 4535 οὐδὲ
3071 4482 3149 4553 τῷ
3175 4482 3327 4534 ὕδατι
3352 4481 3620 4536 ἐκπλύναι
3644 4482 3745 4544 τὰς
3769 4485 3983 4552 χεῖρας,

2018 4773 2251 4829 VARUE
2290 4773 2701 4829 LECTIONES.

818 4862 835 4899 τ
867 4862 1050 4915 Canis.
1086 4864 1320 4933 Χριστῷ.
1400 4866 1427 4905 ⁸
1450 4865 1582 4918 Can.
1616 4865 1862 4935 ἄρεστον.

2245 4972 2473 5029 NOTAE.

810 5085 899 5160 (5)Δ
938 5089 1174 5160 Δαυῳς.
1224 5089 1368 5142 Velit
1416 5089 1552 5146 forte
1602 5093 1871 5153 indicare,
1920 5107 2083 5160 quam
2123 5090 2299 5146 (ἔτωοί

744 5157 915 5228 inulti,
936 5158 1253 5226 opinionem
1302 5169 1510 5222 tenent,
1546 5173 1605 5215 ut
1641 5163 1812 5216 Judas
1869 5157 2160 5228 mvsticum
2210 5177 2303 5228 pa-

740 5242 864 5304 nem
893 5222 1095 5304 .I_u_d:eis
1111 5229 1511 5304 ostendendum
1529 5238 1853 5295 servaverit,
1881 5222 1946 5304 ad
1961 5222 2302 5283 conﬂandam

739 5296 1103 5368 eiginvidiain,
1138 5299 1229 5365 qui
1257 5315 1406 5359 eum,
1450 5315 1608 5352 suum
1637 5318 1839 5368 corpus
1865 5301 2097 5361 diceret,
2157 5307 2212 5352 et
2247 5308 2307 5352 ut

744 5366 852 5418 tale
881 5366 1173 5434 discipulis
1206 5368 1543 5421 tradidisset.
1576 5370 1651 5422 De
1691 5366 1937 5423 buccella
1971 5384 2035 5421 ac
2070 5368 2304 5420 intincto

741 5448 903 5506 parte,
925 5444 982 5486 et
1015 5453 1081 5489 an
1110 5437 1198 5488 ille
1225 5439 1484 5504 nusticus
1517 5440 1673 5506 panis
1700 5440 1883 5499 fuerit,
1910 5438 2059 5505 quod
2088 5438 2307 5489 videtur

742 5504 883 5556 velle
941 5505 1292 5568 Anastasius,
1338 5504 1557 5561 videndi
1619 5518 1749 5561 sunt
1772 5504 2136 5577 exposuorcs.
2160 5506 2305 5559 Con-

744 5586 906 5625 Biil-‘IS.

817 5645 892 5708 (ti)
921 5641 1009 5713 llis
1041 5652 1268 5713 peccant
1322 5644 1409 5696 Ine
1463 5644 1811 5713 interpretes.
1864 5645 2120 5697 Canisius
2158 5644 2305 5697 hunc

745 5710 928 5761 locum
965 5710 1042 5763 sic
1075 5711 1347 5781 reddidit:
1377 5714 1564 5781 Neque
1592 5710 1934 5767 venerandus
1986 5730 2183 5767 cruces
2212 5714 2302 5765 lio—

744 5793 928 5833 κονίη-ι
962 5780 1458 5849 rlsalutarepcrsc
1482 5780 1602 5837 ’Dco
1640 5784 1894 5849 placitum
1918 5792 2013 5848 est,
2061 5783 2297 5837 Combe-

2406 5089 2560 5143 ﬁsius
2583 5104 2713 5143 vero
2737 5107 2749 5143 :
2785 5088 3144 5143 Yenerandas
3167 5102 3361 5142 cruces
3402 5088 3676 5142 honorare
3700 5105 3769 5143 ac
3817 5106 3984 5146 oscu—

2407 5159 2529 5213 lari.
2554 5159 2741 5213 Graaca
2781 5173 2912 5213 vero
2967 5159 3049 5212 sic
3103 5158 3730 5212 liabentzV'enerandas
3782 5175 3988 5216 cruces

2406 5230 2667 5282 salutare.
2699 5228 2814 5281 lloc
2839 5244 2948 5282 non
2972 5227 3193 5289 suﬂicit,
3242 5227 3370 5295 quia
3434 5228 3616 5295 fugam
3651 5237 3710 5281 et
3745 5228 3988 5283 ablutio-

2408 5312 2532 5351 nem
2560 5298 2807 5350 sordium
2831 5298 3040 5365 peccati
3072 5296 3419 5366 postulabat;
3480 5296 3683 5349 desunt
3718 5298 3894 5366 igitur
3928 5300 3984 5354 iu

2410 5366 2601 5420 Graeco
2636 5367 2750 5420 luce
2774 5364 2964 5429 verba,
3019 5364 3251 5418 osculari
3287 5376 3344 5419 et
3370 5368 3675 5429 honorare;
3718 5364 3851 5420 nam
3884 5382 3981 5421 ve-

2414 5435 2755 5489 nerationem
2799 5436 2949 5490 cruci
2978 5435 3278 5487 exhibitam
3298 5450 3397 5503 per
3424 5435 3837 5499 salutationem,
3874 5452 3982 5491 non

2414 5519 2512 5571 per
2547 5507 2795 5558 osculum
2824 5516 2881 5558 et
2926 5506 3215 5565 honorem,
3254 5502 3459 5557 indicat
3489 5502 3834 5559 Anastasius.
3880 5506 3984 5560 Se-

2415 5573 2617 5637 cundo,
2652 5574 2784 5627 illud
2820 5590 2911 5642 per
2938 5571 3234 5643 nonplucct
3258 5571 3388 5634 Dro,
3414 5572 3561 5640 quod
3590 5573 3799 5643 legitur
3838 5575 3983 5643 apud

2412 5643 2714 5705 llanisium,
2755 5640 2869 5695 sive
2894 5640 3393 5712 'l‘urrianum,non
3420 5640 3726 5712 apparctin
3765 5640 3984 5710 Gréco,

2410 5719 2464 5765 et
2487 5712 2608 5781 jure
2632 5712 2994 5768 Conibclisius
3023 5710 3230 5767 omisit.
3256 5711 3418 5765 Basa.
