4200 6440
231 383 337 445 833

1434 379 1712 436 ORATIO
1755 377 1849 435 DE
1892 378 1951 436 S.
1992 377 2287 437 SYNAXL

3383 387 3489 450 85M

230 494 395 546 τοῦτο
428 493 716 563 κάθαρσις,
765 492 901 545 ἀλλὰ
944 492 1005 542 τὸ
1039 491 1344 558 ἀποεξυγεῖν
1382 491 1475 541 καὶ
1504 489 1805 541 ἀποπλῦναι

1919 503 2252 561 ceptumun
2284 502 2387 547 est.
2439 502 2497 545 ut
2528 494 2652 562 quis
2680 492 2876 564 fugiat,
2903 504 2958 549 et
2985 496 3489 567 emaeuletpeccati

226 587 323 637 τὸν
376 586 548 654 ῥύπον
598 586 707 637 τῶν
756 583 1205 655 ἁμαρτημάτων,
1268 581 1359 634 καὶ
1400 582 1813 650 ’ὲξομολογήσει,

228 679 329 729 καὶ
360 678 593 745 δάκρυσι
619 719 633 740 ,
692 678 785 730 καὶ
814 677 959 745 ψυχῇ
988 676 1439 745 τεταπεινωμὲνῃ
1474 675 1817 742 ἀποσμήχειν

227 767 341 817 τῶν
371 768 786 837 ἁμαρτημάτων
814 767 913 828 τὰς
943 767 1127 834 σειράς
1151 766 1248 833 (7),
1276 769 1369 817 καὶ
1392 764 1564 826 οὕτως
1586 764 1815 832 προσέρ-

229 858 425 925 χεσθαι
459 861 567 919 τοῖς
596 858 887 927 ἀκράντοις
919 858 1261 926 μυστηρίοις.

316 949 459 1000 Ἀλλ’
487 950 616 1011 ἴσως
650 951 769 1019 ἐρεῖ
798 965 880 1011 τις
902 964 915 979 ο
953 949 1065 1001 Οὐκ
1094 949 1321 1017 εὐχαρές
1354 964 1443 1016 μοι
1476 945 1537 997 τὸ
1560 945 1814 1015 δακρύειν

227 1040 329 1091 καὶ
385 1040 607 1110 θρηνεῖν
654 1041 865 1093 ἑαυτόν.
934 1039 1032 1091 Διά
1078 1039 1165 1097 τί;
1204 1040 1325 1090 ’Ὁτι
1375 1040 1435 1089 οὺ
1481 1040 1683 1101 πονεῖς,
1735 1038 1814 1088 ὅτι

226 1132 332 1181 οὐκ
378 1131 641 1201 αἰσθάνῃ,
696 1132 779 1183 ὅτι
829 1130 892 1183 οὑ
935 1129 1126 1199 λογίζῃ
1178 1129 1279 1198 τὴν
1324 1129 1563 1198 φοϐερὰν
1602 1128 1814 1197 ἡμέραν

226 1226 330 1289 τῆς
354 1224 588 1291 κρίσεως
607 1239 619 1250 ·
650 1223 799 1292 ὅμως
824 1224 873 1274 εἱ
902 1224 962 1273 ού
990 1221 1218 1274 δύνασαι
1245 1221 1536 1291 δακρῦσαι.
1569 1222 1671 1272 κᾶν
1699 1220 1814 1271 ἐπί-

229 1331 369 1364 πονα
401 1314 678 1378 στέναξον,
715 1313 809 1364 καὶ
843 1313 1163 1378 στύγνασον,
1201 1313 1295 1364 καὶ
1315 1312 1407 1362 τὸν
1425 1312 1634 1378 γέλωτα
1658 1311 1813 1379 περί-

228 1404 422 1470 κοψαι,
460 1404 565 1455 κᾶν
596 1402 695 1473 τὴν
726 1403 962 1470 ἔπαρσιν
990 1403 1318 1472 ἁπόρριψον,
1358 1404 1449 1455 καὶ
1482 1404 1619 1469 μετὰ
1646 1402 1812 1469 φόϐου

228 1493 551 1563 παράστηθι
606 1494 683 1563 τῷ
729 1496 996 1564 Δεσπότῃ,
1029 1495 1156 1555 τοὺς
1193 1493 1504 1562 ὀφθαλμοὺς
1541 1494 1677 1562 πρὸς
1711 1495 1811 1563 γῆν

225 1583 505 1644 νενευκὼς
533 1623 548 1644 ,
603 1586 696 1635 καὶ
739 1584 1201 1653 καταϐεϐλημένῳ
1227 1583 1306 1653 τῷ
1332 1586 1639 1653 φρονήματι
1666 1584 1812 1652 αὐτῷ

225 1674 743 1743 ἐξομολογούμενος.
780 1677 892 1744 Οὐχ
924 1677 1055 1745 ὁρᾷς
1087 1676 1214 1737 τοὺς
1245 1675 1323 1743 τῷ
1353 1675 1579 1745 ὲπιγείῳ
1598 1675 1813 1745 βασιλεῖ

226 1766 713 1833 παρισταμένους,
764 1766 1025 1827 πολλάκις
1069 1766 1123 1817 δὲ
1170 1766 1263 1818 καὶ
1305 1766 1494 1818 ἀσεϐεῖ
1520 1767 1655 1829 ὄντι,
1694 1766 1808 1828 πῶς

225 1857 377 1925 αὐτῷ
402 1857 770 1924 παρίστανται
803 1859 943 1924 μετὰ
971 1857 1154 1926 πάσης
1182 1857 1491 1920 εὐλαϐείας,
1524 1857 1661 1924 μετὰ
1688 1857 1809 1925 φρί-

223 1964 327 2015 κης
377 1947 516 2017 πρὸς
556 1948 716 1998 αὐτὸν
759 1946 1185 2011 ὲνατενίζοντες,
1250 1949 1387 2016 μήτε
1427 1946 1806 2016 φθεγγόμενοι,

226 2040 371 2108 μήτε
427 2038 934 2108 παρακινούμενοι,
998 2040 1136 2108 μήτε
1193 2035 1636 2108 περισπώμενοι·
1694 2039 1810 2090 ἀλλ’

224 2131 282 2179 ὲν
316 2130 520 2197 ἠσυχίᾳ
557 2130 652 2180 καὶ
684 2128 832 2196 φόϐῳ
862 2128 1011 2197 αύτῷ
1048 2128 1475 2197 παριστάμενοι;
1510 2128 1704 2197 Ἡμεῖς
1732 2128 1808 2190 δὲ,

222 2220 299 2282 ὼς
351 2221 412 2270 ὲν
460 2219 674 2288 θεάτρῳ
721 2220 753 2289 ἢ
804 2218 1106 2289 βαλανείῳ,
1162 2219 1333 2281 οὕτως
1373 2220 1432 2270 ἐν
1457 2221 1522 2289 τῇ
1554 2218 1649 2271 τοῦ
1675 2218 1809 2271 θεοῦ

221 2311 500 2381 ἐκκλησία
558 2311 986 2380 παριστάμεοα,
1050 2311 1358 2379 γελῶντες,
1420 2310 1806 2379 φλυαροῦντες,

220 2401 717 2471 λογολεσχοῦντες,
778 2402 1007 2463 ἑαυτοὺς
1053 2404 1396 2465 ἀπατῶντες,
1449 2402 1543 2453 καὶ
1587 2401 1808 2454 δοκοῦν-

221 2509 314 2554 τες
336 2492 416 2561 (8)
445 2494 527 2544 ὅτι
551 2494 610 2545 ἐν
636 2492 903 2562 ἐκκλησίᾳ
930 2492 1338 2563 παριστάμεοα.

295 2585 413 2637 υύκ
438 2580 611 2646 οἶδας,
642 2584 723 2635 ὅτι
752 2586 990 2654 ἰατρεῖον
1016 2585 1110 2635 καὶ
1133 2583 1297 2653 λιμήν
1322 2585 1469 2635 ἐστιν
1499 2585 1531 2651 ἡ
1554 2582 1649 2634 τοῦ
1674 2582 1807 2634 Θεοῦ

220 2676 527 2745 Euxinum;
556 2677 681 2727 Ἐὰν
708 2670 801 2727 οὖν
838 2677 894 2727 ἐν
923 2676 1000 2745 τῷ
1051 2677 1274 2745 ἰατρείῳ
1324 2675 1585 2746 διαμένῃς
1613 2676 1804 2739 νοσῶν,

221 2770 319 2821 καὶ
374 2768 451 2838 μὴ
501 2766 962 2835 θεραπευόμενος,
1011 2768 1141 2819 πότε
1176 2767 1356 2818 λοιπὸν
1390 2765 1661 2837 ίαθήσῃ¹ι;
1714 2769 1809 2819 καὶ

219 2861 321 2912 ἐὰν
371 2862 429 2911 ἐν
460 2858 539 2928 τῷ
571 2859 757 2928 λιμένι
800 2859 1038 2928 χειμάζῃ
1066 2900 1080 2921 ,
1137 2858 1240 2910 ποῦ
1270 2858 1453 2910 λοιπὸν
1480 2861 1804 2927 ἡσυχάσεις

221 2951 488 3020 Στήκετε,
519 2950 776 3013 δυσωπῶ,
814 2951 931 3018 μετ’
955 2950 1264 3010 εὐλαϐείας.
1301 2950 1536 3019 Στήκετε
1560 2950 1696 3017 μετὰ
1716 2950 1809 3015 φό-

220 3043 322 3091 ϐου
358 3042 419 3093 ὲν
446 3044 514 3110 τῇ
543 3042 752 3110 φοϐερᾷ
775 3041 893 3110 ὥρᾳ.
923 3041 1019 3109 τῆς
1046 3042 1353 3109 ἀναφορᾶς·
1387 3042 1475 3110 οἵᾳ
1497 3042 1604 3109 γὰρ
1632 3040 1808 3092 διαθέ-

1920 581 2358 650 inquinamenta,
2398 592 2453 636 ct
2483 587 2850 647 confessione,
2879 596 2936 639 et
2965 587 3487 659 lacrymis,onimo-

1915 690 2023 741 que
2056 673 2346 727 humiliato
2383 684 2439 727 et
2467 676 2706 729 demisso
2752 678 3081 731 delictorum
3108 692 3330 734 catenas
3380 682 3489 734 sol—

1916 777 2040 829 vat,
2085 767 2277 835 sicque
2301 768 2367 821 ad
2404 769 2753 822 immaculata
2787 772 3047 841 mysteria
3070 772 3313 826 accedat.

1984 946 2048 997 At
2072 944 2214 996 forte
2262 945 2463 999 dixerit
2488 946 2615 1015 quis
2641 964 2651 995 :
2675 946 2939 1015 Mripsum
2967 949 3172 1001 deflere
3197 958 3252 1004 et
3284 949 3488 1003 lamen-

1917 1036 2016 1087 tari
2071 1035 2216 1086 haud
2260 1036 2565 1103 jucundum
2620 1038 2752 1089 mihi
2805 1039 3027 1091 accidit.
3067 1039 3182 1103 Qua
3212 1040 3279 1093 de
3320 1056 3484 1094 causa

1916 1127 2082 1178 vero?
2108 1126 2246 1191 Quia
2300 1143 2408 1179 non
2464 1128 2713 1190 laboras,
2750 1128 2911 1199 453
2950 1130 3077 1197 quia
3146 1147 3252 1184 non
3290 1132 3485 1196 sentis,

1914 1220 2039 1286 quia
2072 1235 2179 1271 non
2222 1219 2525 1287 perpendis
2560 1222 2862 1274 terribilem
2913 1222 3059 1274 illam
3088 1222 3285 1291 judicii
3314 1224 3484 1277 diem.

1913 1310 2285 1363 Nihilominus
2311 1311 2355 1361 si
2394 1312 2522 1364 flere
2547 1327 2654 1363 non
2688 1320 2844 1378 potes
2867 1354 2880 1375 ,
2919 1316 3109 1366 saltem
3165 1314 3482 1383 ingemisce,

1913 1408 1967 1450 et
2004 1399 2254 1450 molestia
2288 1398 2541 1450 allicere:
2604 1400 2772 1451 risum
2809 1402 3132 1469 comprime,
3190 1405 3484 1457 elationem

1913 1490 2110 1558 abjice.
2132 1490 2198 1540 Et
2229 1505 2353 1540 cum
2390 1500 2584 1542 tnnorc
2618 1491 2850 1544 Domino
2881 1494 3097 1555 assiste,
3132 1496 3307 1549 oculis
3330 1495 3483 1549 humi

1913 1580 2129 1643 deﬁxis,
2162 1580 2475 1648 spirituque
2500 1581 2765 1649 depresso
2810 1592 2864 1635 et
2900 1593 3179 1651 prostrato
3219 1586 3319 1654 ipsi
3349 1602 3485 1640 eon-

1914 1672 2092 1725 ﬁtens.
2129 1673 2323 1725 Nonne
2367 1672 2521 1725 vides
2554 1674 2675 1725 illos
2709 1674 2804 1743 qui
2860 1685 3078 1728 terreno
3122 1677 3232 1745 regi
3280 1685 3482 1743 astant,

1913 1773 1961 1816 cl
2014 1763 2217 1831 szrpius
2275 1762 2500 1831 quidem
2558 1765 2764 1831 impio,
2808 1767 3089 1835 quomodo
3133 1767 3181 1819 ci
3222 1767 3486 1823 assistant

1911 1872 2035 1910 cum
2074 1855 2223 1907 omni
2259 1857 2599 1917 reverentia,
2631 1874 2752 1909 cum
2795 1868 3032 1913 trelnore
3077 1860 3128 1912 in
3176 1861 3352 1929 ipsum
3397 1877 3486 1915 rc-

1912 1947 2229 2014 Spicientes,
2282 1946 2490 2015 absque
2546 1948 2655 2000 ulla
2693 1964 2846 2009 voce,
2914 1949 3177 2009 motione,
3224 1962 3319 2004 aut
3370 1951 3485 2005 cir-

1912 2038 2364 2105 cnmagitatione,
2400 2036 2574 2104 quieti
2628 2054 2879 2105 prorsus,
2916 2040 3247 2107 pavorisque
3298 2040 3483 2108 pleni?

1913 2129 1979 2181 At
2028 2145 2130 2181 nos
2181 2128 2233 2181 in
2290 2128 2526 2181 ecclesia
2570 2129 2734 2180 aliter
2769 2146 2877 2181 nun
2934 2132 3154 2197 agimus
3200 2146 3363 2199 quam
3429 2131 3484 2183 in

1915 2221 2151 2281 theatro,
2180 2230 2274 2271 aut
2296 2219 2515 2283 balneo,
2552 2220 2808 2282 ridendo,
2844 2220 3126 2287 nugando,
3157 2220 3476 2289 garriendo.

1909 2312 2025 2377 Qua
2062 2310 2274 2362 ratione
2310 2310 2410 2378 ipsi
2446 2326 2547 2362 nos
2586 2310 2850 2370 fallimus,
2874 2309 2977 2363 rati
3024 2326 3127 2361 nos
3169 2310 3220 2362 in
3253 2311 3486 2365 ecclesia

1909 2412 2052 2449 CSSO.

1981 2585 2058 2638 An
2089 2585 2310 2652 ignoras
2364 2582 2654 2635 ecclesiam
2713 2583 2806 2635 Dei
2870 2584 3141 2637 oflicinam
3219 2586 3485 2639 medicam

1907 2693 2052 2738 esse,
2080 2686 2137 2729 et
2173 2684 2393 2744 portum
2417 2674 2438 2725 ?
2462 2674 2515 2726 Si
2548 2674 2787 2742 igiturin
2824 2675 2987 2727 domo
3013 2675 3209 2729 medici
3232 2694 3259 2728 a
3291 2676 3485 2729 morbo

1913 2778 2007 2822 tuo
2026 2783 2134 2821 non
2160 2766 2441 2821 libereris.
2472 2766 2563 2818 ubi
2592 2767 2658 2818 de
2681 2774 2882 2819 cmtero
2908 2766 3231 2819 curaberis?
3259 2766 3324 2818 Et
3354 2766 3398 2819 si
3429 2766 3482 2819 in

1910 2867 2076 2926 portu
2110 2855 2371 2909 ﬂuctibus
2390 2855 2639 2922 agiteris,
2680 2855 2771 2907 ubi
2807 2864 2995 2923 postea
3036 2854 3334 2923 quiesces?
3358 2856 3484 2908 Sta-

1913 2958 1986 3011 te,
2050 2947 2302 3006 obseero,
2369 2961 2491 2997 cum
2546 2945 2878 2997 rm‘erentia.
2920 2946 3073 2998 State
3122 2960 3246 2996 cum
3284 2945 3481 2998 timore

1913 3039 2199 3093 tremenda
2234 3039 2325 3091 illa
2346 3037 2675 3091 elevationis
2703 3037 2857 3089 hora.
2904 3036 3023 3100 Quo
3074 3038 3223 3090 enim
3258 3036 3478 3102 aﬂ'cctu,

221 3148 352 3195 σει,
408 3132 506 3184 καὶ
554 3131 650 3197 οἴῳ
697 3130 946 3200 λογισμῷ
994 3132 1329 3201 παρίσταται
1377 3131 1606 3194 ἕκαστος
1654 3131 1805 3199 ὑμῶν

1909 3140 1961 3184 ct
1994 3146 2104 3198 quo
2135 3130 2342 3191 animo,
2377 3129 2611 3197 quisque
2644 3128 2736 3181 illo
2775 3138 3019 3196 tempore
3055 3128 3296 3192 assistit;
3321 3129 3400 3182 sic
3424 3136 3483 3183 et

221 3226 347 3275 κατ’
368 3223 587 3292 ἐκείνην
614 3224 715 3291 τὴν
742 3221 891 3293 ὥραν
912 3262 929 3285 ,
987 3221 1161 3284 οὕτως
1206 3223 1301 3274 καὶ
1331 3224 1805 3291 προσαναφέρεται

218 3312 301 3380 τῷ
331 3313 605 3382 Δεσπὸτῃ.
638 3312 911 3382 ’Λναφορὰ
934 3312 1043 3379 γάρ
1072 3312 1287 3378 λέγεται
1316 3313 1406 3365 διὰ
1432 3313 1492 3364 τὸ
1517 3314 1652 3383 πρὸς
1674 3314 1805 3363 Θεὸν

219 3402 615 3473 ἀναφέρεσθαι.
654 3403 974 3472 Παράστηθι
999 3398 1092 3456 οὖν
1117 3403 1197 3473 τῷ
1230 3403 1348 3471 Θεῴ
1375 3406 1388 3443 i
1424 3405 1545 3472 μεθ’
1577 3404 1803 3472 ἡσυχίας

220 3496 319 3546 καὶ
367 3494 737 3557 κατανύξεως.
800 3494 1227 3564 Ἐξομολόγησαι
1278 3494 1355 3562 τῷ
1402 3495 1520 3561 Θεῷ
1568 3495 1656 3548 διὰ
1694 3495 1803 3546 τῶν

222 3585 421 3653 ἱερέων
449 3585 544 3647 τὰς
568 3585 845 3655 ἁμαρτιας
869 3602 985 3637 σου.
1020 3585 1397 3638 Καταδίκασόν
1422 3603 1516 3637 σου
1541 3586 1638 3648 τὰς
1662 3586 1802 3655 πρά·

220 3677 358 3741 ξεις,
383 3677 479 3728 καὶ
504 3675 581 3743 μὴ
604 3675 919 3746 αἰσχυνθῇς
939 3674 1054 3727 ἔστι
1078 3676 1187 3746 γὰρ
1208 3678 1469 3744 αἰσχύνη
1491 3676 1802 3743 ἐπάγουσα

215 3769 535 3835 ἁμαρτίαν,
590 3767 689 3820 καὶ
741 3767 913 3819 ἐστιν
953 3768 1213 3833 αισχύνη
1261 3767 1413 3829 δόξα
1466 3769 1563 3821 καὶ
1605 3768 1795 3836 χάρις.

218 3859 568 3925 Κατάκρινον
592 3857 821 3909 σεαυτὸν
852 3855 1081 3910 ἐνώπιον
1102 3857 1423 3926 ἀνθρώπων,
1458 3859 1541 3911 ἵνα
1568 3861 1798 3911 ἐνώπιον

217 3946 473 4014 ἀγγέλων
527 3949 623 3998 καὶ
672 3949 872 4008 παντὸς
925 3947 1019 3998 τοῦ
1066 3948 1273 4014 κόσμου
1326 3950 1353 4000 ὁ
1401 3951 1595 4017 κριτής
1627 3966 1685 4001 σε
1715 3949 1796 4001 δι-

216 4038 465 4109 καιώσῃ·
498 4038 721 4106 αἶτησαι
748 4037 916 4100 ἔλεος,
950 4040 1173 4106 αῖτησαι
1201 4040 1554 4108 συγγνώμην,
1574 4042 1798 4107 αῖτησαι

215 4128 415 4195 ἄφεσιν
443 4127 554 4179 τῶν
584 4126 985 4195 παρελθόντων,
1022 4130 1116 4180 καὶ
1144 4127 1415 4197 λύτρωσιν
1442 4128 1550 4181 τῶν
1580 4130 1799 4197 μελλόν-

214 4233 347 4279 των,
384 4218 473 4268 ῖνα
500 4217 817 4285 πρεπόντως
845 4219 957 4279 τοῖς
991 4217 1315 4287 μυστηρίοις
1347 4219 1670 4290 προσέλθῃς,
1709 4220 1797 4272 ἵνα

217 4306 448 4377 καθαρῷ
499 4307 762 4359 συνειδότι
819 4308 912 4359 τοῦ
969 4306 1220 4376 σώματος
1276 4307 1373 4359 καὶ
1423 4308 1517 4360 τοῦ
1563 4309 1797 4378 αἵματος

219 4398 567 4469 μεταλάϐῃς,
615 4399 701 4451 ἴνα
735 4416 831 4450 σου
862 4399 939 4460 είς
968 4400 1253 4468 κάθαρσιν,
1300 4400 1393 4451 καὶ
1424 4399 1499 4469 μὴ
1525 4402 1603 4462 εἰς
1628 4403 1794 4456 κατά-

1908 3223 1976 3275 ad
2010 3221 2309 3275 Dominum
2348 3236 2571 3273 sursum
2614 3220 2814 3273 fertur.
2855 3220 3127 3289 ’Λναφορὰ
3168 3218 3336 3282 enim,
3365 3220 3480 3273 sive

1906 3313 2147 3366 elevatio
2203 3311 2430 3371 dicitur,
2479 3310 2608 3378 quia
2666 3324 2884 3363 sursum
2939 3312 3005 3362 ad
3058 3310 3229 3363 Deum
3277 3309 3477 3364 fertur.

1906 3404 2115 3457 Assiste
2140 3403 2313 3471 igitur
2330 3402 2441 3454 Dco
2463 3401 2654 3467 quiete
2685 3411 2741 3452 ct
2766 3409 3099 3468 compuncto
3125 3401 3314 3453 corde.
3336 3401 3481 3455 Con-

1906 3497 2062 3549 fitere
2103 3496 2215 3547 Deo
2252 3510 2351 3562 per
2380 3491 2696 3544 sacerdotes
2724 3502 2951 3559 peccata
2982 3491 3112 3558 (tua.
3156 3491 3475 3549 Condemna

1904 3587 2151 3639 actiones
2185 3595 2330 3644 tuas,
2358 3593 2413 3636 et
2438 3598 2505 3635 ne
2528 3582 2844 3636 erubescas.
2874 3584 2970 3639 Est
2996 3584 3143 3636 enim
3174 3586 3346 3653 pudor
3385 3588 3477 3654 qui

1904 3677 2125 3730 adduxit
2152 3684 2448 3743 peccatum,
2482 3681 2529 3723 ct
2582 3682 2660 3723 est
2691 3675 2861 3741 pudor
2902 3675 2992 3742 qui
3018 3674 3247 3742 gloriam
3269 3683 3319 3727 et
3351 3692 3477 3745 gra-

1903 3771 2032 3821 tiam
2059 3768 2079 3796 ⁸
2115 3764 2279 3833 parit.
2309 3761 2627 3817 Condemna
2662 3770 2714 3815 te
2747 3763 2802 3815 in
2834 3772 3131 3831 conspectu
3166 3764 3472 3828 hominum,

1903 3868 1964 3912 ut
1995 3872 2179 3911 coram
2215 3854 2425 3923 angelis
2476 3861 2703 3922 totoque
2750 3855 2959 3908 mundo
2979 3855 3154 3909 Judex
3186 3865 3240 3910 te
3273 3857 3477 3926 justifi-

1901 3959 2009 4004 cet.
2080 3948 2209 4003 Pete
2261 3946 2725 4011 misericordiam,
2758 3956 2882 4016 pete
2930 3947 3173 4011 veniam,
3224 3958 3349 4018 pete
3384 3965 3472 4002 re-

1901 4040 2222 4095 missionem
2252 4039 2681 4107 praeteritorum,
2718 4048 2774 4092 et
2834 4040 3215 4093 liberationem
3241 4058 3271 4095 a
3327 4042 3475 4095 futu-

1901 4135 2001 4196 ris,
2030 4140 2092 4185 ut
2116 4132 2280 4200 digne
2317 4130 2384 4183 ad
2437 4138 2588 4184 tanta
2648 4132 2908 4201 mysteria
2964 4136 3214 4195 accedas,
3247 4141 3307 4186 ut
3336 4149 3472 4202 pura

1900 4221 2238 4277 conscientia
2267 4235 2471 4288 corpus
2499 4230 2554 4273 et
2578 4221 2903 4290 sanguinem
2932 4222 3253 4292 participes,
3278 4232 3340 4276 ut
3370 4223 3470 4276 tibi

1901 4317 2059 4373 cedat
2088 4314 2153 4367 ad
2200 4312 2653 4366 emundationem
2706 4323 2763 4367 et
2808 4314 3203 4383 expiationem,
3256 4331 3367 4369 non
3402 4317 3470 4369 ad

1897 4407 2189 4477 judicium.
2216 4404 2362 4457 Audi
2392 4404 2641 4457 divinum
2675 4405 2908 4459 Paulum
2932 4407 3243 4461 dicentem:
3284 4407 3472 4462 Probet

215 4505 397 4558 κριμα
418 4468 669 4557 γένηται.
695 4489 961 4541 Ἄκουσον
985 4487 1082 4540 τοῦ
1108 4488 1254 4539 θείου
1279 4468 1493 4540 Παύλου
1511 4490 1761 4557 λέγοντος
1779 4508 1793 4522 ·

1903 4468 2077 4551 autem
2100 4496 2329 4562 seipsum
2351 4495 2521 4554 homo,
2554 4504 2604 4545 et
2629 4496 2703 4547 sic
2737 4496 2799 4547 de
2851 4514 2987 4561 pane
3014 4497 3109 4548 illo
3144 4499 3283 4560 edat,
3318 4508 3367 4549 et
3408 4499 3472 4550 dc

215 4577 581 4648 Δοκιμαζέτω
604 4579 673 4632 δὲ
707 4578 1008 4645 ἕκαστοςὶ
1045 4580 1297 4643 ἑαυτὸν,
1350 4581 1449 4633 καὶ
1492 4583 1682 4648 οὕτως
1725 4585 1794 4637 ἐκ

214 4672 325 4728 τοῦ
350 4672 537 4741 ἄρτου
564 4671 829 4732 ἐσθιέτω,
878 4672 976 4725 καὶ
1008 4672 1076 4725 ἐκ
1103 4671 1209 4725 τοῦ
1233 4674 1522 4741 ποτηρίου
1554 4677 1791 4732 πινέτω.

280 4789 305 4817 ⁵
344 4789 517 4844 Eceli.
543 4804 617 4854 ιν,
655 4788 744 4843 25.

1901 4586 2061 4639 calice
2105 4584 2265 4635 bibat.
2323 4580 2424 4645 Qui
2449 4584 2586 4634 enim
2628 4584 2915 4636 maiiducat
2968 4595 3018 4638 et
3064 4586 3184 4637 bibit
3232 4587 3467 4653 indigne,

1892 4676 2154 4748 judicium
2177 4673 2274 4725 sibi
2307 4673 2591 4726 manducet
2624 4682 2673 4726 et
2708 4674 2853 4738 bibit,
2884 4691 2987 4727 non
3041 4677 3336 4742 diiudicari:
3353 4693 3468 4729 cor-

1507 4904 1740 4960 ἾΑΒΙΑΞ
1769 4903 2172 4963 LECTIONES.

287 4998 320 5038 ι
342 4995 481 5052 Cod.
510 4994 787 5064 ίατρεύσῃ.
874 4997 889 5033 ί
922 4994 1054 5049 Can.
1088 4996 1325 5064 Χριστῳ.
1424 4993 1439 5043 i
1481 4994 1786 5065 ἄνθρωπος.

1791 5110 2023 5168 ΝΟΤΛΕ.

290 5198 577 5273 (ἹλΗαιιιΙ
610 5199 865 5273 Δἀιιιιίιιιιι
921 5216 1043 5273 esse
1073 5200 1324 5273 vitiosam
1375 5201 1638 5265 litteram.
1681 5219 1789 5273 qua

216 5270 337 5326 est:
378 5270 748 5338 Ἀποσμήχειν
780 5272 969 5338 σειράς
989 5288 1003 5300 ·
1038 5286 1140 5324 nec
1171 5271 1318 5324 enim
1347 5270 1788 5327 catenzeabster-

216 5348 492 5419 guntur‘a
524 5353 791 5419 corpore;
828 5340 1039 5419 idcirco
1097 5341 1390 5419 legendum
1426 5344 1615 5409 putavi
1661 5345 1787 5395 σπί-

217 5409 318 5482 ῑιας
336 5424 350 5437 ·
387 5416 451 5461 ιιι
477 5417 672 5482 urgeat
691 5409 1549 5482 A_na_stasius_metaphuram,_ac
1581 5428 1785 5482 purga-

220 5480 450 5549 tionem,
496 5479 588 5530 cui
640 5478 845 5532 insistit
883 5488 999 5549 toto
1028 5479 1133 5534 hoc
1162 5494 1419 5533 numero.
1470 5478 1781 5549 [nte—rprés:

219 5546 544 5601 Deliciarum
585 5555 800 5599 catenas
844 5547 1051 5613 solvat;
1105 5549 1199 5602 sed
1255 5558 1343 5603 est
1389 5550 1495 5603 hoc
1542 5546 1784 5605 alienum

218 5616 373 5671 valde
400 5630 434 5669 a
467 5614 623 5669 verbi
664 5616 815 5688 illius
856 5618 1281 5688 signiﬁcatione,
1328 5633 1433 5673 nec
1478 5620 1781 5688 quidquam

216 5699 601 5754 consequens:
651 5685 792 5739 nihil
820 5685 966 5739 enim
1016 5687 1285 5741 hactenus
1313 5688 1382 5742 de
1425 5685 1664 5743 vinculis
1686 5700 1782 5743 aut

214 5752 496 5811 solutione
520 5752 591 5809 ab
621 5754 723 5821 eis,
759 5755 856 5812 sed
889 5756 1068 5812 solum
1093 5757 1162 5814 de
1196 5759 1435 5828 puritate
1467 5761 1781 5814 necessaria

1897 5201 1964 5254 ad
2035 5201 2817 5272 dignamncommunioncm,
2881 5200 3063 5270 deque
3113 5213 3462 5272 peccatorum

1895 5270 2149 5326 eluendis
2168 5270 2446 5325 sordibus.
2471 5270 2749 5325 Counsns.

1967 5343 2043 5410 (8)
2074 5340 2196 5395 Hzec
2212 5356 2279 5394 ex
2299 5340 2486 5404 editis,
2520 5343 2717 5394 lacuna
2753 5342 2807 5394 in
2845 5356 2949 5393 ms.
2984 5340 3297 5409 Legendum
3330 5359 3463 5398 vero

1900 5413 1974 5478 μὴ
2002 5411 2318 5472 δοκοῦντες·
2353 5425 2417 5464 ac
2439 5412 2715 5479 negative,
2753 5411 2952 5479 liquet,
2989 5413 3256 5480 quidquid
3294 5414 3465 5465 inter-

1897 5496 2023 5547 pres
2078 5480 2305 5533 devoret
2352 5497 2364 5532 :
2401 5496 2468 5534 ex
2500 5496 2568 5534 eo
2626 5480 2773 5533 enim
2802 5482 2948 5549 quod
3007 5497 3115 5534 non
3146 5492 3464 5550 reputemus

1894 5565 2017 5603 esse
2047 5550 2220 5603 nosin
2252 5551 2372 5604 loco
2399 5566 2578 5612 sacro,
2606 5565 2669 5602 ac
2722 5551 2834 5604 Deo
2869 5553 3151 5616 assistere,
3184 5561 3334 5605 tanta
3371 5553 3462 5606 illa

1894 5635 2206 5687 peccamus,
2237 5635 2304 5673 ac
2329 5635 2431 5673 nos
2456 5620 2791 5687 decipimus,
2831 5621 2905 5673 ita
2953 5621 3008 5673 in
3044 5638 3113 5676 eo
3167 5622 3459 5687 habentes,

1889 5704 1952 5743 ac
1979 5690 2312 5745 haberemus
2351 5691 2407 5744 in
2434 5689 2666 5759 profano
2699 5691 2838 5746 loco.
2875 5690 3058 5747 Casus.
