4200 6440
701 394 802 454 δ’ἰῦ
1900 383 1959 439 S.
2002 374 2406 439 ANASTASH
2446 371 2774 434 SlNAlTxE
3871 358 3983 419 836

705 523 801 578 pus
834 502 1065 559 Domini.
1088 502 1210 556 Ideo
1240 501 1380 553 inter
1410 515 1497 553 vos
1516 495 1889 565 multiinﬁrmi
1911 506 1959 548 et
1978 493 2283 555 imbecilles,

2424 492 2467 542 Ο
2492 490 2602 556 γὰρ
2636 486 2858 538 ἐσθίων
2887 482 2983 534 καὶ
3008 481 3202 531 πίνων
3227 477 3490 542 ἀναξίως
3512 515 3527 539 ,
3586 476 3760 544 κρῖμα
3786 473 3984 537 ἑαυτῴ

707 570 756 651 et
783 598 1051 651 dormiunt
1077 592 1230 647 multi
1267 593 1309 646 ⁸.
1340 588 1752 647 Animadvertis
1808 587 2187 642 inﬁrmitatem
2235 594 2291 639 et

2422 582 2582 633 σοιἐι
2642 578 2735 629 καὶ
2793 576 2951 626 πίνει
2981 614 2995 633 ,
3052 571 3139 640 μὴ
3194 570 3513 637 διακρίνων
3560 570 3627 620 τὸ
3669 570 3842 634 σῶμα
3874 570 3984 618 τοῦ

710 699 944 743 mortem
969 685 1171 740 crebro
1201 686 1336 741 oriri
1365 700 1434 740 ex
1483 684 1590 738 hoc
1641 680 1793 753 quod
1824 680 2051 750 indigne
2096 678 2164 733 ad
2202 678 2289 733 di-

711 784 838 836 vina
872 780 1133 851 mysteria
1163 778 1387 834 aditur?

787 1053 951 1107 Forte
976 1050 1164 1105 dices:
1194 1048 1263 1103 Et
1292 1048 1548 1117 quisnam
1572 1044 1776 1114 dignus
1797 1043 1915 1097 est?
1938 1041 2071 1095 Novi
2102 1039 2206 1093 ltoe
2238 1047 2296 1092 et

716 1161 841 1216 ego.
863 1145 1119 1198 Attamen
1145 1142 1349 1211 dignus
1376 1140 1494 1202 lies,
1528 1137 1835 1191 dummodo
1874 1134 2295 1201 velis.Agnosce

723 1248 776 1292 te
798 1243 1175 1306 peccatorem.
1207 1233 1374 1301 Eripe
1410 1239 1463 1284 te
1505 1246 1535 1283 a
1571 1239 1817 1299 peccato.
1847 1227 2065 1280 Absistc
2100 1243 2129 1278 a
2165 1239 2295 1294 pec-

720 1339 871 1390 cato,
900 1338 955 1381 et
995 1325 1162 1397 454
1186 1340 1217 1378 a
1245 1324 1483 1389 malitia,
1525 1332 1583 1376 et
1618 1323 1687 1375 ab
1718 1322 1819 1373 ira.
1847 1318 2090 1373 Ostende
2129 1333 2297 1388 opera

722 1419 1085 1489 paenitentiae.
1114 1416 1286 1470 Indue
1308 1412 1758 1483 temperantiam.
1786 1408 2295 1469 mansuetudinem,

723 1509 1222 1581 longanimitatem.
1276 1508 1351 1560 De
1392 1505 1674 1559 fructibus
1730 1502 1961 1573 iustitia:
2001 1517 2191 1571 prome
2246 1500 2299 1552 in

722 1617 929 1671 egenos
966 1598 1498 1662 condoleseenliam,
1548 1605 1605 1649 et
1635 1595 1849 1648 viscera
1885 1592 2300 1655 misericordiae,

725 1692 1038 1760 dignusque
1062 1690 1241 1742 factus
1273 1703 1354 1741 es.
1391 1687 1589 1739 Preces
1616 1683 1785 1737 funde
1812 1682 1880 1736 ad
1912 1682 2085 1735 Deum
2117 1683 2302 1734 animo

728 1785 990 1847 contrito,
1027 1793 1083 1836 et
1135 1782 1247 1851 ipse
1299 1779 1554 1850 implebit
1614 1777 1914 1847 petitiones
1950 1786 2098 1839 tuas;
2148 1776 2299 1843 quia,

2391 674 2639 739 Κυρίου.
2701 669 2803 721 Διὰ
2828 664 3005 719 τοῦτο
3051 665 3123 715 ἐν
3150 662 3292 731 ὑμῖν
3335 660 3553 715 πολλοὶ
3578 659 3859 723 ἀσθενεῖς
3882 656 3985 710 καὶ

2394 765 2689 833 ᾶρῤωστοι
2715 800 2729 819 .
2786 757 2883 810 καὶ
2934 753 3251 825 κοιμῶνται
3298 753 3516 805 ίκανοί.
3560 753 3726 821 ὐιρᾷς
3770 753 3853 803 ὅτι
3886 752 3987 803 καὶ

2393 854 2673 913 ἀσθένεια,
2703 850 2799 902 καὶ
2824 848 3049 901 θάνατοι
3079 847 3153 907 ὡς
3184 845 3277 897 ἐπὶ
3298 844 3361 896 τὸ
3384 844 3638 895 πλεῖστον
3657 844 3985 909 ἐπάγονται,

2393 946 2484 998 διά
2504 946 2567 996 τὸ
2590 944 2825 1007 ἀναξίως
2853 942 2964 1003 τοῖς
2988 938 3154 993 θείοις
3182 937 3504 1006 μυστηρίοις
3537 935 3943 1006 προσέρχεσθαι
3969 951 3985 995 ς

2480 1034 2622 1087 Ἀλλ’
2642 1036 2773 1096 ἴσως
2805 1035 2970 1101 ἐρεῖς·
3006 1032 3112 1083 Καὶ
3135 1030 3217 1091 τίς
3240 1028 3412 1093 άξιος,
3440 1028 3675 1096 φησίνις
3708 1024 3840 1079 Οἶδα
3864 1025 3990 1077 τοῦ-

2397 1147 2459 1183 το
2491 1125 2671 1195 κάγώ.
2728 1124 2870 1176 Ἀλλ’
2909 1124 3060 1192 ὅμως
3110 1121 3259 1183 ἄξιος
3293 1122 3536 1188 γενήσῃ,
3585 1121 3747 1189 μόνον
3779 1118 3829 1168 εἰ
3862 1116 3990 1186 βου-

2399 1222 2589 1291 ληθῇς.
2669 1215 2970 1283 Ἐπίγνωθι
3038 1213 3236 1266 σαυτὸν
3295 1211 3643 1281 ἁμαρτωλὸν.
3711 1210 3993 1278 Ἔκκσῷον

2400 1314 2597 1367 ἑαυτὸν
2624 1314 2725 1380 τῆς
2756 1307 3056 1380 ἁμαρτίας.
3098 1303 3395 1373 Ἀπόστηθι
3429 1304 3526 1373 τῆς
3553 1302 3851 1371 ἁμαρτίας,
3894 1301 3991 1353 καὶ

2400 1409 2498 1477 τῆς
2519 1406 2808 1476 πονηρίας,
2833 1401 3043 1469 καὶτῆς
3061 1400 3251 1469 ὀργῆς.
3274 1397 3458 1461 Δεῖξον
3478 1397 3547 1448 τά
3571 1396 3672 1464 τῆς
3695 1393 3994 1465 μετανοίας

2403 1500 2569 1571 ἔργα·
2631 1493 2906 1550 ἀναλαίοῦ
2962 1490 3351 1561 σωφροσύνην,
3406 1487 3719 1557 πραότητα,
3778 1501 3994 1555 μακροε-

2405 1593 2629 1659 θυμίαν.
2685 1584 2986 1649 Ἐπίδειξαι
3050 1582 3399 1652 συμπάθειαν
3459 1580 3566 1633 ἀπὸ
3615 1576 3849 1647 καρπῶν
3911 1576 3993 1627 δι-

2404 1681 2702 1748 καιοσύνης
2751 1678 2847 1729 ἐπὶ
2879 1678 2995 1738 τοῖς
3038 1673 3340 1742 δεομένοις,
3388 1672 3485 1724 καὶ
3537 1674 3768 1738 γέγονας
3820 1666 3993 1731 ἄξιος.

2408 1774 2641 1843 Δεήθητι
2670 1770 2765 1825 τοῦ
2794 1768 2931 1822 Θεοῦ
2961 1770 3019 1820 ἐν
3037 1768 3185 1835 ψυχῇ
3216 1763 3682 1833 συντετριμμένῃ,
3712 1761 3807 1814 καὶ
3828 1760 3995 1822 αὐτὸς

728 1877 833 1930 nisi
869 1876 973 1929 hoc
1008 1874 1229 1936 feceris,
1278 1873 1483 1926 frustra
1522 1872 1577 1925 in
1612 1869 1845 1924 ecclesia
1882 1879 2100 1937 tempus
2148 1868 2301 1921 teris.

2421 1835 2819 1935 πληροφορήσει
2873 1861 2942 1913 τά
2992 1858 3279 1928 αἰτήματά
3319 1873 3412 1909 σου
3435 1871 3449 1886 ’
3505 1854 3629 1907 ἐπεὶ
3658 1856 3705 1906 εί
3736 1852 3813 1923 μὴ
3840 1852 4000 1905 τοῦτο

730 1971 848 2023 Νοιι
878 1985 996 2023 mea
1026 1968 1142 2022 haec
1174 1984 1300 2029 vox,
1337 1966 1431 2020 sed
1466 1963 1683 2018 Domini
1709 1962 1977 2015 dicentis:
2011 1960 2150 2024 Quid
2166 1962 2307 2012 enim

731 2058 941 2110 (licitis:
973 2056 1212 2117 Domine,
1254 2054 1499 2115 Domine,
1548 2062 1595 2104 et
1629 2067 1733 2103 non
1764 2050 1938 2118 facitis
1982 2048 2308 2101 voluntatem

734 2152 932 2203 meam’
956 2154 978 2201 ’ί
1000 2149 1213 2202 Etenim
1234 2147 1367 2215 ﬁdes
1390 2149 1503 2200 sine
1524 2146 1770 2215 operibus
1785 2152 1995 2196 mortua
2014 2152 2087 2194 est
2103 2140 2147 2195 ⁸.
2166 2141 2309 2207 Quid

734 2245 900 2313 ergo?
923 2242 1193 2311 obiecerit
1217 2242 1364 2309 quis,
1404 2257 1473 2293 an
1499 2240 1627 2308 quia
1654 2239 1796 2289 male
1820 2235 1981 2288 lactis
2008 2234 2311 2287 obstrictus

736 2352 882 2395 sum,
916 2335 1039 2386 ideo
1069 2333 1140 2385 ab
1191 2332 1438 2384 oratione
1481 2346 1726 2393 cessare,
1753 2343 1934 2397 neque
1980 2327 2035 2381 in
2077 2325 2309 2380 ecclesia

738 2424 835 2477 Dei
870 2422 1078 2475 versari
1128 2421 1349 2473 debet)?
1397 2420 1515 2473 Non
1561 2420 1677 2473 haec
1727 2433 1850 2471 mea
1902 2433 2082 2480 mens,
2131 2432 2312 2487 neque

741 2516 854 2568 line
882 2529 1001 2566 mea
1026 2512 1203 2565 tendit
1254 2510 1456 2563 oratiu.
1490 2510 1597 2563 Sed
1631 2509 1911 2578 quomodo
1950 2524 2112 2561 orare
2146 2524 2314 2577 opor-

742 2615 876 2667 teat,
911 2604 1184 2675 admoneo
1232 2613 1313 2664 ut,
1351 2618 1475 2655 cum
1502 2602 1569 2654 ad
1627 2601 1935 2653 orationem
1976 2600 2315 2661 accedimus,

742 2696 945 2748 divina:
972 2693 1243 2762 inajestati
1285 2692 1682 2744 convenienter
1704 2700 1983 2754 astemus;
2028 2705 2095 2742 ne
2122 2700 2177 2742 et
2217 2706 2317 2741 no-

745 2787 833 2840 bis
855 2785 1120 2839 Dominus
1149 2784 1300 2835 dicat
1343 2782 1496 2851 quod
1536 2782 1778 2834 Judaeis:
1837 2781 2036 2833 Domus
2062 2798 2178 2833 mea
2221 2781 2317 2831 «Ιο-

747 2895 864 2931 mus
901 2876 1158 2928 orationis
1191 2876 1480 2936 vocabitur,
1524 2890 1609 2925 vos
1640 2890 1761 2924 vero
1786 2874 1959 2941 facitis
2004 2872 2154 2924 illam
2205 2888 2323 2938 spe-

749 2967 960 3019 luncam
984 2965 1253 3016 latronum
1279 2965 1319 3015 τ’.
1345 2964 1399 3013 Si
1426 2964 1574 3015 enim
1599 2963 1901 3015 vendentes
1919 2971 2246 3014 clementes
2269 2961 2320 3012 in

746 3055 982 3110 Judaico
1010 3055 1213 3121 templo
1237 3054 1468 3121 ﬂagellis
1504 3070 1533 3105 a
1563 3054 1798 3106 Domino
1834 3054 1995 3123 cjecti
2023 3062 2174 3117 sunt,
2203 3068 2325 3121 qua:

2409 1959 2698 2026 ποιήσεις,
2764 1954 2943 2025 μάτην
2996 1949 3281 2020 σχολάζεις
3327 1950 3386 2001 ἑν
3430 1950 3497 2017 τῇ
3528 1946 3816 2016 ἐκκλησίᾳ.
3882 1945 4001 1997 Οὐκ

2409 2050 2539 2120 ἐμὸς
2570 2051 2599 2100 ὁ
2628 2048 2810 2114 λόγος,
2835 2045 2971 2098 ἀλλὰ
3005 2043 3301 2112 δεσποτικὴ
3326 2045 3359 2111 ὴ
3385 2043 3556 2110 φωνή·
3598 2042 3658 2092 Τί
3687 2042 3816 2109 γὰρ,
3840 2039 4002 2107 φησὶ.

2411 2143 2617 2208 λέγετε
2648 2140 2715 2190 τὸ
2748 2178 2762 2198 ,
2822 2138 3019 2202 Κύριε,
3064 2136 3263 2202 Κύριε,
3323 2134 3425 2186 καὶ
3464 2136 3537 2187 οὐ
3571 2132 3790 2185 ποιεῖτε
3820 2131 3887 2184 τὸ
3910 2130 4005 2183 θέο

2410 2231 2575 2300 Anyti
2617 2246 2772 2300 ttov;
2836 2230 2944 2280 Καὶ
2984 2227 3094 2296 γὰρ
3142 2228 3180 2293 ἡ
3222 2227 3429 2291 πίστις
3460 2225 3637 2294 χωρίς
3670 2223 3789 2275 τῶν
3814 2223 4007 2290 ἔργων

2412 2324 2597 2389 νεκρὰ
2620 2324 2774 2375 ἐστι.
2812 2320 2921 2373 Καὶ
2945 2321 3020 2380 τί,
3047 2319 3234 2386 φησὶν,
3261 2318 3453 2385 ἐπειδὴ
3477 2316 3691 2385 πονηρά
3712 2316 3851 2384 ἔργα
3874 2315 4005 2384 ἔχω,

2413 2415 2475 2466 οὐ
2503 2414 2582 2465 δεῖ
2611 2410 3046 2483 προσεύχεσθαις
3085 2410 3144 2459 οὐ
3170 2408 3253 2459 δεῖ
3283 2409 3339 2459 ἐν
3362 2410 3429 2476 τῇ
3454 2407 3549 2459 τοῦ
3574 2406 3711 2461 θεοῦ
3735 2406 4009 2475 ἐκκλησίᾳ

2419 2505 2731 2574 σχολάζεινς
2760 2506 2830 2555 Ο)
2853 2502 3011 2555 τοῦτο
3029 2500 3193 2568 λέγω,
3214 2500 3332 2553 οὐδὲ
3354 2499 3515 2552 τοῦτο
3539 2501 3845 2567 ἐπιτρέπωο
3871 2497 4011 2550 ἀλλὰ

2418 2598 2477 2649 τὸ
2501 2596 2575 2657 ὡς
2602 2596 2684 2647 δεῖ
2714 2592 3115 2663 προσεύχεσθαι
3146 2590 3472 2661 παρακαλῶ,
3496 2590 3581 2641 ἵνα
3611 2592 3671 2643 ἐν
3693 2593 3815 2653 ταῖς
3840 2606 4012 2659 προσο

2420 2690 2607 2756 ευχαῖς
2641 2685 3075 2754 προσερχόμενοι
3113 2683 3432 2753 θεοπρεπῶς
3465 2682 3881 2751 παριστάμεθω
3926 2683 4013 2733 ἵνα.

2425 2780 2501 2848 μὴ
2533 2778 2629 2829 καὶ
2660 2778 2795 2846 πρὸς
2829 2777 2973 2844 ἡμᾶς
3006 2776 3138 2845 εἴπῃ
3167 2777 3196 2826 ὁ
3224 2775 3492 2844 Χριστος,
3551 2774 3743 2840 ὦιπερ
3772 2774 3868 2825 καὶ
3902 2776 4014 2834 τοῖς

2436 2870 2738 2930 Ἰουδαίας-
2788 2869 2849 2919 '0
2880 2865 3045 2932 οἶκός
3067 2885 3187 2935 μου
3218 2863 3382 2931 οἶκος
3410 2864 3761 2934 ,προσευχῆς
3790 2864 4017 2927 κληθή-

2424 2978 2637 3023 σεται,
2714 2962 2880 3029 ὑμεῖς
2937 2959 3005 3011 δὲ
3075 2959 3401 3023 ἐποιήσατε
3455 2960 3645 3012 αὐτὰ·
3707 2959 4020 3018 σπήλαιον·

2425 3051 2691 3117 λῃστῶν.
2776 3052 2838 3103 ΕΞ
2885 3052 2992 3121 γὰρ
3050 3053 3099 3102 οἱ
3151 3050 3457 3112 πωλοῦντες
3512 3053 3604 3103 καὶ
3651 3050 4021 3119 ἀγοράζοντες

750 3160 915 3216 paena
967 3153 1025 3197 et
1096 3144 1349 3213 gehenna
1412 3143 1748 3198 decernetur
1811 3144 1920 3196 illis
1977 3144 2070 3213 qui
2118 3143 2316 3197 mutuis

2430 3146 2489 3194 ἐν
2538 3142 2617 3211 τῷ
2646 3141 2925 3211 Ἰουδαῖκῷ
2965 3142 3078 3211 ναῷ
3121 3146 3455 3211 τυπτόμενοι
3491 3143 3598 3196 ὑπὸ
3624 3144 3831 3210 Κυρίου
3865 3141 4023 3194 ἐδιώ-

753 3236 1025 3289 conviciis
1056 3236 1525 3304 seproscindunt,
1558 3245 1615 3289 et
1642 3235 1971 3301 injuriarum
2004 3234 2325 3287 memoriam

756 3327 1035 3381 retinent?
1055 3326 1198 3391 Quid
1216 3327 1475 3395 supplicii
1502 3342 1611 3380 non
1634 3326 1915 3395 inlligetnr
1940 3327 2121 3390 nobis,
2142 3328 2234 3395 qui
2260 3328 2329 3380 de

757 3420 962 3474 castris
988 3419 1084 3473 Dei
1102 3433 1423 3483 censemur,
1449 3428 1506 3472 et
1533 3419 1756 3472 diabolo
1777 3418 2143 3489 subjicitnur‘:

827 3600 897 3657 At
917 3601 1065 3655 enim
1094 3616 1220 3655 cum
1245 3600 1506 3655 sacerdos
1553 3601 1627 3654 sit
1665 3600 1937 3654 mediator
1984 3602 2131 3654 inter
2163 3600 2333 3654 Deum

761 3702 820 3746 et
863 3693 1139 3757 homines,
1187 3692 1475 3761 Deumque
1526 3708 1629 3762 pro
1660 3693 1906 3761 peccatis
1958 3692 2338 3746 multitudinis

764 3784 1049 3853 propitiet,
1077 3782 1390 3845 considera,
1423 3798 1549 3844 oro,
1592 3798 1704 3851 quo
1746 3794 1911 3852 pacto
1958 3800 2155 3838 omnes
2195 3802 2337 3854 pra:-

766 3877 983 3930 muniat
1020 3884 1078 3929 et
1121 3876 1456 3939 obtestetur,
1500 3874 1590 3929 liis
1630 3876 1789 3944 quasi
1846 3876 2029 3929 verbis
2074 3879 2338 3946 populum

768 3967 1083 4035 alloquens.
1145 3966 1630 4035 Quandoquidem,
1688 3967 2022 4028 charissimi,
2065 3984 2152 4022 me
2198 3968 2343 4025 inter

768 4072 867 4111 vos
888 4066 945 4111 et
987 4057 1158 4110 Deum
1197 4058 1265 4110 ad
1297 4057 1441 4111 hanc
1475 4058 1763 4128 mysticam
1801 4072 2047 4111 mensam
2078 4059 2346 4113 mediato-

771 4165 888 4203 rem
948 4148 1343 4212 constituistis,
1396 4150 1565 4203 etiam
1617 4159 1782 4218 atque
1821 4151 1987 4203 etiam
2042 4168 2241 4205 moneo
2286 4161 2347 4205 ut

774 4256 992 4295 mecum
1021 4256 1209 4309 parem
1246 4240 1596 4309 diligentiam
1625 4240 1961 4294 adliibeatis.
1983 4240 2275 4296 Abseedite
2314 4259 2346 4297 a

773 4331 993 4386 cunctis
1022 4332 1148 4384 vita:
1179 4330 1344 4400 hujus
1366 4330 1643 4400 cogitatis.
1670 4329 1975 4385 Valedieite
2016 4331 2167 4385 omni
2220 4350 2348 4389 cor-

776 4437 1075 4491 porearum
1106 4436 1293 4474 rerum
1321 4437 1494 4477 curm.
1524 4421 1768 4491 Tempus
1799 4419 1949 4475 enim
1992 4430 2078 4475 est
2113 4438 2223 4477 non
2259 4441 2350 4479 va-

2432 3235 2661 3303 χθησαν,
2690 3235 2741 3285 οί
2775 3232 3144 3302 λοιδοροῦντες
3169 3232 3455 3301 ἀλλήλους,
3494 3234 3586 3284 καὶ
3619 3231 4022 3303 μνησικακοῦν-

2431 3344 2548 3390 τες,
2584 3327 2743 3387 ποίας
2773 3326 2885 3395 ἀρα
2915 3324 3194 3387 κολάσεως
3222 3328 3316 3378 καὶ
3344 3327 3569 3393 γεέννης
3591 3324 4022 3393 ἀξιωθήσονταις

2435 3418 2498 3471 Τί
2538 3419 2595 3471 δὲ
2644 3416 2953 3486 πεισόμεθα
2985 3418 3037 3469 οἱ
3067 3416 3147 3487 τῷ
3168 3417 3289 3485 Θεῷ
3315 3417 3772 3487 συνταττόμενοι,
3827 3418 3924 3470 καὶ
3947 3416 4025 3486 τῷ

2433 3511 2666 3580 stacten?
2700 3509 3138 3578 ὑποτασσόμενοι
3161 3527 3176 3574 ;

2520 3603 2740 3671 Ἐπειδὴ
2784 3602 2891 3671 γὰρ
2958 3600 3191 3670 μεσίτης
3248 3600 3343 3653 τοῦ
3386 3600 3522 3653 Θεοῦ
3578 3600 3673 3653 καὶ
3718 3600 4027 3670 ἀνθρώπων

2438 3696 2467 3746 ὁ
2495 3694 2675 3763 ἱερεὺς
2701 3693 2985 3762 τυγχάνει,
3044 3694 3139 3745 καὶ
3184 3692 3327 3762 ὑπὲρ
3351 3692 3601 3761 ἀφέσεως
3629 3692 3739 3744 τῶν
3766 3691 3859 3743 τοῦ
3884 3692 4022 3760 πλή-

2443 3787 2571 3850 θους
2613 3786 2904 3855 ἁμαρτιῶν
2933 3784 3066 3837 Θεὸν
3092 3784 3413 3848 ὲξιλεοῦται*
3453 3784 3639 3854 βλέπε,
3674 3785 3792 3841 πῶς
3819 3786 4028 3847 πάντας

2444 3878 2938 3949 προασφαλίζεται,
2974 3878 3070 3931 καὶ
3099 3877 3559 3948 διαμαρτύρεται,
3586 3877 3788 3931 ὡσανεὶ
3812 3877 3891 3947 τῷ
3915 3878 4029 3947 λαῷ

2442 3968 2671 4023 τοιαῦτά
2713 3986 2835 4022 τινα
2890 3966 3294 4036 φθεγγόμενοςο
3333 3962 3691 4037 Ἐπειδήπερ,⁵
3737 3959 3782 4019 ὦ
3811 3968 4026 4037 ἄνδρες,

2449 4063 2678 4132 μεσίτην
2714 4078 2782 4129 με
2821 4060 2958 4130 πρὸς
2987 4061 3122 4112 Θεὸν
3156 4060 3307 4129 ὑπὲρ
3329 4059 3483 4128 ὑμῶν
3516 4059 3610 4110 ἐπὶ
3638 4060 3734 4129 τῆς
3758 4063 4029 4129 μυστικῆς

2444 4152 2652 4222 ταύτης
2682 4152 2961 4223 τραπέζης
3001 4151 3291 4220 ἐστήσατε,
3328 4150 3655 4220 παρακαλῶ,
3688 4150 4029 4202 σπουδάσατε

2448 4244 2542 4295 καὶ
2571 4244 2732 4313 ὑμεῖς
2769 4245 2867 4295 σὺν
2897 4242 3056 4310 ἐμοί·
3094 4241 3372 4311 ἀπόστητε
3406 4239 3599 4292 πασῶν
3625 4240 3734 4291 τῶν
3762 4238 4032 4308 βιωτικῶν

2448 4334 2691 4387 ἐννοιῶν.
2747 4332 3131 4400 Καταλείψατε
3168 4332 3351 4384 πᾶσαν
3385 4331 3709 4401 σωματικὴν
3739 4330 4028 4399 φροντίδαο

2450 4425 2764 4497 προσευχῆς
2792 4425 2903 4494 γάρ
2932 4423 3210 4488 ὲκτενοῦς,
3245 4424 3361 4477 ἀλλ’
3385 4425 3485 4476 οὐκ
3512 4422 3771 4492 ἀσχολίας
3795 4425 4034 4490 ματαίας

781 4527 865 4565 na:
882 4512 1285 4580 occupationis,
1316 4512 1413 4566 sed
1451 4519 1678 4566 attenta:
1700 4520 1757 4565 et
1791 4510 2021 4565 intentae
2057 4514 2316 4569 orationis

2421 4552 2427 4584 ,
2453 4521 2482 4571 ὁ
2524 4518 2736 4587 καιρός.
2794 4516 3113 4578 Ἀκούσατε,
3153 4518 3206 4568 τί
3238 4519 3266 4569 ό
3290 4516 3535 4578 διάκονος
3564 4515 3695 4585 ὑμῖν
3721 4517 4037 4584 προσφωνεῖ

779 4605 1104 4659 Auscultate
1153 4604 1291 4673 quid
1334 4604 1609 4658 diaconus
1651 4602 1814 4657 vobis
1862 4605 2170 4659 acelamet:
2198 4604 2350 4661 State

777 4698 1042 4757 decenter,
1066 4705 1205 4749 state
1233 4712 1354 4749 cum
1373 4696 1579 4749 timore.
1607 4694 1973 4749 Attendamus
1999 4696 2067 4749 ad
2100 4706 2348 4753 sanctam

850 4833 871 4862 ⁸
911 4832 928 4885 l
958 4831 1085 4887 Cor.
1123 4834 1409 4898 xr,27-50.
1488 4836 1508 4863 '
1542 4836 1735 4890 Matth.
1768 4852 1863 4901 vn,
1887 4836 1979 4890 Si.

2455 4608 2629 4675 λέγων
2654 4624 2667 4637 ·
2734 4605 2971 4675 Στῶμεν
3002 4605 3199 4672 καλῶς
3224 4607 3334 4675 (9),
3389 4604 3627 4674 στῶμεν
3648 4607 3797 4674 μετὰ
3821 4607 4033 4674 φόϐου.

2457 4701 2796 4772 Προσχῶμεν
2848 4704 2917 4771 τῇ
2969 4700 3103 4772 ἁγίᾳ
3141 4701 3389 4771 ἀναφορᾷ
3425 4701 3559 4770 (10),
3594 4699 3866 4752 κλίνωιιεν
3912 4700 4039 4760 τοὺς

2053 4836 2075 4869 ⁸
2095 4836 2211 4891 Jac.
2240 4854 2299 4903 it,
2322 4838 2413 4893 20.
2491 4839 2513 4869 ’
2537 4839 2730 4893 Matth.
2760 4853 2871 4903 xxi,
2899 4838 2986 4892 15.

2072 4976 2306 5033 VARUE
2346 4976 2751 5034 LECTIONES.

859 5043 882 5081 ¹ί
918 5042 954 5097 ΐ.
985 5043 1132 5109 ἄξιός
1160 5045 1348 5111 iactv;

2294 5144 2529 5202 NOTAE.

860 5231 935 5300 (9)
965 5231 1386 5303 llabcnturhzec
1435 5233 1490 5286 in
1520 5232 1712 5286 Jacobi
1761 5232 2009 5302 Liturgia
2064 5250 2241 5303 usque
2291 5235 2359 5289 ad

790 5301 879 5372 illa
919 5301 1107 5363 verba,
1144 5304 1416 5369 κλίνωμει
1444 5305 1566 5363 τοὺς
1595 5304 1847 5370 αὑχένας’
1882 5301 2026 5372 quae,
2048 5315 2105 5358 et
2124 5301 2360 5372 sequen-

790 5370 888 5431 tia,
922 5386 1030 5422 non
1054 5381 1279 5441 exstant
1307 5374 1360 5425 in
1386 5373 1627 5441 vulgatis
1657 5370 1918 5441 liturgiis,
1942 5370 2359 5438 saltemomnia,

788 5448 945 5515 et-nt
974 5456 1002 5490 ιι
1018 5440 1268 5515 diacono
1293 5440 1550 5515 dicenda.
1577 5443 1723 5515 Nam,
1742 5440 1854 5505 illa,
1882 5443 2241 5515 livwoxtiitssv
2269 5444 2363 5495 τὸν

790 5511 916 5559 νοῦν
948 5511 1039 5560 καὶ
1080 5513 1179 5574 τὰς
1223 5512 1487 5581 καρδίαςο
1526 5514 1582 5567 in
1628 5514 1822 5568 eadem
1872 5511 2359 5581 JacobiLiturgia

791 5587 1124 5650 sequuntur.
1174 5581 1269 5634 sed
1314 5580 1548 5636 dicenda
1580 5582 1958 5644 asacerdote;
2022 5583 2226 5650 quibus
2276 5580 2362 5636 re-

792 5648 1067 5721 spondent
1104 5666 1227 5721 quae
1256 5656 1511 5718 sequenti
1533 5669 1767 5708 nuntero
1806 5662 1962 5721 urget
1994 5648 2317 5706 Anastasius
2343 5670 2356 5705 :

792 5718 989 5798 ξχομεν
1008 5718 1155 5798 ,προς
1172 5720 1262 5773 τὸν
1282 5722 1504 5798 Ιςύριονο
1532 5723 1792 5798 Habemus
1804 5718 2171 5798 ad‘Dominum
2193 5740 2211 5785 ;
2242 5738 2365 5790 qua

793 5787 850 5844 it.
874 5786 1071 5845 Jacobi
1098 5788 1345 5853 Liturgia
1371 5786 1520 5847 Edita
1577 5792 1985 5855 desiderantur,
2016 5792 2206 5860 utique
2248 5786 2367 5847 iitu-

2467 5235 2585 5295 tila,
2614 5248 2846 5304 quaeque
2896 5249 2962 5288 ex
2995 5233 3117 5286 istis
3154 5246 3219 5286 ac
3246 5230 3630 5302 Cltrysostomi
3686 5228 3940 5301 Liturgia
3971 5230 4041 5286 sit

2465 5303 2774 5359 sarcimda.
2815 5303 3099 5358 Consus.

2527 5374 3007 5497 1γίηςΐιιι-ιιὶτιιιιιε
3052 5373 3195 5442 apud
3236 5372 3521 5427 Canisium
3576 5371 3691 5426 hzec
3719 5444 3730 5455 _
3760 5371 4041 5458 verha‘sic

2566 5444 2710 5497 didit
2735 5459 2748 5495 :
2778 5446 3128 5496 Attendamus
3159 5444 3229 5495 ad
3265 5451 3510 5496 sanctam
3542 5442 3913 5495 elevationem.
3935 5441 4041 5496 bed

2464 5441 2710 5498 reddidit
2735 5459 2748 5495 :
2778 5441 3128 5496 Attendamus
3159 5444 3229 5495 ad
3265 5451 3510 5496 sanctam
3542 5442 3913 5495 elevationem.
3935 5441 4041 5496 Sed

2464 5516 2715 5583 ἀναφορά
2773 5514 3048 5583 signiﬁcat
3095 5514 3470 5583 oblationem,
3514 5512 3619 5583 vel
3648 5514 4042 5583 mysteriorum

2463 5572 2921 5639 celebrationem.
2961 5584 3051 5637 Sic
3087 5582 3232 5651 apud
3267 5572 3572 5637 Palladium
3608 5582 3665 5635 in
3707 5572 3836 5635 Vita
3862 5582 4045 5652 Chry-

2467 5654 2695 5707 sostomi
2736 5654 2977 5718 ε’)’μνοὶ
3031 5652 3129 5721 μὲν
3158 5654 3251 5705 καὶ
3303 5651 3573 5719 ἀναφοραὶ
3624 5652 3943 5721 μυστηρίων
3987 5651 4047 5703 ιν

2471 5727 2592 5785 ταῖς
2619 5724 2888 5790 φυλακαῖς
2921 5720 3295 5790 ἐπετελοῦντο,
3327 5724 3384 5774 in
3414 5720 3713 5773 carceribus

2474 5727 2592 5785 ταῖς
2619 5724 2888 5790 φυλακαῖς
2921 5722 3295 5785 ἐπετελοῦντο,
3327 5724 3384 5774 in
3414 5721 3713 5773 carceribus
3794 5721 3952 5789 erfttn
3992 5736 4018 5772 e

2474 5793 2669 5846 bantur
2692 5792 3063 5863 mysteriorum
3101 5783 3474 5847 celebrationes
3501 5832 3516 5858 ,
3547 5799 3604 5846 et
3624 5738 3791 5861 ψυιῖ
3813 5736 4018 5845 ι..ωῇ

3813 5789 3950 5845 Lam
