4200 6440
188 413 288 473 857

181 612 443 678 γλῶσσαν
472 613 511 677 ¹,
547 613 927 683 πληρώσωμεν
951 613 1062 683 (12)
1092 614 1182 664 τὸν
1207 612 1353 673 νοῦν,
1381 614 1515 683 πρὸς
1543 615 1773 684 οὐρανὸν

182 705 524 773 ἀνέλθωμεν.
559 706 708 757 Ἀνω
746 704 965 775 σχῶμεν
992 706 1084 757 τὸν
1110 704 1235 758 νοῦν
1268 704 1360 757 καὶ
1390 706 1489 765 τὰς
1518 706 1768 774 καρδίας,

180 798 296 850 ἄνω
325 799 464 867 πρὸς
487 797 620 850 θεὸν
646 798 706 849 τὸ
728 799 824 867 τῆς
847 798 1023 868 ψυχῆς
1049 799 1203 868 ὄμμα
1226 799 1544 869 ὲπάρωμεν,
1572 800 1772 869 παρέλ-

183 896 371 964 θωμεν
424 895 517 947 τὸν
564 894 827 963 οὐρανὸν,
888 895 1253 963 παρέλθωμεν
1302 898 1427 958 τοὺς
1471 896 1768 963 ἀγγέλους,

183 988 559 1057 παρέλθωμεν
589 988 656 1038 τά
682 988 966 1057 Χερουϐὶμ
984 1026 997 1047 ,
1053 988 1149 1039 καὶ
1178 988 1312 1058 πρὸς
1340 988 1503 1039 αὐτὸν
1531 988 1622 1040 τὸν
1647 989 1771 1059 θρό-

185 1097 276 1130 νον
340 1078 436 1131 τὸν
492 1078 814 1130 δεσποτικὸν
875 1078 1315 1147 προσδράμωμεν
1343 1119 1359 1142 ,
1421 1079 1604 1133 αὐτῶν
1656 1080 1766 1133 τῶν

180 1172 477 1246 ἀχράντων
508 1171 605 1222 τοῦ
634 1169 873 1238 Χριστοῦ
904 1169 1082 1221 ποδῶν
1110 1170 1518 1239 ὲπιλαὸὡμεθα,
1564 1172 1767 1242 δακρύ-

184 1280 410 1331 σωμεν,
473 1261 790 1330 βιασὼμεοα
844 1259 941 1329 τὴν
982 1259 1147 1313 αὑτοῦ
1191 1261 1629 1331 εὐσπλαγχνίαν,
1681 1263 1767 1327 ἐξ-

179 1351 655 1423 ομολογησώμεοα
707 1354 785 1414 εἰς
826 1353 887 1402 τ’,
932 1351 1086 1419 ἅγιον
1120 1353 1214 1404 καὶ
1243 1352 1637 1424 ὑπερθυράνιον
1673 1356 1768 1408 καὶ

178 1463 264 1498 vos
275 1446 370 1513 ρον
398 1444 568 1497 αὑτοῦ
598 1444 1011 1513 θυσιαστήριον.

250 1535 448 1587 Ταῦτα
480 1536 916 1604 διαμαρτύρεται
944 1536 1079 1603 ἡμῖν
1115 1535 1143 1586 ὁ
1172 1534 1355 1604 ἱερεὺς
1384 1534 1581 1602 λέγων·
1620 1535 1766 1586 Ἀνω

179 1625 409 1694 σχῶμεν
469 1626 577 1690 τὰς
629 1625 898 1691 καρδίας.
939 1620 1073 1677 Εἶτα
1113 1625 1166 1676 τί
1206 1626 1344 1693 πρὸς
1381 1626 1555 1678 ταῦτα
1606 1626 1766 1694 ἡμεῖς

176 1714 603 1784 ὰποκρινὸμεθα
632 1732 645 1779 ;
694 1718 957 1784 Ἐχομεν
990 1715 1139 1783 πρὸς
1168 1706 1276 1768 τὸν
1320 1718 1555 1782 Κύριον.
1586 1717 1650 1768 Τί
1681 1716 1768 1768 λέ-

174 1825 337 1874 γειςς
374 1810 427 1860 τί
480 1810 690 1871 ποιείς;
731 1807 790 1860 ὐ
821 1808 947 1870 νοῦς
983 1808 1124 1876 πρὸς
1177 1808 1246 1859 τὰ
1297 1808 1515 1877 φθαρτὰ
1566 1809 1661 1861 καὶ
1695 1809 1766 1861 τὰ

1405 414 1690 475 ORATIO
1734 416 1830 476 DE
1869 421 1929 477 S.
1973 419 2271 478 SYNAXI.

185 523 446 588 αὐχένας,
483 522 790 590 κλείσωμεν
817 521 913 591 τὴν
933 522 1175 574 διάνοιαν
1206 522 1252 589 (Ι
1272 521 1660 592 Ι),κλείσωμεν
1679 523 1764 592 τὴι

1881 526 2251 580 elevationem
2264 566 2277 578 .

3354 430 3461 491 838

2362 528 2701 586 lnclinemus
2768 532 3033 588 cervices.
3092 532 3461 591 Occludamns

1878 616 2290 688 cOgitationes,
2364 621 2727 676 oceludmnus
2792 622 3031 676 linguae.
3126 626 3461 695 lmpleamus

1878 718 2152 773 mentem;
2181 720 2235 764 at
2284 712 2485 765 οωιιιιιι
2520 714 2909 768 ascendatnus.
2940 714 3171 769 Sursum
3213 718 3460 773 levemus

1877 802 2125 855 animum
2166 813 2222 857 ct
2267 803 2456 858 corda.
2494 802 2700 859 Oculos
2718 806 2918 860 anima:
2946 806 3014 859 ad
3059 807 3232 862 Deum
3277 812 3459 863 extol-

1876 892 2077 945 lamus.
2128 894 2499 949 Transeamus
2542 897 2764 957 cmlum,
2826 908 3174 954 transeamus
3205 902 3458 971 angelos.

1877 983 2247 1039 Transeamus
2267 986 2593 1054 Cherubim,
2626 1001 2683 1044 et
2706 991 2772 1043 ad
2819 993 2998 1060 ipsum
3040 994 3259 1047 Domini
3314 994 3458 1048 thro-

1874 1092 2009 1130 num
2037 1093 2415 1133 accurramus.
2438 1082 2591 1150 Ipsos
2618 1082 2825 1138 Christi
2875 1086 3261 1141 immaculatos
3284 1087 3458 1157 pedes

1877 1172 2394 1239 apprehendamus:
2446 1175 2751 1241 ploremus,
2821 1186 2877 1231 et
2928 1177 3103 1247 ipsius
3151 1180 3461 1235 misericor-

1874 1261 2021 1315 diam
2047 1266 2205 1332 quasi
2236 1281 2519 1334 cogamus.
2543 1268 2924 1324 Conﬁteamur
2977 1273 3033 1325 in
3096 1283 3312 1336 sancto,
3344 1289 3458 1328 ca:-

1871 1350 1998 1406 lesti
2037 1363 2094 1407 et
2118 1354 2481 1408 intellectuali
2504 1356 2658 1410 illius
2684 1358 2862 1413 altari.

1942 1530 2106 1601 5,55
2146 1529 2272 1585 llrec
2312 1532 2468 1586 vobis
2507 1532 2817 1597 denuntiat,
2856 1535 2971 1590 haec
3006 1553 3103 1591 vos
3145 1538 3453 1593 obtestatur

1870 1620 2157 1683 sacerdos,
2194 1636 2319 1674 cum
2366 1622 2442 1673 ait
2497 1639 2509 1674 :
2559 1621 2782 1676 Sursum
2826 1625 3127 1680 habeamus
3170 1630 3351 1682 corda.
3387 1630 3455 1683 Et

1871 1709 2004 1777 quid
2037 1710 2102 1762 ad
2137 1712 2251 1766 lia-c
2283 1728 2383 1766 nos
2412 1714 2842 1782 respondemus?
2868 1717 3134 1771 Habemus
3168 1720 3239 1771 ad
3269 1719 3453 1773 Domi-

1872 1816 2023 1852 ηιιηι.
2053 1801 2195 1866 Quid
2235 1802 2349 1854 ais?
2382 1803 2512 1871 quid
2547 1805 2696 1873 agis?
2731 1806 2883 1860 Mens
2917 1806 2983 1860 ad
3018 1808 3222 1861 caduca
3256 1807 3371 1862 lucc
3399 1820 3456 1863 et

176 1899 499 1968 πρόσκαιρα
528 1898 939 1968 μετεωρίζεται’
973 1898 1069 1950 καὶ
1092 1898 1228 1967 πρὸς
1258 1899 1534 1967 σχήματα,
1560 1899 1651 1950 καὶ
1672 1900 1764 1951 οὐ·

1870 1893 2123 1946 mortalia
2150 1909 2415 1972 suspensa
2444 1893 2636 1957 lueret,
2661 1898 3049 1966 pecuniisquc,
3077 1907 3134 1952 et
3153 1900 3374 1968 opibus,
3398 1910 3457 1957 et.

175 1991 324 2052 σίας,
362 1992 459 2043 καὶ
490 1990 706 2059 ἡδονὰς,
740 1991 835 2042 καὶ
878 1990 1031 2052 δίκας
1065 1990 1397 2059 ἀσχολεῖται·
1436 1992 1534 2041 καὶ
1562 1990 1759 2057 λέγεις·

176 2081 332 2149 Ἐχω
364 2081 503 2147 πρὸς
526 2081 618 2131 τὸν
653 2080 886 2149 Κύριον;
917 2080 1175 2148 πρόσεχε,
1211 2079 1537 2148 παρακαλῶ,
1567 2081 1763 2150 μήπως

170 2171 272 2222 οὐκ
304 2170 456 2239 ἔχοις
485 2170 598 2223 ἄνω
622 2167 712 2220 τὸν
736 2170 860 2222 νοῦν
892 2170 1027 2238 πρὸς
1054 2169 1146 2220 τὸν
1178 2171 1403 2240 Κύριον,
1436 2171 1577 2223 ἀλλά
1610 2174 1765 2224 κάτω

171 2262 314 2330 πρὸς
346 2261 441 2311 τὸν
471 2261 740 2312 διάϐολον.
781 2261 847 2311 Τί
899 2262 1108 2323 ποιεῖς,
1158 2259 1442 2329 ἄνθρωπε;
1487 2263 1545 2314 Ὀ
1583 2263 1765 2332 ἱερεὺς

167 2357 271 2421 τὴν
308 2353 657 2420 ἀναίμακτον
697 2351 890 2405 ουσίαν
919 2352 1058 2421 ὑπὲρ
1091 2351 1186 2403 σοῦ
1228 2353 1531 2422 προσφέρει
1557 2353 1636 2423 τῷ
1662 2357 1763 2406 Δε-

172 2446 373 2513 σπὸτῃ.
429 2444 523 2495 καὶ
574 2444 640 2495 σὺ
694 2446 1103 2513 καταφρονεῑςς
1147 2444 1205 2494 Ὀ
1250 2444 1431 2514 ἱερεὺς
1478 2444 1621 2515 ὑπὲρ
1667 2446 1761 2499 σοῦ

170 2536 533 2602 ἀγωνίζεται·
582 2535 658 2597 ὡς
709 2536 767 2585 ἐν
815 2534 1157 2603 δικαστηρίῳ
1206 2535 1427 2604 φοϐερῷ
1476 2536 1651 2599 οὕτως
1682 2537 1763 2607 τῷ

170 2626 554 2696 θυσιαστηρίῳ
584 2625 1013 2695 παριστάμενος,
1044 2624 1356 2695 παρακαλεῖ
1378 2627 1473 2678 καὶ
1500 2626 1765 2678 ἐπισπεύ-

168 2717 272 2778 δει,
310 2716 525 2769 ἄνωθεν
549 2715 648 2785 τὴν
669 2716 833 2786 χάριν
866 2715 960 2767 τοῦ
991 2715 1151 2781 ἁγίου
1186 2713 1503 2783 Πνεύματός
1532 2731 1612 2766 σοι
1644 2717 1764 2767 ἐπι-

170 2809 459 2877 φοιτῆσαι,
489 2808 583 2860 καὶ
608 2806 673 2859 σὺ
706 2804 847 2876 ὑπὲρ
869 2807 967 2875 τῆς
989 2804 1188 2857 ἑαυτοῦ
1209 2803 1485 2875 σωτηρίας
1514 2806 1574 2857 οὐ
1604 2823 1761 2875 φρον-

168 2901 346 2965 τίζεις
374 2917 390 2963 ς
426 2900 539 2968 Μὴ,
570 2898 893 2968 παρακαλῶ.
927 2896 1270 2964 Κατάλειψον
1299 2897 1509 2966 ταύτην
1532 2897 1631 2967 τὴν
1662 2915 1761 2952 πο-

172 2993 352 3060 νηρὰν
424 2992 516 3043 καὶ
554 2990 793 3058 ματαίαν
830 2987 1141 3057 συνήθειαν,
1174 2987 1487 3057 συμσόησον
1516 2987 1597 3056 τῷ
1628 2990 1764 3058 ἱερεῖ

173 3084 320 3150 ὑπὲρ
374 3082 471 3135 σοῦ
526 3080 960 3150 ἀγωνιζομένῳ,
1019 3079 1393 3146 συγκοπίασον
1427 3078 1578 3147 αὑτῷ
1620 3080 1761 3148 ὑπὲρ

173 3176 271 3229 cio-3
313 3175 757 3243 προσευχομένῳ.
808 3171 1021 3233 Ἐπίδος
1071 3170 1297 3223 σεαυτὸν
1335 3170 1477 3241 ὑπὲρ
1524 3172 1622 3240 τῆς
1659 3172 1756 3240 σῆς

174 3236 480 3333 σωτηρίας⁸
514 3236 681 3316 ilon
709 3236 921 3330 ilo'xt'vet
970 3259 1182 3327 δέησις
1211 3236 1752 3330 δικαιόυτένεργούο
1781 3236 1824 3292 C

166 3354 350 3421 μένη.
398 3353 736 3422 Ἐνεργεῖται
780 3351 859 3416 δὲ,
904 3350 1000 3403 ἐὰν
1051 3350 1145 3402 καὶ
1192 3349 1256 3401 σὺ
1297 3351 1647 3420 συναγωνίσῃ
1677 3350 1756 3421 τῷ

172 3445 333 3512 ἱερεῖ,
386 3442 648 3503 καὶτοὺς
679 3440 777 3509 τῆς
833 3441 1123 3510 μετανοίας
1174 3439 1416 3509 ἐπιδείξῃ
1470 3441 1754 3510 καρπούςο

169 3536 295 3586 ἐπεὶ
323 3532 415 3597 εἷς
449 3530 798 3600 οἰκοδομῶν,
836 3531 936 3583 καὶ
984 3525 1072 3596 εἷς
1099 3531 1418 3583 καταλύων
1438 3531 1496 3583 τί
1525 3532 1757 3601 ὠφέλη-

168 3639 313 3686 σαν,
352 3624 492 3675 ἀλλ’
518 3621 556 3689 ἢ
598 3624 860 3686 κόπους;
892 3620 1030 3673 Ποία
1074 3620 1183 3689 γὰρ
1243 3619 1343 3671 οὐκ
1390 3618 1505 3671 ἔστι
1552 3622 1755 3690 ταύτης

168 3714 272 3782 τῆς
312 3712 667 3775 καταλύσεως
690 3724 729 3750 πη
768 3713 1033 3781 δεινότης,
1063 3712 1125 3764 τὸ
1162 3710 1238 3782 μὴ
1268 3710 1431 3780 μόνον
1463 3711 1758 3780 ψεύδεσθαι

168 3806 250 3876 τῷ
303 3805 534 3875 Χριστῷ
579 3805 699 3857 κατ’
736 3804 959 3873 ἐκείνην
1004 3804 1104 3874 τὴν
1166 3802 1407 3873 φοϐερὰν
1457 3802 1607 3873 ὥραν
1657 3805 1759 3874 τῆς

170 3898 326 3959 θείας
376 3896 680 3961 Συνάξεως,
730 3895 870 3949 ἀλλά
914 3894 1011 3947 καὶ
1068 3896 1183 3955 τοῖς
1243 3892 1456 3945 ἑαυτῶν
1508 3893 1759 3965 ἀδελφοῖς

173 3989 582 4057 μνησικακεῖν,
626 3986 833 4055 καίπερ
877 3985 1107 4051 λέγοντα
1153 3985 1211 4035 ὲν
1257 3985 1324 4051 τῇ
1355 3986 1631 4053 προσευχῇ
1672 3984 1753 4047 τὸ,

170 4080 281 4131 Καὶ
304 4078 462 4145 ἄφες
484 4076 633 4143 ἡμῖν
651 4077 723 4130 τὰ
741 4076 1115 4144 ὀφειλήματα
1137 4072 1328 4142 ἡμῶν,
1351 4074 1425 4139 ὡς
1456 4078 1554 4130 καὶ
1584 4077 1758 4146 ἡμεῖς

170 4169 428 4237 ἀφίεμεν
469 4167 595 4231 τοῖς
632 4166 972 4234 ὀφειλέταις
996 4164 1188 4234 fuerin“;

243 4304 287 4333 ¹⁶
310 4303 431 4358 Jac.
456 4317 511 4363 v,
539 4300 625 4354 16.
706 4299 745 4328 ⁸³
772 4298 943 4352 Eccli.
965 4314 1144 4364 xxxxv,
1165 4298 1256 4354 ‘28.

1337 4300 1378 4330 "
1401 4299 1593 4354 Matth.
1616 4298 1799 4363 vi,12.

1868 1984 2271 2052 voluptatibus,
2299 1991 2355 2036 et
2384 1983 2576 2038 litibus
2605 1985 2923 2040 forensibus
2954 1999 3139 2054 vacat;
3178 1999 3238 2044 et
3267 1990 3408 2046 dicis
3439 2009 3452 2045 :

1866 2074 2054 2129 Habeo
2101 2076 2168 2128 ad
2217 2075 2547 2128 Dominum?
2588 2078 2845 2141 Attende,
2885 2094 3007 2143 oro,
3042 2096 3112 2133 ne
3153 2080 3295 2136 forte
3343 2097 3452 2136 non

1866 2166 2075 2219 habeas
2110 2182 2328 2219 sursum
2364 2183 2461 2220 cor
2493 2168 2560 2220 ad
2596 2168 2919 2233 Dominum,
2959 2171 3055 2224 sed
3091 2173 3350 2227 deorsum
3386 2175 3452 2227 ad

1864 2259 2172 2312 diabolum.
2208 2258 2349 2323 Quid
2393 2258 2551 2323 facis,
2579 2259 2777 2312 homo?
2819 2260 3091 2315 Sacerdos
3130 2278 3231 2330 pro
3269 2272 3321 2317 te
3366 2264 3453 2318 in-

1864 2358 2155 2402 cruentum
2185 2348 2521 2402 sacriﬁcium
2552 2349 2787 2403 Domino
2814 2350 3000 2415 oll'ert,
3031 2360 3088 2405 et
3117 2361 3172 2406 tu
3205 2362 3453 2409 eontem-

1864 2439 1981 2490 ni's?
2014 2437 2286 2491 Sacerdos
2315 2453 2417 2506 pro
2445 2446 2496 2492 te
2523 2448 2750 2509 pugnat,
2774 2440 2956 2504 altari,
2978 2444 3136 2512 quasi
3164 2446 3453 2500 tremendo

1866 2529 2154 2593 tribunali,
2190 2532 2499 2596 assistens;
2534 2533 2700 2585 instat
2739 2544 2797 2587 et
2838 2543 2998 2603 urget
3027 2545 3085 2589 ut
3128 2538 3346 2605 superis
3385 2541 3453 2592 ah

1863 2620 1979 2674 oris
2022 2620 2196 2689 gratia
2245 2623 2421 2675 sancti
2471 2620 2712 2689 Spiritus
2757 2622 2855 2676 tibi
2897 2624 3253 2690 demittatur;
3301 2635 3359 2680 et
3402 2637 3452 2683 te

1864 2711 2060 2764 salutis
2094 2723 2199 2764 tuae
2231 2712 2379 2763 nulla
2410 2727 2543 2764 cura
2576 2713 2783 2781 tangit?
2806 2714 2923 2767 Non
2956 2715 3027 2769 ita
3054 2732 3201 2785 agas,
3231 2735 3450 2773 moneo.

1860 2800 2072 2853 Abdiea
2103 2817 2132 2852 ιι
2165 2810 2215 2853 te
2246 2800 2386 2852 hanc
2420 2802 2616 2854 malam
2648 2811 2703 2855 et
2730 2818 2930 2856 vanam
2963 2808 3449 2863 consuetudinem.

1861 2891 2037 2960 Junge
2068 2891 2366 2945 clamorem
2399 2899 2554 2945 tuum
2583 2909 2707 2945 cum
2736 2895 3026 2950 sacerdote
3056 2913 3155 2967 pro
3185 2907 3236 2952 te
3260 2899 3447 2955 decer-

1866 2989 2046 3044 tantc;
2078 2983 2249 3050 junge
2285 2982 2527 3036 laborem
2567 2993 2721 3036 tuum
2757 3002 2882 3039 cum
2920 2989 3210 3043 sacerdote
3255 3007 3355 3059 pro
3397 3001 3448 3046 te

1862 3066 2217 3135 deprecante.
2260 3069 2336 3122 Da
2386 3072 2620 3138 teipsum
2665 3088 2768 3140 pro
2809 3083 2897 3128 tua
2945 3075 3120 3131 salute
3164 3098 3177 3132 ι
3224 3079 3449 3135 Multum

1860 3158 2000 3211 volet
2047 3159 2348 3229 deprecatio
2387 3163 2524 3229 justi
2572 3163 2791 3216 assidua
2842 3175 2888 3216 et
2936 3168 3115 3235 efﬁcax
3143 3170 3204 3222 '°.
3250 3169 3448 3225 Eﬂicax

1862 3251 1991 3312 erit,
2023 3250 2065 3303 si
2105 3260 2163 3303 et
2198 3262 2252 3305 tu
2296 3267 2420 3305 cum
2466 3254 2756 3308 sacerdote
2797 3266 2985 3323 partes
3028 3268 3151 3314 tuas
3191 3264 3448 3331 copules,

1860 3340 2188 3410 fructusque
2222 3343 2559 3411 pmnitentize
2584 3346 2960 3413 demonstres;
2987 3351 3116 3417 quia
3148 3369 3283 3405 unus
3313 3354 3446 3406 crdi-

1862 3431 2061 3499 ﬁcaus,
2106 3442 2153 3485 et
2198 3450 2334 3487 unus
2382 3435 2687 3499 destruens,
2727 3438 2855 3506 quid
2901 3442 3111 3508 prodest
3161 3443 3298 3507 illis,
3348 3447 3447 3499 nisi

1865 3525 2017 3578 labor
2037 3525 2116 3577 "‘3
2142 3524 2314 3590 Quam
2344 3527 2525 3594 gravis
2551 3528 2698 3580 enim
2731 3528 2848 3583 hazc
2874 3529 3203 3597 destructio,
3226 3536 3446 3604 quando

1863 3631 1973 3667 non
2005 3615 2182 3668 solum
2221 3616 2506 3669 tremenda
2543 3617 2636 3670 illa
2668 3618 2869 3673 divina:
2899 3636 3169 3691 synaxeos
3197 3635 3255 3678 et
3284 3625 3444 3680 litur-

1864 3705 1965 3773 gize
2006 3705 2142 3759 hora
2186 3705 2299 3760 Deo
2345 3707 2628 3771 mentiris;
2676 3709 2770 3762 sed
2816 3718 2872 3763 et
2917 3712 3104 3765 odium
3149 3714 3204 3768 in
3249 3714 3444 3771 fratres

1865 3811 2077 3850 memor
2124 3797 2450 3867 injuriarum
2500 3800 2735 3864 retines;
2788 3804 3044 3871 quamvis
3092 3805 3146 3859 in
3196 3806 3444 3862 oratione

1864 3887 1998 3941 illud
2046 3889 2375 3958 pronunties
2420 3907 2434 3941 :
2478 3889 2547 3943 Et
2587 3892 2792 3945 dimitte
2840 3896 2984 3947 nobis
3025 3897 3197 3951 debita
3239 3908 3443 3965 nostra,

1858 3981 1991 4033 sicut
2022 3989 2070 4031 et
2100 3996 2191 4034 nos
2221 3981 2539 4034 dimittimus
2569 3983 2885 4038 debitoribus
2917 3989 3107 4040 nostris
3132 3990 3194 4042 η.

1486 4411 1722 4466 VARIA'S
1762 4410 2162 4465 LECTIUNES.

248 4504 272 4545 ι
295 4504 437 4561 Can.
463 4502 565 4574 τὴν
594 4501 857 4556 διάνοιαν.
934 4509 972 4536 ’³³
995 4499 1269 4568 Combef.;
1299 4500 1429 4555 ποία
1459 4502 1566 4570 γάρ
1595 4503 1709 4554 ἐστι
1745 4500 1942 4570 χείρων
1969 4501 2169 4569 ταύτης
2198 4500 2298 4570 τῆς
2330 4502 2697 4566 καταλύσεως.

1689 4618 1929 4680 NOT/E.

171 4716 323 4771 cium
348 4712 389 4765 1.
415 4724 490 4771 tv,
518 4722 576 4775 p.
598 4706 692 4760 Ml
725 4724 738 4758 :
767 4698 905 4776 Εὗρε
923 4705 1015 4758 τὸν
1039 4706 1233 4776 Πάπαν
1266 4704 1487 4775 Ῥώμης
1507 4706 1775 4775 ἀναφερό-
1808 4716 1849 4767 ι)
1878 4722 1941 4760 ac
1983 4706 2151 4760 animi
2202 4706 2535 4775 cogitatibus
2577 4708 2985 4773 abstractionis,
3041 4713 3145 4767 sub
3199 4723 3441 4771 tremen-

177 4800 340 4854 μενον
372 4783 431 4831 ἐν
450 4774 757 4854 τῇίμεγάλῃ
788 4774 1086 4854 ἐκκλησίας
1117 4774 1323 4854 lit-uertit
1357 4774 1553 4854 pupum
1582 4774 1762 4854 nam:

174 4845 535 4907 celebrantem
560 4848 618 4897 in
644 4862 841 4912 magna
873 4845 1117 4898 ecclesia.
1166 4845 1293 4898 Fuit
1313 4845 1540 4914 quidem
1581 4847 1762 4899 eleva-

178 4925 255 4977 tio
280 4920 404 4974 ﬁeri
431 4918 593 4971 solita
614 4916 760 4983 apud
812 4914 1052 4974 Gnaeos,
1080 4930 1206 4967 eum
1238 4916 1760 4984 populusinvitare-

175 5003 266 5046 tur
291 4989 364 5044 ad
394 4984 939 5048 communicandum,
970 4993 1093 5054 post
1132 4985 1448 5054 Orationem
1511 4985 1762 5038 Domini-

174 5076 296 5117 cam
315 5076 332 5124 ;
354 5056 455 5111 sed
479 5056 586 5109 fuit
603 5069 830 5123 prorsus
850 5053 1070 5124 diversa
1095 5053 1280 5124 abilla
1315 5070 1480 5123 quam
1517 5054 1761 5109 indicare

175 5123 361 5187 voluit
381 5125 712 5181 Turrianus.
752 5124 1000 5193 Denique
1026 5123 1396 5193 Combelisius
1433 5125 1550 5193 ipse
1596 5125 1766 5178 vertit

176 5196 502 5276 ἀναφοράν,
541 5210 640 5263 per
680 5192 1043 5274 oblationem.
1088 5192 1278 5276 éddit
1302 5192 1629 5276 Anastasius
1682 5195 1750 5247 in-

178 5262 379 5326 clinari
414 5262 623 5320 debere
653 5264 923 5324 cervices,
945 5279 1069 5315 eum
1097 5267 1154 5315 tit
1190 5262 1430 5327 oblatio;
1477 5264 1545 5316 de
1587 5280 1763 5332 genu-

179 5339 426 5394 ﬂexione
449 5351 519 5388 ne
540 5334 769 5387 verbum
795 5333 1039 5400 quidem.
1090 5332 1241 5385 llanc
1286 5333 1489 5400 capitis
1531 5334 1765 5387 inclina-

178 5411 395 5463 tionem
425 5404 574 5473 apud
604 5418 715 5473 eos
730 5402 949 5455 solitam
981 5400 1155 5455 Graeci
1208 5404 1553 5457 recentiores
1597 5406 1765 5471 μετά-

177 5496 330 5531 νοιαν
358 5472 667 5550 appellant.
688 5472 857 5550 Bssx._
967 5539 991 5550 Α
1040 5539 1050 5550 ¹
1428 5540 1461 5550 η

250 5539 752 5618 (Ηλῖίλείσωμξν
801 5541 915 5604 τὴν
948 5539 1248 5618 διάνοιαν.
1282 5540 1767 5618 A_|_ludit_Anas_ta-

181 5610 301 5671 sitis
324 5610 394 5668 ad
425 5628 491 5667 ea
520 5628 644 5680 qua:
671 5611 809 5663 ﬁunt
834 5611 1019 5663 statim
1059 5618 1183 5678 post
1212 5626 1277 5665 ea
1303 5610 1522 5664 diaconi
1570 5612 1761 5674 verba,

181 5684 402 5753 quando
441 5680 968 5753 sacerdosobdueto
1010 5680 1130 5732 velo
1161 5680 1304 5733 intra
1342 5681 1470 5753 illud
1496 5682 1764 5753 secretius

184 5750 471 5814 oraturus,
498 5767 566 5805 ac
603 5751 847 5803 divinant
902 5765 1016 5802 rem
1049 5759 1378 5817 peracturus
1415 5750 1757 5818 ingreditur;

186 5834 243 5880 ut
272 5825 346 5882 sit
369 5822 511 5880 illud
548 5819 855 5895 symbolum
881 5819 1096 5875 eximiae
1112 5819 1398 5889 cujusdam
1442 5836 1472 5875 ιι
1507 5820 1759 5875 sensibus

1878 4777 2003 4829 dam
2038 4776 2538 4853 sac_riticii__horam,
2559 4780 2780 4845 quando
2796 4782 2909 4834 sola
2930 4791 3111 4853 mente
3137 4798 3200 4837 ac
3228 4788 3438 4853 puriori

1870 4855 2025 4914 parte
2051 4846 2221 4919 animi
2249 4846 2403 4919 a_d_ire.
2419 4856 2639 4919 Oportet
2672 4852 3213 4916 superctelesteillud
3230 4846 3438 4919 'altare,

1867 4932 1979 4984 quo
2012 4916 2233 4968 victima
2256 4915 2513 4969 Christus
2542 4917 2683 4969 Patri
2718 4915 2927 4972 aeterno
2979 4922 3231 4976 olTertur.
3264 4924 3333 4978 Ut
3359 4915 3439 4981 sic

1867 4987 2116 5054 exposita
2148 4985 2264 5039 haec
2297 4986 2588 5049 Anastasii,
2620 4988 2813 5053 lector,
2862 4991 3085 5051 habeas.
3133 4992 3301 5047 debes
3333 4995 3444 5048 Eu-

1868 5057 2062 5124 cologii
2126 5071 2189 5108 ac
2260 5054 2573 5109 Graecorum
2648 5056 2907 5111 Ecclesia:
2988 5064 3440 5118 ceremoniarum

1868 5125 2070 5194 insigni
2099 5124 2443 5195 illustratori,
2468 5140 2591 5195 meo
2620 5127 3156 5195 collegm.ConBsr|s.

1942 5196 2054 5267 (l2)
2078 5194 2497 5267 Πτερώσωμεν.
2638 5211 2741 5247 vox
2772 5197 2980 5265 optime
3009 5201 3263 5267 congruit
3296 5203 3440 5265 aliis,

1870 5263 2073 5332 quibus
2117 5265 2184 5317 ari
2220 5278 2507 5335 ascensum
2544 5264 2695 5316 illum
2733 5282 2785 5317 ιιι
2809 5263 3006 5320 Ὁριιιιι
3056 5263 3341 5335 provocat.
3372 5263 3444 5325 At

1870 5350 1972 5387 nec
1993 5336 2169 5408 altera
2204 5334 2480 5408 displicet,
2532 5350 2653 5401 qum
2680 5345 2759 5408 est
2790 5336 2977 5408 editis,
3018 5334 3400 5408 πληριῖηωμεν
3422 5383 3438 5403 ,

1870 5403 2218 5473 impleamus;
2248 5413 2306 5476 ut
2336 5403 2477 5476 forte
2496 5404 2753 5476 respiciat
2800 5405 2959 5476 illud,
2998 5403 3144 5473 quod
3184 5403 3311 5476 post
3339 5426 3442 5463 an-

1872 5476 2105 5541 gelicum
2141 5474 2414 5525 eanticmn
2449 5473 2686 5525 habetur
2716 5475 2769 5526 in
2819 5475 3062 5539 Liturgia
3084 5473 3296 5541 Jacobi,
3330 5488 3388 5532 et
3410 5494 3441 5533 a

1873 5559 1983 5609 quo
2020 5542 2609 5610 ponitAmplxilochius
2650 5544 2937 5598 inchoasse
2965 5544 3224 5600 Basilium
3257 5547 3442 5600 Litur-

1873 5613 2043 5680 giam.
2072 5627 2341 5684 cnmeam
2378 5613 2722 5684 composuit:
2762 5614 3110 5684 Ιιληρωθήτω
3150 5620 3211 5667 τὸ
3264 5617 3441 5684 στόμα

1874 5679 1976 5747 μου
2008 5679 2262 5753 αἰνέσεως
2297 5683 2613 5753 σουηΚύριε
2634 5698 2646 5710 ·
2673 5679 2971 5753 Implentur
2994 5679 3049 5738 os
3086 5702 3258 5739 meum
3290 5679 3442 5743 laude

1871 5760 1985 5817 tua,
2009 5751 2251 5819 Domine,
2278 5762 2385 5805 cte.
2416 5749 2701 5805 Comensis.
