4200 6440
734 401 838 463 839

736 604 907 658 Deum
962 603 1285 657 insoleseis?
1331 602 1591 657 Memoria
1642 601 1946 664 malorum,
1984 616 2107 669 qua:
2156 600 2325 653 frater

736 698 838 750 tibi
870 696 1081 760 intulit,
1110 696 1254 765 apud
1285 706 1336 749 te
1361 694 1509 763 viget
1538 712 1549 745 :
1579 709 1768 747 ensem
1800 694 1853 746 in
1888 693 2042 745 illum
2071 693 2323 754 exacuis;

734 788 898 841 dolos
936 788 1015 841 illi
1053 788 1424 850 machinaris;
1460 796 1516 841 et
1546 788 1651 839 hoc
1680 786 2054 856 perniciosum
2086 787 2236 838 virus
2272 786 2324 837 in

734 879 902 934 corde
931 889 1027 933 tuo
1055 879 1415 944 circumfers;
1451 879 1670 932 interim
1704 886 1884 930 tamen
1921 878 1988 930 ad
2017 878 2185 930 Deum
2219 878 2327 929 cla—

735 987 854 1026 mas
881 990 893 1025 :
924 972 1150 1026 Dimitte
1180 972 1315 1024 tnihi
1344 972 1528 1025 debita
1560 986 1702 1027 mea,
1733 970 1876 1023 sicut
1899 979 1955 1023 et
1982 984 2080 1037 ego
2108 968 2327 1022 dimitto

737 1063 976 1117 debitori
1005 1078 1147 1117 meo.
1174 1063 1460 1117 Venistine
1500 1070 1559 1114 ut
1591 1062 1643 1113 in
1678 1061 1772 1113 Dei
1805 1061 2039 1115 ecclesia
2073 1075 2327 1128 precare—

738 1153 836 1216 ris,
866 1167 935 1205 an
974 1160 1033 1205 ut
1065 1152 1419 1205 mentirerts?
1450 1166 1517 1202 an
1554 1158 1616 1201 ut
1646 1149 1879 1217 gratiam
1922 1149 2225 1216 reciperes,
2259 1164 2326 1201 an

738 1254 801 1298 ut
836 1247 972 1298 iram
1014 1261 1111 1299 seu
1150 1244 1453 1297 vindictam
1499 1242 1597 1296 tibi
1642 1242 1989 1295 accerseres‘!
2035 1250 2093 1293 ut
2131 1241 2329 1294 remis-

738 1339 949 1391 sionem
998 1348 1351 1405 peccatorum
1399 1334 1749 1402 impctrares,
1781 1348 1849 1385 an
1893 1332 2330 1385 additamentum

739 1447 1030 1500 pwnarum
1078 1447 1201 1498 qua:
1237 1430 1345 1482 tuis
1379 1428 1621 1497 peccatis
1659 1426 1895 1479 debitio?
1925 1426 2131 1480 Venisti
2170 1426 2331 1479 deni-

737 1537 845 1590 que
877 1531 937 1575 ttt
964 1522 1198 1575 salutem
1230 1521 1532 1589 acciperes,
1555 1534 1623 1571 an
1652 1531 1712 1572 ttt
1738 1518 2113 1586 supplicium?
2140 1518 2332 1571 Nonne

738 1614 898 1667 vides
949 1613 1096 1682 quod
1141 1612 1244 1665 sub
1286 1612 1437 1663 illam
1484 1609 1824 1662 tremendam
1872 1609 2062 1660 horam
2107 1619 2335 1676 propter

740 1706 849 1760 hoc
879 1705 1057 1774 ipsum
1088 1718 1188 1757 nos
1217 1712 1414 1755 mutuo
1445 1702 1499 1754 in
1531 1700 1722 1754 osculo
1751 1700 1903 1768 pacis
1932 1701 2329 1768 amplexantur,

740 1806 801 1851 ut
836 1797 987 1852 omni
1025 1795 1366 1865 colligationc
1408 1795 1699 1863 impietatis
1726 1793 1790 1855 ’³,
1823 1802 1879 1845 et
1911 1792 2097 1844 cordis
2129 1791 2331 1845 duritie

739 1890 979 1959 abjecta,
1011 1905 1154 1959 puro
1186 1888 1356 1940 corde
1391 1886 1457 1939 ad
1493 1886 1785 1938 Dominum
1825 1884 2190 1937 accedamus?

811 1984 855 2035 0
896 1983 1081 2043 homo,
1113 1980 1246 2048 quid
1295 1978 1445 2046 agis?
1491 1976 1622 2029 dum
1674 1975 1853 2044 angeli
1904 1985 2108 2029 sancta:
2153 1976 2331 2029 Μίδεω

738 2073 919 2126 officio
954 2073 1303 2133 ministrant,
1331 2071 1425 2123 sed
1458 2070 1562 2121 alis
1593 2069 1841 2120 volantes
1875 2084 2086 2121 sacram
2123 2079 2179 2122 et
2210 2084 2329 2139 my-

740 2166 934 2218 sticam
973 2179 1220 2216 mensam
1261 2162 1542 2221 ohvelant,
1574 2160 1703 2211 dttm
1745 2160 2053 2212 Cherubini
2092 2161 2331 2213 cireum-

739 2264 910 2315 stant,
946 2264 1002 2306 et
1048 2252 1283 2320 Trisagii
1331 2252 1594 2319 hymnum
1639 2265 1785 2302 ctara
1829 2266 1964 2304 voce
2008 2252 2330 2315 concinuut,

741 2346 1033 2414 Seraphint
1073 2360 1197 2395 eum
1233 2342 1400 2413 456
1436 2342 1747 2394 reverentia
1784 2357 1842 2394 sc
1880 2342 2168 2405 inclinant,
2199 2344 2330 2395 dum

742 2436 990 2504 pontifex
1029 2434 1466 2488 miscricordiam
1504 2433 1598 2485 Dei
1639 2432 1737 2485 tibi
1773 2433 2169 2500 deprecatione
2201 2450 2331 2487 eon-

742 2528 916 2587 ciliat,
949 2527 1211 2578 omnibus
1251 2526 1461 2577 interea
1506 2524 1705 2575 timore
1747 2533 1912 2590 atque
1955 2533 2194 2576 tremore
2234 2524 2331 2576 dc-

743 2616 887 2679 fixis,
921 2616 1054 2669 duut
1104 2617 1294 2683 Agnus
1339 2613 1433 2666 Dei
1479 2616 1849 2676 saerificatttr,
1888 2613 2099 2683 Spiritu
2144 2625 2335 2667 sancto

742 2709 985 2777 desuper
1034 2707 1495 2775 superveniente;
1551 2707 1682 2759 dum
1742 2706 1925 2774 angeli
1982 2707 2336 2759 invisibiliter

742 2813 965 2852 omnem
1006 2798 1271 2866 populum
1317 2796 1689 2857 circumeunt,
1723 2796 2080 2864 fideliumque
2123 2796 2336 2850 animos

743 2890 963 2958 signant
983 2896 1040 2941 et
1063 2887 1420 2949 describunt,
1447 2900 1556 2938 non
1587 2885 1970 2954 perhorrescis
1992 2887 2107 2954 (13)
2124 2886 2333 2951 animo,

745 2978 895 3048 quod
936 2978 1202 3047 despicis,
1227 2986 1284 3031 ct
1316 2977 1471 3031 Judze
1510 2978 1762 3029 osculum
1799 2977 1953 3030 fratri
1995 2977 2181 3040 offers,
2210 2979 2336 3031 diu-

746 3081 1076 3139 turnamquc
1101 3079 1156 3141 et
1180 3078 1431 3124 tenacem
1457 3067 1787 3137 iniuriarum
1814 3069 2142 3122 memoriam
2171 3081 2337 3138 atque

745 3161 1122 3231 perniciosum
1150 3160 1427 3228 serpentis
1452 3174 1726 3211 venenum
1760 3175 1888 3228 erga
1922 3159 2147 3212 fratretn
2181 3168 2335 3211 tuum

746 3253 805 3307 in
850 3252 1020 3306 corde
1067 3261 1164 3305 tuo
1205 3250 1397 3304 intime
1443 3249 1772 3302 abscondis?
1810 3258 1866 3303 et
1910 3258 1966 3302 tu
2011 3249 2336 3304 abscondita

748 3342 937 3397 cordis
978 3341 1331 3413 cognoscenti
1378 3340 1522 3394 dicis
1566 3358 1578 3392 :
1628 3340 1853 3394 Dimitte
1899 3341 2059 3403 mihi,
2094 3342 2237 3394 sicut
2283 3351 2340 3395 et

751 3450 856 3504 ego
892 3434 1115 3487 ditnitto
1156 3433 1313 3486 fratri
1360 3433 1521 3485 meo?
1558 3432 1819 3501 Nunquid
1863 3433 1985 3486 talis
2028 3442 2120 3487 tua
2162 3436 2338 3488 oratio

751 3525 1056 3596 quidquam
1090 3525 1277 3578 differt
1308 3541 1337 3578 a
1375 3525 1519 3577 tnala
1556 3523 1987 3592 imprecatione?
2022 3524 2156 3578 Ecce
2190 3525 2337 3593 quod

751 3616 917 3680 dicis,
946 3625 1139 3670 contra
1170 3617 1406 3684 teipsum
1437 3614 1580 3667 dicis
1610 3631 1623 3666 :
1655 3614 1711 3667 Si
1743 3614 1984 3676 dimitto,
2013 3614 2258 3679 dimitte;
2292 3617 2338 3670 si

753 3707 999 3777 ignosco,
1027 3706 1282 3775 ignosce;
1314 3705 1362 3759 si
1391 3704 1719 3773 eompatior,
1747 3715 2095 3773 compatere;
2131 3706 2176 3759 si
2208 3706 2341 3759 reti-

752 3812 859 3850 nco
890 3797 1161 3850 tenaciter
1190 3796 1518 3864 injttriarmn
1548 3795 1871 3848 memoriam
1904 3796 2172 3851 adversus
2203 3812 2337 3850 con-

753 3902 976 3944 servum
1000 3900 1211 3951 meum,
1237 3897 1293 3941 et
1320 3898 1377 3939 tu
1407 3885 1609 3951 retine;
1640 3887 1684 3939 si
1714 3888 1944 3950 irascor,
1972 3886 2209 3942 irascere
2238 3906 2250 3940 :
2283 3889 2338 3941 in

755 3996 865 4050 qua
892 3995 1151 4033 mensura
1181 3979 1401 4043 metior,
1426 3978 1483 4030 in
1517 3993 1581 4031 ea
1614 3977 1927 4031 remetiaris
1952 3978 2091 4030 tuihi
2121 3995 2136 4030 :
2170 3979 2216 4032 si
2244 3995 2341 4049 per

754 4072 1169 4127 simulationem
1224 4070 1367 4139 fingo
1413 4086 1498 4122 tne
1540 4068 1758 4122 veniam
1813 4068 1982 4132 dare,
2027 4071 2194 4123 etiam
2242 4088 2339 4140 per

755 4163 1168 4217 simulationem
1202 4159 1641 4214 miscricordiam
1668 4161 1845 4213 fictam
1874 4176 2198 4229 consequar.
2226 4162 2339 4231 Ego

756 4262 952 4308 contra
1000 4253 1418 4320 memetipsum,
1454 4266 1488 4304 ο
1534 4249 1786 4312 Domine,
1821 4251 2150 4304 sententiam
2196 4251 2336 4306 fero.

758 4344 959 4398 Audivi
1001 4345 1151 4398 cnitn
1194 4342 1544 4395 tremendum
1587 4340 1817 4393 verbum
1864 4349 2017 4393 tuum
2067 4358 2080 4393 :
2126 4341 2191 4395 In
2233 4360 2338 4412 qua

759 4452 1009 4489 mensura
1054 4436 1218 4487 mensi
1261 4434 1488 4502 fueritis,
1521 4433 1827 4485 remetietur
1858 4433 1996 4485 vobis
2023 4432 2084 4486 “.
2116 4434 2185 4487 Et
2223 4452 2236 4487 :
2280 4435 2339 4489 Si

1935 397 1999 455 S.
2038 393 2439 456 ANASTASII
2481 395 2809 457 SINAITJE

805 514 949 580 Quid
1009 515 1111 577 ais,
1146 513 1349 567 homo?
1399 528 1499 566 cur
1550 509 1692 565 adeo
1746 512 2011 565 audacter
2061 511 2328 565 adversus
2360 521 2400 573 Α

3904 399 4007 458 84η

2503 512 2567 562 Τί
2603 511 2804 578 λέγεις,
2842 512 3098 582 ἄνθρωπε
3128 512 3216 573 ςτί
3251 512 3541 581 τολμηρῶς
3577 513 3717 564 κατά
3747 507 3840 563 τοῦ
3871 510 4008 562 Θεοῦ

2428 603 2723 674 νεανιεύῃς
2774 606 3150 673 Μνησικακείς
3199 604 3340 655 κατά
3371 604 3464 656 τοῦ
3505 603 3737 670 ἀδελφοῦ
3777 620 3874 654 σου
3909 604 4013 671 μά-

2432 713 2632 764 χαιραν
2655 696 2809 765 αὐτῷ
2844 696 3079 753 ἀκονῶν,
3119 698 3212 749 καὶ
3260 697 3445 759 δόλους
3482 696 3603 749 κατ’
3636 695 3800 748 αὑτοῦ
3841 713 4011 748 κατα-

2432 786 2719 849 σκευάζων
2743 828 2756 846 ,
2791 789 2887 840 καὶ
2919 788 3009 839 τὸν
3039 788 3281 856 πονηρὸν
3335 790 3412 840 ἰὸν
3473 790 3530 839 ἐν
3571 791 3634 857 τῇ
3687 790 3889 857 καρδία
3919 805 4009 839 σου

2430 879 2639 948 φέρων,
2672 880 2766 932 καὶ
2794 880 2923 949 βοᾷς
2952 881 3030 950 τῷ
3061 882 3199 950 θεῷ’
3230 882 3399 949 "Atlas;
3434 898 3521 949 μοι
3550 882 3616 931 τὰ
3642 881 4008 947 ὀφειλήματα.

2429 972 2505 1034 ὡς
2547 972 2704 1039 κάγὼ
2735 972 2927 1041 ἀφῆκα
2966 974 3043 1042 τῷ
3083 976 3340 1045 ὀφειλέτῃ
3374 990 3514 1043 μους
3548 973 3820 1035 Εῧξασϐαι
3849 968 4011 1042 ἦλθες

2431 1065 2488 1115 ἐν
2521 1068 2586 1132 τῇ
2634 1065 2732 1117 τοῦ
2775 1066 2913 1116 Θεοῦ
2954 1066 3242 1135 ἐκκλησία,
3279 1067 3310 1135 ἦ
3343 1065 3684 1135 ψεύωσῢαη
3724 1068 3885 1134 χάριν
3920 1066 4011 1117 λα-

2431 1152 2566 1213 ϐεῖν,
2597 1153 2629 1222 ἢ
2666 1154 2836 1221 ὀργὴν
2862 1155 3301 1219 ἑπισπάσασθαι;
3325 1156 3519 1222 ἄφεσιν
3544 1156 3828 1224 ἁμαρτιῶν
3860 1156 4014 1223 ποιή-

2438 1244 2635 1295 σασθαι
2658 1284 2673 1305 ,
2711 1246 2742 1315 ἧ
2792 1246 3115 1315 προσθήκην
3153 1246 3674 1315 πλημμελημάτων;
3736 1247 4014 1314 σωτηρίαν

2435 1336 2859 1405 κομίσασθαι,ἢ
2910 1336 3167 1403 κόλοσινς
3222 1340 3332 1406 Οὐχ
3379 1340 3535 1408 δρᾷς,
3594 1338 3679 1390 ὅτι
3728 1338 3816 1389 δια
3860 1337 4017 1389 τοῦτο

2433 1428 2795 1497 ἀσπαζόμεθα
2832 1428 3101 1496 ἀλλήλους
3149 1430 3269 1482 κατ’
3321 1431 3539 1498 ἐκείνην
3582 1431 3682 1498 τὴν
3724 1429 3874 1497 ὤραν
3919 1430 4016 1497 τὴν

2435 1522 2697 1590 φοϐερὰν,
2730 1520 2815 1572 ἴνα
2851 1522 3030 1573 πάντα
3061 1521 3415 1588 σύνδεσμον
3446 1521 3685 1586 ἀδικίας
3717 1523 3814 1572 καὶ
3848 1520 4014 1588 σκλη-

2438 1613 2730 1681 ροκαρδίας
2763 1612 3021 1681 ῥίψαντες
3053 1614 3110 1663 ἐν
3150 1613 3372 1684 καθαρᾷ
3422 1612 3621 1683 καρδία
3661 1612 3738 1681 τῷ
3768 1613 4016 1680 Δεσπότῃ

2435 1705 2826 1774 προσέλθωμεν
2845 1719 2859 1767 ;

2504 1972 2569 2023 Τί
2629 1974 2841 2036 ποιεῖς,
2892 1972 3189 2042 ἀνορωπες
3255 1976 3506 2043 ἀγγέλων
3558 1975 4017 2047 λειτουργούντι-ιν

2433 2064 2823 2132 ἐξαπτερύγων
2862 2066 2962 2135 τὴν
2990 2066 3259 2136 μυστικὴν
3286 2069 3569 2139 τράπεζαν
3605 2068 4017 2126 καλυπτόντων,

2432 2155 2543 2207 τῶν
2600 2156 2887 2225 Χερουϐὶμ
2937 2160 3385 2227 παρισταμένων,
3442 2160 3536 2210 καὶ
3590 2158 3683 2209 τὸν
3736 2158 4018 2228 τρισάγιον

2435 2246 2606 2312 ὕμνον
2668 2246 2900 2315 λαμπρᾷ
2956 2250 3020 2316 τῇ
3081 2251 3231 2316 φωνῇ
3295 2251 3689 2318 κεκραγότων,
3759 2250 3871 2301 τῶν
3922 2250 4009 2300 Ss-

2438 2340 2615 2406 ραφὶμ
2646 2337 2763 2406 μετ’
2796 2337 3086 2400 εὐλαϐείας
3130 2340 3478 2406 κεκυφότων,
3508 2342 3604 2393 τοῦ
3650 2340 3961 2410 ἀρχιερέως
3991 2350 4017 2376 ¹ι

2435 2429 2579 2497 ὑπὲρ
2626 2426 2721 2479 σοῦ
2764 2427 3183 2495 ἑξιλεουμένου,
3230 2430 3446 2480 πάντων
3481 2429 3631 2496 φόϐῳ
3681 2430 3777 2481 καὶ
3826 2428 4019 2498 τρόμῳ

2434 2517 2832 2586 διανοουμένων
2875 2525 2932 2575 ο,
2958 2517 3055 2569 τοῦ
3111 2517 3309 2583 ’Λμνοῦ
3341 2518 3435 2570 τοῦ
3469 2519 3603 2571 Θεοῦ
3646 2518 4018 2587 σφαγιαζομέ-

2436 2626 2550 2671 νου,
2578 2608 2671 2659 τοῦ
2700 2606 3018 2677 ιινεύματος
3044 2608 3141 2661 τοῦ
3168 2610 3327 2676 ἁγίου
3362 2609 3572 2662 ἄνωθεν
3601 2611 4019 2677 ἐπιφοιτῶντος,

2437 2699 2687 2767 ἀγγέλων
2724 2700 2976 2770 ἀοράτως
3022 2700 3204 2754 πάντα
3244 2701 3338 2754 τὸν
3381 2702 3510 2754 λαὸν
3556 2695 4017 2772 περιτρεχόντων,

2412 2790 2534 2842 νκαὶ
2558 2792 2656 2852 τὰς
2675 2791 2789 2842 τῶν
2816 2791 3027 2843 πιστῶν
3055 2802 3084 2840 P
3110 2792 3292 2862 ψυχὰς
3327 2794 3742 2862 σημειουμένων
3776 2794 3891 2863 (14)
3924 2793 4022 2846 καὶ

2438 2883 2941 2953 ἀπογραφομένων,
2965 2884 3028 2936 οὐ
3054 2885 3304 2952 φρίττεις
3327 2884 3712 2955 καταφρονῶν,
3730 2888 3827 2938 καὶ
3844 2886 4020 2939 ἀσπα-

2440 2974 2578 3044 σμὸν
2620 2975 2911 3027 Ἰουδαϊκὸν
2944 2975 3036 3027 τὸν
3065 2976 3300 3046 ἀδελφὺν
3350 2979 3758 3047 ἀσπαζόμενος,
3790 2982 3888 3033 καὶ
3919 2996 4021 3031 πο-

2438 3064 2758 3134 λυχρονίους
2809 3067 3180 3132 μνησικακίας
3231 3069 3326 3120 καὶ
3369 3068 3462 3120 τὸν
3512 3069 3758 3140 ὀλέθριον
3785 3072 3882 3123 τὸν
3923 3071 4020 3123 τοῦ

2364 3186 2407 3243 C
2441 3158 2617 3223 δφεως
2652 3158 2710 3208 ὲν
2736 3159 2802 3225 τῇ
2850 3158 3051 3226 καρδίᾳ
3092 3176 3189 3211 σου
3230 3161 3666 3230 ὲναποκρύπτων
3721 3163 3861 3215 κατά
3922 3164 4020 3216 τοῦ

2440 3248 2668 3316 ἀδελφοῦ
2690 3265 2784 3301 σου
2812 3265 2826 3310 ;
2858 3266 2974 3310 πως
2990 3256 3052 3302 οὐ
3071 3252 3314 3320 φρίττεις
3335 3254 3429 3306 καὶ
3450 3255 3834 3317 καταπίπτεις,
3858 3255 3938 3324 τῷ
3952 3258 4022 3309 τὰ

2441 3344 2663 3410 κρυπτά
2706 3341 2806 3409 τῆς
2839 3345 3067 3410 καρδίας
3118 3345 3439 3410 γινώσκοντι
3495 3346 3689 3413 λέγων,
3733 3348 3905 3414 Ἀφες
3931 3365 4023 3416 μοι

2440 3434 2518 3494 ὡς
2557 3430 2711 3498 κάγὼ
2746 3434 2935 3501 ἀφῆκα
2976 3434 3054 3502 τῷ
3083 3435 3298 3505 ἀδελφῷ
3351 3454 3492 3505 μους
3522 3438 3575 3490 τί
3606 3438 3856 3507 διαφέρει
3886 3456 4023 3491 κατ-

2441 3524 2580 3592 ἀρας
2599 3527 2631 3593 ἡ
2654 3526 2881 3593 τοιαύτη
2904 3542 2999 3578 σου
3032 3527 3163 3596 εὐχή
3185 3544 3199 3591 ;
3241 3528 3374 3581 Ἰδοὺ
3396 3528 3425 3580 δ
3443 3530 3643 3596 λέγεις,
3674 3529 3795 3582 καθ’
3824 3530 4022 3583 ἑαυτοῦ

2440 3617 2741 3688 ἀποφαίνῃ·
2776 3617 2838 3668 Εἰ
2869 3618 3015 3685 ἀφῶ,
3040 3618 3200 3685 ἄφες·
3233 3601 3281 3671 ἒξ
3316 3620 3605 3690 συγχωρῶ,
3638 3620 4021 3691 συγχώρησον·

2443 3709 2488 3759 εἰ
2504 3707 2798 3777 συμπαθῶ,
2818 3708 3202 3778 συμπάθησον·
3219 3712 3267 3763 εἰ
3282 3711 3472 3779 κρατῶ
3491 3715 3863 3783 μνησικακίαν
3884 3716 4021 3785 πρὸς

2440 3801 2533 3851 τῖιν
2579 3799 2866 3852 σύνδουλόν
2900 3818 3027 3869 μου,
3077 3804 3375 3869 κράτησον·
3428 3804 3478 3854 εἰ
3525 3805 3822 3874 ὀργίζομαι
3868 3806 4025 3875 ὀργί-

2443 3893 2621 3960 σθητυ
2644 3893 2705 3943 ἐν
2727 3884 2772 3959 ᾧ
2793 3893 2978 3961 μέτρῳ
3005 3909 3213 3960 μετρω.
3240 3893 3569 3963 μετρηθήτω
3599 3911 3710 3963 μοι·
3738 3897 3786 3948 εἰ
3808 3898 3868 3949 ὲν
3885 3898 4021 3951 ὐπο-

2441 3982 2623 4052 κρίσει
2638 3980 2991 4050 συγχωρῶ,ὲν
3006 3981 3295 4050 ὑποκρίσει
3307 3982 3533 4051 ἐλεηθῶ.
3554 3984 3694 4051 Ἐγὼ
3714 3987 3815 4051 τὴν
3838 3988 4021 4057 ψῆφον

2441 4073 2567 4124 κατ’
2600 4072 2842 4142 ἐμαυτοῦ
2897 4072 3183 4140 ποιοῦμαι,
3212 4073 3493 4127 Δέσποταο
3531 4076 3739 4144 ἦκουσα
3776 4079 3892 4147 γάρ
3920 4080 4022 4147 τῆς

2442 4163 2683 4233 φοϐερᾶς
2708 4180 2801 4215 σου
2840 4165 3025 4229 φωνῆς
3053 4163 3150 4229 τῆς
3172 4162 3460 4233 λεγούσης,
3485 4165 3567 4216 δτι
3615 4165 3718 4217 Ἔν
3744 4160 3793 4231 ᾧ
3826 4168 4024 4233 μέτρῳ

2437 4254 2737 4324 μετρεῖτε,
2772 4253 3339 4321 ἀντιμετρηθήσεται
3405 4255 3567 4322 ὑμῖν.
3603 4256 3712 4308 Καί
3736 4272 3751 4285 ο
3783 4257 4021 4324 Ἐὰνμή

2442 4344 2635 4412 ἀφῆτε
2652 4344 2775 4408 τοῖς
2793 4343 3128 4410 ἀνθρώποις
3143 4344 3213 4397 τὰ
3228 4343 3669 4412 παραπτώματα
3687 4344 3911 4408 αὐτῶν,
3924 4349 4025 4399 οὺ-

2442 4434 2510 4485 δὲ
2533 4439 2565 4487 ό
2585 4434 2790 4501 Πατὴρ
2820 4433 2986 4502 ὑμῶν
3011 4437 3043 4487 ὀ
3065 4433 3346 4500 οὐράνιος
3372 4434 3596 4501 ἀφήσει
3618 4434 3784 4503 ὑμῖν.
3801 4436 4024 4489 Τούτων

760 4545 865 4581 non
887 4528 1190 4580 dimiseritis
1214 4525 1506 4578 hominibus
1528 4532 1741 4592 peccata
1758 4539 1959 4585 eorum,
1983 4540 2147 4594 neque
2172 4525 2334 4579 Pater

2443 4523 2537 4579 οὖν
2554 4525 2663 4578 τῶν
2690 4526 2940 4594 ἀψευδῶν
2967 4542 3061 4577 σου
3088 4526 3282 4593 φωνῶν
3302 4528 3422 4588 ταῖς
3440 4526 3750 4593 ἀποφάσεσι
3771 4527 4021 4589 πεισθεὶς

758 4627 928 4670 vester
953 4616 1171 4669 «plastis
1203 4617 1425 4668 dimittet
1458 4615 1596 4667 vobis
1621 4615 1685 4667 “'.
1718 4613 1855 4667 lluic
1882 4614 2179 4668 verborum
2213 4626 2337 4669 tuo-

835 4756 878 4786 ⁸³
900 4756 1004 4809 lsa.
1032 4772 1175 4818 Lvm,
1200 4757 1253 4809 6.
1333 4754 1373 4783 "‘
1397 4754 1588 4807 Matth.
1611 4772 1703 4817 vn,
1724 4754 1777 4805 2.
1856 4755 1899 4784 "
1923 4753 2111 4807 Matth.
2134 4772 2207 4819 vt,
2234 4757 2315 4810 15.

2444 4615 2633 4687 ἀφῆκα
2686 4617 2781 4671 καὶ
2841 4616 3197 4687 συνεχώρησα
3246 4618 3359 4679 τοῖς
3412 4617 3707 4670 πταίσασιν
3763 4617 3847 4681 εἰς
3898 4618 4020 4688 ἐμὲ,

2059 4893 2290 4949 νΑιιυΕ
2331 4894 2738 4951 LECTlleES.

835 4990 861 5019 υ
889 4980 1074 5036 Canis.
1097 4981 1393 5051 κεκυφότας
1414 4980 1509 5033 τοῦ
1529 4981 1847 5052 ἀρχιερέως.

1927 4989 1952 5017 ο
1983 4982 2166 5037 Canis.
2204 4985 2648 5054 διακονουμένων.

2724 4994 2753 5033 ρ
2784 4984 3021 5053 μυστῶν.

2264 5101 2501 5159 ΝΟἹίΕ.

836 5192 948 5261 (l3)
979 5191 1117 5245 Mala
1150 5191 1619 5261 interpunctinne,
1639 5207 1704 5246 ac
1740 5192 1907 5246 unius
1936 5192 2089 5246 vocis
2128 5192 2233 5246 levi
2269 5194 2325 5247 in

768 5260 874 5315 line
895 5260 1305 5329 depravatione,
1341 5262 1481 5315 male
1515 5260 1604 5314 hic
1642 5262 1790 5315 edita
1828 5262 2012 5315 luxata
2051 5273 2228 5326 erant,
2262 5278 2327 5318 ac

768 5346 1053 5401 perperam
1095 5330 1331 5401 reddita,
1381 5331 1659 5401 attributis
1692 5330 2029 5401 Cherubinis
2079 5348 2199 5399 qua:
2229 5349 2327 5386 au-

767 5399 888 5454 ctor
919 5415 1159 5452 consone
1187 5399 1489 5468 Scriptura:
1513 5400 1634 5453 Isai.
1670 5417 1720 5454 vt
1758 5400 1956 5453 tribuit
1978 5400 2323 5470 Seraphinis,

768 5486 830 5523 ac
880 5470 1219 5538 Seraphinis,
1274 5486 1395 5536 qum
1443 5480 1637 5524 auctor
1690 5472 1916 5524 ascribit
1976 5472 2217 5539 pontitici
2264 5489 2327 5526 ac

770 5540 1061 5592 sacerdoti.
1114 5539 1328 5609 Quippe
1380 5540 1668 5608 Seraphiut
1723 5540 2031 5609 Trisagitmt
2062 5542 2324 5603 clamant,

770 5609 1133 5677 sacerdosque
1160 5609 1471 5663 reverentia
1497 5625 1559 5664 ac
1603 5618 1749 5663 tnettt
1786 5610 2055 5663 inclinans
2100 5627 2163 5664 ac
2210 5629 2330 5664 eer-

771 5693 936 5738 nmts.
995 5678 1241 5731 divinttm
1281 5693 1484 5731 nunten
1540 5682 1639 5732 sub
1672 5680 1723 5732 id
1784 5687 2000 5746 tempus
2035 5682 2329 5735 conciliat:

773 5746 983 5799 tametsi
1044 5748 1097 5800 itt
1131 5749 1352 5816 Apocal.
1399 5764 1470 5811 tv,
1524 5764 1575 5800 v.
1614 5749 1667 5809 8,
1716 5765 1824 5801 non
1874 5748 2185 5816 Seraphim.
2235 5753 2332 5804 sed

769 5816 1029 5869 animalia
1066 5819 1435 5887 appellantur,
1469 5818 1563 5886 qui
1608 5819 1686 5872 sic
1733 5820 2002 5885 clamant;
2048 5819 2331 5874 videntur-

2436 5210 2546 5272 que
2637 5192 2749 5272 ipsi
2770 5189 3097 5272 significari,
3122 5190 3325 5272 quibus
3362 5191 3815 5272 r_egius_f’s_altes
3842 5197 4017 5253 Deum

2435 5261 2680 5319 insidere
2703 5265 2799 5325 ait,
2817 5262 3177 5328 nominatque
3204 5261 3527 5325 Cberubim,
3556 5265 3695 5318 Psal.
3726 5282 3852 5330 va,
3885 5284 3937 5322 v.
3962 5272 4016 5330 2,

2432 5344 2490 5390 ct
2512 5334 2667 5388 alibi.

2504 5405 2615 5473 (H)
2637 5402 2757 5454 Τῶν
2781 5403 3207 5471 σημειουμένων,
3222 5417 3413 5455 eorum
3435 5403 3527 5471 qui
3548 5416 4021 5461 sacramentorum

2433 5474 3193 5545 participcseranttac‘nec
3226 5473 3634 5534 cateehttmeni.
3680 5491 3783 5529 nec
3837 5481 4021 5545 patui-

2430 5542 2634 5604 tcntes,
2669 5542 2764 5596 sed
2797 5543 2995 5605 πιστοί,
3034 5542 3313 5613 ﬁdelesoc
3339 5546 3533 5604 sancti,
3566 5559 3704 5613 quos
3728 5542 3881 5599 solos
3904 5548 4022 5601 dia-

2433 5629 2606 5669 conus
2625 5613 2853 5678 jubebat
2880 5627 3125 5673 manere,
3152 5611 3247 5664 ubi
3281 5614 3390 5681 jam
3419 5617 3486 5666 ad
3516 5611 3629 5667 rein
3662 5629 3878 5669 sacram
3901 5627 4021 5672 erat

2432 5683 2865 5753 procedtmdum.
2914 5683 3029 5736 Vox
3084 5682 3320 5753 πιστῶν,
3372 5698 3534 5750 quam
3587 5684 3736 5738 edita
3788 5686 4015 5749 habent,

2434 5754 2654 5806 videtur
2700 5752 2873 5815 tnagis
2926 5768 2993 5803 ex
3048 5766 3149 5805 usu
3196 5752 3592 5807 ecclesiastico.
3651 5754 3797 5810 nihil
3850 5772 4015 5812 sensu

2436 5824 2651 5877 diversa
2690 5823 2755 5876 ab
2782 5837 2845 5875 ea
2876 5836 3039 5889 quam
3076 5820 3295 5875 edimus
3318 5836 3387 5875 ex
3407 5822 3529 5876 cod.
3564 5824 3752 5891 Regio.
