4200 6440
166 389 262 452 841

1384 411 1668 473 ORATIO
1701 416 1795 476 DE
1832 419 1890 478 S.
1926 420 2224 481 SYNAXI.

3331 441 3439 502 812

168 506 305 568 αρες
344 499 466 566 οὖν,
498 504 781 573 Δέσποτα,
810 509 886 574 ὡς
913 511 1103 582 ἀφῆκα
1155 516 1313 585 κάγὼ
1359 523 1473 583 τοῖς
1524 524 1737 591 ὁμοδούι

1860 543 2013 592 runt,
2048 545 2172 597 qua:
2221 531 2357 586 falsa
2402 548 2525 589 esse
2574 549 2687 589 non
2735 549 2997 606 possunt,
3030 545 3436 615 testificationi,

166 594 297 655 λοις.

233 868 428 921 Ταῦτα
447 870 699 942 λέγωμεν
718 890 732 904 ·
764 873 939 930 ταῦτα
973 877 1093 929 καθ’
1121 879 1360 950 ἑκάστην
1390 885 1749 953 προσευχόμε-

161 977 241 1011 νοι
270 961 417 1013 κατὰ
448 962 543 1014 τὸν
566 964 757 1035 καιρὸν
776 967 874 1035 τῆς
899 971 1138 1037 φοϐερᾶς
1170 972 1264 1023 καὶ
1294 972 1599 1041 φρικώδους
1630 991 1753 1027 συν-

164 1052 342 1116 ἀξεως
370 1058 797 1125 παριστάμενοι,
836 1060 973 1130 ὅπερ
1005 1062 1291 1129 γινώσκων
1321 1067 1348 1117 ὁ
1384 1067 1565 1135 ἱερεὺς
1613 1068 1751 1137 μετὰ

162 1144 221 1195 τὸ
264 1146 608 1216 ἀγασθῆναι
652 1151 749 1221 τήν
787 1151 980 1204 Θυσίαν
1008 1154 1225 1223 ἐκείνην
1272 1156 1371 1225 τὴν
1410 1159 1750 1226 ἀναίμακτον

161 1236 362 1302 ἀνι.)ψοῖ
389 1237 483 1289 τὸν
517 1238 680 1306 ἄρτον
716 1242 813 1308 τῆς
850 1239 1013 1305 ζωῆς,
1064 1242 1159 1294 καὶ
1207 1245 1375 1295 πᾶσιν
1417 1244 1583 1296 αὑτὸν
1614 1244 1748 1298 ὑπο-

157 1322 427 1376 δεικνύει.
460 1321 591 1377 Εἶτα
617 1328 855 1393 ἐκφωνεῖ
876 1329 905 1380 ό
930 1329 1202 1393 διάκονος,
1238 1332 1332 1383 καλ¹
1362 1332 1514 1398 λέγει
1540 1349 1554 1363 ο
1600 1336 1749 1400 Πρό-

158 1428 434 1482 σχωμεν,
456 1417 593 1486 ὅπερ
624 1419 759 1481 ἐστὶ,
791 1421 1094 1489 προσέχετε
1130 1422 1343 1484 ἑαυτοῖς
1377 1423 1618 1492 ἀδελφοὶ,
1640 1442 1745 1495 φη-

159 1505 266 1556 σίν.
315 1504 453 1559 Ἰδοὺ
505 1508 611 1577 πρὸ
663 1508 909 1579 βραχέως
958 1510 1270 1565 συνέΟεσῦε·
1308 1514 1571 1583 Ἔχομεν
1596 1517 1746 1583 πρὸς

155 1597 264 1649 τὸν
297 1598 528 1664 Κύριον
570 1600 676 1663 τὰς
728 1601 999 1668 καρδίας.
1056 1605 1168 1656 Καὶ
1216 1604 1378 1657 πάλιν
1405 1605 1467 1657 τὸ
1504 1608 1745 1677 καθαρὸν

155 1690 249 1740 καὶ
313 1690 700 1759 ἀμνησίκακον
760 1694 1150 1763 ὁμολογοῦντες
1202 1695 1363 1765 Θεῷ,
1415 1698 1629 1765 εἴπατε,
1660 1700 1743 1752 ὅτι

158 1778 351 1845 Ἀρες
376 1779 542 1845 ἡμῖν,
564 1780 635 1845 ὡς
667 1781 766 1833 καί
788 1782 959 1851 ἡμεῖς
982 1784 1235 1851 ἀφίεμεν
1263 1785 1386 1851 τοῖς
1406 1787 1743 1854 ὀφειλέταις

154 1868 350 1933 ἡμῶν,
406 1872 488 1923 διὸ
540 1875 631 1925 καὶ
679 1874 947 1944 ἀλλήλους
984 1876 1330 1945 ἡσπάσασυε.
1376 1879 1517 1931 Ἀλλ’
1551 1881 1740 1950 ἐπειδὴ
1777 1862 1815 1915 Β

152 1959 449 2028 ἄνθρωπός
480 1961 595 2028 εἰμι
634 1961 810 2029 κάγὼ,
850 1964 1064 2032 ἀγνοῶν
1097 1965 1199 2029 τὰς
1229 1968 1559 2038 ἐνθυμήσεις
1584 1970 1743 2040 ήμῶν

154 2050 492 2119 ἀπορρἰτω
537 2052 630 2103 ἀπ’
659 2053 894 2121 ἐμαυτοῦ
924 2056 984 2109 τὸ
1014 2057 1186 2126 κρίμα
1206 2073 1222 2089 ο
1249 2058 1313 2110 οὐ
1357 2060 1466 2130 γάρ
1494 2058 1629 2124 οἶδα,
1660 2062 1743 2126 τίς

153 2139 330 2204 ἄξιος,
369 2141 404 2209 ἢ
443 2143 659 2208 ἀνάξιος
686 2149 785 2215 τῆς
816 2147 926 2199 τῶν
966 2149 1287 2218 μυστηρίων
1332 2151 1539 2204 τούτων
1572 2171 1740 2222 μετα-

153 2229 401 2298 λήψεως,
444 2233 542 2284 καὶ
585 2234 676 2286 διὰ
704 2235 864 2289 τοῦτο
902 2240 1234 2309 προσφωνῶ,
1265 2243 1557 2312 προσέχειν
1592 2245 1739 2314 ὑμᾶς

153 2321 399 2387 ἑαυτοῖς,
427 2324 521 2377 καὶ
544 2325 953 2395 ἐπιγινώσκειν,
988 2329 1096 2383 τίνι
1129 2333 1497 2404 παρίστασοε.

220 2494 361 2553 Εἶτα
392 2501 591 2569 ἐπάγει
622 2505 649 2555 ὁ
674 2503 852 2573 ἱερεὺς
874 2503 1102 2569 εὐθέως,
1128 2506 1223 2559 καὶ
1256 2506 1405 2574 λέγει
1427 2523 1441 2538 ·
1477 2508 1554 2562 Τὰ
1573 2509 1739 2578 Ἅγια

152 2588 280 2654 τοῖς
309 2591 525 2657 ἁγίοις.
548 2589 612 2641 Τί
640 2590 697 2643 δέ
727 2608 920 2659 φησιν;
956 2592 1172 2662 Ὅρᾶτε,
1200 2594 1491 2659 ἀγαπητοὶ,
1524 2594 1643 2657 πῶς
1670 2597 1737 2664 τῇ

154 2679 467 2748 μεταλήψει
510 2678 619 2732 τῶν
648 2679 810 2732 Θείων
866 2682 1185 2750 μυστηρίων
1227 2684 1626 2753 προσέρχεσθε,
1660 2687 1735 2753 μή

149 2787 234 2833 τις
283 2770 445 2839 ὑμῶν
498 2770 830 2840 μεταλαϐεῖν
878 2773 1338 2843 προσερχόμενος,
1372 2775 1580 2845 ἀκούσῃ
1606 2788 1622 2805 ⁸
1658 2777 1733 2846 μή

155 2880 258 2929 μου
292 2861 491 2921 intota,
530 2861 802 2931 ἀπόστηοι
849 2862 944 2915 ἀπ’
974 2864 1108 2933 ἐμοῦ
1140 2866 1170 2916 ό
1198 2865 1565 2935 ἐργαζόμενος
1595 2884 1736 2936 μνη-

153 2952 419 3003 σικακίαν
458 2953 553 3003 καὶ
581 2953 834 3020 ἀνομίαν.
879 2954 1117 3005 Ἀπόστα
1151 2956 1370 3024 μακρὰν
1418 2958 1446 3009 ὁ
1478 2958 1554 3026 μὴ
1602 2975 1732 3025 συγ-

152 3052 415 3111 χωρήσας
457 3044 536 3113 τῷ
574 3043 788 3112 ἀδελφῷ
835 3062 952 3098 σου.
992 3047 1104 3098 Καὶ
1136 3048 1257 3099 τότε
1286 3047 1456 3099 ἐλθὼν
1492 3051 1733 3119 πρόφερε

148 3134 209 3184 τὸ
240 3134 420 3203 δῶρόν
451 3150 570 3199 σου,
594 3135 692 3186 καὶ
717 3134 997 3207 ἀξιωθήσῃ
1019 3137 1114 3206 τῆς
1143 3139 1518 3208 μεταλήψεως.
1553 3140 1733 3209 TEd/0v

152 3225 332 3277 πάντα
381 3226 643 3297 βόρϐορον
678 3228 879 3290 κακίας
905 3230 1029 3281 ’ἀπὸ
1078 3230 1191 3289 σοῦ.
1244 3232 1338 3283 καὶ
1389 3232 1510 3283 τότε
1562 3233 1734 3286 ἐλθὼν

152 3316 419 3379 ὑπόδεξαι
460 3318 552 3370 τὸν
593 3317 963 3389 καθαρτήριον
995 3319 1264 3389 ἄνθρακα.
1296 3322 1428 3373 Εἰπὲ
1472 3324 1607 3389 πρὸς
1642 3324 1735 3376 αὑ·

150 3407 244 3459 τόν
270 3424 285 3438 ·
326 3403 481 3473 Οἶδα,
510 3409 777 3471 Δέσποτα,
813 3410 895 3462 ὅτι
928 3409 1140 3462 πολλῶν
1180 3412 1593 3482 ἁμαρτημάτων
1636 3416 1731 3467 καὶ

148 3495 538 3565 ὀφειλημάτων
566 3497 849 3568 χρεώστης
882 3500 1020 3567 εἰμὶ,
1050 3500 1187 3552 ἀλλά
1221 3500 1308 3552 διὰ
1330 3502 1428 3571 τήν
1460 3502 1557 3571 σὴν
1580 3506 1730 3555 ἐντο-

147 3587 246 3657 λήν
280 3589 641 3658 συνεχώρησα
672 3593 787 3653 τοῖς
830 3592 982 3660 ἐμοῖς
1027 3591 1296 3659 ἀδελφοῖς,
1333 3594 1421 3644 ἵνα
1450 3595 1603 3661 κάγὼ
1630 3599 1730 3667 τῆς

149 3682 306 3746 παρά
364 3680 462 3732 σοῦ
518 3683 920 3753 συγχωρήσεως
974 3684 1212 3749 ἀξιωθῶ,
1244 3687 1509 3740 Δέσποτα.
1545 3689 1729 3742 Ταῦτα

149 3775 244 3826 καὶ
291 3773 363 3825 τὰ
393 3773 621 3826 τοιαῦτα
668 3774 981 3828 ὑποτίθεται
1042 3777 1174 3846 ἡμῖν
1219 3778 1247 3829 ὁ
1282 3779 1461 3848 ἱερεὺς
1498 3779 1586 3832 διὰ
1627 3782 1727 3852 τῆς

152 3866 359 3933 μικρᾶς
391 3864 608 3934 ἐκείνης
638 3865 1024 3936 ἐκφωνήσεως.

214 3968 310 4021 Διὸ
371 3972 820 4040 συγχωρήσωμεν
848 3974 959 4033 τοῖς
992 3973 1241 4042 ἀδελφοῖς
1292 3976 1450 4046 ήμῶν
1472 4014 1489 4039 ,
1523 3979 1618 4031 καὶ
1665 3978 1726 4043 ἐξ

146 4060 365 4113 ἑαυτῶν
394 4061 793 4132 ἀπορῤίψωμεν
826 4065 1009 4116 πᾶσαν
1053 4066 1255 4119 κακίαν
1294 4068 1391 4120 καὶ
1429 4070 1717 4139 πονηρίαν,

145 4153 193 4205 oi
241 4151 564 4221 βουλόμενοι
606 4152 772 4217 ἀξίως
802 4155 1176 4225 περιπατῆσαι
1215 4158 1315 4227 τῆς
1359 4158 1623 4230 κλήσεως,
1655 4156 1724 4231 ἧς

144 4243 485 4312 ἐκλήοημεν.
506 4242 598 4312 Μὴ
618 4243 800 4313 εἴπῃς,
829 4244 997 4297 πολλά
1028 4246 1384 4318 συνεχώρησα
1408 4250 1485 4317 τῷ
1508 4251 1722 4321 ἀδελφῷ

144 4349 280 4401 μου,
330 4332 431 4383 καὶ
480 4331 645 4384 πάλιν
686 4349 776 4402 μοι
818 4333 1086 4403 ἥμαρτεν,
1120 4336 1245 4388 ἐπεὶ
1280 4338 1373 4389 καὶ
1402 4340 1468 4391 σὺ
1498 4340 1559 4392 τὸ
1588 4340 1722 4393 αὐτὸ

139 4424 404 4485 ἀκούσεις
436 4423 591 4493 παρὰ
617 4424 711 4477 τοῦ
746 4426 1043 4482 Δεσπότου.
1078 4430 1168 4497 Μὴ
1194 4430 1354 4499 εἴπῃς
1386 4432 1599 4499 μεγάλα
1631 4450 1719 4503 μοι

1858 615 2021 669 fidem
2077 618 2273 684 habui,
2321 630 2377 676 et
2419 623 2635 689 dimisi,
2681 628 2980 700 ignovique
3025 633 3162 700 illis,
3207 644 3300 709 qui
3351 662 3438 699 me

1853 708 2207 764 offenderunt
2236 730 2248 765 :
2276 713 2495 771 dimitte
2525 716 2717 786 igitur,
2744 736 2777 776 ο
2804 723 3056 793 Domine,
3086 708 3237 786 sicut
3256 743 3310 789 et
3336 752 3439 807 ego

1851 802 2137 855 conservis
2162 803 2368 858 dimisi.

1929 891 2053 945 ll:ec
2107 893 2389 959 dicamus,
2443 898 2560 953 lucc
2612 904 2863 970 quotidie
2920 924 3243 980 precemur,
3303 917 3436 973 dum

1853 992 2103 1053 tempore
2162 989 2465 1044 tremendae
2520 1000 2690 1062 atque
2744 1010 3107 1058 sacrosanctae
3166 1022 3439 1077 synaxeos

1851 1078 2312 1145 circumstantes,
2367 1082 2517 1151 quod
2585 1100 2925 1156 cognoscens
2990 1099 3251 1153 sacerdos
3311 1115 3438 1171 post

1850 1172 2326 1226 consecrationem
2378 1176 2638 1231 sacriﬁcii
2690 1179 2842 1233 illius
2888 1183 3192 1253 incruenti,
3234 1208 3432 1261 panem

1848 1258 1975 1310 vita:
2016 1258 2069 1311 in
2109 1262 2281 1314 altum
2324 1264 2524 1328 elevat,
2556 1278 2611 1322 et
2644 1272 2909 1327 omnibus
2944 1274 3124 1344 ipsum
3160 1258 3427 1340 ostendit.

1849 1350 2059 1404 Deinde
2093 1354 2361 1408 exclamat
2392 1357 2680 1426 diaconus,
2712 1372 2768 1417 et
2798 1365 2933 1419 dicit
2968 1386 2981 1421 :
3014 1371 3299 1438 Attendite,
3327 1376 3432 1432 hoc

1846 1444 1931 1488 cst
1963 1455 1974 1489 :
2003 1438 2289 1495 Attenditc
2321 1445 2496 1508 vobis,
2532 1448 2755 1506 fratres.
2785 1453 2925 1510 Ecce
2947 1460 3109 1526 paulo
3130 1474 3258 1519 ante
3290 1481 3429 1521 con-

1846 1529 2121 1594 sensistis,
2157 1531 2407 1589 dicentes
2449 1556 2460 1589 :
2507 1538 2770 1597 "abemus
2808 1548 2967 1602 corda
3009 1552 3080 1604 ad
3118 1552 3423 1613 Dominum.

1846 1617 1914 1671 Et
1957 1637 2080 1675 mox
2126 1639 2267 1692 puro
2310 1628 2505 1691 corde,
2540 1642 2598 1686 ct
2639 1636 2786 1700 quod
2829 1654 3047 1693 onmem
3095 1643 3425 1712 injuriarutn

1846 1714 2169 1767 memoriam
2228 1717 2518 1785 deposuit,
2577 1725 2909 1783 confitentes
2968 1731 3079 1783 Deo
3135 1735 3353 1793 dixistis
3408 1758 3421 1793 :

1847 1802 2065 1855 Dimitte
2110 1807 2290 1870 nobis,
2326 1811 2460 1863 sicut
2506 1824 2553 1865 et
2604 1831 2697 1867 nos
2742 1818 3061 1876 dimittimus
3105 1825 3424 1884 debitoribus

1845 1896 2056 1949 nostris.
2091 1897 2394 1967 Propterea
2426 1914 2482 1957 et
2510 1923 2606 1961 vos
2638 1908 2875 1965 imiccm
2915 1917 3151 1983 amplexi
3190 1921 3327 1975 estis
3368 1924 3421 1976 iu

1842 1986 2034 2039 osculo
2086 1991 2257 2057 pacis.
2291 1991 2397 2046 Sed
2454 2012 2579 2050 cum
2636 2015 2739 2069 ego
2787 2004 2889 2056 sim
2922 2005 3110 2069 horno,
3168 2010 3425 2079 ignorans

1841 2084 2054 2129 vestras
2104 2080 2496 2147 cogitationes,
2544 2087 2765 2143 illorum
2814 2093 3016 2163 abjicio
3064 2113 3092 2150 a
3142 2114 3229 2152 me
3268 2104 3423 2171 judi-

1840 2164 1984 2218 ciqu
2022 2184 2035 2219 :
2072 2185 2181 2221 non
2216 2173 2362 2225 enim
2399 2179 2552 2230 novit
2577 2181 2723 2248 quis.
2752 2183 3025 2253 dignusne
3056 2190 3148 2252 sit,
3177 2208 3245 2244 an
3268 2164 3422 2247 indi-

1839 2270 1982 2323 guus
2019 2259 2218 2313 horum
2262 2268 2648 2335 mysteriorum
2690 2284 3072 2343 perceptione.
3102 2280 3171 2335 Et
3208 2283 3280 2337 ob
3318 2286 3425 2342 hoc

1840 2345 2023 2414 ipsum
2061 2350 2317 2418 inclamo,
2350 2366 2408 2410 ut
2438 2360 2599 2413 vobis
2632 2366 2953 2431 attendatis,
2982 2380 3039 2423 et
3069 2374 3158 2428 cui
3190 2377 3420 2432 assista-

1845 2437 1933 2498 tis,
1974 2441 2358 2499 considerctis.

1908 2529 2171 2600 Adjungit
2201 2534 2402 2591 deinde
2440 2542 2698 2596 sacerdos
2730 2562 2743 2597 :
2778 2545 2977 2603 Sancta
3011 2557 3230 2609 sanctis.
3273 2558 3418 2623 Quid

1838 2635 1967 2676 vero
2006 2624 2175 2678 dicit?
2214 2627 2427 2693 Videte,
2464 2632 2801 2704 cliarissimi,
2831 2645 3109 2710 quomodo
3150 2649 3218 2701 ad
3264 2666 3417 2706 com-

1837 2715 2158 2770 munionem
2182 2718 2494 2777 divinorum
2517 2724 2679 2797 457
2703 2735 3091 2801 mysteriorum
3116 2743 3414 2808 accedatis,

1836 2820 1906 2860 ne
1935 2808 2060 2875 quis
2089 2817 2330 2865 vestrum
2366 2820 2771 2875 communicare
2802 2831 3043 2893 tentans,
3072 2832 3258 2887 audiat
3288 2851 3302 2887 :
3335 2835 3416 2890 Ne

1837 2911 1924 2949 me
1962 2906 2182 2966 tangas,
2209 2901 2446 2958 abscede
2477 2922 2507 2959 a
2540 2924 2650 2970 me,
2676 2913 2769 2979 qui
2802 2912 3020 2984 injuriae
3051 2922 3299 2979 retinens
3329 2941 3411 2993 es,

1835 2997 1893 3043 et
1920 2989 2265 3059 iniquitatem
2288 3001 2554 3065 operaris.
2592 3003 2788 3058 Procul
2824 3008 3040 3074 abesto,
3074 3014 3168 3083 qui
3188 2989 3414 3073 fratrem

1838 3092 1993 3135 tuum
2046 3100 2155 3137 non
2203 3086 2450 3155 dignaris
2493 3094 2672 3149 venia.
2717 3095 2785 3150 Et
2829 3104 2962 3155 tunc
3001 3105 3231 3161 veniens
3272 3109 3415 3164 oil‘er

1761 3198 1803 3254 ο
1839 3188 2037 3227 lltllllus
2089 3184 2274 3240 tuum,
2322 3178 2632 3251 dignusque
2681 3187 2938 3245 eilicieris
2995 3202 3408 3258 communione.

1834 3260 2024 3331 Abjice
2057 3263 2156 3317 abs
2190 3275 2242 3319 te
2272 3283 2466 3324 oumes
2497 3274 2720 3328 malitia:
2755 3279 2969 3345 sordes,
2998 3293 3055 3338 et
3089 3294 3221 3343 tunc
3252 3305 3412 3346 acce-

1832 3352 1978 3417 dito,
2019 3357 2523 3431 cmundantemque
2573 3366 2871 3423 carbonem
2916 3373 3073 3429 illum
3118 3382 3408 3450 suscipito.

1832 3442 1927 3496 Dic
1960 3444 2029 3497 ad
2065 3445 2219 3499 illum
2260 3465 2273 3500 :
2311 3449 2470 3515 Novi,
2506 3454 2758 3520 Domine,
2792 3476 2877 3512 me
2900 3464 3196 3520 multorum
3235 3473 3410 3526 scele-

1832 3546 1953 3585 rum
2012 3544 2069 3587 et
2116 3536 2428 3593 debitorum
2488 3543 2800 3601 debitorem
2859 3567 3014 3618 esse;
3076 3566 3132 3609 at
3183 3571 3410 3630 propter

1829 3626 2150 3681 uuuulatum
2218 3638 2370 3684 tuum
2434 3634 2616 3703 ignovi
2680 3641 2978 3707 fratribus,
3036 3659 3097 3700 ut
3150 3626 3207 3706 et
3267 3626 3407 3722 ego,

1828 3715 2080 3781 Domine,
2109 3721 2322 3776 veniam
2355 3740 2384 3776 a
2420 3734 2471 3777 te
2502 3742 2830 3800 consequar.
2862 3735 2987 3790 llzec
3018 3749 3166 3795 tanta
3192 3750 3248 3796 et
3278 3746 3405 3801 talia

1826 3809 2052 3877 sulijicit
2092 3814 2278 3867 animo
2322 3827 2514 3871 nostro
2559 3824 2822 3879 sacerdos
2868 3831 3123 3896 perbrevi
3171 3834 3261 3889 illa
3306 3853 3403 3892 sua

1825 3902 2277 3969 proclamatione.

1894 3988 2165 4053 Quocirca
2222 3996 2486 4053 fratribus
2540 4007 2751 4061 nostris
2805 4008 3186 4079 ignoscamus,
3231 4028 3288 4072 et
3335 4035 3404 4074 ex

1823 4080 1985 4134 nobis
2024 4082 2158 4152 ipsis
2195 4100 2416 4143 omnem
2459 4093 2724 4148 malitiam
2762 4107 2819 4150 et
2856 4100 3264 4169 improbitatem
3304 4123 3403 4161 ex-

1825 4172 2219 4239 termineiuus,
2255 4193 2382 4232 cum
2429 4185 2716 4251 proposito
2761 4187 2927 4257 digne
2974 4192 3291 4247 ambulandi
3335 4211 3402 4250 ea

1822 4264 2142 4329 vocatione,
2172 4268 2226 4321 in
2255 4286 2361 4337 qua
2389 4275 2569 4328 vocati
2598 4290 2811 4333 sumus.
2835 4280 2913 4334 Ne
2932 4281 3173 4338 dixeris:
3202 4286 3402 4354 saepius

1822 4354 2002 4422 ignovi
2038 4357 2197 4412 fratri
2234 4377 2384 4425 meo,
2421 4380 2726 4437 rursusque
2762 4370 2817 4423 in
2855 4388 2939 4426 tne
2972 4373 3235 4444 deliquit;
3271 4379 3401 4446 quia

1822 4447 1956 4500 illud
1989 4449 2167 4517 ipsum
2196 4466 2226 4503 a
2250 4452 2481 4507 Domino
2511 4458 2611 4511 tibi
2639 4469 2818 4527 potest
2843 4463 3031 4533 objici.
3058 4465 3135 4519 Ne
3156 4467 3399 4522 dixeris:

138 4516 166 4566 ό
215 4514 371 4565 δεῖνα
416 4512 697 4579 ἔπταισεν,
729 4515 821 4567 τὸν
865 4513 1015 4569 οἶκόν
1064 4535 1166 4587 μου
1202 4521 1585 4586 ἐπεϐούλευσε,
1626 4524 1718 4575 τὸν

2011 4512 2025 4517 _
2640 4512 2654 4527 ,
2744 4512 2815 4515 η,
2851 4512 3031 4533 ην---
3060 4512 3134 4519 -.ν
3158 4512 3399 4522 _...-.....

1834 4538 2068 4607 ingentia
2100 4542 2300 4596 damna
2332 4545 2423 4599 ille
2455 4548 2591 4603 mihi
2629 4551 2846 4617 intulit,
2873 4555 3059 4608 domui
3097 4573 3229 4611 mea:
3264 4560 3401 4611 iusi-

140 4607 310 4677 ἀγρόν
352 4622 457 4673 μου
505 4606 895 4676 ίδιοποιήσατο,
939 4608 1034 4662 τὸν
1088 4611 1205 4663 υἱόν
1246 4629 1348 4680 μου
1402 4614 1713 4679 ἀπέκτεινε,

141 4697 313 4748 πολλὰ.
344 4695 497 4748 κακά
531 4712 623 4763 μοι
656 4696 974 4761 ἐνεδείξατο,
1010 4699 1090 4760 είς
1125 4699 1502 4771 δεσμωτήριον
1530 4704 1719 4757 ἐνέϐα-

142 4797 247 4849 λεν,
288 4786 374 4847 εἰς
415 4784 646 4837 θάνατόν
697 4803 765 4857 με
831 4789 1172 4859 παρέδωκεν,
1228 4794 1326 4845 καὶ
1374 4793 1435 4845 οὐ
1481 4794 1716 4865 δύναμαι

144 4878 294 4931 τοῦτο
342 4877 721 4946 συγχωρῆσαι.
755 4877 867 4947 Μὴ.
910 4880 1189 4950 ἀγαπητὴ
1227 4884 1303 4952 μὴ
1351 4884 1476 4953 λέγε
1518 4888 1715 4951 οὕτως,

140 4969 473 5039 παρακαλῶ.
513 4970 654 5022 Ὅσα
694 4970 803 5041 γὰρ
830 4972 1067 5041 ἀφήσεις
1112 4974 1192 5045 τῷ
1240 4976 1456 5047 ἀδελφῷ
1485 4996 1599 5043 σου,
1628 4998 1717 5034 τοο

140 5063 334 5125 σαῦτα,
366 5061 464 5114 καὶ
507 5062 736 5128 μείζονα
785 5073 813 5113 ς
865 5066 1069 5135 ἀφήσει
1112 5083 1197 5119 σοι
1224 5068 1253 5119 ὁ
1280 5072 1578 5142 Δεσπότης.
1613 5075 1718 5127 Μί-

146 5167 320 5222 μησαι
353 5150 452 5204 καὶ
483 5152 548 5204 σὺ
580 5151 853 5221 Στέφανον
882 5155 1090 5208 ἐκεῖνον
1114 5157 1207 5209 τὸν
1236 5159 1452 5228 πρῶτον
1482 5163 1540 5214 ἐν
1577 5165 1718 5235 μάρ-

142 5260 282 5299 τυσι.
319 5243 387 5295 Τί
431 5242 543 5313 γὰρ
577 5244 787 5307 ἐκεῖνος
822 5244 976 5314 ἔλεγε
1004 5246 1514 5320 λιθολευστούμενος
1540 5273 1554 5322 ;
1584 5259 1715 5309 Κύ-

140 5351 243 5399 pie,
271 5334 361 5403 μὴ
397 5334 641 5403 στήσῃς
665 5337 873 5404 αὐτοῖς
898 5338 1016 5405 τὴν
1042 5340 1336 5409 ἁμαρτίαν
1360 5347 1605 5413 ταύτην.

205 5427 466 5498 Ηίμησαι
514 5428 769 5484 Ἰάκωϐον
796 5430 889 5484 τὸν
919 5424 1269 5501 ἀδελφόθεον,
1293 5428 1355 5488 οὗ
1398 5441 1493 5493 καὶ
1523 5444 1571 5495 oi
1610 5444 1713 5496 Γα-

210 5597 255 5627 ¹⁶
272 5599 395 5650 Act.
420 5613 515 5661 vu,
536 5597 624 5652 59.

1822 4628 1944 4682 dias
1982 4633 2242 4695 tetendit,
2281 4650 2471 4703 agrum
2509 4655 2689 4694 meum
2725 4643 2831 4697 sibi
2864 4645 3193 4713 vindicavit,
3229 4650 3400 4704 filium

1824 4736 2007 4775 meum
2045 4724 2249 4778 occidit
2286 4745 2301 4793 ;
2342 4732 2531 4785 multis
2574 4734 2939 4791 incommodis
2977 4755 3064 4792 me
3104 4742 3310 4806 aileeit,
3345 4746 3400 4799 in

1821 4828 2097 4867 carcerem
2149 4820 2455 4889 compegit,
2496 4822 2549 4875 in
2602 4834 2835 4879 mortem
2887 4829 3142 4895 tradidit,
3183 4848 3401 4903 nequeo

1818 4904 2046 4973 gratiam
2104 4908 2245 4961 male
2300 4913 2722 4968 commissorum
2782 4916 2982 4973 facere.
3032 4921 3111 4974 Ne
3171 4922 3225 4976 in
3285 4925 3401 4978 haec

1817 4996 2016 5059 verba,
2057 4999 2411 5065 charissime,
2455 5019 2735 5075 erumpas.
2777 5008 2991 5074 Quanta
3037 5013 3186 5065 enim
3239 5015 3395 5070 fratri

1820 5094 1917 5140 tuo
1949 5082 2251 5155 remiseris,
2282 5102 2430 5148 tanta
2472 5104 2528 5148 et
2559 5100 2764 5166 majora
2799 5102 3045 5156 remittet
3077 5104 3174 5157 tibi
3207 5106 3395 5160 Domi-

1821 5193 1942 5233 nus.
1967 5180 2186 5235 Imitare
2208 5195 2265 5237 et
2293 5194 2346 5238 tu
2375 5185 2712 5255 Stephanum
2739 5191 2891 5244 illum
2921 5192 3158 5260 primum
3191 5206 3395 5266 marty-

1821 5281 1957 5319 rem.
1991 5267 2131 5333 Quid
2167 5273 2314 5326 enim
2352 5274 2439 5328 ille
2469 5276 2626 5342 dixit,
2658 5296 2781 5333 cum
2814 5282 3095 5351 lapidibus
3124 5286 3390 5341 obruere-

1820 5365 1911 5411 tur
1933 5360 1955 5411 ?
1988 5359 2225 5427 Domine,
2254 5382 2318 5417 ne
2343 5377 2548 5422 statuas
2578 5370 2682 5424 illis
2705 5376 2799 5425 hoc
2822 5386 3092 5444 peccatum
3116 5380 3178 5430 ¹⁶.

1896 5450 2110 5505 Imitare
2142 5453 2408 5510 Jacobqu
2441 5458 2666 5515 fratrem
2705 5464 2942 5530 Domini,
2977 5468 3043 5521 de
3078 5484 3188 5537 quo
3222 5471 3388 5523 etiam

1438 5702 1665 5761 VARL'E
1713 5709 2112 5769 ΙᾸΞΕΤΙΟΧί-ῖθι.

208 5814 239 5856 ιι
268 5806 454 5860 Canis.
494 5808 729 5865 πλείονα.

460 5901 731 5963 Parnm.
777 5904 894 5964 Gtt.
929 5905 1270 5967 LXXXIX.
