4200 6440
759 435 861 493 8H
1962 432 2021 489 Β.

2066 432 2460 490 ΛΝΛΞΤᾸΞΙΙ
2504 433 2827 492 SINAITJ‘I

3902 433 4003 493 8H

755 551 970 607 Judaict
1002 550 1307 617 scriptorcs
1345 555 1632 605 testantur,
1661 560 1784 596 cum
1822 561 1920 612 pro
1958 546 2326 598 interfectori-

2437 548 2631 600 λιλαῖνιι
2673 546 3003 616 λογογράᾳοι
3035 542 3148 613 (l5)
3182 546 3487 614 μέμνηνται
3529 546 3820 614 εύλὸμενον
3865 548 4003 611 ὑκὲς)

759 645 860 693 bus
884 642 998 693 suis
1023 655 1219 708 preces
1243 638 1470 696 fudisse,
1491 645 1545 688 et
1572 637 1686 688 haec
1710 636 2006 705 protulisse
2036 656 2047 688 :
2078 638 2327 698 llotuiue,

756 734 973 785 dimitte
1012 732 1147 793 illis;
1187 746 1297 782 non
1358 729 1505 781 enim
1542 736 1744 780 norunt
1769 725 1898 794 quid
1935 726 2156 779 faciant.
2204 727 2329 779 ltui-

760 834 873 877 tare
901 827 1078 892 ipsum
1105 821 1416 881 Dominum,
1441 819 1535 887 qui
1561 819 1751 870 salutis
1778 828 1882 869 tuae
1907 832 2070 869 causa
2100 828 2329 868 mortem

757 915 946 976 subiit,
967 923 1022 966 et
1046 912 1090 964 si
1115 911 1282 964 frater
1306 920 1437 964 tuus
1458 910 1693 962 voluerit
1720 918 1771 961 te
1798 909 1849 960 in
1880 908 2083 973 lignum
2115 910 2329 970 tollere,

756 1004 930 1058 clama
950 1017 1073 1054 cum
1107 1000 1339 1053 Domino
1373 1018 1384 1052 :
1423 1000 1601 1059 Pater,
1637 999 1838 1051 dimitte
1873 997 1981 1049 illis
2001 998 2040 1027 ³⁷
2074 999 2173 1049 boe
2205 1015 2330 1064 pet-—

758 1105 959 1148 catum.
1010 1094 1233 1146 Intuere
1310 1092 1461 1144 illum
1522 1091 1615 1158 qui
1669 1090 1858 1143 decem
1910 1090 2081 1142 millia
2131 1092 2330 1143 talenta

758 1184 991 1237 Domino
1018 1183 1206 1237 debet.
1230 1182 1365 1236 Cum
1398 1180 1547 1234 mille
1576 1181 1777 1233 talenta
1805 1179 1986 1242 audis,
2012 1195 2180 1233 onera
2211 1198 2332 1249 pec-

757 1283 1009 1327 catorum
1039 1275 1299 1340 intellige.
1328 1274 1431 1325 Istc
1460 1271 1550 1324 ubi
1581 1271 1646 1323 ad
1676 1271 1841 1339 pedes
1863 1271 2078 1325 Domini
2106 1273 2331 1335 accidit,

761 1365 853 1418 ubi
912 1366 1225 1419 obsecravit
1276 1372 1331 1416 et
1381 1363 1750 1431 supplicavit,
1802 1362 2047 1415 omnium
2111 1362 2331 1415 illormn

762 1471 975 1508 veniam
1011 1456 1271 1508 obtinuit.
1304 1454 1372 1507 At
1407 1455 1498 1507 ubi
1539 1455 1666 1507 mali
1704 1454 1804 1506 sibi
1843 1452 1976 1505 illati
2011 1455 2331 1506 memoriam

762 1547 1069 1606 renovavit,
1097 1561 1306 1614 suoque
1343 1560 1612 1597 conservo
1647 1545 1931 1613 ignosrere
1964 1546 2175 1607 renuit,
2210 1546 2331 1598 titil-

760 1643 866 1691 lam
907 1638 1143 1706 amplius
1183 1637 1393 1689 veniam
1429 1637 1743 1702 impetravit
1787 1653 1799 1686 :
1846 1634 1941 1685 sed
1983 1636 2335 1703 sempiternis

758 1729 1047 1798 suppliciis
1077 1727 1311 1781 traditus
1333 1734 1439 1780 est.
1464 1727 1541 1778 lin
1575 1727 1688 1779 sola
1724 1725 2052 1793 injnriarum
2081 1725 2335 1778 recorda-

760 1823 836 1874 tio
871 1838 936 1874 ex
973 1827 1053 1873 tot
1083 1830 1139 1873 et
1172 1828 1278 1871 tam
1314 1817 1573 1887 gravibus
1606 1817 1955 1875 criminibus.
1993 1831 2113 1884 quze
2146 1816 2334 1870 decies

762 1910 910 1964 mille
942 1910 1149 1964 talenta
1180 1915 1484 1977 atquarent,
1521 1908 1697 1976 ipsmn
1731 1908 1963 1975 perdere
1996 1907 2191 1975 potuit.

828 2088 995 2159 458
1027 2087 1295 2152 Quocirca
1330 2086 1626 2155 fugiamus,
1658 2101 1777 2146 oro,
1811 2085 2083 2139 nefarium
2121 2087 2225 2141 hoc
2279 2097 2336 2141 ct

762 2180 935 2233 venia:
973 2194 1175 2247 expers
1214 2188 1520 2246 peceatum.
1556 2177 1621 2228 Et
1655 2178 1698 2229 si
1736 2178 1879 2230 scire
1912 2180 2069 2248 cupis
2102 2179 2333 2248 injuria-

763 2284 884 2324 rum
919 2269 1359 2323 recordationem
1398 2268 1790 2321 transcendere
1824 2270 2067 2323 omnium
2103 2271 2334 2324 aliorutn

762 2362 1059 2414 criminum
1086 2359 1496 2421 enormitatem,
1524 2358 1574 2411 id
1607 2359 1795 2426 paucis
1818 2360 2049 2413 docebo.
2074 2361 2333 2416 Adverte.

762 2452 936 2504 Omne
969 2438 1252 2519 peceatum
1284 2448 1484 2517 exiguo
1514 2456 1761 2517 tempore
1792 2451 2100 2518 perficitur,
2127 2460 2183 2503 et
2214 2450 2338 2503 abs-

764 2556 872 2608 que
914 2555 1072 2593 mora
1111 2547 1494 2607 perpetratur;
1536 2538 1772 2608 exempli
1810 2542 2007 2608 gratia,
2036 2539 2337 2594 fornicatur

762 2630 888 2698 quis
918 2646 930 2681 :
959 2638 1015 2682 et
1037 2637 1163 2696 post
1182 2627 1471 2695 flagitium,
1495 2628 1702 2695 peccati
1733 2628 2112 2695 magnitudine
2140 2628 2192 2679 in
2220 2629 2339 2680 ani—

764 2734 914 2773 mum
959 2725 1237 2777 revocata,
1267 2716 1484 2785 culpam
1530 2715 1796 2784 agnoscit.
1828 2716 1895 2767 At
1939 2715 2160 2783 irrogati
2207 2716 2337 2768 mali

764 2810 1029 2862 memoria
1060 2806 1442 2859 indesinenter
1465 2805 1569 2859 sub
1598 2813 1825 2873 pectore
1853 2803 2031 2858 fervet
2055 2813 2110 2857 et
2135 2806 2334 2874 gliscit.

764 2901 981 2955 Etenim
1019 2898 1113 2966 qui
1156 2897 1262 2950 hoc
1300 2896 1502 2949 affectu
1544 2896 1868 2959 distinetur,
1898 2896 1943 2949 is
1981 2896 2336 2964 irrequietum

763 3002 819 3047 et
862 3000 1187 3060 perpetuum
1231 3003 1332 3041 suo
1377 2987 1431 3039 in
1475 2986 1641 3039 corde
1683 3001 1955 3039 venenum
1996 2985 2335 3049 circumfert.

764 3085 879 3138 sive
907 3099 973 3136 ex
1003 3083 1147 3135 lecto
1175 3089 1466 3147 exsurgat;
1498 3078 1614 3132 sive
1641 3076 1890 3130 cubitum
1914 3085 2026 3139 eat,
2054 3077 2169 3130 sive
2195 3087 2336 3139 oret,

2432 641 2541 689 τῶν
2571 639 2941 707 ἀναιρούντων
2966 638 3151 702 αὐτὸν,
3198 638 3293 689 καὶ
3342 639 3567 702 λέγοντα
3592 653 3604 665 ·
3644 636 3839 706 Κύριε,
3870 638 4002 701 ἄφες

2435 730 2617 787 αὐτοῖς
2641 744 2652 755 ·
2678 728 2757 780 ὅτι
2794 729 2893 779 οὐκ
2940 727 3115 779 οἴδασι
3145 767 3157 788 ,
3191 727 3244 778 τί
3276 726 3511 780 ποιοῦσι.
3550 729 3806 795 Μίμησαι
3845 727 4005 778 αὐτὸν

2435 819 2525 869 τὸ)
2559 820 2860 887 Δεσπότην,
2895 818 2986 869 τὸν
3032 816 3119 868 διὰ
3158 816 3258 886 τὴν
3291 816 3390 886 σὴν
3419 827 3440 853 '
3470 817 3744 885 σωτηρίαν
3777 815 4006 867 θάνατον

2433 911 2895 979 καταδεξάμενον,
2928 910 3022 961 καὶ
3055 911 3101 960 εἰ
3129 910 3219 959 ἐπὶ
3246 906 3401 971 ξύλου
3436 925 3494 959 σε
3532 909 3746 977 θελήσει
3788 911 3815 958 ὸ
3851 907 4005 959 ἀδελ-

2434 1004 2531 1070 φός
2590 1020 2682 1053 σου
2736 1002 3064 1069 ἀναρτῆσαι,
3106 1000 3417 1067 συμδὸησον
3463 999 3541 1067 τῷ
3588 1000 3871 1068 Δεσπδτῃ,
3915 998 4008 1049 καὶ

2433 1096 2573 1145 εἰπέ·
2612 1097 2800 1159 Πάτερ
2834 1093 2981 1159 ἄφες
3031 1092 3233 1154 αὐτοῖς
3273 1090 3389 1156 τὴν
3416 1092 3712 1157 ἁμαρτίαν
3754 1092 4004 1155 ταύτην.

2436 1185 2577 1250 Ὅρα
2608 1186 2697 1235 τὸν
2746 1183 2913 1251 μυρία
2944 1183 3180 1234 τάλαντα
3213 1183 3288 1251 τῷ
3325 1185 3573 1252 Δεσπότῃ
3604 1184 4003 1251 χρεωστοῦντα.

2434 1279 2617 1346 Μυρία
2675 1278 2729 1329 δὲ
2778 1277 3014 1329 τάλαντα
3058 1276 3303 1341 ἀκούων,
3337 1278 3535 1345 φορτία
3585 1276 4004 1345 ἁμαρτημάτων

2434 1371 2643 1437 νόησον.
2679 1364 2846 1430 Οὗτος
2877 1367 3061 1437 ἐπειδὴ
3098 1370 3402 1437 προσέπεσε
3444 1368 3519 1437 τῷ
3555 1370 3822 1437 Δεσπδτῃ,
3857 1370 4004 1419 ἐπει-

2434 1460 2497 1530 δὴ
2548 1460 2923 1529 παρεκάλεσεν
2964 1465 3004 1522 ⁸,
3064 1461 3252 1529 ἐπειδὴ
3314 1461 3703 1527 ἐδυσώπησεν,
3751 1462 3845 1512 ἐπὶ
3903 1464 4006 1511 τεὶ-

2438 1569 2523 1603 σιν
2552 1553 2780 1613 ἐκείνοις
2807 1554 3208 1619 συγχιιιρὴσεως
3242 1551 3396 1620 ἔτυχε
3424 1567 3437 1580 '
3476 1556 3897 1622 μνησικακήσας
3926 1552 4003 1610 δὲ,

2436 1642 2631 1713 καὶμὴ
2666 1643 3026 1711 συγχωρήσας
3076 1640 3154 1709 τῷ
3202 1641 3470 1711 συνδούλῳ
3513 1641 3713 1705 αὑτοῦ,
3766 1642 3867 1693 οὐκ
3928 1642 4007 1693 ἔτι

2434 1731 2672 1793 ἀνέσεως
2712 1732 2903 1801 ἔτυχεν
2928 1748 2941 1760 ·
2977 1730 3091 1783 ἀλλ’
3120 1732 3316 1801 αἱωνίεμ⁵
3346 1733 3617 1802 παρεδόθη
3652 1733 3847 1803 γεέννῃ
3868 1772 3881 1791 ,
3917 1734 4008 1783 καὶ

2440 1821 2657 1889 ἰσχυσεν
2707 1824 2737 1889 ἡ
2781 1821 3118 1890 μνησικακία
3154 1822 3289 1891 μόνη
3326 1823 3592 1875 ἀπολέσαι
3639 1822 3831 1884 αὐτὸν,
3871 1823 4009 1888 ὑπὲρ

2436 1913 2615 1966 πάντα
2640 1914 2821 1966 ἐκεῖνα
2850 1913 2919 1966 τά
2951 1912 3123 1983 βαρέα
3147 1911 3254 1966 τῶν
3281 1912 3492 1983 μυρίων
3523 1912 3797 1967 ταλάντων
3825 1913 4011 1983 ἀμαρ-

2435 2006 2498 2075 τή
2508 2024 2668 2075 ματα.

2507 2098 2621 2162 Διὸ,
2662 2096 2989 2166 παρακαλῶ,
3025 2099 3315 2165 φεύγωμεν
3350 2096 3410 2147 τὸ
3446 2096 3676 2165 πονηρὸν
3710 2096 3872 2147 τοῦτο
3915 2095 4012 2148 καὶ

2436 2188 2829 2258 ἀσυγχώρητον
2876 2190 3201 2260 ἁμάρτημα.
3233 2190 3343 2244 Καὶ
3378 2191 3426 2242 εἰ
3461 2187 3638 2258 βούλει
3672 2187 3887 2256 μαθεῖν,
3928 2190 4011 2239 δτι

2437 2278 2575 2347 ὑπὲρ
2608 2280 2787 2330 πᾶσαν
2827 2278 2996 2347 ἄλλην
3045 2281 3320 2350 ἁμαρτίαν
3369 2283 3549 2348 χεῖρον
3582 2279 3814 2347 ὑπάρχει
3848 2279 3880 2345 ἡ
3911 2280 4012 2344 τῆς

2441 2369 2809 2438 μνησικακίας
2858 2370 3125 2434 σκότωσις
3166 2380 3216 2435 ιι,
3263 2373 3517 2426 ἄκουσον.
3557 2371 3714 2422 Πᾶσα
3764 2370 4013 2436 ἁμαρτία

2437 2463 2574 2529 πρὸς
2606 2460 2779 2530 βραχὺ
2810 2463 2908 2530 μὲν
2939 2463 3296 2529 ἐπιτελεῖται,
3326 2464 3533 2532 ταχέως
3561 2461 3615 2514 δὲ
3648 2461 3740 2513 καὶ¹
3771 2459 4012 2512 τελειοῦ-

2436 2568 2547 2611 ται,
2589 2545 2702 2604 οἷον
2759 2552 3013 2620 πορνεύει
3049 2572 3152 2616 τις,
3194 2556 3287 2607 καὶ
3329 2552 3466 2623 μετὰ
3494 2552 3651 2605 τοῦτο
3688 2551 3747 2603 τὸ
3779 2552 4011 2620 μέγεθοξ

2438 2640 2532 2693 τοῦ
2580 2643 2976 2710 ἁμαρτήματος
3013 2645 3293 2712 ἐννοήσας,
3336 2645 3470 2714 πρὸς
3514 2645 3810 2711 ἐπίγνωσιν
3847 2660 4011 2709 μετα,

2440 2733 2632 2796 ϐαίνει,
2670 2736 2702 2802 ἡ
2742 2735 3072 2803 μνησικακία
3125 2736 3179 2787 δὲ
3229 2737 3506 2788 ἄπαυστον
3556 2736 3663 2803 ἔχει
3722 2735 3783 2786 τὸ
3840 2734 4012 2795 παθος

2440 2821 2797 2889 φλεγμαῖνον.
2840 2823 2948 2873 Καὶ
2987 2822 3097 2890 γὰρ
3143 2822 3237 2874 καὶ
3288 2822 3664 2891 ἀνιστάμενος,
3695 2820 3787 2872 καὶ
3822 2835 4009 2870 κοιτα-

2440 2908 2693 2978 ζὸμενος,
2738 2912 2830 2961 καὶ
2876 2912 3333 2979 προσευχόμενος,
3368 2910 3458 2962 καὶ
3483 2908 3799 2977 ὁδοιπορῶν,
3833 2908 4010 2959 ἀπαυ-

2441 3017 2564 3051 στον
2602 2999 2697 3051 καὶ
2737 3000 3084 3052 ἀδιάλειπτον
3115 3002 3373 3068 κέκτηται
3401 3000 3494 3051 τὸν
3526 3000 3601 3051 ἱδν
3622 3000 3678 3049 ὲν
3708 3000 3774 3066 τῇ
3810 2996 4008 3049 ἑαυτοῦ

2441 3090 2636 3158 καρδία
2680 3090 2709 3140 ὁ
2761 3090 2935 3159 τούτῳ
2981 3090 3059 3158 τῷ
3105 3090 3267 3143 πάθει
3310 3090 3713 3158 κατεχόμενος,
3746 3086 3887 3138 ὥστε
3917 3086 4009 3136 τὸν

763 3173 880 3227 sive
916 3174 1022 3225 iter
1048 3170 1216 3248 faciat
1242 3190 1254 3222 :
1288 3178 1347 3223 ut
1374 3168 1607 3237 proinde
1636 3168 1737 3220 bac
1769 3177 1921 3235 peste
1953 3167 2208 3230 infectus,
2238 3183 2338 3222 nec

2443 3180 2617 3249 τούτῳ
2646 3179 3037 3250 δεδουλωμένον
3074 3182 3209 3249 μήτε
3246 3180 3471 3249 χάριτος
3513 3178 3649 3230 Θεοῦ
3683 3176 4004 3235 ἀπολαύειν,

764 3264 939 3333 gratia
964 3262 1151 3319 divina
1182 3262 1444 3329 potiatur,
1472 3273 1575 3311 nec
1598 3258 1925 3311 delictorum
1952 3258 2336 3311 remissionem

763 3362 1155 3422 consequatur.
1183 3351 1318 3404 Nam
1351 3348 1445 3401 ubi
1481 3348 1811 3417 injnriarum
1845 3347 2158 3400 recordatio
2189 3348 2335 3400 radi-

764 3461 857 3500 ces
903 3444 1042 3513 egit,
1081 3442 1195 3495 illic
1244 3439 1385 3492 nihil
1436 3437 1691 3506 prodest,
1730 3453 1838 3490 non
1885 3438 2186 3506 jejunium,
2227 3454 2337 3492 non

764 3538 1040 3604 lacryune,
1070 3546 1178 3584 non
1209 3529 1504 3591 confessio,
1535 3543 1643 3580 non
1676 3528 1944 3595 precatio,
1972 3544 2079 3581 non
2106 3530 2336 3599 virgini-

768 3637 868 3688 tas,
896 3641 1007 3679 non
1046 3623 1416 3691 eleemosyna,
1444 3634 1553 3672 non
1595 3618 1743 3672 aliud
1780 3618 2110 3687 quidquam;
2152 3622 2339 3674 omnia

764 3717 912 3771 enim
961 3714 1193 3781 dissipat
1235 3720 1292 3765 et
1337 3709 1592 3764 dissolvit
1641 3709 1971 3779 injnriarum
2029 3710 2339 3766 recordatio

764 3823 894 3876 erga
932 3806 1176 3858 fratrem.

838 3898 945 3951 Sed
975 3907 1032 3949 ct
1060 3895 1193 3949 illud
1227 3909 1350 3949 cum
1379 3908 1512 3946 cura
1542 3902 1816 3945 notemus.
1843 3891 1960 3944 Non
1985 3892 2131 3945 enim
2158 3894 2296 3947 dixit
2322 3912 2334 3947 :

767 3985 825 4041 Si
855 3985 1022 4038 offers
1050 3998 1250 4035 munus
1281 3990 1434 4034 tuum
1465 3980 1531 4034 ad
1561 3980 1754 4040 altare,
1782 3987 1838 4032 et
1870 3980 2190 4035 recordatus
2217 3982 2336 4035 fue-

769 4078 848 4131 ris
925 4075 1073 4145 quod
1120 4073 1327 4142 aliquid
1374 4073 1547 4126 habes
1587 4071 1853 4124 adversus
1888 4070 2110 4125 fratrem
2153 4080 2336 4135 tuum;

766 4167 862 4220 scd
885 4207 898 4228 ,
944 4165 1002 4219 Si
1042 4164 1344 4217 recordatus
1377 4164 1540 4231 fuerit
1588 4162 1726 4231 quod
1754 4161 1906 4213 habet
1935 4160 2133 4229 aliquid
2156 4173 2340 4213 contra

768 4266 817 4307 te
843 4256 1010 4323 frater
1035 4263 1175 4315 tuus,
1205 4253 1287 4304 abi
1320 4254 1570 4321 primum,
1597 4260 1644 4303 et
1672 4250 2011 4303 reconciliare
2040 4251 2196 4318 fratri
2224 4260 2340 4313 tuo;

765 4354 815 4397 et
849 4352 975 4395 tunc
1003 4344 1215 4396 veniens
1244 4341 1369 4409 oﬂ'er
1395 4357 1584 4394 munus
1613 4350 1760 4394 tuum
1783 4339 1848 4391 "'.
1877 4338 1934 4393 Si
1968 4340 2137 4408 igitur
2159 4339 2342 4394 fratris

766 4448 989 4503 quoque
1036 4431 1375 4499 improbitati
1424 4440 1480 4485 et
1524 4432 1744 4485 malitize
1787 4428 2112 4483 medicinam
2160 4428 2340 4484 facere

2444 3270 2579 3336 μήτε
2611 3268 2860 3335 ἀφέσεως
2896 3269 3306 3339 ἁμαρτημάτων
3349 3268 3649 3334 ἀξιοῦσθαι.
3686 3268 3865 3319 Ὅπου
3900 3267 4009 3334 γὰρ

2442 3358 2774 3425 μνησικακία
2827 3360 3245 3429 πεφυτευμένη,
3310 3361 3426 3412 ἐκεῖ
3467 3360 3620 3412 οὐδὲν
3669 3359 3907 3428 ὠφελεῖ.
3944 3358 4008 3408 ού

2438 3449 2681 3517 νηστεία,
2712 3450 2770 3499 ού
2792 3450 3089 3519 προσευχὴ,
3119 3452 3179 3502 ού
3208 3450 3439 3519 δάκρυα,
3471 3452 3571 3502 οὐκ
3598 3450 4006 3518 ἐξομολόγησις,

2438 3536 2498 3588 ού
2530 3537 2735 3607 δέησις,
2787 3540 2848 3589 ού
2896 3541 3182 3607 παρθενία,
3213 3541 3313 3593 οὐκ
3360 3541 3721 3611 ἐλεημοσύνη,
3748 3541 3848 3593 οὐκ
3877 3540 4011 3593 ἄλλο

2438 3628 2591 3680 οὐδὲν
2634 3630 2837 3695 ἀγαθόν
2858 3648 2873 3663 ο
2902 3630 3081 3683 πάντα
3110 3632 3216 3703 γάρ
3249 3632 3510 3685 καταλύει
3539 3634 3572 3703 ὴ
3608 3632 3946 3703 μνησικακία
3974 3634 4008 3700 ἠ

2442 3717 2574 3786 πρὸς
2596 3720 2686 3770 τὸν
2714 3719 2961 3788 ἀδελφόν.

2512 3893 2882 3962 Προσέχωμεν
2919 3896 2975 3948 δὲ
3012 3896 3250 3965 κάκείνῳ
3283 3897 3422 3965 μετὰ
3462 3897 3768 3966 ἀκριϐείας.
3800 3896 3877 3947 Οὐ
3904 3897 4011 3967 γὰρ

2440 3975 2593 4031 εἶπεν
2608 3996 2622 4009 ο
2649 3981 2774 4032 Ἐὰν
2797 3985 3113 4052 προσφέρῃς
3130 3982 3188 4035 τὸ
3206 3984 3377 4053 δῶρόν
3410 4002 3503 4036 σου
3525 3986 3616 4037 ἐπὶ
3640 3985 3700 4036 τὺ
3724 3985 4013 4053 θυσιαστή-

2444 4089 2578 4140 ριον,
2631 4074 2725 4124 καὶ
2777 4074 3042 4142 μνησθῇς,
3077 4076 3157 4126 ὃτι
3191 4073 3334 4141 ἔχεις
3371 4092 3424 4126 τι
3459 4075 3599 4127 κατά
3646 4073 3739 4127 τιιῦ
3774 4074 4011 4140 ἀδελφοῦ

2442 4178 2537 4212 σου
2556 4177 2568 4189 ·
2594 4162 2726 4213 ἀλλά
2750 4163 3065 4229 Μνησθῇς.
3097 4165 3183 4215 ὅτι
3212 4164 3333 4231 ἔχει
3365 4183 3420 4217 τι
3450 4166 3600 4218 κατὰ
3625 4165 3742 4217 σοῦ
3774 4168 3807 4217 ὀ
3837 4165 4014 4218 (idal-

2440 4252 2553 4319 φὸς
2576 4268 2713 4304 σου·
2750 4253 2939 4321 ὕπαγε
2967 4253 3224 4319 πρῶτον,
3251 4253 3608 4322 διαλλάγηθι
3642 4254 3720 4318 τῷ
3765 4255 4015 4322 ἁδελέῴ

2442 4356 2580 4402 σου,
2612 4341 2710 4392 καὶ
2752 4344 2881 4393 τότε
2929 4341 3122 4394 ἐλθὼν
3169 4346 3471 4411 πρόσφερε
3524 4345 3590 4396 τὸ
3630 4343 3826 4409 δῶρόν
3872 4362 4012 4397 σειν.

2444 4431 2506 4482 Εἰ
2539 4426 2631 4483 οὖν
2671 4431 2763 4482 καὶ
2811 4431 2910 4500 τὴν
2946 4432 3147 4485 κακίαν
3192 4433 3286 4486 καὶ
3328 4434 3594 4503 πονηρίαν
3642 4434 3739 4485 τού
3778 4435 4015 4502 ἀδελφοῦ

766 4526 1062 4588 debemus,
1108 4538 1272 4591 quam
1315 4522 1531 4575 veniam
1576 4521 1736 4573 nobis
1780 4518 2168 4587 pollicebimur
2213 4534 2338 4584 nos,

2450 4522 2739 4591 ὀρείλομεν
2782 4531 2806 4560 ν
2853 4520 3195 4592 θεραπεύειν,
3241 4523 3400 4576 ποίαν
3445 4524 3777 4593 συγγνώμην
3818 4525 4018 4594 ἔχομεν

841 4641 879 4671 ³⁷
902 4638 1034 4693 Luc.
1062 4655 1205 4705 χλιιι,
1229 4638 1317 4692 54.
1396 4638 1440 4667 ⁸⁸
1461 4634 1649 4689 Matth.
1672 4653 1722 4698 v,
1745 4634 1833 4697 25,
1854 4633 1941 4687 24.

2055 4721 2288 4776 VARUE
2324 4722 2725 4778 LECTIONES.

840 4824 1072 4877 'Canis.
1118 4820 1205 4872 διὰ
1250 4820 1349 4889 τὴν
1380 4818 1553 4887 ἡμῶν.
1632 4826 1653 4854 ι
1683 4816 1865 4868 Canis.
1908 4813 2233 4882 συμϐόησον.

768 4892 893 4946 στοῦ
901 4909 1020 4961 μεν.

2318 4816 2333 4847 ί
2364 4813 2545 4867 Canis.
2586 4814 2929 4883 μετενόησεν.

3006 4826 3031 4852 υ
3065 4812 3249 4869 Canis.
3290 4815 3323 4884 ἡ
3356 4814 3709 4886 μνησικακία.
3787 4823 3814 4852 ν
3850 4832 4019 4885 χρεω-

2275 4951 2503 5005 NOTAE.

840 5053 952 5123 (l5)
990 5051 1134 5123 Etlit.
1161 5048 1346 5123 Cattis.
1365 5050 1414 5099 oi
1448 5048 1670 5123 παλαιοὶ
1711 5046 2067 5123 λογογράφοι·
2127 5045 2334 5123 Nempe

766 5115 1025 5177 (’Zletuens
1044 5119 1450 5172 Alexandrinus
1488 5129 1543 5169 et
1575 5116 1931 5183 llegesippus,
1964 5130 2104 5183 quos
2146 5115 2335 5165 ambos

770 5192 1041 5247 Eusebius
1073 5188 1240 5240 refert
1265 5189 1302 5240 l.
1331 5203 1386 5242 ιι.
1422 5202 1471 5238 c.
1494 5187 1583 5247 ‘22,
1621 5182 1808 5236 multis
1827 5183 2015 5236 .lacobi
2044 5182 2331 5235 historiam

768 5277 833 5314 ac
872 5256 1189 5327 martyrium
1223 5266 1639 5327 prosequentes.
1669 5253 1825 5305 Edita
1868 5252 2073 5327 habent
2102 5252 2151 5327 οί
2180 5252 2336 5303 Γαλι-

768 5332 929 5388 λαῖοι,
964 5320 1109 5398 quod
1141 5320 1319 5393 plane,
1344 5320 1427 5398 vel
1464 5326 1508 5398 si
1543 5324 1761 5398 deesset
1807 5321 2004 5398 codex;
2022 5320 2212 5398 statim
2238 5336 2336 5398 ap-

768 5389 1354 5466 pareret'menilosum.
1388 5395 1621 5466 Quinam
1666 5392 1817 5466 enim
1858 5390 1935 5466 illi
1966 5389 2174 5442 Galilzei
2202 5389 2340 5441 scri-

770 5460 979 5535 ptorcs,
1012 5483 1042 5517 a
1067 5462 1634 5535 quibusAnastasius
1666 5461 1770 5513 hoc
1800 5460 2066 5535 scriptum
2089 5473 2339 5535 accepe-

772 5527 880 5589 i-u?
905 5550 1029 5587 cum
1059 5527 1361 5600 praesertim
1392 5532 1564 5585 Judaei
1618 5546 1725 5582 non
1766 5530 2020 5600 solerent_
2048 5527 2139 5600 _s_i_c_
2165 5528 2339 5579 uomi-

769 5605 888 5656 nari
918 5645 930 5666 ,
991 5596 1134 5670 quod
1188 5602 1458 5669 interpres
1514 5616 1631 5653 eam
1683 5613 1873 5651 vocem
1917 5596 2199 5670 _red_didit;
2237 5611 2338 5670 nec

767 5665 1087 5731 Christiani,
1120 5672 1223 5722 nisi
1253 5665 1348 5736 per
1378 5678 1775 5735 contemptum,
1804 5676 1860 5720 et
1883 5665 1951 5718 ab
1975 5665 2331 5736 adversariis.

768 5742 1079 5807 Simplicior
1126 5749 1209 5791 est
1254 5734 1579 5791 Anastasius
1608 5734 1793 5805 quam
1842 5745 1901 5788 ut
1945 5742 2163 5807 captet_
2196 5734 2333 5807 tales

766 5801 1063 5865 Verborum
1088 5810 1286 5862 fuluos.
1327 5808 1596 5875 Josephus
1644 5801 1812 5859 refert
1866 5803 2087 5872 quidem
2140 5801 2328 5855 Jacobi

2444 5054 2701 5104 mortem,
2735 5046 2772 5097 l.
2804 5061 2892 5107 xx,
2922 5059 2972 5097 c.
3001 5044 3054 5105 8,
3085 5060 3150 5098 ac
3180 5045 3597 5113 lapidationem,
3622 5045 3815 5099 verius
3853 5046 4018 5104 forte,

2446 5123 2505 5166 ut
2548 5116 2911 5175 succinctius,
2952 5130 3115 5182 quam
3151 5116 3262 5167 duo
3317 5116 3395 5167 illi
3431 5116 3500 5167 ab
3530 5114 3774 5167 Eusebio
3824 5117 4019 5175 relati;

2442 5183 2536 5237 sed
2565 5184 2701 5235 nihil
2731 5183 2980 5235 meminit
2999 5184 3146 5236 illius
3165 5183 3233 5236 ad
3256 5184 3426 5237 Deum
3446 5183 3632 5238 Jacobi
3678 5186 4023 5251 precationis

2444 5268 2544 5319 pro
2587 5252 2656 5303 iis
2691 5254 2785 5320 qui
2832 5254 3010 5320 ipsum
3060 5262 3366 5306 necarunt:
3423 5255 3580 5318 cujus
3624 5262 3684 5304 ut
3731 5253 4019 5305 silentium

2442 5338 2553 5373 non
2573 5321 2743 5374 allicit
2778 5322 3271 5375 narrataahistorite
3298 5339 3328 5375 a
3349 5322 3679 5377 Christianis
3712 5321 4020 5378 historicis.

2441 5391 2518 5442 sic
2571 5406 2670 5442 nec
2731 5391 2906 5458 potuit
2947 5392 3297 5444 Anastasium
3354 5406 3596 5452 movere,
3646 5399 3705 5442 ut
3752 5392 4021 5458 scriptam

2443 5460 2747 5512 asseruerit
2769 5477 2798 5512 a
2825 5460 3187 5520 Galil-.eis,vel
3215 5461 3440 5522 .ludaeis,
3489 5469 3547 5512 ut
3584 5460 3865 5526 interpres
3894 5462 3987 5512 red
4006 5490 4019 5498 -

2442 5529 2545 5585 dit,
2576 5545 2700 5581 cunt
2737 5531 2971 5581 maxime
3020 5529 3316 5597 Josepbus,
3345 5531 3677 5597 llieronytuo
3709 5538 3872 5584 teste.
3912 5544 4019 5581 llntl

2439 5597 2719 5661 Galilzeus,
2768 5599 2864 5650 sed
2900 5598 3341 5666 Hierosolymita,
3378 5597 3707 5651 sacerdotali
3738 5606 3903 5649 ortus
3934 5615 4024 5661 ςυ-

2441 5682 2571 5736 nere
2627 5666 2815 5719 fucrit.
2849 5668 3054 5719 Praeter
3109 5668 3436 5736 Josephum,
3479 5666 3763 5736 quaerendi
3823 5680 4018 5719 nostro

2438 5735 2727 5789 interpreti
2787 5737 2877 5789 alii
2899 5742 3088 5789 ea'rum
3123 5735 3305 5791 rerum
3343 5737 3642 5805 scriptorcs
3672 5735 3871 5789 Juthei.
