4200 6440
164 400 267 461 Βιῦ

1385 403 1670 464 ORATIO
1700 403 1796 462 DE
1834 403 1893 462 S.
1927 401 2230 462 SYNAXI.

3324 404 3428 465 846

166 513 348 575 ημεῖς,
383 509 442 561 οὗ
482 512 640 579 μόνον
670 511 828 565 τοῦτο
861 511 938 582 μὴ
984 511 1286 575 ποιοῦντες,
1324 514 1461 567 ἀλλὰ
1495 519 1589 567 καῖ
1631 518 1727 577 τοῖς

1846 516 1941 583 qui
1978 530 2085 567 non
2122 517 2284 566 modo
2323 513 2374 566 id
2413 529 2521 567 non
2556 514 2813 579 facimus,
2842 514 2937 569 sed
2971 525 3254 571 eteorum
3305 534 3428 585 qua:

165 599 413 664 iaziqoi;
466 602 624 669 ἡμῶν
682 603 1167 671 μνησικακοῦντες,
1223 603 1317 654 καὶ
1368 605 1458 656 τὸν
1509 607 1744 672 πονηρὸν

159 694 234 740 τὴν
285 690 384 741 τοῦ
419 692 596 758 ὄφεως
644 694 699 744 ὲν
740 695 954 755 ἑαυτοῖς
1002 694 1487 765 ἁποκρύπτοντεςς
1526 694 1743 747 Πολλῶν

162 782 343 833 insito
376 783 638 846 πολλάκις
661 784 931 849 λεγόντων
951 799 963 811 '
1000 786 1161 852 οἴμοι
1185 785 1298 845 πῶς
1331 784 1438 853 ἔχω
1470 786 1739 853 σιυοῆναι;

153 873 449 942 νηστεύειν
494 876 595 927 οὐκ
647 875 836 942 ἰσχύω,
893 877 1198 946 ἀγρυπνεῖν
1250 876 1349 928 οὐκ
1395 878 1739 945 ἐπίσταμαι,

154 966 523 1036 παρθενεύειν
570 967 632 1018 οὐ
683 967 954 1036 δύναμαι,
1008 966 1219 1035 κόσμου
1270 968 1629 1037 ἀναχωρῆσαι
1679 968 1740 1019 οὐ

153 1060 328 1127 φέρω,
355 1059 475 1120 πῶς
510 1060 697 1112 λοιπον
730 1060 967 1127 δύναμαι
1012 1059 1284 1128 σωθῆναι;
1327 1060 1480 1123 Πῶς;
1514 1058 1624 1127 ἐγώ
1658 1076 1740 1114 σοι

150 1149 293 1214 λέγω
322 1166 336 1178 ·
384 1152 593 1220 Ἀρες,
640 1152 738 1203 καὶ
767 1149 1134 1219 ἀφεθήσεταί
1165 1166 1265 1204 σοι
1289 1192 1304 1214 ,
1359 1151 1737 1221 συγχώρησον,

151 1246 244 1295 καὶ
266 1244 766 1314 συγχωρηοησεταί
790 1260 892 1296 σοι·
921 1244 1026 1297 ἰδ’...
1056 1245 1152 1314 μία
1174 1244 1289 1306 ὁδὸς
1312 1244 1573 1313 σύντομος
1598 1244 1740 1314 πρὸς

152 1339 459 1405 σωτηρίαν.
505 1337 800 1402 ’Υποδείξω
835 1354 915 1389 σοι
945 1333 1038 1389 οὖν
1074 1338 1166 1388 καὶ
1197 1336 1478 1405 δευτέραν.
1528 1336 1736 1399 Ποίαν;

148 1430 244 1491 Μὴ
288 1430 550 1495 κρίνετε,
592 1430 763 1498 φησι,
810 1431 908 1482 καὶ
948 1431 1019 1481 οὐ
1054 1428 1135 1496 μὴ
1178 1427 1434 1495 κριθῆτε.
1483 1430 1612 1481 Ἰδοὺ
1644 1428 1737 1482 καὶ

148 1520 283 1591 άλλη
314 1523 489 1591 χωρὶς
514 1523 791 1591 νηστείας,
826 1523 919 1572 καὶ
949 1519 1280 1590 ἀγρυπνίας,
1314 1521 1407 1574 καὶ
1443 1522 1638 1573 κόπον.

214 1696 311 1761 Μὴ
339 1697 525 1747 τοίνυν
550 1695 742 1766 κρίνῃς
770 1694 862 1746 τὸν
889 1693 1140 1763 ἀδελφὸν,
1166 1696 1213 1745 εί
1239 1695 1331 1746 καὶ
1355 1694 1506 1756 ἰδίοις
1534 1694 1735 1762 ὀφθαλ-

149 1790 269 1853 μοῖς
305 1787 427 1855 ἴδῃς
459 1787 621 1839 αὑτὸν
653 1785 1057 1855 ἁμαρτάνοντα.
1094 1783 1187 1848 Εἷς
1210 1787 1318 1855 γάρ
1358 1788 1503 1839 ἐστιν
1534 1789 1561 1839 ὁ
1594 1790 1736 1860 Κρισ⁸

1847 607 2047 659 l'ratrcs
2091 606 2142 657 in
2187 622 2289 659 nos
2325 606 2744 668 commiserunt,
2778 607 3099 670 memoriam
3143 617 3426 663 recentem

1844 688 2269 754 conservamhs.
2304 708 2358 751 et
2394 697 2769 765 perniciosum
2808 699 2914 753 hoc
2948 699 3221 767 serpentis
3254 714 3426 753 vene-

1846 802 1976 841 num
2021 787 2075 839 in
2118 796 2338 855 pectore
2380 795 2575 841 nostro
2614 788 3044 843 abscondimus?
3076 788 3281 843 Multos
3317 806 3426 843 non

1846 894 1972 931 raro
1996 877 2248 931 dicentes
2276 878 2443 930 audio
2469 895 2482 930 :
2520 878 2636 932 lieu
2674 879 2831 937 mihi.
2858 895 2969 949 quo
2999 890 3162 949 pacto
3192 880 3427 932 salutem

1843 968 2189 1036 consequar?
2231 969 2486 1037 Jejuuarc
2538 985 2649 1022 non
2696 969 2877 1034 valeo,
2925 970 3158 1040 vigilare
3214 968 3425 1028 nescio,

1842 1060 2217 1129 virginitatem
2254 1061 2534 1115 custodire
2567 1077 2679 1114 non
2713 1076 2961 1131 possum,
2987 1077 3054 1114 ex
3085 1061 3294 1115 mundo
3326 1075 3425 1113 ex-

1843 1151 2043 1203 cedere
2077 1166 2325 1218 nequeo;
2363 1153 2644 1220 quomodo
2676 1154 2909 1206 salutem
2943 1152 3242 1206 obtinebo?
3272 1152 3424 1218 Quo-

1842 1240 2038 1293 modo?
2067 1241 2354 1295 ostcndam
2393 1243 2515 1295 tibi.
2552 1242 2789 1305 Dimitte,
2817 1252 2863 1294 et
2894 1242 3191 1295 dimittetur
3221 1243 3312 1294 tibi
3336 1243 3378 1273 "
3406 1261 3420 1296 :

1840 1328 2127 1393 Condona,
2157 1341 2211 1384 et
2239 1331 2648 1384 condonabitur
2678 1332 2803 1383 tibi.
2833 1332 2913 1383 En
2949 1331 3139 1384 brevis
3168 1339 3224 1385 et
3252 1345 3421 1398 expe-

1840 1422 1951 1476 dita
1975 1423 2040 1476 ad
2064 1424 2297 1477 salutem
2320 1424 2427 1476 via.
2449 1422 2589 1488 Quin
2615 1431 2670 1475 ct
2692 1424 2923 1475 alteram
2949 1422 3052 1475 tibi
3075 1422 3418 1475 monstrabo.

1839 1512 2105 1578 Qualem?
2133 1512 2306 1566 Nolite
2328 1515 2595 1583 judicare,
2619 1524 2668 1566 et
2702 1530 2803 1565 non
2835 1513 3158 1582 judicamini
3179 1512 3245 1565 “.
3280 1512 3421 1566 Ecce

1840 1606 1943 1658 alia
1970 1605 2056 1658 via
2084 1606 2289 1675 absque
2313 1607 2546 1676 jejunio,
2572 1606 2783 1675 vigilia,
2810 1615 2866 1658 et
2892 1606 3097 1658 labore.

1908 1697 1986 1751 Nc
2034 1698 2216 1766 itaque
2255 1698 2483 1751 fratrem
2518 1698 2759 1767 iudices,
2790 1697 2919 1749 licet
2958 1697 3201 1764 propriis
3243 1697 3419 1749 oculis

1840 1789 2254 1858 dehnqueutem
2306 1788 2561 1855 aspicias.
2608 1788 2760 1842 Unus
2807 1796 2892 1841 est
2940 1788 3088 1839 enim
3138 1786 3305 1857 judex
3362 1797 3419 1839 et

142 1882 238 1948 της
272 1883 374 1932 καὶ
406 1881 705 1948 Δεσπότης,
738 1879 794 1942 ὃς
824 1879 915 1932 καὶ
945 1878 1221 1931 ἀποδώσει
1251 1881 1465 1950 ἑκάστῳ
1499 1883 1639 1935 κατά
1665 1884 1727 1935 τὰ

1837 1881 2132 1943 Dominus,
2165 1881 2260 1948 qui
2305 1880 2607 1948 unicuique
2655 1879 2850 1933 reddet
2897 1879 3201 1931 secundant
3247 1893 3416 1946 opera

142 1974 283 2040 ἔργα
319 1972 515 2034 αὑτοῦ,
565 1972 660 2023 καὶ
694 1971 793 2041 μία
841 1972 1024 2041 ἡμέρα
1054 1971 1152 2040 τῆς
1183 1972 1438 2042 κρίσεως,
1469 1973 1526 2024 ἐν
1630 1990 1734 2024 πα-

144 2065 564 2134 ραστησόμεοα·
582 2063 1076 2133 τετραχηλισμένοι
1094 2065 1206 2131 (6|)
1231 2063 1372 2116 κατὰ
1395 2065 1493 2125 τὰς
1507 2064 1735 2134 πράξεις

140 2154 301 2223 ἡμῶν
326 2194 342 2217 ,
379 2154 477 2205 καὶ
506 2154 596 2205 τὸν
646 2153 741 2205 τοῦ
783 2152 919 2205 Θεοῦ
970 2154 1116 2204 ἔλεον
1145 2154 1534 2223 λαμϐάνοντες.
1581 2151 1735 2205 Οὐδὲ

144 2250 251 2313 γὰρ
302 2248 336 2297 ὀ
383 2245 588 2312 Πατὴρ
645 2245 834 2311 κρίνει
876 2244 1128 2309 οὐδένα,
1174 2247 1333 2298 ἀλλὰ
1369 2244 1483 2311 τὴν
1529 2246 1733 2312 κρίσιν

141 2333 354 2386 πᾶσαν
390 2334 614 2385 δέδωκε
649 2331 728 2396 τῷ
767 2332 897 2398 ΥΙῷ.
932 2334 993 2385 Ὀ
1023 2330 1118 2386 οὖν
1142 2334 1346 2402 κρίνων
1373 2333 1479 2404 πρὸ
1498 2334 1597 2401 τῆς
1634 2334 1729 2386 τοῦ

142 2425 385 2493 Χριστοῦ
410 2425 733 2492 παρουσίας,
770 2423 1138 2493 Ἀντίχριστὸς
1161 2425 1329 2487 ἐστιν,
1354 2425 1436 2475 ὅτι
1473 2425 1531 2476 τὸ
1560 2425 1726 2488 ἀξίως

144 2533 216 2583 μα
252 2514 353 2566 τοῦ
388 2515 628 2583 Χριστοῦ
658 2515 917 2586 ἁρπάζει.
954 2515 1046 2583 Μὴ
1080 2515 1260 2566 τοίνυν
1304 2515 1578 2593 κρῖ-θῶμεν
1605 2518 1729 2576 τοὺς

142 2608 436 2673 ἀδελφοὺς,
468 2606 792 2675 παρακαλῶ,
831 2606 916 2658 ἴνα
960 2608 1356 2677 συγχωρήσεως
1386 2604 1726 2673 ἀξιωθῶμεν.

143 2699 212 2749 Συ
244 2699 347 2765 μὲν
375 2699 484 2766 γὰρ
517 2697 646 2759 ἴσως
671 2699 803 2767 ὁρᾷς
832 2697 995 2750 αὑτὸν
1025 2699 1427 2769 ἁμαρτάνοντα,
1458 2699 1558 2751 οὐκ
1581 2697 1728 2760 οἶδας

138 2792 192 2841 δὲ
226 2790 372 2856 ποίῳ
404 2789 546 2840 τέλει
582 2790 671 2840 τὸν
706 2790 819 2858 βίον
856 2789 1141 2859 παρέλθοι.
1189 2792 1247 2841 Ὀ
1278 2790 1479 2861 λῃστὴς
1520 2793 1726 2852 ἐκεῖνος

137 2884 165 2931 ὁ
190 2879 272 2947 τῷ
320 2879 498 2948 Ἰησοῦ
538 2881 945 2949 συσταυριοθεὶς
975 2883 1169 2946 φονεὺς
1199 2876 1268 2948 ἦν
1306 2881 1399 2932 καὶ
1438 2880 1725 2950 ἅνθρωπο-

139 2973 353 3031 κτόνος·
384 2972 415 3021 ὁ
454 2971 510 3022 δὲ
570 2971 768 3033 Ἰούδας
821 2971 1122 3032 ἀπόστολος
1182 2974 1275 3023 καί
1334 2972 1580 3041 μαθητὴς
1627 2972 1723 3023 τοῦ

151 3064 330 3133 Ἰησοῦ
358 3104 371 3126 ,
413 3065 505 3115 καὶ
539 3064 646 3114 τῶν
695 3064 933 3131 γνησίων
988 3063 1283 3132 μαθητῶν·
1321 3067 1411 3115 καὶ
1461 3066 1518 3115 ἐν
1560 3065 1723 3134 ὀλίγῳ

138 3153 319 3222 καιρῷ
358 3157 392 3222 ἡ
432 3154 704 3221 ἐναλλαγὴ
734 3156 980 3221 γέγονεν,
1016 3158 1043 3208 é
1081 3155 1282 3225 λῃστὴς
1315 3157 1391 3216 είς
1421 3156 1721 3224 βασιλείαν,
1752 3179 1793 3235 C

137 3248 167 3295 ὁ
214 3246 275 3297 δὲ
314 3246 567 3314 μαθητὴς
611 3248 691 3307 είς
749 3245 1027 3298 ἀπώλειαν
1109 3244 1253 3314 Πλὴν
1308 3245 1467 3309 ἔστω,
1500 3247 1580 3297 ὅτι
1633 3247 1727 3297 καὶ

137 3338 471 3406 ἁμαρτωλός
524 3339 671 3389 ἐστιν
721 3339 749 3388 ὁ
797 3336 1057 3404 ἁδελφὸς,
1094 3336 1260 3387 πόθεν
1293 3336 1584 3404 γινώσκεις
1628 3339 1726 3399 τὰς

136 3429 335 3489 λοιπὰς
388 3425 553 3478 αὑτοῦ
602 3427 865 3496 πράξειςς
925 3426 1033 3478 Καὶ
1078 3426 1187 3494 γὰρ
1245 3426 1429 3477 πολλοὶ
1468 3427 1726 3491 πολλάκις

137 3518 569 3587 ἀμαρτήσαντες
616 3517 889 3584 φανερῶς,
940 3516 1276 3586 μετενόησαν
1311 3518 1560 3586 μεγάλως
1593 3537 1727 3588 κρυ-

139 3610 315 3670 πτῶς,
348 3610 445 3659 καὶ
490 3610 649 3676 ἡμεῖς
683 3609 779 3677 μὲν
808 3607 1222 3675 ἁμαρτάνοντας
1267 3610 1462 3669 αὐτοὺς
1485 3610 1718 3679 εἴδομεν,

137 3704 236 3771 τὴν
276 3700 331 3751 δὲ
370 3702 663 3766 μετάνοιαν
709 3700 803 3750 καὶ
844 3698 1179 3767 ἐπιστροφὴν
1216 3699 1393 3749 αὐτῶν
1429 3702 1529 3752 οὐκ
1556 3700 1721 3767 ἔγνω-

141 3809 267 3859 μεν,
307 3791 404 3841 καὶ
446 3790 577 3858 παρ’
612 3790 742 3857 ἡμῖν
796 3788 893 3857 μὲν
945 3787 1021 3850 ὡς
1073 3789 1391 3857 ἁμαρτωλοὶ
1422 3791 1719 3858 κρίνονται,

138 3883 290 3951 παρα
319 3881 381 3932 δὲ
413 3879 533 3947 Θεῷ
560 3877 971 3946 δεδικαιωμένοι
994 3880 1343 3947 τυγχάνουσι.

205 3973 297 4024 Διὸ
344 3969 672 4039 παρακαλῶ,
729 3970 803 4038 μὴ
860 3970 1312 4038 μνησικακῶμεν,
1350 3971 1484 4041 μηδὲ
1519 3974 1721 4043 κρίνω⁴

143 4080 249 4130 μεν
284 4061 495 4131 μηδένα
530 4059 837 4129 ἄνθρωπον,
872 4060 978 4121 ἕως
1024 4059 1092 4111 ἂν
1132 4059 1260 4132 ἔλθῃ
1292 4064 1322 4113 ό
1351 4063 1563 4126 δίκαιος
1598 4081 1719 4133 κρι-

210 4202 255 4232 “
278 4201 417 4254 Luc.
439 4216 510 4261 vi,
534 4198 623 4252 57.
700 4197 746 4228 ¹⁰
772 4194 909 4249 ibid.
984 4194 1027 4225 ¹¹
1048 4195 1206 4251 Joan.
1230 4214 1282 4264 v,
1302 4198 1390 4252 22.

1837 1986 1970 2035 sua,
2010 1985 2228 2039 unaque
2281 1970 2477 2041 judicii
2518 1971 2639 2023 dies
2677 1972 2783 2024 erit
2835 1971 2889 2022 in
2928 1986 3035 2037 qua
3088 1969 3413 2031 astabimus,

1835 2062 2052 2114 cunctis
2084 2062 2398 2113 actionibus
2430 2061 2637 2113 nostris
2670 2059 2976 2129 patefactis.
3005 2070 3063 2112 ut
3095 2059 3413 2113 misericor-

1834 2152 1979 2204 diam
2031 2152 2125 2206 Dei
2176 2152 2547 2205 obtineamus.
2594 2151 2772 2218 Neque
2819 2152 2957 2201 enim
3007 2150 3166 2201 Puter
3204 2152 3414 2218 judicat

1834 2259 2171 2311 quamquam,
2197 2242 2286 2293 sed
2311 2256 2463 2293 omne
2485 2241 2743 2309 judicium
2772 2240 2910 2290 dedit
2936 2238 3068 2290 Filio
3089 2241 3152 2290 “.
3181 2238 3284 2303 Qui
3316 2238 3415 2307 igi-

1836 2343 1924 2385 tur
1956 2333 2171 2401 judieat
2203 2340 2332 2385 ante
2364 2330 2571 2385 Christi
2609 2329 2928 2391 adventum,
2960 2329 3006 2382 is
3036 2330 3414 2383 Antichristus

1831 2435 1944 2489 cst;
1985 2424 2150 2495 459
2188 2425 2315 2493 quia
2359 2424 2597 2476 ollicium
2641 2418 2849 2477 Christi
2894 2424 2998 2475 sibi
3047 2432 3294 2491 usurpat.
3332 2423 3411 2477 Ne

1830 2531 1965 2585 ergo
1995 2516 2194 2568 fratres
2218 2515 2551 2583 judieemus.
2577 2530 2784 2582 qua-so,
2814 2522 2874 2566 ut
2900 2513 3117 2566 veniam
3150 2514 3409 2583 impetre-

1831 2623 1972 2660 mus.
2000 2607 2081 2659 Tu
2115 2606 2367 2660 fortassis
2402 2616 2719 2674 peccantem
2751 2605 2936 2669 vides;
2981 2613 3036 2657 at
3076 2606 3256 2658 neseis
3299 2619 3410 2674 quo

1832 2698 1938 2751 fine
1978 2699 2144 2752 vitam
2188 2698 2329 2750 hanc
2373 2698 2443 2749 sit
2488 2697 2904 2750 terminaturus.
2940 2696 3107 2748 Latro
3149 2696 3241 2749 ille
3282 2711 3409 2750 cum

1827 2789 2051 2843 Christo
2085 2787 2384 2841 crucifixus
2414 2786 2689 2840 homicida
2721 2794 2867 2849 erat;
2901 2794 2957 2837 at
2982 2785 3153 2839 ludas
3180 2795 3409 2854 aposto-

1827 2880 1932 2942 lus,
1958 2888 2013 2932 et
2046 2878 2353 2945 discipulus
2381 2879 2532 2940 Jcsu,
2562 2885 2617 2930 et
2653 2892 2795 2929 unus
2828 2892 2891 2929 ex
2924 2877 3070 2930 veris
3101 2877 3406 2946 germanis-

1827 2988 1933 3040 que
1976 2970 2279 3039 discipulis.
2318 2971 2591 3023 Czctcrum
2646 2970 2791 3023 intra
2839 2970 3093 3039 exiguum
3143 2971 3410 3039 temporis

1827 3062 2066 3129 spatium
2096 3061 2326 3113 mutatio
2352 3060 2573 3113 accidit.
2602 3060 2771 3113 Latro
2799 3062 2850 3112 in
2880 3077 3108 3131 regnum
3138 3062 3406 3126 introivit,

1827 3155 2134 3222 discipulus
2168 3153 2232 3206 ad
2272 3153 2555 3205 interitum
2600 3154 2729 3206 ruit.
2763 3154 2963 3206 \‘erum
3008 3163 3150 3217 esto,
3180 3154 3406 3209 fratrem

1830 3257 1982 3298 tuum
2015 3255 2362 3314 pcccatorcm
2394 3259 2535 3297 esse.
2567 3244 2721 3297 Unde
2749 3252 2979 3297 eceteras
3008 3246 3130 3313 ejus
3160 3245 3408 3297 actiones

1827 3346 2143 3403 compertas
2184 3334 2386 3387 habes?
2421 3334 2556 3387 Nam
2593 3334 2753 3386 multi
2790 3335 2990 3387 crebro
3022 3335 3406 3404 reperiuntur.

1824 3429 1917 3496 qui
1954 3428 2131 3496 palam
2170 3434 2497 3495 peccarunt;
2532 3425 2627 3478 sed
2662 3426 2800 3478 clam
2831 3433 2888 3478 et
2914 3427 3126 3480 occulte
3154 3442 3406 3492 magnam

1826 3518 2206 3588 pwnitentiam
2257 3526 2512 3586 egerunt.
2584 3518 2650 3570 Et
2703 3534 2806 3569 nos
2859 3517 3083 3584 quidem
3149 3520 3408 3573 novimus

1826 3610 2049 3678 quando
2074 3618 2339 3677 peccant;
2370 3618 2422 3661 at
2446 3624 2579 3661 vero
2604 3608 2981 3676 paenitentiam
3011 3619 3064 3663 et
3089 3611 3408 3664 conversio-

1827 3717 1952 3755 nem
1989 3701 2206 3753 illorum
2244 3701 2564 3769 ignoramus
2600 3717 2611 3752 :
2649 3708 2705 3752 et
2734 3714 2763 3751 a
2801 3698 2962 3752 nobis
2997 3701 3220 3769 quidem
3253 3703 3405 3772 judi-

1826 3803 2027 3847 cantur
2071 3800 2391 3860 peccatores
2435 3810 2446 3842 :
2492 3790 2636 3859 apud
2679 3791 2851 3844 Deum
2893 3802 3077 3845 autem
3118 3794 3405 3862 justificati

1826 3892 1973 3936 Slllll.

1897 3974 2169 4038 Quocirca
2212 3986 2410 4023 moueo
2466 3980 2524 4023 ut
2562 3973 2879 4025 memoriam
2920 3973 3249 4043 injuriaruln
3293 3991 3405 4029 non

1826 4078 2237 4121 conmarvemus.
2268 4078 2445 4129 neque
2478 4064 2651 4116 ullum
2679 4064 3014 4132 iudicemus,
3039 4067 3401 4136 quoadusque

1655 4298 1862 4355 NOTIE
1873 4340 1886 4355 .

204 4389 337 4461 (16)Δ
378 4386 953 4461 Τετραχηᾼισμένοι·
1017 4389 1195 4461 Dictio
1250 4398 1337 4443 est
1387 4390 1562 4453 Pauli,
1620 4407 1719 4461 per

136 4455 521 4526 metaphoram
552 4455 621 4508 ab
661 4456 733 4527 iis
752 4472 892 4524 quos
940 4459 1310 4527 resupinatus,
1361 4475 1425 4514 ac
1486 4455 1718 4515 adversa

133 4530 270 4583 facie
332 4528 639 4598 intuemur.
688 4526 825 4579 Male
885 4526 1159 4597 interpres
1192 4544 1317 4581 cum
1367 4531 1725 4598 sequentibus

130 4598 315 4669 jungit
374 4597 788 4669 τετραχηλισμ.
814 4598 957 4669 κατὰ
1003 4599 1101 4661 τὰς
1140 4600 1365 4669 πράξεις
1390 4597 1607 4669 Ϋήμῶν·
1650 4602 1723 4654 ita

135 4666 375 4721 reddens
406 4681 420 4717 :
452 4666 663 4737 cunctis
685 4666 975 4719 actionibus
1000 4736 1003 4737 ν
1026 4668 1227 4737 nostris
1247 4666 1566 4737 patefactis;
1597 4685 1723 4724 cum

134 4738 223 4791 illa
253 4736 441 4805 palam
467 4734 767 4801 respiciant
812 4736 1168 4804 participium
1220 4734 1609 4805 λαμὸανοντες.
1642 4740 1725 4793 di-

133 4817 332 4875 eatque
358 4812 558 4875 auctor
582 4812 907 4875 re_cep_turos
931 4821 1031 4875 nos
1064 4822 1163 4873 pro
1200 4807 1413 4860 meritis
1468 4822 1719 4875 operum,

131 4873 285 4945 juxta
309 4873 465 4942 quod
497 4873 575 4925 ait
629 4873 852 4945 Paulus,
891 4874 933 4927 ll
995 4874 1121 4927 Cor.
1149 4890 1200 4929 ν.
1255 4876 1353 4927 ·Ι();
1406 4876 1469 4929 Ut
1505 4873 1720 4945 referat

132 4944 501 5014 unusquisque
527 4944 743 5014 p_ropria
801 4944 1036 5014 corporis
1076 4953 1231 5012 prout
1290 4948 1465 5013 gessit,
1498 4944 1630 5009 ωας,
1665 4956 1722 5002 et

133 5010 295 5070 Rom.
326 5030 387 5075 tt,
435 5012 500 5064 6:
535 5010 639 5086 Qui
694 5013 870 5086 reddet
896 5010 1200 5086 unicuique
1247 5010 1531 5086 secundum
1559 5032 1720 5086 opera

131 5088 275 5154 ejus;
314 5096 445 5150 qum
479 5080 648 5133 verba
683 5082 944 5154 proxime
1011 5080 1291 5154 retulerat.
1350 5084 1543 5138 Putem
1587 5080 1720 5140 itero

132 5150 464 5224 sequentem
495 5219 507 5224 ᾔ
534 5150 901 5224 copulativam
962 5152 1272 5224 redundare
1300 5194 1314 5216 ,
1366 5170 1531 5221 quant
1593 5154 1719 5208 ideo

133 5219 292 5278 uncis
330 5219 543 5275 clausi:
579 5219 842 5287 velitque
875 5220 1200 5275 Anastasius
1248 5223 1322 5275 ita
1383 5219 1544 5275 nobis
1599 5224 1717 5279 fore

134 5294 305 5346 Deum
341 5291 398 5341 in
436 5288 527 5361 die
556 5288 647 5361 illa
676 5288 1113 5361 misericordem.
1138 5293 1270 5344 dum
1304 5302 1485 5344 tamen
1520 5293 1719 5361 dignos

132 5377 227 5414 nos
250 5362 383 5431 ejus
415 5358 796 5431 misericordia
824 5373 913 5431 ‘ex
941 5368 1210 5431 anteacta
1250 5362 1361 5414 vita
1403 5358 1716 5416 reddideri-

133 5426 300 5483 mosf
337 5441 468 5497 quae
518 5433 618 5497 est,
660 5427 777 5497 ipsa
812 5426 977 5497 Pauli
1025 5431 1321 5494 sententia,
1384 5431 1718 5487 inculcantis

132 5495 548 5570 districtionem
574 5495 696 5565 ejus
720 5495 947 5570 judicii,
982 5514 1104 5570 quo
1157 5500 1291 5553 nihil
1338 5516 1495 5554 novae
1527 5503 1717 5570 gratia:

136 5572 201 5621 sit
225 5566 605 5641 sperandum,
638 5565 733 5641 sed
775 5566 899 5641 _so_la
953 5567 1248 5622 retributio
1286 5565 1559 5641 cperum':
1593 5587 1716 5641 quae

136 5634 361 5707 quidem
396 5636 567 5695 bona,
596 5642 655 5687 ut
676 5634 790 5707 ‘Dei
826 5634 1035 5689 donum
1066 5651 1129 5707 ac
1156 5634 1355 5706 gratia,
1389 5650 1577 5694 nostra
1610 5634 1714 5695 ἰε-

137 5702 261 5761 tuen
291 5712 427 5759 sunt
453 5718 623 5771 opera
666 5702 948 5757 Consus.
971 5734 1041 5746 —
1062 5702 1197 5759 Ibid.
1220 5707 1334 5761 Vox
1368 5718 1453 5761 est
1492 5725 1519 5762 a
1550 5711 1713 5763 victi-

139 5792 350 5830 marum
416 5772 619 5827 ritibus
673 5772 995 5841 desumpta;
1057 5776 1162 5829 illa:
1221 5779 1368 5830 enim
1440 5780 1712 5846 resupinze

1827 4393 2329 4467 sternebanturmt
2362 4409 2555 4467 earum
2579 4401 2706 4467 exta
2730 4393 2948 4467 facilius
3011 4394 3212 4463 inspici
3267 4412 3400 4467 pos-

1830 4474 1972 4517 sent.
2008 4462 2099 4516 Sic
2153 4465 2386 4531 resupini
2414 4479 2600 4516 coram
2640 4464 2749 4534 Deo
2788 4463 3021 4524 erimus.
3059 4462 3119 4518 ut
3144 4462 3400 4534 pecéaio-

1831 4549 1949 4585 rum
1973 4543 2092 4585 acta
2119 4543 2175 4585 et
2200 4543 2380 4585 motus
2404 4534 2619 4585 facilius
2644 4533 2952 4601 dignoscat,
3010 4533 3195 4588 omnia
3245 4538 3396 4592 enini

1826 4610 2015 4670 aperta
2052 4610 2181 4674 sunt
2233 4602 2875 4674 Omnipotentis‘ocjulis.
2927 4602 3185 4674 hlrutanda
3230 4606 3399 4674 igitur

1826 4686 1935 4723 non
1993 4672 2098 4743 l'u_it
2141 4671 2489 4743 punctuatio,
2533 4682 2593 4724 ut
2636 4670 2793 4743 fecit
2831 4670 3395 4743 Combefisiusfqni

1825 4740 2151 4793 sententiam
2175 4742 2338 4810 hujus
2362 4741 2476 4811 loci
2518 4741 2743 4809 penitus
2784 4741 3189 4795 immutavitJ"
3220 4740 3395 4811 Aper-

1825 4818 1913 4861 tus
1940 4818 2024 4861 est
2061 4824 2261 4864 sensus
2300 4828 2312 4861 :
2359 4810 2633 4864 Manifesti
2689 4826 2881 4864 sumus
2931 4811 3043 4864 Deo
3086 4810 3395 4868 secundum

1823 4880 2049 4931 actiones
2080 4889 2310 4961 nostras,
2341 4895 2480 4947 quas
2526 4889 2907 4961 perscrutatur
2957 4888 3017 4961 et
3044 4880 3285 4961 judicat.
3337 4896 3399 4939 ut

1822 4963 2055 5016 aruspex
2116 4949 2463 5002 victimarum
2508 4948 2850 5017 pnecordia,
2925 4959 2989 5002 ut
3042 4948 3172 5005 inde
3229 4967 3393 5008 omen

1822 5018 2109 5070 educeret.
2132 5017 2190 5069 2°
2220 5018 2350 5071 Inde
2378 5020 2633 5085 sequitur
2652 5019 2905 5072 homines
2932 5033 3042 5071 non
3068 5033 3189 5073 esse
3217 5024 3396 5076 mani-

1822 5086 1990 5139 festos
2008 5089 2293 5140 secundum
2323 5089 2590 5140 actionum
2619 5090 2834 5146 merita.
2862 5103 2925 5141 ac
2951 5087 3046 5141 Dei
3072 5089 3394 5144 misericor-

1820 5155 1965 5209 diam
2005 5162 2363 5224 recepturos;
2389 5157 2595 5224 quippe
2625 5158 2815 5211 divina
2845 5156 3229 5212 misericordia
3280 5174 3390 5214 non

1819 5225 2148 5278 conciliatur
2189 5240 2315 5279 cum
2359 5228 2575 5279 meritis
2600 5229 2903 5287 actionum,
2941 5242 3043 5279 nec
3076 5227 3186 5280 ulla
3238 5234 3393 5282 meri-

1821 5304 1995 5347 torum
2024 5294 2113 5347 hie
2138 5303 2405 5363 apparent
2454 5296 2705 5363 vestigia,
2745 5296 2854 5349 nisi
2901 5296 2955 5347 in
2990 5297 3251 5350 .versione
3283 5299 3389 5351 La-

1821 5365 1955 5417 tina.
2012 5364 2103 5417 Sic
2152 5365 2321 5433 igitur
2373 5365 2639 5433 legendus
2695 5375 2752 5419 et
2810 5366 3256 5433 interpretandus
3300 5368 3390 5423 hic

1818 5434 1974 5487 locus
2004 5450 2017 5486 :
2054 5432 2516 5502 Manifestabiniur
2544 5435 2830 5487 secundum
2874 5432 3103 5486 actiones
3155 5447 3387 5502 nostras,

1818 5512 1867 5554 et
1893 5505 2310 5557 misericordiam
2336 5504 2717 5568 obtinebimus;
2742 5518 2868 5557 nam
2899 5504 2951 5555 in
2975 5503 3065 5556 die
3111 5503 3306 5572 judicii
3330 5508 3388 5560 in

1816 5572 1995 5626 lucem
2058 5574 2457 5642 protrahentur
2509 5573 2695 5625 omnia
2754 5573 3072 5625 mortalium
3125 5584 3385 5641 peccata,

1816 5642 2019 5696 deinde
2057 5642 2440 5696 misericordia
2496 5643 2897 5710 paenitentibus
2923 5656 3083 5709 opem
3137 5642 3295 5706 feret,
3331 5655 3388 5697 et

1816 5711 2195 5779 salvabuntur.
2232 5712 2345 5765 Hoc
2391 5711 2566 5764 voluit
2612 5711 2969 5773 Anastasius,
3024 5710 3171 5779 quod
3218 5727 3387 5768 sacrae

1816 5778 2113 5845 Scriptum
2139 5788 2567 5834 consentaneum
2602 5789 2708 5835 est.
2747 5779 2903 5831 Βλεε.
