4200 6440
202 398 304 460 819

1403 405 1683 464 ORATIO
1726 405 1820 463 DE
1861 406 1926 468 S.
1967 409 2260 471 SYNAXI.

3348 424 3454 485 850

199 511 364 562 πάλιν
417 513 480 564 τὸ
517 517 698 583 κρίναι
753 519 822 569 τὰ
880 518 1254 587 ἁμαρτήματα
1318 517 1761 586 ἐπισφραγίῖει¹ε

1881 518 1970 579 tis,
1991 523 2239 588 judicare
2272 536 2456 580 autem
2493 539 2712 596 peccata
2745 531 2901 600 quasi
2935 532 3211 603 obsignat,
3241 534 3452 589 audite.

197 602 498 656 ἀκούσατε.
534 607 652 658 Ἔτι
687 609 815 678 γάρ,
859 609 1268 679 μαρτυροῦντος
1300 610 1393 662 τοῦ
1427 608 1658 676 Χριστοῦ
1684 608 1780 659 καὶ

197 697 498 759 Δεσπότου,
559 701 617 749 ἐν
670 702 836 768 σαρκὶ
887 701 1055 765 ζῶσιν
1102 704 1151 754 οί
1211 703 1368 755 τοῦτο
1431 702 1774 768 θεασάμενοι.

207 785 376 853 Ἀνήρ
411 803 496 848 τις
531 788 640 838 τῶν
668 792 724 842 ἐν
752 791 830 858 τῷ
860 793 1137 862 μοναχικῷ
1174 795 1412 862 σχήματι
1446 793 1777 860 διαπρεπόν-

192 891 324 936 των,
359 880 418 927 ἐν
462 880 692 950 ἀμελείᾳ
725 883 873 952 πάσῃ
909 885 1004 936 καὶ
1036 883 1277 954 ῥᾳθυμία
1313 886 1405 937 τὸν
1440 884 1634 936 ἐαυτοῦ
1664 883 1777 952 βίον

191 965 539 1031 διατελέσας,
586 973 850 1042 ἠσθένησε
887 974 986 1044 τὴν
1035 977 1168 1045 πρὸς
1204 978 1434 1028 θάνατον
1479 975 1641 1027 αὑτοῦ
1679 978 1777 1044 ἀρ-

191 1058 461 1122 ρωστίαν,
496 1061 589 1111 καὶ
618 1062 864 1125 ἐλθόντος
903 1065 1068 1118 αὑτοῦ
1103 1070 1182 1129 εἰς
1231 1067 1328 1128 τὰς
1377 1069 1610 1135 ἐσχάτας
1643 1068 1777 1119 ἀνα-

192 1146 386 1206 πνοάς,
431 1149 684 1218 οὐδαμῶς
724 1153 816 1204 τὸν
865 1155 1058 1207 ἐαυτοῦ
1092 1155 1318 1208 θάνατον
1343 1157 1603 1226 ἐεροϐήθη,
1639 1155 1776 1208 ἀλλὰ

195 1239 338 1302 μετὰ
375 1240 558 1307 πάσης
611 1243 962 1312 εὐχαριστίας
992 1248 1084 1299 καὶ
1111 1248 1419 1316 προθυμίας
1448 1248 1540 1299 τοῦ
1585 1249 1773 1317 σῶμα·

189 1344 280 1389 τος
312 1330 486 1382 αὑτοῦ
516 1333 828 1402 ἐχωρίζετο.
875 1332 971 1400 Εἷς
1017 1335 1111 1390 οῦν
1144 1341 1252 1391 τῶν
1289 1339 1772 1407 συγκαθεζομένων

188 1418 636 1484 θεοφιλεστάτων
707 1426 964 1495 πατέρων
1014 1428 1300 1496 ἠρώτησεν
1355 1431 1518 1481 αὑτὸν
1576 1431 1769 1497 λέγων,

1880 612 2076 665 Adhuc
2137 617 2323 680 enim,
2381 616 2601 672 Christo
2660 621 2892 676 Domino
2949 634 3121 688 teste,
3171 626 3226 679 in
3285 641 3453 682 carne

1879 704 2093 764 vivunt,
2120 706 2213 772 qni
2260 707 2365 760 hoc
2403 707 2518 762 suis
2557 710 2732 763 oculis
2768 724 3122 780 aspexcrunt.
3153 712 3451 770 Monachus

1877 791 2120 860 quidam,
2149 808 2274 848 cum
2311 798 2479 851 vitam
2523 813 2735 852 summa
2776 803 3106 871 negligentia
3149 813 3206 857 et
3242 803 3451 859 desidia

1876 884 2172 952 exegisset,
2200 885 2254 939 in
2288 888 2545 942 lethalem
2575 889 2830 944 morbum
2861 892 3087 958 incidit;
3115 909 3352 963 cumque
3381 898 3448 946 ad

1875 985 2185 1030 extremum
2237 994 2410 1047 usque
2462 981 2718 1048 spiritum
2768 984 3164 1050 processisset,
3214 992 3450 1037 mortem

1872 1082 2224 1138 nequaquam
2260 1071 2575 1136 exhorruit;
2613 1072 2707 1126 sed
2744 1088 2956 1127 summa
2987 1090 3111 1128 cum
3146 1075 3450 1144 gratiarum

1874 1160 2094 1214 actione
2129 1170 2186 1216 et
2208 1162 2491 1216 alacritate
2521 1179 2588 1218 ex
2613 1179 2844 1233 corpore
2867 1165 3189 1220 excedebat.
3213 1167 3448 1233 Quidam

1874 1251 2041 1318 igitur
2069 1268 2135 1305 ex
2166 1255 2540 1307 assistentium
2574 1266 2791 1324 patrum
2825 1273 3057 1310 numero
3088 1257 3451 1327 interrogavit

1871 1337 2027 1390 illum
2058 1357 2070 1390 :
2100 1340 2310 1404 Frater,
2333 1341 2534 1401 aiebat,
2562 1342 2724 1396 crede
2768 1359 2891 1404 nos,
2913 1355 3077 1413 prout
3101 1346 3448 1412 videbamus,

1872 1429 2217 1482 existimasse
2274 1440 2325 1484 te
2366 1431 2533 1483 vitam
2575 1443 2724 1484 tuam
2769 1433 2976 1502 ingenti
3017 1436 3351 1503 negligentia
3391 1446 3448 1491 et

1872 1519 2124 1573 socordia
2159 1521 2499 1586 traduxisse;
2533 1523 2679 1576 unde
2705 1539 2838 1593 ergo
2868 1525 2966 1578 tibi
2997 1535 3206 1579 tantum
3235 1530 3447 1581 securi-

1875 1611 2003 1664 tatis
2031 1612 2132 1666 hac
2157 1612 2291 1665 hora
2321 1614 2638 1676 accesserit,
2661 1614 2994 1683 ignoramus.
3019 1616 3100 1670 Ad
3128 1632 3250 1685 qua:
3277 1617 3448 1672 frater

202 1507 457 1576 Ἀδελφὲ,
479 1512 794 1575 πίστευσον,
825 1517 902 1578 ὡς
935 1519 1098 1586 ἡμεῖς
1127 1520 1491 1589 ἐθεωροῦμεν,
1522 1524 1771 1592 ἐνομίζο-

191 1611 314 1662 μεν,
341 1597 428 1649 ὄτι
456 1602 512 1650 ἐν
545 1601 692 1671 πάσῃ
727 1605 970 1677 ῥᾳθυμίᾳ
1021 1611 1114 1660 καὶ
1146 1610 1376 1681 ἀμελείᾳ
1410 1612 1508 1681 τὴν
1538 1612 1769 1664 σεαυτοῦ

187 1686 337 1754 ζωὴν
367 1687 652 1759 διήνυσας,
684 1696 779 1746 καὶ
813 1697 979 1749 πόθεν
1010 1716 1092 1751 σοι
1135 1702 1167 1768 ἡ
1213 1701 1438 1770 τοιαύτη
1467 1702 1761 1771 ἁμεριμνία

1873 1705 1964 1759 ille
2004 1723 2015 1758 :
2057 1706 2215 1771 Vere,
2249 1709 2542 1762 reverendi
2578 1722 2784 1778 patres,
2812 1727 2941 1766 vere
2974 1714 3446 1782 negligentissime

185 1777 328 1828 κατὰ
376 1779 478 1848 τὴν
522 1781 672 1850 ῶραν
717 1785 944 1856 ταύτην,
972 1791 1073 1842 οὐκ
1117 1791 1359 1860 οἴδαμεν.
1407 1794 1550 1863 Πρὸς
1593 1794 1761 1848 ταῦτα

1873 1798 2040 1850 vitam
2069 1813 2242 1852 meam
2273 1800 2513 1863 traduxi,
2541 1811 2597 1854 et
2627 1817 2772 1856 nunc
2799 1803 2902 1856 hac
2933 1804 3049 1871 ipsa
3074 1805 3213 1857 hora
3243 1805 3444 1860 attule-

183 1869 213 1918 ὁ
231 1868 468 1939 ἀδελφὸς
493 1875 788 1949 ἀπεκρίθη·
814 1882 1042 1945 Ὄντως,
1063 1882 1238 1952 τίμιοι
1263 1887 1519 1955 πατέρες,
1548 1887 1761 1955 ἀληθῶς

1873 1899 2003 1941 runt
2040 1890 2108 1942 ad
2148 1905 2236 1942 me
2276 1891 2454 1960 angeli
2491 1892 2586 1946 Dei
2627 1868 3052 1963 chirographum
3095 1905 3443 1964 peccatorum

179 1959 240 2055 ἐν
273 1961 430 2031 πάσῃ
467 1965 714 2038 ῥᾳθυμίᾳ
744 1969 837 2022 τὸν
866 1971 1108 2041 ἐμαυτοῦ
1170 1975 1286 2044 βίον
1323 1975 1546 2044 διήνυσα
1577 1985 1627 2039 7,,
1674 1980 1761 2031 καὶ

1869 1995 2141 2042 meorum,
2173 1996 2408 2050 cumque
2443 1982 2702 2052 legissent
2729 1992 2954 2053 peccata
2983 1985 3052 2038 ab
3095 2000 3163 2038 eo
3193 1997 3443 2055 tempore

179 2046 277 2098 νῦν
319 2051 532 2118 ἤγαγον
569 2054 631 2107 τὸ
681 2060 1041 2131 χειρόγραφον
1076 2063 1184 2116 τῶν
1215 2065 1362 2134 ἐμῶν
1405 2068 1688 2134 ἁμαρτιῶν
1716 2072 1761 2121 oi

1867 2083 1980 2135 quo
2027 2069 2233 2123 mundo
2277 2046 2551 2133 valedixi,
2588 2046 2848 2123 dixerunt
2890 2070 2958 2124 ad
3002 2085 3087 2123 me
3130 2088 3144 2123 :
3181 2046 3446 2138 Agnoscis

177 2139 410 2204 ἄγγελοι
454 2144 548 2195 τοῦ
596 2145 730 2200 Θεοῦ
751 2164 766 2178 ⁸
798 2152 934 2220 πρός
975 2170 1043 2222 με
1077 2155 1142 2223 τῇ
1171 2154 1290 2224 ῶρα
1319 2157 1512 2229 ταύτῃ,
1541 2157 1635 2210 καὶ
1663 2160 1761 2211 ὑπ-

1867 2156 1982 2210 hzec
2007 2158 2030 2209 τ
2055 2159 2331 2226 Respondi
2377 2177 2389 2211 :
2436 2159 2623 2228 utique
2658 2175 2914 2229 agnosco.
2942 2161 3198 2214 Attamen
3230 2174 3295 2214 ex
3332 2174 3444 2228 quo

177 2229 606 2297 αναγνώσαντες
645 2237 712 2290 τά
762 2241 1153 2312 ἁμαρτήματα,
1183 2244 1324 2315 ἅπερ
1353 2247 1563 2316 ἔπραξα
1583 2249 1674 2315 ἀφ’
1703 2244 1761 2301 οὗ

1866 2246 2030 2299 rebus
2079 2247 2410 2300 mortalibus
2457 2247 2714 2302 nuntium
2767 2248 2984 2310 remisi,
3027 2248 3442 2316 monachusque

180 2323 574 2395 ἀπεταξάμην,
611 2323 766 2383 εἷπον
799 2334 940 2403 πρός
970 2352 1060 2403 με·
1098 2336 1136 2390 Γ
1140 2339 1384 2407 νωρίζεις
1417 2339 1621 2407 ταῦτα;
1655 2343 1761 2394 Kal

1861 2335 2040 2390 factus
2083 2352 2225 2400 sum,
2257 2352 2435 2404 neque
2479 2352 2812 2406 quemquam
2850 2337 3136 2391 hominum
3174 2337 3439 2407 judicavi,

179 2409 365 2503 timor
400 2416 532 2482 Ναὶ,
558 2421 802 2491 ἀκριϐῶς
824 2426 1124 2496 ἐπίσταμαι
1146 2431 1284 2483 αὐτά
1305 2447 1317 2458 ·
1343 2431 1459 2484 ἀλλ’
1489 2433 1638 2502 ὅμως
1667 2435 1760 2503 ἀφ’

1862 2444 2042 2498 neque
2100 2430 2331 2498 injurias
2364 2429 2474 2482 alta
2507 2438 2690 2482 mente
2725 2430 2967 2497 reposui,
2996 2429 3272 2498 cupioque
3301 2437 3363 2482 ut
3387 2438 3444 2484 et

177 2499 237 2557 οὗ
271 2509 640 2581 ἀπεταξάμην
664 2517 758 2568 καὶ
786 2517 982 2585 γέγονα
1010 2521 1259 2589 μοναχὸς,
1281 2522 1402 2575 οὔτε
1429 2499 1619 2594 ἔκρινά
1637 2499 1761 2580 τινα

1861 2522 1916 2576 in
1942 2537 2028 2576 me
2051 2531 2305 2576 servetur
2329 2530 2661 2591 praeceptum
2687 2520 2914 2583 Christi,
2940 2520 3032 2588 qui
3063 2519 3204 2573 dixit
3229 2537 3242 2572 :
3265 2519 3442 2575 Nolite

177 2595 287 2646 τῶν
309 2597 641 2668 ἀνθρώπων,
669 2603 792 2656 οὔτε
822 2607 1262 2678 ἐμνησικάκησα.
1301 2613 1406 2664 Καὶ
1453 2614 1759 2682 παρακαλῶ

1861 2614 2122 2682 iudicare,
2160 2619 2208 2663 et
2258 2628 2364 2664 non
2405 2611 2867 2680 judicabimini“.
2903 2609 2972 2664 Et
3016 2626 3029 2663 :
3075 2609 3355 2676 Dimittite,
3389 2618 3440 2664 et

179 2687 526 2760 φυλαχθῆναι
576 2695 671 2746 καὶ
724 2695 812 2746 ἐπ’
845 2700 967 2766 ἐμοὶ
1013 2700 1106 2752 τὸν
1159 2701 1315 2769 λόγον
1345 2703 1440 2756 τοῦ
1490 2704 1753 2771 Χριστοῦ.

1861 2702 2153 2754 dimittetur
2193 2699 2333 2753 vobis
2357 2700 2421 2752 ³³.
2459 2700 2527 2754 ΕΙ.
2573 2708 2634 2753 ιιι
2680 2699 2798 2753 haec
2848 2699 2914 2753 ad
2962 2699 3188 2769 angelos
3230 2699 3370 2762 dixi,
3405 2714 3438 2754 θ

177 2774 316 2831 Εἷπε
350 2779 482 2850 γὰρ·
511 2785 772 2849 Epirus,
801 2788 898 2841 καί
921 2791 994 2841 οὐ
1009 2791 1094 2857 μὴ
1113 2791 1370 2858 κριθῆτε.
1391 2794 1523 2845 Καὶ·
1549 2795 1754 2862 Ἄφες,

1861 2790 2092 2860 vestigio
2121 2791 2459 2858 discerptum
2487 2797 2571 2842 est
2591 2797 2944 2857 peccatorum
2972 2803 3222 2842 meorum
3252 2789 3439 2842 chiro-

176 2870 276 2921 και
319 2871 692 2939 ἀφεθήσεται
725 2875 889 2944 ὑμῖν.
931 2879 1040 2931 Καὶ
1084 2881 1160 2944 ὡς
1204 2881 1378 2934 ταῦτα
1435 2879 1589 2936 εἷπον
1617 2885 1752 2954 πρὸς

1861 2883 2146 2954 graphum.
2179 2882 2247 2935 Et
2274 2896 2403 2935 ecce
2437 2880 2584 2934 omni
2618 2895 2751 2932 cura
2785 2879 3019 2943 solutus,
3055 2880 3187 2946 quin
3224 2887 3279 2932 et
3313 2878 3433 2948 ple-

174 2960 302 3022 τοῦς
333 2962 627 3030 ἀγγέλους,
663 2967 886 3038 ἐσχίσθη
917 2971 1120 3034 εὐθέως
1148 2973 1208 3024 τὸ
1251 2974 1615 3044 χειρόγραφον
1645 2977 1754 3031 τῶν

1861 2990 1961 3028 nus
1985 2974 2205 3044 gaudiis
2233 2971 2472 3026 abscedo
2499 2970 2566 3024 ad
2596 2969 2901 3023 Christum.
2931 2969 3001 3023 Et
3031 2979 3090 3024 ut
3117 2970 3236 3022 haac
3264 2968 3438 3023 l‘rater

174 3050 472 3121 ἁμαρτιῶν
507 3070 631 3122 μου,
663 3058 758 3108 καὶ
786 3057 899 3110 ίδοὺ
930 3061 1069 3128 μετά
1096 3063 1276 3132 πάσης
1299 3067 1472 3133 χαρᾶς
1505 3067 1596 3119 καὶ
1619 3069 1754 3135 ἀμε-

1856 3065 1948 3118 ille
1995 3063 2243 3133 patribus
2289 3061 2577 3130 exposuit,
2616 3060 2874 3129 spiritum
2922 3059 3156 3113 Domino
3200 3059 3254 3112 in
3301 3073 3434 3127 pace

173 3141 405 3209 ριμνίας
433 3144 748 3215 ἀπέρχομαι
772 3149 908 3220 πρὸς
926 3150 1019 3202 τὸν
1038 3153 1271 3222 Χριστόν
1290 3171 1302 3182 ’
1336 3155 1429 3206 καὶ
1471 3155 1547 3217 ὡς
1582 3156 1751 3209 ταῦτα

1861 3153 2102 3217 tradidit,
2125 3153 2492 3223 praesentibus
2519 3151 2769 3219 exemplo
2794 3149 2864 3202 ad
2893 3164 3114 3203 omnem
3139 3148 3434 3203 utilitatem

169 3232 199 3281 ὁ
232 3231 467 3316 ἀθελφὸς
527 3239 640 3298 τοῖς
681 3241 923 3308 πατράσι
975 3243 1292 3312 διηγήσατο,
1349 3247 1631 3316 παρέδωκε
1687 3250 1749 3301 τὸ

171 3315 399 3387 πνεῦμα.
434 3321 492 3370 ἐν
525 3325 718 3393 εἰρήνῃ
759 3326 838 3396 τῷ
888 3328 1099 3398 Κυρίῳ,
1148 3333 1330 3384 πᾶσαν
1358 3315 1623 3402 ὠφέλειαν
1655 3340 1750 3390 καὶ

168 3408 466 3497 οἰκοδομὴν
543 3415 660 3476 τοῖς
730 3419 1079 3484 παρεστῶσιν
1137 3422 1285 3492 αὑτῷ
1347 3428 1744 3497 ποιησάμενος.

170 3489 440 3560 Ἵιστινος
467 3499 759 3567 ὠφελείας,
785 3507 1097 3578 οἰκοδομῆς,
1151 3489 1267 3564 καὶ*
1290 3489 1508 3581 μερίδος
1549 3489 1614 3570 ἐκ
1653 3489 1746 3571 τοῦ

169 3587 469 3650 φυλάττειν
498 3592 728 3654 ἑαυτοὺς
771 3596 1051 3666 ἀτρώτους
1101 3601 1213 3653 ἀπὸ
1254 3603 1438 3673 πάσης
1483 3610 1748 3679 κατακρί-

169 3692 312 3738 σεως
375 3680 468 3731 καὶ
524 3685 915 3752 μνησικακίας,
956 3687 1051 3741 καὶ
1101 3692 1308 3760 ἡμεῖςι
1358 3695 1745 3767 ἀξιωθείημεν,

167 3768 513 3860 χάριτιμκαὶ
558 3774 943 3846 φιλανθρωπίᾳ
972 3779 1069 3833 τοῦ
1101 3785 1369 3852 παναγίου
1405 3789 1496 3840 καὶ
1519 3791 1748 3860 ἐλεήμο-

166 3873 256 3952 νος
284 3858 424 3912 Θεοῦ
466 3862 644 3930 ἡμῶν,
687 3865 769 3919 ὅτι
803 3868 956 3939 αὐτῷ
991 3871 1194 3941 πρέπει
1230 3877 1377 3928 πᾶσα
1422 3877 1570 3942 δόξα.

1848 3255 1905 3302 et
1939 3243 2364 3300 aediﬁcationem
2409 3241 2623 3295 relicto.
2651 3239 2820 3310 Cujus
2865 3240 3121 3294 utilitatis
3163 3249 3221 3294 et
3255 3238 3432 3294 aediﬁ-

1849 3336 2118 3399 cationis,
2153 3345 2210 3389 et
2250 3333 2422 3404 partis
2465 3331 2534 3384 ab
2574 3331 2723 3385 onmi
2758 3330 2968 3400 judicio
3008 3338 3064 3382 et
3102 3328 3430 3399 iniuriarum

1849 3428 2232 3484 recordatione
2292 3428 2565 3480 immunes
2621 3423 2906 3493 perstandi
2959 3424 3170 3477 utinam
3227 3432 3284 3476 et
3329 3437 3430 3475 nos

1849 3519 2150 3589 participes
2181 3517 2394 3578 ﬁamus,
2425 3517 2600 3586 gratia
2632 3524 2688 3570 et
2718 3515 3057 3584 benignitate
3091 3514 3427 3568 sanctissimi

1851 3620 1907 3665 et
1936 3608 2307 3662 misericordis
2340 3608 2436 3661 Dei
2473 3607 2680 3670 nostri;
2714 3606 2844 3674 quia
2877 3606 2928 3660 ei
2960 3604 3222 3660 convenit
3247 3605 3430 3659 omnis

1851 3701 2043 3771 gloria,
2071 3700 2270 3762 honor,
2296 3707 2353 3753 et
2379 3697 2630 3751 adoratio
2664 3712 2787 3750 cum
2821 3696 3108 3765 unigenito
3135 3695 3272 3748 Filio
3303 3711 3424 3759 suo,

1851 3801 2154 3860 sanctoque
2177 3798 2234 3845 et
2258 3788 2476 3844 viviﬁco
2504 3787 2738 3856 Spiritu,
2761 3803 2908 3842 nunc
2935 3796 2993 3842 ct
3017 3802 3260 3856 semper,
3286 3797 3343 3841 et
3369 3787 3423 3840 in

1851 3882 2050 3937 saecula
2079 3879 2426 3936 saeculorum!
2456 3880 2653 3933 Amen.

166 3950 261 4001 καλ
302 3952 680 4023 προπκύνησις
717 3957 814 4009 σὺν
848 3961 925 4031 τῷ
961 3970 1248 4032 μονογενεί
1288 3968 1455 4022 αὑτοῦ
1499 3971 1611 4041 Υίῷ
1655 3950 1750 4028 καί
1785 3975 1866 4046 τῷ
1908 3973 2164 4043 παναγίῳ
2205 3973 2300 4025 καὶ
2341 3969 2594 4040 ζωοποιῷ
2638 3969 2804 4024 αὐτοῦ
2858 3967 3161 4039 Πνεύματι,
3201 3966 3296 4020 νῦν
3329 3965 3426 4019 καὶ

164 4040 274 4105 ἀεὶ,
323 4043 422 4095 καὶ
462 4045 542 4107 εἰς
582 4048 712 4110 τοὺς
755 4051 958 4118 αἰῶνας
1000 4055 1112 4110 τῶν
1147 4057 1382 4115 αἰώνων.
1432 4040 1630 4134 Ἀμήν.

233 4196 279 4226 ³³
302 4195 442 4252 Luc.
465 4213 539 4263 vr,
563 4199 654 4255 37.
731 4204 776 4236 ⁸⁸
798 4205 932 4262 ibid.

1463 4332 1696 4390 νΑιιιΑε
1732 4332 2141 4391 LECTIONES.

231 4415 256 4442 ι
288 4406 480 4460 Canis.

586 4410 991 4481 ἐπισφραγίζει.
1086 4419 1428 4478 ιδιετέλεσα.

1532 4435 1555 4462 ι
1583 4426 1741 4480 Edita
1776 4424 2023 4480 Combel.
2054 4422 2342 4494 sequentia
2371 4421 2453 4479 sic
2488 4421 2696 4478 habent
2739 4438 2754 4475 :
2782 4420 3160 4488 Μετάσχωμεν
3180 4434 3195 4449 °
3229 4418 3421 4550 ἐπειᾷέ

1532 4512 1538 4550 .'
1564 4498 1661 4550 τῆς
1693 4497 1966 4550 σωτηρίας
2013 4494 2199 4550 ἡμῶν.
2232 4493 2432 4550 πολλὰς
2471 4493 2622 4550 ὁδοὺς
2668 4491 2862 4550 ἔτεμεν
2890 4492 3044 4550 ἡμῖν.
3072 4489 3193 4541 Ἵνα
3227 4505 3330 4540 καν
3360 4503 3382 4538 ε

159 4475 552 4578 εεξάενθρςξτπεῖ
568 4476 642 4530 ὢν
657 4470 860 4578 ,άιέεδὲ
893 4470 1070 4555 ἡμῶν.
1094 4470 1208 4578 gat
1231 4470 1538 4578 ζέήξόἦενος
1564 4470 2452 4578 τ’ἦξξξτὶξτῑὸίὲξ
2471 4470 3198 4578 δ’έδῧξῖέτέιλὲἧὶξὶῖῖεἶἾνςι,

157 4545 342 4639 αὐτῶν
582 4545 944 4639 φμλάξαντεςῖ
979 4545 1189 4639 μεγάλα
1222 4545 1713 4639 ςπῆλᾶσωμξνέἶιί
2034 4545 2158 4639 ’ᾖριι
2185 4545 2559 4639 ὶρὶερλώᾷερρν
2589 4545 2967 4639 έῶἳέζίτὲλὲἶὶί
2992 4557 3198 4639 τούῖωὲ
3219 4575 3232 4622 ἶ
3274 4555 3399 4639 ἷλλλ

155 4614 1182 4710 aimeezxexsghzsinemus»
1213 4625 1286 4710 ᾖς
1312 4614 1707 4710 mam;
1743 4614 2122 4710 ἰιέιῖήὶλεῖὲζτῆ
2145 4614 2248 4710 ’τρε-ι
2272 4614 2480 4710 κυρςρά
2689 4628 2864 4710 Ἰησοῦ
2894 4625 3132 4710 some
3162 4614 3414 4710 δυ’γάμεεε

155 4684 1140 4772 ἐπιτυχεξννέναικαταξιωθῶμενᾶαςι
1167 4684 1281 4750 isi;
1303 4684 1474 4772 αῦτοῦ
1514 4684 2070 4772 ἀγαθνῶνῘ-ὅτίάὐτῷ
2102 4684 2306 4772 ⁸ίτρὲπει.

155 4750 411 4822 {manu};
441 4750 851 4824 Πνεύματιίείς
881 4750 1007 4827 τοὺς
1036 4765 1260 4831 αἰῶνας.

2417 4695 2530 4768 ξα,’
2556 4699 2657 4754 σὺν
2699 4695 2780 4770 τῷ
2817 4695 3039 4770 avem»
3069 4695 3282 4768 ματρὶ,
3322 4695 3419 4748 καὶ
