4200 6440
181 386 285 447 353

1217 390 1297 448 IN
1335 390 1887 451 ΗΕΧΑΕΜΕΚΟΝ.
1912 414 1983 427 ·-
2018 390 2436 467 ΡΠᾹΞΕΑΤῙΟ.

3345 384 3451 448 854

183 497 389 549 blicum
416 493 665 546 omnium
689 505 1049 562 conspectum
1073 504 1224 557 sunt,
1250 513 1313 549 ea
1342 496 1516 565 palam
1540 506 1594 549 et
1624 497 1769 549 inter
1804 503 1839 553 Α
1871 494 2068 551 Omnia
2101 497 2249 552 enim
2289 511 2410 564 quae
2438 503 2567 549 sunt
2597 495 2651 548 in
2693 492 2852 548 caelis
2881 501 2937 547 et
2973 494 3028 546 in
3068 503 3215 549 terra
3240 535 3254 558 ,
3310 496 3456 551 Deus

182 605 239 639 se
300 587 652 639 coluereuter
717 585 1068 653 exposituri,
1130 597 1508 656 congruenter
1562 588 1769 642 divinis

182 676 706 729 consecrationilms
734 691 1068 730 arcanorqu
1116 679 1212 731 Dei
1265 690 1765 740 sacrmueutormn,

183 769 456 820 universo
508 768 671 819 simul
721 767 887 820 mistu
941 770 1145 837 populo
1212 786 1490 839 nunquam
1531 787 1653 824 eam
1694 772 1772 825 la-

183 862 342 912 eiunt
370 861 771 919 ostensionem,
809 859 1130 929 priusquam
1156 863 1250 929 qui
1279 863 1537 931 liturgite,
1575 864 1628 917 id
1658 872 1766 925 est,

183 954 276 1019 qui
338 951 567 1019 publico
600 963 796 1019 praeest
834 966 1120 1005 sacrorum
1161 955 1399 1017 muneri,
1449 966 1573 1025 post
1608 972 1775 1025 supe-

185 1043 393 1094 riorem
428 1052 486 1093 et
512 1058 637 1109 quae
667 1051 752 1095 est
777 1043 915 1095 citra
938 1043 1110 1096 ullum
1152 1045 1434 1111 medium,
1475 1047 1568 1101 Dei
1614 1047 1770 1102 ebori

184 1135 627 1197 ordinationem,
659 1146 918 1205 tanquam
943 1151 1077 1190 voce
1100 1147 1367 1206 praestans
1387 1139 1611 1207 quidam
1634 1155 1772 1208 ιιι-ξιξ-

187 1244 271 1285 eo,
291 1237 453 1279 stans
491 1237 646 1281 extra
681 1228 1090 1281 sacratissimas
1120 1238 1328 1296 portas,
1360 1230 1611 1295 jussione
1662 1246 1776 1283 ma-

188 1316 335 1368 xima
367 1319 678 1372 secreverit
710 1318 778 1370 ab
817 1318 999 1389 adytis
1039 1319 1106 1372 ad
1135 1336 1257 1389 qtae
1287 1336 1395 1373 nou
1452 1322 1585 1375 licet
1621 1338 1777 1376 acce-

186 1410 347 1469 dere,
389 1426 491 1462 eos
535 1411 739 1477 quibus
769 1426 880 1463 non
934 1412 1064 1465 licet
1096 1414 1165 1465 iis
1207 1412 1314 1465 frui
1359 1430 1421 1467 ac
1464 1416 1774 1482 percipere,

192 1500 398 1553 timens
427 1502 584 1554 illum
610 1502 853 1555 sordidis
897 1505 1153 1558 vestibus
1194 1506 1450 1558 indutum
1496 1509 1551 1561 in
1595 1509 1776 1561 Evan-

192 1592 407 1659 gelio‘,
463 1593 559 1659 qui
607 1594 925 1661 longissime
974 1595 1077 1649 fuit
1127 1598 1393 1665 expulsus
1449 1616 1479 1651 a
1531 1598 1771 1667 nuptiali

192 1686 479 1744 convivio,
518 1686 779 1753 quoniam
811 1702 918 1741 non
954 1702 1362 1757 praeparaverat
1394 1701 1604 1745 vestem
1639 1706 1776 1745 con-

194 1775 520 1828 venientem
548 1776 736 1831 divino
766 1778 841 1832 illi
887 1781 1072 1848 epulo.
1117 1779 1199 1834 Ad
1254 1782 1359 1833 hoc
1398 1793 1585 1836 autem
1637 1798 1779 1851 opus

194 1883 299 1919 nos
345 1870 797 1937 cnniponcndum
837 1872 1111 1935 venimus,
1172 1888 1279 1925 non
1310 1890 1461 1942 spem
1510 1882 1779 1942 ponentes

196 1960 249 2011 in
279 1960 576 2023 facundia,
618 1963 1000 2033 suavibusque
1028 1964 1234 2018 fabulis
1254 1976 1310 2018 et
1340 1966 1522 2034 nugis,
1550 1976 1777 2035 arteque

193 2050 422 2103 dicendi
465 2053 805 2119 Crteeorum,
840 2072 943 2109 nec
967 2058 1164 2109 armati
1205 2057 1403 2111 iambis
1446 2059 1697 2112 trucibus
1726 2068 1782 2113 et

196 2140 498 2195 inutilibus
533 2162 545 2195 :
586 2143 873 2199 Christum
912 2148 1062 2200 enim
1096 2148 1363 2201 habemus
1404 2150 1507 2203 via:
1550 2150 1774 2214 ducem,

196 2233 289 2298 qui
309 2231 564 2286 Graecam
592 2237 910 2304 sapientiora
932 2237 1066 2290 dicit
1088 2254 1209 2292 esse
1226 2239 1509 2293 stultitiam
1542 2251 1589 2293 ct
1617 2244 1784 2295 cruris

198 2325 620 2378 exinanitionem
655 2328 697 2379 ⁷.
749 2327 1057 2396 Loquimur
1095 2333 1242 2384 enim
1284 2333 1352 2385 de
1402 2333 1586 2387 divina
1634 2334 1784 2387 Scri-

200 2428 396 2481 plura,
433 2433 557 2484 quzc
597 2419 849 2487 exposita
903 2421 1131 2490 quidem
1185 2422 1289 2476 fuit
1344 2440 1442 2492 per
1489 2426 1783 2493 quamdam

202 2506 356 2558 vocis
397 2508 727 2562 tenuitatem
778 2518 835 2564 et
885 2511 1087 2581 linguae
1122 2514 1465 2580 tarditatem,
1517 2534 1547 2571 a
1598 2518 1788 2586 paucis

201 2606 388 2649 autem
415 2607 502 2651 est
530 2600 856 2656 confirmata
880 2611 937 2657 et
964 2613 1180 2667 ornata,
1235 2606 1413 2675 iisque
1452 2609 1791 2677 agrestibus-

202 2706 309 2755 que
340 2700 397 2742 et
428 2692 821 2758 piscatoribus,
844 2704 901 2749 et
924 2697 1213 2750 sutoribus
1235 2707 1291 2751 et
1320 2699 1620 2753 illitteratis
1648 2716 1659 2750 :
1684 2716 1788 2768 pu-

203 2783 458 2851 dor-eque
492 2785 679 2839 all'ecit
712 2787 1014 2855 sapientes,
1058 2805 1265 2858 eosque
1295 2791 1543 2845 ostendit
1591 2791 1790 2845 stultos

201 2887 258 2927 et
288 2877 545 2929 inutiles.
584 2876 958 2943 Quamobrem
982 2880 1037 2933 in
1073 2883 1391 2949 praesentia,
1422 2898 1451 2936 a
1487 2882 1650 2936 nobis
1678 2899 1790 2936 non

204 2968 433 3021 dicetur
468 2968 537 3022 de
574 2970 766 3038 liguris
804 2971 1220 3036 etintervallis,
1272 2989 1377 3027 nec
1426 2974 1495 3028 de
1550 2976 1790 3029 circnm-

207 3058 531 3112 aetionibus
561 3069 617 3113 et
646 3061 888 3115 motibus
918 3070 973 3115 et
996 3064 1343 3132 regressibus
1379 3065 1433 3119 in
1463 3082 1595 3120 suos
1617 3068 1791 3132 locos,

1870 591 2028 661 prius
2054 589 2369 643 construxit
2406 588 2461 641 in
2506 587 2777 656 sapientia
2831 586 2899 639 ad
2946 586 3070 655 ejus
3118 584 3349 656 ﬁguram
3397 597 3457 643 et

1871 681 2117 752 priorem
2172 678 2629 749 descriptionem.
2677 679 2743 732 Et
2781 676 2932 747 quod
2968 676 3153 731 statim
3202 694 3232 731 a
3273 679 3455 748 prima

1872 772 2024 827 vocis
2064 772 2382 834 ell‘ectione,
2440 772 2562 841 ejus
2611 770 2967 824 fundamenta
3014 778 3070 824 et
3114 778 3453 825 structuram

1871 876 1928 922 et
1955 865 2363 937 apparitionem
2382 876 2433 919 et
2462 864 2926 919 illuminatiouem
2958 863 3452 934 praemeditabatur

1872 972 1929 1017 et
1970 962 2127 1032 prius
2171 959 2550 1021 describebat,
2606 966 2661 1012 et
2715 974 2815 1028 per
2863 959 3103 1027 primum
3156 958 3360 1013 ctelum
3401 966 3459 1014 et

1874 1052 2202 1115 secundum,
2238 1059 2293 1104 et
2336 1066 2457 1118 qua:
2499 1058 2628 1103 sunt
2680 1050 2735 1102 in
2799 1048 2934 1117 ipsis
2976 1049 3293 1113 luminaria,
3354 1063 3459 1102 nec

1875 1145 1981 1198 hoc
2018 1145 2235 1205 solum,
2290 1143 2384 1196 sed
2441 1142 2604 1195 etiam
2668 1155 2766 1210 per
2823 1140 3002 1210 ipsum
3046 1141 3219 1195 solem
3269 1148 3327 1193 et
3367 1140 3459 1193 lu-

1877 1253 2024 1298 nam,
2060 1245 2115 1289 et
2149 1244 2385 1296 terram,
2412 1243 2469 1287 et
2492 1248 2685 1301 aquas,
2708 1240 2764 1286 et
2785 1232 3024 1299 plantas,
3049 1240 3106 1285 et
3130 1246 3351 1299 pecora,
3400 1236 3459 1284 et

1876 1331 2154 1391 volucres,
2184 1339 2238 1382 et
2257 1329 2470 1397 pisces;
2503 1334 2579 1388 et,
2610 1333 2670 1377 ut
2692 1324 2862 1377 semel
2883 1322 3085 1385 dicam,
3113 1337 3212 1391 per
3237 1335 3457 1376 omnem

1879 1433 2190 1476 creaturam
2220 1419 2343 1472 (ναιιί
2376 1427 2431 1469 et
2468 1427 2647 1473 terrm.
2682 1414 2966 1468 Christum
2991 1413 3085 1482 qui
3134 1414 3187 1465 in
3237 1413 3371 1482 ipsis
3402 1421 3460 1468 et

1880 1530 1979 1585 per
2010 1513 2182 1581 ipsam
2220 1509 2489 1577 loquitur,
2547 1507 2809 1575 pratdicat
2859 1514 2915 1559 et
2962 1504 3255 1575 magniﬁce
3309 1520 3461 1560 com-

1881 1605 2124 1660 tuendaL

1950 1699 2073 1752 lltee
2106 1697 2325 1749 discens
2352 1693 2601 1748 Ecclesia
2633 1691 2872 1745 exsultat
2904 1697 2961 1744 et
2985 1689 3202 1743 lzetatur
3237 1730 3252 1753 ,
3282 1691 3454 1760 gestit

1881 1802 1937 1847 et
1968 1791 2333 1851 illuminatur,
2364 1796 2419 1841 et
2460 1787 2723 1840 adversus
2758 1782 3011 1838 infideles
3038 1783 3229 1838 valens
3277 1797 3342 1837 ac
3374 1797 3463 1837 ro—

1885 1885 2045 1937 busta
2062 1881 2332 1942 redditur,
2356 1879 2440 1930 vel
2466 1877 2649 1947 potius
2673 1884 2921 1930 armatur
2945 1892 2959 1939 ;
2980 1890 3086 1929 eos
3103 1874 3462 1937 convincens,

1883 1973 2153 2027 dedecore
2183 1969 2443 2028 alliciens,
2469 1968 2717 2028 vincens,
2738 1966 3002 2020 exsiliens
3018 1974 3074 2019 et
3100 1964 3419 2034 tripudians
3446 1981 3459 2016 :

1886 2062 2160 2132 siquidem
2208 2061 2465 2114 universa
2518 2073 2639 2127 qua:
2694 2056 2949 2111 cernitur
2992 2065 3049 2111 et
3093 2056 3465 2126 intelligentia

1885 2154 2197 2225 percipitur
2251 2162 2526 2210 creatura,
2565 2148 2631 2203 ad
2684 2150 2805 2217 ejus
2855 2148 3150 2218 imaginem
3182 2156 3238 2201 et
3276 2149 3463 2216 sponsi

1886 2249 1971 2302 sui
1996 2245 2201 2301 Christi
2230 2245 2388 2314 prius
2412 2249 2727 2298 constructa
2751 2241 2856 2295 fuit
2881 2251 2936 2294 et
2958 2241 3325 2310 prmligurata.
3350 2239 3464 2297 lloc

1890 2349 1975 2392 est
1998 2338 2146 2391 enim
2177 2335 2525 2407 mysterium,
2545 2332 2692 2402 quod
2728 2341 2856 2386 ante
2884 2332 3083 2387 secula
3108 2343 3165 2387 et
3187 2349 3216 2385 a
3242 2348 3465 2402 genera-

1890 2427 2134 2482 tionibus
2160 2426 2315 2494 prius
2336 2423 2551 2478 deliniit
2574 2423 2737 2487 Deus,
2760 2432 2815 2476 et
2845 2421 3278 2492 praedestinavit.
3308 2420 3467 2476 Unde

1888 2519 2056 2574 etiam
2113 2516 2317 2570 dicitur
2374 2514 2519 2568 Deus
2584 2515 2767 2568 omnia
2827 2516 2880 2568 in
2947 2522 3112 2581 caput
3180 2511 3466 2578 redegisse

1889 2612 1945 2657 et
1982 2605 2341 2656 iustaurasse
2407 2601 2460 2653 in
2512 2600 2738 2654 Christo
2758 2601 2797 2652 ⁸.
2847 2599 2989 2666 Quid
3021 2609 3107 2653 est
3173 2599 3229 2653 in
3294 2609 3463 2667 caput

1894 2697 2170 2766 redegisse
2220 2705 2276 2749 et
2328 2695 2667 2748 instaurasse
2702 2734 2717 2758 ,
2769 2708 2935 2762 quam
3008 2708 3072 2747 ea
3122 2707 3246 2761 quae
3292 2692 3468 2745 ratio-

1894 2789 2057 2842 nibus
2089 2789 2142 2840 in
2194 2787 2313 2855 ipso
2336 2786 2493 2855 prius
2539 2794 2699 2840 erant
2731 2785 2961 2853 ﬁgurata
2998 2793 3054 2838 et.
3080 2784 3408 2837 adumbrata
3441 2822 3456 2846 ,

1896 2882 2074 2951 reipsa
2122 2880 2283 2933 factis
2338 2879 2393 2933 in
2437 2878 2557 2949 ipso
2595 2894 2716 2933 esse
2759 2878 3019 2947 impleta?
3053 2877 3247 2933 Omnia
3272 2876 3424 2931 enim
3452 2917 3466 2941 ,

1896 2974 2097 3043 inquit,
2131 2990 2224 3043 per
2255 2974 2452 3041 ipsum,
2487 2982 2535 3025 et
2564 2973 2617 3024 in
2641 2973 2755 3041 ipso
2788 2969 2997 3025 Christo
3024 2970 3166 3038 facta
3206 2977 3330 3022 sunt
3360 2977 3473 3023 tam

1896 3078 2013 3133 quae
2038 3063 2091 3115 in
2122 3062 2261 3116 cwlis
2291 3079 2453 3130 quam
2487 3078 2605 3132 qua:
2633 3068 2685 3114 in
2723 3073 2889 3123 terra,
2945 3059 3176 3114 visibilia
3202 3069 3252 3113 et
3284 3061 3468 3114 invisi-

207 3165 311 3204 nee
342 3150 413 3203 de
441 3152 707 3218 posituris
738 3163 793 3207 et
834 3154 1282 3219 alterationibus,
1317 3173 1421 3212 nec
1450 3158 1520 3211 de
1550 3160 1795 3215 motibus
1822 3168 1864 3224 ο
1899 3154 2049 3219 bilia,
2081 3155 2186 3208 sive
2216 3154 2410 3208 Tltroni
2430 3194 2445 3217 ,
2485 3155 2592 3206 sive
2626 3154 3048 3217 Dominationes,
3110 3154 3220 3206 sive
3267 3150 3477 3205 Princi-

209 3242 263 3293 in
300 3242 523 3307 orbem,
558 3259 660 3297 nec
691 3245 760 3298 de
796 3246 1158 3314 antipodibus
1183 3258 1239 3302 et
1264 3249 1331 3302 de
1359 3251 1612 3318 partibus
1641 3253 1792 3317 emli,

208 3343 265 3386 et
288 3333 519 3387 Saturni
557 3335 824 3399 motibus,
858 3353 960 3391 nec
997 3338 1065 3391 de
1094 3339 1217 3392 cmli
1254 3352 1404 3393 motu
1431 3352 1485 3395 et
1506 3343 1792 3409 gradibus,

211 3438 317 3478 nec
362 3424 437 3478 de
485 3425 631 3477 hune
693 3434 819 3478 ortu
854 3435 911 3480 et
958 3426 1202 3490 delectu,
1258 3446 1438 3499 neque
1482 3448 1678 3487 rursus
1729 3433 1798 3487 de

209 3516 382 3568 astris
436 3523 490 3569 et
536 3516 919 3584 singularibus
970 3535 1091 3587 quae
1137 3520 1192 3573 in
1243 3520 1328 3574 eis
1372 3523 1800 3577 considerantur

209 3606 426 3668 stellis;
462 3620 573 3659 non
612 3607 681 3661 de
709 3618 834 3662 ortu
883 3625 1151 3677 aquarum
1208 3619 1263 3664 et
1316 3612 1800 3677 inundationibus,

210 3710 276 3749 ex
296 3697 509 3765 quibus
532 3711 628 3750 eos
652 3713 874 3767 quoque
904 3700 1000 3768 qui
1032 3700 1087 3753 in
1121 3700 1258 3755 locis
1285 3702 1421 3757 llunt
1448 3711 1797 3758 terrmmotus

211 3789 434 3841 visione
469 3790 968 3858 apprchenderunt
987 3791 1081 3861 qui
1125 3806 1181 3845 se
1232 3793 1284 3846 in
1319 3794 1706 3850 mathemath
1747 3808 1803 3851 et

215 3880 317 3934 hac
350 3881 720 3950 conjecturali
751 3891 873 3935 arte
907 3894 1303 3950 exercuerunt,
1332 3903 1361 3939 a
1395 3902 1504 3956 qua
1538 3878 1800 3957 tantillum

215 3969 284 4023 ab
319 3971 563 4024 exitiosa
620 3972 708 4025 lue
748 3972 1006 4026 liberavit
1039 3974 1341 4028 Eeclesiam
1388 3992 1616 4041 verum,
1656 3978 1805 4047 quod

218 4060 274 4113 in
308 4063 480 4115 terris
506 4073 789 4115 versatum
846 4073 949 4126 est,
990 4066 1257 4120 Verbum.
1291 4067 1425 4120 Nam
1472 4070 1605 4137 quid
1661 4070 1800 4123 lucri

218 4154 437 4221 ceperit
472 4152 721 4209 Ecclesia
777 4156 821 4208 si
866 4156 1126 4211 didicerit
1153 4159 1470 4213 universam
1504 4163 1803 4216 motionem

218 4244 359 4297 solis
386 4253 446 4297 et
474 4243 639 4309 quat,
662 4255 719 4299 et
748 4246 895 4309 cmli,
922 4255 973 4300 et
1009 4255 1170 4302 terrae
1195 4260 1251 4303 et
1277 4259 1570 4304 ventorum
1588 4262 1645 4307 et
1673 4254 1806 4307 stel-

218 4333 445 4399 larum,
500 4346 872 4405 prmtcrquam
915 4339 1089 4393 solam
1142 4354 1467 4409 pereuntem
1516 4356 1572 4399 et
1615 4345 1807 4400 falsam

218 4426 595 4493 opinionem?
642 4428 871 4483 Discens
921 4439 1108 4485 autem
1145 4441 1203 4487 et
1246 4434 1481 4487 audiens
1542 4437 1690 4505 quod
1737 4438 1808 4492 ab

1899 3256 2055 3314 palus
2076 3256 2123 3297 et
2150 3244 2465 3308 Potestates,
2487 3245 2665 3297 omnia
2696 3260 2789 3313 per
2811 3245 2983 3314 ipsum
3005 3253 3053 3296 et
3076 3246 3130 3297 in
3160 3244 3273 3313 ipso
3292 3250 3476 3296 creata

1897 3346 2018 3390 sunt
2052 3338 2074 3368 ⁹
2109 3355 2122 3401 ;
2157 3336 2254 3391 Dei
2291 3344 2476 3390 autem
2512 3336 2809 3404 Apostolus
2840 3336 3031 3389 dicens
3062 3336 3250 3389 omnia
3290 3340 3348 3388 et
3390 3333 3476 3387 vi—

1899 3428 2083 3482 sibilia
2109 3441 2166 3483 et
2198 3427 2504 3481 invisibilia
2539 3426 2594 3480 in
2625 3426 2851 3481 Christo
2881 3443 3004 3482 esse
3032 3437 3240 3489 creata,
3288 3433 3478 3494 aperte

1900 3520 2145 3574 ostendit
2163 3529 2217 3573 et
2234 3521 2396 3573 docet
2416 3519 2562 3588 quod
2587 3518 2700 3589 ipsa
2725 3519 2892 3574 etiam
2916 3519 3209 3572 invisibilis
3228 3526 3480 3571 creatura

1904 3609 2062 3676 prius
2090 3608 2321 3678 figurata
2352 3617 2410 3662 et
2436 3609 2576 3661 facta
2608 3607 2713 3661 fuit
2742 3609 2795 3661 in
2836 3607 3059 3662 Christo
3106 3618 3161 3661 et
3209 3607 3475 3661 Ecclesia.

1906 3700 2011 3753 Sed
2037 3697 2104 3753 de
2122 3699 2454 3769 ‘cpdestibus
2480 3700 2706 3769 quidem
2732 3698 3200 3768 quemadmodum
3237 3706 3294 3752 et
3321 3696 3484 3752 Chri-

1904 3800 2050 3845 stum
2078 3758 2135 3843 el
2164 3758 2468 3844 Ecclesiam
2498 3758 2827 3844 deserilnint
2856 3805 2920 3843 ac
2946 3788 3298 3858 pra-figurant
3319 3828 3333 3850 ,
3370 3802 3481 3841 non

1905 3882 2201 3948 possuntus
2217 3886 2409 3949 aperte
2431 3880 2617 3935 dicere
2651 3879 3117 3949 quemadmodum
3144 3880 3483 3948 intelligatur

1906 3970 2131 4039 quidem
2155 3971 2380 4040 angelus
2403 3970 2470 4024 iis
2491 3970 2583 4038 qui
2605 3979 2722 4023 est:
2745 3972 2925 4040 magni
2952 3971 3158 4023 consilii
3175 3970 3397 4040 angelus
3415 3971 3482 4033 ¹⁶,

1908 4070 1965 4115 et
2018 4078 2211 4115 rursus
2269 4062 2737 4130 quemadmodum
2794 4062 3201 4131 arehangelus,
3249 4063 3345 4132 qui
3398 4074 3485 4117 est

1909 4153 2171 4221 princeps
2194 4153 2514 4221 angelorum
2543 4152 2693 4220 ipsos
2715 4152 2882 4206 etiam
2906 4154 3076 4207 mittit
3104 4152 3485 4223 tanquam'ad-

1912 4244 2343 4296 ministratorios
2367 4243 2598 4312 spiritus
2618 4243 2710 4310 qui
2733 4243 2781 4296 ei
2808 4244 3076 4298 assistunt
3104 4252 3193 4297 :et
3213 4243 3484 4313 quemad-

1912 4334 2136 4389 modum
2173 4334 2494 4387 nominatur
2528 4335 2868 4404 principium
2893 4374 2907 4397 ,
2932 4334 3031 4403 qui
3054 4342 3140 4389 est
3178 4335 3234 4388 in
3266 4334 3485 4403 princi-

1913 4426 2004 4495 pio
2017 4426 2162 4479 Deus
2174 4425 2441 4490 Verbum,
2465 4427 2709 4495 princeps
2731 4427 2876 4494 pacis
2904 4435 2951 4477 et
2970 4432 3122 4494 pater
3138 4425 3305 4494 futuri
3324 4441 3493 4479 stetu-

218 4517 341 4584 ipso
378 4516 499 4570 Deo
531 4518 919 4574 universorum
958 4521 1221 4577 ell‘ectore
1266 4524 1465 4579 ell'ccta
1520 4535 1651 4581 sunt
1692 4528 1791 4583 duc

1914 4516 1951 4570 li
2000 4517 2063 4569 “.
2093 4515 2323 4584 Magnus
2354 4524 2439 4569 est
2478 4518 2625 4568 enim
2673 4516 2794 4585 ejus
2838 4516 3184 4584 principatus
3209 4554 3223 4578 ,
3257 4526 3317 4568 et
3340 4518 3491 4586 pacis

219 4608 471 4677 opificia,
511 4625 681 4664 unum
712 4612 938 4681 quidem
975 4630 1085 4683 quo
1114 4616 1521 4684 produceretur
1556 4620 1723 4676 homo
1750 4631 1807 4677 et

222 4700 303 4765 (ut
325 4701 508 4753 semel
534 4701 736 4771 dicam)
767 4720 855 4758 res
879 4706 1062 4760 omnis
1104 4721 1311 4769 creata,
1356 4709 1591 4765 alterum
1618 4724 1804 4768 autem

222 4806 333 4860 quo
352 4793 501 4845 bene
529 4802 677 4847 esset
696 4804 753 4847 et
775 4795 942 4850 homo
965 4804 1020 4851 et
1049 4798 1311 4853 universa
1340 4815 1428 4853 res
1446 4812 1654 4866 creata,
1681 4821 1806 4859 cum

225 4884 341 4951 ipse
364 4898 598 4937 carnem
632 4887 897 4956 suscepit,
916 4888 1167 4944 liberatis
1183 4891 1447 4945 omnibus
1463 4892 1531 4945 ab
1550 4894 1805 4960 interitu,

224 4990 353 5027 cum
382 4984 445 5027 ut
470 4974 615 5029 bene
640 4986 832 5033 essent
854 4991 1195 5050 acceperunt
1229 4999 1243 5035 :
1277 4984 1503 5052 etquod
1534 4992 1806 5054 tauquam

226 5066 504 5136 propheta
535 5066 760 5123 divinus
786 5069 964 5124 Moses
992 5072 1245 5140 prmvidit
1279 5073 1447 5127 etiam
1479 5075 1810 5143 productio-

228 5176 354 5214 nem
387 5169 445 5214 et
470 5159 757 5228 opificium
782 5172 1055 5217 creatura:
1100 5164 1169 5217 ad
1203 5164 1309 5218 hoc
1355 5174 1415 5216 ut
1444 5165 1585 5219 bene
1629 5165 1724 5219 sit.
1754 5176 1809 5220 et

230 5249 488 5302 scribens
512 5249 985 5317 quemadmodum
1026 5252 1093 5305 ad
1150 5252 1256 5306 hoc
1300 5261 1532 5307 utesset
1578 5253 1816 5308 deducta

230 5340 533 5403 exstiterit,
568 5339 622 5393 in
659 5340 776 5409 ipsa
805 5343 971 5396 etiam
1006 5343 1294 5413 Scriptura
1326 5345 1702 5415 inseruitejus
1730 5363 1820 5400 re-

234 5432 626 5487 formationem
661 5449 758 5501 per
790 5432 1073 5489 Christum
1110 5435 1179 5488 ad
1219 5436 1325 5489 hoc
1346 5446 1407 5488 ut
1440 5436 1580 5489 bene
1605 5437 1698 5499 sit,
1725 5437 1821 5489 sed

236 5522 375 5591 style
403 5521 647 5590 quodam
675 5522 1005 5592 prophetico
1032 5524 1385 5592 obscureque
1409 5533 1466 5577 ct
1501 5525 1819 5593 allegorice.

312 5693 550 5767 ‘WMatth.
610 5711 738 5749 χιιι.
768 5696 802 5749 2
831 5712 978 5767 seqq.

1058 5700 1076 5725 '
1113 5699 1130 5751 1
1157 5699 1282 5753 Cor.
1310 5716 1384 5763 tu,
1430 5701 1507 5753 l9.

249 5766 289 5794 “
320 5765 450 5817 ibid.
542 5768 585 5797 ¹²
625 5767 762 5819 Luc.
795 5782 829 5828 ι,
878 5765 965 5822 55.

1047 5768 1090 5800 ’³
1116 5769 1253 5823 Dan.
1282 5785 1373 5833 vlt,
1408 5769 1491 5823 H.

1606 5701 1627 5729 ⁸
1659 5701 1857 5769 Ephes.
1899 5717 1935 5759 ι,
1976 5700 2053 5751 lt).

1574 5771 1613 5800 "‘
1646 5767 1837 5824 Matth.
1874 5785 2055 5831 xxviii,
2097 5767 2174 5822 l8.

1917 4612 2028 4681 ejus
2051 4626 2154 4663 non
2184 4616 2259 4662 est
2293 4609 2631 4662 terminus".
2669 4609 2777 4662 Aut
2822 4607 3486 4678 quemadmodum'intel-

1916 4705 2149 4773 ligamus
2183 4702 2357 4771 ipsam
2376 4710 2700 4771 potestatem
2718 4702 2813 4770 qui
2828 4702 2971 4755 Deus
2990 4711 3075 4756 est
3100 4700 3311 4755 habens
3342 4710 3497 4769 pote-

1919 4804 2115 4853 statem
2142 4794 2303 4848 fortis
2323 4802 2379 4847 et
2402 4804 2619 4862 potens.
2664 4792 2761 4846 Est
2790 4794 2938 4846 enim
2978 4793 3099 4862 ejus
3132 4801 3412 4861 potestas,
3435 4800 3498 4845 ut

1917 4888 2051 4942 dicit
2068 4887 2259 4940 Daniel
2282 4903 2294 4937 :
2316 4885 2383 4938 Et
2408 4892 2638 4953 potestas
2652 4893 2851 4937 wterna
2868 4898 2984 4952 qua:
3003 4899 3106 4935 non
3121 4881 3408 4952 preteribit
3429 4881 3495 4943 ¹³;

1918 4978 2043 5032 data
2066 4974 2313 5031 estenim
2341 4974 2652 5041 eipotestas
2673 4973 2726 5025 in
2753 4972 2893 5025 emlo
2909 4979 2964 5024 et
2987 4970 3042 5023 in
3073 4980 3216 5024 terra
3237 4968 3301 5023 ¹¹⁵.
3327 4968 3500 5023 Porro

1916 5079 2100 5124 autem
2131 5068 2523 5136 homonymum
2548 5080 2772 5134 quoque
2806 5064 2985 5131 ipsum
3017 5061 3294 5130 intelliges
3318 5059 3499 5113 Thro-

1922 5174 2053 5210 num
2112 5174 2124 5207 :
2165 5163 2352 5223 utpote
2403 5157 2548 5223 quod
2600 5155 2763 5207 Pater
2809 5167 2977 5221 super
3027 5149 3206 5219 ipsum
3244 5149 3500 5218 quiescat

1920 5259 2179 5317 tanquam
2217 5245 2560 5313 unigenitum
2583 5252 2639 5297 et
2660 5259 2984 5314 germanum
3010 5241 3230 5302 Filium,
3248 5249 3305 5293 et
3332 5238 3498 5292 simul

1918 5340 2086 5392 etiam
2125 5354 2225 5389 nos
2274 5337 2440 5389 faciat
2487 5337 2801 5404 quiescere,
2843 5342 3216 5403 congruenter
3254 5331 3305 5383 ei
3350 5330 3499 5398 quod

1922 5434 2190 5500 scriptum
2217 5437 2303 5482 est
2337 5445 2348 5479 :
2388 5427 2565 5480 Venite
2594 5427 2663 5479 ad
2695 5442 2796 5489 me,
2824 5440 3003 5477 omnes
3046 5424 3135 5491 qui
3167 5420 3425 5474 laboratis
3454 5428 3503 5472 et

1923 5523 2128 5575 onerati
2165 5521 2317 5585 estis,
2384 5528 2431 5571 et
2476 5520 2674 5587 faciam
2718 5534 2806 5571 vos
2850 5516 3203 5587 quiescere".
3258 5514 3415 5580 Quod
3456 5515 3505 5568 si

2160 5699 2181 5727 ³
2210 5697 2419 5751 Coloss.
2449 5713 2462 5748 ι
2490 5738 2503 5757 ,
2552 5699 2639 5752 16.
2715 5698 2756 5726 ¹⁰
2787 5695 2868 5749 lsa
2926 5710 2999 5759 Ix,
3044 5694 3109 5748 l0
3192 5709 3304 5750 sec.
3344 5689 3508 5744 LXX.

2258 5770 2297 5798 ’³
2328 5767 2515 5821 Matth.
2541 5784 2611 5826 χι.
2637 5767 2727 5822 28.
