4200 6440
745 454 851 519 855

1948 448 2008 504 ὃ.
2054 444 2445 502 ΛΝΑὸΤΑὸΗ
2487 441 2809 499 δΙΧΛιΤίΕ

3902 435 4000 498 856

744 571 912 624 etiam
947 571 1028 621 κίε
1059 581 1220 620 ³³0³⁵0
1258 577 1388 616 cum
1435 562 1641 615 habere
1683 573 1777 611 50‘
1827 558 1940 611 ³1³⁵
1974 599 1986 619 θ
2022 557 2150 610 aut“
2192 573 2320 610 cum
2353 565 2394 620 Δ
2424 574 2681 627 Sensibus
2726 574 2945 626 ornavit
2991 573 3292 626 Ecclesiam
3332 569 3734 625 celeberrimus
3767 569 4004 640 Cyrillns

742 664 839 732 qui
881 663 982 731 ipsi
1004 660 1140 713 dicit
1174 676 1186 710 :
1220 657 1281 712 lit
1312 657 1537 724 tegmine
1584 651 1799 705 alarum
1831 659 2047 702 tuarum
2085 658 2322 718 protegas

747 773 828 809 tne
849 772 864 817 ;
887 751 1170 805 extendens
1201 749 1316 802 alas
1339 764 1464 800 suas
1496 762 1580 797 eos
1605 745 1830 812 suscepit
1866 742 1927 793 ιθ.
1951 740 2322 806 Quemadmo-

745 863 875 900 uum
926 854 1110 897 autem
1162 841 1254 893 lux
1292 855 1416 892 vera
1461 837 1776 889 illuminans
1815 849 2022 886 omnem
2063 833 2324 885 hominem

745 939 1039 990 tinnientem
1071 937 1125 986 in
1153 932 1406 985 mundum
1445 930 1509 992 ¹⁷,
1537 929 1739 982 merito
1762 925 1946 979 omnia
2002 923 2281 992 aspiciens
2308 961 2324 983 ,

745 1039 976 1081 vocatus
1013 1034 1118 1088 est,
1155 1021 1574 1090 πολυοφοὰλμθς
1624 1020 1680 1074 id
1725 1027 1833 1082 est,
1876 1018 2080 1070 multos
2119 1015 2328 1067 habens

745 1123 956 1173 oculos.
1008 1120 1112 1172 l’er
1173 1114 1584 1183 homonymiam
1632 1120 1820 1164 autem
1884 1108 2192 1177 appellatus
2241 1112 2327 1157 cst

746 1218 912 1266 etiam
955 1211 1242 1271 Dominus,
1271 1209 1368 1278 qui
1396 1209 1448 1260 in
1480 1205 1831 1258 dominantes
1861 1203 2076 1256 obtinet
2115 1199 2326 1267 princi-

748 1316 932 1374 patunt
961 1322 973 1355 ;
1009 1303 1264 1356 Dominus
1288 1301 1437 1354 enim
1462 1307 1548 1351 est
1577 1299 1730 1366 fortis
1759 1308 1806 1348 ct
1837 1303 2038 1364 potens,
2070 1293 2326 1345 Dominus

748 1411 928 1467 potens
958 1400 1010 1450 in
1034 1396 1170 1450 bello
1208 1397 1272 1447 “‘.
1306 1395 1398 1453 Et,
1428 1392 1684 1445 Dominus
1713 1392 1966 1442 virtutum
2000 1388 2064 1437 ".
2100 1387 2187 1447 Et,
2223 1385 2326 1438 Do-

753 1493 926 1543 minus
961 1490 1249 1542 altissimus
1278 1487 1348 1539 ’°.
1378 1483 1649 1550 Quoniam
1700 1489 1888 1534 autem
1931 1479 2329 1547 interpretatur

750 1579 1074 1638 Cherubim,
1115 1575 1393 1628 multitudo
1444 1573 1752 1642 cognitionis
1795 1587 1812 1619 .·
1851 1568 2000 1622 Deus
2030 1577 2214 1620 autem
2244 1574 2331 1618 est

750 1668 1016 1722 Dominus
1042 1665 1448 1731 cognitionum,
1493 1662 1610 1730 ipse
1635 1661 1784 1713 enim
1813 1656 2097 1726 cognoscit
2143 1655 2329 1709 omnia

749 1769 1043 1827 antequam
1072 1758 1203 1809 liant
1232 1757 1298 1815 ",
1325 1762 1382 1807 et
1415 1770 1427 1805 :
1463 1752 1628 1806 Nemo
1659 1752 1917 1820 cognoscit
1965 1747 2182 1801 Patrem
2229 1747 2328 1798 nisi

750 1849 917 1902 Filius
955 1851 1036 1912 ’τις
1085 1847 1282 1900 merito
1328 1854 1559 1898 vocatur
1595 1843 1766 1896 etiam
1797 1840 1964 1910 859
1987 1838 2325 1900 Cherubim,

749 1939 842 2004 qui
877 1939 991 2006 ipsa
1047 1934 1297 1988 condidit
1342 1931 1664 1986 Cherubim.
1714 1929 1870 1982 Sicut
1904 1927 2069 1980 etiam
2120 1939 2322 1978 rursus
2361 1920 2402 1978 Il

752 2026 1223 2096 Seraphitn,quod
1245 2025 1638 2093 interpretatur
1661 2024 1797 2091 ignis
1828 2021 2020 2074 ardens
2037 2030 2085 2072 et
2115 2022 2330 2071 combu-

753 2138 872 2172 rens
907 2120 1097 2172 :l)cus
1146 2118 1297 2170 enim
1348 2123 1570 2177 noster,
1617 2112 1760 2182 ignis
1806 2111 2140 2164 comburens
2160 2109 2206 2140 "
2246 2115 2332 2160 est

749 2214 1006 2266 Christus
1039 2229 1052 2263 :
1085 2219 1140 2263 et
1180 2209 1305 2262 ideo
1335 2224 1346 2237 °
1384 2206 1508 2260 Veni
1531 2247 1543 2265 ,
1578 2205 1760 2272 inquit
1793 2222 1805 2257 :
1838 2206 2012 2271 ignem
2042 2203 2247 2253 mittere
2277 2201 2330 2251 in

755 2303 1036 2356 terrain".
1087 2299 1196 2354 Sed
1233 2300 1338 2353 hoc
1365 2297 1590 2366 quidem
1637 2307 1896 2363 tanquam
1930 2309 2026 2362 per
2051 2293 2329 2360 cpitomen

753 2412 900 2450 nunc
928 2395 1136 2447 dictum
1162 2393 1232 2445 sit
1255 2387 1720 2459 quemadmodum
1754 2385 2068 2439 referuntur
2091 2385 2144 2436 iit
2169 2383 2332 2437 Chri-

753 2499 923 2551 stum,
957 2495 1015 2540 ct
1047 2485 1187 2538 facta
1223 2484 1333 2535 sint
1353 2497 1480 2535 cum
1505 2481 1661 2548 prius
1689 2477 2058 2531 describentia
2087 2492 2148 2528 ac
2197 2491 2334 2543 pra:-

755 2576 1068 2648 tigurantia.
1115 2573 1272 2638 Quod
1310 2583 1494 2625 autetn
1544 2587 1609 2624 ea
1649 2584 1870 2638 quoque
1924 2570 2036 2620 sint
2075 2564 2334 2618 Ecclesia:

752 2666 1124 2737 exemplaria,
1157 2673 1213 2718 et
1243 2664 1417 2732 ipsam
1455 2662 1608 2730 prius
1647 2661 1959 2730 signiﬁcent
1993 2668 2048 2711 et
2078 2661 2331 2725 ﬁgurent.

755 2761 825 2814 ab
854 2761 958 2813 hac
1007 2757 1354 2811 dubitatione
1404 2764 1456 2808 te
1489 2768 1685 2806 rursus
1717 2752 1916 2804 liberat
1959 2750 2073 2818 ipse
2112 2749 2336 2801 divinus

752 2851 1053 2921 Apostolus
1089 2850 1144 2902 in
1193 2847 1436 2916 Epistola
1466 2845 1532 2898 ad
1574 2843 1866 2905 llebrazos,
1914 2841 2107 2895 dicens
2155 2840 2223 2893 de
2257 2846 2336 2892 ta-

754 2941 1056 2995 bernaculo
1089 2935 1390 2992 testimonii
1429 2944 1485 2988 ct
1505 2935 1572 2988 dc
1602 2933 1864 2986 omnibus
1895 2932 1948 2984 itt
1984 2947 2052 2984 eo
2076 2941 2332 2983 constru—

754 3034 882 3096 etis,
905 3031 1052 3101 quod
1082 3046 1145 3084 ea
1173 3029 1312 3083 facta
1340 3027 1452 3082 sint
1483 3027 1536 3079 in
1565 3026 1796 3094 ﬁguram
1818 3023 2332 3080 Ecclesiamdiccns:

754 3123 874 3178 Non
899 3125 953 3176 in
991 3137 1151 3174 manu
1196 3121 1340 3189 facta
1370 3119 1634 3188 ingressus
1685 3124 1762 3168 est
1807 3114 2044 3168 Christus
2088 3130 2335 3166 verorum

756 3212 1109 3282 exemplaria,
1156 3210 1248 3264 sed
1279 3211 1335 3261 in
1379 3211 1550 3278 ipsum
1589 3206 1862 3259 etclam".
1895 3205 2094 3259 Diccns
2125 3213 2331 3267 autem,

756 3303 1124 3372 exemplaria,
1183 3299 1426 3354 ostendit
1484 3299 1626 3352 citra
1673 3298 1836 3350 ullam
1891 3296 2330 3358 dubitationem,

758 3407 1109 3463 quaecunque
1137 3399 1264 3445 sunt
1290 3391 1344 3444 iu
1379 3388 1627 3444 Ecclesia
1655 3403 1777 3442 esse
1818 3387 2157 3440 imitamenta
2183 3385 2335 3438 ordi-

759 3500 892 3537 num
935 3481 1263 3536 cmlcstium.
1314 3479 1372 3533 Si
1413 3494 1547 3548 ergo
1583 3477 1916 3541 invisibilia,
1960 3487 2016 3531 et
2051 3492 2172 3545 quae
2207 3485 2336 3529 sunt

760 3575 1232 3644 prtestantissima,
1277 3581 1408 3627 sunt
1464 3581 1781 3640 comparata
1827 3569 1893 3622 ad
1938 3568 2228 3638 imaginem
2279 3578 2336 3621 et

759 3666 989 3732 ﬁguram
1025 3661 1314 3724 Ecclesize,
1343 3676 1412 3715 ne
1442 3659 1511 3713 dc
1545 3667 1744 3713 caetero
1771 3657 2010 3726 amplius
2043 3656 2334 3710 dubitavc-

760 3757 860 3818 ris,
896 3765 952 3808 et
1004 3771 1073 3809 ne
1116 3754 1278 3808 ﬁdem
1336 3769 1445 3805 non
1498 3752 1764 3806 habueris
1797 3749 1944 3819 quod
1978 3759 2034 3803 et
2077 3749 2336 3803 universa

759 3845 1070 3908 ts-restria,
1116 3859 1240 3912 quae
1269 3843 1473 3910 scripta
1510 3849 1640 3894 sunt
1671 3840 1725 3893 iit
1772 3840 1892 3909 lege
1924 3839 2178 3902 Mosaica,
2213 3854 2335 3892 um—

762 3939 919 3992 bram
939 3937 1255 3990 habucruut
1287 3945 1344 3988 et
1374 3936 1602 4004 ﬁgurato
1629 3933 1940 3986 futurorum
1961 3931 2014 3984 in
2045 3930 2208 3984 nobis
2236 3931 2336 3984 bo-

761 4043 980 4089 uorum,
1011 4037 1073 4081 ut
1104 4027 1267 4080 docet
1308 4026 1514 4078 Paulus
1530 4025 1598 4076 “.
1627 4023 1720 4078 Sic
1744 4030 1831 4076 est
1856 4021 2003 4076 euiut
2031 4022 2336 4090 intelligen-

759 4120 914 4179 dum,
947 4117 1095 4186 quod
1127 4117 1263 4170 dicit
1292 4115 1569 4177 Christus,
1605 4114 1752 4184 quod
1777 4115 1885 4166 iota
1918 4129 2085 4164 unum
2114 4120 2163 4164 et
2201 4127 2337 4180 apex

761 4228 928 4272 unus,
986 4226 1084 4278 per
1130 4224 1254 4278 qua:
1309 4207 1652 4276 signiﬁcatur
1707 4208 1926 4276 signum
1984 4205 2335 4269 crucis,non

760 4299 1044 4369 prarteribit
1075 4315 1108 4351 a
1147 4297 1260 4368 lege
1302 4297 1464 4350 donec
1496 4297 1675 4350 omnia
1713 4295 1850 4362 ﬁant
1873 4297 1917 4326 ’⁷
1936 4336 1950 4360 ,
1982 4295 2050 4350 de
2080 4296 2198 4365 ipso
2225 4296 2333 4349 sci-

757 4391 887 4445 licet
956 4391 1164 4445 dictum
1238 4397 1326 4444 est
1386 4399 1444 4444 et
1508 4387 1580 4443 de
1639 4388 1906 4442 Ecclesia.
1968 4387 2139 4457 Cujus
2185 4386 2336 4440 enim

757 4491 906 4536 esset
953 4485 1154 4550 imago,
1207 4479 1622 4533 tabernaculum
1656 4477 1997 4540 testimonii,
2057 4488 2114 4532 et
2162 4492 2338 4547 agnus

757 4570 1052 4640 paschalis,
1083 4579 1140 4623 et
1182 4569 1426 4638 sanguis.
1462 4577 1520 4622 et
1549 4568 1822 4637 aspersio,
1869 4576 1926 4620 et
1960 4566 2250 4630 sacriﬁcia,
2281 4576 2338 4621 et

758 4661 924 4731 ignis,
947 4671 1004 4715 et
1031 4676 1378 4732 quaecunque
1406 4660 1542 4714 ﬁunt
1569 4675 1668 4729 per
1702 4659 1931 4730 legalem
1971 4659 2064 4713 Dei
2094 4660 2330 4722 cultum,

758 4752 865 4808 nisi
903 4752 1108 4808 Christi
1143 4762 1200 4808 et
1248 4751 1541 4807 Ecclesiae?
1571 4749 1730 4806 Unde
1773 4751 1939 4806 etiam
1983 4752 2080 4806 oui
2123 4751 2327 4806 divinis

833 4913 876 4943 "
905 4911 1048 4965 Psal.
1076 4927 1187 4972 1m,
1209 4910 1262 4964 9.
1342 4909 1552 4964 "Joau.
1583 4925 1621 4970 ι,
1652 4907 1705 4963 9.
1784 4907 1827 4940 ¹¹¹
1847 4909 1989 4964 Psal.
2013 4925 2163 4970 xxiii,
2195 4911 2248 4964 8.

760 4997 836 5044 ιι,
865 4980 956 5035 27.
1005 4982 1050 5012 "
1080 4982 1240 5034 Deut.
1266 4997 1336 5042 tv,
1354 4979 1445 5034 24.
1517 4979 1564 5011 “
1585 4979 1718 5033 Luc.
1743 4995 1836 5042 xu,
1872 4978 1960 5033 49.

761 5050 850 5105 52.
916 5051 961 5082 ”
984 5050 1147 5105 Num.
1176 5065 1305 5113 uti,
1330 5049 1420 5105 28.
1491 5049 1536 5080 ³⁸
1569 5050 1714 5104 Psal.
1747 5064 1928 5115 cxvut,
1959 5050 2045 5105 18.

2329 4913 2371 4943 ”
2397 4911 2533 4965 ibid.
2572 4911 2656 4965 l0.

2038 4979 2085 5011 “
2109 4980 2279 5036 Hebr.
2319 4997 2393 5047 ix,
2417 4982 2508 5038 24.

2427 667 2479 718 in
2516 664 2942 718 Conmentariis
2975 663 3300 717 llexaetneri
3351 663 3404 716 in
3439 661 3719 724 Genesim,
3745 659 3886 713 dixit
3914 676 4006 728 per

2428 757 2569 809 hanc
2603 757 2894 810 Mosaicam
2940 755 3282 824 Scripturam
3320 752 3639 807 annuntiari
3682 751 4004 821 mysterium

2424 851 2637 906 Christi
2664 857 2720 902 et
2756 849 3036 903 Ecelesim.
3076 849 3118 901 Δ
3146 863 3257 916 quo
3286 846 3585 906 deductus,
3631 853 3688 897 ct
3718 860 3746 896 a
3776 858 3890 912 quo
3919 857 4003 895 ac-

2427 955 2584 1014 cepta
2617 943 2908 996 occasione
2928 939 3275 1002 Ammonius,
3291 937 3713 1009 probatissintus
3737 937 4007 1004 interpres

2429 1035 2691 1090 Ecclesiae
2739 1033 3143 1094 Alexandrinre,
3197 1032 3252 1084 ιιι
3296 1045 3466 1099 opere
3508 1029 3655 1099 quod
3696 1027 4009 1096 composuit

2429 1138 2783 1197 paternarum
2829 1126 3230 1179 sententiarum
3263 1121 3610 1185 llexacmeri,
3667 1119 3804 1172 dixit
3836 1117 4004 1187 pluri-

2429 1236 2550 1275 tnos
2571 1220 2681 1273 vim
2712 1219 2965 1273 attulisse
2992 1216 3178 1272 sensui
3205 1215 3502 1284 Scriptura:
3523 1229 3553 1266 a
3583 1212 4008 1280 Deoinspiralae.

2429 1314 2521 1383 qui
2568 1313 2980 1368 contenderunt
3027 1325 3150 1364 eam
3181 1324 3290 1362 non
3335 1321 3461 1362 esse
3502 1306 3700 1360 factam
3738 1320 3768 1357 a
3802 1304 3919 1357 Deo
3958 1303 4007 1353 in

2431 1404 2660 1471 ligarant
2689 1402 2970 1461 Ecclesize.
3000 1399 3096 1453 sed
3128 1398 3230 1451 soli
3258 1398 3461 1451 littera:
3493 1395 3828 1449 servierunt.
3862 1392 4009 1444 llanc

2429 1497 2575 1550 enim
2590 1510 2712 1548 esse
2737 1509 2960 1547 causam
2986 1491 3380 1546 nonnullorum
3400 1488 3787 1556 Expositorum
3807 1483 3878 1536 ab
3894 1483 4012 1536 aliis

2430 1587 2834 1648 dissensionis,
2872 1585 3012 1640 dixit
3036 1585 3182 1638 idem
3217 1581 3562 1637 Ammonius.
3590 1579 3645 1631 Si
3677 1579 3826 1632 enim
3864 1575 4009 1644 quod

2430 1678 2615 1730 omnis
2642 1685 2902 1730 creatura
2931 1675 3072 1728 facta
3110 1682 3198 1727 est
3234 1680 3464 1742 propter
3505 1670 3790 1723 hominem
3837 1667 4010 1721 Adam

2429 1773 2487 1816 et
2510 1765 2701 1827 Evam,
2723 1763 2930 1817 Paulus
2955 1762 3022 1816 ad
3055 1762 3357 1817 Ecclesiam
3402 1759 3590 1820 refert,
3634 1758 3831 1811 dicens
3862 1775 3873 1809 ε
3913 1754 4012 1809 So-

2430 1863 2760 1906 cramentnm
2789 1857 2884 1906 hoc
2924 1868 3174 1921 magnum
3197 1859 3294 1912 est,
3322 1865 3416 1918 ego
3450 1858 3627 1902 autem
3653 1849 3768 1901 dico
3788 1850 3846 1899 in
3862 1845 4014 1900 Chri-

2431 1952 2512 1994 sto
2548 1952 2595 1995 et
2652 1942 2887 1996 Ecclesia
2905 1942 2974 2004 ’⁸,
3006 1943 3127 1996 sine
3175 1940 3349 1995 dubio
3404 1940 3588 1994 omnis
3619 1955 3744 2007 qua:
3789 1946 4016 2008 propter

2432 2034 2713 2088 hominem
2747 2044 2804 2088 ct
2835 2043 3062 2102 propter
3093 2035 3216 2102 ejus
3253 2033 3546 2103 conjugem
3577 2031 3718 2086 facta
3748 2039 3838 2085 est
3864 2044 4017 2082 crea-

2431 2135 2576 2185 tura,
2632 2124 2873 2177 refertur
2910 2123 2978 2176 ad
3024 2122 3308 2176 Christum
3354 2130 3412 2174 et
3461 2119 3787 2174 Ecclesiam.
3842 2116 4016 2183 Atque

2431 2212 2578 2281 quod
2614 2212 2719 2265 hoc
2746 2211 2973 2281 quidem
3009 2219 3396 2280 argumentum
3431 2219 3649 2263 nostras
3674 2209 3823 2260 vires
3856 2220 4019 2273 supe-

2436 2312 2538 2363 ret,
2592 2317 2772 2368 neque
2826 2318 2928 2356 nos
2985 2316 3274 2370 negamus,
3311 2315 3493 2368 neque
3536 2299 3682 2352 ullus
3727 2297 3824 2365 qui
3852 2295 4016 2364 sapit.

2433 2390 2538 2444 Sed
2573 2392 2836 2460 quoniam
2869 2389 2998 2443 hinc
3031 2406 3228 2458 magna
3253 2399 3338 2444 est
3367 2390 3424 2442 itt
3465 2386 3711 2442 Ecclesia
3737 2384 4014 2454 gloriatio,

2431 2492 2488 2535 et
2519 2483 2714 2550 quavis
2749 2482 3036 2550 Scriptura
3079 2482 3289 2552 majora
3334 2481 3466 2534 hittc
3501 2479 3704 2546 accipit
3733 2492 3886 2530 artua
3927 2474 4018 2527 ad—

2433 2589 2627 2628 versus
2660 2573 2882 2642 pietatis
2930 2574 3187 2627 inimicos
3222 2573 3318 2641 qui
3346 2587 3470 2626 eam
3501 2569 4015 2626 circumdederunt,

2431 2678 2495 2715 ea
2527 2663 2595 2716 de
2634 2678 2800 2716 causa
2847 2663 3104 2715 invocato
3131 2661 3356 2715 Christo
3399 2661 3594 2714 datore
3650 2657 3880 2713 luminis
3922 2671 4018 2724 per

2433 2770 2589 2807 suam
2609 2756 2898 2824 conjugem
2927 2754 3254 2817 Ecclesiam,
3287 2754 3382 2823 qui
3409 2754 3731 2807 Balaamica:
3760 2751 4016 2810 asinae”,

2434 2848 2746 2915 postulante
2781 2857 3054 2915 tempore,
3085 2862 3149 2900 os
3176 2847 3423 2916 aperuit.
3447 2856 3506 2902 et
3527 2847 3623 2915 qui
3659 2845 3848 2898 multis
3873 2843 4015 2896 indi-

2431 2939 2576 3007 gnis,
2600 2938 2861 2991 nedieam
2888 2938 3173 3002 omnibus,
3200 2939 3460 3007 praeclara
3480 2952 3580 2990 sua
3597 2937 3740 2989 dona
3762 2935 4016 3004 largitur,

2433 3043 2601 3082 ausus
2633 3044 2757 3082 sunt
2807 3029 3140 3082 immensum
3183 3028 3289 3082 hoc
3335 3026 3550 3097 ingredi
3595 3026 3845 3095 pelagus,
3897 3033 4020 3093 post

2432 3119 2717 3175 Christum
2759 3129 2922 3173 utens
2971 3119 3326 3189 adjutoribns
3372 3121 3586 3172 sanctis
3617 3118 3711 3186 qui
3747 3125 3878 3170 ante
3918 3131 4021 3169 nos

2435 3220 2813 3278 exposuerunt
2868 3211 3149 3264 Patribus.
3182 3211 3318 3264 Nam
3343 3209 3450 3263 etsi
3495 3208 3790 3262 Mosaieam
3834 3205 4021 3274 posui-

2436 3317 2559 3356 mus
2600 3311 2728 3356 ante
2764 3301 3106 3371 Scripturam
3139 3300 3519 3370 evangelicam
3543 3337 3559 3362 ,
3604 3298 3674 3351 ad
3718 3297 4020 3366 expositio-

2435 3410 2584 3456 nem,
2621 3409 2732 3447 nou
2766 3401 2947 3446 tamen
2992 3392 3220 3461 ﬁguram
3249 3390 3496 3453 veritati,
3543 3403 3726 3458 neque
3763 3389 4020 3442 umbram

2436 3485 2626 3546 rebus,
2663 3500 2843 3553 neque
2865 3485 3208 3552 praeteritum
3245 3480 3649 3551 prmpos‘uimus
3672 3481 3932 3548 praesenti
3953 3480 4020 3532 ad

2435 3575 2768 3639 doctrinam,
2831 3575 2928 3629 scd
2962 3585 3022 3628 ut
3072 3585 3263 3643 aperte
3303 3573 3665 3627 ostendamus
3709 3571 3860 3640 quod
3907 3571 4022 3624 haec

2437 3668 2621 3736 prisca
2643 3677 2699 3720 et
2729 3667 3048 3735 antiquiora
3080 3665 3438 3734 prmﬁgurant
3481 3671 3673 3717 nostra
3702 3662 3937 3732 mystica
3968 3670 4025 3714 et

2438 3772 2633 3810 recens
2661 3765 2876 3818 exorta,
2904 3763 2960 3809 et
3002 3755 3336 3808 adumbrant
3366 3752 3660 3808 veritatem
3691 3751 3874 3805 donec
3904 3751 4022 3820 ipsa

2436 3847 2607 3910 venit,
2634 3855 2693 3900 et
2732 3853 2907 3898 totum
2943 3860 3146 3913 corpus
3187 3851 3392 3898 sanctae
3436 3841 3740 3910 Scriptum
3781 3839 4025 3894 reddidit

2436 3954 2638 4006 expers
2669 3939 2899 3992 umbras.
2934 3935 3090 4002 Quod
3143 3936 3189 3989 si
3242 3935 3411 3989 etiam
3457 3932 3668 4002 aliquid
3713 3947 3923 3985 novum
3968 3937 4025 3984 et

2437 4029 2623 4082 minus
2651 4038 2979 4083 consuetum
3017 4038 3204 4081 nostra
3238 4026 3388 4080 dicat
3429 4025 3634 4087 oratio,
3668 4039 3932 4092 rogamus
3966 4033 4024 4078 et

2437 4120 2800 4174 obsecramus
2859 4128 2966 4172 tant
3014 4125 3315 4186 preesetttes
3372 4131 3536 4185 quam
3591 4115 3809 4168 futuros
3880 4113 4025 4168 ﬁlios

2436 4221 2641 4266 sanctae
2675 4211 2956 4272 Ecclesiae,
2996 4225 3064 4263 ne
3093 4209 3318 4262 inimico
3337 4217 3396 4262 et
3441 4206 3630 4261 invido
3659 4205 4020 4275 maligneque

2437 4303 2658 4366 animo,
2704 4302 2799 4355 sed
2848 4301 3093 4354 fraterno
3129 4301 3358 4354 audiant
3402 4315 3524 4368 quae
3553 4297 3838 4352 dicuntur.
3865 4298 4022 4351 Nun-

2437 4408 2601 4460 quam
2623 4392 2771 4445 euim
2807 4391 3095 4454 aberrans,
3123 4401 3179 4446 et
3213 4391 3457 4462 perfecta
3507 4407 3695 4445 rerum
3737 4391 4020 4462 cognitio,

2438 4490 2525 4535 est
2569 4481 2743 4535 solius
2775 4482 2897 4544 Dei,
2926 4481 3199 4551 siquidem
3231 4483 3398 4536 etiam
3434 4481 3736 4552 spiritualis
3763 4499 3830 4536 ex
3868 4491 4026 4552 parte

2371 4606 2415 4660 υ
2436 4574 2721 4640 cognoscit,
2752 4581 2801 4625 et
2829 4589 2893 4626 ea:
2927 4584 3080 4643 parte
3107 4574 3359 4644 loquitur,
3385 4583 3443 4628 et
3472 4574 3566 4643 qui
3604 4584 3690 4628 est
3712 4574 4021 4628 secundum

2437 4679 2535 4717 cor
2595 4664 2727 4725 Dei,
2786 4664 2957 4718 David
3016 4667 3306 4734 precatur’,
3361 4665 3594 4720 dicens:
3633 4666 3797 4735 Aperi
3844 4665 4023 4719 oculos

2438 4769 2598 4818 meos,
2635 4763 2691 4806 ut
2721 4753 3018 4824 intelligam
3046 4755 3313 4809 mirabilia
3348 4754 3477 4825 legis
3499 4765 3604 4808 tute
3624 4755 3690 4809 ’°.

2733 4913 2780 4943 ’°
2803 4912 3058 4977 Psal.xu,
3077 4913 3131 4966 6.

2585 4981 2633 5014 "
2655 4981 2826 5039 llcbr.
2853 4998 2887 5036 ι
2906 5023 2922 5048 ,
2951 4982 3005 5048 l,

3208 4913 3251 4944 "
3274 4913 3545 4972 Dan.xtu.
3576 4912 3664 4967 ιίΞ.
3742 4913 3787 4942 ¹¹
3825 4912 4018 4966 Matth.

3082 4984 3126 5016 ³⁷
3154 4981 3349 5037 Matth.
3379 4999 3432 5048 v,
3479 4984 3563 5038 18.
3635 4981 3683 5014 ³⁸
3712 4981 3923 5053 Ephcs.
3964 4999 4021 5046 ν,
