4200 6440
192 373 295 435 857

1299 376 1379 435 ΙΝ
1419 375 1968 436 I-IEXAEMERON.
2009 399 2076 412 -
2119 377 2266 437 LIB.
2306 379 2354 439 Ι.

195 573 3439 600 ._____.__.___________—__________________

1379 727 1730 814 LIBER
1810 729 2299 820 PRIMUS.

1359 939 1442 983 οε
1485 935 1682 980 PRIMO
1727 935 1832 976 DIE
1879 936 2284 982 CBEATIONIS.

183 1223 246 1277 In
282 1225 548 1292 principio
581 1225 698 1290 fecit
722 1223 858 1277 Deus
881 1224 1064 1276 emtum
1084 1233 1132 1276 et
1165 1232 1386 1275 terram.
1417 1220 1579 1295 Terra
1598 1229 1773 1272 autent
1808 1227 1845 1277 A
1877 1237 1985 1275 non
2019 1237 2141 1276 esse
2171 1231 2377 1288 ortum,
2430 1232 2487 1278 et
2527 1238 2932 1295 consequenter
2980 1229 3239 1284 dixerunt
3285 1231 3448 1285 simul

253 1306 372 1347 erat
405 1296 682 1348 invisibilis
722 1305 770 1346 et
821 1295 1166 1361 incomposita
1195 1333 1209 1353 ,
1247 1300 1296 1343 et
1351 1293 1576 1344 tenebris
1613 1307 1773 1355 super

253 1366 530 1434 abyssum,
555 1375 603 1418 et
631 1363 860 1434 Spiritus
895 1363 989 1417 Dei
1016 1364 1280 1433 ferebatur
1305 1378 1463 1431 super
1492 1361 1768 1430 aquam".

248 1503 399 1565 Quot
434 1510 490 1554 et
519 1501 712 1568 quales
741 1499 949 1553 fuerint
975 1499 1266 1552 sententia:
1283 1513 1475 1551 eorum
1501 1497 1595 1565 qni
1628 1497 1766 1549 mul-

184 1591 254 1642 tis
300 1599 433 1642 ante
464 1590 680 1643 saxulis
710 1605 774 1642 ea
799 1604 920 1656 qua:
940 1601 1069 1642 sunt
1095 1587 1186 1640 hic
1215 1587 1460 1657 subjecta
1492 1601 1765 1653 exposue-

183 1692 336 1738 runt.
380 1697 562 1750 neque
615 1681 778 1734 nobis
803 1681 962 1735 facile
1011 1689 1097 1734 est
1132 1680 1345 1741 dicere,
1390 1694 1493 1732 nec
1529 1678 1767 1731 auditori

179 1776 505 1843 expeditum
541 1775 756 1829 audire.
792 1776 928 1830 Nam
958 1775 1027 1828 de
1059 1775 1156 1828 illo
1187 1793 1199 1828 :
1234 1774 1297 1828 In
1331 1774 1591 1842 principio
1627 1773 1766 1841 fecit,

181 1867 517 1920 dubitarunt
568 1869 818 1920 nonnulli
861 1877 1045 1921 utrum
1092 1867 1270 1936 ipsum
1302 1865 1634 1935 principium
1671 1865 1770 1916 ha-

182 1958 313 2011 beat
359 1957 587 2026 aliquod
623 1959 913 2026 antiquius
957 1958 1295 2027 principium
1329 1973 1393 2009 ex
1423 1972 1535 2026 quo
1565 1956 1770 2024 depen-

181 2049 348 2114 deat;
381 2065 453 2103 an
485 2051 558 2104 sit
604 2051 724 2105 sine
755 2053 1047 2120 principio.
1102 2051 1168 2105 Et
1210 2051 1255 2104 si
1297 2050 1465 2103 habet
1505 2049 1767 2118 quidem,

181 2158 291 2195 non
329 2150 518 2210 potest
534 2143 716 2196 vocari
745 2143 1214 2211 principium.Sin
1243 2152 1427 2195 autem
1449 2157 1559 2193 non
1581 2139 1765 2202 habet,

182 2235 462 2303 principio
492 2235 709 2288 scilicet
734 2244 889 2288 earet
918 2243 974 2288 et
1003 2244 1272 2302 tempore.
1306 2233 1592 2297 Quodnam
1619 2232 1768 2286 enim

180 2329 288 2396 jam
334 2336 521 2395 potest
546 2342 669 2380 esse
694 2335 911 2394 tempus
943 2334 998 2378 et
1033 2324 1369 2394 principium
1420 2324 1469 2376 ei
1501 2323 1657 2391 quod
1681 2339 1770 2375 ca-

184 2427 263 2471 rel
302 2417 623 2487 principio?
655 2419 788 2471 Nam
837 2418 1175 2486 principium
1205 2431 1314 2468 non
1359 2415 1526 2468 habet
1559 2413 1766 2482 aliquid

183 2526 243 2562 se
267 2510 453 2578 prius,
488 2518 549 2561 ut
585 2508 646 2562 lit
678 2509 731 2561 in
769 2511 1000 2562 materia
1029 2516 1085 2559 et
1115 2507 1324 2569 forma;
1363 2505 1592 2558 materia
1617 2504 1765 2562 enim

183 2606 264 2652 est
317 2598 476 2666 prior
509 2597 701 2650 forma.
759 2597 1028 2650 Similiter
1067 2605 1124 2649 et
1153 2595 1484 2649 elementum
1532 2609 1656 2647 cum
1696 2593 1767 2648 sit

184 2689 556 2757 compositum
595 2698 652 2742 et
681 2697 897 2741 constet
923 2703 989 2741 ex
1027 2688 1257 2740 materia
1279 2697 1336 2740 et
1365 2685 1561 2745 forma,
1601 2684 1767 2737 habet

186 2780 523 2849 principium
549 2820 562 2838 ,
611 2779 896 2831 materiam
930 2787 986 2832 et
1031 2778 1284 2831 formam.
1313 2777 1409 2830 Est
1439 2785 1647 2838 autem,
1686 2775 1768 2829 in-

182 2873 406 2942 quiunt,
431 2873 660 2926 materia
684 2873 930 2926 omnium
952 2872 1452 2941 principium,cum
1473 2871 1545 2925 sit
1574 2886 1657 2923 res
1687 2869 1770 2922 in-

182 2981 479 3033 corporea,
515 2979 714 3033 expers
742 2963 1046 3032 qualitatis,
1073 2971 1130 3015 et
1166 2977 1288 3030 quae
1319 2962 1434 3015 sola
1459 2961 1768 3028 explicatur

181 3055 423 3115 ratione,
467 3069 580 3106 non
629 3052 778 3106 cadit
810 3060 994 3106 autem
1032 3051 1137 3106 sub
1174 3066 1418 3104 sensum.
1465 3051 1584 3119 Ipsa
1611 3065 1764 3119 ergo,

183 3147 403 3213 inquit,
437 3161 467 3198 a
517 3143 688 3213 figura
737 3144 918 3212 qualis
963 3143 1229 3212 impressa
1256 3182 1271 3203 .
1311 3157 1432 3210 qua:
1465 3141 1640 3194 forma
1684 3151 1768 3195 est

181 3245 540 3304 Corporatur.
572 3235 638 3288 Et
671 3235 915 3304 primum
946 3233 1173 3302 quidem
1205 3232 1262 3285 fit
1293 3233 1647 3290 elementum,
1674 3239 1768 3283 aut

180 3330 377 3390 :ether,
406 3335 504 3381 aut
551 3327 711 3396 ignis,
745 3335 844 3379 aut
868 3341 982 3388 aer,
1024 3333 1119 3378 aut
1150 3334 1317 3378 terra.
1356 3323 1583 3384 Deinde,
1619 3337 1770 3375 com-

183 3419 360 3488 plexis
383 3418 471 3471 his
487 3417 796 3480 elementis,
834 3415 895 3471 fit
926 3416 1294 3484 compositum
1341 3423 1436 3468 aut
1465 3415 1766 3468 animatum

183 3521 277 3566 aut
310 3509 698 3563 inanimatum.
730 3509 798 3562 Et
848 3510 1076 3562 materia
1109 3507 1334 3577 quidem
1363 3514 1419 3560 et
1447 3506 1644 3570 forma,
1680 3507 1767 3559 in-

184 3602 411 3670 quiunt,
465 3599 533 3653 ad
580 3597 837 3668 principii
868 3599 1100 3652 formam
1131 3598 1302 3666 magis
1347 3597 1556 3651 accedit
1603 3612 1765 3665 quam

184 3692 487 3745 elementa.
516 3689 802 3743 Elementa
824 3698 1007 3742 autem
1024 3689 1092 3742 ad
1117 3687 1376 3757 principii
1401 3687 1630 3740 formam
1655 3702 1770 3740 ma-

185 3783 264 3851 gis
283 3780 566 3835 accedunt
589 3795 752 3849 quam
769 3779 874 3833 alia
895 3793 1148 3847 corpora.
1176 3778 1286 3833 Nos
1301 3787 1483 3831 autem
1502 3778 1763 3831 dicimus:

1875 1328 1993 1367 esse
2026 1316 2366 1368 universum.
2429 1314 2569 1369 Sunt
2614 1325 2797 1370 autem
2841 1321 3008 1374 etiam
3042 1321 3136 1390 qui
3191 1321 3451 1375 dixerunt

1875 1403 2054 1471 ipsum
2085 1419 2206 1458 esse
2240 1413 2386 1457 sorte
2407 1413 2463 1458 et
2492 1421 2644 1466 casu,
2669 1415 2725 1459 et
2751 1419 2810 1459 ut
2830 1408 3051 1467 accidit,
3090 1419 3301 1478 partem
3331 1412 3451 1478 ejus

1872 1495 2104 1561 primam
2125 1504 2302 1548 ortam
2341 1511 2482 1550 esse.
2514 1497 2620 1550 Alii
2651 1507 2834 1552 autem
2861 1499 2914 1552 in
2937 1511 3178 1568 quatuor
3209 1502 3452 1554 elemen-

1875 1595 1948 1648 ta,
1985 1596 2042 1640 et
2069 1587 2324 1656 quintum
2371 1603 2574 1657 corpus
2599 1591 2900 1644 aethereum
2934 1591 3254 1644 universum
3291 1609 3452 1644 mim-

1870 1678 2002 1731 dum
2029 1677 2370 1740 dividentes,
2421 1688 2479 1733 et
2514 1689 2754 1748 quatuor
2802 1683 3076 1736 elementa
3111 1683 3191 1735 'ab
3244 1683 3450 1736 mthere

1871 1770 2247 1825 administrari
2274 1769 2655 1826 existimantes
2702 1771 2948 1836 (aetheris
2981 1783 3166 1826 autem
3201 1789 3289 1827 res
3324 1774 3450 1843 pul-

1871 1861 2145 1916 cherrima
2181 1870 2266 1916 est
2292 1864 2540 1932 cmlum).
2577 1863 2631 1917 id
2666 1864 2907 1932 primum
2954 1873 3140 1918 ortum
3189 1881 3312 1919 esse
3365 1866 3453 1919 di-

1870 1959 2022 2004 cunt.
2051 1950 2162 2004 Nos
2202 1961 2384 2006 autem
2423 1953 2594 2006 divini
2632 1953 2797 2007 Mosis
2823 1953 2971 2023 leges
3008 1963 3064 2008 et
3113 1953 3335 2007 decreta
3363 1970 3450 2007 se-

1869 2053 2123 2110 quentes,
2145 2046 2198 2097 in
2216 2047 2473 2114 principio
2489 2043 2675 2098 caelum
2694 2054 2742 2097 et
2759 2054 2961 2098 terram
2979 2045 3141 2098 simul
3167 2045 3306 2098 facta
3331 2060 3452 2098 esse

1869 2135 2125 2190 dicimus.
2157 2137 2224 2190 Et
2261 2137 2452 2205 siquis
2471 2136 2804 2191 vultvidere
2831 2136 3160 2206 principium
3203 2138 3450 2190 omnimn

1870 2227 2276 2288 mandatorum,
2321 2227 2436 2280 haec
2480 2227 2782 2281 existimet.
2827 2226 2933 2280 Sed
2967 2239 3024 2282 ct
3053 2228 3299 2281 omnium
3330 2245 3452 2296 qua:

1870 2317 2253 2386 percipiuntur
2316 2317 2725 2386 intelligentia.
2761 2318 3098 2386 principium
3131 2327 3217 2371 est
3267 2319 3451 2371 omnia

1871 2409 2140 2478 principia
2173 2424 2442 2478 superans
2481 2410 2644 2472 Deus,
2693 2410 2788 2479 qui
2829 2409 2963 2463 fecit
3000 2410 3206 2472 omnia,
3239 2418 3295 2462 et
3341 2426 3450 2464 non

1869 2515 1935 2553 ex
1956 2514 2019 2552 ea
2043 2515 2166 2568 qua:
2212 2499 2368 2568 pritts
2399 2499 2502 2552 fuit
2543 2500 2796 2558 materia.
2827 2501 2924 2553 sed
2956 2515 3022 2553 ex
3053 2500 3229 2553 nihilo
3253 2500 3454 2568 produ-

1874 2591 1953 2643 xit
1973 2601 2024 2644 et
2051 2606 2115 2644 ea
2137 2607 2259 2659 qua:
2279 2591 2483 2646 cadunt
2514 2592 2616 2645 sub
2644 2592 3056 2662 intelligentiam
3086 2603 3140 2646 et
3161 2594 3451 2648 elementa.

1875 2681 2106 2735 Divinos
2138 2691 2320 2735 autem
2351 2692 2408 2735 et
2459 2683 2714 2737 sublimis
2762 2684 3020 2747 Basilius,
3067 2685 3290 2738 solvens
3332 2701 3454 2754 qua:

1875 2773 1945 2825 de
1991 2774 2259 2842 principio
2303 2773 2540 2827 infertur
2595 2775 3008 2844 objectionem,
3059 2775 3203 2829 dixit
3261 2775 3452 2830 sensili

1876 2866 2085 2919 mundo
2133 2881 2256 2920 esse
2309 2867 2669 2920 vetustiorem
2707 2867 3136 2937 intelligentiam
3184 2870 3454 2921 virtutum

1876 2954 2350 3008 constitutionem.
2407 2955 2623 3009 Rursus
2647 2965 2831 3010 autem
2860 2956 2926 3010 ad
2961 2956 3014 3010 id
3038 2957 3184 3025 quod
3226 2957 3456 3026 subjun—

1876 3045 2022 3116 gitur
2046 3065 2058 3099 :
2088 3045 2225 3099 Fecit
2252 3047 2386 3099 Deus
2415 3047 2603 3100 calum
2633 3056 2681 3100 et
2708 3056 2929 3112 terram,
2961 3048 3287 3102 dubitarunt
3316 3063 3458 3102 non-

1876 3137 2035 3202 nulli,
2069 3139 2161 3207 qui
2201 3147 2331 3193 sunt
2353 3139 2585 3193 diversa:
2615 3155 2645 3194 a
2676 3141 2838 3194 nobis
2878 3143 3314 3196 sententiaazcur
3343 3156 3453 3195 non

1875 3231 2160 3298 conjunxit
2199 3232 2436 3301 scriptor
2477 3248 2748 3302 aquarum
2804 3243 2859 3288 et
2898 3235 3250 3288 tenebrarum
3303 3250 3458 3288 crea-

1879 3322 2105 3374 tionem.
2135 3323 2404 3377 Praaterea
2425 3324 2493 3377 de
2538 3325 2750 3393 Spiritu
2773 3341 2993 3394 quoque
3019 3327 3112 3394 qui
3139 3327 3455 3394 superfcre-

1878 3414 2061 3478 batur,
2097 3430 2221 3468 cum
2253 3431 2410 3485 aqua:
2447 3417 2674 3486 quidem
2713 3418 3010 3472 vidcantur
3041 3434 3162 3474 esse
3187 3427 3312 3474 ante
3346 3435 3459 3473 cce-

1877 3509 1988 3563 lum
2035 3519 2091 3564 et
2126 3520 2363 3570 terram.
2411 3521 2598 3566 essent
2644 3523 2831 3565 autem
2893 3511 3134 3564 tenebrae
3175 3511 3229 3565 in
3273 3510 3456 3582 abyssi

1877 3602 2192 3671 superficie.
2225 3604 2459 3658 maxime
2487 3619 2611 3656 cum
2663 3611 2849 3657 essent
2897 3603 3061 3657 etiam
3097 3602 3338 3656 tenebra:
3366 3603 3458 3657 hic

1878 3693 2036 3762 aquis
2056 3692 2490 3762 circumscripta:
2511 3732 2526 3754 ,
2571 3693 2738 3764 860
2760 3693 3035 3763 quomodo
3061 3693 3263 3747 dicitur
3293 3709 3446 3762 supei

1877 3796 1972 3834 cas
1995 3781 2124 3835 ferri
2174 3781 2412 3851 Spiritus
2451 3791 2672 3835 sanctus
2707 3783 3044 3845 illuminans,
3074 3791 3130 3837 et
3179 3783 3459 3851 quomodo

186 3869 527 3941 principium
587 3870 770 3922 omnia
825 3868 1099 3938 principia
1159 3883 1428 3938 superans
1450 3909 1466 3933 ,
1525 3870 1768 3937 primum
1801 3891 1844 3946 ε
1882 3872 2044 3925 simul
2068 3881 2191 3927 erat
2216 3890 2340 3928 cum
2368 3874 2611 3928 tenebris
2633 3874 2727 3926 Dei
2754 3873 2995 3943 Spiritus
3015 3873 3108 3944 qui
3143 3883 3228 3928 est
3266 3884 3460 3928 auctor

187 3962 419 4031 quidem
470 3968 556 4016 est
582 3962 760 4028 Deus;
791 3970 917 4032 post
965 3963 1135 4017 Deum
1179 3974 1388 4025 autem,
1438 3961 1772 4016 naturalium

186 4068 491 4123 corporum
524 4053 791 4122 principia
814 4054 1260 4109 suntelementa.
1285 4053 1390 4107 Sed
1421 4061 1774 4108 externorum

189 4141 653 4212 philosophorum
679 4141 903 4210 quidam
937 4151 1069 4195 sunt
1100 4142 1286 4203 divisi,
1319 4151 1374 4195 et
1405 4141 1532 4195 aliis
1550 4139 1773 4208 Quidem

189 4229 373 4282 visum
398 4237 486 4282 est
526 4229 708 4298 ignem
739 4243 862 4282 esse
896 4229 1252 4297 principium,
1278 4237 1505 4297 propter
1533 4228 1643 4281 vim
1675 4243 1775 4297 per

191 4330 324 4376 seet
349 4318 515 4372 facile
543 4317 804 4371 mobilem
840 4327 896 4371 et
935 4317 1084 4386 quod
1112 4327 1403 4372 consumat
1438 4318 1620 4371 onmia
1654 4331 1775 4386 qua:

191 4411 651 4483 apprehenderit.
677 4410 817 4464 Aliis
839 4418 1022 4464 autem
1061 4425 1268 4469 aerem.
1300 4419 1588 4479 propterea
1626 4409 1775 4478 quod

191 4507 318 4560 vitae
347 4520 515 4559 causa
555 4505 628 4559 sit
654 4519 722 4558 ex
761 4503 1145 4572 respiratione.
1175 4503 1314 4557 Aliis
1333 4511 1516 4557 autem
1551 4518 1770 4571 aquam,

195 4605 426 4665 propter
468 4595 763 4665 genitalem
819 4603 1094 4649 naturam.
1147 4595 1443 4664 Aliquibus
1473 4607 1658 4650 autem
1708 4610 1778 4648 ex

196 4689 283 4752 iis,
313 4697 542 4748 terram,
573 4695 866 4757 propterea
897 4687 1043 4756 quod
1075 4687 1312 4756 plurima
1347 4688 1646 4741 animantia
1692 4687 1777 4756 gi-

196 4789 436 4848 gnantur
460 4793 528 4831 ex
560 4787 724 4840 terra,
751 4788 806 4832 et
832 4779 886 4831 in
908 4793 1029 4832 eam
1055 4779 1422 4832 resolvantur.

267 4871 428 4924 Plato
463 4877 645 4922 autem
689 4870 860 4923 Deum
903 4879 959 4924 et
993 4874 1277 4924 materiam
1311 4869 1450 4923 dixit
1481 4884 1604 4924 esse
1629 4869 1780 4938 prin-

199 4960 343 5029 cipia
381 4958 578 5012 :tllum
633 4959 882 5028 quidem,
922 4968 984 5013 ut
1039 4959 1213 5014 Deum
1240 4968 1295 5014 et
1337 4959 1589 5024 Patrem;
1639 4959 1779 5013 hanc

199 5060 410 5111 autem,
447 5058 508 5101 ut
531 5065 652 5118 quae
681 5048 946 5118 suscipiat
964 5050 1246 5118 opilieimn
1279 5058 1336 5104 et
1364 5049 1619 5114 formam,
1641 5051 1779 5103 dixit

202 5151 260 5195 ut
287 5149 547 5203 matrem,
583 5140 868 5196 declinans
898 5156 929 5195 a
959 5141 1287 5203 veritate,et
1313 5150 1487 5195 totum
1528 5142 1640 5197 Deo
1672 5143 1777 5196 mi-

1878 3964 2048 4018 dandi
2081 3965 2350 4018 luminis?
2385 3965 2466 4018 Ad
2499 3965 2641 4017 hanc
2674 3979 2806 4033 ergo
2829 3965 3197 4033 objectionem
3235 3980 3463 4033 respon-

1876 4053 2082 4108 derunt
2131 4055 2356 4123 quidam
2402 4054 2745 4122 expositores
2811 4055 2983 4124 quod,
3039 4071 3165 4109 cum
3232 4054 3462 4108 dixisset

1877 4147 2117 4216 scriptor
2145 4148 2270 4201 εαξιί
2295 4155 2351 4200 et
2385 4156 2544 4200 terra!
2574 4147 2937 4208 creationem,
2987 4163 3086 4216 per
3114 4155 3356 4200 extrema
3387 4145 3462 4198 si-

1879 4237 1991 4291 mul
2015 4235 2436 4305 comprehendit
2463 4243 2691 4289 cunctas
2724 4251 2846 4304 quae
2871 4235 3288 4290 intercedebant
3309 4250 3460 4287 erea-

1881 4335 2055 4380 turas.
2081 4327 2186 4381 Sed
2222 4336 2277 4380 et
2310 4325 2439 4380 hinc
2463 4326 2567 4380 alia
2587 4341 2808 4396 quoque
2837 4325 3106 4394 processit
3135 4325 3410 4378 dubitatio
3440 4340 3454 4376 :

1876 4417 2168 4483 Quomodo
2193 4418 2362 4480 enim,
2394 4417 2594 4486 inquit,
2617 4427 2742 4484 post
2762 4417 2960 4471 coalum
2984 4424 3038 4469 et
3067 4424 3273 4469 terram
3306 4415 3464 4468 vide—

1881 4519 1971 4564 tur
2001 4511 2146 4564 Deus
2177 4509 2371 4563 fecisse
2396 4508 2617 4562 lucem?
2647 4508 2934 4576 Quomodo
2966 4517 3148 4561 autem
3181 4523 3249 4560 nc
3276 4507 3456 4560 nomi-

1881 4608 1972 4653 nat
2007 4597 2227 4666 quidem
2252 4597 2480 4650 omnino
2503 4596 2645 4665 ignis
2680 4595 3068 4650 creationem?
3101 4594 3221 4661 Quo
3258 4595 3461 4649 inloco

1879 4705 2006 4744 cum
2039 4689 2270 4742 dixisset
2297 4688 2740 4756 sapientissimus
2773 4687 3073 4758 Gregorius
3093 4728 3107 4749 ,
3135 4688 3310 4742 lucem
3338 4702 3461 4742 esse

1879 4791 2129 4835 naturam
2178 4779 2339 4848 ignis,
2363 4780 2502 4832 alius
2531 4789 2725 4833 contra
2763 4778 3039 4832 dubitavit
3067 4794 3080 4831 :
3111 4779 3175 4832 Et
3199 4794 3361 4846 quam
3389 4777 3462 4830 ob

1879 4887 2098 4927 causam
2129 4882 2238 4924 non
2269 4870 2566 4939 appellavit
2611 4871 2790 4939 ignem
2824 4870 2942 4938 ipsa
2992 4867 3321 4937 Scriptura?
3357 4867 3460 4933 Qui

1884 4963 1941 5016 fit
1973 4972 2156 5017 autem
2203 4963 2352 5030 quod
2398 4977 2576 5030 neque
2601 4962 2734 5025 urit,
2775 4976 2955 5030 neque
2997 4961 3268 5022 calefacit,
3304 4960 3348 5013 si
3391 4961 3465 5014 sit

1883 5055 2023 5124 ignis
2066 5055 2304 5108 natura?
2328 5053 2383 5107 Si
2414 5054 2560 5106 enim
2604 5068 2703 5122 per
2730 5051 2867 5106 duas
2896 5067 3060 5106 voces
3079 5093 3093 5115 ,
3128 5052 3354 5112 cmlum,
3377 5053 3463 5106 in-

1881 5160 2064 5213 quam,
2097 5154 2152 5197 et
2181 5152 2400 5205 terram,
2429 5143 2848 5211 comprehendit
2886 5151 3125 5211 quatuor
3165 5143 3461 5206 elementa,

201 5231 351 5284 nime
382 5228 659 5283 tribuens.
690 5228 796 5283 Alii
828 5245 1041 5294 rursus,
1088 5229 1264 5296 logice
1315 5229 1489 5299 magis
1531 5230 1782 5285 conside-
1817 5215 1859 5269 ί)
1885 5233 2198 5286 invenietur
2232 5233 2320 5284 lux
2341 5231 2595 5298 quintum
2630 5231 2985 5284 elementum.
3015 5229 3110 5283 Sin
3141 5239 3326 5283 autem
3349 5243 3460 5284 non

204 5329 396 5375 rantes
463 5335 630 5390 quam
674 5321 1023 5384 naturaliter,
1076 5320 1340 5375 dixerunt
1402 5332 1604 5376 terram
1659 5337 1780 5376 esse

205 5412 546 5481 principium
570 5411 974 5475 universitatis,
1003 5421 1063 5466 ut
1101 5427 1224 5482 quae
1251 5414 1325 5467 sit
1348 5421 1597 5468 centrum
1627 5413 1781 5467 orbis

206 5504 472 5559 celestis.
507 5503 642 5557 Nam
689 5510 944 5558 centrum
975 5512 1060 5558 est
1082 5503 1216 5558 orbe
1247 5521 1343 5558 seu
1386 5506 1594 5559 circulo
1638 5505 1781 5559 anti-

208 5597 394 5665 quius.
420 5595 526 5648 Alii
550 5606 736 5651 autem
761 5605 948 5666 aperte
980 5596 1486 5666 pronuntiaverunt
1515 5597 1778 5652 mundum

279 5775 322 5808 "
347 5776 486 5834 Gen.
521 5793 560 5842 ι,
605 5777 654 5844 ι,
686 5779 741 5832 2.

1885 5322 2170 5391 conjunxit
2194 5363 2207 5383 ,
2229 5329 2450 5388 propter
2487 5335 2778 5388 quamnam
2807 5335 3050 5382 causam,
3097 5321 3151 5372 in
3180 5319 3318 5373 ccelo
3343 5319 3466 5386 qui-

1887 5417 2012 5472 dem
2043 5425 2096 5471 et
2127 5426 2267 5468 terra
2288 5413 2869 5484 comprehenditDeus
2889 5415 3090 5484 ignem,
3120 5422 3376 5480 tanquam
3409 5411 3463 5464 in

1885 5508 2010 5563 luce
2041 5525 2055 5561 :
2097 5508 2150 5559 in
2183 5507 2427 5560 tenebris
2450 5516 2630 5559 autem
2663 5521 2772 5558 non
2800 5505 2946 5559 dicta
3001 5513 3084 5558 est
3107 5503 3339 5560 creatio,
3367 5516 3465 5554 ne—

1888 5615 1998 5670 que
2022 5599 2074 5653 in
2096 5599 2320 5670 abysso,
2349 5613 2533 5668 neque
2565 5598 2619 5651 in
2642 5611 2805 5666 aqua,
2833 5610 3012 5666 neque
3041 5595 3097 5651 in
3129 5593 3373 5665 spiritu?
3406 5591 3470 5648 lu
