4200 6440
759 359 866 419 859

1961 364 2020 420 S.
2064 362 2458 420 AN.\S’I‘.\Sll
2506 362 2836 421 Sl.\'.\lT.l“.

3916 361 4018 421 $60

757 471 959 540 quibus
982 487 1105 523 cum
1128 477 1434 523 armaretur
1453 483 1681 537 magnus
1704 467 1939 523 Basilius
1961 471 2345 526 adversusala-
2380 479 2420 531 Α
2455 472 2635 523 nielnr
2701 470 2885 521 divina
2945 469 3229 537 Scriptura
3298 467 3467 521 unius
3534 468 3705 521 solius
3762 468 4021 522 elementi

761 560 1022 619 niehzcos,
1059 569 1114 611 et
1148 557 1358 612 diceret
1389 558 1510 611 illas
1543 557 1800 610 tenebras
1829 574 1950 611 esse
1990 561 2261 615 incrcatas
2286 571 2339 614 et

762 668 869 704 non
899 650 1235 713 consistere;
1267 665 1366 701 nec
1388 650 1489 701 sub
1513 664 1846 712 mensuram,
1882 650 2079 717 inquit,
2114 653 2338 711 cadunt,

763 758 940 807 neque
963 740 1333 793 definiuntur:
1364 740 1457 791 sed
1484 756 1608 793 eum
1630 742 1852 793 fecisset
1878 742 2190 796 llcusterrm
2220 745 2340 797 lati-

763 832 1031 893 tudinem,
1049 841 1104 883 et
1125 847 1289 899 super
1310 846 1429 883 eam
1451 832 1764 885 inclinasset
1793 840 1847 883 et
1872 834 2205 887 extendisset
2231 852 2341 887 ('0'-

761 924 873 976 luni
934 932 1191 990 tanquam
1229 922 1666 984 tabernaculum,
1708 924 1935 977 secessit
1982 926 2091 987 lux,
2121 935 2339 979 terreno

762 1013 967 1065 mundo
996 1028 1025 1064 a
1050 1012 1189 1065 catlo
1212 1013 1555 1066 adnmbrato.
1584 1014 1850 1067 'l'enehtu:
1885 1033 2017 1081 ergo
2040 1018 2174 1069 nihil
2210 1028 2340 1071 stitit

761 1103 908 1154 aliud
929 1102 1028 1154 nisi
1056 1104 1246 1155 umbra
1266 1104 1532 1172 corporis.
1559 1105 1826 1158 l’rastcrea
1845 1109 2178 1174 qmcsiernnt
2205 1126 2339 1161 non-

763 1195 894 1246 nulli
938 1205 1121 1248 utrum
1154 1197 1330 1249 lucem
1363 1198 1505 1247 illatn
1532 1212 1652 1264 qua:
1675 1200 1899 1250 secessit
1934 1208 1987 1249 et
2016 1210 2231 1253 ostensa
2255 1211 2339 1254 est

761 1286 828 1336 ab
856 1288 1045 1340 umbra
1090 1287 1214 1341 cudi
1240 1328 1253 1350 ,
1285 1287 1469 1340 dicere
1492 1298 1729 1355 oportet,
1759 1304 1877 1341 esse
1900 1288 1953 1341 in
1982 1299 2225 1357 tempore
2270 1309 2338 1345 an

760 1376 966 1437 absque
994 1385 1258 1445 tempore.
1286 1378 1409 1431 Etsi
1442 1378 1494 1430 in
1528 1388 1787 1446 tempore.
1812 1380 2115 1445 eujusn'odi
2134 1394 2210 1433 est
2240 1384 2339 1436 hec

762 1472 978 1531 tempus
1006 1466 1149 1534 quod
1182 1466 1287 1519 fuit
1309 1467 1710 1520 anlcsexdies?
1739 1468 1831 1520 Sin
1851 1481 2033 1522 autem
2057 1472 2173 1523 sine
2205 1481 2339 1524 tem-

762 1572 914 1623 pore,
943 1570 1028 1610 est
1056 1561 1404 1625 perspicuum
1436 1558 1580 1626 quod
1604 1570 1686 1611 est
1720 1560 1882 1612 etiam
1909 1562 2027 1613 sine
2046 1564 2334 1633 principio.

763 1647 817 1698 Si
839 1657 924 1699 est
956 1656 1136 1700 autem
1161 1650 1277 1701 sine
1304 1650 1598 1718 principio,
1635 1660 1717 1703 est
1745 1651 1908 1703 etiam
1936 1652 2159 1704 omnino
2189 1655 2338 1721 ejus-

764 1735 908 1787 tnodi
938 1744 995 1788 ut
1023 1752 1129 1788 non
1166 1738 1337 1803 possit
1362 1737 1763 1792 circumscribi.
1809 1740 1862 1792 Si
1888 1749 2067 1792 anlem
2104 1758 2210 1794 non
2245 1758 2338 1810 po-

2448 565 2667 630 (netnpc
2712 570 2888 619 terrtel
2938 576 3040 613 nos
3069 560 3269 613 docere
3305 559 3668 619 creationem,
3705 574 3813 612 non
3836 568 4019 611 autem

2446 666 2700 722 quatuor.
2740 654 2851 705 Lux
2882 654 3031 705 enim
3063 668 3187 705 cum
3222 652 3287 703 iis
3325 666 3431 702 non
3465 660 3924 708 connumeratnr,
3969 659 4024 701 ut

2447 745 2638 797 dicunt
2669 745 2702 796 ii
2756 744 2849 811 qui
2878 752 3220 795 suntearnm
3254 757 3439 793 rerum
3484 741 3670 808 periti.
3718 740 4021 807 Oportebat

2446 847 2651 897 autem,
2682 852 2872 887 rursus
2903 836 3158 903 inquiunt
3191 834 3313 901 ipsi,
3343 834 3388 885 si
3419 842 3688 884 creatnrte
3718 847 3840 899 qua:
3877 832 4024 882 cadit

2447 929 2550 980 sub
2596 939 2876 995 aspectum
2924 927 3070 979 Ileus
3110 924 3313 977 inducit
3356 923 3659 991 opificium.
3695 937 3823 974 eum
3860 922 4022 972 simul

2446 1038 2570 1074 cum
2601 1031 2745 1073 terra
2778 1021 3113 1072 constituere
3157 1018 3353 1071 ruehnn
3403 1015 3547 1083 quod
3602 1014 3859 1077 videtur,
3916 1029 4022 1064 non

2447 1124 2627 1165 autem
2655 1112 2705 1164 id
2726 1112 2873 1178 quod
2904 1127 3011 1163 non
3044 1110 3279 1162 videtur.
3302 1106 3407 1160 Sed
3440 1116 3725 1173 utramque
3750 1105 4023 1172 priittoge~

2447 1207 2619 1258 nitam
2663 1205 3062 1270 gemellatnque
3118 1209 3299 1253 natant
3328 1207 3659 1260 creaturam,
3712 1205 3767 1249 et
3800 1212 3926 1262 qua:
3957 1212 4023 1249 ne

2447 1298 2548 1350 sub
2584 1306 2865 1366 aSpectnm
2913 1294 3135 1364 quidem
3173 1293 3412 1353 caderet,
3468 1289 3731 1348 oeculnit,
3764 1302 3888 1339 eam
3930 1302 4024 1339 sn-

2447 1403 2615 1454 perne.
2653 1396 2710 1438 et
2738 1384 2948 1436 inferne
2970 1384 3206 1451 quodam
3234 1379 3402 1432 veluti
3435 1377 3754 1447 crystallina
3798 1385 3856 1428 et
3889 1375 4025 1425 cele-

2448 1480 2585 1531 riter
2630 1479 2833 1529 lluente
2871 1491 3137 1543 aquarum
3171 1472 3436 1525 amiciens
3479 1469 3830 1521 vestimento.
3866 1465 4022 1530 Quod

2446 1568 2667 1635 quidem
2699 1584 2891 1619 rursus
2922 1566 3083 1618 nobis
3116 1566 3275 1617 aliam
3320 1578 3425 1615 non
3465 1562 3638 1612 levent
3671 1557 3813 1625 parit
3858 1555 4023 1607 dubi-

2447 1660 2709 1713 tationem
2742 1677 2754 1710 :
2787 1674 2981 1725 nempe
3014 1655 3159 1723 quod
3194 1653 3298 1706 alia
3336 1659 3587 1705 contecta
3633 1656 3759 1701 sunt
3783 1662 4024 1715 superna

2448 1751 2689 1808 (arcente
2718 1747 3047 1801 interim-dio
3090 1745 3258 1797 veluti
3292 1742 3601 1811 operculo‘,
3630 1754 3697 1792 ne
3721 1746 3776 1791 et
3806 1738 4023 1789 inferna

766 1827 1284 1890 testi-ircumscribi,
1310 1829 2249 1901 quomodocircutnscribiturpulsa
2274 1835 2342 1887 ab
2378 1834 2414 1884 ll
2447 1844 2647 1897 ίηιιιριιί
2681 1841 2895 1909 passim
2927 1854 3193 1907 superna,
3232 1852 3409 1905 neque
3433 1848 3625 1886 rursus
3659 1845 3899 1898 superna
3935 1844 4024 1881 as.-

765 1919 954 1971 umbra
985 1921 1196 1973 cmlesti
1215 1922 1237 1971 ?
1259 1922 1613 1989 (ionjungunt
1632 1931 1814 1973 autem
1838 1923 2001 1975 etiam
2029 1926 2341 1991 pmtcedett-

766 2007 913 2060 tibus
970 2008 1131 2060 aliam
1185 2025 1404 2077 quoque
1445 2010 1805 2078 quzcstionem
1865 2012 2217 2082 interpretes.
2282 2018 2337 2071 Si

763 2097 935 2159 enim,
972 2099 1253 2166 inquiunt,
1305 2100 1637 2167 profundum
1690 2117 1956 2168 aquarum
1999 2104 2179 2174 abyssi
2224 2118 2343 2161 erat

764 2204 930 2257 super
970 2190 1164 2244 facient
1202 2192 1473 2244 universae
1513 2202 1697 2252 terrm,
1738 2212 1844 2248 non
1887 2199 2173 2263 oportebat
2221 2216 2339 2253 eam

765 2279 990 2331 omnino
1014 2282 1277 2349 appellari
1316 2292 1537 2345 terram,
1566 2285 1661 2337 sed
1697 2303 1845 2338 mare
1876 2306 1887 2339 :
1922 2298 1976 2340 et
2019 2307 2120 2341 cur
2148 2292 2341 2345 hume-

766 2379 915 2422 ctutn
947 2380 1104 2423 ternc
1132 2372 1426 2425 terminum
1449 2390 1793 2442 superquam
1819 2378 2055 2431 locatum
2083 2390 2163 2432 cst
2185 2390 2240 2433 ct
2270 2382 2343 2433 si-

766 2470 913 2519 tum,
949 2471 1149 2513 terram
1186 2464 1566 2522 nominamus,
1625 2481 1733 2517 non
1785 2482 1958 2529 mare,
2014 2485 2121 2521 non
2157 2470 2342 2524 habita

767 2553 980 2605 ratione
1029 2553 1299 2621 subjecti,
1332 2556 1608 2623 quomodo
1633 2567 1689 2610 et
1723 2557 1935 2618 fluvios,
1994 2571 2049 2613 et
2087 2563 2258 2625 lacus,
2288 2574 2343 2616 et

767 2646 967 2700 fontes,
1000 2658 1064 2695 ex
1106 2646 1394 2711 superlirie
1416 2663 1604 2698 earum
1630 2664 1751 2713 qua:
1784 2651 1835 2700 in
1863 2650 1993 2716 ipsis
2020 2663 2147 2704 sunt
2171 2670 2342 2720 aqua-

770 2748 888 2782 rum
937 2736 1398 2789 conuenientibus
1444 2739 1607 2791 etiam
1639 2756 1830 2792 carum
1880 2743 2345 2807 appell:itionilms

766 2842 829 2876 ex
858 2826 1039 2879 divina
1073 2826 1357 2895 Scriptura
1389 2830 1705 2885 didicimus.
1754 2834 2053 2901 Oportebat
2093 2837 2239 2889 enim
2276 2838 2343 2889 il—

767 2918 875 2968 lam
908 2936 935 2968 a
967 2920 1075 2971 Deo
1107 2920 1300 2973 factam
1351 2924 1533 2975 statim
1572 2924 1640 2975 ab
1673 2925 1830 2977 initio
1856 2935 2110 2994 tanquam
2138 2930 2343 2982 conde-

776 3021 1029 3074 mnatam,
1061 3021 1115 3063 et
1148 3013 1344 3083 abysso
1378 3025 1632 3083 tanquam
1664 3016 1856 3070 inferis
1882 3018 2160 3080 traditam,
2182 3022 2346 3076 tertio

768 3101 855 3151 die
886 3116 1199 3169 exsurgere,
1232 3104 1505 3158 dicendo:
1540 3104 1893 3176 Cungrcgetnr
1917 3126 2057 3177 aqua
2089 3121 2345 3181 tanquam

769 3194 823 3243 in
855 3197 1307 3263 congregationem
1338 3214 1521 3259 unum,
1548 3209 1594 3250 et
1621 3210 1871 3253 cernatur
1898 3204 2049 3254 arida
2066 3203 2127 3251 ³¹.

844 3285 1069 3338 Deficiet
1100 3303 1183 3340 me
1229 3300 1445 3358 tempus
1474 3292 1516 3343 si
1548 3291 1710 3344 velim
1749 3292 1799 3345 in
1834 3294 2072 3347 tnedinm
2102 3296 2345 3362 proferre

772 3391 1051 3430 sacrorum
1086 3381 1333 3432 omnium
1365 3382 1700 3435 asseclarnm
1722 3383 2096 3437 dubitationes
2126 3394 2346 3455 etqnze-

772 3466 978 3521 stiones
1008 3469 1074 3522 de
1109 3485 1201 3522 sex
1228 3470 1444 3525 diebus.
1478 3472 1693 3526 Etenim
1732 3474 1799 3527 de
1828 3475 2023 3545 abysso
2055 3492 2174 3543 qua:
2205 3476 2345 3529 dici-

775 3568 885 3618 tur,
908 3566 963 3609 et
994 3558 1061 3611 de
1098 3575 1236 3631 aqua
1269 3577 1389 3628 qua:
1412 3562 1763 3627 nominatur,
1809 3564 1898 3618 alii
1934 3566 2157 3633 quidem
2192 3566 2349 3620 intel-

773 3649 1027 3701 lexerunt
1080 3659 1339 3719 utrasque
1402 3668 1572 3720 aquas
1631 3670 1793 3707 unam
1845 3670 1969 3709 esse
2010 3665 2066 3709 et
2111 3657 2345 3711 similem

772 3750 1045 3793 naturam.
1085 3741 1188 3793 Alii
1228 3750 1411 3795 autem
1458 3743 1738 3804 dixerunt,
1772 3745 1889 3799 lucc
1915 3762 2023 3799 non
2057 3764 2225 3800 unum
2270 3748 2347 3802 si-

773 3832 1051 3901 gniﬁcare.
1083 3832 1401 3888 Differentia
1430 3836 1599 3897 enim,
1635 3837 1833 3905 inquit,
1883 3851 2074 3891 eorum
2101 3855 2221 3908 qnze
2254 3856 2348 3894 ve-

774 3924 1022 3985 huntur,
1086 3926 1360 3991 signilieat
1406 3928 1702 3981 discrimen
1755 3929 2158 3983 vehiculorum.
2214 3932 2347 3985 Nam

773 4014 1037 4079 scriptum
1064 4016 1285 4082 quidem
1326 4030 1402 4069 est
1434 4019 1690 4071 tenebras
1717 4019 2057 4087 impendere,
2084 4021 2347 4088 Spiritum

774 4113 956 4156 autem
996 4121 1159 4173 supra
1198 4106 1349 4159 ferri.
1390 4108 1451 4160 fit
1492 4108 1740 4171 lencbrn',
1777 4109 1975 4177 inquit,
2010 4128 2167 4178 super
2205 4112 2351 4181 abys-

776 4213 912 4248 sum.
948 4196 1229 4249 Etdeinde
1263 4196 1523 4266 :Spiritns
1554 4199 1644 4251 Dei
1669 4200 2111 4268 ferebntnrsnpra
2130 4219 2346 4270 aquam.

779 4287 1007 4341 Maxime
1036 4304 1157 4340 eum
1193 4297 1316 4356 post
1352 4289 1466 4340 ha-c
1490 4289 1755 4357 propheta
1777 4305 1919 4357 Saepe
1951 4290 2168 4344 fecisset
2200 4308 2351 4345 men-

780 4378 982 4431 tionem
1016 4394 1313 4446 aqnarnm,
1356 4380 1501 4447 ipsas
1524 4379 1747 4449 quidem
1801 4381 2052 4434 nominat
2093 4399 2263 4451 aquas
2294 4394 2351 4437 et

2443 1935 2645 2001 pieiant
2671 1934 2903 1986 inferna.
2926 1930 3118 1984 Adhuc
3142 1931 3286 1982 enitn
3312 1928 3490 1995 primo
3510 1933 3559 1979 et
3580 1921 4026 1993 splendidissimo

2442 2024 2603 2080 (τίμιαι,
2666 2031 2925 2089 tanquam
2978 2021 3214 2088 quodam
3267 2019 3457 2071 divino
3511 2014 3789 2084 proposito
3834 2022 3891 2065 et
3941 2027 4025 2061 re-

2441 2112 2767 2180 splendente
2795 2112 3038 2177 Speculo,
3070 2119 3125 2163 et
3147 2108 3430 2178 ejusqnod
3458 2104 3847 2175 supervehitur
3876 2102 4024 2155 divi-

2445 2221 2542 2257 nos
2570 2204 2813 2269 fulgores
2841 2204 3075 2255 adverso
3108 2201 3399 2269 splendore
3443 2198 3761 2266 repellente,
3798 2196 3866 2247 ad
3917 2195 4023 2247 hoc

2446 2306 2503 2348 ut
2538 2312 2600 2348 ea
2645 2310 2766 2363 qua:
2811 2303 2939 2347 sunt
2972 2293 3112 2346 infra
3155 2293 3450 2350 illuminet,
3475 2290 3671 2343 obruta
3692 2288 4023 2341 etdemersa

2445 2399 2588 2441 terra
2617 2404 2721 2441 non
2750 2396 2965 2456 poterat
2995 2388 3211 2455 (utique
3251 2382 3687 2451 intelligentibus
3709 2378 3906 2441 oculis)
3936 2393 4026 2432 as-

2444 2479 2627 2546 picere
2670 2478 2736 2530 ad
2772 2478 3020 2531 divinum
3072 2491 3309 2544 superne
3356 2474 3567 2528 radium
3597 2472 3689 2540 qui
3734 2471 3799 2524 ad
3848 2471 4023 2539 ipsam

2447 2584 2617 2635 usque.
2650 2567 2986 2635 permeabat.
3023 2566 3127 2619 Sed
3155 2566 3412 2634 quoniam
3451 2580 3641 2617 earnm
3674 2577 3812 2631 quas
3839 2561 4026 2627 subje-

2444 2659 2621 2711 eimns
2650 2659 3057 2711 dnbitationum
3083 2659 3291 2710 exitum
3348 2672 3456 2709 non
3500 2655 3831 2711 invenimus,
3875 2663 3931 2705 et
3968 2651 4023 2704 in

2448 2749 2514 2800 iis
2561 2749 2719 2815 plane
2757 2748 3004 2816 perplexi
3040 2763 3251 2807 sumus,
3313 2758 3368 2800 et
3416 2746 3643 2797 omnino
3676 2744 4023 2799 htcsitamus,

2448 2838 2571 2891 freti
2620 2854 2714 2891 ore.
2767 2839 2939 2890 sancti
2996 2838 3280 2906 Spiritus:
3312 2837 3485 2897 Pauli,
3525 2837 3781 2903 inquam,
3812 2832 4024 2899 lingua,

2445 2948 2569 3000 qum.
2610 2930 2743 2983 dicit
2768 2932 2811 2961 ³³
2842 2931 2985 2999 quod
3042 2946 3385 2998 qumeunqnc
3428 2937 3554 2981 sunt
3595 2929 3649 2979 in
3682 2926 3821 2990 lege,
3871 2926 4029 2992 prius

2447 3020 2651 3089 scripta
2681 3032 2809 3072 sunt
2843 3020 2895 3071 in
2935 3021 3162 3085 figuram
3190 3016 3392 3070 Christi
3429 3026 3483 3069 et
3521 3016 3695 3083 ipsius
3722 3014 4026 3073 Ecclesim;

2394 3171 2415 3188 η
2448 3121 2694 3179 accepta.
2728 3110 2771 3162 si
2805 3124 2932 3162 vere
2962 3109 3145 3161 dicere
3169 3116 3407 3176 oportet,
3430 3108 3719 3159 occasione
3755 3122 3820 3157 ex
3856 3104 4027 3170 l’apia

2448 3200 2568 3254 viro
2599 3200 2904 3253 clarissimo
2939 3199 3368 3266 llicrapolitano,
3400 3198 3491 3265 qui
3538 3197 3677 3250 dixit
3707 3197 3760 3248 in
3807 3196 4027 3264 Epistc-

2449 3290 2565 3343 thio
2582 3290 2667 3353 ”‘,
2695 3290 2999 3345 Clemente.
3033 3298 3089 3342 et
3134 3290 3417 3342 Pantbeno
3443 3287 3815 3341 Alexandrino
3841 3302 4029 3340 sacer-

2449 3383 2596 3442 dote.
2617 3392 2673 3437 et
2698 3382 2988 3435 Ammonio
3012 3380 3440 3449 sapientissimo,
3464 3378 3875 3447 interpretibus
3897 3396 3911 3430 :
3933 3394 4030 3431 ve-

2450 3479 2627 3523 terum
2650 3478 2707 3523 et
2727 3471 3032 3538 primorum
3060 3470 3452 3529 conventione,
3476 3470 3569 3536 qui
3603 3478 3782 3521 totum
3813 3468 4029 3521 Hexae-

2451 3576 2640 3614 meron
2663 3560 3134 3615 intellexeruntde
3152 3560 3375 3614 Christo
3400 3570 3454 3612 et
3470 3559 3737 3618 Ecclesia,
3760 3570 3883 3627 post
3898 3574 4031 3612 vere

2450 3652 2709 3706 sensilem
2733 3652 3034 3706 secundum
3065 3653 3302 3706 litteram
3330 3650 3683 3712 creationem,
3704 3651 3841 3703 citra
3859 3651 4029 3703 ullam

2451 3743 2851 3797 dubitationem
2879 3759 3099 3796 sensum
3124 3743 3469 3811 speculantes
3491 3741 3772 3801 Ecclesiaa,
3792 3756 3894 3809 pro
3920 3756 4031 3810 qua

2451 3834 2745 3888 universus
2764 3844 2848 3888 est
2871 3834 3044 3887 nostri
3076 3834 3396 3887 certaminis
3425 3848 3641 3901 scopus,
3669 3831 3735 3885 ad
3766 3832 3873 3886 hoc
3889 3847 4034 3900 opus

2451 3924 2862 3978 descendimus.
2909 3925 3177 3979 C:eteruin
3231 3924 3471 3979 litteram
3521 3923 3743 3992 quidem
3798 3923 4033 3976 minime

2452 4015 2834 4077 dissolventes,
2886 4031 3079 4067 verum
3141 4015 3209 4067 ab
3258 4015 3467 4082 Optimo
3526 4023 3582 4067 et
3631 4014 4032 4081 benignissimo

2453 4118 2643 4160 sancto
2691 4106 2897 4176 Spiritu
2943 4122 3163 4159 sensum
3222 4106 3451 4176 mystice
3501 4105 3833 4159 absconsum
3886 4106 4032 4160 intra

2453 4197 2692 4249 litteram
2747 4197 3129 4265 inquirentes,
3174 4197 3414 4265 primum
3448 4196 3553 4249 hoc
3611 4196 4034 4249 consideramus

2456 4286 2509 4339 in
2536 4285 2883 4354 corporibus.
2918 4284 3284 4349 Quamobrem
3329 4286 3544 4355 linguas
3577 4284 3707 4339 hinc
3750 4301 3859 4338 non
3898 4287 4032 4339 mit-

2455 4384 2573 4430 tant
2604 4376 3057 4444 philosophorum
3106 4375 3351 4445 physici,
3405 4375 3698 4429 audientes
3752 4375 4030 4429 verbum:

776 4467 968 4529 maria,
989 4476 1043 4519 et
1063 4469 1531 4536 congregatinncs,
1550 4479 1600 4522 et
1623 4468 1891 4533 fontes,et
1911 4470 2141 4524 fluvios:
2168 4472 2347 4543 abyssi
2380 4499 2425 4553 ο
2456 4467 2594 4521 Fecit
2610 4468 2748 4521 Deus
2778 4467 2963 4520 cwlum
2992 4478 3039 4520 et
3060 4476 3291 4531 terram;
3322 4483 3501 4536 neque
3532 4466 3721 4520 dicant
3746 4467 3919 4519 Deum
3948 4466 4032 4521 fe-

777 4569 957 4612 autem
994 4575 1338 4628 nequaquam
1377 4562 1645 4614 meminit.
1687 4563 1804 4616 Non
1852 4564 2207 4632 przetermisit
2246 4581 2347 4618 an-

778 4661 886 4702 tem
930 4652 981 4704 in
1034 4652 1305 4720 profunda
1360 4665 1417 4707 et
1468 4654 1736 4707 divinitus
1763 4656 1888 4709 data
1938 4672 2035 4709 sua
2082 4658 2350 4724 sapientia

780 4742 1125 4809 interrogare
1154 4744 1432 4811 quomodo
1462 4745 1700 4813 scriptus
1731 4753 1815 4799 est
1854 4746 2091 4815 Spiritus
2120 4748 2217 4800 Dei
2259 4763 2350 4800 so-

777 4832 887 4883 lum
922 4833 974 4884 in
1010 4833 1218 4901 reliqua
1244 4836 1547 4899 creatione,
1586 4847 1641 4890 et
1666 4853 1893 4891 curnam
1924 4838 2127 4891 dicitur
2157 4839 2202 4892 is
2226 4840 2349 4907 qui-

777 4922 901 4974 dem
933 4923 1257 4991 superferri,
1292 4941 1398 4978 non
1433 4926 1691 4982 insidere.
1745 4929 2025 4983 Adversus
2062 4945 2159 4983 eos
2184 4930 2349 4982 etiam

776 5012 871 5081 qui
910 5013 1168 5068 dixerunt
1199 5028 1449 5070 sanctum
1486 5018 1635 5071 illum
1671 5034 1790 5073 esse
1830 5020 2095 5089 Spiritum
2143 5020 2236 5088 qui
2268 5021 2347 5073 fe-

779 5104 1005 5155 rebatur
1051 5120 1215 5173 supra
1247 5122 1436 5175 aquas,
1474 5126 1502 5163 a
1557 5110 1838 5163 nonnullis
1889 5120 1971 5163 est
2013 5110 2344 5162 dubitatum.

784 5194 1015 5247 llbinatu
1048 5195 1118 5247 sit
1157 5198 1361 5249 creatio
1390 5199 1535 5252 aeris
1571 5200 1662 5267 qui
1696 5210 1780 5253 est
1828 5216 1970 5252 unus
2002 5215 2067 5251 ex
2109 5209 2348 5268 quatuor

779 5285 1109 5339 clementis?
1135 5286 1188 5339 Si
1219 5288 1363 5339 enim
1391 5288 1728 5351 dederimus,
1762 5291 2040 5359 inquiunt,
2068 5306 2194 5342 eum
2221 5290 2345 5358 qui-

782 5374 904 5426 dem
944 5392 1063 5429 esse
1116 5379 1522 5433 sanctissimum
1586 5383 1738 5434 illum
1781 5392 1838 5435 et
1895 5382 2197 5434 increatnm
2251 5383 2343 5435 llei

783 5464 1045 5532 Spiritum
1078 5487 1090 5520 ε
1120 5470 1259 5538 ignis
1285 5481 1465 5524 autem
1493 5472 1719 5525 omnino
1765 5488 1872 5524 non
1922 5472 2198 5540 profertur
2246 5488 2347 5525 nec

785 5557 1075 5626 appellatio
1103 5578 1201 5615 nec
1232 5563 1462 5623 creatio,
1495 5565 1770 5631 quomodo
1802 5580 1899 5616 nec
1935 5564 2152 5633 abyssi;
2200 5564 2349 5617 inve-

885 5747 901 5775 ’
935 5748 1069 5799 ficu.
1112 5763 1145 5806 ι.
1175 5749 1226 5801 9.
1281 5748 1321 5777 ³³
1359 5748 1373 5800 l
1408 5750 1534 5800 Cor.
1564 5765 1613 5811 \,
1650 5753 1679 5801 ti
1707 5764 1857 5817 seqq.
1939 5750 1999 5779 ⁵³⁸

2450 4560 2589 4613 cisse
2611 4559 2736 4613 οωιί
2764 4568 2948 4611 ortum
2974 4574 3003 4611 a
3026 4568 3194 4620 terra,
3231 4568 3485 4626 tanquam
3510 4557 3579 4611 ab
3601 4557 3785 4625 aliquo
3806 4567 4030 4613 centro:

2452 4650 2712 4719 quoniam
2772 4660 3047 4709 centrum,
3093 4648 3373 4718 inquiunt.
3403 4656 3489 4702 est
3529 4648 3865 4716 principium
3907 4649 4034 4702 uni-

2452 4756 2627 4794 versae
2662 4740 2906 4808 sphmrze.
2953 4740 3071 4793 Non
3119 4740 3265 4793 enim
3302 4750 3361 4792 ut
3387 4739 3657 4809 contingit
3689 4739 3743 4792 in
3781 4739 4032 4793 homini-

2454 4833 2578 4894 bus,
2610 4832 2705 4901 qui
2760 4848 2865 4885 non
2919 4842 3150 4902 possunt
3200 4847 3379 4901 neque
3427 4832 3695 4885 circulum
3760 4832 4029 4900 dirigere,

2456 4938 2631 4992 neque
2663 4930 2914 4990 torquem
2951 4923 3351 4992 circumagere,
3376 4937 3554 4991 neque
3574 4931 3809 4991 punctos
3836 4921 4033 4975 circuli

2458 5028 2522 5067 ex
2559 5028 2714 5080 aequo
2762 5027 3095 5080 componere
3120 5053 3134 5075 ,
3175 5028 3353 5080 neque
3404 5013 3603 5065 lineam
3660 5011 3945 5065 inflectere
3978 5022 4036 5065 et

2460 5115 2591 5158 rotze
2616 5105 2849 5157 similem
2889 5103 3126 5164 elllcere,
3158 5105 3261 5158 nisi
3297 5114 3547 5157 centrum
3590 5102 3831 5156 medium
3874 5104 4035 5171 prius

2457 5194 2621 5246 fuerit
2651 5194 2874 5246 infixum
2904 5212 2916 5246 :
2961 5193 3035 5247 ita
3067 5194 3231 5246 etiam
3256 5194 3499 5247 devenit.
3545 5192 3646 5247 Hic
3669 5192 3818 5246 enim
3852 5201 3913 5245 ut
3943 5192 4033 5244 di-

2456 5302 2574 5338 scas
2594 5286 2738 5353 quod
2761 5286 2903 5338 Deus
2925 5301 3031 5337 non
3054 5285 3307 5353 sequitur
3323 5294 3531 5338 natura:
3553 5284 4030 5351 consequentiam,

2454 5378 2547 5431 sed
2581 5377 2875 5430 fabricatur
2901 5391 3136 5444 superna
3161 5375 3485 5428 naturaliter
3510 5385 3566 5427 et
3584 5390 3689 5426 non
3709 5373 4032 5437 artitlciose,

2456 5470 2588 5523 dicit
2630 5470 2843 5522 Moses:
2874 5469 3024 5521 Fecit
3068 5468 3213 5521 Deus
3256 5468 3545 5536 sphmram,
3595 5464 3794 5519 deinde
3827 5475 4035 5519 terram

2455 5574 2730 5617 centrum.
2773 5560 3066 5630 Oporteret
3116 5559 3262 5613 enim
3317 5576 3505 5614 revera
3556 5568 3749 5612 contra
3803 5556 4033 5611 dicere:

2043 5747 2404 5815 Ἰζπιςτήηεον,
2435 5745 2595 5814 quasi
2625 5744 2773 5797 diras
2806 5742 3087 5810 prr’omle:
3118 5741 3342 5794 Videtur
3371 5738 3536 5795 fuisse
3574 5737 3766 5790 titulus
3795 5736 3945 5789 libri.
