4200 6440
157 369 254 431 861

1271 383 1344 438 LV’
1389 384 1936 445 llEXAEMEllUN'.
1976 415 2043 423 ——
2089 393 2229 449 LIIl.
2280 395 2322 449 Ι.

3326 391 3430 454 862

157 479 296 530 Ηρ-ίι
334 479 478 532 Deus
506 492 705 535 terram
745 495 792 535 et
839 486 1022 539 ra~lum
1047 529 1060 549 ,
1116 505 1210 541 seu
1241 501 1513 552 centrum,
1536 503 1591 546 et
1623 501 1748 545 tunc
1780 498 1820 550 Α
1855 496 1907 549 in
1959 514 2059 551 suo
2093 500 2286 551 ordine
2349 501 2614 552 collocata
2649 513 2703 551 et.
2736 499 2944 553 inclusa
2979 499 3032 552 in
3071 515 3167 552 sua
3198 516 3432 568 congre-

154 572 459 631 s.|~.lt;-...-ram.
506 572 638 624 Nam
668 573 710 625 si
735 576 1178 643 conjunctionetn
1217 581 1583 646 eopulativam
1610 581 1752 634 acci-

157 664 318 727 point
355 664 515 724 illud,
541 673 596 716 et
617 667 776 717 ambo
809 667 1000 720 dicunt
1035 669 1196 722 simul
1247 672 1385 723 laeta
1414 687 1557 732 esse,
1587 688 1749 739 opor~

157 754 306 804 lebat
340 764 515 815 certe,
551 765 611 806 ut
643 757 887 824 ipsorqu
916 770 1000 811 est
1031 762 1322 821 sententia,
1363 763 1515 830 prius
1546 763 1753 831 signiti-

155 845 267 894 ι-ςιΓι
307 845 650 913 principium
680 855 733 898 et
761 863 982 901 causam
1007 851 1225 910 circuli.
1274 869 1470 919 nempe
1500 864 1749 906 centrum

156 952 250 987 seu
283 945 518 997 terram,
554 947 608 990 ct
640 939 811 1005 magis
835 956 997 1006 quam
1022 952 1232 995 contra.
1268 944 1322 996 Si
1347 953 1532 997 autem
1565 945 1598 995 ii
1623 961 1749 996 eon-

159 1027 428 1076 titeantur
451 1041 612 1078 omne
645 1036 896 1079 centrum
926 1029 1014 1095 figi
1039 1043 1206 1096 super
1238 1029 1460 1098 aliquod
1484 1030 1678 1082 stabile
1695 1039 1751 1082 et

157 1115 429 1176 solidum,
464 1123 520 1167 et
541 1117 620 1168 sic
651 1117 1033 1170 circumscribi
1059 1119 1594 1177 eircumferentiam,
1639 1135 1748 1172 non

157 1217 346 1258 autem
383 1207 548 1260 aliter
578 1225 589 1258 :
629 1207 798 1260 [lcum
829 1217 1013 1262 autem
1048 1220 1344 1279 agnoscant
1379 1226 1544 1277 super
1582 1226 1751 1278 aquas

155 1314 280 1364 qua:
313 1298 455 1350 nulli
482 1298 742 1350 resistunt
767 1299 1137 1362 concussioni,
1171 1299 1265 1352 sed
1289 1299 1472 1352 statim
1507 1299 1748 1352 fundun-

157 1399 248 1440 tnr
282 1397 342 1441 ct
385 1388 802 1450 circumﬂuunt,
855 1406 965 1443 non
1001 1392 1178 1443 solum
1224 1391 1476 1459 iujccisse
1513 1391 1563 1442 id
1602 1389 1746 1458 quod

156 1491 241 1535 est
269 1481 511 1535 densum
537 1496 600 1534 ac
624 1497 813 1548 grave,
847 1481 942 1534 sed
976 1481 1142 1533 etiam
1173 1482 1226 1534 in
1254 1483 1339 1534 his
1364 1481 1604 1534 humidis
1624 1481 1752 1532 soli-

158 1574 291 1624 dare
327 1571 746 1625 multitudinem
785 1589 797 1622 ι
829 1572 1294 1638 quemadmodum
1328 1589 1434 1625 non
1465 1587 1752 1624 concesse-

160 1664 274 1716 rint
298 1678 433 1716 eum
461 1664 701 1716 excitare
735 1664 935 1716 cwhnn
989 1673 1248 1731 tauquam
1285 1665 1551 1717 fornicem
1585 1665 1750 1716 etiam

159 1755 376 1820 absque
411 1763 642 1816 centro;
675 1769 799 1805 nam
826 1770 949 1821 qua:
975 1755 1117 1821 apud
1153 1753 1406 1806 homines
1433 1763 1559 1806 sunt
1597 1754 1743 1821 ejus-

161 1842 313 1894 modi
357 1853 422 1895 ut
446 1843 560 1895 fieri
583 1858 692 1895 non
722 1845 954 1910 possint,
981 1843 1122 1910 apttd
1156 1844 1322 1895 Deum
1358 1843 1741 1911 possunttieri.

160 1932 268 1984 Sed
306 1932 376 1984 ad
408 1934 572 1985 aliam
618 1933 861 1985 cundum
891 1943 975 1985 est
1018 1934 1238 1994 seriem,
1270 1941 1326 1985 et
1357 1933 1743 2000 postnlamlunt

157 2033 244 2075 est
276 2038 307 2074 a
353 2037 601 2090 superna
657 2023 925 2090 sapientia
960 2039 1080 2090 quze
1129 2023 1222 2075 dat
1274 2021 1531 2074 onmibus
1583 2031 1745 2088 prout

160 2125 311 2166 recte
370 2122 590 2181 petunt,
620 2124 681 2166 nt
726 2113 884 2165 nobis
935 2114 1141 2164 revelet
1198 2111 1489 2180 mysticum
1522 2127 1743 2164 sensum

157 2206 250 2271 qui
284 2215 373 2256 est
402 2206 542 2258 intra
565 2204 827 2262 litteram,
863 2218 1056 2271 nempe
1087 2203 1364 2270 quomodo
1391 2218 1490 2270 per
1523 2204 1744 2255 univer-

159 2310 273 2347 sam
300 2311 396 2347 se:
424 2296 640 2347 dierum
665 2295 1024 2356 creationem,
1055 2295 1208 2363 prius
1233 2295 1520 2346 constituit
1542 2304 1746 2361 etpr:e-

160 2386 421 2455 figuravit
441 2387 671 2453 liguram
703 2394 757 2438 et
786 2385 1080 2452 imaginem
1110 2385 1368 2438 Ecclesia'
1392 2385 1622 2438 Christi.
1655 2385 1746 2437 Sic

159 2479 307 2530 enim
331 2478 503 2530 dicit:
529 2477 590 2530 In
617 2479 873 2547 principio
895 2479 1013 2545 fecit
1052 2478 1191 2530 Deus
1223 2479 1410 2530 uelum
1435 2489 1483 2530 et
1521 2490 1743 2530 terram.

157 2569 372 2620 (lmlum
419 2569 647 2636 quidem
700 2567 862 2619 simul
917 2568 1437 2635 comprehendendo
1499 2568 1746 2618 nominat

158 2675 350 2711 omnes
379 2659 638 2711 cmlestcs
666 2669 723 2710 et
757 2659 1124 2724 intelligentes
1147 2698 1160 2720 ,
1209 2667 1524 2710 sanctarum
1567 2657 1744 2709 virtu—

162 2762 272 2802 tum
299 2758 358 2802 et
389 2749 756 2818 intelligentis
787 2749 978 2802 mundi
1007 2749 1468 2813 constitutiones;
1493 2758 1552 2802 ut
1581 2750 1744 2802 intel-

161 2840 291 2906 ligas
327 2854 637 2908 superuum
671 2841 934 2892 mundum
979 2841 1132 2908 prius
1175 2840 1342 2894 fuisse
1382 2841 1705 2894 fabricatum
1728 2883 1742 2905 ,

157 2938 537 2999 congruenter
572 2932 690 2983 voci
717 2931 954 2999 theologi
988 2949 1110 3000 qua:
1134 2933 1268 2986 dicit
1301 2952 1312 2984 :
1345 2934 1589 2986 Primum
1624 2934 1747 3001 qui-

155 3025 276 3077 dem
317 3033 509 3076 mente
543 3022 806 3091 cogitavit
829 3025 1105 3092 angelicas
1125 3025 1358 3078 virtutes
1388 3035 1443 3078 et
1472 3027 1744 3088 cmlcstes,

153 3126 206 3166 et
239 3115 514 3183 cogitatio
556 3130 698 3183 opus
740 3114 861 3168 fuit.
911 3115 1066 3168 Nunc
1116 3127 1298 3170 autem
1358 3132 1554 3170 rursus
1598 3118 1748 3169 hunc

155 3206 430 3258 mundqu
458 3207 720 3260 sensilem
743 3217 798 3260 et
820 3208 979 3277 861
1015 3209 1109 3276 qui
1132 3209 1577 3271 cernitur,simul
1599 3223 1748 3261 com-

155 3301 376 3368 plexus,
419 3313 548 3352 cum
572 3299 691 3367 ipso
720 3301 863 3352 caelo
882 3300 1047 3352 etiam
1075 3299 1260 3352 omnia
1287 3315 1408 3367 quae
1449 3315 1613 3367 super
1641 3309 1749 3352 ter-

155 3407 267 3444 ram
311 3406 445 3443 cum
496 3390 719 3442 homine
751 3391 892 3443 facta
922 3399 1050 3443 sunt
1091 3399 1147 3444 et
1175 3398 1324 3453 sunt,
1359 3406 1467 3452 res,
1501 3391 1744 3458 inquam,

154 3484 433 3536 animatas
463 3489 520 3534 et
543 3481 842 3533 inanimas.
878 3482 1012 3535 Nam
1038 3497 1162 3535 eum
1195 3482 1331 3534 dixit
1367 3499 1378 3533 :
1406 3481 1469 3534 In
1491 3483 1748 3551 principio

155 3577 271 3642 fecit
308 3574 460 3627 Deus
490 3573 698 3635 calum,
724 3575 949 3628 sustulit
977 3583 1217 3634 tuentem
1243 3583 1391 3626 tuam
1414 3573 1481 3626 ad
1513 3574 1747 3627 creatio.

155 3683 278 3722 nem
333 3666 570 3735 superni
609 3666 844 3720 ordinis.
894 3665 1100 3719 Deinde
1149 3681 1272 3718 cum
1325 3665 1748 3734 subjunxitzEt

157 3767 387 3817 terram,
422 3756 638 3809 dimisit
667 3765 906 3809 mentem
939 3766 1087 3810 tuam
1112 3755 1178 3809 ad
1210 3755 1512 3824 posituram
1548 3756 1747 3809 inferni

155 3847 605 3916 adimplcmenti,
653 3848 810 3916 cujus
859 3847 1174 3900 universam
1203 3847 1458 3900 exhibuit
1496 3862 1746 3916 compre-

155 3940 492 3994 hensionem
518 3953 547 3990 a
573 3947 754 4007 parte,
795 3953 992 4003 nempe
1028 3953 1059 3989 a
1083 3947 1229 3990 terra
1270 3956 1282 3989 :
1316 3937 1520 3992 docens
1553 3946 1602 3991 te
1637 3953 1746 3990 non

155 4036 334 4086 solum
365 4045 531 4083 nosse
568 4038 808 4092 terram,
851 4028 948 4081 sed
995 4028 1161 4081 etiam
1192 4029 1389 4081 coelum
1436 4029 1582 4096 quod
1625 4044 1748 4082 eam

155 4123 330 4176 ambit
387 4136 456 4174 ac
514 4121 762 4174 continet
801 4119 1246 4189 :synecdochice
1288 4119 1458 4172 veluti
1505 4120 1744 4187 quodam

156 4215 402 4268 termino
422 4212 745 4279 complexus
803 4225 903 4279 per
921 4211 1060 4263 duas
1088 4209 1362 4264 dictiones
1390 4210 1671 4279 opificium
1691 4221 1748 4265 et

155 4306 502 4359 creationem
536 4301 725 4355 mundi
751 4303 845 4371 qui
869 4302 1136 4370 aspicitur
1155 4310 1212 4355 et
1241 4303 1430 4356 mundi
1453 4303 1546 4371 qui
1583 4303 1746 4357 intel-

158 4397 374 4466 ligitur,
412 4409 580 4464 quem
608 4396 661 4445 in
682 4395 940 4462 principio
961 4394 1093 4448 fecit
1133 4395 1316 4449 Deus:
1354 4395 1409 4448 in
1435 4395 1738 4464 principio,

1857 589 2213 654 gationetan
2281 607 2388 642 non
2456 607 2550 642 aer
2589 591 2817 657 replevit
2879 589 3318 647 universitatem.
3374 597 3435 641 ιιι

1857 693 2123 745 nusquam
2168 680 2220 732 in
2265 681 2622 733 universitate
2676 681 3080 748 relinqueretur
3136 683 3290 735 locus
3343 696 3434 732 va-

1854 785 1990 822 cuus
2039 789 2050 821 :
2091 771 2191 824 hoc
2229 773 2375 824 enim
2435 771 2675 825 fatentur
2725 789 2916 826 onmes
2975 789 3244 839 nusquam
3310 788 3432 825 esse

1857 861 2034 912 loctnn
2072 876 2327 919 vacuum.
2361 869 2417 913 et
2458 873 2540 914 est
2565 864 2919 915 consentiens
2959 861 3202 914 onmium
3243 862 3432 930 opinio

1853 953 1997 1019 quod
2024 968 2117 1005 aer
2147 954 2397 1020 protinus
2442 954 2698 1007 eircuivit
2740 955 3181 1014 universitatem,
3212 954 3432 1022 quando

1856 1045 2014 1097 simul
2047 1055 2233 1097 coacta
2262 1046 2363 1098 fuit
2407 1063 2545 1114 aqua
2575 1046 2800 1115 abyssi;
2843 1062 2908 1097 ex
2960 1062 3097 1114 aqua
3152 1045 3323 1105 enim,
3373 1053 3433 1099 nt

1855 1136 2022 1188 semel
2070 1136 2271 1198 dicam,
2295 1139 2582 1190 exhalatur
2617 1153 2710 1190 aer
2747 1154 2758 1188 :
2796 1145 2882 1189 est
2920 1145 3099 1190 autem
3127 1137 3171 1188 is
3211 1151 3432 1203 quoque

1854 1236 2012 1296 typus
2042 1244 2103 1280 ac
2137 1228 2308 1294 figura
2340 1229 2645 1280 divinitatis
2661 1245 2781 1296 quae
2800 1244 2908 1281 non
2938 1236 3117 1297 potest
3139 1227 3429 1280 exinaniri.

1851 1319 2136 1384 Quomodo
2169 1321 2316 1373 enim
2350 1337 2444 1373 aer
2479 1330 2564 1374 est
2590 1321 2791 1387 ubique
2821 1331 2876 1375 et
2905 1321 3093 1389 implet
3119 1320 3324 1382 omnia,
3358 1320 3430 1372 ita

1851 1413 2014 1463 etiam
2071 1412 2255 1464 divina
2303 1422 2497 1465 natura
2546 1427 2786 1480 pnesens
2817 1412 2870 1464 in
2905 1412 3262 1465 universitate
3311 1425 3433 1463 eam

1855 1503 1928 1554 ita
1959 1503 2148 1571 implet
2180 1513 2238 1555 ut
2261 1504 2533 1556 exinaniri
2569 1513 2826 1572 nequeat.
2853 1503 3136 1569 Quomodo
3163 1503 3308 1556 enim
3337 1518 3435 1555 aer

1855 1607 1961 1644 non
1992 1593 2135 1644 hunc
2165 1593 2396 1661 implens
2431 1595 2610 1646 locum
2639 1609 2705 1645 ex
2737 1594 2828 1645 illo
2861 1601 2945 1645 est
2978 1592 3290 1644 exinanitus
3311 1634 3324 1655 ,
3359 1591 3431 1644 ita

1853 1683 2014 1733 etiam
2045 1682 2303 1734 divinitas
2344 1683 2530 1734 olttnia
2564 1683 2637 1734 ita
2670 1682 2858 1748 implet
2903 1690 2962 1734 ut
3007 1697 3114 1733 non
3145 1680 3433 1733 exinania-

1856 1780 1965 1821 tur.
1991 1772 2055 1822 Et
2079 1772 2355 1837 quomodo
2383 1787 2478 1823 aer
2503 1779 2584 1822 est
2607 1778 2662 1822 et
2697 1770 3075 1822 tenebricosos
3103 1779 3159 1823 et
3187 1769 3430 1834 lucidus,

1855 1860 2089 1926 primum
2121 1869 2303 1911 autem
2339 1869 2422 1912 est
2471 1859 2520 1911 id
2556 1860 2703 1926 quod
2744 1869 2826 1913 est
2879 1859 3320 1912 tenebricosum:
3356 1858 3430 1912 ita

1852 1945 2016 1995 etiam
2047 1945 2310 1997 llivinitas
2329 1955 2415 1998 est
2451 1947 2690 2000 tenebrm
2742 1947 3080 2009 nolentibus,
3129 1947 3218 1999 lux
3249 1955 3430 2000 autem

1853 2035 2186 2087 volentilms.
2224 2037 2465 2088 l’rinnnn
2493 2047 2678 2089 autem
2706 2046 2790 2090 est
2828 2038 2878 2089 id
2903 2038 3048 2106 quod
3077 2047 3157 2090 est
3194 2036 3435 2090 tenebri-

1852 2140 2062 2185 cosum,
2099 2129 2358 2192 quoniam
2396 2129 2634 2196 primum
2670 2129 2978 2195 ignoratur,
3012 2138 3067 2182 ct
3099 2141 3225 2181 tunc
3260 2144 3430 2196 agno-

1852 2220 2045 2271 scitur.
2112 2219 2177 2270 Et
2227 2220 2504 2286 quomodo
2554 2235 2649 2272 aer
2693 2219 2864 2273 veluti
2913 2219 3335 2273 intractabiliter
3374 2227 3431 2273 et

1854 2309 2247 2362 insensibiliter
2272 2321 2356 2362 est
2388 2310 2552 2362 etiam
2582 2308 2878 2377 perfectior
2898 2325 3021 2361 eum
3048 2309 3337 2364 scinditur.
3362 2308 3428 2361 ad

1854 2401 1955 2453 hoc
1991 2409 2049 2452 ιιι
2099 2409 2414 2468 permoveat
2443 2415 2638 2454 secans
2666 2416 2932 2469 corpora:
2965 2401 3038 2452 ita
3083 2401 3248 2454 etiam
3286 2401 3433 2454 Dens

1855 2494 1921 2546 iis
1951 2493 2044 2561 qtti
2077 2493 2256 2560 ipsum
2281 2493 2472 2544 volunt
2501 2491 2743 2544 medimn
2769 2491 3066 2559 pervadere
3090 2500 3144 2543 et
3173 2500 3430 2560 tanquam

1853 2599 1948 2649 per
1984 2583 2420 2650 penetrationem
2460 2582 2667 2649 (quoad
2693 2584 2812 2649 ejus
2853 2581 2969 2634 ﬁeri
3018 2591 3197 2649 potest
3237 2582 3304 2634 ab
3337 2582 3435 2633 ho-

1853 2676 2032 2740 mine)
2057 2675 2106 2726 ei
2142 2674 2409 2725 uninntur
2443 2673 2804 2734 insensiliter,
2852 2673 2966 2739 ipse
2996 2672 3162 2723 etiam
3188 2672 3434 2738 aperitur

1852 2781 1975 2818 cum
2016 2764 2369 2832 perfectione,
2415 2772 2471 2817 et
2496 2763 2588 2832 qui
2633 2763 2784 2816 novit
2831 2764 2946 2830 ipse
2980 2763 3185 2820 scit,ut
3230 2762 3322 2830 qui
3359 2763 3435 2814 sit.

1852 2853 2160 2905 dcifieatns.
2200 2853 2263 2905 Et
2303 2852 2579 2919 quomodo
2615 2866 2731 2911 aer,
2759 2859 2814 2904 et
2845 2851 2990 2920 quod
3025 2862 3110 2904 est
3157 2852 3431 2904 extrinse-

1852 2960 1949 2996 cus
1975 2946 2221 2996 continet
2240 2953 2295 2996 et
2323 2943 2609 3010 refrigerat
2632 2944 2778 3010 quod
2799 2952 2883 2996 est
2920 2944 3058 2995 intra
3089 2944 3311 3006 anintal,
3347 2952 3432 2996 est

1854 3043 2036 3088 autem
2063 3035 2234 3100 magis
2260 3034 2607 3088 necessarius
2636 3049 2769 3086 usus
2795 3033 2889 3101 qui
2927 3043 3012 3086 est
3049 3033 3380 3085 intrinsecus
3413 3052 3428 3086 :

1774 3164 1816 3220 ϐ
1857 3128 1926 3179 ita
1952 3127 2118 3178 etiam
2167 3126 2332 3186 Dens,
2381 3125 2434 3176 id
2493 3124 2716 3192 quidem
2757 3124 2904 3191 quod
2957 3134 3042 3178 est
3087 3125 3432 3177 extrinsecus

1850 3217 2093 3269 continet
2141 3216 2336 3268 castris
2381 3215 2727 3281 angelorum,
2778 3214 2963 3281 utqui
3011 3215 3120 3266 sint
3163 3213 3430 3266 salutares

1848 3308 2095 3376 spiritus,
2133 3308 2224 3359 sed
2251 3315 2307 3358 et
2339 3322 2435 3373 per
2471 3323 2527 3358 se.
2554 3308 2605 3359 in
2642 3306 2790 3372 ipsos
2821 3317 3082 3374 operatur
3106 3306 3432 3359 vit'ifieatio-

1847 3415 1969 3451 nem
1999 3407 2093 3451 aut
2115 3397 2619 3450 revivilieationem.
2658 3396 2720 3449 lli
2764 3407 2946 3450 autem
2981 3396 3080 3448 soli
3119 3395 3305 3448 divino
3339 3397 3433 3449 illo

1848 3489 2134 3555 privamur
2177 3501 2324 3547 aere,
2387 3486 2478 3553 qui
2539 3485 2826 3554 elegerunt
2875 3487 3210 3539 natatieuetn
3265 3502 3431 3554 super

1849 3585 2038 3640 peetus
2067 3585 2121 3629 et
2149 3585 2396 3628 ventrem
2426 3591 2520 3643 per
2549 3576 2837 3629 humorem
2873 3577 3079 3644 peccati
3100 3593 3110 3626 :
3132 3584 3259 3628 sunt
3281 3577 3429 3628 enim

1849 3667 2156 3734 voluptates
2185 3681 2251 3717 ex
2277 3665 2625 3717 humoribus.
2681 3665 2880 3718 Pectus
2913 3674 3092 3717 autem
3118 3675 3172 3716 et
3216 3673 3427 3724 venter,

1848 3759 1992 3810 aeris
2021 3757 2321 3826 propensio
2371 3756 2437 3808 ad
2471 3772 2533 3808 ea
2565 3772 2686 3824 quae
2717 3764 2845 3809 sunt
2875 3755 2977 3809 sub
3011 3764 3282 3808 ventrem.
3322 3754 3428 3807 Sed

1847 3849 2075 3901 densum
2113 3846 2402 3916 quemdam
2435 3857 2492 3900 et
2514 3847 2580 3900 ad
2614 3862 2899 3916 vesperam
2931 3846 3157 3898 omnino
3195 3860 3429 3912 vergen-

1850 3951 1978 4000 tem,
2001 3939 2446 4008 profundumque
2469 3949 2529 3992 et
2553 3937 2764 3991 tristem
2791 3946 3104 4004 atrumque,
3129 3944 3185 3988 et
3205 3936 3432 3988 omnino

1850 4031 2282 4092 tenebricosum,
2320 4045 2419 4097 per
2473 4043 2536 4081 ea
2582 4044 2704 4097 qua:
2743 4028 2889 4082 dicta
2956 4035 3084 4080 sunt
3142 4027 3431 4094 descripsit

1848 4120 2022 4172 Moses
2075 4119 2341 4171 mundum
2380 4127 2698 4171 terrestrem
2743 4126 3000 4186 opertum
3042 4117 3274 4170 diversis
3311 4117 3431 4185 qui-

1847 4212 2075 4265 busdam
2102 4211 2267 4265 veluti
2300 4209 2691 4279 integumentis
2706 4217 2760 4262 et
2785 4209 2943 4272 velis,
2969 4217 3222 4277 tanquatn
3245 4217 3432 4262 coacta

1845 4320 2158 4373 compressa
2196 4314 2365 4364 terra,
2419 4312 2480 4356 ut
2525 4317 2646 4370 qua:
2673 4301 2834 4353 simul
2875 4302 2945 4354 sit
2981 4300 3033 4352 in
3069 4300 3435 4353 tenebricosis

1845 4409 1900 4451 et
1926 4398 1978 4450 in
2007 4396 2202 4449 umbra
2245 4396 2442 4448 mortis
2473 4395 2526 4448 in
2588 4394 2948 4448 terrestribus
2983 4393 3145 4447 Erebi
3185 4410 3197 4444 :
3231 4394 3431 4462 partim

157 4488 411 4556 inquam,
441 4494 905 4554 paterno,nempe
929 4483 1144 4539 ratione
1161 4500 1257 4539 seu
1283 4485 1466 4540 Verbo
1491 4503 1503 4539 :
1528 4485 1592 4540 In
1625 4488 1739 4556 ipso
1776 4493 1815 4546 υ
1844 4488 2066 4556 quidem
2095 4487 2360 4541 sull'ocata
2396 4486 2555 4555 aquis
2578 4500 2700 4554 qua:
2731 4485 2781 4539 ei
2833 4493 2963 4538 sunt
2990 4485 3277 4555 imposita},
3311 4501 3434 4553 par-

155 4582 300 4633 cuim
339 4587 388 4630 et
413 4593 511 4650 per
540 4577 712 4640 ipsum
741 4578 918 4629 omnia
941 4577 1083 4645 facta
1110 4586 1233 4630 sunt
1251 4578 1316 4631 “.

215 4672 366 4726 Cum
397 4669 689 4737 hucusque
749 4668 1128 4722 constituisset
1149 4669 1454 4723 cmlestium
1476 4679 1532 4724 et
1567 4679 1743 4724 terre-

155 4763 358 4816 strium
390 4761 642 4813 omnium
674 4759 1034 4823 creationem,
1059 4759 1152 4828 qui
1205 4775 1329 4813 eum
1373 4761 1516 4815 Mose
1553 4762 1743 4830 loque-

157 4853 321 4906 batur
378 4851 477 4905 Dei
528 4851 755 4920 angelus
810 4849 1008 4905 transit
1046 4850 1112 4902 ad
1154 4852 1438 4921 mysticam
1480 4851 1740 4906 Ecclesiae

159 4945 461 4999 rationem.
487 4941 660 5006 Quam
689 4942 912 5011 quidem
941 4957 1136 4996 rursus
1157 4943 1323 4996 aliam
1353 4944 1594 5011 appellat
1624 4951 1740 4998 ter-

159 5053 299 5099 ram,
333 5035 548 5090 etdicit
570 5035 638 5089 de
667 5034 788 5104 ejus
819 5036 1162 5105 ignoratione
1195 5046 1252 5090 et
1277 5052 1466 5090 errore
1495 5039 1589 5106 qui
1623 5049 1743 5094 erat

161 5129 211 5179 in
245 5127 438 5189 initio,
468 5134 614 5180 terra
639 5135 818 5179 autem
852 5135 966 5179 erat
998 5127 1268 5181 invisibilis
1301 5136 1348 5180 et
1371 5130 1737 5198 incomposita,

160 5226 206 5269 et
239 5218 472 5270 tenebra:
496 5233 656 5285 super
693 5217 961 5286 abyssum,
1011 5226 1060 5270 et
1090 5216 1318 5287 Spiritus
1353 5219 1448 5272 Dei
1477 5221 1744 5288 ferebatur

156 5325 319 5378 super
361 5325 584 5376 aquam.
643 5308 1011 5374 Quaerendum
1073 5319 1157 5363 est
1213 5320 1445 5364 autem:
1484 5313 1739 5382 Nunquid

158 5415 282 5452 cum
340 5400 546 5453 caelum
591 5409 647 5453 et
681 5409 824 5453 terra
858 5400 969 5453 sint
1003 5401 1251 5454 ordinata
1297 5409 1355 5455 et
1390 5401 1500 5456 sint
1543 5403 1596 5456 in
1641 5419 1740 5458 suo

163 5491 309 5553 loco,
342 5500 400 5542 et
435 5499 701 5557 przrterea
737 5491 977 5545 habeant
1005 5492 1248 5545 medium
1291 5508 1450 5546 suum
1484 5494 1743 5547 interval-

163 5579 274 5631 lum
307 5579 378 5631 ab
412 5580 615 5649 abysso
647 5581 936 5648 repletum,
971 5591 1258 5652 postquam
1287 5599 1348 5637 ea
1393 5600 1611 5654 quoque
1640 5585 1743 5639 fuit

232 5753 276 5783 ⁸⁸
314 5751 526 5807 Coloss.
554 5768 592 5818 ι,
633 5752 714 5806 l6.

1853 4580 1946 4634 tim
1993 4588 2175 4633 autem
2225 4579 2400 4633 oll‘usa
2451 4577 2697 4632 tenebris
2737 4577 2922 4647 abyssi
2955 4595 2968 4628 :
3001 4576 3200 4629 deinde
3233 4576 3430 4646 spiritu

1850 4671 1997 4725 venti
2036 4671 2126 4739 qui
2149 4671 2509 4724 vehementer
2537 4667 2710 4720 fertur
2739 4682 2905 4735 super
2929 4682 3148 4734 aquam,
3175 4667 3244 4720 ah
3270 4665 3433 4718 umlis

1844 4765 2044 4833 jactata
2074 4771 2131 4816 et
2182 4761 2402 4830 agitata.
2449 4760 2602 4814 Ferri
2635 4759 2807 4821 enim,
2832 4758 3105 4828 significat
3135 4759 3432 4812 vehemen-

1849 4857 1978 4910 tiam
2017 4864 2199 4909 motus
2245 4863 2302 4908 et
2335 4854 2572 4922 impetus
2602 4853 2768 4907 aeris.
2822 4851 3002 4919 Atque
3043 4851 3159 4904 ha'c
3204 4850 3428 4919 quidem

1844 4957 1930 5003 est
1962 4956 2330 5017 congruenter
2375 4945 2571 4999 littera:
2614 4944 2860 4998 Mosaiete
2888 4943 2957 4996 de
2999 4952 3143 4995 terra
3190 4943 3431 4996 crassior

1845 5057 1909 5096 ae
1932 5039 2286 5108 corporalior,
2320 5036 2466 5105 quod
2511 5036 2580 5089 ad
2635 5036 2806 5104 ipsam
2867 5033 3067 5088 attinet
3118 5033 3426 5094 historiam,

1848 5131 2113 5184 narratio.
2141 5129 2284 5182 Mare
2317 5126 2594 5196 quoddam
2625 5125 2911 5179 horridum
2953 5141 3017 5179 ac
3049 5124 3428 5187 tenebrosum,

1850 5222 2148 5290 multisque
2174 5219 2337 5274 undis
2355 5220 2647 5288 jactatum,
2669 5226 2724 5271 et
2746 5226 2915 5270 totam
2937 5215 3229 5285 quamdam
3254 5223 3426 5268 atram

1849 5321 2065 5365 noctem
2128 5317 2316 5378 aperte
2362 5309 2686 5363 describens
2741 5317 2916 5362 totum
2979 5307 3173 5360 orbem
3221 5315 3424 5358 terrm:

1847 5403 1996 5473 quod
2035 5403 2256 5470 quidem
2309 5409 2496 5469 aperte
2539 5409 2594 5454 et
2645 5401 2780 5454 citra
2814 5399 2980 5453 ullam
3026 5396 3427 5450 dubitationem

1848 5493 2352 5562 eratprzefiguratio
2388 5502 2443 5546 et
2467 5492 2645 5560 imago
2686 5490 2895 5559 prioris
2915 5499 3108 5550 status,
3141 5489 3223 5541 vel
3247 5488 3429 5555 potius

1851 5584 2321 5654 transgressionis,
2358 5582 2587 5644 erroris,
2635 5589 2690 5635 et
2728 5579 3090 5650 tempestatis,
3113 5586 3170 5633 et
3213 5578 3430 5648 ignora-
