4200 6440
812 368 918 429 Βϐῗι

2042 382 2101 438 s.
2144 356 2539 436 Axxsrxsu
2582 380 2907 440 Sl.\'.\l'l‘.-E

3968 384 4070 446 8H

814 478 981 530 tionis
1037 490 1194 536 terra:
1228 502 1239 535 :
1270 498 1468 554 nempe
1529 488 1736 540 ratione
1788 491 2027 556 praedita:
2101 491 2377 544 Ecclesiae.
2411 494 2456 550 Α
2484 496 2837 558 generationis
2876 494 2998 546 ,Ιοιδη
3027 495 3219 547 Christi
3267 494 3385 547 Filii
3430 496 3697 549 Abraham
3729 498 3808 561 ³⁹;
3845 498 4069 551 dicente

810 566 934 621 Ιιίιξίξ
953 580 1094 624 terra
1130 584 1250 626 erat
1280 574 1594 639 invisibilis,
1623 595 1744 646 quae
1774 596 1879 634 non
1912 583 2088 636 solum
2108 599 2214 635 non
2238 583 2387 636 vidc-

812 658 995 719 hatnr,
1033 661 1125 714 sed
1145 679 1246 717 nec
1267 666 1521 731 videbat;
1553 669 1655 722 hoc
1682 682 1787 734 est,
1820 675 2001 725 statim
2032 673 2240 726 abortu
2264 684 2384 727 erat

807 750 928 803 sine
958 754 1134 805 oculis
1155 765 1210 808 et
1230 772 1370 810 ca:ca
1402 776 1413 809 :
1445 774 1606 826 quam
1636 764 1926 817 excwcavit
1950 765 2205 834 princeps
2230 775 2381 819 tene-

807 839 1028 894 brarum
1080 847 1264 900 saeculi
1320 850 1483 919 hujus
1547 852 1837 921 impositus
1886 872 2053 924 supra
2120 859 2378 927 abxssnm

807 932 1020 987 ratione
1064 938 1366 1003 praeditam.
1421 943 1588 1010 Aqua:
1621 960 1838 1013 quoque
1870 960 2218 1013 peccatorum
2258 966 2378 1004 eam

804 1021 1109 1079 obruerunt
1160 1038 1215 1081 et
1252 1030 1663 1098 demerserunt,
1714 1046 1770 1090 et
1815 1040 2083 1107 Spiritalia
2123 1042 2381 1109 nequitia:

803 1127 924 1177 qua:
966 1116 1255 1173 sulllarunt
1306 1137 1402 1191 per
1447 1141 1508 1177 os
1552 1129 1846 1194 serpentis,
1888 1131 1937 1182 ei
2002 1132 2380 1194 gravissimam

802 1211 1105 1263 attulerunt
1127 1219 1526 1281 tempestatem,
1553 1226 1608 1269 et
1630 1222 1992 1274 tentationum
2018 1223 2165 1276 mille
2182 1223 2382 1279 fluctus

799 1308 1133 1354 excitarunt.
1178 1303 1329 1358 Unde
1358 1308 1526 1359 etiam
1580 1318 1777 1362 terram
1838 1327 1943 1363 non
1990 1315 2166 1366 solum
2220 1316 2376 1379 dicit,

800 1389 1054 1459 ἀόρατον,
1087 1394 1138 1445 id
1168 1398 1595 1467 est,ddy.y.1:ov,
1614 1418 1808 1470 nempe
1843 1416 2124 1458 carentum
2146 1409 2322 1461 oculis
2363 1428 2374 1461 :

800 1477 894 1530 sed
923 1481 1086 1533 etiam
1117 1484 1476 1551 invisibilem,
1511 1500 1567 1541 ut
1602 1507 1723 1559 qua:
1755 1509 1862 1546 non
1893 1494 2177 1549 videretur
2201 1501 2379 1552 onmi-

800 1586 886 1621 no.
920 1574 1187 1637 Avertam,
1226 1578 1404 1646 inquit
1458 1581 1625 1646 Deus,
1670 1586 1846 1638 oculos
1896 1604 2033 1640 meos
2062 1606 2092 1640 α
2122 1589 2260 1641 vobis
2311 1593 2373 1644 ³⁵.

800 1660 989 1715 Sedet
1023 1681 1118 1732 per
1153 1668 1293 1721 Osee
1326 1670 1482 1733 dicit,
1529 1691 1637 1727 non
1681 1678 1855 1731 solum
1911 1678 2132 1743 Judaeis,
2184 1696 2373 1733 verum

797 1755 962 1806 etiam
1021 1760 1118 1810 toti
1168 1762 1353 1827 generi
1383 1781 1393 1814 :
1422 1764 1684 1820 (.‘lnutlnm
1732 1770 1905 1822 oculos
1938 1788 2075 1824 meos
2128 1790 2158 1826 α
2211 1775 2371 1836 vobis,

2487 582 2741 636 Christo:
2767 585 2876 653 Ego
2902 587 2993 637 lu.r
3020 588 3133 637 veni
3165 588 3216 637 in
3247 588 3500 639 mundum
3535 587 3615 650 ⁸⁶ς
3651 597 3705 641 cl.
3744 606 3755 639 :
3787 588 3903 656 Ego
3949 605 4067 641 sum

2487 674 2598 737 lux,
2630 687 2677 727 et
2708 678 2811 729 vita
2843 689 2890 729 et
2925 681 3234 731 resurrectio
3262 681 3301 709 δι
3330 696 3342 741 ;
3381 680 3469 732 lux
3494 696 3615 747 qua:
3644 697 3769 733 vere
3791 690 3914 733 erat
3944 693 4064 735 orta

2485 766 2555 818 ad
2590 768 2963 822 revelationem
2989 774 3225 840 gentium
3280 787 3401 839 qua:
3440 772 3591 840 prius
3620 782 3780 825 erant
3829 775 4063 827 ohtcne—

2486 857 2654 911 bruta:
2690 878 2702 911 :
2731 874 2797 912 ex
2836 862 3039 929 quibus
3068 862 3293 931 populus
3319 864 3408 930 qui
3443 872 3558 915 erat
3594 865 3647 916 in
3679 866 3906 917 tenebris
3932 866 4063 917 riilit

2485 946 2651 999 lucem
2687 966 2937 1019 ningnnm
2989 952 3031 980 “
3056 953 3387 1021 cognitionis
3411 995 3423 1014 ,
3452 955 3674 1020 quando
3699 956 3931 1006 visitur-it
3970 974 4061 1010 nos

2484 1043 2653 1093 oriens
2692 1059 2756 1094 ea:
2796 1044 2906 1095 ulto
2957 1044 3022 1105 “,
3064 1055 3124 1098 ut
3154 1046 3406 1099 illucerct
3450 1046 3518 1101 iis
3572 1049 3665 1116 qui
3713 1050 3965 1102 sedebant
4006 1054 4057 1104 in

2484 1132 2707 1185 tenebris
2741 1144 2789 1187 et
2836 1137 2889 1186 in
2932 1136 3119 1189 umbra
3163 1140 3346 1190 mortis
3401 1138 3462 1190 ⁵⁸.
3517 1137 3671 1203 Quod
3716 1146 3864 1193 enim
3915 1150 4058 1196 terra

2482 1233 2597 1275 erat
2630 1225 2681 1276 in
2717 1226 2874 1279 initio
2904 1227 2957 1279 in
2986 1226 3178 1281 inferis
3208 1228 3428 1291 obruta,
3476 1229 3528 1283 id
3568 1230 3721 1297 prius
3759 1232 4058 1300 descripsit

2485 1323 2627 1367 terra
2670 1316 2907 1384 genitam
2948 1328 3193 1372 nostram
3238 1329 3493 1373 naturam
3531 1320 3795 1374 sedentem
3830 1325 3883 1374 in
3910 1334 4056 1375 tene-

2481 1408 2588 1460 bris
2614 1420 2661 1461 et
2694 1412 2745 1461 in
2786 1414 2974 1465 umbra
3000 1415 3184 1465 mortis
3209 1431 3225 1466 :
3253 1415 3410 1482 cujus
3445 1414 3497 1467 in
3524 1415 3786 1468 extremis
3841 1424 4052 1483 tenipo-

2484 1501 2636 1551 ribus
2666 1515 2761 1568 per
2805 1503 3089 1557 Christum
3134 1504 3622 1568 illuminationem,
3658 1507 3813 1574 prius
3842 1507 4055 1560 descri-

2480 1592 2615 1645 hens
2657 1612 2668 1644 :
2703 1594 2847 1647 Dixit
2883 1594 3021 1647 Deus
3049 1611 3066 1646 :
3094 1594 3215 1647 Fiat
3255 1595 3369 1656 lux,
3414 1606 3463 1649 et
3507 1596 3646 1665 facta
3676 1606 3749 1650 est
3772 1597 3900 1661 lux,
3932 1615 4053 1667 qua:

2481 1683 2849 1747 prmcurrebat
2886 1692 2946 1735 et
2992 1684 3377 1753 praetigurabat
3411 1701 3595 1740 veram
3627 1687 3827 1750 lucem,
3855 1704 4052 1757 nempe

2482 1770 2687 1822 Jesum.
2722 1770 2833 1825 lloc
2861 1785 3042 1827 autem
3072 1775 3160 1828 hic
3193 1784 3451 1830 accurate
3481 1785 3538 1831 et
3572 1788 3764 1831 exacte
3798 1779 4051 1832 examina

798 1846 1045 1905 quoniam
1081 1848 1165 1899 odi
1192 1867 1351 1916 ορετίι
1388 1863 1556 1906 vestra
1603 1858 1668 1908 ".
1708 1858 1813 1911 Sed
1844 1874 1963 1913 eam
1992 1879 2213 1933 quoque
2243 1866 2375 1918 dicit
2413 1832 2457 1891 Β
2484 1857 2947 1924 quemadmodum
2983 1875 3110 1913 cum
3144 1860 3400 1930 superius
3434 1861 3665 1918 dixisset
3701 1881 3712 1916 :
3750 1862 3812 1917 In
3853 1866 4054 1934 primi-

795 1935 1214 2005 im-ompositum.
1266 1943 1396 1995 Nam
1448 1962 1571 2001 cum
1615 1949 1667 2002 in
1713 1965 1833 2004 eam
1883 1955 2010 2007 mali
2050 1956 2378 2026 irrupissent

795 2024 985 2086 fluvii,
1016 2041 1071 2082 et
1112 2030 1283 2100 iniqui
1332 2035 1634 2102 spirassent
1682 2042 1855 2103 venti,
1907 2045 2105 2098 cecidit
2164 2024 2374 2117 fuitque

796 2115 1154 2187 incomposita
1204 2132 1261 2177 ct
1307 2142 1414 2178 non
1465 2140 1787 2184 constructa
1824 2150 1836 2183 :
1876 2132 1978 2186 fuit
2022 2151 2213 2204 magna
2255 2115 2375 2207 eius

796 2210 952 2261 ruina
979 2228 992 2269 ;
1032 2220 1088 2264 ut
1118 2229 1239 2281 qua:
1263 2232 1369 2268 non
1393 2228 1539 2272 esset
1566 2221 1831 2275 a:diticata
1865 2239 2030 2293 supra
2064 2243 2292 2282 uxorem
2319 2240 2375 2283 et

793 2311 1046 2364 sponsam
1090 2301 1317 2367 Christi,
1361 2322 1557 2375 nempe
1585 2325 1750 2377 super
1791 2323 2003 2380 petram
2038 2316 2163 2371 ﬁdei
2202 2318 2371 2372 Petri.

793 2386 851 2439 In
879 2398 957 2442 tot
982 2405 1113 2460 ergo
1144 2403 1199 2446 et
1238 2396 1405 2449 tantis
1451 2400 1606 2452 malis
1641 2402 1859 2470 jaccbat
1906 2421 1937 2458 c
1990 2416 2132 2463 terra
2190 2414 2371 2479 genita

793 2478 1078 2535 hominum
1103 2495 1319 2549 natura,
1355 2490 1575 2556 quando
1613 2494 1758 2547 venit
1789 2497 2074 2564 plenitudo
2109 2478 2373 2572 temporis

793 2582 852 2624 ut
890 2576 1300 2631 ascenderctex
1340 2589 1564 2636 terreno
1593 2585 1867 2652 profundo
1914 2592 2279 2660 voluptatum,
2317 2605 2372 2650 ct

790 2662 1121 2718 liberaretur
1161 2670 1229 2721 ab
1275 2672 1434 2739 aquis
1484 2690 1603 2727 eam
1653 2677 2073 2746 suﬂoeantibus,
2122 2695 2177 2737 et
2226 2698 2373 2741 esset

791 2757 1157 2824 tranquillitas
1194 2763 1463 2821 undarum
1486 2782 1607 2834 qua:
1646 2768 1697 2821 in
1728 2786 1847 2823 eam
1877 2772 2235 2844 iusurgebant
2266 2797 2277 2830 :
2313 2790 2371 2833 ut

789 2845 915 2898 mali
941 2847 1166 2902 silerent
1203 2854 1372 2915 venti,
1403 2863 1458 2907 et
1485 2856 1806 2913 recederent
1837 2864 2079 2918 tenebrae
2114 2866 2372 2937 ignorau-

788 2934 897 2995 tim,
943 2944 1001 2989 et
1045 2939 1393 2995 illucescerct
1434 2947 1695 3014 splendor
1749 2952 1842 3005 Dei
1880 2934 2253 3023 cogitationis.
2304 2961 2371 3015 Et

790 3024 912 3080 ideo
973 3030 1195 3094 cecinit,
1252 3034 1319 3087 Et
1370 3036 1507 3089 dixit
1559 3039 1722 3102 Deus,
1775 3042 1892 3097 Fiat
1938 3046 2073 3102 lux:
2106 3049 2210 3104 hoc
2261 3060 2365 3115 est,

2477 1952 2563 2019 pio
2596 1951 2713 2018 fecit
2737 1952 2871 2005 Deus
2908 1952 3093 2006 cwlum
3132 1964 3180 2006 et
3214 1962 3415 2007 terram
3444 1993 3461 2019 ,
3497 1955 3591 2009 hic
3623 1972 3735 2010 non
3765 1956 3905 2011 dicit
3939 1976 3950 2009 :
3983 1958 4050 2012 Et

2478 2041 2607 2096 fecit
2649 2044 2793 2098 Deus
2842 2047 3021 2099 lucem
3044 2086 3057 2109 ,
3099 2046 3193 2099 sed
3227 2064 3238 2097 :
3271 2046 3337 2099 Et
3378 2048 3511 2100 dixit
3556 2047 3694 2102 Deus
3724 2067 3741 2104 :
3778 2048 3899 2103 Fiat
3934 2050 4047 2114 lux,

2478 2146 2536 2189 ut
2564 2138 2745 2191 discas
2770 2138 3134 2192 ditl'erentiam
3166 2138 3466 2193 creationis
3487 2149 3543 2194 et
3562 2142 3964 2208 generationis,
3990 2150 4049 2195 et

2477 2237 2537 2281 ut
2562 2228 2948 2281 luereticorum
2978 2244 3141 2282 voces
3170 2228 3521 2297 comprimas,
3548 2232 3643 2299 qui
3662 2230 4045 2286 dicuntheum

2476 2318 2738 2381 Verbum,
2777 2319 3129 2371 uolenteuiet
3170 2318 3405 2372 invitum
3437 2321 3746 2389 suscepisse
3789 2321 4047 2376 incarna-

2478 2410 2681 2462 tionem
2717 2426 2729 2462 :
2765 2408 2986 2477 etquod
3029 2418 3319 2476 propterea
3344 2408 3490 2477 quod
3510 2410 3723 2478 jussum
3750 2420 4045 2479 paternum

2476 2517 2583 2554 non
2616 2511 2802 2569 posset
2846 2516 3123 2561 recusare,
3152 2509 3211 2553 ut
3244 2501 3340 2568 qui
3380 2501 3596 2555 Patrem
3626 2512 3857 2564 amaret,
3900 2503 4045 2555 invi-

2476 2601 2563 2645 tus
2587 2601 2766 2646 tamen
2815 2602 2870 2645 et
2913 2601 2973 2645 ut
3024 2593 3118 2660 qui
3161 2592 3329 2646 nollet
3379 2607 3707 2661 repugnare.
3747 2593 4045 2647 humanam

2472 2685 2643 2737 subiit
2683 2694 2954 2738 naturam.
2983 2684 3216 2751 Pr0pter
3242 2683 3347 2737 hoc
3383 2697 3517 2751 ergo
3546 2692 3603 2738 et
3642 2691 3867 2752 propter
3898 2687 4049 2750 ejus-

2474 2778 2616 2830 modi
2647 2776 2779 2829 vitia
2807 2817 2821 2838 ,
2866 2792 2975 2829 non
3023 2775 3203 2829 dixit:
3231 2774 3298 2829 Et
3328 2774 3459 2829 fecit
3492 2775 3671 2829 lucem
3707 2793 3721 2828 :
3753 2775 3847 2829 sed
3882 2793 3894 2827 :
3926 2774 4047 2828 Fiat

2473 2866 2583 2919 lux.
2621 2866 2677 2920 Id
2708 2868 2853 2919 enim
2904 2865 3051 2934 quod
3097 2865 3156 2919 fit
3202 2880 3311 2919 non
3359 2863 3523 2918 habet
3557 2865 3789 2919 fortasse
3836 2879 4043 2920 conve-

2470 2957 2733 3012 nientiam
2757 2972 2882 3010 cum
2926 2955 3127 3009 aﬂ‘ectu
3156 2954 3222 3008 ad
3245 2969 3408 3023 quem
3440 2954 3768 3015 traducitur,
3804 2964 3865 3009 ut
3893 2957 4043 3024 quod

2470 3065 2594 3103 cum
2620 3048 2889 3102 elliciente
2917 3048 3145 3100 minime
3165 3047 3461 3100 conveniat
3494 3065 3505 3099 :
3537 3062 3646 3099 non
3669 3046 3748 3100 sic
3768 3056 3953 3101 autem
3984 3064 4045 3103 se

783 3114 1038 3168 Christus
1074 3134 1197 3172 vera
1243 3121 1334 3172 tiu:
1375 3139 1493 3191 qua:
1542 3125 1815 3182 illuminat
1850 3149 2057 3187 onmem
2100 3137 2362 3191 hominem
2394 3161 2436 3217 ο
2470 3143 2635 3196 habet
2666 3141 2968 3210 generatio.
2999 3140 3133 3193 Nam
3166 3154 3290 3207 quae
3314 3149 3674 3207 generantur,
3696 3140 4047 3194 collanantur

785 3210 1070 3262 venientem
1094 3212 1415 3267 inmundum
1442 3217 1651 3283 ".Fiat,
1673 3224 1881 3278 Scilicet
1899 3229 2083 3281 veniat
2110 3229 2175 3281 ad
2202 3245 2367 3297 gene-

787 3300 1076 3365 rationem,
1109 3302 1400 3373 eilingatur
1444 3319 1501 3362 ct
1533 3323 1879 3380 carperetur.
1924 3318 1993 3372 Ut
2028 3328 2213 3374 autem
2264 3322 2363 3376 tibi

781 3391 1118 3455 t)>l0lld0r0l,
1172 3397 1342 3465 magis
1379 3415 1543 3468 quam
1601 3406 1785 3459 omnia
1832 3424 1951 3462 esse
1995 3414 2362 3466 necessariam

783 3482 945 3536 Verbi
999 3486 1464 3552 incarnationem.
1506 3502 1562 3547 et
1612 3509 1836 3566 propter
1872 3518 1993 3555 eam
2041 3505 2182 3559 facta
2243 3524 2363 3562 esse

780 3575 984 3634 omnia.
1004 3578 1121 3629 sine
1145 3594 1252 3646 qua
1286 3596 1425 3636 vana
1450 3595 1577 3638 sunt
1598 3596 1655 3641 et
1682 3588 1883 3653 inania,
1912 3604 2140 3661 peccato
2165 3598 2360 3654 etl‘ecta

782 3667 997 3720 inutilia
1030 3678 1088 3722 et
1130 3671 1196 3723 ad
1230 3674 1463 3727 nihilum
1493 3676 1812 3745 redeuntia;
1856 3686 2039 3738 statim
2091 3687 2160 3741 ab
2204 3689 2361 3744 initio

779 3754 1071 3823 Scriptura:
1105 3761 1248 3812 etab
1273 3762 1406 3830 ipsis
1430 3770 1714 3832 promniiis
1758 3771 1906 3826 illam
1932 3774 2030 3828 tibi
2062 3778 2249 3841 tradit,
2272 3781 2359 3835 di-

774 3858 943 3897 cens:
976 3845 1039 3899 In
1071 3850 1329 3919 principio
1357 3853 1477 3920 fecit
1510 3855 1650 3910 Dens
1690 3860 1877 3914 crrlum
1909 3873 1959 3916 ct
1978 3875 2218 3931 terram;
2261 3886 2358 3924 seu

776 3934 905 3987 fecit
928 3937 980 3988 in
1014 3939 1285 4009 principio
1311 3947 1600 4013 temporali
1628 3965 1640 4000 :
1666 3963 1761 4003 seu
1795 3952 2000 4019 placuit
2034 3956 2084 4009 ei
2113 3968 2173 4011 ut
2204 3962 2361 4015 tieret

774 4028 975 4079 cmlum
1034 4038 1292 4099 tauquam
1355 4034 1532 4101 Deus,
1578 4048 1636 4092 et
1685 4050 1831 4095 terra
1888 4056 2114 4114 propter
2169 4050 2358 4105 Jcsum

776 4116 1075 4173 hominem.
1118 4121 1345 4187 Quando
1384 4138 1564 4183 autem
1615 4132 1665 4185 ei
1709 4135 1914 4201 placuit
1964 4138 2080 4193 haec
2114 4145 2361 4198 creatio?

772 4208 1002 4273 Quando
1042 4214 1211 4282 cmpit
1272 4218 1577 4285 producere
1615 4225 1857 4289 sensilia,
1900 4245 2007 4283 non
2054 4241 2238 4287 autem
2292 4252 2355 4291 ea

772 4315 895 4365 quae
920 4300 1125 4356 cadunt
1148 4305 1250 4357 sub
1279 4306 1717 4378 intelligentiam.
1746 4314 1967 4372 Sciebat
1989 4320 2137 4374 enim
2160 4322 2274 4378 fore
2299 4334 2359 4380 ut

773 4389 889 4443 bzee
924 4393 1014 4446 illa
1048 4403 1388 4462 paterentur,
1410 4409 1466 4453 et
1490 4403 1630 4457 male
1654 4406 2003 4463 allicerentur
2023 4423 2079 4467 et
2100 4429 2355 4469 corrum-

2469 3248 2593 3287 cum
2624 3231 3001 3301 generatione,
3039 3230 3204 3300 862
3228 3229 3573 3298 alterumque
3606 3240 3694 3284 est
3722 3231 4042 3299 alteri-gra-

2468 3332 2582 3375 tum
2639 3331 2695 3375 et
2732 3331 3041 3389 acceptum,
3095 3320 3369 3389 simulque
3414 3322 3693 3375 exsultant
3739 3330 3798 3375 et
3849 3330 4049 3391 petunt

2467 3413 2861 3482 perfectionem
2896 3430 2909 3465 :
2940 3410 3220 3480 quomodo
3248 3412 3414 3465 etiam
3439 3411 3694 3466 videmus
3732 3412 3878 3466 fetus
3901 3413 4048 3466 exsi-

2465 3507 2664 3561 lientes
2681 3506 2734 3560 in
2753 3505 3016 3559 maternis
3040 3504 3233 3559 uteris.
3253 3512 3310 3557 et
3333 3501 3595 3557 festinare
3619 3512 3680 3558 ut
3698 3504 4043 3559 eximantur:

2463 3606 2519 3651 et
2548 3597 2601 3650 in
2628 3596 2848 3665 plantis,
2895 3609 3099 3655 ramos,
3127 3593 3281 3655 folia,
3309 3592 3495 3656 flores,
3540 3592 3772 3657 fructus,
3808 3595 4048 3648 libenter

2463 3703 2733 3742 crescere.
2759 3686 2909 3740 Dixit
2960 3700 3115 3755 ergo,
3149 3683 3312 3737 Facta
3356 3693 3433 3737 est
3487 3683 3578 3738 lux
3614 3700 3632 3738 :
3672 3700 3783 3738 non
3812 3695 3998 3739 autem
4029 3703 4043 3738 :

2464 3780 2615 3833 Fecit
2683 3780 2884 3840 lucem,
2935 3786 2995 3830 ut
3043 3791 3141 3845 per
3190 3774 3348 3838 illud,
3398 3774 3567 3828 Facta
3612 3785 3708 3840 est,
3772 3777 4049 3845 intelligas

2462 3870 2834 3925 voluntarium
2890 3868 3291 3939 propriumque
3339 3876 3395 3921 et
3450 3867 3825 3921 laetabundum
3880 3869 4046 3924 Verbi

2461 3977 2586 4016 eum
2625 3963 2782 4016 Patre
2819 3960 3223 4029 beneplacitum
3257 3960 3311 4013 iu
3355 3958 3758 4022 lncarnatione,
3796 3976 3907 4014 non
3943 3978 4045 4014 au-

2463 4062 2572 4106 tem
2618 4052 2859 4105 Verbum
2898 4066 3121 4105 carnem
3156 4050 3396 4105 subiisse
3426 4059 3680 4104 coactum
3712 4060 3768 4104 et
3801 4052 4047 4105 necessi-

2463 4155 2571 4198 tate
2599 4143 2896 4197 adductum
2919 4160 2932 4195 :
2955 4142 3217 4196 inductus
3248 4158 3278 4196 a
3310 4142 3503 4205 verbo,
3542 4140 3706 4195 Facta
3741 4151 3835 4196 est.
3867 4142 4044 4209 Quem

2458 4235 2623 4289 etiam
2661 4233 2859 4287 videns
2907 4233 3070 4286 Pater
3114 4232 3194 4288 sic
3217 4247 3442 4286 carnem
3470 4241 3796 4302 gestantem,
3826 4233 4047 4289 hetatus

2458 4332 2563 4379 est.
2619 4323 2685 4377 Et
2717 4322 2842 4377 ideo
2882 4321 3090 4377 dicitur
3121 4340 3133 4375 :
3166 4322 3233 4375 Et
3275 4323 3405 4375 vidit
3450 4322 3588 4391 quod
3625 4333 3753 4376 esset
3788 4322 3950 4377 bona.
3984 4323 4044 4378 Si

2459 4414 2641 4470 omnia
2674 4430 2796 4484 quae
2834 4413 2965 4468 fecit
3012 4414 3159 4468 Deus
3200 4423 3331 4468 sunt
3363 4414 3521 4469 valde
3575 4413 4046 4482 bona,quomodo

773 4492 1036 4548 perentur
1062 4502 1092 4539 a
1125 4497 1350 4555 peccato
1375 4492 1503 4545 Adzn
1531 4511 1543 4546 :
1577 4504 1634 4547 et
1661 4511 1758 4551 sua
1790 4498 2131 4571 benignitate
2160 4514 2216 4559 et
2240 4506 2353 4560 cle-
2389 4484 2431 4538 υ
2459 4523 2569 4562 non
2595 4507 2729 4561 dicit
2764 4506 3047 4575 Scriptura
3079 4505 3199 4560 illas
3238 4505 3518 4569 tenebras,
3564 4520 3687 4574 qua:
3718 4514 3881 4559 erant
3914 4514 4044 4559 ante

771 4574 973 4626 mentia
1007 4578 1275 4642 praevenit
1302 4581 1429 4635 mali
1454 4584 1603 4651 quod
1637 4597 1757 4641 erat
1783 4604 2044 4658 passurus
2077 4596 2354 4654 incursio-

771 4674 1070 4723 uem,autc
1093 4668 1441 4725 affectionem
1469 4684 1525 4726 et
1570 4677 1765 4732 vitium
1819 4696 2016 4749 parans
2057 4688 2352 4745 medicum.

772 4753 1068 4820 Propterea
1089 4758 1255 4812 etiam
1281 4760 1489 4817 dicitur
1518 4767 1717 4820 vitulus
1744 4773 2021 4841 saginatus
2048 4779 2191 4845 apud
2213 4782 2357 4837 divi-

772 4858 900 4895 num
936 4845 1136 4900 Lucam
1183 4850 1247 4903 ³⁸.
1297 4852 1499 4908 Vitulus
1533 4866 1793 4928 tanquam
1836 4878 1966 4918 caro
2001 4884 2012 4918 :
2044 4870 2129 4923 vel
2160 4880 2218 4925 ut
2258 4875 2354 4943 qui

768 4934 961 4989 Crucis
1003 4939 1190 5007 jugnm
1237 4953 1355 4997 erat
1387 4954 1683 5014 tracturus,
1708 4955 1989 5023 saginatus
2032 4969 2240 5028 autem,
2290 4974 2350 5019 ut

768 5028 862 5095 qui
898 5030 1010 5096 jam
1050 5034 1178 5086 olim
1220 5045 1275 5089 ct
1336 5038 1405 5091 ab
1453 5040 1573 5109 ipso
1604 5044 1763 5100 initio
1803 5058 1970 5113 esset,
1989 5050 2251 5109 delinitur
2293 5067 2351 5113 et

771 5121 1190 5188 pnedestinatur
1216 5137 1275 5181 ut
1298 5140 1541 5185 nostram
1563 5135 1773 5192 subiret
1796 5150 2071 5200 naturam.
2118 5146 2349 5213 Quando

768 5226 902 5280 ergo
942 5215 1140 5269 caelum
1178 5222 1468 5277 constituit
1495 5234 1553 5278 et
1583 5235 1785 5283 terram
1832 5240 1889 5286 et
1912 5249 2035 5303 qua:
2068 5251 2348 5299 suntcum

767 5302 868 5365 eis,
913 5312 1045 5359 tunc
1084 5308 1247 5363 etiam
1282 5318 1527 5369 contexit
1560 5320 1881 5389 mysterium
1928 5302 2346 5390 incarnationis.

770 5395 849 5447 Ad
885 5398 1108 5464 angelos
1150 5402 1319 5466 enim,
1362 5404 1493 5462 Ada:
1534 5411 1811 5468 acerbitas
1848 5431 1956 5470 non
1991 5418 2095 5474 fuit
2121 5424 2346 5481 omissa.

775 5484 928 5541 Unde
962 5490 1129 5545 etiam
1170 5494 1291 5563 ejus
1330 5500 1632 5555 secundum
1670 5518 1892 5560 carnem
1933 5514 2346 5577 generationem

774 5579 829 5630 in
873 5579 1168 5651 Evangelia
1210 5585 1533 5644 describens
1581 5592 1906 5663 Matthteus,
1951 5600 2089 5655 dicit
2130 5620 2143 5657 :
2196 5604 2351 5660 Liber

1291 5703 1335 5734 "
1366 5705 1503 5760 tlsee
1535 5724 1607 5772 ix,
1642 5712 1721 5764 lt).

1316 5776 1357 5805 "
1396 5775 1500 5830 lsa.
1530 5794 1605 5843 Ix,
1635 5780 1688 5834 ‘2.

848 5693 894 5729 ³⁸
925 5696 1025 5749 lsa.
1049 5716 1084 5759 ι,
1134 5701 1214 5753 lii.

1822 5714 1865 5744 ³⁷
1902 5716 2059 5771 Joan.
2112 5735 2148 5778 ι.
2197 5724 2276 5777 ll.

774 5764 815 5796 “
855 5763 1011 5821 Joan.
1042 5785 1114 5833 xi,
1149 5771 1235 5825 ~33.

1765 5784 1810 5815 ⁸³
1850 5783 1985 5840 Luc.
2014 5803 2051 5853 ι,
2083 5789 2169 5844 78.

2388 5726 2431 5755 ³⁸
2471 5726 2603 5778 Luc.
2640 5741 2726 5786 xv,
2760 5722 2850 5777 25.

2251 5795 2292 5827 ³⁸
2329 5795 2464 5852 ibid.
2506 5796 2594 5851 '79.

2452 4600 2798 4663 lucem,esse
2834 4597 3052 4651 bonas?
3094 4597 3201 4651 Sed
3247 4612 3432 4666 neque
3471 4612 3644 4667 aquas
3676 4597 3797 4651 illas
3844 4595 4041 4659 bonas,

2452 4706 2632 4761 neque
2680 4690 2939 4761 abyssum
2974 4705 3097 4758 qua:
3153 4688 3583 4750 obscurabatur,
3638 4688 3840 4742 bonam
3881 4687 4039 4741 dicit.

2452 4784 2652 4839 Dicens
2666 4799 2798 4853 ergo
2824 4783 3099 4852 scriptor:
3128 4782 3195 4836 Et
3219 4782 3347 4836 vidit
3381 4781 3517 4835 Deus
3545 4781 3712 4835 lucem
3740 4782 3881 4849 quod
3910 4786 4042 4835 esset

2453 4878 2610 4941 bona,
2635 4875 2879 4931 ostendit
2911 4874 3060 4945 quod
3097 4873 3283 4927 omnia
3331 4873 3421 4927 illa
3455 4888 3576 4942 quae
3608 4882 3883 4927 venerunt
3913 4882 4044 4926 ante

2454 4983 2640 5023 veram
2699 4968 2880 5022 lucem
2942 4982 3063 5036 qua:
3130 4965 3454 5020 illuminavit
3503 4982 3715 5019 omnem
3773 4966 4043 5020 hominem

2454 5058 2743 5112 venientem
2765 5058 2821 5110 in
2848 5057 2985 5109 hunc
3014 5055 3288 5119 mundum,
3330 5062 3389 5109 et
3413 5062 3616 5108 terram
3642 5053 4041 5115 obscurarum,

2454 5150 2785 5213 obruerunt,
2814 5148 3203 5203 demerserunt
3256 5154 3314 5199 et
3361 5143 3863 5207 suffocaruntmon
3914 5159 4040 5199 esse

2453 5238 2596 5293 bona
2635 5255 2648 5291 :
2680 5236 2819 5292 adeo
2850 5244 2911 5289 ut
2963 5235 3077 5303 ipsa
3131 5249 3331 5288 carens
3364 5233 3594 5295 lumine,
3650 5231 3959 5285 invisibilis
3985 5240 4042 5286 et

2458 5330 2816 5400 incomposita
2875 5339 2933 5382 et
2993 5326 3313 5396 infrugifera
3370 5326 3672 5380 sustineret
3716 5326 4040 5379 contrarios

2455 5423 2707 5493 spiritus,
2737 5421 2832 5491 qui
2876 5430 3003 5474 ante
3027 5420 3208 5473 lucem
3262 5417 3467 5472 Christi
3511 5417 3565 5471 in
3592 5425 3737 5471 terra
3771 5416 4038 5470 obtinue-

2458 5523 2589 5568 runt
2633 5511 2999 5566 dominatum.
3043 5509 3101 5562 In
3142 5508 3229 5562 his
3273 5518 3479 5570 autem,
3515 5516 3742 5571 terram,
3788 5506 4037 5576 intellige

2459 5604 2763 5661 hominem.
2786 5602 2941 5659 Unde
2975 5601 3140 5655 etiam
3166 5599 3307 5653 hanc
3333 5598 3532 5653 bonam
3560 5597 3740 5652 lucem
3771 5597 4039 5652 audimus

2952 5719 2994 5750 ³³
3035 5717 3201 5771 .\latth
3226 5760 3240 5784 ,
3272 5732 3324 5781 ι,
3365 5716 3383 5770 Ι
3512 5714 3557 5747 ⁸⁸
3596 5713 3755 5771 Joan.
3798 5729 3898 5780 xu,
3939 5714 4030 5768 ω.
