4200 6440
144 398 249 459 865

1262 400 1340 458 ΙΝ
1384 398 1934 458 HEXAEMERON.
1970 425 2038 433 --
2084 400 2231 460 LIB.
2273 402 2322 461 l.

3323 418 3428 479 866

144 513 424 563 ιίιιουιιιριη
458 526 470 560 :
502 510 694 564 Omnes
741 512 831 580 qni
872 518 995 564 ante
1020 527 1100 563 me
1138 522 1413 571 venerunt,
1449 521 1570 564 sunt
1597 512 1738 579 fures
1770 518 1813 573 Λ
1845 512 2023 565 lucem
2058 530 2087 567 a
2122 514 2234 567 Deo
2259 514 2518 583 genitam.
2551 517 2709 583 Quod
2735 520 2780 573 si
2803 529 2864 574 ut
2893 533 2975 577 est
2997 540 3429 585 consentaneum

140 612 187 653 et
212 600 456 653 latrones
480 602 546 652 “.
571 601 713 666 Quid
754 602 917 663 dicis,
954 601 1184 654 Domine
1205 602 1226 653 ?
1251 601 1436 654 Omnes
1477 605 1568 672 qui
1612 612 1739 654 ante

158 710 187 743 4·
215 702 477 744 uin-rant
502 704 625 745 sunt
672 693 816 762 [ures
846 704 895 746 et
928 693 1202 745 latrones?
1238 692 1375 745 Num
1427 695 1578 747 l‘ures
1607 705 1739 748 sunt

142 794 194 837 et
218 786 498 846 latrones,
533 786 668 839 Abel
704 803 870 854 quem
904 786 1095 839 dixisti
1130 787 1362 856 justum.
1410 798 1465 838 et
1496 785 1652 848 Seth,
1684 799 1741 843 ct,

142 876 361 940 Enoeb,
416 885 473 930 et
501 876 660 932 Noe?
710 878 977 947 Nunquid
1024 878 1166 930 latro
1207 886 1293 931 est
1336 878 1636 941 Abraham,
1684 891 1743 933 ct

142 966 317 1029 Isaac,
340 979 399 1022 et
434 969 626 1032 Jacob,
658 981 717 1025 et
748 970 951 1031 Moses.
977 980 1032 1023 ct
1057 971 1285 1023 Aaron?
1314 971 1573 1039 Nunquid
1600 972 1741 1025 latro

139 1068 221 1112 est
264 1060 465 1124 David,
497 1063 592 1131 qui
624 1070 745 1116 erat
773 1062 1083 1116 secundum
1114 1077 1211 1115 cor
1247 1071 1424 1123 tuum,
1457 1062 1551 1130 qui
1596 1063 1742 1118 Deus

138 1152 237 1204 es?
271 1153 541 1223 Nunquid
578 1155 666 1207 fur
687 1163 772 1208 est
799 1153 1087 1222 Elias.qui
1115 1170 1239 1207 eum
1277 1164 1427 1207 tanta
1461 1155 1631 1223 gloria
1656 1162 1743 1208 est

139 1247 508 1313 assumptus?
533 1246 792 1315 Nunquid
817 1254 943 1299 sunt
964 1247 1208 1300 latrones
1232 1246 1423 1308 Isaias,
1445 1256 1500 1299 et
1525 1246 1740 1310 Daniel,

139 1344 193 1389 ct
223 1351 430 1390 (uiuies
460 1338 745 1406 propheta:
774 1338 869 1407 qui
921 1337 974 1391 in
1022 1338 1236 1392 visione
1282 1347 1432 1391 tuam
1474 1338 1742 1408 praevide-

140 1438 272 1480 runt
313 1430 766 1496 pra:sentiam,et
794 1445 914 1482 eam
944 1439 1071 1483 ante
1108 1431 1554 1484 annnntiarnnt?
1604 1430 1741 1484 Nam

142 1521 175 1572 ii
196 1512 401 1575 mones
430 1530 556 1575 ante
592 1530 644 1575 te
676 1520 731 1573 in
760 1535 926 1574 carne
958 1528 1256 1583 venerunt,
1284 1536 1426 1589 quos
1449 1537 1593 1590 smpe
1619 1536 1741 1575 esse

133 1614 319 1682 justus
359 1614 418 1666 in
444 1614 555 1667 tuis
581 1613 937 1667 sermonibus
961 1628 1022 1666 es
1060 1621 1315 1668 testatus.
1363 1613 1622 1683 Nunquid
1655 1613 1744 1666 fur

138 1719 193 1760 et
219 1707 365 1759 latro
406 1721 493 1760 est
519 1706 760 1761 Joannes
787 1722 1119 1776 praecursor,
1176 1710 1272 1776 qui
1306 1724 1432 1761 eum
1477 1708 1741 1772 venisset,

140 1798 368 1851 dicebat
398 1814 413 1851 :
449 1798 597 1850 Venit
631 1800 720 1869 qui
765 1807 842 1852 est
878 1806 1002 1851 ante
1031 1814 1111 1851 me
1137 1800 1221 1851 “1'
1272 1800 1341 1853 Et
1389 1801 1433 1853 si
1485 1808 1569 1854 est
1606 1799 1694 1853 fur
1724 1839 1740 1861 ,

1839 615 1905 653 ea
1932 617 2052 668 qme
2090 602 2352 656 dicuntur
2394 606 2633 669 mireris,
2675 608 2765 663 die
2796 620 2852 664 tu
2897 627 3146 680 quzeuam
3184 620 3273 674 lux
3303 641 3430 678 cum

1839 702 1987 746 esset
2008 692 2150 746 Deus
2181 694 2365 749 statim
2392 696 2689 753 obscurum
2715 711 2771 755 et
2807 705 3161 761 tenebrosmn
3190 713 3428 777 primum

1840 796 2002 835 suum
2030 782 2159 838 fecit
2184 800 2345 853 opus,
2377 788 2667 852 mundum,
2688 790 2910 860 inquam
2930 794 2954 846 ?
2977 794 3263 861 Quomodo
3280 805 3428 858 enim

1842 875 2141 929 artiﬁciose
2198 892 2434 945 operans
2495 890 2757 948 operatur
2823 884 2878 938 in
2930 888 3099 941 loee?
3145 889 3256 944 Cur
3304 906 3431 949 ante

1841 965 2019 1021 lucem
2083 969 2267 1037 posuit
2320 970 2618 1025 tenebras?
2678 974 2925 1043 Deinde,
2967 995 3091 1034 cum
3134 984 3284 1051 prius
3338 1002 3433 1053 po-

1841 1060 2062 1124 suisset,
2095 1063 2372 1131 quomodo
2395 1080 2502 1118 non
2526 1065 2659 1120 dicit
2680 1071 3141 1137 quemadmodum
3166 1076 3270 1130 illa:
3294 1093 3431 1131 eon-

1844 1152 2090 1206 stiterint
2124 1154 2398 1209 tenebrw?
2422 1166 2507 1211 est
2532 1160 2681 1211 enim
2719 1165 3073 1231 perspicuum
3109 1169 3252 1236 quod
3280 1180 3432 1225 tene-

1843 1245 1955 1300 hrze
1987 1255 2118 1301 sunt
2142 1248 2359 1318 signum
2386 1266 2482 1303 seu
2515 1254 2823 1322 symbolum
2854 1260 3083 1326 peccati.
3128 1262 3429 1319 incrcalum

1842 1348 2027 1391 autem
2074 1349 2158 1393 est
2211 1348 2499 1409 peccatum
2529 1352 2586 1395 et
2634 1346 2859 1401 minime
2906 1351 3237 1405 consistens.
3280 1354 3429 1419 Quo-

1843 1427 2007 1481 modo
2074 1430 2222 1483 enim
2269 1446 2426 1499 aqua:
2495 1434 2789 1505 caliginem
2836 1439 3044 1494 habent
3092 1457 3156 1495 ex
3204 1446 3430 1513 propria

1841 1522 2082 1576 essentia
2117 1540 2131 1575 :
2164 1524 2237 1577 ita
2278 1525 2444 1579 etiam
2489 1526 2655 1581 homo
2709 1532 2934 1599 proprio
2985 1542 3041 1586 ct
3092 1549 3200 1587 non
3232 1546 3430 1590 coacto

1843 1614 2132 1681 proposito
2181 1628 2278 1668 seu
2335 1626 2531 1685 sponte
2564 1617 2694 1671 facit
2733 1629 2789 1673 et
2835 1632 3093 1689 procreat
3118 1636 3426 1693 peccaturo.

1844 1704 1923 1757 Tu
1953 1716 2136 1758 autem
2164 1715 2460 1775 antequam
2491 1710 2681 1763 venias
2716 1712 2781 1763 ad
2822 1714 3219 1782 exquirendam
3258 1719 3426 1773 ratio~

1844 1811 1971 1849 nem
2019 1796 2130 1850 diei
2166 1813 2231 1850 ac
2268 1799 2468 1863 noctis,
2501 1800 2659 1868 prius
2680 1802 2971 1857 considera
3003 1808 3151 1874 quod
3187 1811 3431 1865 tenebrat

140 1886 431 1956 quomodo
467 1887 535 1940 de
566 1903 633 1942 eo
661 1887 904 1950 testaris,
938 1887 1130 1942 dicens
1164 1907 1176 1941 :
1204 1889 1324 1942 Non
1350 1891 1578 1942 surrexit
1608 1891 1743 1941 inter
1774 1865 1816 1919 Β
1844 1895 2009 1941 erant
2041 1889 2301 1941 increatze
2332 1906 2345 1941 :
2377 1889 2579 1944 deinde
2633 1892 2745 1955 lux,
2786 1902 2843 1948 et
2878 1905 3069 1964 postea
3113 1898 3273 1953 factae
3301 1910 3432 1955 sunt

140 1989 299 2031 natos
326 1978 621 2031 mulierum
647 1981 827 2048 major
853 1978 1058 2032 Joanne
1092 1978 1333 2048 Baptista
1354 1981 1437 2032 "?
1472 1980 1740 2043 Subsiste,

140 2071 347 2140 inquit.
375 2073 473 2141 qui
516 2072 631 2125 hzee
660 2072 800 2125 dicis
834 2090 847 2125 :
881 2088 990 2126 non
1032 2073 1231 2141 loquor
1273 2072 1342 2125 de
1381 2073 1447 2126 iis
1486 2073 1583 2142 qui
1616 2081 1743 2125 ante

141 2181 227 2217 me
256 2165 373 2216 nati
404 2174 535 2217 sunt
584 2165 638 2217 in
678 2180 864 2218 carne.
916 2164 1024 2218 Sed
1065 2164 1327 2233 quoniam
1363 2165 1489 2218 veni
1534 2181 1565 2219 ο
1602 2165 1743 2219 caelo

142 2259 345 2309 missus
385 2274 417 2309 a
461 2257 624 2310 l‘atre
670 2274 815 2317 tneo.
860 2272 1056 2310 omnes
1109 2256 1205 2325 qui
1256 2272 1325 2309 ex
1358 2256 1553 2309 eodem
1601 2257 1742 2309 emlo

141 2363 266 2398 eum
300 2348 504 2399 eodem
531 2362 700 2415 scopo
728 2354 1005 2401 venerunt
1035 2359 1162 2401 ante
1198 2362 1307 2405 me.
1341 2356 1470 2400 sunt
1503 2349 1654 2401 fures
1685 2356 1742 2401 et

140 2438 392 2491 latrones
426 2456 439 2491 :
472 2454 671 2507 nempe
698 2439 1029 2493 adversaria:
1054 2439 1377 2493 Potestates.
1410 2440 1479 2493 Et
1512 2440 1742 2509 subjun-

140 2530 217 2596 git
253 2529 477 2592 dicens,
520 2528 636 2582 Non
679 2530 967 2583 audierunt
1000 2546 1119 2583 oves
1161 2529 1229 2583 "'.
1298 2532 1573 2595 Quasnam
1610 2545 1743 2583 oves

141 2622 306 2683 dicis,
341 2622 597 2683 Domine,
660 2638 769 2675 non
817 2623 1059 2676 audiisse
1100 2637 1291 2676 vocem
1336 2630 1394 2675 et
1432 2622 1738 2675 doctrinam

143 2717 424 2767 malorum
470 2714 810 2782 spirituum?
874 2715 1012 2768 Nam
1072 2714 1117 2768 si
1175 2713 1244 2766 de
1296 2713 1503 2767 Judzeis
1558 2714 1737 2767 dicis:

141 2806 487 2859 obcdierunt
533 2815 591 2859 et
630 2804 1012 2861 sacriﬁcarunt
1056 2805 1376 2866 daemoniis;
1420 2805 1503 2859 sin
1554 2815 1737 2858 autem

141 2896 209 2949 de
236 2896 525 2964 gentibus,
551 2911 652 2949 nos
678 2910 874 2949 omnes
913 2896 1151 2966 subjecti
1195 2896 1402 2948 fuimus
1426 2906 1480 2949 et
1510 2897 1739 2949 servivi-

146 3001 267 3039 mus
302 2985 536 3039 diabolo
569 2995 697 3040 ante
728 2995 883 3040 tuum
928 2987 1252 3049 adventum,
1297 2988 1535 3056 principi
1568 2989 1738 3041 latro-

143 3094 297 3140 num,
329 3086 389 3132 et
414 3076 630 3147 angelis
674 3079 794 3148 ejus
827 3078 989 3131 malis
1016 3077 1238 3130 furibus
1266 3088 1584 3131 nostrarmn
1615 3080 1739 3131 ani-

145 3185 384 3223 marum.
428 3169 538 3223 Sed
573 3184 681 3222 non
709 3168 857 3232 dico,
901 3168 1103 3237 inquit,
1146 3169 1214 3222 de
1254 3169 1609 3221 hominibus:
1639 3169 1733 3221 sed

145 3261 211 3312 de
244 3262 360 3314 illis
394 3262 695 3331 nonaginta
726 3276 922 3314 novem
962 3262 1162 3315 ovibus
1189 3279 1201 3314 :
1231 3261 1299 3314 de
1332 3261 1617 3329 angelicis,
1648 3263 1735 3315 in-

142 3367 333 3421 quam,
367 3351 747 3405 Potestatibus
782 3352 1081 3420 supernis;
1132 3352 1240 3406 illa:
1273 3353 1421 3405 enim
1456 3366 1589 3405 oves
1625 3368 1736 3406 non

142 3443 448 3496 audierunt
473 3457 664 3495 vocem
692 3441 876 3495 furum
909 3450 966 3495 et
1007 3442 1305 3496 latronum.
1345 3442 1487 3508 Quid
1524 3452 1609 3497 est
1637 3459 1739 3496 au-

143 3543 249 3586 tem
286 3550 300 3584 :
336 3532 460 3585 Non
506 3533 811 3595 audierunt,
873 3533 977 3585 nisi
1027 3533 1174 3602 quod
1220 3550 1317 3602 per
1347 3534 1450 3589 hoc
1485 3535 1736 3598 verbum,

141 3624 275 3677 dicit
304 3639 420 3676 non
456 3623 642 3691 lapsos
671 3638 794 3678 esse
815 3625 1059 3693 angelos,
1084 3640 1185 3679 nec
1209 3626 1303 3679 ulli
1330 3627 1539 3695 probro
1566 3627 1739 3681 fuisse

139 3716 438 3768 obnoxios.
472 3714 582 3767 Aut
623 3730 816 3769 rursus
840 3731 943 3770 nos
983 3716 1192 3771 docens
1219 3758 1233 3779 ,
1272 3718 1432 3771 tacite
1469 3718 1739 3787 signiﬁcat

138 3809 287 3878 quod
334 3808 394 3860 in
433 3816 683 3876 tempore
705 3822 897 3861 eorum
928 3808 1281 3872 defectionis,
1314 3825 1439 3863 eum
1462 3810 1543 3864 eis
1566 3825 1596 3863 a
1629 3811 1739 3864 Deo

136 3910 289 3954 esset
345 3899 741 3963 excidendum,
789 3898 1086 3953 consilium
1118 3900 1394 3956 dederunt
1426 3912 1483 3956 et
1516 3918 1740 3973 suggcsv

135 3999 336 4045 serunt
367 3989 630 4043 omnibus
654 3989 921 4059 angelicis
949 3989 1261 4044 virtutibus
1294 4002 1352 4045 ut
1387 4007 1417 4046 a
1450 3995 1561 4047 Deo
1599 3992 1736 4046 deﬁ-

135 4092 339 4136 cerent
373 4101 386 4135 :
417 4081 517 4135 sed
549 4097 668 4135 oves
726 4096 823 4136 eos
857 4097 969 4135 non
998 4082 1317 4146 audierunt,
1363 4084 1468 4137 nisi
1506 4086 1681 4138 solum
1707 4101 1738 4139 e

138 4187 291 4229 terra
339 4174 530 4243 genita
576 4174 700 4228 ovis
745 4173 989 4227 hominis
1022 4189 1145 4243 qua:
1192 4174 1359 4243 periit
1394 4183 1451 4228 et
1488 4176 1558 4230 ab
1607 4177 1739 4247 ipsis

137 4267 244 4318 fuit
268 4266 537 4334 decepta,
574 4280 740 4334 quam
772 4265 1123 4326 occiderunt,
1162 4276 1219 4319 et
1242 4278 1552 4335 posuerunt
1587 4283 1738 4321 mor-

138 4366 317 4417 tuam.
356 4356 410 4408 in
441 4356 565 4409 loco
594 4356 911 4418 tenebroso,
961 4356 1016 4409 in
1050 4356 1244 4410 inferis
1270 4367 1327 4411 et
1358 4358 1553 4411 umbra
1586 4375 1739 4412 mor-

137 4448 229 4501 tis.
277 4447 351 4500 Et
386 4446 491 4500 hac
529 4446 599 4499 de
635 4462 798 4501 causa
841 4446 979 4501 dicit
1032 4447 1263 4501 historia
1295 4466 1307 4500 :
1335 4448 1496 4502 Terra
1560 4460 1736 4504 autem

1848 1978 2089 2032 tenelmu
2124 1999 2135 2032 :
2170 1979 2335 2049 idque
2370 1980 2519 2035 diem
2574 1985 2825 2039 nominat
2864 1986 3099 2058 Moyses,
3140 1991 3236 2045 sed
3281 1991 3429 2047 diem

1845 2086 1951 2124 non
1986 2077 2066 2125 sic
2114 2073 2421 2125 metiuntur
2450 2088 2663 2129 omnes.
2697 2075 2833 2129 Nam
2869 2077 3146 2149 Babylone
3180 2083 3429 2150 quidem,

1842 2162 1911 2214 ah
1941 2173 2067 2215 ortu
2102 2162 2239 2216 solis
2275 2162 2344 2215 ad
2383 2178 2669 2226 occasum,
2706 2166 2853 2220 diem
2881 2170 3185 2239 accipiunt,
3218 2175 3429 2229 nullam

1842 2255 2023 2307 noctis
2045 2253 2312 2308 facientes
2341 2257 2700 2319 mentionem,
2722 2268 2781 2311 ut
2820 2274 2945 2328 qua:
2985 2262 3213 2318 minime
3239 2267 3430 2321 consi-

1842 2353 1968 2401 stat.
1997 2344 2091 2398 sed
2114 2345 2205 2397 ﬁat
2228 2360 2324 2413 per
2350 2346 2631 2400 accidens.
2656 2346 2895 2418 Egyptii
2922 2360 3127 2417 autem,
3151 2369 3180 2407 a
3198 2370 3428 2425 vespera

1842 2434 2230 2489 advenientem
2278 2443 2572 2489 numerant
2635 2435 2804 2499 diem,
2874 2453 3051 2507 usque
3113 2457 3307 2497 rursus
3360 2446 3429 2498 ad

1841 2541 2150 2595 vesperam,
2192 2535 2485 2595 propterea
2514 2527 2660 2595 quod
2689 2537 2815 2583 ante
2842 2530 3006 2600 hujus
3049 2533 3433 2590 universitatis

1840 2618 2259 2670 exornationem
2290 2624 2347 2670 et
2387 2617 2864 2681 distributionem.
2916 2622 3177 2677 tenebras
3223 2634 3433 2693 ponant

1842 2709 2034 2762 mundi
2062 2708 2461 2777 descriptores.
2514 2709 2837 2778 annsmodi
2873 2721 3060 2766 autem
3113 2725 3243 2767 sunt
3272 2725 3432 2771 tene-

1842 2796 1977 2860 ιιι-ω,
2040 2798 2342 2851 sensilesnc
2381 2813 2568 2850 annon
2611 2798 2929 2869 hujusmodi
2973 2802 3158 2857 :illud
3206 2819 3432 2874 quoque

1841 2896 1927 2941 est
1956 2898 2151 2941 nostro
2179 2898 2347 2957 captu
2385 2891 2646 2958 superius
2694 2902 2757 2946 ut
2789 2892 3184 2964 intelligamus,
3209 2905 3266 2950 et
3297 2913 3430 2965 pro-

1842 2996 2032 3055 pterea
2062 2995 2280 3039 noctem
2325 2988 2576 3041 nominat
2609 2988 2722 3043 diei
2767 2999 3022 3045 matrem.
3074 2991 3233 3048 Unde
3262 2994 3431 3049 etiam

1840 3077 1933 3146 qui
1982 3077 2197 3130 fabulas
2250 3076 2615 3147 scripserunt,
2674 3080 2916 3150 primum
2988 3082 3197 3138 Latona
3243 3093 3427 3139 natam

1839 3170 2013 3223 fuisse
2045 3170 2241 3224 dicunt
2284 3171 2535 3235 Dianam,
2567 3172 2769 3228 deinde
2820 3174 3155 3244 Apollinem;
3188 3177 3293 3232 hoc
3320 3187 3426 3243 est,

1839 3276 1869 3314 e
1904 3269 2083 3315 nocte.
2131 3262 2248 3330 Ipsa
2279 3271 2460 3315 autem
2485 3271 2571 3316 est
2601 3263 2809 3318 Latona
2845 3283 2859 3318 :
2895 3265 2951 3319 in
2977 3268 3094 3335 ipsa
3117 3268 3265 3321 enim
3302 3277 3428 3325 nata

1838 3359 1923 3405 est
1943 3351 2175 3411 oblivio,
2196 3360 2251 3403 et
2274 3366 2520 3405 somnus.
2540 3353 2777 3407 Primam
2805 3370 2939 3425 ergo
2972 3365 3230 3427 tauquam
3253 3358 3430 3427 ἄρτω-

1843 3460 1959 3512 μιν,
1982 3457 2079 3495 seu
2121 3442 2465 3513 ἀωζότωμιν,
2507 3460 2707 3514 nempe
2737 3448 2865 3500 aera
2895 3456 3200 3513 secantem,
3244 3458 3427 3504 natam

1838 3549 1960 3588 esse
1991 3535 2213 3599 lunam;
2248 3544 2372 3605 post
2394 3552 2557 3605 quam
2595 3547 2761 3593 natus
2784 3548 2871 3593 est
2898 3541 3066 3594 etiam
3092 3541 3292 3610 Apollo
3320 3560 3333 3594 :
3371 3542 3427 3597 id

1837 3634 1942 3688 est,
1967 3626 1996 3677 ὁ
2020 3626 2129 3679 ἀπὸ
2162 3627 2302 3679 ὅλων
2338 3626 2511 3695 ἥλιος,
2548 3628 2627 3680 sol
2657 3643 2724 3681 ex
2769 3629 3064 3691 universis,
3102 3645 3171 3684 ne
3201 3630 3427 3684 univer-

1838 3714 2058 3769 sitatem
2106 3721 2370 3769 exureret
2407 3723 2463 3768 et
2514 3716 2568 3769 in
2620 3715 2833 3770 fumum
2886 3717 3184 3787 redigeret.
3234 3718 3429 3774 Umbri

1838 3815 2048 3868 autem,
2087 3822 2220 3877 gens
2255 3807 2462 3873 Italica,
2495 3824 2523 3862 a
2550 3808 2781 3863 meridie
2811 3806 2866 3863 in
2917 3810 3206 3865 meridiem
3235 3810 3431 3868 dicunt

1837 3915 1960 3954 esse
1991 3899 2137 3954 diem
2168 3919 2180 3953 :
2218 3915 2399 3968 neque
2430 3901 2578 3954 enim
2609 3902 2869 3956 omnibus
2892 3903 3213 3973 regionibus
3239 3919 3427 3974 parem

1838 4006 2062 4044 cursum
2092 3998 2277 4044 servat
2321 3991 2460 4045 dies.
2501 3991 2664 4047 Certe
2699 3994 2844 4047 circa
2883 3994 3053 4047 maria
3098 3993 3343 4049 borealia
3373 4004 3431 4049 et

1838 4081 2097 4143 Thulem,
2131 4096 2236 4133 nox
2281 4089 2368 4134 est
2418 4081 2764 4135 brevissima.
2805 4081 2943 4137 Cum
2994 4084 3139 4137 enim
3192 4084 3272 4138 sol
3314 4085 3428 4155 jam

1838 4170 2007 4225 interit
2049 4171 2105 4223 in
2159 4185 2382 4233 occasu,
2449 4170 2721 4224 minuitur
2753 4186 2947 4242 parum
2999 4172 3336 4241 splendoris,
3371 4185 3430 4229 et

1836 4260 2021 4314 statim
2051 4276 2244 4313 rursus
2271 4270 2501 4328 apparet
2525 4261 2577 4313 in
2598 4261 2835 4315 oriente.
2861 4261 3226 4316 Athenienses
3242 4272 3428 4318 autem

1836 4357 1894 4403 et
1926 4349 2158 4403 Romani
2189 4348 2259 4402 ab
2294 4361 2419 4402 ortu
2470 4366 2649 4419 usque
2693 4352 2759 4405 ad
2795 4367 3052 4407 occasum
3095 4354 3243 4407 diem
3289 4354 3430 4408 deﬁ-

1836 4438 2019 4498 niunt,
2058 4447 2119 4490 ut
2144 4438 2280 4492 dicit
2305 4438 2442 4492 Cato
2462 4449 2520 4492 et
2546 4439 2749 4494 Labeo.
2786 4442 2893 4496 Sed
2931 4459 3113 4513 neque
3156 4445 3261 4500 hoc
3292 4463 3427 4516 prm-

136 4549 254 4591 εναι
308 4538 591 4591 invisibili;
661 4545 710 4591 ει
755 4540 1126 4607 incomposita,
1187 4549 1235 4592 ει
1292 4540 1517 4594 τεηεθηε
1578 4558 1736 4610 super
1768 4537 2121 4606 Dtercurras
2184 4530 2237 4583 in
2292 4531 2567 4601 principio
2632 4534 2822 4587 mundi
2864 4538 3185 4600 creationis,
3229 4554 3427 4608 nempe

136 4631 391 4700 abyssum
413 4646 431 4683 :
453 4630 605 4683 make
623 4640 748 4683 ante
772 4630 1186 4697 generationem
1218 4630 1375 4684 home
1402 4631 1543 4685 lucis
1568 4648 1734 4701 super

139 4738 281 4785 eam,
333 4734 536 4789 nempe
580 4718 892 4789 ignorantia
945 4730 1002 4774 et
1046 4737 1225 4775 error.
1283 4722 1490 4777 Deinde
1533 4724 1730 4778 eodem

140 4815 333 4875 modo,
380 4813 570 4866 lsraeli
611 4812 765 4882 prius
804 4822 1091 4881 ponuntur
1139 4814 1244 4867 illa:
1290 4814 1456 4868 trium
1514 4816 1732 4869 dierum

141 4906 408 4963 tcuebraa.
433 4902 705 4957 etdcinde
726 4919 919 4957 rursus
943 4904 1080 4957 dies.
1099 4904 1165 4958 Et
1188 4921 1380 4959 rursus
1399 4916 1729 4960 nocturnum

137 4994 366 5047 Pascha?
402 4992 757 5055 sacriﬁcium,
800 5003 858 5047 et
884 4993 1002 5047 dies
1040 4995 1135 5063 qui
1164 4996 1420 5050 lsraelem
1455 4997 1577 5067 plus
1600 4998 1727 5051 illu-

136 5087 377 5140 minavit
407 5100 575 5153 quam
599 5085 694 5154 qui
740 5093 871 5140 tunc
919 5097 1296 5155 praecesserat.
1338 5088 1407 5141 Et
1443 5105 1635 5142 rursus
1673 5090 1727 5143 in

136 5178 332 5231 ltubro
364 5174 508 5229 mari
536 5174 745 5244 primas
782 5174 921 5229 dicit
953 5176 1215 5229 tenebras
1263 5185 1475 5245 quartae
1533 5177 1733 5245 vigilia!

134 5267 343 5329 noctis,
381 5263 587 5319 deinde
630 5263 983 5333 splendorem
1042 5264 1372 5318 matutimun
1408 5276 1465 5320 et
1499 5266 1730 5319 salutem

135 5360 326 5429 populi
347 5374 418 5412 ex
457 5356 755 5427 profundo.
816 5356 1025 5410 Eodem
1059 5357 1222 5411 modo
1249 5357 1416 5410 etiam
1455 5358 1507 5410 in
1544 5368 1727 5413 lllﬂlllc

134 5451 267 5504 Sina
322 5448 478 5518 ponit
520 5446 811 5509 tenebras,
848 5445 1137 5515 caliginem
1195 5453 1251 5500 ct
1289 5448 1614 5515 procellam;
1673 5455 1730 5501 et

135 5550 351 5611 postea,
374 5540 472 5595 Dei
505 5545 780 5608 praecepta
816 5537 995 5591 lucem
1020 5537 1306 5592 aﬂ‘erentia
1337 5530 1459 5591 :‘sic
1479 5540 1568 5592 hic
1588 5556 1727 5607 quo-

135 5648 244 5703 que
274 5632 434 5701 prius
450 5629 640 5701 posuit
666 5628 920 5684 tenebras
951 5643 1117 5699 supra
1148 5630 1426 5701 abyssum,
1450 5639 1504 5683 et
1530 5631 1728 5685 deinde

209 5810 256 5841 "
294 5808 451 5865 Joan.
490 5825 544 5874 ι,
571 5810 625 5863 8.
703 5808 750 5845 “
787 5806 947 5863 Joan.
982 5823 1017 5871 ι,
1050 5807 1140 5861 9.7.
1219 5807 1263 5837 ⁴⁷
1300 5808 1491 5863 Matth.
1537 5825 1611 5872 ιι,
1649 5812 1730 5863 ll.

1838 4620 2301 4689 quemadmodum
2358 4640 2483 4677 cum
2531 4624 2678 4678 Deus
2731 4626 2953 4680 fecisset
3020 4627 3427 4684 ﬁrmamentqu

1840 4712 1986 4775 cmli,
2028 4712 2111 4765 vel
2151 4714 2337 4780 potius
2375 4715 2574 4769 cmlum
2621 4723 2678 4769 et
2720 4725 2943 4782 terram,
3000 4722 3428 4787 praetermittens

1838 4817 2037 4855 ornare
2070 4803 2270 4856 caelum
2299 4805 2444 4873 quod
2477 4814 2594 4859 erat
2646 4806 2824 4875 ipsum
2860 4824 3080 4877 quoque
3108 4811 3422 4863 inornatum

1837 4900 1893 4945 et
1934 4893 2381 4961 incompositum,
2416 4898 2600 4950 statim
2643 4907 2769 4950 ante
2795 4897 2927 4951 illud
2965 4915 3062 4967 per
3097 4901 3421 4969 scriptorem

1837 4984 2153 5053 aggreditur
2183 4985 2373 5040 dicere
2422 4986 2490 5040 de
2548 4997 2720 5051 terra,
2752 4988 2986 5043 dicens:
3024 4988 3185 5043 Terra
3244 5001 3421 5046 autem

1836 5091 1950 5133 erat
1978 5080 2252 5134 invisibilis
2286 5090 2333 5133 et
2372 5084 2739 5153 incomposita.
2801 5082 2979 5144 Unde,
3012 5099 3140 5136 cum
3198 5085 3265 5137 ad
3316 5087 3422 5139 hoc

1833 5174 2054 5243 quidem
2095 5174 2326 5228 dixisset
2358 5175 2657 5244 interpres,
2689 5175 2835 5245 quod
2882 5177 3141 5231 lsraelem
3190 5178 3324 5245 (qui
3363 5178 3419 5232 in

1833 5264 2065 5335 A‘Igypto
2128 5274 2417 5319 terrestres
2483 5279 2765 5321 creaturas
2829 5267 3116 5322 adorasset
3157 5279 3417 5337 tanquam

1836 5358 2001 5423 deos)
2027 5359 2217 5410 volens
2244 5358 2386 5411 Deus
2414 5358 2687 5411 abducere
2718 5375 2747 5411 a
2781 5359 2872 5412 tali
2906 5360 3238 5423 idololatria,
3257 5359 3419 5414 docet

1835 5466 1961 5502 eum
2018 5450 2139 5501 illas
2197 5465 2318 5502 esse
2370 5450 2423 5503 in
2476 5460 2621 5503 terra
2655 5460 2960 5504 creaturas.
3018 5450 3175 5503 Alius
3224 5458 3415 5504 contra

1836 5541 2058 5611 ohjceit.
2084 5542 2274 5595 dicens
2317 5560 2328 5593 :
2365 5541 2469 5594 Sed
2499 5541 2859 5595 nihilominus
2886 5550 2941 5596 et
2966 5542 3267 5597 exercitum
3290 5540 3417 5595 (ἕωΙί

1836 5641 1892 5686 et
1922 5632 2092 5685 solem
2118 5643 2175 5686 et
2206 5641 2351 5686 astra
2394 5632 2647 5685 adoravit
2705 5634 2866 5687 Israel
2892 5675 2905 5695 ,
2945 5641 3005 5689 ut
3044 5633 3234 5687 dicunt
3286 5646 3406 5701 pro.

1808 5810 1851 5841 ³⁵⁸
1888 5810 2042 5864 Joan.
2078 5826 2128 5873 κ,
2171 5813 2221 5862 8.
