4200 6440
722 413 826 473 867

722 522 897 587 pheta-
924 520 940 545 ‘
960 530 987 567 '.

724 620 934 670 natum,
966 626 1030 661 ne
1084 610 1259 676 ipsum
1320 606 1481 657 lst'ael
1526 602 1801 656 atloraret.
1857 601 2108 654 Nondum
2153 603 2299 653 enitn

723 702 997 750 ceciderat
1061 699 1152 764 qui
1213 693 1511 760 aliquando
1551 694 1652 744 l'nit
1700 693 1926 759 Lucifer,
1995 692 2083 759 qui
2150 708 2304 742 mune

722 789 994 839 oriebatur
1020 789 1082 839 '°.
1136 788 1227 840 Illa
1259 794 1443 837 autem
1483 793 1628 836 terra
1663 785 1883 842 (homo,
1907 783 2152 851 inquam)
2183 799 2303 849 qua:

723 879 897 930 audiit
926 896 936 929 :
973 878 1133 931 Terra
1168 894 1241 935 es,
1280 887 1324 927 et
1358 879 1408 927 in
1439 886 1639 926 terram
1676 887 1863 925 ret-crte
1878 875 1967 933 ris,
1993 882 2223 926 attracta
2252 875 2303 925 itt

725 968 1056 1037 profundunt
1117 967 1320 1020 cecidit
1380 975 1680 1024 terrarum,
1734 966 1920 1033 spinas
1965 976 2021 1018 ct
2074 966 2306 1017 tribulos

724 1061 1037 1126 germinans
1092 1059 1145 1110 itt
1209 1060 1465 1125 pet-eatis.
1514 1059 1585 1110 lia
1642 1057 1709 1109 de
1753 1074 1950 1116 causa,
2004 1057 2070 1109 de
2118 1059 2214 1108 hae
2249 1074 2305 1109 re

725 1153 962 1219 scriptor
989 1151 1201 1204 inducit
1233 1153 1559 1202 orationem.
1590 1151 1882 1217 I'ropterea
1934 1159 2058 1201 ante
2107 1150 2305 1200 (‘tl‘lllllt

728 1254 869 1296 terra
906 1260 934 1297 a
976 1244 1086 1296 Deo
1116 1255 1344 1295 ornatur
1371 1285 1385 1304 ,
1423 1243 1683 1309 quoniam
1718 1252 1842 1295 ante
1887 1242 2111 1307 angelos
2139 1250 2306 1306 terra,

726 1346 781 1386 et
817 1345 960 1387 terra
984 1332 1154 1402 geniti
1188 1334 1440 1384 homines
1461 1335 1628 1385 Ilenm
1660 1348 1754 1400 per
1777 1348 1997 1384 carnem
2030 1334 2267 1386 vidimus
2294 1352 2305 1385 :

726 1434 783 1476 et
834 1432 959 1475 ante
1000 1438 1261 1489 superna,
1306 1424 1517 1473 inferna
1563 1435 1868 1481 exornans,
1913 1434 1973 1472 ea
2010 1422 2310 1474 l'etifieavit

728 1523 784 1567 et
812 1514 1165 1566 illuminavit.
1225 1515 1363 1566 Ante
1392 1513 1673 1565 Cherubin
1705 1521 1761 1563 et
1788 1512 2058 1579 Seraphin
2099 1530 2109 1562 :
2149 1514 2308 1579 magi,

731 1616 786 1659 et
823 1607 1123 1674 publicani,
1157 1615 1205 1657 et
1234 1608 1499 1667 latrones,
1536 1612 1592 1655 et
1626 1603 2039 1663 tucretrices,et
2064 1614 2314 1669 peceato-

732 1714 838 1759 res,
891 1698 1030 1749 facie
1091 1696 1157 1749 ad
1203 1696 1397 1749 facient
1453 1695 1623 1747 Deum
1696 1694 1973 1754 viderunt,
2023 1710 2201 1760 eoque
2254 1712 2311 1747 se

730 1789 1081 1841 oblectarunt
1128 1796 1177 1841 et
1234 1787 1386 1839 fruiti
1423 1796 1586 1839 sunt:
1616 1785 1816 1836 deimle
1862 1800 1988 1837 eum
2028 1786 2107 1836 sie
2140 1796 2314 1838 trans-

734 1879 1007 1931 miserunt
1071 1877 1370 1929 \idendum
1444 1876 1701 1942 supernis
1768 1875 2097 1927 Virtutibus.
2158 1875 2313 1937 t‘tnod

734 1979 916 2024 autem
990 1985 1152 2037 quem
1220 1986 1320 2020 nec
1362 1968 1462 2035 ipsi
1529 1968 1669 2019 beati
1715 1967 1975 2018 viderunt
2042 1968 2217 2029 augt-ii
2262 1968 2313 2018 in

734 2061 973 2114 essentia
1008 2070 1062 2113 ct
1105 2071 1316 2112 natura.
1359 2060 1453 2112 sed
1502 2076 1665 2127 quem
1702 2061 1853 2110 solus
1890 2060 1994 2110 seit
2060 2061 2217 2112 l‘aSer
2262 2068 2311 2110 et

735 2155 828 2222 qui
867 2154 1015 2207 solus
1058 2154 1155 2205 srit
1221 2154 1475 2204 Patrem:
1512 2168 1638 2203 eum
1690 2151 1866 2218 ipsum
1925 2160 2050 2202 ante
2097 2152 2319 2213 anet-ius

738 2246 997 2297 \iderunt
1047 2244 1339 2294 carnaliter
1399 2244 1669 2303 homines,
1716 2251 1952 2293 testatur
2012 2242 2175 2293 David
2232 2243 2319 2291 di-

738 2352 868 2388 cens
897 2352 910 2387 :
937 2333 1137 2385 Cu'lum
1176 2335 1287 2385 ett-li
1322 2334 1564 2393 Domino,
1591 2345 1790 2385 terram
1823 2344 1996 2384 autem
2023 2334 2161 2384 dedit
2192 2332 2319 2397 [iliis

737 2430 1003 2479 hominum
1042 2428 1079 2455 ⁵³
1113 2444 1124 2476 :
1152 2426 1255 2477 hoc
1283 2435 1474 2492 aperte
1502 2426 1817 2487 ostendens,
1843 2424 1990 2490 quod
2019 2424 2318 2474 secundum

740 2531 992 2574 naturam
1038 2519 1221 2570 onmia
1260 2532 1524 2584 superans
1558 2519 1778 2573 ett-lum.
1822 2527 1875 2569 et
1922 2517 2155 2568 Verbum
2207 2534 2320 2567 (οιν-

945 2611 1110 2663 I'ilius
1150 2610 1324 2662 Patris
1362 2610 1603 2662 cwlestis
1636 2622 1685 2659 ct
1747 2625 1810 2659 ex
1869 2610 2029 2666 caelo,
2087 2609 2155 2659 :th
2216 2610 2323 2660 alin

742 2703 960 2770 agnosci
988 2718 1095 2754 non
1124 2700 1487 2769 potest.qttod
1523 2700 1719 2751 attinet
1756 2700 1821 2750 ad
1858 2701 2175 2757 essmttiattt,
2220 2700 2321 2751 nisi

743 2809 772 2844 a
827 2791 1058 2843 Ihtlltittt)
1101 2808 1112 2840 :
1156 2788 1400 2841 omnium
1456 2789 1756 2858 (inquam)
1807 2788 2036 2840 ltomino
2091 2790 2217 2847 lteo,
2272 2799 2325 2841 et

743 2882 913 2947 gratia
985 2890 1333 2930 terrenorutn
1400 2890 1551 2945 patre
1598 2895 1609 2927 :
1656 2876 1869 2928 Terram
1946 2888 2119 2926 autem
2187 2877 2326 2927 dedit

744 2973 869 3038 [iliis
921 2973 1188 3022 hominum
1219 3012 1233 3033 ,
1267 2970 1359 3037 qtti
1410 2977 1540 3021 sunt
1588 2968 1822 3029 inferne,
1864 2968 2190 3019 ltttlttt'aiitet‘
2235 2984 2329 3035 pa-

748 3076 896 3112 tres:
933 3071 1131 3109 terram
1169 3067 1343 3110 autem
1389 3059 1551 3115 dedit.
1586 3072 1682 3109 seu
1733 3066 2007 3109 terrenam
2047 3056 2330 3125 prOposuit

750 3150 912 3203 Verbi
979 3148 1142 3218 363
1208 3148 1675 3216 generationem,

751 3239 1028 3307 quodnam
1094 3239 1163 3291 sit
1252 3241 1371 3305 ejtts
1451 3238 1771 3308 mysterium
1831 3254 1843 3288 :
1904 3236 1997 3288 sed
2082 3253 2180 3288 nee
2276 3236 2327 3288 id

751 3342 965 3384 totum:
1000 3330 1067 3382 de
1120 3345 1353 3397 superna
1404 3340 1586 3383 autem
1647 3327 2024 3397 generatione,
2077 3341 2178 3378 nec
2229 3324 2328 3393 ipsi

755 3430 959 3474 norunt
986 3420 1185 3487 angeli.

822 3514 1178 3581 Perspicuum
1206 3520 1286 3564 est
1318 3519 1498 3562 autem
1532 3508 1679 3578 quod
1714 3507 1883 3560 facies
1906 3506 2121 3559 duabus
2147 3515 2336 3573 tegunt

750 3603 873 3663 alis,
908 3600 1074 3667 pedes
1105 3609 1286 3650 autem
1320 3597 1538 3649 duabus
1574 3597 1617 3624 θ’
1651 3612 1662 3646 :
1697 3594 1801 3645 hoc
1825 3603 2012 3661 aperte
2040 3594 2337 3645 ostenden-

755 3700 837 3741 tes
870 3704 955 3751 (ev
988 3704 1053 3740 eo
1087 3686 1231 3754 qttod
1260 3686 1438 3755 typice
1483 3695 1537 3737 et
1569 3682 1864 3753 symbolice
1922 3681 2113 3734 faciem
2155 3689 2338 3749 tegant

754 3793 879 3830 cum
909 3775 1133 3841 capite),
1167 3782 1222 3825 ct
1253 3774 1646 3837 sie,-tanquam
1684 3771 1735 3821 ιιι
1770 3768 2020 3837 symbolo
2053 3784 2205 3819 suam
2254 3768 2337 3819 itt-

756 3860 1117 3929 telligentiam
1155 3860 1445 3912 dicentes:
1472 3857 1582 3909 Nos
1615 3856 1831 3909 etiamsi
1899 3864 2113 3907 montes
2145 3855 2337 3915 simus,

756 3970 862 4006 non
892 3964 1071 4005 tamen
1105 3950 1321 4018 aliquid
1358 3958 1545 4017 aperte
1580 3948 1783 4001 scinms
1821 3947 1888 4000 de
1924 3946 2138 3998 duabus
2178 3961 2340 4015 gene-

758 4041 1098 4105 rationibus,
1163 4054 1300 4108 quas
1338 4038 1686 4091 ostendimus
1754 4052 1852 4104 per
1896 4036 2007 4088 alas
2061 4052 2183 4103 qn:e
2234 4034 2343 4087 cir-

756 4140 1121 4199 cutnteguut:
1168 4146 1346 4199 neque
1382 4128 1704 4181 hominibus
1740 4128 1806 4179 de.
1839 4127 1905 4179 iis
1938 4127 2094 4179 ell'ari
2146 4142 2340 4194 possit-

761 4236 901 4274 mus.
948 4221 1119 4273 l’cdes
1170 4228 1353 4272 autem
1406 4218 1651 4281 fuerint,
1709 4217 1973 4270 transitus
2033 4217 2343 4287 intelligen—

761 4310 963 4363 tiarum
996 4326 1115 4378 qua:
1145 4318 1274 4363 sunt
1308 4325 1338 4362 a
1390 4308 1551 4362 nobis
1607 4324 1705 4376 per
1763 4307 2217 4375 impertitionem,
2276 4307 2345 4359 ad

759 4418 859 4456 vos
888 4402 983 4471 qui
1008 4403 1145 4455 estis
1176 4401 1407 4454 extremi
1460 4410 1517 4454 et
1564 4407 1683 4469 post
1748 4415 1850 4452 nos
1904 4399 2177 4453 collocati.
2237 4400 2342 4455 Sed

742 2613 875 2664 Iuste

1937 403 1996 461 Β.
2041 402 2185 460 ANA
2195 398 2434 458 STASII
2478 398 2647 456 SINA
2659 396 2799 456 lT.-E

1043 517 1101 570 Et
1130 515 1394 581 deinceps
1423 509 1667 564 ostendit
1692 509 1892 563 caelum
1922 509 2115 561 fecisse
2140 525 2300 560 evor-
2335 513 2373 565 Α
2407 505 2512 561 leo.
2574 514 2627 555 et
2687 511 2804 563 bos,
2852 504 3220 570 cognitionem
3276 504 3328 555 itt
3384 503 3543 557 nobis
3591 503 3938 573 effingentetn
3972 526 3982 557 :

3880 390 3986 457 86$

2407 614 2584 666 neque
2615 599 2717 649 hoe.
2748 599 2946 654 solum,
2983 596 3074 647 sed
3114 607 3170 648 et
3199 596 3341 664 quod
3364 606 3443 647 est
3472 596 3717 648 omniutn
3741 597 3992 648 animan-

2410 692 2544 743 tium
2583 691 3119 758 przestantissimutn,
3162 690 3367 740 scimus
3404 688 3705 750 hominem,
3737 698 3793 741 et
3843 687 3988 740 idem

2406 784 2525 852 ejus
2574 796 2791 850 quoque
2834 783 3018 832 vultus
3059 783 3284 842 figurant
3329 781 3380 832 itt
3404 780 3562 832 nobis
3592 779 3723 848 ipsis.
3749 780 3990 833 circum-

2407 872 2675 933 fcritnus;
2708 874 2851 926 Deus
2885 884 3067 925 autem
3099 888 3257 924 nosse
3297 882 3351 924 et
3380 872 3583 939 eloqui.
3644 888 3822 939 neque
3880 873 3991 925 ulla

2410 968 2591 1036 genita
2622 976 2841 1025 natura,
2876 982 2974 1017 nec
3006 967 3118 1033 ipsa
3159 972 3342 1016 nostra
3381 963 3611 1025 sutlieit;
3644 964 3994 1031 quandoqui-

2411 1062 2533 1113 detn
2559 1069 2615 1112 et
2644 1076 2764 1128 quae
2791 1059 3001 1112 inferne
3029 1075 3125 1127 per
3156 1072 3375 1109 carnem
3409 1058 3549 1111 facta
3573 1067 3652 1110 est
3686 1058 3996 1125 generatio.

2414 1169 2537 1206 nem
2563 1168 2593 1205 a
2626 1152 2789 1205 nobis
2818 1151 3038 1219 quidem
3071 1150 3361 1203 abscondit
3393 1150 3537 1202 Deus
3564 1158 3619 1202 et
3654 1148 3814 1201 l'ater
3848 1165 3860 1200 :
3890 1147 3995 1202 hoc

2413 1246 2558 1297 enitn
2592 1245 2740 1312 quod
2781 1259 2809 1296 a
2839 1243 3038 1295 saeculo
3072 1243 3124 1294 in
3153 1242 3412 1295 omnibus
3448 1240 3776 1293 absconsum
3816 1239 3996 1293 fuerat

2414 1338 2763 1405 mysterium.
2803 1336 2960 1387 vobis
3006 1333 3133 1387 filiis
3177 1334 3460 1387 hominum
3489 1334 3642 1385 dedit
3682 1332 3875 1400 primis
3905 1332 3993 1384 di-

2415 1429 2681 1481 scendum
2720 1437 2812 1487 :et
2852 1446 2947 1497 per
2974 1438 3208 1479 vestram
3243 1428 3538 1480 Ecclesiam
3583 1426 3685 1478 hoc
3715 1441 3814 1478 nos
3839 1436 3987 1502 posto

2414 1539 2477 1573 ea
2533 1523 2853 1585 agnovimus
2884 1522 2946 1573 ⁸³.
2986 1519 3138 1584 Quod
3174 1522 3215 1571 si
3256 1531 3479 1587 propter
3538 1534 3600 1570 ea
3638 1534 3759 1588 qua:
3801 1517 3997 1570 dicun-

2418 1620 2505 1661 tur
2537 1610 2870 1661 t'\lime'sei~'.
2903 1628 2934 1655 o
2964 1609 3202 1666 auditor,
3233 1608 3301 1659 ab
3336 1607 3438 1660 hoc
3497 1615 3644 1659 metu
3697 1616 3747 1658 te
3799 1605 3992 1657 liberat

2419 1698 2620 1749 l’aulus
2666 1698 2902 1748 dicens:
2959 1695 3115 1747 Nune
3169 1695 3340 1751 enim,
3389 1693 3588 1760 inquit,
3638 1693 3885 1747 asct‘ltdit
3939 1703 3998 1746 ut

2418 1798 2679 1855 appareat
2732 1787 3077 1853 principibus
3129 1796 3183 1839 et
3238 1786 3604 1854 potestatibus
3656 1802 3752 1853 per
3812 1786 3999 1838 licelc-

2419 1881 2552 1931 siam
2598 1879 2663 1929 “.
2707 1877 2861 1931 [nde
2893 1877 3058 1929 etiatn
3100 1878 3408 1930 ascendens
3442 1887 3665 1945 slupote
3694 1876 3873 1928 aﬂceit
3910 1893 4001 1927 su-

2422 1986 2618 2038 pernas
2644 1978 2942 2037 potestates
2972 1969 3025 2021 itt
3072 1970 3229 2022 ecelis
3266 1985 3387 2037 quae
3418 1969 3762 2027 dubitabant,
3805 1982 4001 2036 rogan-

2423 2072 2503 2113 tes
2538 2078 2631 2113 eas
2662 2077 2781 2129 quze
2834 2061 2995 2112 simul
3042 2077 3166 2113 eum
3226 2061 3456 2113 Domino
3507 2060 3901 2123 ascendebant,
3947 2070 4001 2111 et

2421 2152 2683 2205 dieebant
2713 2169 2725 2204 :
2760 2150 2890 2215 Quis
2917 2160 2989 2203 est
3018 2154 3112 2204 iste
3141 2168 3229 2204 rex
3269 2151 3456 2219 gloritr
3491 2152 3579 2203 "?
3613 2152 3790 2220 νίψω.
3834 2167 4001 2220 quam

2421 2241 2766 2293 admirabilia
2833 2251 2958 2293 sunt
2997 2242 3259 2294 miracula
3290 2252 3336 2292 et
3378 2242 3518 2294 dona
3558 2259 3678 2309 qua:
3722 2243 3867 2294 Deus
3906 2243 4006 2294 do-

2423 2333 2577 2385 navit
2610 2333 2862 2385 humana!
2897 2341 3106 2384 natura!
3161 2333 3212 2384 in
3270 2349 3332 2385 ea
3394 2333 3688 2386 habitans!
3752 2334 4005 2387 homines

2423 2424 2631 2487 angelis
2662 2424 2830 2476 [)etttn
2856 2424 3219 2475 ostenderunt
3269 2441 3433 2492 qttem
3491 2426 3642 2492 prius
3689 2441 3798 2477 non
3848 2426 4005 2478 video

2427 2513 2550 2565 bant
2586 2515 2597 2565 ἓ
2639 2514 2899 2566 miracula
2930 2514 3507 2582 incomprehensibilia
3546 2517 3558 2566 !
3618 2517 3785 2569 Ih'tlttt
3843 2534 4005 2569 suum

2427 2605 3051 2674 hymniscelebrabant,
3094 2614 3144 2659 et
3192 2624 3297 2659 non
3350 2609 3633 2671 videbant,
3692 2626 3813 2676 qnze
3859 2613 4009 2664 cele-

2431 2698 2662 2751 brabant
2694 2700 2705 2749 ἵ
2752 2698 3021 2751 I"erehant
3058 2716 3182 2751 etnn
3218 2701 3311 2767 qtti
3367 2702 3696 2764 vehebatur,
3746 2703 3954 2756 Throni
3993 2724 4007 2766 ;

2426 2800 2475 2840 et
2512 2806 2620 2842 non
2648 2790 2911 2842 videbant
2942 2807 3103 2859 qnetn
3136 2790 3402 2843 ferebant.
3443 2794 3755 2846 Adorahant
3794 2804 3848 2847 et
3894 2797 4008 2863 glo-

2431 2876 2959 2929 titieabantassidue
3003 2887 3058 2931 et
3113 2879 3251 2930 citra
3290 2879 3593 2937 silentium.
3655 2898 3748 2933 sex
3798 2882 3915 2934 alas
3956 2893 4011 2934 et

2432 2969 2632 3020 multos
2657 2968 2848 3020 oculos
2874 2968 3178 3031 habentia;
3228 2977 3281 3022 et
3336 2986 3445 3022 non
3499 2973 4013 3026 animadvertebant

2431 3071 2594 3124 quem
2639 3058 2911 3110 ornabant
2970 3059 3245 3113 laudibus.
3303 3060 3482 3114 Flexis
3540 3064 3721 3131 itaque
3778 3067 4015 3132 genibus

1737 3146 1803 3198 ad
1879 3147 2400 3220 cognoscendith
2433 3146 2749 3212 cupiebant,
2812 3146 3110 3209 sitiebant,
3162 3149 3429 3209 orabant,
3486 3154 3761 3221 supplices
3818 3167 4016 3222 postu-

2435 3236 2623 3288 labant
2658 3237 2844 3289 viderc
2869 3254 2993 3291 cum
3028 3241 3120 3307 qui
3161 3258 3269 3293 non
3314 3244 3551 3299 \id-.-tur.
3605 3247 3852 3312 aspicere
3887 3262 4017 3298 eum

2434 3328 2526 3394 qtti
2565 3343 2672 3379 non
2707 3330 2852 3382 cadit
2880 3332 2983 3383 sub
3018 3342 3321 3400 aspectum,
3354 3346 3448 3388 aut
3481 3346 3645 3389 etiam
3689 3338 3865 3389 solum
3902 3348 4021 3391 tan-

2436 3430 2599 3481 quam
2621 3415 2672 3466 in
2694 3417 3289 3488 speculoetzenigmate
3315 3422 3366 3474 in
3384 3439 3508 3475 eum
3540 3425 3730 3477 Oculos
3757 3425 4019 3494 defigere,

2436 3515 2621 3559 etnon
2659 3518 2934 3575 poterant,
2963 3520 3253 3578 propterea
3272 3513 3416 3579 quod
3454 3514 3519 3566 ad
3566 3515 4019 3569 divinatnessen-

2441 3594 2568 3646 tiam
2602 3598 3027 3664 appropinquari
3083 3616 3190 3651 non
3247 3610 3444 3669 potest,
3501 3618 3677 3671 neque.
3729 3620 3792 3657 ca
3839 3615 4023 3672 potest

2440 3687 2857 3753 comprehendi.
2893 3689 3047 3752 Quod
3075 3690 3118 3741 si
3162 3692 3211 3742 ei
3253 3692 3398 3759 quod
3435 3693 3640 3746 dicitur
3677 3710 3783 3747 ttott
3818 3697 4022 3758 credis,

2440 3793 2473 3826 o
2513 3777 2699 3836 homo,
2733 3778 2858 3830 audi
2904 3779 3123 3831 I’etrum
3175 3778 3487 3835 dicentem:
3520 3782 3659 3835 [tatu
3709 3795 3828 3835 sunt
3884 3790 4023 3837 dona

2442 3869 2736 3920 luminibus
2777 3870 2844 3929 δέ,
2873 3871 2925 3921 in
2967 3887 3085 3938 qua’
3109 3872 3411 3925 desiderant
3438 3876 3611 3943 angeli
3634 3879 3930 3943 prospicere
3956 3880 4022 3939 ⁵⁷,

2443 3967 2497 4011 et
2542 3975 2650 4011 tton
2686 3968 3006 4027 potuerunt,
3075 3962 3522 4030 quandoquidem
3586 3965 3821 4019 lnnnana
3880 3979 4024 4020 terra

2447 4058 2577 4103 tunc
2623 4060 2742 4103 erat
2781 4052 3093 4114 imisibilis,
3137 4053 3276 4106 infra
3319 4055 3371 4106 in
3438 4056 3712 4123 profundo
3767 4060 4024 4112 tenebra-

2447 4156 2569 4192 rum
2617 4141 2868 4210 peeeali,
2915 4151 2974 4195 ut
3012 4159 3135 4211 qua:
3184 4153 3327 4197 esset
3391 4145 3771 4215 incomposita.
3827 4150 4030 4213 Quam-

2447 4232 2636 4284 obrem
2667 4242 2721 4284 et
2752 4232 2994 4300 ignotum
3015 4242 3133 4285 erat
3162 4235 3384 4298 emtum,
3419 4246 3475 4288 et
3507 4254 3614 4290 tton
3639 4250 3892 4292 ornatum
3938 4242 4028 4293 tir-

2449 4334 2784 4377 tnamcttlum
2817 4325 2870 4377 itt
2897 4326 3078 4395 primo
3106 4326 3216 4379 die.
3251 4327 3311 4380 Et
3347 4329 3589 4382 secundo
3621 4331 3711 4383 die
3760 4347 3885 4384 cum
3938 4348 4031 4384 su-

2451 4411 2725 4479 spexisset‘
2744 4420 2799 4465 et
2830 4414 2997 4465 veluti
3035 4430 3103 4466 ex
3137 4416 3370 4469 mortuis
3397 4418 3740 4485 respirasset,
3772 4431 3821 4471 et
3850 4420 4029 4473 lucent

760 4494 1015 4547 volamus
1049 4492 1265 4546 duabus
1295 4493 1397 4545 alis
1425 4492 1558 4545 solis
1586 4507 1685 4559 per
1714 4491 1955 4544 votatmn
1980 4491 2342 4544 extendentes
2378 4508 2419 4560 ι)
2450 4500 2773 4565 aspexisset,
2807 4509 2864 4552 et
2887 4498 3128 4568 Spiritus
3176 4501 3315 4555 facta
3362 4513 3508 4555 esset
3561 4505 3859 4573 particeps,
3905 4517 3956 4560 et
4001 4523 4031 4559 τι

761 4584 1174 4641 aviditatetn.et
1209 4583 1726 4652 propensionem,et
1764 4590 2083 4649 perpetuam
2124 4590 2351 4634 conten-

765 4672 996 4734 tionem,
1026 4679 1082 4723 et
1113 4670 1525 4738 inquisitionem
1570 4667 1638 4721 ad
1674 4667 1998 4720 discendum
2028 4667 2231 4735 aliquid
2281 4668 2349 4721 de

768 4763 851 4814 bis
883 4763 1099 4814 duabus
1122 4760 1594 4829 generationibus.
1624 4758 1867 4823 Quarum
1896 4759 2350 4827 inquisitionibus

766 4865 1022 4921 tanquam
1048 4854 1210 4906 alatis
1244 4868 1460 4920 semper
1485 4852 1732 4916 terimur,
1769 4859 1825 4904 et
1861 4853 2076 4904 volatus
2100 4854 2344 4920 requiem

769 4946 1052 5012 hucusque
1088 4961 1195 4997 non
1252 4945 1616 4997 inveniemus.
1647 4943 1862 4997 Solutio
1886 4944 2031 4996 enim
2057 4946 2177 5012 ejus
2200 4946 2347 5014 quod

770 5038 1059 5104 quml‘itttr,
1090 5048 1174 5089 est
1210 5036 1382 5089 veluti
1410 5037 1659 5104 quantam
1688 5036 1917 5105 pttlcbra
1946 5038 2106 5105 quies
2136 5039 2350 5092 volatus

776 5130 974 5181 mentis
1000 5129 1230 5181 multum
1258 5130 1496 5182 errantis
1549 5128 1693 5181 circa
1750 5126 1801 5180 id
1865 5128 2012 5196 quod
2060 5131 2349 5197 qtncritur.

771 5219 1049 5272 Habemus
1081 5220 1228 5273 enim
1260 5220 1625 5288 cognitionem
1659 5219 1893 5272 duarum
1927 5220 2087 5280 Verbi
2122 5236 2352 5289 genera-

773 5310 983 5361 tionttnt
1015 5328 1027 5361 :
1060 5326 1250 5364 earum
1291 5320 1470 5364 autem
1514 5326 1857 5378 nequaquam
1898 5310 2166 5364 habeunts
2200 5313 2352 5381 agni-

774 5408 1005 5461 tionem,
1062 5412 1114 5453 et
1165 5410 1458 5469 propterea
1519 5416 1736 5469 semper
1777 5400 2047 5454 volamus.
2112 5402 2350 5456 Tametsi

775 5493 1023 5545 omnium
1051 5493 1410 5544 animantittnt
1454 5494 1711 5545 novimus
1764 5496 2107 5549 essentiam:
2155 5512 2351 5564 nempe

777 5583 1053 5635 aeriorum
1082 5592 1138 5635 et
1161 5584 1324 5635 etiatn
1359 5585 1730 5648 terrestrium,
1759 5585 1903 5652 quod
1940 5588 2013 5639 sit
2050 5588 2255 5655 aquila.
2298 5596 2351 5641 et

850 5712 895 5742 δ’
932 5713 1132 5765 Jerem.
1166 5729 1274 5771 six,
1310 5713 1411 5775 15;
1458 5713 1702 5781 Sophon.
1766 5730 1802 5770 t,
1834 5714 1883 5763 5.

778 5783 825 5814 ⁸³
852 5781 1123 5907 ῗοὶΊΊιοιιι.
1146 5793 1285 5851 part.
1316 5799 1352 5841 t.
1378 5794 1571 5849 qua-st.
1600 5784 1688 5843 57.
1725 5793 1827 5836 art.
1858 5785 1908 5835 Si.

778 5870 814 5907 ι.
888 5867 940 5905 '..

775 5870 814 5913 Ι.
857 5867 940 5907 ιι.

2001 5718 2046 5747 ⁵ο
2089 5717 2189 5768 lsa.
2256 5736 2361 5784 MV,

1990 5788 2036 5815 ³⁵
2067 5787 2264 5854 liphes.
2302 5792 2477 5853 xw,8,
2502 5798 2553 5841 tt.

2457 4586 2613 4639 malis
2640 4586 2797 4655 aquis
2826 4587 3056 4641 liberata
3085 4597 3230 4642 esset
3272 4597 3329 4642 et
3373 4591 3636 4653 tenebris,
3693 4601 3747 4645 et
3790 4595 4033 4648 fructum

2453 4673 2817 4741 gertniuasset
2844 4689 2966 4742 qua:
2991 4675 3144 4742 prius
3182 4684 3298 4728 erat
3350 4676 3669 4745 infrugifera
3702 4696 3716 4742 ;
3775 4689 3908 4733 ttmc
3966 4682 4033 4736 de

2453 4769 2651 4814 caetero
2671 4772 2792 4829 post
2810 4771 3002 4814 cantet
3031 4770 3352 4815 exornatum
3379 4762 3481 4816 fuit
3510 4765 3734 4827 cteltnn,
3756 4766 4034 4820 exhilara-

2460 4863 2684 4921 ttnnque
2716 4854 2850 4915 sole,
2872 4853 3001 4907 luna
3028 4863 3084 4907 et
3106 4854 3315 4921 stellis;
3345 4864 3600 4908 ornatum
3623 4857 3893 4926 (inquam)
3932 4859 4038 4914 fuit

2456 4944 2698 5006 Christo,
2725 4946 2969 5000 Ecclesia
2999 4956 3055 5000 et
3085 4948 3311 5009 sanctis,
3341 4956 3529 5016 utpote
3557 4949 3702 5016 quod
3737 4950 3890 5002 illum
3916 4952 4037 5018 qui-

2458 5036 2583 5088 dem
2609 5051 2829 5105 semper
2862 5036 3159 5106 fulgentem
3214 5046 3553 5107 exceperunt
3608 5049 3820 5093 mentes
3871 5044 4040 5096 ecete-

2460 5136 2574 5181 stes
2604 5144 2731 5182 cum
2765 5143 2931 5182 carne
2966 5128 3392 5195 ascendentem;
3431 5132 3685 5186 laetantur
3714 5143 3900 5186 autem
3960 5136 4040 5187 si-

2460 5220 2571 5273 tnul
2623 5236 2748 5274 eum
2806 5222 3071 5285 Ecclesia,
3128 5231 3184 5275 et
3232 5238 3356 5276 eum
3407 5225 3612 5277 sanctis
3662 5224 4041 5291 resplendent.

2459 5308 2820 5374 Quamobrem
2851 5326 3105 5379 superme
3123 5312 3423 5366 Potestates
3441 5314 3598 5366 valde
3614 5323 3671 5366 et
3686 5313 4047 5369 vehementer

2461 5399 2785 5464 defendunt,
2832 5400 3071 5467 diligunt
3105 5412 3158 5455 et
3190 5411 3483 5469 protegunt
3515 5402 3815 5455 humanum
3846 5420 4041 5472 genus.

2460 5501 2513 5545 et
2556 5508 2654 5561 pro
2686 5508 2753 5545 eo
2785 5501 2949 5546 orattt
2978 5504 3033 5546 et
3088 5494 3459 5553 intereedttnt.
3497 5496 3757 5563 quoniam
3800 5511 3902 5563 per
3945 5513 4046 5550 nos

2461 5583 2667 5653 dignati
2710 5594 2837 5636 sunt
2869 5584 3053 5637 videre
3111 5585 3257 5653 quod
3296 5600 3395 5654 per
3428 5601 3486 5639 se
3545 5601 3654 5637 non
3719 5595 4043 5654 potuerunt.

2434 5723 2515 5774 ιθ.
2632 5721 2671 5749 ⁸³
2718 5719 2855 5791 l’sal.
2915 5720 3175 5791 (anniti.
3244 5790 3255 5791 η
3287 5720 3343 5791 “_
3390 5718 3589 5772 Ezeeb.
3655 5736 3741 5779 ιιι,
3791 5719 3827 5791 0
3864 5736 4045 5791 seqq.

3239 5790 3283 5817 "‘
3308 5788 3504 5857 Epln-s.
3527 5806 3594 5848 tv,
3633 5792 3685 5842 κ.
3788 5790 3831 5821 ’τ
3859 5788 4046 5845 ll’etr.

2632 5721 2671 5749 ⁸³
2718 5719 2855 5772 l’sal.
2915 5733 3064 5779 exnt,
3095 5720 3175 5771 lti.

2633 5793 2675 5820 ⁸⁵
2711 5790 2846 5841 l‘sal.
2888 5804 3031 5847 wn,
3081 5790 3162 5842 ttt.
