4200 6440
139 405 243 466 969

1250 404 1328 463 ΙΝ
1368 402 1920 463 ΠΕΧΛΕΜΕΙὩΝ.
1963 429 2025 436 -
2071 403 2215 461 ΜΒ.
2260 404 2307 461 ῐ.

3293 408 3399 470 870

142 519 203 570 Et
229 518 343 570 haec
372 516 595 584 quidem
637 516 703 569 ad
731 515 1135 569 ostendendum
1165 526 1391 584 propter
1423 531 1714 583 quanmam
1748 522 1790 574 Α
1825 524 1884 567 ιιι
1908 516 2234 569 sanctiticet.
2269 516 2561 583 Propterea
2593 518 2741 570 enim
2788 517 3020 573 fortasse
3072 521 3162 576 hic
3209 538 3400 576 rursus

137 621 360 659 causam
390 615 537 658 terra
560 606 664 658 fuit
688 615 881 657 ornata
908 614 1033 658 amte
1052 604 1252 657 etnlunt
1276 605 1329 657 in
1354 605 1541 658 mundi
1563 620 1716 657 crea-

137 697 306 748 tione.
341 694 613 760 Quoniam
644 708 827 749 autent
863 711 971 747 non
1012 696 1190 747 solum
1233 695 1577 749 adversarias
1615 695 1717 747 Po-

139 795 386 848 testates,
426 788 521 840 sed
551 789 694 855 ipsas
725 788 889 840 etiam
924 803 1190 854 aquarum
1243 788 1715 855 congregationes,

136 894 278 947 Saepe
319 889 482 931 vocat
511 880 798 949 Scriptura
823 894 993 947 aquas
1013 888 1070 932 et
1099 879 1325 948 abtssos
1372 895 1539 947 super
1584 894 1720 946 quas

136 972 255 1023 sitae
282 981 413 1024 sunt
444 972 598 1025 malae
646 972 910 1034 tenebrae,
944 986 1171 1024 necesse
1210 981 1294 1025 est
1324 982 1382 1024 ιιι
1412 972 1480 1024 de
1515 972 1600 1023 his
1626 971 1722 1022 ad-

135 1062 410 1115 ducamus
455 1062 777 1131 prepbetiea
825 1062 1159 1116 testimonia.
1205 1062 1347 1115 Dicit
1391 1062 1572 1129 itaque
1614 1063 1719 1114 Da-

135 1153 227 1204 vid
266 1170 280 1204 :
311 1153 541 1223 Abyssus
581 1154 825 1223 abyssum
862 1156 1069 1206 invocat
1096 1154 1163 1219 ³⁸,
1200 1161 1259 1207 et
1286 1152 1355 1206 ad
1387 1153 1481 1205 Dei
1516 1153 1722 1220 cogita-

138 1245 349 1297 tionem
377 1261 526 1299 uunc
560 1247 886 1300 adhortatur
909 1245 1159 1300 Judaeum
1205 1244 1458 1314 abyssus,
1509 1244 1561 1298 id
1613 1253 1718 1305 est,

136 1336 445 1388 intrltitudo
471 1337 719 1405 gentiqu
748 1353 870 1405 quae
892 1339 1047 1406 prius
1063 1344 1224 1390 erant
1242 1338 1432 1390 otl'usa:
1454 1336 1716 1390 tenebris.

134 1428 402 1481 Nonnulli
448 1429 596 1483 enim
650 1429 788 1483 duas
824 1444 1095 1497 aquarum
1124 1428 1522 1496 appellationes
1561 1427 1723 1481 intel-

138 1519 398 1573 lexerunt
455 1521 524 1574 de
575 1521 795 1574 duobus
848 1521 1107 1589 populis:
1166 1521 1421 1591 abyssum
1496 1520 1719 1589 quidem

142 1615 411 1681 populum
474 1613 743 1681 gentium,
790 1628 958 1681 super
1021 1629 1185 1682 quem
1252 1623 1383 1667 sunt
1433 1612 1719 1677 tenebrae;

140 1720 341 1773 aquam
382 1715 589 1766 autem,
624 1705 960 1769 Judaeorum,
998 1722 1167 1774 super
1221 1721 1385 1773 quem
1441 1705 1723 1759 ferebatur

143 1792 390 1863 Spiritus
421 1794 622 1849 divinae
648 1796 967 1863 Scriptum,
993 1797 1087 1849 sed
1112 1812 1223 1849 non
1263 1797 1603 1865 quiescebat.
1646 1796 1720 1849 De

1821 614 1945 675 post
1976 607 2234 659 tenebras
2255 607 2532 660 examinat
2558 624 2756 677 aquam
2785 619 2841 662 et
2863 610 3139 678 spiritum,
3162 613 3267 668 hoc
3290 624 3398 678 est,

1821 705 1945 765 post
1970 707 2279 765 peccatum,
2322 698 2580 766 baptismi
2617 700 3094 754 illuminationent.
3138 703 3400 758 Namsic—

1822 795 1881 839 ιιι
1944 795 2202 855 tanquam
2247 803 2415 855 super
2472 789 2737 856 piscinam
2794 791 3056 858 aliquam,
3113 794 3400 846 constituit

1822 877 1966 929 Deus
1994 876 2259 944 Spiritum
2310 894 2476 946 super
2526 894 2745 946 aquam,
2802 882 2873 934 ita
2924 883 3109 935 statim
3154 884 3402 953 praecipit

1821 978 1944 1038 post
1970 968 2086 1022 hace.
2119 969 2329 1029 «Iacens.
2359 969 2478 1022 Fiat
2509 970 2599 1022 lus:
2631 970 3114 1037 illuminationum,
3164 983 3214 1026 et
3259 974 3399 1043 facta

1820 1069 1894 1111 est
1924 1059 2015 1112 tua:
2048 1060 2528 1114 illuminatiouum.
2556 1061 2719 1116 Unde
2739 1063 2904 1115 etiam
2940 1064 3030 1117 hic
3092 1065 3146 1117 in
3206 1065 3403 1134 primis

1822 1150 2088 1203 discimus
2144 1151 2465 1220 mysterium
2544 1150 2833 1204 Trinitatis
2916 1153 2969 1205 in
3044 1153 3397 1222 baptismate.

1821 1240 2043 1308 quando
2067 1240 2202 1293 dicit
2234 1256 2249 1292 :
2286 1240 2354 1292 Et
2377 1241 2507 1293 dixit
2537 1240 2675 1294 Deus
2702 1282 2717 1306 ,
2756 1242 2917 1311 plane
2977 1259 2992 1294 ε
3055 1243 3212 1295 Pater
3278 1241 3399 1296 Fiat

1824 1332 1915 1384 tua:
1942 1372 1956 1393 ,
1987 1333 2092 1384 hoc
2118 1341 2225 1393 est,
2257 1332 2511 1384 Christus
2543 1341 2805 1399 appareat
2838 1333 2893 1386 in
2942 1340 3089 1386 terra
3131 1341 3187 1385 et
3230 1331 3399 1401 Spiri-

1824 1432 1912 1477 tus
1947 1424 2041 1477 Dei
2074 1434 2301 1477 sanctus
2326 1424 2419 1492 qui
2458 1424 2739 1477 ferebatur
2782 1440 2949 1493 super
2992 1441 3210 1494 aquam.
3261 1424 3399 1479 Cum

1823 1514 1929 1567 hoc
1951 1516 2218 1584 mysterio
2255 1515 2421 1567 vitam
2457 1531 2677 1583 quoque
2715 1516 2827 1569 Deo
2852 1525 3059 1585 gratam
3115 1517 3397 1571 discimus.

1824 1605 2118 1674 Postquam
2143 1615 2325 1659 autem
2358 1605 2546 1660 datum
2600 1617 2705 1671 est,
2765 1608 2966 1675 inquit,
3002 1606 3292 1677 baptisma,
3346 1617 3403 1660 et

1822 1715 1944 1767 quae
1968 1707 2053 1752 est
2093 1699 2148 1751 in
2183 1714 2251 1753 eo
2301 1699 2437 1753 ﬁdes
2486 1710 2744 1768 tanquam
2786 1701 3007 1769 aliquod
3038 1703 3401 1770 signaculum,

1823 1788 1965 1855 Fiat,
1997 1790 2197 1858 inquit,
2232 1790 2323 1842 lux
2351 1807 2368 1842 :
2412 1790 2465 1843 id
2497 1800 2603 1853 est,
2638 1802 2957 1847 exerceatur
2990 1794 3249 1862 operibus
3289 1795 3402 1848 vita

141 1882 229 1936 his
251 1891 436 1935 autem
473 1884 632 1952 aquis
658 1884 867 1937 dictum
897 1891 983 1937 est
1013 1902 1025 1937 :
1069 1884 1382 1954 Egredietnr
1428 1903 1568 1955 aqua
1606 1888 1721 1939 viva
1751 1860 1795 1915 Β
1822 1880 1937 1935 Deo
1966 1889 2141 1951 grata,
2174 1881 2319 1935 sicut
2346 1882 2438 1934 lux
2462 1882 2655 1936 lucens
2693 1898 2877 1937 coram
2906 1884 3243 1949 hominibus,
3271 1900 3404 1938 con-

138 1990 200 2025 ex
227 1973 555 2037 Jerusalem,
584 1976 857 2028 dimidium
887 1977 998 2044 ejus
1024 1977 1077 2029 in
1132 1994 1311 2038 mare;
1359 1980 1588 2045 primum
1643 1978 1724 2029 di—

138 2066 363 2116 midium
384 2073 559 2116 autent
592 2067 707 2131 ejus
741 2067 795 2118 in
822 2082 970 2119 mare
997 2067 1244 2119 ultimum
1267 2068 1333 2121 "’.
1364 2068 1519 2121 Sicut
1556 2069 1720 2121 etiann

137 2154 340 2205 clamat
381 2151 637 2207 llabacuc
680 2154 947 2223 propheta
982 2170 993 2207 :
1049 2152 1118 2207 Et
1166 2154 1415 2207 induxisti
1459 2156 1512 2207 in
1576 2170 1723 2206 mare

138 2259 298 2310 equos
328 2252 447 2295 tuos
474 2245 745 2296 turbantes
772 2261 942 2312 aquas
973 2244 1168 2297 multas
1204 2244 1273 2310 ‘°,
1312 2259 1485 2313 equos
1515 2243 1720 2299 Christi

139 2334 362 2392 dicens.
398 2344 622 2388 sanctos
649 2335 873 2403 angelos
897 2344 953 2388 et
994 2335 1293 2403 apostolos.
1346 2336 1500 2390 Unde
1554 2337 1721 2389 etiam

140 2426 195 2478 in
227 2441 465 2479 ascensu
521 2427 718 2480 horum
767 2442 1039 2496 equorum
1087 2429 1310 2481 turbata:
1357 2439 1479 2481 sunt
1527 2429 1720 2497 abyssi,

138 2516 436 2569 multitudo
465 2519 669 2570 sonitus
697 2534 958 2587 aquarum
993 2518 1063 2571 “.
1124 2519 1193 2572 Et
1241 2519 1376 2573 illud
1415 2538 1426 2572 :
1485 2519 1725 2573 Laudate

140 2606 431 2659 hominum
464 2623 526 2658 ea:
557 2618 723 2673 terra,
751 2610 1005 2662 dracones
1030 2619 1078 2661 et
1106 2627 1282 2663 omnes
1310 2613 1481 2679 abyssi
1508 2613 1725 2674 “,can-

140 2707 291 2751 tatur
322 2699 392 2753 de
442 2700 719 2768 gentibus.
765 2700 1031 2753 Dracones
1084 2709 1267 2755 autem
1325 2703 1481 2764 dicit,
1532 2719 1724 2756 eorum

140 2791 432 2859 principes
457 2792 550 2859 qui
578 2792 734 2860 prius
765 2802 925 2846 erant
946 2792 1045 2844 feri
1077 2802 1135 2846 et
1162 2793 1407 2847 humani.
1437 2793 1558 2847 alam
1599 2810 1724 2848 cum

142 2891 222 2935 tot
253 2883 367 2935 sint
394 2883 730 2946 testimonia,
759 2898 825 2936 ne
851 2883 1069 2937 mireris
1093 2884 1240 2952 quod
1275 2885 1422 2938 dicat
1470 2886 1539 2939 de
1590 2902 1725 2939 con-

140 2975 465 3043 gregatione
490 2974 738 3044 gentium
766 2990 888 3043 quae
912 2976 1065 3043 prius
1093 2985 1215 3029 erat
1240 2977 1416 3030 oﬂ'usa
1451 2978 1728 3031 tenebris?

140 3067 394 3121 Tenebrw
422 3074 576 3119 erant
614 3083 773 3135 super
822 3068 1087 3136 abyssum.
1146 3068 1287 3121 Ante
1337 3069 1515 3122 lucem
1569 3078 1729 3122 erant

142 3158 392 3211 tenebrae
424 3157 748 3227 impietatis,
776 3158 1020 3212 tenebrae
1063 3159 1312 3214 libidinis
1345 3170 1403 3213 et
1452 3161 1724 3228 intempe-

142 3249 1006 3313 rantiae,tenebraaidololatriae,
1070 3261 1127 3304 et
1182 3250 1426 3303 omnium
1492 3251 1725 3304 aliorum

140 3350 532 3408 peccatorum,
571 3349 700 3394 ante
722 3341 1092 3409 praesentiam.
1132 3342 1382 3409 inquam,
1419 3350 1474 3393 et
1524 3342 1729 3396 adven-

139 3440 258 3482 tum
295 3445 443 3483 verave
488 3430 653 3491 lueis,
710 3444 908 3499 nempe
959 3429 1184 3484 Christi.
1239 3431 1531 3497 Propterea
1579 3434 1725 3484 enim

140 3522 437 3590 Scriptura
469 3522 728 3577 tenebras
754 3524 929 3576 solum
975 3523 1132 3592 ponit
1165 3533 1290 3578 ante
1328 3524 1507 3577 lucem
1537 3542 1550 3583 ;
1592 3540 1729 3593 quo-

140 3612 292 3664 niam
332 3612 487 3680 prius
517 3626 739 3665 eramus
766 3611 821 3664 in
849 3627 1062 3673 errore,
1125 3612 1326 3666 deinde
1374 3615 1729 3667 transivimus

140 3703 209 3756 ad
253 3704 460 3757 lucrm.
495 3703 791 3771 Propterea
826 3703 979 3771 prior
1006 3714 1090 3757 est
1120 3704 1205 3756 lex
1236 3705 1602 3768 tenebricosa,
1635 3705 1731 3759 de-

141 3793 275 3846 inde
339 3793 715 3862 Evangelium.
777 3794 1072 3862 Propterea
1135 3796 1286 3863 prior
1330 3804 1414 3849 est
1478 3811 1727 3865 vespera,

141 3887 353 3940 deinde
384 3888 523 3941 dies.
568 3888 707 3941 llinc
740 3888 859 3957 lege
900 3896 986 3941 est
1023 3890 1383 3941 constitutum
1424 3896 1483 3940 ut
1522 3889 1731 3958 incipe-

144 3991 305 4035 retur
336 3998 366 4035 a
396 3996 625 4049 vespera
662 3980 986 4043 Dominica;
1012 3979 1274 4047 quoniam
1320 3996 1349 4032 a
1381 3991 1556 4033 morte
1592 3982 1727 4033 obs-

145 4090 282 4128 cura
316 4072 688 4143 processimus
726 4071 791 4124 ad
826 4072 1003 4124 lucem
1047 4072 1489 4125 resurrectionis.
1524 4073 1579 4127 Si
1618 4074 1731 4129 haec

145 4176 337 4218 autem
365 4178 477 4217 non
517 4162 590 4215 ita
628 4161 917 4223 haberent,
951 4160 1108 4213 valde
1136 4174 1280 4215 esset
1313 4162 1631 4217 indecorum
1674 4173 1731 4219 et

150 4254 263 4305 Deo
295 4267 409 4305 non
450 4251 811 4311 conveniens,
860 4250 1147 4304 nominare
1185 4252 1441 4307 tenebras
1476 4267 1601 4309 ante
1642 4257 1728 4309 lu-

148 4355 270 4391 cem
304 4378 320 4399 ,
354 4348 411 4392 et
435 4336 623 4390 statim
681 4336 751 4389 ab
807 4336 965 4390 initio
1022 4337 1361 4393 constituere
1416 4352 1729 4396 creaturam

148 4428 449 4477 obscuram
479 4438 543 4476 ac
582 4424 949 4477 tenebrosam.
988 4422 1142 4477 Unde
1171 4441 1296 4478 eum
1323 4442 1429 4479 non
1460 4431 1732 4496 potuisset

1822 1980 2085 2040 gruenter
2116 1970 2340 2025 Christo
2374 1971 2468 2039 qui
2498 1973 2577 2025 sic
2612 1973 2774 2030 dixit.
2823 1974 2997 2041 Quam
3049 1977 3215 2029 etiam
3274 1992 3400 2030 cum

1821 2060 2074 2124 vidisset,
2114 2060 2344 2112 laudat:
2411 2059 2557 2114 Vidit
2589 2062 2759 2126 enim,
2815 2063 3018 2131 inquit,
3069 2064 3215 2118 Deus
3276 2067 3403 2120 vitae

1823 2151 2040 2216 lucem;
2071 2159 2128 2203 et
2152 2150 2329 2203 dixit:
2359 2149 2506 2205 Bona
2546 2162 2650 2205 est.
2680 2152 2892 2207 Laudat
2912 2165 3118 2219 autem,
3138 2158 3400 2225 quoniam

1824 2243 2467 2312 delectaturhujusmodi
2504 2245 2648 2299 luce.
2686 2245 2784 2299 Est
2810 2247 2957 2300 enim
2985 2248 3244 2316 gaudium
3280 2265 3406 2318 pro-

1824 2344 1947 2404 pter
1980 2351 2148 2388 unum
2192 2347 2541 2404 pec-calorem
2564 2352 2729 2404 quem
2754 2338 3004 2405 panitet.
3036 2340 3403 2404 Quamobrem

1827 2437 2088 2495 tanquam
2108 2430 2245 2497 jam,
2270 2436 2326 2481 et
2352 2444 2382 2482 a
2407 2428 2536 2492 lide,
2564 2439 2622 2483 et
2649 2444 2679 2482 a
2726 2429 2840 2483 vita
2892 2429 3056 2494 bona,
3100 2430 3405 2485 illuminata

1825 2524 2077 2568 creatura
2108 2525 2163 2570 et
2194 2516 2263 2569 ab
2300 2532 2364 2570 ea
2407 2516 2463 2570 in
2494 2517 2770 2587 baptismo
2794 2519 3063 2587 separatis
3085 2534 3208 2588 quae
3254 2521 3309 2573 in
3341 2537 3406 2576 ea

1826 2616 1984 2662 erant
2010 2609 2219 2676 peccati
2252 2608 2499 2662 tenebris
2517 2619 2575 2662 et
2609 2610 3035 2674 incredulitatis,
3064 2612 3249 2665 statim
3271 2614 3407 2666 sub-

1824 2699 2007 2767 junxit
2037 2699 2283 2767 Scriptor
2311 2700 2503 2754 dicens
2535 2718 2547 2753 :
2579 2700 2647 2753 Et
2672 2703 2939 2770 separauit
2967 2702 3105 2755 Deus
3137 2706 3276 2757 inter
3319 2705 3406 2758 ln-

1827 2806 1938 2841 cem
1985 2798 2032 2840 et
2076 2790 2216 2843 inter
2272 2791 2534 2853 tenebras,
2604 2806 2726 2859 quae
2775 2802 2931 2845 erant
2986 2807 3151 2862 super
3210 2810 3408 2864 aquam

1828 2879 2035 2949 abyssi.
2062 2878 2224 2943 Quod
2264 2880 2768 2949 praesignilicarunt
2808 2882 2974 2935 etiam
3015 2883 3119 2937 illae
3153 2883 3277 2939 duae
3312 2900 3410 2939 voc

1829 2972 2014 3027 lueres
2035 2988 2160 3043 quae
2193 2976 2407 3028 emissae
2437 2984 2567 3029 sunt
2593 2992 2660 3029 ex
2691 2991 2817 3029 area
2869 2976 2983 3030 Noe
3013 2995 3025 3029 :
3083 2978 3230 3032 unde
3280 2978 3412 3033 licet

1829 3065 2020 3119 videre
2083 3064 2197 3118 illic
2247 3081 2468 3135 quoque
2515 3068 2728 3135 priores
2773 3082 2894 3121 esse
2934 3067 3211 3121 tenebras.
3254 3068 3412 3122 Prior

1830 3156 1979 3208 enim
2039 3169 2240 3209 corvus
2290 3156 2531 3210 evolavit
2583 3172 2750 3224 super
2809 3172 3000 3224 aquas.
3054 3157 3284 3211 Etcum
3326 3159 3412 3212 vel

1830 3245 2133 3298 sull‘ocatus
2179 3254 2326 3300 esset
2385 3254 2441 3299 et
2492 3247 2752 3315 periisset
2815 3245 3141 3301 tenebrosus
3193 3262 3412 3311 corvus,

1831 3335 2017 3401 Satan,
2040 3344 2136 3390 aut
2152 3337 2319 3390 etiam
2340 3337 2406 3390 ad
2431 3337 2879 3392 crassitudinem.
2902 3338 3074 3409 864
3089 3348 3144 3392 et
3176 3343 3414 3394 carnali-

1833 3434 1996 3480 tatem
2025 3425 2345 3480 adhaesisset
2376 3430 2507 3493 (non
2531 3427 2678 3479 enim
2706 3436 2937 3496 possunt
2961 3444 3156 3483 omnes
3207 3445 3417 3484 sermo.

1831 3532 1955 3569 nem
2007 3514 2251 3585 capere),
2289 3526 2421 3570 tunc
2469 3517 2710 3584 Spiritus
2762 3515 2879 3580 Dei,
2927 3518 3181 3571 columba
3224 3535 3415 3590 super-

1831 3609 2132 3671 ferebatur,
2160 3610 2354 3662 volans
2396 3626 2561 3677 super
2592 3627 2811 3673 aouam,
2849 3627 2957 3664 non
2989 3612 3277 3667 inveniens
3332 3630 3418 3668 re-

1831 3702 2019 3769 quiem
2052 3700 2288 3769 pedibus
2332 3702 2468 3761 suis,
2530 3709 2589 3753 ut
2642 3702 3057 3755 tabernaculum
3119 3704 3309 3773 ligeret
3359 3706 3414 3759 in

1834 3792 2079 3856 homine,
2126 3800 2222 3844 aut
2268 3792 2603 3845 inbabitaret
2654 3801 2711 3844 et
2761 3793 3152 3857 inambularet,
3197 3795 3413 3850 etiamsi

1831 3884 2015 3937 omnia
2076 3883 2346 3936 montium
2406 3883 2693 3935 cacumina
2755 3893 2941 3936 essent
2998 3883 3233 3939 detecta.
3284 3886 3416 3952 Quae

1832 3975 2054 4042 quidem
2092 3973 2480 4041 signilieabant
2534 3972 2742 4041 peccati
2796 3973 3139 4028 inlirmorum
3191 3977 3417 4032 eviden-

1835 4070 1965 4121 tiam
2007 4076 2063 4121 et
2096 4068 2517 4136 impudentiam,
2545 4076 2601 4119 et
2634 4068 2751 4121 vitii
2800 4069 3027 4121 nimiam
3086 4070 3409 4136 elationem,

1833 4159 2064 4227 ejusque
2090 4156 2401 4210 induratum
2431 4166 2486 4210 et
2512 4158 2769 4211 callosam
2804 4160 3140 4214 vecordiam.
3165 4162 3231 4214 Et
3280 4163 3409 4216 ideo

1833 4248 2129 4307 columba,
2185 4263 2381 4315 nempe
2454 4247 2692 4317 Spiritus
2749 4249 2867 4311 Dei,
2921 4250 3205 4304 ferebatur
3252 4267 3418 4321 super

1834 4357 2053 4410 aquam.
2098 4340 2250 4395 lianc
2284 4356 2482 4408 aquam
2533 4352 2589 4395 et
2638 4341 2901 4410 Spiritum
2953 4353 3198 4397 sanctum
3247 4346 3415 4399 veluti

1833 4431 2124 4502 quamdam
2150 4430 2293 4485 inter
2321 4446 2379 4483 se
2414 4431 2669 4484 habentia
2699 4434 3083 4501 cognationem
3132 4444 3329 4488 natura
3361 4446 3418 4489 et

152 4510 496 4564 Manichacus
536 4509 652 4563 haec
678 4510 759 4562 sic
784 4509 1108 4579 intelligere,
1136 4511 1275 4565 duos
1296 4514 1545 4567 nominat
1579 4515 1733 4581 deos,
1769 4544 1811 4597 ι)
1841 4522 2311 4592 conjunCLionem,
2368 4521 2419 4573 in
2448 4521 2683 4573 diversis
2717 4521 2854 4574 locis
2885 4524 3047 4575 simul
3082 4524 3236 4591 ponit
3270 4524 3416 4578 Seri-

155 4604 416 4658 tenebras
441 4611 497 4656 et
527 4603 707 4657 lucem
738 4620 753 4667 ;
786 4610 841 4657 et
876 4612 1003 4657 ante
1035 4603 1318 4660 Christum
1350 4608 1550 4674 lucem,
1576 4613 1732 4680 ponit

151 4695 562 4755 adversarium,
599 4694 693 4764 qui
724 4702 812 4748 est
833 4695 1102 4750 obscurus
1135 4712 1199 4751 ac
1227 4700 1553 4756 tenebrosus
1581 4719 1594 4767 ;
1633 4719 1735 4758 nos

154 4797 341 4841 autem
372 4801 468 4841 eas
498 4802 638 4855 quas
673 4785 917 4841 diximus
956 4789 1282 4857 anagogieas
1314 4789 1577 4845 facientes
1606 4808 1736 4847 con-

158 4879 548 4949 templationes
581 4918 596 4940 ,
635 4878 877 4932 litteram
931 4894 1039 4933 non
1100 4880 1473 4938 dissolvimus.
1524 4885 1682 4939 Absit
1720 4889 1733 4940 ι

159 4972 268 5024 imo
296 4984 430 5024 vero
454 4979 642 5038 aperte
669 4970 1056 5038 cognoscimus
1112 4972 1259 5039 quod
1319 4976 1562 5029 tenebrae
1608 4990 1739 5031 sen-

157 5062 289 5114 siles
320 5066 486 5112 erant
518 5073 685 5126 super
710 5059 967 5128 abyssum
996 5061 1279 5123 sensilem,
1300 5070 1356 5115 et
1379 5061 1619 5129 Spiritus
1642 5066 1739 5120 Dei

163 5150 447 5205 ferebatur
510 5164 678 5217 super
734 5164 932 5217 aquam
988 5152 1290 5216 sensilcm;
1338 5154 1453 5207 sive
1511 5157 1739 5223 spiritus

163 5240 310 5293 aeris
364 5252 530 5307 quem
563 5237 851 5291 nominare
882 5247 1106 5292 ventum
1139 5242 1244 5295 scit
1267 5245 1610 5298 consuetudo
1636 5246 1738 5300 ho-

164 5332 402 5389 minum,
436 5329 553 5383 sive
594 5327 834 5396 Spiritus
864 5338 1087 5384 sanctus
1115 5347 1130 5395 ;
1156 5335 1309 5400 prius
1338 5333 1653 5402 signiﬁcans
1685 5345 1742 5390 et

165 5422 493 5477 describens
519 5420 749 5490 gratiam
774 5421 949 5473 sancti
980 5420 1237 5489 Spiritus.
1266 5422 1551 5479 Ambobus
1593 5427 1744 5479 enim

167 5523 253 5570 est
270 5529 448 5584 opus;
474 5528 672 5583 nempe
696 5523 751 5567 et
776 5514 928 5567 aerio
950 5516 1171 5583 spiritu,
1196 5515 1636 5573 utinstarcrucis
1664 5520 1747 5572 in-

171 5605 343 5674 spiret
373 5606 431 5659 in
475 5621 674 5675 aquam
728 5606 1116 5675 baptismatis;
1178 5617 1236 5662 et
1293 5618 1485 5664 sancto
1513 5609 1743 5681 Spiritu,

244 5723 289 5755 ⁸⁸
347 5724 492 5777 Psal.
534 5740 641 5786 xu,
672 5724 722 5776 8.
802 5724 847 5755 ”
871 5723 1098 5777 Zachar.
1142 5742 1248 5785 .vtv,
1277 5725 1329 5778 8.

180 5792 223 5822 ⁸⁸
250 5793 408 5848 Joatt.
439 5808 516 5856 ιιι,
558 5794 609 5847 ξ’).
686 5794 730 5823 “"
779 5792 933 5846 Joan.
975 5810 1063 5856 ιιι,
1101 5796 1191 5860 38,
1242 5797 1329 5848 59.

1440 5729 1485 5758 ⁶⁰
1532 5727 1735 5781 Hahae.
1794 5746 1873 5791 ιιι,
1930 5732 2014 5783 iii.

1407 5798 1452 5829 "
1501 5798 1641 5851 l’sal.
1698 5815 1912 5863 csum,
1961 5803 2012 5853 4.

1840 4623 2021 4683 ptura.
2051 4613 2119 4666 Et
2182 4612 2307 4664 ideo
2352 4612 2490 4665 dicit
2539 4612 2805 4665 Dominus
2852 4613 3152 4666 Nicodemo
3187 4616 3416 4680 :Amen,

1842 4721 1997 4757 amen
2024 4703 2139 4755 dico
2177 4704 2287 4761 tibi.
2318 4703 2417 4754 nisi
2446 4703 2562 4768 quis
2603 4704 2807 4771 genitus
2867 4703 3022 4770 fuerit
3076 4721 3168 4773 per
3223 4724 3419 4776 aquam

1844 4805 1892 4848 et
1928 4794 2206 4864 Spiritum,
2244 4811 2344 4845 non
2377 4794 2597 4845 intrabit
2628 4795 2682 4846 in
2715 4810 2935 4863 regnum
2966 4795 3216 4849 caelorum
3248 4798 3311 4851 ".
3354 4799 3423 4852 Et

1848 4900 2041 4938 rursus
2075 4901 2087 4937 :
2124 4884 2223 4948 Qui
2266 4884 2424 4937 credit
2487 4886 2539 4937 in
2607 4900 2707 4947 me,
2766 4885 2899 4937 sicut
2955 4886 3087 4938 dixit
3119 4885 3420 4957 Scriptura,

1846 4978 1989 5045 ﬂuvii
2022 4991 2085 5028 ea:
2115 4978 2226 5045 ejus
2258 4986 2435 5029 ventre
2464 4978 2630 5045 fluent
2656 4992 2809 5045 aqua:
2866 4980 2993 5029 view
3022 4995 3039 5041 ;
3094 4981 3187 5031 hoc
3244 4990 3424 5034 autem

1846 5071 2050 5123 dicebat
2074 5069 2137 5120 de
2160 5068 2362 5133 Spiritu
2396 5084 2551 5137 quem
2590 5070 2855 5131 accepturi
2878 5079 3028 5121 erant
3068 5071 3333 5125 credentes
3371 5076 3424 5127 in

1846 5177 1963 5213 cum
1984 5160 2049 5211 “.
2079 5160 2538 5229 Psalmographus
2566 5174 2788 5228 quoque
2808 5160 2894 5213 his
2923 5163 3319 5217 convenienter
3342 5166 3427 5217 di-

1845 5250 1919 5303 cit
1952 5266 1964 5300 :
2008 5247 2242 5300 Laudate
2267 5265 2408 5311 eum,
2427 5248 2540 5300 caeli
2572 5248 2841 5312 caelorum,
2870 5262 2918 5302 et
2949 5268 3100 5320 aqua:
3128 5268 3241 5321 quae
3270 5269 3429 5323 super

1849 5344 2001 5392 caelos
2030 5347 2151 5390 sunt
2173 5337 2389 5391 laudent
2420 5355 2606 5391 nomen
2636 5338 2867 5403 Domini,
2893 5343 3142 5409 quoniam
3172 5354 3247 5394 est
3277 5344 3428 5396 exul-

1854 5439 2025 5482 tatnm
2060 5430 2127 5481 ⁸⁵.
2154 5430 2228 5482 Ea
2259 5430 2327 5483 de
2361 5445 2525 5484 causa
2559 5439 2849 5484 terrestres
2882 5440 2939 5485 et
2968 5434 3223 5486 eaalestes
3259 5450 3431 5503 aquas

1853 5522 2027 5589 magis
2050 5520 2441 5575 obtenebratas
2465 5520 2714 5575 nominat
2759 5522 3068 5590 Scriptura,
3094 5524 3258 5578 nobis
3303 5541 3431 5593 pec-

1854 5622 1978 5667 cato
2006 5611 2384 5667 diﬂluentibus
2419 5613 2676 5667 tenebras
2710 5615 2919 5682 peccati
2974 5616 3273 5670 ostendens
3302 5617 3433 5669 insi-

2092 5732 2130 5762 ⁶¹
2176 5732 2316 5785 l‘sal.
2357 5748 2531 5795 nava,
2575 5732 2754 5785 16-18.

3378 5734 3408 5751 Π

2860 5733 2903 5762 τ’
2935 5733 3069 5786 Psal.
3111 5748 3321 5795 csum.
3378 5734 3431 5786 7.
