4200 6440
798 399 893 460 871

2007 400 2062 457 S.
2106 398 2506 457 ANASTASH
2548 398 2873 457 SINMTJ‘I

3952 401 4056 460 ετὲ

798 501 951 561 dei-e.
982 506 1271 576 Separavit
1296 516 1475 559 tamen
1507 507 1649 559 Deus
1703 505 1846 559 inter
1896 507 2074 560 lucem
2116 517 2173 560 ct
2215 518 2367 561 tcnc-
2399 519 2441 571 Α
2472 508 2815 576 operatione,
2849 516 2904 559 et
2932 516 2982 559 te
3013 504 3430 573 apprebcmlenl
3462 506 3704 560 tenebrze
3724 508 3976 576 caliginis
4002 520 4057 561 ct

800 600 948 660 bras,
981 600 1225 667 expulsis
1271 616 1297 651 a
1351 601 1510 651 nobis
1556 600 1921 667 potestatibus
1969 600 2371 661 tenebrarum;

799 708 1011 761 lmnens
1044 702 1291 746 nostrum
1328 691 1569 743 medium
1596 692 1884 760 parietem.
1930 693 2248 759 angularem
2301 692 2375 743 la-

796 781 983 847 pidem
1015 781 1293 834 Christum
1325 781 1431 844 ;de
1464 796 1574 848 quo
1606 782 1769 835 etiam
1799 783 2100 851 subjungit,
2131 784 2322 835 dicens
2360 798 2371 832 :

805 871 1009 924 Vocavit
1056 872 1242 934 lucem,
1280 873 1440 935 diem,
1496 880 1545 923 et
1606 873 1846 925 tenebras
1896 876 2095 925 vocavit
2149 881 2370 925 noctem.

798 962 915 1015 Lux
942 973 1046 1027 est,
1066 965 1260 1032 inquit,
1294 980 1456 1032 quem
1480 964 1644 1018 etiam
1672 965 1817 1017 diem
1844 980 1981 1017 voco
2004 983 2017 1019 :
2050 980 2170 1033 quae
2192 975 2375 1017 autem

798 1055 849 1107 ei
886 1055 1248 1108 adversantur
1273 1057 1528 1109 tenebras
1562 1065 1778 1109 noctem
1815 1057 2049 1124 appello.
2087 1057 2190 1109 Et:
2244 1055 2375 1107 Am-

797 1146 977 1199 balatc
1006 1147 1167 1199 donec
1200 1148 1365 1200 lucem
1392 1148 1625 1209 habetis;
1656 1149 1795 1200 venit
1826 1164 1950 1211 nox,
1981 1147 2191 1216 quando
2225 1162 2376 1197 nemo

800 1247 965 1307 potest
995 1242 1205 1306 operari
1235 1241 1299 1291 δε.
1333 1239 1441 1291 Nos
1470 1239 1617 1291 enim
1650 1254 1757 1291 non
1789 1253 1981 1290 sumus
2035 1238 2131 1290 lilii
2174 1237 2374 1300 noctis,

800 1330 895 1383 sed
922 1330 1028 1381 diei
1055 1329 1281 1383 Christi.
1314 1328 1417 1394 Qui
1456 1330 1600 1381 enim
1632 1330 1915 1381 dormiunt
1949 1344 2201 1382 somnum
2252 1345 2377 1397 pec-

805 1422 935 1484 cati,
971 1421 1023 1472 in
1056 1422 1236 1472 noctis
1262 1421 1509 1473 tenebris
1541 1419 1823 1472 dormiunt
1857 1428 1948 1471 :et
1978 1420 2070 1486 qui
2102 1420 2376 1471 inebrian-

800 1516 911 1572 tur,
939 1525 1132 1561 rursus
1162 1509 1215 1561 in
1262 1510 1374 1577 ipsa
1416 1520 1576 1560 nocte
1624 1508 1969 1560 inebriantur
2001 1525 2064 1560 ex
2116 1510 2375 1575 peccatis,

799 1601 943 1653 sicut
966 1601 1128 1653 docet
1155 1601 1355 1652 Paulus
1379 1600 1443 1651 ".
1478 1599 1544 1651 Et
1568 1600 1767 1667 factum
1787 1607 1859 1648 est
1885 1616 2080 1667 vesper,
2107 1608 2153 1649 et
2179 1600 2376 1665 factum

798 1699 874 1743 est
906 1708 1060 1743 mane
1089 1691 1197 1743 dies
1226 1708 1382 1743 unus.
1415 1690 1533 1743 Non
1566 1690 1705 1742 dixit
1735 1708 1747 1741 :
1792 1688 1911 1741 Dies
1965 1689 2165 1757 primus
2194 1704 2211 1750 ;
2257 1689 2372 1749 sed,

797 1780 920 1833 Dies
949 1798 1106 1845 unus,
1138 1796 1247 1833 non
1277 1780 1406 1833 duo.
1460 1779 1570 1832 lloc
1633 1781 1941 1848 mysterium
1998 1796 2247 1847 magnum
2303 1790 2376 1833 est

799 1874 1022 1941 (vesper
1064 1880 1121 1925 et
1151 1875 1355 1933 mane),
1392 1887 1485 1940 ego
1521 1880 1697 1923 autem
1730 1872 1845 1923 dico
1872 1872 1925 1921 in
1959 1868 2163 1922 Christo
2194 1879 2241 1922 et
2275 1870 2375 1923 Εε-

798 1963 956 2014 ειινεῖα
994 1963 1061 2025 ⁵⁸,
1091 1978 1211 2029 quae
1240 1962 1539 2030 aliquando
1574 1972 1698 2014 erat
1732 1977 1929 2029 vesper
1961 1961 2282 2015 obscurum.
2321 1962 2370 2014 ei

796 2062 979 2106 autem
1005 2052 1153 2105 unita
1177 2068 1303 2103 vera
1330 2053 1449 2105 lucc
1476 2056 1700 2105 fuerunt
1720 2051 1830 2104 duo
1856 2053 1908 2104 in
1937 2068 2158 2105 carnem
2186 2068 2369 2114 unam,

799 2143 854 2197 in
884 2160 1051 2196 unum
1084 2142 1225 2195 lueis
1274 2143 1421 2195 diem
1469 2142 1562 2210 qui
1610 2142 1885 2194 illuminat
1930 2158 2148 2193 onmem
2198 2142 2373 2194 homi-

798 2250 922 2286 nem
973 2234 1282 2285 venientem
1320 2234 1374 2285 in
1414 2233 1680 2285 mundum
1738 2232 1861 2284 lidei
1923 2232 2150 2285 Christi.
2200 2234 2370 2296 Quem

797 2323 998 2378 deinde
1050 2322 1286 2375 initiavit
1334 2322 1627 2391 baptismo,
1658 2338 1781 2375 cum
1820 2323 2032 2375 diceret
2063 2341 2074 2373 :
2107 2322 2172 2375 Et
2204 2323 2373 2390 Spiri-

798 2426 883 2467 tus
934 2415 1027 2466 Ilci
1078 2415 1345 2481 ferebatur
1397 2430 1556 2480 super
1607 2431 1796 2482 aquas,
1842 2430 1939 2481 per
1994 2414 2258 2481 Spiritum
2319 2424 2373 2465 et

797 2522 993 2575 aquam
1024 2506 1201 2574 ipsmn
1233 2506 1532 2559 ostendens
1564 2523 1575 2557 :
1604 2520 1701 2574 per
1732 2520 1894 2571 quem
1924 2514 1980 2557 et
2022 2506 2197 2571 ipsum
2240 2522 2372 2571 pur-

796 2596 943 2663 gavit
972 2595 1041 2646 ab
1094 2594 1339 2661 antiquis
1395 2593 1759 2651 sordibus.et
1812 2593 2003 2645 docuit
2049 2595 2370 2661 mysterium

797 2686 1257 2753 regenerationis,
1280 2686 1407 2753 quia
1443 2685 1617 2737 dixit:
1652 2684 1777 2736 Fiat
1803 2684 1914 2747 lux,
1948 2702 2045 2753 per
2077 2686 2221 2752 quod
2256 2702 2375 2738 ver-

800 2780 928 2831 lnnn
984 2786 1033 2829 et
1084 2778 1280 2829 bonam
1326 2776 1494 2829 vitam
1523 2776 1593 2829 ab
1635 2790 1702 2829 eo
1731 2778 1930 2841 exegit.
1961 2792 2081 2843 qua:
2116 2786 2371 2844 tanquam

800 2867 890 2919 lux
917 2868 1089 2919 luceat
1122 2874 1249 2918 ante
1278 2865 1471 2918 faciem
1500 2867 1620 2933 ejus
1644 2882 1656 2916 :
1694 2880 1761 2917 ne
1786 2866 2067 2933 contingat
2095 2880 2220 2917 eum
2253 2882 2373 2919 esse

798 2959 1013 3025 pigrum
1039 2956 1105 3008 ad
1136 2956 1383 3007 intensos
1405 2964 1460 3008 et
1484 2956 1843 3008 vehementes
1872 2957 2102 3008 sudores
2131 2957 2371 3019 virtutis,

801 3057 861 3099 ut
915 3048 1008 3114 qui
1066 3062 1175 3098 non
1211 3046 1284 3097 sit
1326 3046 1617 3098 habiturus
1645 3060 1880 3099 coronas
1912 3055 2186 3099 tantorum
2212 3050 2376 3101 sudo-

797 3152 918 3190 rum
968 3152 1204 3204 quorum
1269 3145 1397 3190 sunt
1444 3137 1745 3204 participes
1773 3136 1941 3189 futuri
1970 3138 2064 3205 qui
2099 3138 2370 3193 laborant.

796 3225 935 3280 Eum
991 3228 1156 3281 docet
1207 3227 1372 3280 etiam
1429 3228 1749 3295 mysterium
1814 3228 2256 3289 resurrectionis,
2317 3238 2373 3281 et

798 3318 933 3371 dicit
964 3337 976 3371 :
1009 3321 1084 3372 Ne
1111 3328 1270 3387 putes
1295 3319 1360 3371 ad
1391 3318 1604 3370 nullum
1633 3317 1849 3371 lucrum
1879 3317 1976 3370 tibi
2008 3332 2130 3371 esse
2155 3319 2368 3372 reditu-

798 3426 857 3463 ra
890 3412 1210 3463 certamina.
1252 3410 1368 3464 Non
1404 3411 1476 3464 ita
1522 3411 1667 3474 erit;
1709 3409 1803 3463 sed
1840 3410 1948 3463 erit
1980 3409 2078 3462 tibi
2118 3426 2371 3478 vespera,

800 3516 899 3571 per
927 3509 1156 3554 mortem
1186 3502 1397 3556 scilicet
1425 3510 1705 3556 contracta
1737 3517 1749 3553 :
1784 3509 1840 3554 et
1870 3500 2091 3555 vacabis
2119 3500 2187 3553 ab
2220 3502 2372 3555 omni

2482 598 2769 650 caecitatis.
2807 596 3012 649 Deinde
3041 606 3229 664 postea
3272 597 3364 648 ﬁet
3405 597 3499 650 tibi
3528 612 3688 650 mane
3722 616 3733 649 :
3772 613 3971 667 nempe
4002 607 4059 649 et

2480 692 2590 745 illic
2651 702 2733 744 est
2784 691 2903 743 dies
2953 690 3397 753 resurrectionis,
3449 698 3504 743 et
3542 691 3800 743 exoriens
3844 692 3925 743 sol
3961 691 4055 759 qui

2478 780 2625 833 cadit
2648 779 2751 831 sub
2798 778 3235 845 intelligentiam,
3286 776 3461 830 solvet
3500 777 3784 829 mortalem
3810 785 4054 837 noctem,

2476 879 2533 923 et
2578 879 2627 923 te
2668 870 2885 922 vocabit
2927 878 2987 921 ιιι
3016 868 3435 937 expergiscaris,
3472 875 3529 919 et
3557 868 3637 920 sic
3667 867 3884 920 videbis
3912 867 4057 919 divi-

2478 976 2609 1014 num
2649 961 2782 1014 illud
2836 975 2994 1013 mane
3048 960 3194 1028 quod
3246 959 3469 1027 quidcnt
3523 959 3700 1013 Moses
3750 958 4061 1011 nominavit

2477 1050 2645 1104 diem.
2672 1052 2857 1119 Neque
2884 1049 3022 1102 dixit
3044 1049 3187 1102 diem
3215 1050 3451 1117 primum
3483 1065 3494 1100 :
3523 1048 3668 1117 quod
3695 1048 3864 1115 magis
3891 1063 4057 1115 Opor-

2480 1143 2652 1203 tebat,
2699 1153 2757 1196 et
2783 1142 2929 1194 diem
2955 1148 3265 1195 extremum
3307 1156 3601 1194 recensere
3630 1150 3883 1193 oratione
3911 1156 3922 1190 :
3956 1138 4055 1191 sed

2479 1235 2741 1303 quoniam
2774 1235 2953 1304 typice
2986 1234 3361 1302 przenarrabat
3395 1233 3549 1285 illum
3588 1231 3859 1291 futurum,
3888 1246 4057 1298 quem

2478 1340 2589 1377 non
2622 1326 2931 1377 metiuntur
2958 1325 3106 1376 hora!
3134 1332 3191 1374 et
3214 1330 3440 1391 puncta,
3478 1331 3533 1373 et
3560 1322 3654 1390 qui
3683 1330 3842 1374 nocte
3884 1321 4058 1372 inter-

2482 1416 2757 1483 rumpitur
2783 1457 2797 1478 ,
2846 1414 2943 1467 sed
2985 1425 3071 1468 est
3114 1422 3418 1483 perpetuus
3474 1423 3530 1466 et
3577 1412 3893 1474 continuus,
3926 1427 4056 1463 eum

2488 1507 2795 1560 nominavit
2820 1521 3015 1567 unum,
3046 1507 3215 1573 utqui
3245 1520 3465 1572 semper
3485 1504 3739 1556 similiter
3773 1512 3827 1554 et
3858 1502 4056 1555 eodem

2481 1600 2644 1652 modo
2678 1615 2734 1652 se
2774 1599 2973 1651 habeat
3006 1615 3017 1650 :
3059 1607 3115 1651 et
3155 1614 3262 1649 non
3293 1600 3553 1666 pritnnm.
3581 1606 3872 1666 propterea
3906 1596 4055 1663 quod

2480 1708 2583 1744 nec
2610 1692 2834 1743 otitnino
2861 1691 3355 1745 circumscribatur
3383 1691 3599 1743 ultimo.
3640 1691 3883 1743 l’rimum
3906 1690 4055 1741 enim

2479 1794 2534 1835 et
2561 1784 2814 1835 ultimum
2841 1791 2971 1834 sunt
2996 1781 3268 1849 ejusmodi
3296 1789 3356 1833 ut
3378 1782 3692 1833 referantur
3713 1779 3778 1832 ad
3803 1778 4016 1845 aliquid
4041 1795 4053 1830 :

2408 1863 2446 1915 Β
2479 1875 2590 1928 illic
2628 1884 2812 1928 autem
2853 1874 2988 1927 nihil
3031 1875 3136 1926 tale
3171 1874 3331 1941 quale
3363 1873 3544 1925 oritur
3577 1872 3857 1923 Christus.
3896 1871 4057 1922 Inve-

2475 1966 2597 2020 nies
2666 1976 2849 2019 autem
2907 1980 3004 2018 eos
3066 1965 3231 2017 etiam
3295 1964 3389 2031 qui
3432 1973 3559 2017 sunt
3598 1972 3753 2016 extra
3798 1961 4056 2031 gratiam,

2473 2055 2665 2106 eadem
2740 2053 2855 2106 fere
2924 2053 3131 2106 dicere.
3214 2051 3537 2121 Pythagorei
3602 2051 3748 2104 enim
3813 2050 4056 2118 priunnu

2474 2143 2620 2195 diem
2672 2143 2900 2203 mensis,
2953 2157 3062 2194 non
3100 2142 3361 2209 primum,
3403 2141 3497 2195 sed
3536 2140 3771 2193 similem
3805 2140 4057 2192 nomina-

2477 2244 2603 2285 runt
2631 2250 2642 2285 :
2672 2250 2803 2296 non,
2827 2242 2886 2286 ut
2907 2233 3124 2301 opinor,
3150 2232 3360 2285 visione
3386 2232 3861 2300 apprehendentes
3886 2229 4053 2281 vitam

2477 2323 2623 2375 illam
2663 2324 3124 2384 imlissolubilem,
3161 2322 3255 2375 sed
3284 2321 3501 2375 interim
3533 2337 3654 2375 eam
3691 2322 3769 2375 sic
3798 2322 4052 2373 nomina-

2477 2422 2693 2465 verunt.
2728 2413 2965 2481 /Eg_vptii
2998 2428 3221 2481 quoque
3271 2428 3425 2465 saera
3486 2414 3701 2465 ratione
3751 2413 4052 2465 draconem

2475 2506 2567 2570 qui
2607 2515 2761 2557 vorat
2786 2504 3015 2557 caudam
3040 2504 3359 2571 insculpunt
3384 2504 3436 2556 in
3463 2502 3862 2571 pyratnidilms,
3888 2514 4053 2555 acter-

2477 2611 2600 2647 nam
2633 2604 2689 2647 et
2720 2594 3061 2648 individuam
3096 2593 3583 2647 circumactionem
3617 2593 3929 2646 divinarum
3965 2610 4054 2644 re-

2476 2701 2596 2737 rum
2638 2686 3049 2753 significantes;
3081 2685 3377 2738 draconem
3406 2686 3553 2738 enim
3588 2685 3641 2737 in
3678 2684 3811 2737 deos
3844 2684 4053 2735 refere-

2477 2776 2893 2842 liaut/Egvptii.
2940 2776 3194 2844 Orpbeus
3238 2786 3423 2828 autem
3466 2776 3639 2827 Deum
3679 2776 3903 2826 vocabat
3953 2792 4053 2843 μσς

2476 2866 2607 2917 vdo:
2656 2867 2948 2927 unitatem,
2993 2866 3047 2918 id
3085 2874 3192 2928 est,
3242 2865 3609 2918 individuum.
3666 2865 3853 2932 Neque
3904 2865 4053 2915 enim

2478 2956 2863 3023 sesquialtera,
2891 2966 2988 3008 aut
3016 2955 3397 3024 sesquitertia,
3426 2967 3522 3009 aut
3564 2955 3745 3023 aliqua.
3788 2954 3892 3006 alia
3929 2972 4056 3022 pars

2478 3047 2697 3098 numeri
2728 3055 2813 3099 est
2840 3046 2894 3098 in
2922 3046 3060 3113 ipso.
3094 3046 3283 3099 Dillert
3322 3055 3506 3099 autem
3560 3046 3743 3097 unitas
3794 3045 3862 3095 ab
3919 3061 4052 3101 uno,

2476 3148 2755 3206 quatenus
2777 3138 3137 3207 archetypum
3165 3137 3352 3189 dillert
3375 3136 3444 3188 ab
3480 3136 3735 3205 imagine.
3763 3137 4057 3204 Exemplar

2477 3230 2701 3298 quidem
2723 3239 2809 3283 est
2832 3230 3033 3291 uilitas,
3068 3228 3294 3281 unitatis
3319 3237 3501 3281 autem
3535 3228 3940 3281 imitamentum
3970 3238 4056 3279 est

2479 3338 2648 3374 unum
2682 3340 2693 3373 :
2728 3321 3005 3390 quomodo
3032 3322 3112 3374 sol
3134 3330 3217 3374 est
3260 3319 3662 3372 imitamentum
3710 3320 3877 3372 unius
3932 3321 4058 3372 uni-

2480 3414 2633 3475 tatis,
2667 3413 2821 3475 .lesu,
2870 3413 3112 3481 inquam.
3153 3412 3261 3481 Ipsi
3291 3411 3362 3465 sit
3389 3412 3563 3481 gloria
3606 3419 3663 3465 et
3704 3412 3950 3480 potentia
4000 3412 4055 3464 in

2480 3504 2678 3556 szecula
2705 3503 3053 3557 saeculorum.
3084 3502 3281 3555 Amen.

1885 3866 2236 3952 LIBER
2313 3865 2962 3955 SECUNDUS.

1958 4054 2038 4095 DE
2071 4054 2361 4096 SECUNDO
2393 4053 2501 4095 DIE
2532 4054 2929 4102 CREATIONIS.

867 4329 1055 4384 Primo
1094 4328 1184 4382 die
1231 4328 1435 4382 laetum
1489 4337 1572 4381 est
1629 4328 1809 4381 velum
1859 4328 2164 4397 superioris
2218 4328 2364 4388 creti.
2402 4330 2445 4384 ι)
2475 4330 2653 4397 posito
2684 4331 2784 4384 sub
2812 4347 2950 4399 aqua
2986 4332 3339 4398 ﬁrmamenti,
3375 4341 3478 4390 sub
3502 4340 3635 4395 sole.
3662 4340 3909 4411 inquam.
3933 4348 4053 4414 ejus

796 4420 944 4489 quod
1005 4419 1407 4487 appropinquat
1463 4417 1698 4471 Sanctus
1754 4426 2093 4477 sanctorum,
2142 4434 2252 4486 quo
2285 4419 2369 4471 in-

798 4512 957 4565 troiit
983 4527 1289 4580 prmeursor
1310 4525 1408 4578 pro
1432 4510 1589 4562 nobis
1612 4510 1866 4565 Christus
1887 4512 1951 4563 ".
1983 4510 2053 4563 Ea
2078 4511 2145 4562 de
2178 4526 2364 4571 causa,

796 4600 864 4652 de
890 4608 1111 4661 caetero,
1141 4599 1386 4651 secundo
1415 4598 1504 4650 die
1547 4600 1605 4651 lit
1665 4598 1966 4652 secundum
2015 4609 2070 4652 ct
2122 4603 2367 4653 exterius

796 4692 999 4746 velum.
1021 4690 1168 4758 quod
1191 4688 1396 4741 dicitur
1425 4708 1436 4742 :
1464 4689 1874 4742 Firmamentum
1910 4691 1964 4741 in
1989 4690 2157 4741 medio
2190 4705 2365 4758 aqum:

795 4778 940 4845 quod
979 4778 1201 4845 quidem
1238 4787 1322 4829 est
1360 4778 1763 4831 ﬁrmamentum
1806 4778 1929 4830 ﬁdei
1974 4778 2026 4831 in
2060 4777 2360 4832 Christum.

794 4870 913 4923 Non
942 4870 1136 4921 luisset
1164 4877 1348 4921 autem
1378 4870 1484 4922 hoc
1508 4868 1736 4932 laetum,
1760 4868 1862 4921 nisi
1894 4870 2048 4937 prius
2071 4878 2196 4922 nata
2219 4878 2367 4923 esset

796 4960 890 5013 lux
925 4978 939 5012 :
992 4974 1187 5027 nempe
1227 4969 1515 5029 postquam
1559 4960 1749 5013 datum
1786 4960 1889 5013 luit
1912 4960 2200 5028 baptisma,
2232 4960 2367 5014 ﬁdes

793 5048 1066 5116 sequitur.
1101 5048 1216 5101 Non
1268 5051 1327 5101 lit
1373 5057 1553 5102 autem
1602 5058 1754 5103 extra
1797 5065 1991 5117 aquam
2040 5051 2143 5103 boc
2184 5050 2366 5102 ﬁrma-

795 5147 1063 5198 mentum,
1115 5139 1208 5191 sed
1250 5139 1305 5191 in
1351 5138 1534 5191 medio
1576 5154 1731 5208 aqua!
1753 5140 1996 5193 omnium
2026 5141 2267 5209 gentium
2299 5156 2365 5194 ex

794 5243 859 5279 ea
888 5237 1230 5291 concretum,
1262 5230 1522 5297 quoniam
1554 5231 1669 5299 fecit
1693 5230 1830 5283 Dem
1856 5230 2081 5283 salutem
2108 5233 2161 5283 in
2196 5234 2365 5287 medio

795 5325 951 5369 terra:
1010 5319 1076 5379 ⁷⁸,
1127 5327 1317 5387 utpote
1365 5320 1458 5388 qui
1492 5319 1822 5373 habitaverit
1859 5320 1913 5372 in
1942 5320 2123 5373 medio
2160 5323 2363 5375 terreni

794 5406 937 5459 uteri
972 5407 1215 5476 Virginis
1251 5426 1261 5460 :
1296 5419 1351 5461 et
1377 5410 1611 5463 salutem
1643 5410 1831 5463 mundi
1858 5410 2052 5463 fecerit
2080 5424 2365 5479 compacto

794 5496 1138 5552 ﬁrmamento
1184 5502 1359 5554 sancti
1400 5504 1483 5555 sui
1518 5503 1769 5571 corporis
1815 5503 1869 5555 in
1903 5503 2083 5555 medio
2116 5504 2366 5557 incorru-

794 5596 899 5653 pta:
934 5590 1197 5649 matricis.
1258 5593 1425 5647 fontis
1479 5595 1603 5649 vitae
1641 5596 1835 5663 puella:
1885 5595 1977 5648 Dei
2042 5596 2227 5649 Matris
2258 5614 2272 5659 ;
2309 5611 2365 5651 ct

1418 5729 1458 5757 "’
1499 5728 1513 5779 Ι
1555 5728 1745 5782 Thess.
1777 5748 1826 5791 v,
1862 5733 1911 5781 7.

1103 5796 1146 5824 ⁷¹
1172 5794 1358 5848 Matth.
1396 5813 1445 5859 κ,
1486 5801 1562 5850 lb'.

867 5723 911 5753 “
958 5723 1115 5777 Joan.
1168 5741 1238 5783 ις.
1288 5727 1337 5778 1.

794 5805 904 5854 3m,
946 5794 1025 5845 18.

2026 5732 2067 5755 "‘
2100 5730 2299 5796 Epltcs.
2334 5749 2385 5793 v,
2429 5733 2495 5784 3'2

2474 4421 2805 4474 divinitatis.
2848 4423 2906 4476 In
2933 4424 3036 4476 hoc
3074 4425 3441 4492 ﬁrmamento,
3476 4431 3601 4493 ﬁde,
3637 4433 3882 4501 inquam,
3913 4440 4051 4491 tedi-

2476 4511 2657 4564 licavit
2708 4512 2915 4575 lunam,
2954 4514 3273 4577 Ecclesiam,
3315 4517 3506 4573 dicens
3540 4520 3656 4575 fore
3685 4534 3745 4575 ut
3770 4538 3940 4594 parur
3970 4530 4055 4581 in-

2474 4601 2610 4667 ferni
2641 4617 2744 4652 non
2780 4605 3129 4670 prawalerent
3159 4606 3407 4660 adversus
3437 4625 3555 4663 eam
3593 4613 3660 4665 ".
3688 4614 3845 4669 Unde
3882 4620 4050 4673 etiam

2475 4690 2685 4744 ﬁrmata
2715 4692 2815 4745 fuit
2844 4693 2899 4746 in
2924 4696 3107 4748 medio
3142 4712 3435 4765 aquarum,
3478 4702 3805 4759 inconcussa
3844 4707 3897 4760 in
3938 4725 4054 4763 mc.-

2474 4781 2581 4834 diis
2610 4783 2890 4846 ﬂuctibus,
2934 4787 3133 4846 ventis,
3170 4790 3446 4857 procellis,
3469 4800 3525 4844 et
3550 4794 4053 4853 innumerabilibus

2476 4874 2899 4942 tempestatibus
2922 4878 3239 4945 passionum
3283 4890 3340 4934 et
3392 4881 3679 4938 haeresum.
3734 4886 3828 4941 Sic
3878 4890 4049 4945 etiam

2471 4983 2567 5022 eos
2596 4969 2687 5037 qui
2742 4984 2861 5023 eam
2912 4970 3277 5034 aediﬁcarunt,
3328 4972 3477 5026 misit
3532 4983 3789 5037 tanquam
3828 4995 3949 5032 ore:
3995 4984 4050 5033 in

2474 5060 2646 5111 medio
2687 5060 2932 5128 luporum
2968 5062 3051 5113 ἰε
3086 5062 3352 5125 virorum,
3396 5064 3641 5131 inquam,
3674 5068 3769 5135 qui
3803 5070 3955 5123 ca-de
3988 5086 4051 5124 ac.

2473 5151 2737 5219 sanguine
2768 5150 3111 5203 delectantur
3136 5167 3151 5210 ;
3179 5151 3368 5205 dicens
3400 5171 3413 5206 :
3456 5153 3519 5208 In
3574 5158 3742 5210 medio
3782 5175 4047 5227 aquarum

2472 5240 2567 5307 ﬁat
2619 5240 3038 5307 firmamentum,
3084 5259 3279 5313 nempe
3317 5244 3454 5299 ﬁdes
3502 5245 3655 5300 ﬁrma
3687 5250 4045 5317 praedicetur,

2474 5347 2542 5384 ne
2569 5333 2805 5398 amplius
2857 5333 3242 5387 discindantur
3290 5338 3681 5406 agitenturque
3726 5351 3785 5394 et
3834 5343 4047 5395 cillon-

2473 5423 2675 5476 dantur
2727 5439 2901 5491 aqum,
2926 5425 3177 5493 gentiles.
3236 5426 3358 5479 aliis
3386 5427 3609 5492 quidem
3640 5430 3958 5485 dicentibus
3989 5450 4046 5485 se

2472 5529 2591 5567 esse
2632 5515 2801 5577 Petri,
2831 5516 2954 5569 aliis
2980 5531 3118 5569 vero
3151 5516 3326 5577 Pauli,
3350 5518 3473 5570 aliis
3512 5535 3641 5572 vero
3671 5520 3875 5589 Cepbre
3908 5540 3922 5575 :
3951 5524 4043 5575 sed

2476 5604 2723 5658 ﬁrmetur
2754 5620 2948 5658 eorum
2990 5622 3160 5665 mare.
3194 5616 3251 5659 ut
3277 5624 3377 5677 ego
3404 5610 3679 5664 ambulem
3722 5628 3891 5679 super
3925 5616 4048 5679 eius

2596 5736 2638 5763 "'
2672 5736 2831 5790 lb'br.
2867 5755 2937 5796 γι.
2973 5740 3061 5791 ΞΟ.
3177 5742 3218 5773 ⁷ο
3256 5744 3355 5795 lsa.
3412 5759 3518 5804 vix,
3574 5743 3662 5798 Ἡ.
3756 5745 3797 5773 "'
3853 5746 4045 5800 Matth.
