4200 6440
221 400 319 460 κπι

1305 393 1378 452 ΙΝ
1422 388 1961 451 ΠΕΧΑΕΜΕΒΟΝ.
1989 414 2058 425 -
2080 389 2222 449 LIB.
2264 390 2345 448 Π.

3328 382 3433 444 878

218 530 385 583 aquas
417 524 471 566 et
520 512 821 566 inhabitem
850 520 906 564 et
937 508 1269 563 inambulem
1302 506 1355 558 in
1384 506 1643 560 cordibus
1673 519 1771 557 eo-
1801 513 1842 562 Α
1873 520 1980 557 non
2016 515 2197 559 autem
2228 513 2419 558 natura
2452 522 2465 557 ε
2498 516 2720 557 necesse
2744 512 2826 556 est
2850 499 2922 556 ob
2945 510 3172 571 typicas,
3201 497 3297 553 sed
3323 512 3431 552 non

222 621 336 659 rum
369 606 423 658 in
463 604 645 657 medio
673 620 827 672 aqua:
848 603 1004 664 vivze,
1041 600 1145 653 ﬁde
1178 617 1191 651 ;
1225 608 1280 652 ει
1318 612 1470 666 aqua:
1526 605 1772 657 mortuae,

219 695 617 751 incredulitate.
674 695 807 748 Nam
837 694 879 747 si
918 704 1001 746 est
1041 690 1298 752 inﬁdelis,
1326 699 1611 758 separetur
1637 702 1778 740 ziza-

219 793 305 845 nia
342 806 372 844 a
413 792 618 851 tritico,
661 790 813 857 palea
838 803 867 839 a
898 802 1037 855 pane
1068 802 1081 837 :
1126 782 1240 836 Non
1269 784 1414 835 enim
1439 782 1556 833 veni
1580 788 1636 832 ut
1654 781 1776 831 mit-

219 894 379 934 terem
422 897 603 951 pacem
654 881 699 909 ⁷³
734 879 871 931 lucis
900 878 965 929 ad
1006 875 1278 931 tenebras.
1314 872 1408 925 sed
1446 879 1504 923 ut
1541 870 1777 923 facerem

218 973 620 1039 separationem
653 971 706 1022 in
735 969 913 1021 medio
950 965 1241 1035 serpentis.
1278 966 1336 1017 Si
1366 972 1570 1022 autem,
1608 971 1666 1015 ut
1695 970 1780 1015 est

219 1072 687 1120 consentaneum,
745 1075 855 1111 non
914 1056 1228 1109 verisimilis
1284 1053 1538 1107 videatur
1579 1052 1776 1115 oratio,

220 1153 449 1205 ostendo
476 1152 575 1204 tibi
603 1152 655 1203 in
678 1151 905 1216 singulis
941 1164 1031 1200 sex
1089 1148 1326 1208 dierum,
1374 1145 1542 1198 Deum
1587 1143 1780 1196 fecisse

218 1245 455 1311 aliquam
526 1242 835 1311 hujusmodi
913 1239 1352 1308 separationem:
1408 1235 1781 1303 exemplorum

222 1335 596 1397 multitudine,
629 1336 792 1395 forte,
827 1343 877 1385 te
900 1332 1238 1384 liberaturus
1266 1328 1335 1381 ab
1373 1327 1779 1382 incredulitate.

223 1430 405 1481 l’rimo
426 1444 556 1497 ergo
590 1427 676 1479 die
712 1426 849 1479 facta
880 1436 961 1477 est
985 1422 1257 1491 separatio
1280 1420 1418 1473 lucis
1443 1435 1472 1471 a
1497 1417 1740 1470 tenebris
1764 1432 1781 1481 ;

223 1521 325 1572 hoc
348 1519 461 1581 die,
490 1521 629 1572 facta
658 1528 741 1571 est
765 1517 1042 1586 separatio
1066 1530 1220 1582 aqua:
1252 1522 1308 1567 et
1356 1525 1548 1580 aqum;
1597 1506 1779 1571 tertio,

220 1611 492 1681 separatio
532 1621 689 1664 terra!
715 1610 786 1662 ab
820 1608 977 1676 aquis
1010 1625 1023 1672 ;
1053 1614 1271 1675 quarto,
1298 1600 1570 1672 separatio
1619 1598 1782 1653 lumi-

222 1705 438 1757 narium
462 1704 606 1757 inter
626 1702 773 1756 diem
801 1712 856 1754 et
891 1710 1105 1753 noctem
1136 1718 1150 1765 ;
1184 1707 1337 1752 sexto
1365 1695 1475 1759 die,
1502 1691 1784 1747 distinctio

215 1806 275 1848 ct
301 1794 502 1848 divisio
531 1794 812 1847 hominum
839 1801 893 1845 et
923 1792 1227 1844 volucrum.
1254 1785 1409 1852 Quod
1432 1786 1474 1838 si
1498 1800 1603 1839 non
1627 1782 1783 1837 facile

221 1887 503 1950 admittas,
546 1900 645 1954 per
691 1886 871 1937 omnia
919 1881 1214 1952 signiﬁcari
1242 1878 1567 1932 divisionem
1600 1874 1786 1929 Eccle—

222 1979 315 2031 sia:
345 1978 415 2030 ab
444 1991 636 2029 errore
664 1984 723 2029 et
750 1974 1154 2034 incredulitate,
1180 1970 1269 2024 dic
1298 1968 1429 2022 mihi
1452 1980 1688 2036 quanam
1718 1963 1786 2016 de

221 2085 409 2132 causa,
437 2079 532 2122 aut
556 2067 689 2137 quid
718 2082 859 2136 opus
888 2075 1007 2119 erat
1031 2065 1140 2119 Deo
1180 2078 1268 2117 res
1294 2062 1439 2115 inter
1471 2074 1530 2112 se
1554 2056 1785 2127 conjun-

222 2176 372 2230 gere,
402 2169 459 2213 ει
492 2160 693 2214 deinde
725 2173 821 2211 eas
849 2172 881 2209 a
914 2171 971 2210 se
1008 2169 1265 2223 separare
1287 2149 1532 2206 secundo
1556 2146 1786 2202 ordine?

219 2252 336 2307 lloc
361 2254 511 2307 enim
552 2259 638 2307 est
677 2251 892 2319 signum
938 2247 1167 2301 artiﬁcis
1217 2244 1439 2297 minimc
1496 2238 1781 2310 ingeniosi.

219 2344 363 2397 Dicit
386 2344 533 2398 enim
566 2360 579 2395 :
617 2341 687 2396 Et
714 2341 835 2410 fecit
864 2338 1263 2406 ﬁrmamentum
1288 2334 1450 2398 Deus,
1479 2332 1573 2401 qui
1604 2331 1791 2385 ﬁrma-

222 2436 302 2487 vit
335 2444 538 2487 terram
574 2432 816 2485 hominis
844 2444 1011 2498 super
1055 2427 1319 2497 piscinam
1352 2442 1366 2477 :
1417 2431 1474 2478 et
1515 2420 1787 2491 separavit

221 2529 369 2581 Deus
393 2526 447 2579 in
477 2525 659 2579 medio
683 2538 839 2593 aqua:
869 2537 994 2591 qua:
1022 2528 1139 2574 erat
1163 2534 1329 2589 super
1348 2518 1784 2569 ﬁrmamentum:

222 2616 294 2669 Et
317 2617 515 2685 factum
544 2622 617 2666 est
648 2615 722 2665 sic
759 2620 808 2665 et
834 2610 1033 2663 vocavit
1072 2607 1207 2661 Deus
1259 2604 1653 2672 ﬁrmamentum
1688 2616 1789 2653 cae-

223 2710 336 2759 lum
362 2725 379 2771 ;
405 2716 452 2759 et
483 2706 610 2757 vidit
632 2703 770 2755 Deus
797 2701 934 2771 quod
965 2712 1091 2751 esset
1128 2698 1341 2749 bonum.
1377 2691 1520 2759 Quid
1564 2704 1789 2745 necesse

222 2808 345 2852 erat
385 2796 497 2860 dic,
535 2810 745 2865 quaeso,
778 2794 957 2847 facere
987 2790 1089 2843 hoc
1113 2785 1413 2842 secundum
1443 2784 1623 2837 velum
1646 2800 1659 2834 ι
1681 2796 1790 2835 cm-

220 2891 361 2955 lum,
386 2889 633 2957 inquam,
670 2884 814 2955 quod
875 2884 1081 2937 dicitur
1134 2876 1585 2933 ﬁrmamentum?
1626 2872 1785 2928 Sulli-

219 2982 407 3036 ciebat
437 2981 586 3034 enim
618 2978 854 3048 primum
893 2975 1092 3029 cmlum
1119 2971 1190 3026 ad
1215 2971 1378 3025 situm
1404 2969 1534 3024 solis
1566 2976 1624 3021 et
1646 2968 1788 3021 luna;

220 3086 279 3130 et
299 3075 587 3129 stellarum
614 3071 681 3125 ad
715 3067 1124 3125 illuminandam
1154 3074 1375 3119 terram.
1399 3062 1453 3117 Si
1478 3071 1661 3115 autem
1682 3060 1788 3112 hoc

218 3165 451 3220 omnino
482 3177 705 3217 necesse
738 3168 856 3212 erat
879 3157 1018 3220 ﬁeri,
1046 3171 1149 3210 cur
1180 3170 1289 3208 non
1318 3150 1621 3206 secundum
1649 3162 1787 3218 quo-

218 3272 329 3325 que
360 3256 564 3309 malum
610 3253 754 3307 sicut
792 3251 1031 3319 primum
1064 3246 1169 3302 fuit
1206 3244 1499 3314 indigena:
1534 3240 1629 3296 sed
1664 3248 1785 3294 tan-

219 3361 388 3416 quam
418 3361 488 3399 ex
532 3344 713 3413 aliqua
751 3349 979 3396 externa
1007 3337 1251 3409 regione,
1280 3337 1460 3405 ipsum
1496 3333 1691 3387 extulit
1720 3347 1787 3385 ex

220 3446 372 3490 terra
396 3444 454 3488 ει
482 3449 547 3487 ex
570 3436 689 3502 ejus
709 3420 880 3501 guttis
905 3430 928 3481 ?
958 3427 1270 3497 Superioris
1292 3440 1422 3493 ergo
1447 3423 1569 3477 εωΙί
1595 3431 1785 3476 natura

219 3524 801 3594 incomprehensibilis
842 3519 974 3574 mihi
1010 3518 1229 3572 videtur
1273 3514 1476 3567 habere
1506 3522 1693 3583 typum
1722 3527 1787 3565 ac

218 3622 453 3689 ﬁguram
533 3614 835 3669 divinitatis
906 3607 1313 3680 inaspectabilis
1366 3614 1425 3660 et
1484 3605 1789 3673 incompre-

219 3710 554 3767 hensibilis:
628 3707 1029 3760 ﬁrmamentum
1080 3709 1283 3765 autem,
1343 3696 1491 3767 quod
1552 3696 1621 3749 ab
1680 3696 1789 3748 imo

216 3802 492 3863 ascendit,
536 3798 701 3853 habet
750 3796 975 3866 ﬁguram
1014 3792 1217 3847 Christi
1274 3787 1628 3843 humanitatis
1692 3802 1789 3840 seu

218 3892 425 3947 carnis.
492 3892 645 3959 Aqua
694 3898 874 3941 autem
912 3901 1032 3954 qua:
1084 3896 1209 3936 cum
1259 3896 1325 3933 eo
1357 3879 1428 3932 ab
1459 3880 1570 3932 imo
1596 3892 1788 3931 ascen-

216 3986 300 4041 dit
376 3996 435 4038 et
517 3983 816 4049 intercepta
900 3977 1005 4030 fuit
1080 3974 1137 4028 in
1216 3970 1398 4025 medio
1475 3969 1672 4039 primi,
1733 3976 1790 4022 et

215 4074 373 4146 quod
431 4073 651 4144 proprie
709 4077 795 4123 est
837 4067 959 4123 caeli
1004 4076 1059 4121 et
1092 4064 1256 4133 hujus
1287 4060 1614 4115 ﬁrmamenti
1643 4059 1788 4129 quod

215 4164 473 4221 ascendit
524 4162 592 4216 ab
651 4161 806 4214 imo:
865 4156 1131 4211 describit
1164 4153 1454 4221 imaginem
1495 4150 1790 4219 impolluta:

211 4257 391 4330 865
420 4257 541 4326 ejus
580 4253 773 4308 animae
801 4266 922 4321 qua:
945 4259 1028 4303 est
1067 4246 1246 4301 media
1280 4246 1421 4299 inter
1448 4243 1789 4297 divinitatem

215 4360 274 4403 et
323 4348 512 4402 carnis
545 4343 963 4400 crassitudinem
1002 4346 1189 4408 utpote
1233 4339 1377 4407 quod
1426 4337 1537 4390 sint
1583 4336 1638 4389 hi
1681 4336 1791 4390 duo

216 4439 347 4493 caeli
396 4456 409 4489 :
442 4452 511 4491 ex
551 4434 752 4504 quibus
790 4432 1021 4485 alterum
1064 4426 1285 4497 quidem
1319 4434 1403 4480 est
1439 4424 1788 4495 aspectabile,

216 4533 463 4585 alterum
502 4542 634 4580 vero
676 4540 783 4578 non
826 4522 972 4577 cadit
1001 4519 1105 4575 sub
1147 4527 1446 4588 aspectum.

288 4622 430 4690 Ejus
446 4617 594 4688 quod
617 4617 822 4671 dictum
848 4626 931 4669 est
950 4611 1108 4667 testis
1128 4618 1215 4666 est
1234 4608 1530 4681 Gregorius
1557 4609 1611 4663 in
1633 4608 1799 4664 rebus

211 4714 431 4768 divinis
454 4711 775 4781 praeclarus,
794 4708 984 4762 dicens
1004 4702 1221 4760 Domini
1241 4703 1479 4757 animam
1494 4717 1612 4757 esse
1631 4701 1801 4757 inter-

221 4805 467 4860 mediam
504 4802 648 4855 inter
676 4801 1017 4854 divinitatem
1046 4804 1103 4851 et
1129 4796 1314 4850 carnis
1336 4794 1754 4850 crassitudinem
1778 4813 1794 4847 :

217 4898 411 4952 anima
448 4894 595 4949 enim
628 4903 685 4947 et
713 4907 853 4961 aqua
889 4892 1150 4945 dicuntur
1188 4888 1341 4957 signa
1378 4888 1502 4942 vitae
1529 4888 1585 4941 in
1613 4887 1798 4941 divina

218 4989 532 5057 Scriptura.
548 4985 681 5039 Vide
696 4984 841 5039 enim
858 4982 1006 5053 quod
1020 4981 1218 5037 celum
1235 4980 1454 5049 quidem
1471 4980 1726 5049 superius
1738 4988 1795 5035 et

214 5079 370 5149 quod
412 5092 525 5131 non
557 5076 704 5130 cadit
732 5074 834 5130 sub
867 5083 1168 5143 aspectum,
1197 5080 1389 5125 natura
1424 5070 1492 5124 ab
1519 5070 1677 5124 initio
1697 5086 1794 5124 vo-

213 5180 407 5221 catum
441 5175 526 5220 εει
571 5166 789 5220 εωιυηι.
837 5164 1263 5218 Firmamentum
1306 5170 1486 5214 autem
1516 5162 1791 5215 materiale

212 5258 368 5326 quod
400 5256 473 5310 ab
499 5256 609 5310 imo
638 5255 903 5316 ascendit,
930 5269 1037 5308 non
1067 5264 1261 5309 natura
1300 5254 1369 5307 ab
1399 5253 1555 5308 initio
1589 5254 1788 5309 factum

212 5357 302 5399 est
334 5346 538 5401 cmlum
579 5364 591 5398 :
626 5346 721 5401 sed
766 5354 888 5415 post
932 5345 1191 5398 unionem
1225 5360 1386 5413 quam
1434 5344 1623 5399 habuit
1663 5361 1787 5400 cum

215 5441 363 5493 caelo
391 5449 590 5492 natura
626 5437 1027 5507 inaspectabili,
1058 5446 1188 5490 tunc
1217 5435 1394 5505 ipsum
1430 5452 1646 5505 quoque
1673 5453 1789 5493 cce-

219 5527 333 5578 Ium
365 5536 452 5581 est
480 5527 833 5596 appellatum.
864 5526 968 5580 Sed
1006 5527 1263 5594 quoniam
1296 5537 1540 5579 sanctmn
1572 5542 1788 5597 quoque

220 5618 432 5675 Christi
464 5636 666 5691 corpus
706 5620 1049 5674 deiﬁcationc
1078 5628 1134 5672 et
1164 5620 1364 5674 unione
1396 5621 1597 5673 dicitur
1624 5622 1787 5685 Deus,

298 5801 347 5833 ’³
382 5800 570 5854 Matth.
608 5815 664 5861 x,
688 5799 775 5853 55.
851 5802 895 5831 "
926 5802 1067 5858 Psal.
1096 5822 1283 5871 cxvm,
1304 5812 1394 5863 75.

590 5892 860 5953 l'xrnon.
904 5893 1020 5956 Gn.
1065 5897 1389 5961 LXXXIX.

1468 5814 1511 5841 "
1537 5812 1706 5867 Exod.
1744 5829 1928 5881 xxxm,
1954 5815 2042 5868 2i.

1878 599 2173 659 naturales,
2218 613 2339 667 qua:
2384 598 2541 652 dieue
2583 604 2712 651 sunt
2757 610 2939 649 rerum
2988 594 3328 655 traditiones.
3381 591 3435 645 id

1876 688 2059 743 dicere
2119 692 2519 744 ﬁrmamentum
2579 687 2724 758 quod
2775 687 2972 741 factum
3018 695 3103 740 est
3143 700 3208 739 ex
3255 683 3434 753 aquis.

1878 782 2010 835 Erat
2037 781 2264 851 abyssus
2287 781 2634 835 tenebrarum
2664 780 2842 842 sedes,
2877 778 3060 831 homo.
3089 776 3220 842 Quae
3251 784 3437 829 autem

1877 888 1975 942 per
2005 871 2279 926 Christum
2325 872 2557 925 exaltata
2590 882 2674 924 est
2715 884 2901 940 supra,
2933 868 3030 922 Dei
3060 867 3199 921 lucis
3231 866 3388 920 sedes
3423 883 3435 917 :

1878 964 2128 1019 considet
2152 966 2315 1019 etiam
2347 980 2471 1018 cum
2500 978 2567 1017 eo
2590 962 2890 1017 individuo.
2922 962 2996 1015 De
3021 959 3107 1013 his
3137 958 3190 1012 in
3216 956 3441 1014 Christo

1880 1055 2050 1109 unitis
2094 1056 2245 1108 cmlis
2290 1072 2386 1110 seu
2432 1054 2641 1108 naturis
2686 1052 2891 1107 dictum
2933 1062 3016 1106 est
3065 1049 3200 1104 illud
3248 1067 3261 1102 :
3312 1046 3442 1104 Caeli

1880 1156 2135 1200 cnarrant
2165 1147 2393 1217 gloriam
2420 1147 2512 1201 Dei
2540 1164 2557 1201 :
2583 1146 2686 1200 hoc
2712 1154 2817 1207 est,
2844 1153 3049 1197 naturze
3070 1140 3278 1197 Christi
3308 1155 3447 1209 prte-

1882 1242 2067 1294 dicant
2106 1250 2161 1294 et
2200 1241 2427 1311 gloriam
2466 1241 2640 1309 ipsius
2667 1238 2761 1292 Dei
2789 1237 3062 1306 l‘nigeniti
3089 1237 3182 1305 qui
3212 1249 3280 1289 ex
3312 1233 3446 1303 ipsis

1882 1337 1935 1380 et
1974 1329 2025 1381 in
2061 1328 2192 1396 ipsis
2224 1329 2624 1391 consideratur,
2652 1335 2708 1381 et
2732 1336 3038 1394 paternam,
3064 1340 3189 1377 eum
3219 1323 3444 1393 quidem

1880 1432 2026 1475 etut
2058 1421 2229 1474 Deum
2277 1422 2638 1483 declarantes,
2682 1430 2738 1472 ct
2789 1428 2847 1471 ut
2896 1417 3174 1472 hominem
3221 1417 3315 1486 qui
3359 1423 3447 1470 est

1882 1514 2043 1568 simul
2077 1514 2131 1568 in
2163 1514 2279 1584 ipso
2310 1515 2473 1568 Deus.
2506 1515 2759 1568 Mannum
2796 1524 2973 1568 autem
3005 1515 3124 1585 ejus
3157 1513 3443 1575 facturam,

1881 1620 2005 1658 cum
2036 1613 2312 1674 oporteret
2336 1621 2481 1667 emn,
2518 1615 2848 1674 tangentem,
2885 1620 2982 1673 per
3012 1620 3069 1659 se
3098 1604 3315 1674 operari
3347 1621 3361 1655 :
3390 1603 3445 1657 iu

1884 1697 2162 1750 miraculis
2194 1697 2482 1750 annuntiat
2514 1697 2919 1751 firmamentum
2951 1715 2965 1751 :
2999 1697 3100 1751 hoc
3129 1708 3233 1761 est,
3260 1697 3353 1766 qui
3389 1697 3445 1751 in

1884 1804 1951 1843 co
1978 1790 2222 1844 cernitur
2256 1789 2440 1843 homo.
2467 1788 2569 1842 Per
2596 1806 2719 1843 eum
2750 1790 2897 1843 enim
2929 1790 3261 1859 operabatur
3288 1790 3449 1843 mira-

1886 1879 2006 1933 cula
2050 1879 2374 1942 divinitatis,
2422 1894 2582 1947 quem
2611 1895 2642 1933 e
2688 1892 2829 1934 terra
2873 1882 3218 1935 sustulerunt
3256 1881 3450 1936 dicen-

1887 1976 1994 2023 tem
2027 1986 2041 2020 :
2072 1967 2261 2021 Manus
2291 1976 2394 2021 tua:
2425 1969 2655 2038 fecerunt
2685 1986 2765 2023 mc
2789 1978 2837 2023 et
2863 1970 3254 2039 plasmaverunt
3278 1987 3360 2025 me
3379 1971 3447 2037 ⁷⁸.
3525 1985 3527 1987 ‘

1886 2059 2292 2113 ﬁrmamentum
2343 2075 2373 2113 a
2421 2060 2776 2130 corruptione
2822 2062 2889 2115 ad
2954 2063 3445 2132 incorruptionem.

1886 2148 2042 2204 Unde
2071 2149 2269 2204 coelum
2316 2150 2536 2218 quidem
2584 2151 2764 2206 carnis
2790 2153 2911 2221 ejus
2939 2152 3085 2222 quod
3111 2154 3351 2215 videtur,
3383 2168 3451 2206 ex

1888 2241 2116 2296 humore
2147 2252 2307 2297 terra:
2334 2261 2346 2295 :
2377 2259 2575 2314 nempe
2607 2258 2674 2297 ex
2721 2246 2984 2315 sanguine
3020 2246 3300 2301 terrestris
3324 2245 3453 2301 Vir-

1885 2332 2027 2399 ginis
2055 2332 2159 2386 sibi
2191 2332 2422 2398 editum,
2454 2335 2689 2387 ﬁrmavit
2720 2349 2816 2389 seu
2859 2337 3131 2405 compegit
3156 2336 3227 2389 ad
3267 2337 3452 2391 incor—

1887 2423 2221 2492 ruptionem,
2265 2424 2524 2493 quoniam
2557 2434 2642 2480 est
2668 2425 2765 2479 Dei
2801 2440 2945 2480 caro.
2980 2426 3098 2481 Non
3140 2429 3288 2482 enim
3333 2443 3457 2483 cor-

1887 2524 2048 2584 rupta
2079 2524 2183 2579 est,
2211 2524 2306 2569 aut
2340 2516 2569 2581 interiit,
2598 2516 2810 2572 etiamsi
2854 2533 2917 2572 ca
2953 2534 3077 2589 qua:
3122 2528 3254 2574 sunt
3292 2529 3456 2574 natu-

1890 2622 1963 2662 ra:
1987 2615 2176 2663 secuta
2201 2617 2287 2663 est
2312 2608 2479 2663 etiam
2522 2609 2577 2663 in
2606 2624 2791 2665 cruce.
2830 2611 2965 2665 Nam
3009 2611 3111 2666 etsi
3159 2611 3256 2665 Dei
3302 2624 3453 2676 caro,

1887 2711 2006 2756 erat
2047 2711 2228 2757 tamen
2269 2702 2435 2757 etiam
2482 2712 2690 2757 nostra.
2740 2704 2977 2758 Alteram
3022 2712 3229 2766 autem,
3258 2719 3456 2775 nempe

1887 2807 2008 2861 qua:
2028 2794 2331 2861 intercepta
2360 2800 2466 2856 est,
2490 2801 2551 2846 ut
2569 2793 2776 2847 dictum
2805 2804 2908 2856 est,
2945 2793 3123 2848 media
3155 2794 3298 2849 inter
3317 2795 3457 2851 duos

1887 2884 2057 2937 cmlos
2092 2901 2104 2935 :
2137 2882 2263 2937 dico
2305 2892 2487 2938 autem
2536 2884 2796 2949 animam,
2830 2894 2890 2938 ut
2916 2885 3124 2939 dictum
3149 2895 3254 2949 est,
3286 2886 3455 2940 sumit

1888 2975 1945 3028 in
1987 2990 2083 3028 sua
2113 2975 2373 3039 essentia,
2408 2984 2468 3027 ut
2495 2990 2616 3043 qua:
2666 2990 2775 3028 non
2822 2989 2963 3043 opus
3008 2974 3238 3029 haberet
3268 2982 3329 3028 ut
3358 2973 3453 3028 ﬁr-

1888 3076 2155 3129 maretur,
2184 3080 2251 3120 eo
2294 3064 2440 3135 quod
2473 3066 2593 3136 ejus
2620 3073 2817 3120 natura
2864 3066 3087 3121 minime
3132 3080 3452 3135 corrumpav

1812 3172 1859 3234 ο
1888 3164 1999 3222 tur,
2028 3172 2132 3211 nec
2161 3158 2217 3211 in
2245 3173 2366 3212 eam
2396 3157 2555 3212 cadat
2585 3157 2855 3213 interitus.

1962 3249 2019 3303 Si
2059 3259 2240 3304 autem
2270 3250 2442 3313 voles,
2472 3266 2579 3304 non
2615 3249 2851 3320 accipies
2895 3249 2963 3304 de
3004 3250 3119 3305 sola
3159 3264 3324 3305 carne
3350 3249 3458 3305 Do-

1891 3339 2026 3393 mini
2060 3339 2362 3394 secundum
2407 3339 2834 3406 ﬁrmamentum,
2873 3356 3071 3411 nempe
3114 3356 3318 3406 aerem,
3356 3341 3453 3396 sed

1890 3429 2055 3483 etiam
2084 3429 2152 3485 de
2177 3431 2295 3500 ejus
2320 3429 2627 3485 divinitate.
2656 3430 2942 3497 Quomodo
2965 3430 3112 3486 enim
3140 3447 3237 3486 aer
3266 3432 3457 3503 implet

1891 3522 2097 3585 omnia,
2141 3531 2199 3576 et
2225 3522 2408 3577 nullus
2447 3531 2531 3577 est
2574 3523 2729 3577 locus
2758 3537 2827 3578 eo
2858 3538 3094 3589 vacuus;
3130 3524 3331 3578 dicitur
3353 3539 3456 3579 au-

1893 3622 2001 3667 tem
2037 3624 2092 3667 et
2122 3613 2191 3667 ab
2219 3614 2464 3668 externis
2497 3613 2651 3669 locus
2677 3630 2845 3684 capax
2875 3615 3120 3669 omnium
3155 3625 3212 3670 et
3238 3615 3331 3685 qui
3360 3630 3460 3685 po-

1894 3710 1999 3757 test
2028 3703 2209 3757 omnia
2243 3704 2522 3773 suscipere
2546 3721 2561 3757 :
2592 3713 2678 3759 est
2706 3713 2887 3758 autem
2918 3705 3082 3760 etiam
3107 3708 3455 3777 perspicuus,

1891 3793 2102 3847 nullius
2135 3809 2305 3864 capax
2345 3793 2551 3865 ﬁgurae,
2581 3804 2638 3850 et
2666 3797 3092 3866 inaspectabilis.
3125 3798 3221 3853 sed
3252 3798 3459 3854 faciens

1893 3885 2115 3953 quidem
2147 3894 2207 3939 ut
2237 3902 2324 3941 res
2353 3886 2643 3943 vidcantur
2672 3904 2794 3943 cum
2841 3889 2957 3958 ipse
2985 3891 3210 3945 omnino
3236 3906 3345 3947 non
3380 3893 3460 3947 vi—

1893 3974 2090 4029 deatur
2118 3994 2130 4029 :
2160 3976 2231 4031 ita
2256 3978 2420 4031 etiam
2444 3980 2827 4034 universorum
2862 3982 3007 4035 Deus
3037 3982 3228 4052 implet
3254 3985 3459 4046 omnia.

1893 4075 1949 4120 et
1978 4067 2160 4121 nullus
2190 4076 2275 4121 est
2315 4069 2471 4123 locus
2501 4086 2568 4123 eo
2596 4086 2821 4126 vacuus.
2855 4072 2974 4127 Non
3017 4082 3101 4127 est
3125 4076 3273 4130 enim
3305 4091 3459 4131 crea-

1895 4164 2016 4212 tura
2045 4174 2164 4228 qua:
2192 4176 2258 4214 ex
2289 4159 2407 4229 ipso
2447 4177 2554 4216 non
2585 4162 2656 4217 sit
2683 4163 3015 4234 conspicua;
3047 4172 3132 4219 est
3161 4175 3343 4221 autem
3372 4182 3460 4223 ca-

1894 4264 1997 4318 pax
2027 4250 2269 4304 omnium
2296 4251 2390 4320 qui
2420 4261 2671 4320 quaerunt
2696 4255 3163 4326 comprehendere
3188 4272 3308 4312 eam
3338 4272 3461 4328 qua

1894 4358 1961 4397 ex
1996 4342 2113 4412 ipso
2141 4342 2357 4397 exsistit
2384 4343 2805 4409 deiﬁcationem,
2835 4356 3201 4417 congruenter
3225 4348 3278 4404 ei
3312 4348 3460 4419 quod

1893 4448 1926 4487 a
1957 4432 2102 4489 Mose
2132 4433 2340 4489 dictum
2388 4443 2471 4490 est
2500 4453 2515 4489 :
2544 4435 2639 4491 Est
2680 4437 2820 4491 locus
2866 4440 3011 4510 apud
3043 4457 3123 4494 me
3145 4441 3216 4507 ",
3262 4428 3459 4512 nempe

1826 4524 1871 4579 D
1899 4522 2131 4579 facultas
2157 4525 2492 4595 suscipiendi
2537 4536 2590 4581 te
2634 4536 2691 4582 et
2724 4535 2834 4583 tua.
2867 4527 3136 4595 Quidnam
3164 4538 3346 4584 autem
3375 4540 3460 4584 est

1891 4619 2042 4673 aliud
2071 4633 2139 4674 eo
2171 4619 2345 4690 magis
2389 4620 2760 4691 perspicuum,
2791 4623 2885 4694 qui
2932 4625 3324 4694 propemodum
3356 4624 3458 4680 ob-

1891 4709 2131 4764 caecabat
2159 4711 2351 4766 oculos
2381 4711 2771 4781 discipulorum
2819 4714 2873 4767 in
2920 4714 3180 4770 Thabor?
3227 4716 3324 4771 Est
3356 4732 3456 4770 au-

1892 4808 2001 4855 tem
2048 4801 2255 4856 nullius
2285 4818 2453 4873 capax
2507 4803 2709 4874 ﬁgurze,
2758 4804 2897 4860 adeo
2938 4814 2998 4860 ut
3044 4807 3247 4862 nullam
3291 4808 3454 4863 aliam

1889 4892 2159 4961 suscipiat
2180 4892 2434 4959 formam,
2464 4903 2721 4965 tanquam
2754 4897 2984 4952 formam
3017 4898 3072 4953 in
3100 4899 3347 4955 materia.
3371 4900 3455 4955 Ad

1895 4982 2011 5037 haec
2052 4990 2237 5037 autem
2281 4984 2517 5051 accedit,
2553 4987 2702 5057 quod
2745 4997 2830 5043 est
2879 4988 3301 5058 inaspectabilis.
3350 4990 3454 5057 Qui

1891 5074 2037 5128 enim
2071 5092 2236 5146 supra
2261 5078 2380 5145 ejus
2406 5086 2599 5147 peetus
2624 5079 2879 5135 recubuit
2905 5081 3042 5136 dixit
3069 5099 3082 5134 :
3107 5081 3278 5137 Deum
3306 5099 3457 5137 nemo

1891 5166 2017 5218 vidit
2048 5183 2282 5236 unquam
2313 5168 2377 5220 ⁷⁸.
2409 5168 2479 5223 Ει
2507 5169 2634 5223 facit
2670 5171 2914 5239 quidem,
2951 5181 3015 5226 ut
3031 5173 3141 5228 alia
3169 5174 3456 5230 vidcantur

1890 5257 1961 5310 ab
1998 5258 2067 5312 iis
2099 5260 2190 5329 qui
2219 5258 2421 5314 habent
2448 5262 2680 5315 validam
2715 5264 2915 5318 mentis
2938 5265 3407 5335 perspicacitatem
3438 5286 3452 5321 :

1894 5358 2083 5417 utpote
2127 5351 2341 5419 angeli;
2373 5353 2571 5407 coelum
2612 5362 2670 5407 ει
2696 5356 2953 5410 universa
2979 5367 3251 5421 creatura,
3283 5359 3457 5413 unde-

1894 5458 2019 5496 nam
2049 5453 2105 5496 et
2136 5446 2594 5512 quemadmodum
2630 5448 2769 5503 facta
2815 5449 2925 5503 sit:
2956 5450 3070 5519 ipse
3111 5459 3297 5505 autem
3344 5467 3453 5505 non

1895 5535 2185 5603 subjicitur
2219 5539 2716 5607 comprehcnsioni,
2749 5556 2927 5610 neque
2971 5541 3216 5596 cernitur
3258 5545 3457 5598 modus

1894 5626 2011 5695 ejus
2039 5627 2308 5711 essentne.
2343 5627 2455 5680 Hoc
2492 5645 2708 5699 quoque
2741 5648 2848 5686 non
2880 5641 2930 5686 te
2959 5643 3268 5703 prtetereat,
3308 5635 3454 5705 quod

2121 5816 2166 5846 ⁷⁸⁸
2192 5815 2345 5869 Joan.
2379 5833 2413 5878 ιτ
2451 5818 2529 5871 18.

3093 5908 3170 5971 28
