4200 6440
754 434 854 490 Ι(Ίῆ

1921 420 1979 477 ς.
2026 414 2409 475 ANAS’I‘ASII
2457 416 2774 474 SINHTF.

3864 416 3974 476 87ft

753 552 892 596 sicut
933 555 1025 592 aer
1052 545 1135 589 est
1180 534 1481 589 vivificator
1528 533 1810 587 hominum
1860 543 1914 586 et
1962 548 2151 585 eorum
2200 546 2319 601 quae
2348 540 2390 591 Α
2420 534 2563 600 qmul
2600 543 2727 584 sunt
2762 536 2932 585 sancti
2986 534 3159 597 angeli
3196 532 3244 585 in
3294 534 3453 592 «ια-ιο,
3484 532 3627 599 quod
3677 547 3785 584 non
3835 531 3990 583 cadit

750 643 879 687 sunt
911 634 961 683 in
995 641 1164 691 terra,
1216 630 1285 681 ita
1317 626 1483 681 etiam
1516 627 1657 679 Deus
1693 625 1977 687 accedens,
2021 639 2117 677 eos
2144 624 2315 675 vivifi-

751 736 840 778 eat
870 723 962 793 qui
997 723 1189 775 vivunt
1210 736 1275 773 ex
1304 722 1514 772 ratione
1546 735 1557 769 :
1590 718 1831 786 angelos,
1865 717 2105 784 inquam,
2133 726 2189 770 et
2217 717 2317 768 ho-

753 817 927 870 mines
954 834 966 869 :
993 813 1084 868 sed
1119 823 1175 867 et
1219 829 1315 867 eos
1361 812 1525 863 etiam
1570 811 1661 879 qui
1704 820 1830 863 sunt
1862 809 2085 862 helluini
2114 810 2171 862 in
2205 809 2317 860 sola

751 928 848 966 eos
881 925 1213 965 conservans
1245 907 1481 960 essentia
1516 925 1529 957 :
1563 922 1669 959 non
1704 906 1889 973 utique
1932 906 1995 957 ad
2043 921 2138 958 eos
2170 922 2322 957 aeee-

753 1007 905 1066 dens,
939 1012 994 1057 et
1039 1019 1162 1055 cum
1209 1005 1288 1055 eis
1322 1000 1613 1053 transiens.
1650 996 1800 1063 Quod
1837 996 1881 1049 si
1920 997 2083 1049 etiam
2120 995 2320 1047 intelli-

753 1114 848 1165 gas
888 1097 955 1148 de
985 1095 1192 1163 angelis
1243 1100 1298 1145 et
1328 1090 1669 1145 dmntonibus
1720 1089 1852 1141 illud
1899 1106 1911 1139 :
1950 1088 2019 1141 Et
2059 1087 2320 1156 separavit

755 1190 895 1243 Deus
929 1190 983 1241 in
1026 1187 1194 1239 medio
1236 1200 1387 1253 aqua!
1430 1199 1545 1251 qua:
1589 1192 1663 1234 est
1713 1182 1805 1235 sub
1854 1181 2219 1247 ﬁrmamento,
2274 1188 2322 1230 et

759 1298 913 1352 aqua?
943 1296 1057 1349 qua:
1088 1288 1162 1331 est
1190 1295 1351 1346 supra
1390 1276 1821 1341 ﬁrmamentum;
1866 1274 2000 1325 nihil
2047 1272 2320 1339 intelligis,

757 1375 900 1443 quod
930 1374 1205 1441 diserepet
1229 1386 1256 1423 a
1280 1370 1501 1438 pietate.
1535 1366 1792 1421 Nonnulli
1821 1374 2001 1418 autem
2032 1365 2134 1417 hoc
2161 1366 2323 1419 etiam

761 1472 1003 1520 referunt
1030 1466 1095 1519 ad
1125 1465 1261 1516 duos
1291 1463 1543 1530 populos,
1575 1476 1769 1528 nempe
1801 1468 1856 1512 et
1886 1459 1950 1511 ad
1988 1474 2079 1510 "us
2105 1458 2324 1526 quidem

758 1577 965 1621 stantes
993 1565 1084 1633 qui
1118 1562 1253 1614 firmi
1283 1576 1472 1613 sumus
1498 1573 1561 1610 ac
1595 1558 1817 1609 stabiles
1842 1571 2004 1623 super
2030 1552 2174 1607 Petri
2200 1552 2325 1604 fun-

760 1660 1096 1717 damentum,
1127 1664 1181 1707 et
1210 1653 1355 1706 illius
1397 1650 1519 1702 fidei
1558 1648 1888 1701 inunobilem
1915 1643 2276 1697 constantiam
2308 1657 2321 1692 :

759 1759 814 1802 et
861 1750 926 1801 ad
958 1746 1174 1800 Judaros
1207 1744 1300 1812 qui
1336 1742 1677 1800 ceciderunt,
1707 1748 1760 1791 et
1796 1737 2025 1806 subjecti
2070 1744 2195 1787 sunt
2239 1734 2323 1786 in-

761 1840 943 1893 feriori
994 1838 1354 1890 ﬁrmamento.
1395 1834 1576 1885 Potest
1623 1842 1800 1884 autem
1832 1829 1934 1881 hoc
1961 1840 2178 1896 quoque
2212 1824 2321 1876 diei

760 1933 826 1984 de
876 1932 1035 1983 nobis
1062 1939 1116 1981 et
1146 1929 1212 1981 de
1252 1924 1579 1979 adversariis
1612 1942 1623 1974 :
1657 1935 1901 1986 magnam
1936 1920 2081 1971 enim
2124 1917 2326 1968 «heluo-

764 2039 892 2076 num
945 2018 1352 2072 multitudinem
1398 2014 1673 2083 separavit
1718 2013 1860 2065 Deus
1896 2010 2120 2062 veniens
2164 2022 2328 2075 super

764 2126 964 2169 terram
1007 2120 1062 2164 et
1086 2126 1181 2162 eos
1224 2109 1371 2161 misit
1417 2111 1466 2160 iu
1501 2107 1789 2176 abyssum;
1819 2118 2012 2170 nempe
2040 2100 2142 2153 sub
2170 2110 2327 2153 terrm

763 2209 1167 2260 ﬁrmamentum
1196 2218 1304 2270 quo
1333 2201 1479 2253 missi
1512 2208 1637 2251 sunt
1684 2196 1757 2249 illi
1789 2195 1879 2263 qui
1926 2202 2055 2246 sunt
2100 2192 2325 2259 ingressi

766 2298 819 2352 in
859 2312 1073 2367 gregem
1111 2307 1421 2363 porcorum,
1451 2300 1509 2343 ut
1536 2305 1659 2343 cum
1700 2287 1986 2357 pauciores
2014 2292 2197 2337 essent
2224 2283 2327 2335 ini-

764 2391 912 2453 mici,
941 2404 1041 2442 nos
1070 2395 1217 2440 recte
1247 2394 1302 2439 et
1330 2401 1395 2438 ex
1430 2384 1631 2435 virtute
1671 2380 1836 2433 vitam
1872 2390 2174 2446 ageremus.
2214 2374 2329 2426 Ali-

764 2481 985 2551 quando
1022 2476 1300 2547 separavit
1328 2475 1490 2528 etiam
1526 2472 1749 2541 angelus
1776 2468 1870 2522 Dei
1909 2469 1962 2520 in
1995 2467 2152 2527 mari,
2180 2472 2329 2518 stans

748 2562 823 2627 in
850 2571 1032 2625 medio
1065 2567 1283 2622 lsraelis
1307 2574 1361 2619 et
1385 2564 1784 2633 IEgyptiorum,
1814 2569 1871 2613 ut
1893 2567 2206 2612 servaretur
2236 2570 2329 2624 po-

768 2664 930 2733 pulus
974 2661 1091 2721 Dei,
1124 2656 1551 2728 priesignilieans
1596 2653 1769 2721 magni
1804 2648 2021 2702 consilii
2065 2647 2330 2715 Angelum

767 2758 861 2825 qui
897 2771 996 2807 nos
1027 2760 1146 2807 erat
1190 2752 1521 2803 liberaturus
1550 2761 1580 2799 a
1612 2759 1771 2798 manu
1804 2740 2025 2794 diaboli.
2063 2736 2331 2791 Suavissi-

770 2862 892 2899 mus
924 2853 1104 2897 autem
1154 2841 1497 2909 Nyssaaorum
1542 2834 1859 2903 Gregorius,
1908 2828 2329 2898 iutelligentium

773 2937 1041 2992 intellexit
1067 2937 1402 2988 Potestatum
1434 2944 1552 2983 esse
1582 2940 1846 2995 aquarum
1882 2921 2328 2992 disiunctionem.

770 3030 903 3083 Nam
934 3029 1068 3081 alias
1090 3025 1310 3095 quidem
1352 3019 1637 3076 constituit
1666 3019 1809 3071 Deus
1834 3016 1886 3068 in
1916 3014 2069 3068 cwlis
2092 3012 2155 3064 ad
2188 3010 2330 3063 divi-

774 3136 896 3174 nam
927 3116 1397 3187 gloriﬁcationem,
1426 3111 1637 3178 aliquas
1664 3121 1842 3159 autem
1872 3105 1938 3158 ad
1965 3100 2329 3155 ministerium

772 3214 828 3267 iu
863 3222 1002 3265 terra
1030 3208 1421 3262 convenienter
1450 3204 1499 3255 ei
1528 3202 1620 3271 qui
1654 3199 1788 3252 dicit
1814 3212 1908 3251 eas
1931 3195 2328 3248 administrato-
2359 3221 2401 3277 α

773 3304 877 3355 rios
910 3302 1123 3370 spiritus
1159 3298 1248 3363 qui
1282 3298 1558 3347 mittuntur
1596 3292 1664 3343 all
1697 3291 1859 3342 nostri
1900 3286 2245 3340 ministerium
2282 3291 2331 3333 et

776 3392 997 3447 salutem
1027 3391 1095 3442 ’⁷.
1128 3390 1317 3442 Videte
1362 3385 1529 3445 enim,
1580 3382 1756 3450 inquit
1792 3378 2063 3439 Christus,
2113 3391 2175 3426 ne
2213 3390 2334 3425 con-

777 3484 1021 3538 tenmatis
1057 3496 1218 3531 uirum
1250 3492 1311 3529 ea:
1343 3474 1543 3544 pusillis
1572 3472 1665 3540 qui
1702 3471 1755 3523 in
1787 3484 1870 3521 me
1915 3466 2145 3521 credunt
2170 3482 2183 3516 ε
2207 3464 2333 3516 Dico

724 3597 731 3609 -
778 3576 916 3628 enim
940 3569 1252 3640 vobis,quod
1276 3564 1447 3634 angeli
1470 3578 1649 3615 eorum
1681 3566 1926 3629 perpetuo
1950 3556 2120 3609 vident
2151 3555 2334 3624 faciem

779 3665 957 3721 Patris
990 3664 1088 3717 mei
1118 3662 1207 3730 qui
1239 3669 1310 3711 cst
1345 3660 1398 3710 in
1432 3656 1569 3708 emlis
1602 3654 1667 3704 ⁷⁸.
1703 3651 1759 3705 Si
1797 3658 1976 3703 autem
2013 3646 2333 3715 interrogas,

778 3768 836 3811 et
871 3754 1144 3826 quomodo
1183 3752 1347 3804 Deum
1383 3763 1531 3801 nemo
1560 3745 1683 3798 vidit
1718 3740 1993 3809 unquam?
2020 3738 2159 3791 scias
2189 3736 2334 3805 quod

783 3847 837 3899 iu
896 3845 1033 3898 Filio
1078 3852 1332 3909 tanquatu
1377 3840 1430 3890 in
1472 3835 1654 3903 aliquo
1695 3830 1881 3884 divino
1924 3828 2144 3897 speculo
2187 3826 2339 3878 vide-

785 3951 906 3989 mus
933 3933 1160 4003 gloriam
1204 3926 1398 3989 Patris,
1430 3928 1793 3992 congruenter
1813 3918 1863 3971 ei
1887 3915 2032 3984 quod
2076 3914 2337 3983 scriptum

784 4036 869 4080 est
895 4045 907 4078 :
935 4025 1033 4088 Qui
1063 4038 1142 4075 me
1170 4021 1317 4081 vidit,
1347 4015 1471 4071 m‘tlit
1509 4022 1558 4066 et
1582 4012 1818 4075 Patrem,
1843 4006 1979 4078 quod
2006 4021 2098 4076 ego
2141 4005 2241 4057 sim
2286 4004 2336 4056 in

789 4116 967 4176 Patre,
999 4124 1046 4166 et
1074 4112 1231 4165 Pater
1253 4113 1307 4163 in
1337 4124 1416 4162 me
1439 4108 1504 4158 τ’.

856 4206 1128 4275 lntelliges
1184 4203 1351 4257 ctiam
1401 4199 1632 4253 duarum
1683 4206 1946 4264 aquarum
1993 4189 2338 4252 divisionem,

783 4302 962 4372 iustos
999 4297 1093 4366 qui
1124 4299 1447 4364 separentur
1472 4306 1503 4343 a
1543 4286 1941 4358 peccatoribus,
1973 4282 2094 4336 illos
2120 4281 2341 4350 quidem

787 4391 882 4460 qui
915 4388 1202 4456 rapiuntur
1232 4385 1287 4439 in
1323 4381 1560 4437 nubibus
1583 4392 1747 4448 supra
1779 4375 2211 4436 fundamentum,
2242 4373 2343 4425 hos

788 4496 920 4535 vero
949 4479 1043 4548 qui
1084 4476 1224 4531 infra
1264 4472 1709 4528 transmittuntur
1745 4467 1814 4521 ad
1891 4464 2115 4519 inferos.
2149 4462 2344 4517 Nescio

2419 627 2520 677 sub
2567 635 2867 693 aspectum,
2917 627 3017 678 hm-
3052 637 3175 678 suut
3207 634 3255 675 et
3297 629 3656 685 litntautento,
3691 625 3894 685 stellzc;
3929 632 3991 674 et

2420 716 2472 769 in
2520 718 2782 777 licelesia,
2814 720 3005 771 sancti.
3043 718 3097 769 Si
3136 728 3316 769 autem
3367 718 3418 770 in
3457 717 3669 786 hymnis
3713 716 3987 769 Davidicic

2419 808 2609 861 audias
2658 812 2820 862 etiam
2865 809 3014 860 rrrlos
3069 809 3333 869 arlorum,
3390 809 3501 861 hac
3549 819 3633 859 est
3679 807 3991 875 proprietas

2423 904 2616 969 liugna-
2662 903 2960 958 llehraiezc.
2987 902 3125 971 ’qua:
3158 902 3429 967 singulare
3473 917 3611 967 szepe
3644 900 3887 951 nominat,
3934 899 3988 951 in

2424 994 2638 1064 plurali.
2700 994 2930 1059 Quando
2981 1001 3162 1046 autem
3207 992 3362 1044 audis
3395 992 3619 1045 Paulum
3671 1001 3883 1058 raptem
3919 991 3992 1040 ad

2424 1090 2635 1140 tertium
2657 1087 2839 1139 ca‘lum
2857 1103 2872 1147 ;
2891 1085 3125 1154 primum
3153 1085 3347 1137 caelum
3366 1084 3613 1135 existima
3635 1098 3753 1135 esse
3780 1096 3988 1141 aerem,

2425 1188 2789 1248 congruenter
2822 1179 2869 1230 ei
2901 1176 3042 1246 quod
3074 1176 3276 1228 dicitur
3303 1194 3314 1227 :
3345 1175 3477 1228 Novi
3520 1190 3709 1227 omnes
3738 1173 3992 1225 volucres

2426 1274 2567 1333 caeli,
2597 1274 2699 1325 hoc
2727 1281 2809 1324 est
2836 1273 2977 1324 aeris
3006 1288 3017 1323 :
3049 1269 3244 1324 deinde
3277 1268 3575 1322 secundum
3601 1269 3821 1325 cmlutu,
3856 1265 3991 1318 stel-

2427 1369 2633 1430 larum;
2683 1374 2738 1417 et
2776 1364 3016 1424 tet‘tium.
3067 1376 3381 1429 supremum
3417 1362 3611 1415 cmlum
3648 1360 3988 1427 angelorum.

2428 1458 2641 1512 liteuini
2672 1457 2724 1509 in
2753 1438 3010 1508 exterio‘ri
3042 1464 3191 1524 parte
3221 1454 3408 1522 templi
3436 1453 3610 1507 stabat
3635 1468 3823 1519 magna
3852 1451 3992 1505 mul—

2428 1548 2607 1602 titudo
2637 1547 2871 1607 Israeli“,
2904 1546 2955 1599 in
2992 1547 3306 1599 interioretn
3342 1554 3522 1598 autem
3568 1545 3667 1597 soli
3720 1543 3992 1611 ingredie-

2428 1640 2626 1693 bantur
2661 1640 2991 1699 saecrdotes,
3025 1638 3076 1690 iu
3107 1653 3225 1691 eam
3253 1652 3371 1706 qum
3396 1645 3479 1690 est
3511 1637 3652 1689 intra
3688 1634 3990 1689 secundum

2427 1732 2644 1792 velum,
2696 1731 2843 1783 solus
2891 1727 3153 1797 pontifex.
3204 1726 3485 1792 Quomodo
3527 1726 3688 1779 etiam
3739 1725 3792 1777 in
3838 1724 3993 1777 etrlis

2430 1822 2694 1886 invenies,
2722 1822 2773 1873 in
2798 1820 3054 1873 exteriori
3082 1818 3301 1887 quidem
3327 1818 3465 1871 crelo
3487 1825 3542 1869 et
3567 1816 3711 1884 quod
3734 1825 3817 1868 est
3845 1813 3991 1883 apml

2436 1928 2532 1966 nos
2564 1930 2576 1963 :
2613 1912 2664 1964 in
2701 1910 3062 1971 ﬁrmamento,
3098 1909 3337 1976 inquam,
3368 1908 3518 1959 aerio
3547 1923 3557 1956 :
3586 1906 3868 1957 voluerunt
3899 1921 3992 1971 ge—

2436 2020 2565 2057 nera
2592 2004 2751 2057 simul
2780 2002 3006 2063 versari,
3040 2018 3159 2069 qua:
3193 1997 3492 2066 significant
3524 1997 3790 2065 gregaletu
3824 1996 3995 2048 Israe-

2434 2094 2499 2145 lis
2530 2092 2933 2145 multitudinem
2966 2109 2977 2142 :
3017 2091 3155 2143 intra
3191 2092 3585 2141 ﬁrmamentum
3632 2096 3811 2139 autem
3845 2084 3991 2154 quod

2433 2195 2677 2253 apparet,
2705 2194 2759 2237 et
2790 2183 2996 2253 ingredi
3044 2192 3097 2236 et
3141 2181 3337 2249 degere
3370 2190 3425 2234 et
3470 2180 3675 2232 servire
3716 2193 3778 2231 ac
3812 2177 3995 2229 colere

2437 2277 2798 2343 iutelligentes
2840 2276 3173 2335 Potestates,
3226 2283 3281 2326 et
3328 2272 3466 2325 forte
3514 2273 3677 2323 etiam
3721 2272 3992 2339 justorum

2434 2367 2659 2419 animas.
2692 2365 2868 2434 Supra
2906 2363 3204 2417 Secundum
3233 2363 3428 2417 cceluut
3466 2362 3761 2429 (quodnam
3794 2361 3864 2412 sit
3895 2374 3995 2411 au-

2438 2467 2543 2510 teut
2570 2474 2676 2509 non
2709 2454 2999 2523 intelligo).
3028 2454 3130 2507 hoc
3164 2464 3247 2507 est
3275 2452 3573 2505 secundum
3604 2452 3806 2509 velunt,
3837 2466 3997 2503 neruo

2434 2560 2515 2603 est
2549 2550 2820 2615 ingressus
2854 2548 2955 2600 nisi
2986 2547 3134 2599 solus
3162 2561 3322 2597 verus
3352 2544 3595 2597 Pontifex
3625 2543 3876 2597 Christus
3902 2542 3995 2608 qui

2434 2654 2516 2694 (Nl
2551 2641 2788 2710 pontifex
2832 2638 3127 2692 secundum
3160 2638 3408 2688 ordinem
3443 2634 3859 2689 Melchisedech.
3891 2633 3995 2686 Su-

2437 2736 2620 2804 perius
2650 2743 2831 2787 autem
2863 2732 3059 2785 crelum
3087 2730 3339 2782 existimo
3369 2743 3488 2781 esse
3532 2729 3684 2779 sinus
3718 2736 3993 2794 paternos.

2437 2826 2516 2879 Tu
2554 2835 2733 2878 autem
2765 2824 2987 2892 quando
3016 2822 3256 2874 audieris
3285 2821 3453 2873 Deum
3500 2834 3620 2871 esse
3660 2829 3716 2872 et
3750 2818 3995 2870 habitare.

2438 2919 2488 2969 in
2518 2917 2690 2975 cmlis,
2715 2932 2778 2966 ex
2805 2914 2985 2965 divina
3024 2912 3327 2979 Scriptura,
3366 2920 3455 2963 aut
3490 2926 3609 2964 esse
3646 2910 3784 2961 intra
3814 2910 3994 2960 velum

2436 3005 2736 3060 scentulum
2767 3022 2778 3055 :
2808 3019 2875 3055 tte
2914 3002 3251 3053 intellexeris
3290 3000 3498 3067 aliquas
3532 2997 3995 3067 circumscriptio-

2435 3117 2553 3162 nes,
2583 3110 2638 3153 et
2667 3100 2867 3153 locales
2897 3098 3275 3158 habitationes,
3311 3103 3365 3147 et
3390 3092 3917 3160 transmigratiunes.
3942 3101 3997 3145 et

2436 3206 2714 3251 ascensus,
2743 3199 2798 3242 et
2828 3203 3096 3257 egressus.
3126 3186 3259 3238 Nam
3289 3200 3411 3237 cum
3457 3184 3525 3235 sit
3566 3183 3788 3234 humilis
3814 3190 3869 3234 et
3900 3182 3995 3234 ab-

2434 3284 2576 3353 jecta
2626 3289 2808 3334 nostra
2844 3289 3055 3337 natura.
3093 3293 3215 3329 eum
3246 3291 3330 3337 ea,
3367 3283 3528 3343 prout
3569 3282 3653 3326 est
3685 3288 3855 3341 capax
3899 3288 3997 3325 au-

2438 3373 2642 3436 diemli,
2673 3371 2912 3440 loquitur
2944 3368 3182 3438 Spiritus
3212 3376 3449 3420 sanctus.
3484 3366 3613 3430 Ejus
3644 3374 3825 3416 autem
3851 3362 3997 3431 quod

2438 3467 2691 3527 dicimus,
2737 3464 2893 3517 testis
2924 3470 3005 3515 est
3054 3460 3212 3512 nobis
3260 3458 3534 3528 pmposita
3569 3457 3847 3524 Scriptura
3883 3454 3997 3506 Mo-

2438 3560 2604 3620 saica.
2641 3573 2761 3626 qum
2790 3554 3031 3609 continet
3058 3550 3303 3619 quaedam
3336 3564 3518 3603 crassa
3546 3548 3713 3603 verba
3750 3557 3806 3600 et
3850 3545 3995 3599 indi-

2439 3668 2541 3719 gna
2572 3651 2679 3703 Deo
2712 3647 2801 3715 qui
2828 3662 2935 3699 non
2968 3651 3145 3713 potest
3171 3641 3550 3695 circumscribi
3582 3658 3595 3692 :
3621 3656 3742 3709 qua:
3775 3639 3997 3708 quidem

2442 3745 2616 3798 Moses
2646 3757 2753 3795 non
2774 3755 2802 3791 a
2831 3739 2993 3791 domo
3019 3752 3114 3789 sua
3151 3735 3397 3804 protulit,
3428 3732 3521 3787 sed
3545 3733 3707 3795 Deus,
3733 3747 3857 3787 cum
3886 3731 3999 3800 ipse

2440 3852 2539 3904 per
2587 3843 2803 3887 sanctos
2846 3829 3067 3899 angelos
3110 3828 3164 3880 in
3209 3835 3393 3881 monte
3428 3814 3575 3881 Sinai
3619 3825 3736 3880 haec
3780 3825 3999 3878 locutus

2442 3936 2586 3980 esset
2617 3925 2670 3977 in
2702 3920 3073 3975 tabernaculo.
3104 3918 3207 3972 Sed
3237 3933 3338 3971 nec
3362 3932 3559 3970 nomen
3586 3931 3745 3969 suum
3775 3915 4001 3969 omnino

2445 4017 2624 4087 posuit
2668 4015 2843 4068 Moses
2872 4014 2926 4066 in
2971 4013 3089 4079 ejus
3119 4009 3493 4079 inscriptione.
3525 4018 3584 4063 ut
3616 4009 3863 4061 fecerunt
3896 4023 3999 4061 ae-

2447 4110 2542 4161 teri
2607 4105 2886 4176 prephcta:
2949 4102 3004 4155 in
3068 4101 3223 4154 libris
3280 4115 3501 4153 suarum
3562 4098 3997 4168 prOphetiarum.

2443 4200 2609 4270 866
2626 4195 2778 4262 Quod
2809 4204 2990 4248 autem
3017 4192 3191 4260 angeli
3225 4192 3341 4245 haec
3364 4200 3665 4253 narrarunt
3692 4188 3848 4252 Mosi,
3875 4188 4001 4242 audi

2445 4292 2670 4345 Paulum
2702 4287 2971 4341 dicentem
3004 4284 3057 4337 in
3097 4282 3333 4351 Epistola
3379 4280 3446 4334 ad
3474 4279 3727 4334 Hebraeos
3762 4278 3830 4331 de
3862 4278 4005 4333 Scri-

2448 4388 2605 4449 ptura
2635 4377 2768 4446 legis
2792 4374 3037 4429 Mosaicm
3070 4391 3082 4425 :
3116 4371 3172 4426 Si
3208 4373 3343 4424 enim
3367 4371 3455 4439 qui
3483 4384 3576 4439 per
3602 4366 3814 4437 angelos
3840 4368 4006 4421 dictus

2448 4480 2522 4523 est
2550 4485 2741 4530 sermo,
2773 4466 2870 4536 fuit
2896 4465 3081 4533 ﬁrmus
3110 4470 3161 4515 et
3184 4462 3384 4516 stabilis
3408 4460 3474 4513 ".
3502 4458 3765 4513 Similiter
3788 4467 3845 4512 et
3874 4458 4003 4511 bea-

789 4572 935 4627 enitn
960 4568 1092 4638 quid
1126 4573 1270 4622 esset
1292 4578 1449 4634 opus,
1476 4569 1538 4615 ut
1561 4574 1713 4630 aqua:
1740 4558 2013 4612 ferrentur
2041 4570 2207 4624 supra
2236 4568 2347 4608 cm-
2376 4572 2420 4629 ι)

2376 4572 2420 4629 ι)
2450 4573 2537 4617 tus
2587 4559 2896 4629 Stephanus
2947 4556 3003 4609 in
3054 4554 3202 4609 Actis
3247 4551 3618 4622 apostolorum
3676 4549 3743 4604 ad
3788 4548 4006 4603 Judzeos

791 4665 925 4717 lum.
954 4660 1093 4714 Num
1119 4656 1334 4711 volebat
1373 4655 1519 4708 Deus
1540 4659 1602 4705 ut
1627 4648 1883 4718 angelica:
1911 4652 2208 4714 potestates
2247 4658 2348 4697 ve-

792 4762 1076 4807 scerentur
1126 4746 1402 4818 piscibus?
1447 4743 1550 4811 Qui
1603 4743 1750 4795 enim
1796 4755 1863 4795 ex
1910 4738 2067 4807 aquis
2116 4735 2351 4790 ﬁrmavit

792 4846 1013 4905 uelum,
1054 4852 1110 4895 et
1152 4854 1319 4910 super
1356 4852 1524 4907 aquas
1565 4833 1851 4904 suspendit
1884 4840 2105 4891 terram,
2138 4836 2351 4898 poterat

793 4938 957 4990 etiam
986 4935 1104 4988 sine
1142 4948 1281 5001 aqua
1324 4927 1704 4983 indissolubile
1733 4923 2010 4979 custodire
2044 4921 2353 4975 ﬁrmamen-

795 5038 911 5083 tum
955 5025 1119 5078 etiam
1157 5038 1223 5076 ex
1275 5022 1394 5090 igne
1441 5020 1590 5074 solis.
1638 5017 1878 5070 Duorum
1916 5028 2047 5083 ergo
2085 5012 2349 5066 caelorum

796 5128 1007 5174 tantum
1028 5114 1440 5170 fabricationem
1464 5110 1756 5164 didicimus
1777 5120 1843 5160 ex
1869 5119 2019 5158 sacra
2044 5102 2347 5172 Scriptura,

797 5217 853 5270 iu
883 5225 1069 5285 typum
1102 5226 1164 5265 ae
1194 5211 1419 5278 figuram
1463 5206 1693 5258 duorum
1736 5200 1979 5254 velorum
2011 5195 2197 5266 templi
2230 5211 2349 5264 qua:

798 5308 1103 5375 signiﬁcant
1145 5302 1279 5355 duas
1325 5309 1547 5353 naturas
1584 5296 1731 5356 Jesu,
1758 5303 1814 5347 et
1855 5291 2086 5345 duorum
2116 5290 2347 5359 populo-

804 5416 945 5455 rum.
975 5408 1029 5451 et
1054 5396 1284 5449 duarum
1327 5391 1692 5446 Eeclesiarum
1739 5404 1751 5439 :
1797 5400 2068 5453 supernae.
2115 5384 2352 5450 inquam,

800 5490 1123 5549 Jerusalem,
1160 5498 1217 5539 et
1259 5493 1475 5543 "OSll'Z‘t,
1512 5480 1773 5534 ﬁdelium.
1818 5476 1970 5543 Quod
2016 5475 2161 5527 enim
2196 5490 2357 5540 supe-

801 5581 932 5633 riori
971 5580 1108 5632 creto
1137 5579 1276 5630 Deus
1305 5584 1381 5628 est
1420 5575 1482 5626 ad
1536 5573 1751 5629 lumen,
1798 5569 1901 5622 hoc
1932 5566 2069 5621 cmlo
2108 5564 2355 5618 inferiori

805 5681 881 5724 est
931 5673 1031 5734 sol,
1074 5678 1128 5721 et
1164 5670 1504 5722 ﬁrmamento
1551 5662 1824 5723 Ecclesim,
1874 5658 2244 5731 Evange‘iium.
2290 5656 2357 5709 Et

876 5848 918 5881 τ’
955 5847 1116 5901 llebr.
1152 5863 1189 5911 t,
1230 5845 1310 5899 l-l.
1390 5842 1432 5871 "
1466 5841 1652 5898 Matth.
1688 5854 1837 5901 xvtu,
1872 5838 1946 5890 ιυ.

2024 5836 2069 5867 τ’
2102 5833 2253 5889 Joau.
2292 5847 2399 5897 xlv,
2435 5829 2489 5885 9.
2524 5826 2606 5881 10.

2448 4653 2612 4708 verba
2652 4650 2877 4711 faciens,
2903 4646 3120 4701 dicebat
3158 4645 3225 4699 de
3256 4644 3401 4697 Mose
3428 4661 3440 4695 :
3483 4642 3577 4695 llic
3604 4648 3678 4693 est
3709 4642 3797 4709 qui
3823 4640 3922 4709 fuit
3950 4641 4004 4691 in

2449 4744 2681 4799 Ecclesia
2710 4743 2761 4794 in
2793 4738 3072 4792 solitudine
3100 4751 3216 4788 cum
3265 4733 3454 4803 angelo
3480 4733 3569 4801 qui
3604 4731 3933 4800 loquebatur,
3956 4739 4005 4782 et

2446 4841 2501 4889 in
2532 4841 2704 4887 monte
2744 4830 2895 4891 Sina,
2942 4836 2991 4880 et
3024 4844 3140 4879 cum
3179 4825 3415 4895 patribus
3451 4825 3668 4887 nostris,
3692 4823 3779 4893 qui
3808 4821 4009 4890 accepit

2448 4927 2604 4981 verba
2645 4926 2761 4976 uiue.
2804 4929 2859 4973 ut
2902 4921 3050 4972 daret
3098 4917 3241 4971 nobis
3268 4916 3337 4969 ".
3380 4915 3521 4969 Ecce
3550 4922 3731 4983 aperte
3762 4912 3947 4966 audivi
3976 4925 4007 4962 a

2454 5018 2642 5077 Paulo,
2674 5013 2968 5082 Stephano.
2992 5008 3272 5080 apostolis,
3294 5021 3414 5061 esse
3442 5005 3662 5076 angelos
3683 5002 3778 5073 qui
3833 5018 4011 5057 enun-

2453 5110 2660 5164 tiarunt
2703 5105 2901 5159 librum
2931 5101 3158 5156 Genesis
3185 5098 3317 5152 Mosi
3361 5106 3459 5153 :et
3484 5112 3547 5151 ea
3586 5096 3654 5150 de
3695 5109 3861 5149 causa
3898 5110 4007 5149 non

2453 5196 2730 5266 inscripsit
2754 5209 2879 5249 eum
2909 5206 3007 5246 suo
3043 5189 3278 5244 nomine.

2522 5292 2784 5345 Pneterea
2815 5300 2921 5338 non
2952 5292 3035 5337 est
3064 5282 3165 5335 hoc
3198 5293 3416 5351 quoque
3457 5275 4007 5347 prmtcrmittendum,

2453 5377 2909 5451 quemadmodum
2954 5375 3099 5426 hunc
3130 5373 3272 5425 diem
3318 5369 3603 5423 annellarit
3645 5367 3947 5421 secundum
3993 5386 4006 5419 :

2451 5472 2703 5525 existimo
2738 5478 2915 5521 autem
2947 5466 2998 5519 id
3028 5481 3147 5519 esse
3191 5463 3389 5517 factum
3420 5469 3543 5530 apte
3575 5458 3735 5513 Sinin".
3776 5467 3835 5511 et
3860 5473 4006 5511 vere.

2454 5564 2508 5616 Si
2536 5562 2678 5615 enim
2705 5562 2847 5613 Deus
2890 5573 2996 5609 non
3029 5556 3150 5610 ideo
3192 5554 3447 5607 formavit
3473 5552 3750 5605 hominem
3792 5556 3855 5601 ut
3882 5563 4011 5618 pro-

2457 5664 2573 5724 pter
2618 5652 2793 5721 ipsqu
2837 5650 3062 5703 subiens
3107 5646 3287 5701 crucis
3330 5644 3655 5715 patibulum,
3705 5640 4014 5696 afﬁceretur

2685 5827 2731 5859 ⁸ο
2760 5824 2924 5879 Hebr.
2962 5840 3021 5891 ιι,
3050 5823 3103 5877 2.
3178 5823 3219 5854 ⁸⁸
3254 5822 3373 5877 Act.
3412 5836 3503 5883 vu,
3535 5818 3623 5873 '58.
