4200 6440
183 403 289 467 ’δ’ἴἸ

1261 397 1342 456 IN
1384 395 1928 456 ΗΕΧΑΕΜΕΗΟΝ.
1960 419 2024 429 -
2064 396 2206 456 LIB.
2249 396 2361 454 Ill.

3315 395 3420 457 8'18

186 515 389 586 injuria
419 534 429 566 :
455 525 509 567 et
529 515 629 573 sic,
654 528 749 582 per
771 526 827 566 se
857 523 908 564 et
936 523 1064 563 suos
1090 510 1390 578 discipulos
1411 510 1477 564 ad
1503 527 1558 565 se
1582 511 1763 565 trahe-
1791 538 1835 592 Λ
1863 509 2127 562 Mosaicos
2151 519 2204 561 et
2232 509 2579 577 propheticus
2603 515 2652 560 et
2680 507 2962 562 Dav-illitos
2998 521 3299 566 sermones.
3326 511 3426 564 ali-

189 618 268 662 ret
297 608 602 660 humanum
637 620 807 675 genus
833 621 843 656 :
874 603 967 656 sed
999 613 1054 656 ut
1085 603 1197 671 ipse
1226 604 1319 671 qui
1356 604 1530 659 fuerat
1561 606 1758 657 forma-

186 711 294 761 tus,
325 699 521 752 ﬁrmus
546 706 788 751 maneret
812 710 874 749 ac
902 695 1112 749 stabilis
1137 697 1188 748 in
1221 697 1286 751 iis
1317 713 1434 765 qua:
1465 698 1514 749 ei
1543 696 1760 749 fuerant

189 796 398 847 tributa
448 794 503 847 in
549 793 721 852 Edon,
775 791 995 843 minime
1045 790 1112 842 ab
1156 789 1234 843 eis
1275 790 1585 844 abstractus
1624 807 1635 841 :
1671 789 1759 842 ille.

187 904 321 939 vero
348 903 473 941 cum
507 902 613 939 non
640 883 1049 952 permansisset,
1079 883 1254 936 victus
1280 894 1362 936 est
1386 892 1440 936 et
1467 883 1672 952 ejectus
1693 899 1758 935 ex

188 978 227 1031 Ε
251 985 361 1038 ten,
392 979 791 1044 damnatusque
821 973 888 1027 ad
922 974 1328 1043 corruptionem
1357 983 1410 1027 et
1438 974 1715 1027 interitum
1743 991 1753 1026 :

189 1074 372 1139 itaque
398 1069 685 1139 oportebat
705 1068 891 1122 venire
915 1066 1097 1133 aliqua
1124 1065 1396 1135 prioribus
1421 1065 1579 1118 bonis
1601 1065 1756 1132 longe

187 1165 438 1224 meliora,
469 1178 531 1215 ea
561 1171 742 1214 autem
786 1167 958 1218 erant,
991 1160 1108 1228 ejus
1141 1158 1234 1226 qui
1281 1173 1380 1211 nos
1407 1167 1490 1212 est
1525 1157 1754 1211 fabrica-

186 1266 274 1307 tus
305 1254 562 1306 humana.-
603 1262 808 1305 natura!
845 1249 1134 1318 susceptio.
1168 1248 1233 1300 Et
1264 1262 1408 1301 nunc
1436 1249 1502 1301 ah
1537 1249 1644 1301 imo
1672 1263 1758 1301 as-

182 1346 428 1400 cendens
456 1346 665 1398 aerium
697 1343 1093 1396 ﬁrmamentum
1124 1356 1188 1394 ex
1217 1342 1369 1410 aquis
1413 1350 1588 1400 terrm.
1617 1356 1756 1409 quo-

191 1441 361 1500 niam,
412 1437 722 1490 humanitas
770 1450 863 1504 per
895 1433 1173 1488 Christum
1217 1443 1299 1486 est
1345 1442 1640 1500 assumpta,
1675 1439 1756 1485 est

183 1529 347 1580 simul
380 1542 507 1580 cum
541 1540 735 1594 magno
777 1534 832 1577 et
875 1523 1049 1590 primo
1085 1521 1242 1582 coelo,
1277 1536 1399 1574 cum
1445 1520 1628 1581 Verbi,
1677 1519 1756 1573 in-

181 1636 372 1688 quam,
411 1618 717 1678 divinitate,
760 1613 996 1668 assidue.
1043 1613 1107 1666 Et
1152 1614 1265 1667 hzec
1313 1612 1453 1666 facta
1496 1622 1621 1666 sunt
1672 1629 1755 1666 se-

181 1712 407 1772 cunda,
475 1719 535 1763 ut
573 1709 770 1780 prima,
799 1706 1198 1761 medicamento
1260 1703 1529 1769 adhibito,
1594 1721 1750 1760 cura-

181 1813 402 1855 TCIIHII’.

1863 597 2084 666 quando
2126 598 2346 666 quidem
2383 599 2628 667 accipere.
2676 612 2845 665 aquas
2889 613 2984 665 pro
3026 599 3301 666 gentibus,
3330 596 3469 651 ali-u

1862 690 2082 759 quando
2127 701 2310 745 autem
2358 706 2454 758 pro
2499 689 2916 749 tentatinnibus,
2961 689 3254 759 aliquando
3300 705 3430 743 vero

1865 799 1963 852 pro
1986 783 2185 837 divinis
2212 783 2533 852 diSeiplinis.
2571 797 2625 839 et
2661 798 2756 852 pro
2781 790 2968 836 sancto
2999 781 3222 851 Spiritu.
3248 794 3303 836 ct
3329 798 3428 852 pro

1862 876 2032 944 gratia
2083 877 2441 947 baptismatis.
2503 876 2786 942 Quomodo
2836 876 3001 929 etiam
3064 877 3260 929 coelum
3321 877 3424 930 ah-

1861 965 2079 1032 quando
2134 968 2356 1036 quidem
2411 966 2678 1036 signilicat
2728 969 2901 1036 ipsum
2955 966 3355 1019 ﬁrmamentum
3407 984 3421 1018 :

1861 1055 2152 1126 aliquando
2197 1070 2376 1112 autem
2425 1058 2589 1110 etiam
2642 1061 2893 1112 caelestes
2949 1057 3284 1120 l'otestates,
3331 1067 3426 1109 aut

1860 1149 2024 1202 etiam
2050 1165 2145 1203 eor
2175 1167 2336 1205 omne
2369 1166 2533 1220 super
2553 1152 2698 1219 quod
2727 1152 2866 1205 Deus
2896 1149 3210 1219 requiescit.

1928 1240 2134 1296 Montes
2192 1258 2412 1312 quoque
2475 1243 2662 1296 multis
2729 1242 2904 1294 modis
2979 1242 3422 1311 intelliguntur:

1860 1333 2207 1402 accipiuntur
2289 1336 2435 1388 enim
2516 1350 2615 1404 pro
2698 1333 2852 1388 caelis
2933 1342 2986 1388 et
3069 1349 3166 1402 pro
3236 1333 3426 1387 Eccle-

1859 1422 1959 1484 sia,
1994 1435 2048 1477 et
2077 1440 2174 1492 pro
2201 1425 2430 1494 angelis,
2463 1436 2515 1479 et
2542 1441 2640 1494 pro
2671 1425 2848 1488 altari,
2875 1435 2931 1478 et
2971 1439 3068 1493 pro
3093 1423 3425 1478 adversariis

1858 1514 2236 1584 potestatibus,
2266 1525 2319 1568 et
2355 1531 2451 1585 pro
2478 1527 2663 1569 sancta
2693 1515 2909 1585 Virgine
2934 1524 2988 1568 et
3015 1514 3107 1567 Dei
3136 1512 3422 1582 genitrice.

1859 1606 2121 1662 Similiter
2148 1607 2312 1662 etiam
2343 1607 2492 1661 fluvii
2522 1620 2576 1662 et
2600 1610 2798 1669 fontes,
2829 1615 2884 1659 et
2927 1605 3143 1674 plantae,
3172 1618 3227 1659 et
3252 1616 3423 1666 terra.

1857 1706 1912 1752 et
1949 1699 2210 1761 tenebrae,
2253 1700 2428 1752 nubes
2472 1709 2527 1754 et
2575 1699 2724 1753 venti
2758 1717 2769 1751 :
2799 1708 2854 1752 et
2901 1707 2958 1751 ut
3005 1699 3170 1752 semel
3218 1699 3423 1760 dicam,

1857 1791 2037 1844 omnis
2075 1791 2422 1860 aspcctabilis
2455 1802 2510 1846 et
2550 1808 2668 1862 qua:
2698 1792 2798 1845 sub
2825 1802 3108 1862 aspectum
3141 1807 3245 1845 non
3279 1792 3427 1846 cadit

251 1895 558 1961 Propterea
607 1889 722 1944 dies
769 1887 1038 1943 secundus
1084 1896 1139 1939 et
1172 1885 1314 1940 actio
1345 1884 1584 1940 secunda
1613 1883 1753 1937 dici-
1786 1884 1828 1939 Β
1857 1894 2108 1936 creatura
2138 1884 2486 1940 multifariam
2514 1885 2807 1954 multisque
2835 1887 3012 1939 modis
3042 1886 3426 1955 intelliguntur

178 1997 292 2044 tur.
327 1983 638 2040 Servaloris
683 1983 932 2036 human-.e
967 1991 1175 2033 natura:
1218 1980 1510 2048 susceptio.
1560 1977 1754 2042 Quam.

175 2079 273 2148 qui
322 2077 455 2130 hinc
502 2089 557 2130 ct
601 2075 751 2129 illinc
792 2074 1047 2128 discrerit
1079 2072 1322 2126 ﬁdelimn
1365 2081 1421 2126 ct
1455 2070 1755 2125 inﬁdelium

176 2185 355 2238 aquas
386 2183 485 2238 per
511 2168 914 2220 ﬁrmamentum
946 2162 1070 2217 fidei
1113 2181 1125 2216 :
1165 2161 1598 2216 Christianorum
1639 2162 1756 2216 dies

175 2255 533 2326 significavit.
591 2255 828 2323 Apparet
875 2262 1058 2306 autem
1108 2251 1211 2305 hoc
1263 2265 1479 2320 quoque
1529 2251 1754 2320 pulchre

176 2347 502 2405 dicendum,
547 2346 692 2415 quod
741 2361 846 2399 non
878 2345 949 2399 sit
987 2342 1282 2398 recusanda
1317 2344 1752 2398 memorabilium

175 2445 556 2508 interpretum
589 2439 804 2492 diversa
830 2438 883 2491 in
922 2437 1122 2491 divinis
1147 2435 1444 2505 Scripturis
1466 2437 1709 2506 acceptio
1735 2455 1748 2490 :

169 2546 246 2582 ex
285 2531 410 2600 ipso
454 2529 600 2583 enim
649 2529 914 2582 divinitus
949 2527 1212 2595 inspirato
1244 2525 1618 2591 fundamento,
1652 2528 1755 2582 hoc

173 2623 362 2675 facere
411 2621 730 2675 didicimus.
778 2619 931 2674 Unde
975 2619 1139 2674 etiam
1187 2632 1402 2688 :equum
1437 2628 1523 2672 est
1558 2618 1752 2672 audire

1852 1989 1882 2027 a
1913 1973 2112 2029 divinis
2136 1976 2387 2030 Patribus
2411 1993 2481 2031 ne
2508 1977 2688 2046 inopia
2710 1977 3042 2046 cognitionis
3072 1978 3274 2031 labore:
3299 1976 3422 2047 Spi-

1852 2066 1991 2120 ritus
2017 2075 2259 2130 sanctus,
2289 2083 2400 2121 non
2432 2069 2645 2131 valens,
2677 2070 2818 2124 sicut
2846 2069 3026 2138 pluvia
3060 2069 3280 2138 plantis,
3327 2070 3427 2124 do-

1853 2176 1979 2214 nare
2026 2159 2298 2214 diversam
2328 2159 2557 2230 gratiam
2585 2155 2647 2214 'iu
2678 2161 2975 2216 esculentis
3004 2176 3196 2215 eorum
3230 2160 3423 2215 fructi-

1853 2251 1954 2305 bus
1980 2269 1991 2304 :
2021 2261 2104 2306 est
2137 2252 2282 2306 enim
2324 2253 2461 2307 facie
2502 2254 2804 2324 multiplex,
2833 2255 3170 2324 multamque
3196 2264 3252 2308 et
3275 2270 3424 2308 eam-

1853 2343 1974 2396 dem
2029 2343 2236 2398 habens
2282 2344 2459 2398 lucem
2509 2361 2648 2414 aqua
2709 2346 2906 2399 divina:
2951 2345 3247 2414 Scriptura:
3300 2361 3424 2416 qua:

1853 2437 2085 2489 scaturit
2115 2451 2181 2488 ex
2228 2452 2336 2490 uno
2375 2436 2523 2490 fonte
2565 2438 2738 2516 sancti
2775 2437 3030 2507 Spiritus.
3062 2439 3122 2493 Ei
3153 2438 3323 2509 gloria
3369 2448 3427 2495 et

1856 2530 2101 2597 potentia
2130 2529 2184 2583 in
2212 2530 2409 2584 saecula
2445 2531 2787 2586 saeculorum.
2820 2532 3014 2587 Amen.

1306 2994 1662 3084 LIBER
1733 2994 2289 3087 TERTIUS.

1332 3207 1412 3246 DE
1446 3206 1680 3248 TERTIO
1713 3205 1817 3248 DIE
1849 3205 2250 3248 CREATIUNIS.

240 3500 492 3554 Primum
521 3495 739 3566 quidem
767 3495 966 3548 librum
992 3493 1114 3558 feci,
1156 3509 1188 3548 ο
1222 3494 1545 3565 Thcophilc,
1570 3494 1636 3548 de
1681 3495 1746 3548 iis
1774 3498 1815 3556 C
1848 3493 2112 3560 gationcm
2148 3491 2352 3544 unam?
2401 3490 2514 3545 Una
2555 3504 2687 3558 ergo
2718 3492 3066 3560 congregatio
3097 3501 3205 3547 tota
3250 3510 3414 3565 aqua,

164 3607 293 3662 quae
325 3590 506 3660 primo
541 3589 627 3642 die
652 3604 680 3641 a
710 3588 820 3641 Deo
857 3587 994 3640 facta
1019 3597 1146 3641 sunt
1175 3605 1186 3639 :
1214 3588 1306 3656 qui
1335 3587 1538 3641 dicitur
1564 3586 1742 3640 Domi—

169 3685 354 3738 nicus.
381 3682 502 3748 Quo
535 3696 660 3735 cum
693 3679 873 3732 omnia
899 3695 964 3732 ex
989 3679 1162 3733 nihilo
1192 3679 1258 3733 ad
1295 3679 1397 3733 hoc
1422 3688 1480 3732 ut
1503 3679 1610 3732 sint
1641 3678 1738 3731 de-

168 3777 420 3829 duxisset
461 3774 623 3836 Deus,
658 3773 724 3825 de
747 3783 943 3826 caetero
980 3783 1233 3839 tanquam
1259 3786 1432 3825 massa
1463 3771 1643 3839 aliqua
1685 3771 1740 3825 in

167 3869 348 3921 frusta
378 3866 615 3919 dissecta
653 3863 917 3916 mundum
963 3863 1263 3916 constituit.
1298 3862 1426 3916 Post
1469 3863 1614 3916 diem
1640 3863 1745 3916 Do—

170 3958 464 4018 minicum,
500 3965 753 4023 tanquam
796 3953 863 4007 ad
897 3953 1196 4007 secundum
1228 3968 1441 4007 sacrum
1472 3955 1742 4007 scalarum

167 4048 425 4115 gradum,
471 4046 536 4099 ad
587 4045 910 4099 ﬁrmamenti
953 4044 1296 4098 altitudinem
1346 4047 1736 4114 promovimus.

169 4141 330 4194 Nunc
358 4150 542 4193 autem
569 4139 622 4191 in
653 4139 744 4192 illo
769 4137 834 4191 ad
863 4152 1126 4206 aquarum
1157 4137 1500 4192 latitudinem
1532 4147 1586 4191 et
1615 4153 1739 4206 pro-

165 4232 504 4287 funditatem
550 4241 604 4285 et
647 4230 1041 4299 longitudinem
1086 4230 1411 4284 audebimus
1456 4231 1736 4295 accedere,

167 4324 454 4379 Christum
503 4323 765 4376 habentes
811 4322 1233 4390 gubernatorem
1276 4319 1419 4390 apud
1469 4321 1682 4375 Patrem
1721 4339 1734 4372 :

167 4425 435 4484 tanquam
476 4413 726 4483 opiﬁcem
768 4421 824 4466 et
854 4413 907 4466 in
944 4411 1260 4482 operatione
1288 4427 1494 4481 parem,
1531 4428 1740 4484 germa—

167 4522 438 4577 numquc,
475 4514 532 4560 et
558 4521 684 4559 vere
718 4505 964 4576 ejusdem
993 4506 1262 4562 essentizn.
1321 4507 1388 4561 Et
1412 4506 1542 4559 dixit
1577 4506 1736 4570 Deus,

165 4603 530 4674 Congregetur
571 4619 710 4672 aqua
747 4617 862 4672 qua:
893 4611 966 4655 est
992 4604 1084 4655 sub
1122 4603 1248 4656 caelo
1288 4604 1342 4656 in
1375 4604 1739 4672 congregatio-

167 4711 286 4746 nem
336 4710 522 4756 unam,
551 4702 598 4745 et
647 4702 903 4762 appareat
938 4693 1110 4745 arida.
1154 4692 1446 4758 Memento,
1482 4709 1515 4747 0
1545 4692 1736 4756 lector,

168 4800 254 4839 me
289 4783 518 4845 dixisse,
550 4783 694 4851 quod
725 4800 832 4838 non
864 4784 1221 4839 dissolventes
1258 4784 1496 4838 litteram
1539 4785 1737 4840 transi-

1844 3599 2012 3636 unum
2063 3599 2211 3637 mare
2260 3593 2368 3636 tota
2411 3582 2580 3636 facies
2613 3592 2788 3644 terrze,
2826 3599 2995 3637 unum
3036 3585 3211 3651 littus,
3243 3603 3413 3642 unum

1844 3676 2065 3745 pelagus
2094 3684 2479 3745 congregatum
2509 3693 2522 3726 :
2560 3683 2616 3728 et
2649 3676 2923 3744 quomodo
2965 3677 3108 3733 dicis
3137 3696 3151 3732 :
3187 3679 3416 3752 Congre-

1845 3766 2420 3837 getur?Congregetur
2449 3767 2618 3830 enim,
2666 3767 2870 3822 dicitur
2909 3779 2966 3824 et
3014 3770 3075 3823 ﬁt
3107 3770 3163 3826 in
3206 3771 3418 3843 disper-

1846 3859 1941 3913 sis.
1975 3859 2030 3914 Si
2059 3875 2188 3931 ergo
2221 3860 2612 3914 convenienter
2636 3861 2854 3926 litterae,
2879 3862 3106 3919 Judaice
3150 3865 3418 3938 intellige-

1845 3969 1974 4008 mus
2007 3952 2281 4022 proposita
2311 3970 2322 4004 :
2352 3968 2457 4006 nec
2501 3953 2554 4006 in
2585 3953 2669 4007 his
2703 3953 2904 4008 factum
2937 3965 3022 4010 est
3060 3957 3156 4012 Dei
3193 3961 3417 4015 manda-

1844 4058 1979 4100 tum.
2012 4045 2170 4114 Atqui
2202 4043 2523 4099 testificatur
2546 4045 2829 4115 Scriptura
2872 4047 3057 4102 divina
3085 4049 3312 4107 dicens:
3343 4052 3414 4107 Et

1845 4139 2039 4207 factum
2074 4147 2146 4190 est
2194 4139 2268 4190 ita
2293 4153 2311 4190 :
2333 4136 2497 4190 etiam
2532 4137 2574 4190 si
2625 4137 2677 4190 in
2723 4138 2932 4193 ultimis
2973 4143 3310 4211 temporibus
3338 4144 3413 4199 ita

1843 4231 2042 4284 factum
2069 4237 2170 4282 est.
2200 4228 2337 4282 Nam
2370 4227 2525 4281 initio
2569 4227 2623 4281 in
2652 4245 2792 4298 aqua
2823 4231 3068 4285 sensibili
3099 4233 3301 4289 factum
3329 4246 3414 4291 est

1844 4331 2031 4375 contra
2067 4335 2227 4390 quam
2270 4321 2414 4375 Deus
2444 4319 2747 4384 mandarat,
2785 4322 2829 4374 si
2863 4323 3098 4378 litteram
3143 4330 3407 4396 sequaris.

1844 4415 1960 4482 Ipse
1985 4413 2132 4467 enim
2160 4412 2293 4466 dixit
2322 4431 2333 4465 :
2362 4411 2715 4483 Congregetur
2741 4431 2879 4484 aqua
2912 4433 3028 4485 qua:
3055 4427 3130 4472 est
3164 4421 3257 4473 sub
3285 4422 3412 4475 cmlo

1841 4506 1895 4557 in
1926 4506 2379 4574 congregationem
2405 4523 2566 4558 unam
2591 4521 2609 4559 :
2635 4514 2891 4576 tanquam
2918 4509 2985 4564 de
3014 4527 3119 4566 una
3146 4513 3412 4570 mandans

1842 4612 1982 4667 aqua
2012 4606 2066 4651 οι
2095 4612 2202 4650 una
2227 4597 2643 4667 congregatione
2666 4616 2679 4664 ;
2712 4611 3050 4673 congregatae
3077 4614 3262 4661 autem
3281 4620 3413 4665 sunt

1841 4705 1994 4759 aqua:
2020 4690 2072 4742 in
2104 4689 2305 4744 multas
2331 4690 2798 4760 congregationes,
2819 4709 2927 4748 non
2954 4705 3138 4752 autem
3160 4698 3215 4753 in
3247 4716 3411 4756 unam

1843 4782 2344 4852 congregationem.
2372 4781 2558 4850 Neque
2584 4783 2654 4836 ob
2677 4783 2729 4836 id
2759 4785 2906 4853 quod
2931 4787 3164 4846 dicimus
3186 4800 3411 4848 contur.

165 4891 287 4928 mus
311 4873 378 4927 ad
406 4888 515 4927 non
542 4873 776 4941 scriptos
800 4889 991 4928 sensus
1013 4873 1334 4944 anagogicos
1359 4893 1371 4927 :
1399 4874 1494 4930 sed
1518 4890 1548 4929 a
1568 4875 1737 4929 Paulo
1770 4890 1813 4945 ι)
1843 4878 2000 4932 betur
2027 4875 2246 4929 auditor
2273 4892 2286 4928 :
2315 4875 2429 4944 ipsa
2471 4875 2617 4929 enim
2643 4876 2828 4932 divina
2872 4877 3157 4950 Scriptura
3198 4882 3303 4940 hoc
3329 4895 3409 4940 te-

165 4965 372 5020 eruditi
403 4964 500 5033 qui
531 4963 663 5017 dicit
694 4981 707 5018 :
739 4962 939 5018 Littera
985 4966 1169 5019 occidit
1194 4967 1238 4999 ⁸³
1264 4967 1430 5024 :sicut
1453 4969 1612 5023 etiam
1645 4985 1736 5026 oe-

173 5056 304 5110 cidit
331 5054 568 5111 Iudaeos.
614 5055 689 5109 Ea
735 5054 802 5109 de
846 5070 1027 5120 causa,
1079 5063 1203 5126 post
1249 5057 1507 5120 litteram,
1543 5057 1740 5127 quaeri-

167 5163 290 5201 mus
331 5147 499 5201 etiam
534 5147 784 5215 spiritum
827 5147 920 5216 qui
955 5163 1052 5217 per
1092 5147 1326 5203 litteram
1357 5149 1736 5215 adunibratur,

166 5241 219 5293 in
246 5239 471 5295 Christo
502 5249 683 5292 autem
729 5239 1006 5308 impletur.
1054 5240 1195 5295 Ecce
1240 5241 1386 5296 enim
1431 5257 1556 5295 cum
1600 5258 1739 5311 aqua

161 5341 313 5386 esset
342 5341 692 5401 congregata,
738 5342 988 5401 essetque
1037 5332 1340 5396 individua,
1386 5343 1440 5388 et
1473 5335 1736 5404 quodam-

164 5422 330 5479 modo
375 5433 635 5493 tanquam
690 5439 837 5478 mare
885 5440 1053 5480 unum
1103 5426 1462 5490 consisteret,
1513 5443 1578 5482 ex
1627 5443 1736 5498 quo

162 5516 376 5569 aerium
427 5515 627 5569 factum
670 5516 856 5571 divisit
890 5517 1312 5584 firmamentum,
1354 5520 1586 5574 alterum
1617 5523 1737 5591 qui-

164 5606 286 5662 dem
317 5624 507 5677 supra,
540 5609 775 5663 alterum
807 5625 938 5663 vero
968 5610 1106 5664 infra
1142 5629 1152 5664 :
1179 5612 1456 5682 quomodo
1478 5611 1612 5668 dicit
1634 5613 1738 5667 Do-

165 5701 369 5766 minus,
396 5700 750 5771 Congregetnr
773 5720 911 5772 aqua
941 5720 1056 5772 quw
1079 5713 1152 5757 est
1177 5706 1269 5757 snb
1292 5705 1416 5757 cado
1440 5707 1492 5758 in
1517 5722 1729 5774 congre-

203 5842 245 5873 ⁸·
277 5839 323 5896 ll
351 5841 475 5896 Lor.
506 5855 584 5904 ltl,
620 5842 671 5897 6.

1841 4978 2036 5024 statur.
2068 4967 2363 5039 Subiunxit
2385 4967 2532 5022 enim
2563 4969 2799 5040 scriptor
2828 4971 3020 5028 dicens
3046 4990 3059 5028 :
3088 4975 3160 5029 Et
3192 4993 3410 5050 congre-

1837 5069 1961 5131 gata
2002 5068 2078 5114 est
2113 5076 2248 5129 aqua
2288 5075 2404 5131 qua:
2445 5069 2523 5114 est
2562 5063 2655 5116 sub
2695 5063 2841 5127 caelo,
2881 5066 2936 5118 in
2981 5071 3408 5139 congregatione:

1835 5168 1978 5205 snas.
2013 5151 2152 5206 Ecce
2180 5168 2289 5206 non
2323 5151 2455 5207 dicit
2489 5171 2500 5206 :
2528 5155 2582 5207 in
2621 5156 3077 5225 congregationem
3099 5176 3251 5214 suam
3278 5177 3407 5216 con-

1837 5256 2054 5315 gregata
2083 5254 2168 5300 est
2189 5262 2348 5316 aqua,
2372 5247 2489 5311 sed,
2515 5249 2569 5302 in
2591 5249 3020 5320 congregationes
3039 5270 3160 5307 suas
3185 5256 3406 5318 multas,

1839 5339 2024 5393 multa:
2081 5355 2254 5410 aquae,
2303 5339 2512 5394 effecta:
2568 5342 2751 5396 multa:
2805 5345 3278 5416 eongregationes.
3329 5349 3405 5404 Ex

1835 5429 1927 5482 illa
1958 5429 2104 5484 enim
2157 5447 2262 5494 una
2305 5431 2476 5500 prima
2509 5434 2928 5503 congregatione
2961 5446 3018 5492 et
3065 5440 3201 5494 mari
3246 5443 3410 5494 unius

1835 5539 2008 5592 aqure,
2040 5525 2224 5578 multa:
2250 5541 2423 5594 aquae,
2457 5527 2627 5579 multa
2659 5529 2829 5583 maria
2875 5530 3012 5585 facta
3047 5543 3177 5588 sunt
3204 5551 3216 5587 :
3250 5536 3408 5590 multi

1837 5615 1988 5669 lacus
2019 5625 2149 5670 sunt
2170 5616 2351 5679 divisi,
2389 5617 2544 5672 multi
2582 5616 2759 5674 fontes
2779 5619 2938 5676 divisi
2973 5625 3178 5679 suntin
3206 5628 3410 5681 multos

1837 5707 2053 5762 fluvios.
2092 5709 2247 5777 Aqua
2284 5708 2373 5763 illa
2420 5725 2542 5778 qua:
2586 5711 2744 5780 prius
2789 5723 2908 5768 erat
2941 5727 3263 5789 congregata
3306 5719 3408 5774 sub
