4200 6440
771 417 871 479 879

1920 407 1980 465 S.
2023 403 2413 464 ANASTASII
2453 402 2775 461 SlNAlT/E

3890 406 3997 467 880

772 529 931 587 ccclo,
972 523 1145 579 divisa
1194 533 1277 577 est
1324 523 1376 575 in
1419 522 1589 574 multa
1627 521 1762 584 loca,
1795 531 1850 573 et
1896 521 2081 573 nmltis
2129 520 2321 573 modis.
2354 526 2395 580 Α
2424 530 2480 572 et
2526 528 2890 587 congregetur
2938 519 3004 571 ad
3056 520 3240 571 lucent
3278 536 3288 569 :
3321 517 3553 579 horest,
3605 521 3669 573 ad
3712 520 3997 577 Christum

770 622 922 689 Aqua
944 618 997 672 in
1021 618 1235 689 abysso,
1264 632 1393 669 ecce
1418 631 1522 669 una
1547 615 1894 683 congregatio
1919 633 1928 666 :
1955 629 2091 683 aqua
2113 614 2323 674 oceani,

770 726 897 765 cccc
947 724 1136 763 rursus
1178 707 1341 761 etiam
1388 706 1493 760 alia
1546 706 1891 774 congregatio
1920 725 1930 757 :
1957 720 2104 759 mare
2149 705 2325 773 ipsum

775 803 1108 863 llubrum,et
1129 801 1273 869 quod
1299 810 1381 855 est
1401 799 1555 853 nobis
1578 800 1965 868 propinquum,
1987 814 2112 853 cccc
2135 810 2325 866 quarta

774 914 925 966 aqua:
970 894 1317 965 congregatio
1369 910 1382 945 :
1423 892 1567 945 ﬁuvii
1613 906 1678 944 ex
1729 892 1878 946 Eden
1918 906 2089 945 :eccc
2133 906 2325 961 magna

773 1004 926 1058 aqua:
962 987 1308 1055 congregatio
1338 1004 1349 1038 :
1381 985 1617 1055 Physon,
1666 985 1814 1039 (icon
1841 1024 1855 1047 ,
1887 983 2084 1052 Tigris,
2126 990 2182 1037 et
2222 984 2329 1037 Eu-

774 1082 993 1151 phrates
1035 1098 1048 1133 :
1092 1094 1218 1133 ecce
1266 1086 1500 1147 quatuor
1546 1077 1994 1146 congregationes
2041 1090 2326 1144 aquarum.

773 1174 918 1227 Fons
965 1173 1056 1241 qui
1102 1171 1433 1225 ascendebat
1460 1185 1525 1223 ex
1574 1178 1717 1224 terra
1750 1178 1807 1223 et
1853 1168 2113 1237 irrigabat
2160 1176 2326 1222 totam

775 1267 965 1319 fat-ium
998 1273 1156 1318 terra:
1185 1282 1197 1316 :
1229 1279 1358 1318 ecce
1387 1265 1549 1316 etiam
1582 1263 1686 1315 alia
1733 1261 1867 1314 loris
1911 1276 2173 1328 aquarum
2200 1275 2331 1314 con-

773 1357 1044 1424 gregatio,
1081 1365 1255 1409 mater
1299 1356 1587 1407 multarum
1638 1367 1925 1421 aquarum.
1969 1350 2331 1420 Congrcgatio

774 1465 961 1513 maris,
995 1463 1145 1501 mare
1187 1447 1477 1509 Mortuum,
1506 1454 1665 1515 typus
1697 1444 1937 1499 Iudaica:
1980 1453 2028 1493 et
2077 1444 2330 1497 iiifertilis

770 1550 828 1593 et
859 1552 1083 1593 niortua:
1112 1538 1569 1608 congregationis.
1605 1538 1769 1605 Aqua:
1794 1537 2081 1600 infertiles,
2108 1547 2164 1591 et
2199 1538 2326 1591 olim

772 1629 1203 1683 Ilicrichuntina:
1249 1648 1261 1681 :
1311 1638 1365 1681 ct
1401 1645 1519 1696 qum
1566 1644 1711 1681 nunc
1752 1637 1881 1683 sunt
1912 1629 2121 1681 fertiles
2166 1644 2179 1679 :
2230 1641 2330 1679 nos

775 1722 1090 1791 ﬁgurantcs,
1111 1721 1323 1790 quinos
1349 1721 1579 1773 invicem
1612 1720 1852 1788 parimus
1882 1720 1935 1772 in
1969 1720 2093 1772 vivo
2122 1718 2326 1786 Spiritu

770 1823 829 1868 et
871 1829 1012 1881 aqua
1066 1811 1423 1881 baptismatis.
1478 1811 1629 1879 Aqua
1671 1810 1943 1877 genitalis,
1977 1819 2037 1863 ut
2080 1808 2327 1878 [Egyptia

2426 613 2520 681 qui
2553 613 2668 665 suis
2697 613 2919 666 mandat
2951 611 3236 679 discipulis
3285 621 3339 663 ct
3371 611 3505 664 dicit
3532 630 3544 664 :
3575 612 3652 665 Ite
3680 624 3734 667 et
3762 631 3997 684 congre-

2424 714 2546 770 gate
2593 720 2767 758 omnes
2789 717 2963 774 gentes
2984 713 3040 759 et
3061 720 3231 775 aquas
3252 702 3306 757 in
3330 720 3489 758 unam
3512 709 3996 777 congregationem

2428 796 2791 867 baptismatis,
2818 798 3143 867 baptizantes
3169 815 3253 851 eos
3279 798 3333 850 in
3361 801 3567 851 nomine
3596 799 3776 853 I’atris
3803 811 3852 853 et
3879 802 3999 856 Fih'i

2425 899 2473 942 et
2522 891 2749 959 Spiritus
2789 893 2956 945 sancti
2994 892 3042 923 ⁸⁵
3071 910 3086 946 :
3115 892 3287 951 illius.
3323 893 3564 961 inquam,
3617 892 3857 961 Spiritus
3904 896 3996 963 qui

2426 984 2580 1050 prius
2613 983 2895 1038 ferebatur
2924 1000 3091 1053 super
3119 985 3259 1038 hanc
3290 1000 3484 1052 aquam
3516 1006 3526 1038 :
3558 1002 3704 1040 nunc
3727 998 3915 1040 autent
3944 988 3995 1041 in

2427 1090 2488 1127 ea
2542 1076 2842 1138 cohabitat,
2878 1088 2935 1131 et
2978 1078 3263 1147 conjungit
3299 1093 3493 1131 omnes
3534 1095 3705 1149 aquas
3750 1081 3995 1149 gentium

2430 1182 2550 1234 qme
2581 1166 2739 1234 prius
2767 1176 2926 1221 erant
2958 1176 3180 1222 remotae
3206 1184 3270 1222 ac
3293 1167 3582 1234 distantes,
3618 1189 3672 1224 ιιι
3698 1187 3864 1224 unam
3897 1171 3997 1224 Ec-

2431 1258 2607 1311 elesize
2641 1261 3120 1328 congregationem
3166 1269 3264 1315 :et
3306 1261 3438 1315 ﬁent
3469 1277 3663 1316 omnes
3705 1280 3809 1317 una
3855 1280 3994 1333 aqua

2430 1351 2587 1413 vitze,
2638 1367 2777 1405 unus
2824 1354 2984 1415 l'ons,
3017 1370 3160 1408 unus
3212 1354 3409 1410 hortus
3443 1356 3802 1419 deliciarum,
3853 1373 3998 1409 unus

2429 1459 2589 1512 grex,
2644 1459 2787 1497 unus
2836 1454 3052 1512 pastor,
3125 1460 3268 1499 unus
3316 1445 3613 1508 Dominus,
3666 1462 3773 1500 una
3828 1445 3995 1507 ﬁdes,

2430 1551 2596 1587 unum
2636 1535 2923 1604 baptisma,
2962 1553 3128 1591 unum
3171 1553 3375 1607 corpus
3395 1538 3620 1599 Christi,
3651 1555 3793 1594 unus
3828 1540 3994 1609 spiri-

2429 1633 2534 1687 tus,
2570 1642 2738 1680 unum
2773 1643 2891 1690 cor,
2926 1645 3031 1682 una
3069 1644 3199 1683 caro
3246 1644 3447 1698 sponsa
3481 1631 3742 1694 Ecclesia,
3777 1639 3835 1683 et
3875 1631 3996 1698 ejus

2428 1730 2662 1783 sponsus
2692 1716 2962 1781 Christus,
2997 1736 3165 1773 unum
3214 1719 3642 1784 ﬁrmamentum,
3674 1738 3842 1775 unum
3881 1736 3993 1775 c03-

2431 1808 2540 1860 lum
2573 1808 2823 1863 Christus
2855 1820 2910 1863 ct
2955 1812 3191 1879 populus
3226 1811 3470 1865 ﬁdelium
3522 1823 3774 1881 tanquam
3807 1814 3994 1868 stella-

773 1921 911 1973 aqua
942 1905 1141 1958 inultos
1166 1919 1449 1974 generous.
1486 1904 1651 1971 Aqua:
1694 1901 1975 1970 potabiles,
2005 1909 2061 1952 et
2092 1915 2170 1952 ea:
2209 1914 2329 1967 qua:
2362 1888 2401 1941 Β
2430 1915 2549 1952 l‘lllll
2581 1916 2701 1969 qua:
2732 1901 2783 1954 iu
2821 1902 2940 1970 ipso
2972 1902 3234 1955 deliciunt
3262 1912 3317 1956 et
3346 1903 3746 1958 illuminantnr.

773 2004 899 2047 sunt
930 1995 983 2047 in
1009 2010 1133 2048 usu.
1176 1994 1326 2062 Aqua
1371 2010 1489 2061 quae
1520 1991 1656 2044 adiri
1693 2006 1799 2044 non
1831 1998 2009 2059 potest
2046 2006 2058 2040 :
2102 1996 2160 2041 ut
2197 1988 2325 2041 Am-

774 2089 985 2141 monica
1016 2106 1029 2140 :
1057 2103 1185 2141 ecce
1203 2088 1366 2139 etiam
1395 2084 1571 2140 aliena
1594 2100 1747 2153 aqua:
1774 2081 2139 2152 congregatio.
2164 2080 2329 2150 Aqua:

775 2182 829 2235 in
864 2180 1057 2235 insulis
1084 2178 1293 2241 divisis,
1324 2186 1381 2232 et
1416 2192 1513 2246 per
1542 2191 1601 2229 se
1640 2174 2105 2244 congregationes.
2153 2171 2326 2226 Fluvii

776 2272 830 2324 in
864 2270 1164 2325 continenti
1195 2286 1207 2320 :
1232 2269 1383 2323 lacus
1399 2278 1455 2323 et
1476 2282 1628 2335 aqua:
1646 2282 1766 2334 qua:
1788 2265 1841 2318 in
1868 2264 2005 2317 locis
2023 2262 2145 2317 aliis
2165 2262 2326 2316 aliam

774 2365 977 2418 habent
1018 2361 1391 2433 operationem
1437 2368 1493 2413 et
1538 2358 1851 2427 qualitatem
1882 2374 1896 2409 ι
1924 2371 2062 2425 aqua
2108 2370 2325 2411 amara.

773 2471 913 2523 aqua
963 2451 1228 2506 accedens
1268 2448 1335 2502 ad
1378 2461 1627 2516 saporem
1673 2443 1977 2506 bituminis,
2008 2457 2147 2511 aqua
2182 2441 2327 2510 peri-

776 2560 952 2605 mcns,
980 2553 1039 2597 ut
1062 2558 1180 2612 qna:
1198 2549 1281 2594 est
1306 2541 1359 2592 in
1387 2537 1622 2592 desertis
1641 2535 1933 2606 [Ethiopiae
1959 2552 1972 2587 :
1998 2550 2135 2603 aqua
2157 2532 2328 2587 calida

773 2647 829 2690 et
858 2634 1108 2689 salubris.
1138 2630 1569 2686 Innumerabiles
1592 2627 2037 2698 congregationes
2067 2639 2327 2695 aquarum

774 2729 1114 2782 diversarum
1143 2732 1199 2777 ct
1228 2724 1541 2777 multarum.

842 2814 1007 2884 Atqui
1032 2828 1138 2867 non
1168 2812 1245 2866 sic
1269 2810 1431 2881 jussit
1459 2812 1602 2865 Deus
1631 2819 1690 2863 ut
1723 2824 1861 2879 aqua
1900 2816 2047 2863 esset
2085 2808 2326 2870 dividua,

776 2908 870 2961 sed
922 2907 1071 2960 unita
1117 2906 1169 2959 in
1218 2920 1379 2958 unam
1425 2903 1918 2972 congregationem.
1960 2900 2101 2966 Quid
2148 2910 2329 2954 autem

774 3008 895 3053 erat
921 2996 1145 3051 omnino
1176 3010 1396 3049 necesse
1416 2992 1606 3062 Opiﬁci
1630 3008 1827 3061 aquam
1849 2992 2139 3045 extendere
2168 3006 2332 3059 super

776 3104 993 3145 innnem
1042 3088 1385 3158 superlicicm
1423 3095 1602 3148 terrm,
1646 3093 1703 3139 et
1748 3085 1946 3139 deinde
1987 3100 2105 3138 eam
2143 3098 2333 3136 rursus

776 3196 1151 3251 congregare:
1197 3189 1253 3234 et
1306 3194 1415 3233 non
1478 3177 1661 3247 potius
1712 3190 2153 3245 unamquamque
2219 3190 2330 3225 rem

775 3286 1012 3330 creatam
1056 3274 1109 3327 in
1148 3271 1374 3342 proprio
1421 3270 1540 3324 loco
1578 3277 1816 3323 statuere
1844 3276 1902 3320 ct
1944 3265 2330 3334 compingare?

776 3367 938 3437 Ergo,
970 3380 1038 3419 ne
1086 3378 1186 3417 nos
1229 3376 1447 3431 quoque
1477 3359 1782 3414 incidamus
1825 3357 1881 3411 in
1914 3357 2138 3426 laqueos
2167 3356 2332 3408 Mani-

775 3460 1073 3514 chmorum.
1112 3457 1193 3511 llli
1240 3455 1410 3519 enim,
1454 3452 1843 3508 convenienter
1874 3449 2090 3511 littene,
2136 3448 2331 3502 intelli-

775 3559 966 3622 geutcs
987 3551 1191 3620 iussum
1212 3547 1307 3602 Dei
1333 3546 1400 3600 de
1423 3545 1510 3599 his
1531 3543 1689 3613 aquis
1715 3561 1727 3595 :
1756 3543 2135 3597 existimarunt
2162 3541 2330 3593 Deum

774 3659 896 3699 esse
940 3642 1265 3704 mentitum,
1317 3652 1603 3708 preptcrea
1637 3634 1783 3705 quod
1825 3651 1964 3703 aqua
2012 3648 2118 3687 non
2166 3632 2333 3685 fuerit

775 3743 1101 3805 congregata
1141 3733 1197 3788 in
1248 3747 1409 3787 uuam
1470 3728 1972 3799 congregationem,
2016 3724 2111 3780 sed
2150 3724 2332 3793 potius

774 3836 965 3883 contra
990 3825 1188 3880 factum
1217 3833 1319 3878 est.
1351 3822 1448 3877 llic
1473 3837 1603 3891 ergo
1636 3819 1803 3885 adsis,
1828 3835 1862 3872 ο
1886 3819 2079 3871 harum
2108 3816 2331 3869 divinis-

776 3919 1037 3972 siluarum
1058 3915 1313 3970 Ecclesiae
1336 3927 1599 3983 aquarum
1620 3919 1997 3980 congregator,
2018 3917 2076 3962 et
2094 3907 2334 3961 deducas

776 4009 845 4063 ad
866 4005 1194 4078 profundum
1220 4005 1415 4058 harum
1437 4017 1723 4072 aquarum.
1754 3999 1895 4054 Dicit
1920 4000 2085 4062 Deus,
2107 3998 2333 4068 Congre-

778 4108 928 4170 getur
957 4114 1095 4169 aqua
1120 4111 1237 4167 qua:
1260 4104 1335 4148 est
1360 4095 1452 4147 sub
1474 4092 1621 4157 creto,
1646 4093 1751 4146 hoc
1778 4099 1882 4154 est,
1912 4091 2167 4144 universa
2197 4088 2335 4141 Inul-

780 4191 957 4246 titudo
988 4189 1231 4259 gentium
1265 4203 1385 4256 qua:
1411 4194 1539 4239 sunt
1566 4184 1670 4238 sub
1702 4183 1862 4245 caelo,
1890 4190 2251 4251 congregetur
2277 4180 2331 4233 in

779 4280 1256 4352 congregationem
1290 4293 1454 4333 unam
1489 4291 1621 4331 mea:
1654 4274 1778 4331 ﬁdei
1807 4283 1864 4330 et
1892 4273 2166 4336 Ecclesiae,
2195 4287 2331 4341 quo—

781 4374 944 4427 modo
971 4381 1056 4427 est
1093 4379 1415 4440 congregata
1443 4383 1582 4437 aqua
1609 4383 1731 4437 qua:
1760 4375 1845 4421 est
1870 4364 1972 4419 sub
1996 4365 2169 4419 cmlis.
2199 4364 2335 4417 mul-

783 4464 978 4529 titudo,
1006 4464 1251 4533 inquam,
1290 4461 1622 4515 l’otestatum
1650 4456 2037 4527 angelicarum,
2082 4455 2137 4508 in
2172 4471 2331 4508 unam

2499 1989 2575 2043 Ita
2626 1998 2710 2044 est
2757 1990 3111 2060 intelligenda
3161 2001 3217 2045 et
3266 1992 3588 2062 accipienda
3633 2009 3737 2046 vox
3792 1993 3891 2047 Dei
3942 2002 3997 2044 et

2422 2082 2610 2150 jussus
2648 2082 2717 2136 de
2767 2082 2855 2137 his
2904 2083 3105 2152 aquis:
3156 2083 3235 2137 sic
3280 2093 3338 2138 et
3372 2100 3481 2138 non
3522 2086 3684 2139 aliter
3725 2087 3997 2140 sentimus

2428 2170 2649 2238 spiritu,
2684 2170 2889 2234 omnia,
2920 2181 2976 2225 et
3005 2188 3114 2225 non
3139 2188 3368 2242 corpore
3396 2192 3407 2226 :
3436 2184 3492 2228 et
3523 2175 3600 2228 sic
3634 2176 3995 2246 przedieamns

2428 2266 2497 2319 de
2525 2264 2684 2318 nobis
2722 2266 2814 2334 qui
2848 2267 3006 2334 prius
3042 2282 3264 2321 eramus
3304 2277 3498 2337 gentes
3544 2269 3808 2339 dispersa:
3849 2280 3907 2323 et
3939 2271 3995 2323 in

2429 2356 2570 2410 Deos
2616 2356 3055 2413 innumerabiles
3103 2360 3197 2427 qui
3248 2359 3333 2413 Dii
3377 2376 3487 2415 non
3547 2372 3704 2415 erant
3753 2371 3809 2415 et
3856 2363 3992 2416 muti

2427 2457 2588 2501 erant
2618 2448 2701 2501 Dii
2735 2450 3074 2513 errabamus,
3110 2448 3297 2504 dicere
3329 2457 3521 2505 Vocem
3552 2450 3793 2506 divinam
3827 2463 3885 2506 et
3907 2454 3997 2522 ju-

2432 2538 2613 2591 bendo
2629 2539 2817 2593 dicere
2846 2558 2857 2592 :
2885 2538 3242 2611 Congrcgetur
3264 2558 3407 2610 aqua
3431 2558 3548 2613 qua!
3574 2551 3648 2596 est
3671 2544 3763 2596 sub
3788 2545 3993 2599 certoin

2429 2630 2887 2696 congregationem
2907 2645 3092 2682 unam.
3116 2629 3295 2699 Super
3315 2639 3518 2685 terram
3539 2642 3831 2703 congregat
3853 2635 3999 2689 Deus

2433 2720 2671 2773 Verbum
2704 2720 2759 2773 in
2796 2737 2961 2776 unam
2989 2724 3492 2793 congregationem.
3527 2726 3630 2781 Per
3650 2730 3859 2782 aerium
3893 2746 3997 2783 au-

2432 2820 2540 2864 tem
2581 2810 2985 2865 ﬁrmamentum
3038 2814 3311 2879 dividens,
3344 2830 3473 2869 cum
3514 2816 3569 2870 in
3614 2819 3781 2872 celos
3808 2830 3995 2873 sustu-

2433 2901 2587 2954 lisset
2628 2917 2824 2970 aquam
2870 2920 2882 2953 :
2922 2918 3044 2956 eam
3082 2904 3336 2958 dilatavit
3378 2917 3435 2960 et
3472 2906 3631 2961 valde
3668 2911 3923 2964 extendit
3967 2927 3996 2963 a

2433 2992 2634 3044 ﬁnibus
2686 3007 2859 3061 usque
2893 2992 2961 3046 ad
2995 2993 3131 3049 ﬁnes
3159 2995 3430 3051 universa:
3453 3008 3743 3063 creatum,
3770 3001 3997 3069 abysso-

2434 3100 2665 3152 rnmque
2692 3094 2749 3138 et
2772 3101 3054 3154 aequorum
3092 3105 3105 3139 :
3149 3097 3205 3141 ct
3234 3104 3359 3143 cum
3398 3105 3567 3159 supra
3593 3092 3999 3150 ﬁrmamentum

2435 3174 2609 3229 instar
2660 3176 2770 3230 veli
2822 3177 3201 3246 cxpandisset,
3252 3181 3429 3250 ipsum
3477 3183 3746 3244 extendit,
3798 3195 3859 3238 ut
3899 3202 4003 3241 nos

2435 3268 2708 3321 discamus
2754 3269 2901 3337 quod
2948 3286 3070 3338 qua:
3114 3272 3268 3340 prius
3316 3284 3476 3326 erant
3520 3285 3709 3341 gentes
3757 3278 4003 3333 tenebris

2436 3360 2625 3413 olfusa:
2658 3375 2828 3429 super
2856 3370 3081 3424 terram,
3122 3364 3175 3416 in
3211 3379 3374 3417 uitam
3402 3377 3744 3436 congregata:
3772 3384 4002 3439 congre-

2437 3452 2713 3521 gationem
2756 3454 3139 3507 consensionis
3164 3453 3376 3509 Christi
3404 3456 3682 3521 Ecclesize,
3716 3460 4004 3530 rapientur

2437 3543 2735 3611 aliquando
2770 3544 2823 3597 in
2850 3546 3065 3598 nubibus
3098 3547 3153 3598 in
3188 3562 3456 3601 occursum
3484 3546 3697 3603 Domini
3718 3549 3789 3617 ,in
3823 3553 4001 3614 caelis,

2435 3645 2674 3689 extensi:
2718 3646 2774 3690 et
2817 3636 3059 3690 dilatata:
3096 3637 3260 3692 :alize
3304 3640 3522 3706 quidem
3557 3641 3612 3696 in
3667 3643 3890 3713 regione
3923 3645 4004 3699 vi-

2437 3728 2701 3789 ventium,
2733 3728 2852 3782 alize
2875 3738 3056 3782 autem
3078 3729 3132 3782 in
3161 3731 3435 3799 paradiso,
3454 3740 3511 3786 et
3536 3734 3655 3787 alia:
3681 3735 3736 3788 in
3758 3738 4005 3791 externis

2438 3817 2828 3879 tabernaculis,
2854 3826 2910 3872 et
2942 3818 3062 3872 alia:
3091 3818 3144 3872 in
3173 3820 3295 3875 luce
3328 3821 3654 3888 viventium,
3686 3835 3746 3880 et
3782 3826 3906 3881 alia:
3946 3828 4002 3881 in

2439 3923 2606 3978 regno
2628 3908 2745 3973 Dei,
2768 3917 2826 3963 et
2846 3909 2967 3964 alia:
2989 3910 3044 3963 in
3069 3911 3290 3967 civitate
3313 3913 3527 3968 Domini
3549 3916 3844 3983 virtutum,
3873 3936 4006 3975 con-

2438 4010 2700 4071 gruenter
2722 4001 2771 4054 ei
2799 4001 2945 4071 quod
2979 4001 3189 4056 dictum
3218 4014 3305 4057 est
3329 4020 3358 4058 a
3387 4005 3629 4071 Christo,
3676 4008 3861 4065 Multa:
3879 4025 4005 4066 sunt

2439 4095 2735 4147 mansiones
2763 4095 2905 4162 apud
2926 4092 3226 4149 Patrem".
3249 4097 3327 4152 De
3354 4102 3772 4170 congregatione
3805 4105 4004 4160 barum

2440 4187 2654 4241 ratione
2696 4185 3051 4255 praeditarum
3082 4203 3351 4256 aquarum
3381 4190 3601 4245 dicebat
3626 4191 3901 4260 Christus,
3946 4214 4005 4252 sc

2438 4295 2558 4334 esse
2599 4279 2825 4333 missum
2868 4294 2975 4332 non
3004 4280 3181 4334 solum
3217 4290 3444 4352 propter
3470 4299 3605 4339 oves
3635 4285 3871 4350 lsraelis.
3907 4291 4003 4345 sed

2437 4368 2603 4422 etiam
2646 4376 2703 4420 ut
2740 4367 2999 4436 dispersos
3032 4368 3128 4422 Dei
3160 4367 3300 4436 filios
3321 4380 3662 4441 congregaret
3692 4371 3763 4428 ".
3800 4375 3881 4431 De
3918 4378 4006 4432 his

2439 4461 2598 4529 aquis
2625 4461 2811 4528 maris,
2841 4462 2954 4517 Deo
2978 4460 3114 4516 dicit
3143 4461 3313 4515 David
3343 4480 3355 4515 :
3386 4462 3722 4535 Congregans
3745 4475 4005 4539 tanquam

781 4556 875 4610 Dei
898 4554 1394 4625 congregationem,
1431 4550 1485 4604 in
1516 4548 1885 4611 concordiam,
1921 4549 1973 4602 in
2008 4562 2171 4601 unam
2215 4561 2336 4615 gra-
2367 4575 2412 4631 D
2440 4561 2607 4605 utrem
2656 4570 2827 4623 aquas
2873 4556 3059 4617 maris,
3086 4569 3283 4623 ponens
3306 4556 3361 4607 in
3400 4555 3658 4610 thesauris
3693 4558 3910 4629 abysso:
3934 4561 4005 4623 ⁸⁸,

781 4660 888 4703 tam
911 4648 1221 4700 animorum
1242 4642 1680 4704 consensionem,
1702 4642 1758 4695 iu
1780 4641 2129 4712 hymnodiam
2152 4655 2334 4705 unam,

782 4740 839 4793 in
871 4738 1173 4792 Jerusalem
1203 4734 1479 4789 caelestem
1511 4748 1697 4795 unam,
1742 4731 1798 4785 in
1842 4746 2005 4785 unam
2045 4730 2185 4785 lucis
2210 4744 2339 4784 con-

781 4828 1050 4882 visionem
1085 4843 1098 4878 :
1134 4824 1226 4879 ubi
1276 4824 1422 4877 nulla
1463 4831 1547 4877 est
1596 4822 1819 4876 lnercsis
1849 4836 1952 4876 nec
1993 4821 2211 4886 divisio,
2244 4820 2339 4875 ubi

785 4936 889 4975 non
925 4929 998 4974 est
1037 4918 1254 4973 Judwus
1297 4933 1389 4970 nec
1433 4916 1597 4988 867
1636 4916 1866 4979 (ξι-ωιτη,
1898 4916 1983 4968 ubi
2014 4932 2117 4969 non
2146 4914 2337 4986 Scytha

782 5030 876 5067 nec
904 5012 1172 5065 Barbarus
1190 5010 1281 5073 "‘,
1299 5023 1479 5080 neque
1507 5007 1730 5079 iniquus
1754 5022 1857 5062 nec
1880 5007 2136 5071 inﬁdelis,
2160 5022 2339 5078 neque

783 5119 1013 5174 serpens
1038 5117 1216 5173 neque
1241 5100 1493 5171 scorpius
1510 5140 1525 5164 ,
1553 5115 1733 5170 neque
1761 5100 1986 5169 reptiles
2013 5101 2223 5163 bestia,
2248 5116 2340 5155 ne-

784 5211 891 5265 que
923 5204 1209 5264 peccatum
1238 5208 1341 5247 nec
1369 5192 1600 5263 nigror:
1629 5191 1727 5246 sed
1750 5207 1889 5260 aqua
1919 5207 2049 5256 una,
2079 5202 2136 5246 et
2165 5192 2340 5247 ﬂuen-

787 5299 904 5344 tum
931 5302 1127 5353 unum,
1155 5296 1212 5340 et
1242 5286 1365 5339 lens
1389 5300 1533 5339 unus
1560 5292 1619 5339 et
1647 5283 1862 5349 similis,
1886 5295 1943 5339 et
1966 5295 2166 5354 puteus
2188 5302 2343 5355 aqua:

785 5383 925 5435 viva:
968 5380 1018 5411 ⁸³
1045 5394 1190 5433 unus
1224 5378 1313 5432 cui
1348 5376 1551 5432 assidet
1585 5376 1860 5440 Christus,
1904 5385 1961 5431 et
2001 5379 2352 5448 congregatio

787 5481 975 5526 sancta
1004 5482 1060 5527 et
1084 5470 1326 5541 pretiosa
1355 5485 1483 5526 una.
1512 5467 1630 5522 Fiat
1657 5482 1787 5537 ergo
1814 5466 2059 5521 voluntas
2087 5468 2182 5522 Dei
2218 5470 2351 5522 sicut

788 5567 841 5617 in
866 5565 991 5619 emta
1021 5573 1071 5618 et
1094 5566 1149 5618 in
1174 5574 1318 5617 terra
1340 5564 1407 5616 “.
1439 5561 1794 5633 Congregetur
1819 5576 1994 5630 genus
2024 5561 2348 5626 humanum,

790 5671 985 5727 nempe
1017 5672 1156 5727 aqua
1188 5656 1279 5710 cui
1316 5655 1474 5725 prius
1517 5653 1826 5709 insidebant
1857 5653 2131 5711 teucbrze:
2168 5655 2353 5709 veniat

858 5771 922 5801 "‘
963 5772 1168 5827 Coloss.
1201 5789 1276 5833 ιιι,
1310 5772 1391 5825 ll.
1469 5771 1515 5801 ⁸³
1543 5771 1696 5824 .loau.
1730 5787 1801 5830 iv,
1834 5771 1916 5823 ll.

792 5840 836 5874 "'
871 5842 1026 5899 Joan.
1070 5859 1142 5907 xi,
1195 5844 1282 5911 5:3,
1358 5841 1403 5870 ”
1444 5841 1586 5896 Psal.
1639 5857 1804 5901 sun,
1843 5842 1891 5893 ἷ.

1996 5771 2038 5799 ⁸³
2088 5772 2271 5826 Matth.
2314 5789 2383 5837 vi,
2415 5773 2448 5826 9
2481 5788 2629 5843 seqq.

2439 4641 2749 4696 Thesauros
2796 4642 2892 4697 Dei
2919 4642 3114 4697 dicens
3155 4642 3453 4709 Eeclesias,
3484 4645 3578 4700 ubi
3609 4660 3809 4701 aurum
3832 4658 3891 4704 et
3914 4666 4003 4705 ar-

2436 4742 2657 4803 gentum
2709 4733 2864 4787 verbi
2918 4732 3219 4804 Scriptura:
3262 4735 3548 4804 reponitur
3572 4737 3915 4794 absconsum
3948 4751 4004 4796 et

2435 4827 2744 4895 spirituale,
2776 4827 2867 4881 ubi
2916 4826 3308 4881 custodiuntur
3340 4829 3648 4898 margaritae
3684 4829 4003 4888 divinorum

2438 4929 2929 4983 sacramentorum,
2956 4936 3093 4986 quas
3113 4920 3375 4989 jubemur
3406 4920 3744 4977 abscondere
3777 4927 4001 4993 porcis:

2446 5027 2572 5064 nam
2604 5011 2704 5074 illi,
2749 5011 2895 5066 sicut
2932 5020 2990 5065 et
3018 5012 3209 5076 ludas,
3250 5026 3344 5066 eas
3374 5027 3484 5066 non
3510 5015 3753 5083 capiunt.

2514 5103 2723 5159 Christi
2760 5104 2931 5174 igitur
2969 5104 3215 5158 thesauri
3244 5114 3374 5159 sunt
3406 5105 3681 5170 Ecclesiae,
3714 5107 3771 5161 in
3804 5110 4009 5178 quibus

2448 5197 2543 5250 alii
2584 5196 2808 5265 quidem
2854 5212 2921 5250 ex
2970 5196 3226 5252 ﬁdelibus
3268 5197 3470 5251 dantur
3498 5199 3744 5268 quinque
3780 5202 4005 5264 talenta,

2446 5290 2539 5343 alii
2582 5301 2767 5344 autem
2797 5288 3010 5353 decem,
3035 5290 3128 5344 alii
3157 5306 3289 5344 vero
3316 5290 3448 5355 duo,
3474 5291 3569 5345 alii
3595 5302 3779 5346 autem
3814 5309 4008 5348 unum.

2446 5381 2504 5433 In
2545 5381 2630 5435 his
2662 5380 2935 5435 thesauris
2984 5381 3295 5436 recondidit
3338 5382 3583 5452 gentium
3625 5383 3859 5454 abyssos
3890 5404 4009 5457 qua:

2447 5473 2602 5542 prius
2632 5483 2793 5528 erant
2818 5474 3008 5528 oﬂ'usa:
3029 5474 3294 5537 tenebris,
3324 5474 3584 5544 quoniam
3606 5478 3833 5531 tenebra:
3857 5488 4008 5531 erant

2444 5581 2604 5634 super
2642 5566 2904 5635 abyssum.
2965 5566 3040 5619 De
3099 5565 3202 5621 hac
3258 5568 3454 5638 abysso
3497 5570 3739 5637 gentium
3789 5571 4009 5626 dicebat

2446 5656 2610 5710 etiam
2661 5657 2927 5726 propheta
2994 5658 3247 5713 Habacnc
3307 5676 3321 5712 :
3372 5660 3525 5714 Dedit
3574 5662 3791 5731 abyssus
3836 5680 4007 5717 vomu

2708 5775 2752 5803 ’⁸⁸
2784 5773 2967 5827 Matth.
3010 5791 3193 5837 sum,
3230 5777 3311 5831 l7.
3347 5775 3434 5827 20.
3531 5776 3578 5807 “
3623 5777 3780 5831 Joan.
3816 5794 3923 5839 xxv,
3950 5778 4005 5831 2.
