4200 6440
165 399 264 467 881

1253 405 1334 465 ΙΝ
1375 405 1919 472 HEXAEMERON.
1942 436 2009 446 -
2034 411 2179 472 LIB.
2220 412 2333 472 III.

3303 413 3413 477 882

163 532 317 568 suam
353 515 422 576 ",
455 513 770 584 gloriﬁcans
811 531 938 571 eum
973 516 1068 586 qui
1104 514 1282 585 ipsam
1316 516 1671 590 illuminavit.
1696 531 1751 575 et
1780 533 1826 592 Α
1853 524 2238 593 receptaculis,
2263 523 2453 586 alveis,
2475 523 2758 579 canalibus
2791 533 2846 579 et
2871 526 3411 597 congregationibus,

166 607 426 660 dissolvit
453 607 804 663 altitudinem
845 608 1155 678 phantasia:
1186 609 1362 678 ipsius
1384 612 1606 680 gentilis
1633 612 1751 666 ido-

170 699 426 752 lolatrize.
472 698 548 753 De
583 699 687 753 hac
733 698 929 770 abysso
983 714 1256 767 aquarum
1291 700 1505 754 ratione
1547 701 1747 770 prtedi-

172 803 349 846 tarum
395 795 539 858 licus
577 795 763 863 gloria:
798 793 1006 848 tonavit
1037 809 1138 862 per
1169 792 1524 864 Evangelium
1559 812 1572 848 :
1607 794 1750 850 Deus

171 887 432 942 Dominus
491 905 650 958 super
703 906 872 958 aquas
910 888 1106 943 multas
1136 888 1187 921 '°
1214 899 1271 943 et
1293 898 1484 959 gentes
1531 890 1751 945 inenar-

175 981 400 1034 rabiles.
447 981 814 1046 Quamobrem
865 997 1055 1036 rursus
1103 981 1370 1036 Dominus
1422 982 1754 1036 inhabitabit

173 1073 471 1137 diluvium,
507 1074 562 1128 in
601 1090 707 1128 una
753 1074 1202 1145 congregatione,
1237 1083 1293 1128 et
1329 1076 1545 1131 sedebit
1570 1076 1754 1130 Domi-

174 1176 277 1212 nus
299 1176 472 1230 super
495 1161 674 1230 ipsum
698 1170 954 1231 tanquam
976 1177 1143 1232 super
1166 1162 1355 1218 sedem
1379 1166 1752 1235 requiescens,

177 1267 417 1320 regnans
447 1267 615 1322 super
663 1254 839 1322 ipsum
873 1254 927 1308 in
960 1256 1247 1310 saeculum.

242 1343 342 1398 Die
369 1359 505 1413 ergo
543 1346 706 1398 tertio
738 1345 869 1397 fecit
906 1345 1050 1399 Deus
1075 1361 1250 1415 aquas
1274 1345 1330 1400 iu
1362 1344 1750 1417 congregatio-

175 1452 299 1490 nem
354 1452 544 1491 uuam.
575 1437 985 1503 Quamobrem?
1027 1436 1301 1503 Quoniam
1351 1449 1474 1506 post
1511 1439 1748 1507 primum

176 1531 324 1585 diem
348 1530 675 1595 Mosaicum,
702 1540 757 1587 et
782 1532 1084 1587 secundum
1107 1533 1319 1586 cultum
1344 1532 1751 1602 propheticum,

175 1624 343 1678 tertio
379 1623 491 1688 die,
535 1640 637 1678 nos
679 1633 872 1694 gentes
915 1633 1260 1696 congregata:
1290 1641 1480 1679 sumus
1510 1625 1564 1680 in
1590 1641 1751 1678 unam

169 1717 303 1773 ﬁdei
319 1718 800 1788 congregationem
822 1734 921 1788 per
941 1735 1197 1787 sagenam
1221 1719 1523 1788 Evangelii.
1550 1719 1752 1786 Quam-

1849 627 1906 669 ct
1937 631 2059 685 qua:
2095 625 2221 670 sunt
2263 631 2533 688 synagoga
2581 632 2677 671 seu
2728 617 3076 687 congregatio
3120 617 3410 687 Apollinis,

1851 723 2129 779 synagoga
2167 707 2412 772 Saturni,
2444 724 2714 779 synagoga
2762 710 3064 772 Ammonis,
3099 721 3155 764 et
3187 711 3288 765 alia
3317 711 3413 766 Se-

1848 799 2077 866 rapidis,
2100 815 2368 870 synagoga
2384 800 2537 862 Julii,
2559 816 2830 871 synagoga
2849 801 3123 866 Mercurii,
3144 817 3409 872 synagoga

1850 890 2058 961 Pythite
2102 900 2156 944 et
2209 893 2412 946 Diuum.
2446 891 2558 946 Nec
2597 892 2700 946 hoc
2731 895 2932 956 solum,
2961 892 3054 946 sed
3100 895 3266 947 etiam
3309 893 3408 947 im-

1849 981 2022 1050 proba
2052 979 2300 1045 Judaica,
2331 982 2534 1037 Christi
2574 982 2796 1036 inimica
2824 993 2878 1036 ct
2925 983 3022 1038 Dei
3073 982 3411 1037 adversaria.

1850 1075 2082 1145 Propter
2127 1075 2226 1129 has
2279 1091 2409 1145 ergo
2463 1076 2658 1146 impias
2695 1091 2992 1147 synagogas
3020 1086 3076 1131 et
3121 1091 3415 1147 congrega-

1851 1167 2048 1231 tiones,
2081 1177 2137 1222 et
2184 1183 2308 1236 qua:
2350 1169 2404 1220 in
2436 1168 2518 1222 eis
2557 1177 2687 1222 sunt
2716 1168 3044 1238 populorum
3080 1178 3136 1224 ct
3166 1169 3413 1240 gentium

1851 1262 2214 1314 cxsecrandas
2265 1260 2589 1328 disciplinas
2636 1270 2693 1314 et
2747 1261 3046 1325 doctrinas,
3082 1261 3226 1315 Deus
3257 1262 3416 1331 jubet

1854 1367 2044 1420 magna
2088 1366 2218 1406 voce
2245 1351 2434 1405 dicens
2473 1369 2485 1405 :
2516 1350 2873 1422 Congregetur
2898 1370 3039 1424 aqua
3069 1370 3186 1423 qua:
3219 1367 3292 1409 est
3321 1355 3414 1409 sub

1852 1442 1980 1497 εωιο
2030 1443 2083 1497 in
2115 1459 2279 1496 uuam
2307 1443 2431 1497 fidei
2462 1446 2956 1515 congregationem.
2991 1447 3166 1513 Quam
3193 1447 3414 1517 quidem

1852 1551 2041 1590 vocem
2085 1535 2288 1592 Christi
2336 1537 2456 1601 Dei,
2503 1552 2628 1592 cum
2679 1537 2986 1592 andiissent
3037 1549 3094 1594 et
3151 1554 3328 1608 aquzc,
3363 1549 3417 1593 et

1854 1626 2010 1692 ﬁnes,
2037 1643 2235 1698 genera
2261 1627 2542 1684 barbarica
2569 1648 2582 1683 :
2610 1629 2888 1699 quomodo
2908 1640 3038 1685 tunc
3065 1632 3118 1684 in
3140 1631 3420 1687 creatione

1854 1719 2067 1784 mundi,
2112 1735 2267 1789 aqua:
2298 1720 2474 1786 llum,
2517 1730 2663 1775 metu
2697 1738 2760 1776 ac
2810 1733 3068 1788 tremore,
3094 1739 3288 1793 magno
3321 1724 3421 1779 im-

169 1809 368 1864 obrem
425 1810 646 1864 dicebat
683 1809 851 1865 etiam
894 1809 1150 1866 Christus
1174 1809 1272 1880 qui
1304 1811 1466 1864 tertio
1508 1812 1595 1865 die
1627 1826 1752 1864 sur-
1791 1861 1830 1916 Β
1856 1822 1985 1880 petu
2027 1813 2264 1867 fluentes
2285 1812 2637 1872 festinabant.
2670 1817 2985 1882 currebant,
3020 1818 3418 1885 accelerabant,

175 1901 325 1956 rexit
369 1917 402 1954 a
451 1902 685 1956 mortuis
729 1921 743 1956 :
797 1901 961 1957 Hodie
1011 1913 1060 1956 et
1103 1919 1223 1956 cras
1270 1903 1407 1972 facio
1455 1905 1608 1972 signa
1654 1902 1694 1933 "
1736 1919 1749 1954 :

170 2008 309 2048 ecce
356 1992 472 2046 duo
516 1993 655 2049 dies.
695 1994 859 2065 Signa
895 2004 1078 2049 autem
1109 1993 1265 2056 dicit,
1297 2012 1418 2065 qua:
1459 1994 1599 2048 facta
1626 2004 1755 2048 sunt

172 2087 231 2140 in
264 2084 525 2156 Egypto,
559 2103 680 2156 qua:
718 2088 770 2141 in
815 2087 1058 2151 deserto,
1089 2095 1146 2141 et
1191 2103 1315 2157 qua:
1362 2105 1462 2156 per
1508 2087 1780 2141 llloscmz.

170 2189 306 2233 sunt
339 2179 481 2243 hac,
535 2188 596 2233 ut
653 2181 822 2234 semel
877 2179 1082 2244 dicam,
1115 2179 1278 2248 primi
1323 2177 1457 2232 diei.
1514 2177 1753 2232 Secundi

171 2282 384 2338 autem,
418 2288 542 2342 qua:
567 2288 666 2342 per
695 2272 871 2326 Eliam
900 2281 958 2328 et
982 2273 1264 2336 Eliszeum,
1286 2280 1344 2326 et
1368 2271 1462 2340 qui
1493 2270 1755 2339 deinceps

171 2365 353 2419 secuti
390 2374 524 2419 sunt
573 2365 893 2434 prophetas.
929 2364 1119 2419 Tertio
1162 2369 1348 2419 autem
1381 2363 1474 2418 die
1509 2364 1627 2434 ejus
1654 2362 1750 2416 ad-

171 2465 381 2510 ventus
433 2457 557 2511 dies
604 2457 822 2511 lucidus
865 2457 1171 2527 perﬁcitur,
1236 2458 1331 2526 qui
1373 2456 1614 2511 ostendit
1657 2471 1756 2524 per

173 2548 564 2620 Evangelium,
598 2550 903 2618 perfectum
933 2559 990 2604 et
1029 2549 1286 2604 omnibus
1315 2551 1560 2604 numeris
1592 2549 1755 2604 abso-

172 2641 354 2695 lutum
387 2642 513 2710 ejus
546 2643 793 2696 studium
830 2660 843 2696 :
877 2653 963 2696 est
995 2643 1143 2697 enim
1174 2643 1427 2698 Christus
1468 2642 1756 2712 plenitudo

173 2748 236 2786 ac
281 2734 760 2802 complementum
806 2734 942 2803 legis
982 2733 1399 2804 prophetarum.
1446 2732 1514 2787 Et
1555 2733 1756 2788 Paulus

172 2825 336 2887 dicit,
389 2824 496 2878 Lex
531 2834 605 2878 est
643 2825 793 2878 omni
827 2841 895 2880 ex
925 2834 1079 2894 parte
1113 2826 1348 2895 perfecta
1384 2841 1403 2878 :
1439 2840 1638 2894 nempe
1669 2826 1755 2880 lex

172 2918 385 2974 Christi
408 2935 419 2971 :
439 2934 534 2985 ego
554 2929 734 2972 autem
753 2935 845 2988 per
873 2919 1037 2989 legem
1057 2919 1128 2984 ",
1149 2917 1407 2972 videlicet
1441 2918 1753 2983 Mosaicam,

172 3011 366 3066 servio
398 3010 501 3080 tegi
534 3011 766 3080 peccati.
791 3010 946 3066 Unde
963 3010 1131 3066 etiam
1177 3025 1300 3080 qua:
1336 3011 1389 3064 in
1420 3010 1565 3065 Cana
1602 3011 1757 3066 facta:

174 3113 310 3159 sunt
362 3103 593 3173 nuptiae,
639 3103 793 3158 facta:
843 3115 976 3158 sunt
1022 3102 1188 3157 tertio
1221 3101 1313 3157 die
1340 3121 1352 3155 :
1383 3102 1532 3158 Cana
1572 3112 1754 3158 autem

176 3197 593 3268 interpretatur
629 3206 880 3250 creatura
917 3214 933 3261 ;

176 3291 510 3352 scendcnte,
558 3289 715 3343 facta!
753 3298 881 3344 sunt
925 3289 1260 3358 incorrupta:
1296 3290 1502 3358 nuptim
1537 3290 1758 3344 unionis

177 3384 349 3438 Verbi
392 3391 455 3437 et
497 3391 701 3436 nostra:
749 3391 978 3436 naturae.
1010 3382 1070 3435 ln
1104 3381 1195 3436 his
1228 3382 1439 3450 nuptiis
1474 3383 1637 3435 tertio
1670 3381 1758 3436 die

175 3476 424 3545 primum
447 3473 772 3528 miraculum
794 3472 1050 3527 Christus
1080 3471 1214 3526 fecit
1247 3471 1302 3525 in
1351 3489 1493 3541 aqua
1518 3473 1587 3536 ”,
1619 3489 1759 3542 quo-

179 3567 330 3621 niam
359 3566 528 3620 tertio
546 3564 637 3620 die
655 3579 853 3634 aquam
875 3563 1119 3634 gentium
1136 3561 1490 3632 congregavit
1519 3563 1574 3616 in
1595 3579 1758 3616 unam

180 3658 699 3728 congregationem,
732 3672 858 3712 cum
891 3672 1012 3711 cam
1037 3664 1461 3710 transmutassct
1479 3672 1609 3710 vera
1633 3658 1761 3711 vitis

179 3753 250 3806 ah
280 3766 432 3820 aqua
461 3750 517 3803 in
543 3749 732 3802 vinum
753 3749 973 3812 ltetitite,
998 3747 1054 3802 in
1075 3748 1590 3819 congregationibus
1621 3750 1756 3812 suis,

182 3861 385 3914 nempe
411 3844 469 3898 in
498 3843 731 3912 lapideis
773 3850 945 3912 petra:
965 3841 1335 3896 Ecclesiarum
1379 3841 1610 3912 hydriis,
1638 3857 1759 3910 qua:

182 3939 422 4008 capiunt
449 3935 593 3990 circa
623 3935 760 3989 duas
805 3941 1063 3988 metretas
1099 3932 1301 3986 veteris
1328 3941 1384 3986 et
1420 3933 1548 3985 novi
1589 3941 1758 3985 testa-

183 4029 358 4084 menti
390 4045 406 4082 :
445 4035 540 4081 aut
575 4036 708 4091 tres,
739 4025 986 4097 mysterii
1015 4025 1304 4079 Trinitatis
1335 4025 1432 4078 Dei
1467 4025 1562 4094 qui
1595 4024 1758 4079 tertio

183 4124 274 4178 die
317 4121 664 4177 resurrexit:
697 4119 792 4190 qui
827 4119 918 4174 die
968 4119 1133 4174 tertio
1178 4117 1311 4172 dicit
1351 4135 1364 4171 :
1402 4116 1760 4187 Congregetnr

184 4231 330 4282 aqua
383 4229 504 4283 qua:
538 4223 612 4266 est
644 4213 740 4266 sub
783 4211 914 4265 corio
978 4212 1034 4264 in
1067 4228 1231 4265 unam
1277 4211 1754 4279 congregationem.

186 4305 323 4357 Nam
379 4304 568 4356 multa:
631 4318 808 4371 nuper
877 4311 1034 4356 erant
1088 4317 1284 4370 aquie,
1347 4301 1645 4370 multrcque
1705 4307 1761 4352 et

183 4395 543 4450 exsecranda;
579 4409 864 4464 synagoga:
909 4409 973 4447 ac
1024 4393 1480 4463 congregationes
1522 4401 1762 4445 extensa:

184 4503 359 4557 super
402 4494 573 4540 totam
617 4484 812 4539 faciem
851 4496 1028 4539 terrm.
1061 4485 1247 4553 Aquas
1301 4500 1449 4538 nunc
1485 4484 1632 4548 dico,
1662 4485 1760 4536 do-

184 4589 369 4646 gmata
398 4585 458 4631 et
489 4576 806 4647 disciplinas
837 4576 1047 4630 alienas
1093 4592 1123 4630 a
1157 4577 1383 4645 pietate,
1435 4577 1530 4630 sed
1564 4593 1758 4645 aquam

184 4686 311 4739 qua:
355 4669 626 4724 interimit
673 4669 935 4738 gentilem
990 4669 1326 4731 doctrinam,
1387 4669 1760 4738 astrologiam,

187 4761 618 4817 divinationem.
644 4761 800 4830 Aqua
825 4759 1055 4815 fusionis
1080 4761 1384 4831 sanguinis,
1413 4777 1552 4830 aqua
1583 4779 1762 4815 amara

189 4854 470 4909 haeretica
498 4853 701 4920 linguae
728 4853 1048 4924 pruriginis,
1093 4870 1232 4923 aqua
1255 4854 1490 4909 obscura
1524 4862 1579 4907 et
1623 4853 1763 4907 dilli-

187 4947 314 5002 cilis
363 4944 437 5000 ad
532 4945 1024 5016 interpretandum.
1073 4943 1503 5015 Superstitionis
1561 4943 1764 4999 Gratum

189 5040 379 5094 multa:
405 5049 537 5094 sunt
564 5053 739 5109 aquae,
771 5039 927 5092 multi
959 5037 1134 5098 ﬂuvii,
1169 5038 1329 5092 multi
1358 5037 1762 5091 submersorcs.

191 5133 302 5187 iste
335 5130 578 5186 docebat
609 5147 720 5186 non
765 5147 884 5185 esse
937 5131 1134 5195 Deum,
1191 5130 1285 5184 hic
1326 5145 1439 5183 non
1486 5144 1609 5182 esse
1643 5145 1768 5199 pro-

192 5223 518 5279 videntiam.
561 5222 667 5277 iste
716 5223 1047 5292 praedicabat
1079 5222 1211 5277 solis
1245 5221 1643 5284 adorationem,
1676 5223 1766 5276 hic

1796 4539 1836 4591 1)

1855 1920 1963 1959 non
2002 1906 2394 1976 exspectabant
2426 1922 2485 1961 se
2517 1906 2754 1961 invicem
2789 1917 2849 1962 ut
2882 1909 2939 1962 in
2978 1924 3143 1962 unam
3187 1924 3420 1979 congre-

1853 2007 2114 2067 garentur
2157 2006 2212 2051 et
2240 2007 2594 2051 moverentur
2625 1999 3124 2068 congregationem,
3149 1999 3419 2064 boreales,

1852 2089 2145 2153 australes,
2195 2089 2586 2151 occidentales,
2633 2091 2933 2145 orientales
2961 2090 3113 2145 orbis
3152 2100 3419 2146 terrarum

1855 2181 2014 2234 unda:
2053 2189 2110 2234 et
2157 2181 2362 2235 ﬂuenta
2396 2198 2410 2234 :
2447 2197 2505 2234 se
2541 2181 2776 2236 invicem
2831 2183 3231 2253 praevenientes
3262 2196 3318 2240 et
3365 2186 3418 2240 in

1853 2273 2055 2328 fluctus
2087 2282 2460 2343 assurgentes,
2494 2284 2751 2344 tanquam
2784 2277 2852 2329 ab
2881 2277 3064 2346 aliquo
3093 2279 3339 2334 violento
3365 2290 3422 2335 ct

1855 2366 2047 2421 divino
2107 2366 2304 2436 spiritu
2338 2375 2395 2421 ct
2431 2368 2526 2438 qui
2567 2383 2734 2436 super
2782 2367 2928 2437 ipsas
2952 2367 3250 2437 ferebatur,
3288 2381 3423 2426 acta:

1854 2467 1912 2514 et
1959 2460 2228 2529 impulszn,
2282 2469 2342 2515 ut
2392 2476 2502 2514 una
2544 2461 2894 2532 congregatio
2940 2470 2996 2516 et
3048 2477 3198 2517 mare
3238 2473 3424 2518 essent

1854 2567 2046 2606 omnes
2087 2567 2245 2621 aquae
2269 2561 2448 2607 terrm.
2493 2552 2572 2606 Ita
2605 2553 2734 2607 licet
2770 2553 2958 2608 videre
2987 2569 3180 2608 omnes
3208 2565 3420 2624 gentes,

1855 2651 1910 2696 et
1938 2643 2172 2695 maxime
2197 2641 2292 2694 illo
2315 2641 2405 2694 die
2435 2641 2805 2704 Pentecostes,
2829 2644 2900 2696 ab
2921 2643 3010 2696 illa
3031 2659 3165 2698 voce
3186 2645 3425 2701 violenta

1854 2746 1976 2800 quze
2008 2730 2154 2784 facta
2187 2739 2273 2784 est
2300 2731 2529 2801 spiritus
2563 2733 2657 2801 qui
2686 2748 2837 2787 nunc
2866 2733 3032 2788 etiam
3059 2733 3236 2789 fertur
3261 2751 3423 2806 supra

1856 2822 2118 2892 gentilem
2157 2822 2373 2877 fidelem
2417 2839 2636 2892 aquam,
2688 2841 2810 2894 qua:
2862 2835 3191 2896 congregata
3231 2835 3316 2882 est
3369 2827 3424 2882 in

1857 2915 2180 2969 unam‘lidci
2218 2919 2722 2987 congregationem,
2753 2928 2810 2973 et
2834 2920 2984 2974 unita
3026 2921 3082 2974 in
3124 2937 3286 2976 unam
3318 2920 3426 2976 Ec-

1857 3008 2038 3063 clesia:
2080 3011 2477 3079 compagincm,
2509 3022 2925 3066 concurrentes.
2965 3013 3100 3067 Vide
3132 3011 3281 3067 enim
3313 3027 3429 3068 non

1858 3103 2034 3156 solum
2082 3102 2268 3165 rebus,
2315 3103 2412 3156 sed
2441 3104 2606 3157 etiam
2639 3103 2773 3171 ipsis
2805 3103 2993 3157 verbis
3030 3111 3424 3158 consonantem

982 3195 1037 3250 in
1089 3212 1196 3266 qua
1242 3204 1517 3262 creatura,
1564 3212 1630 3251 eo
1657 3197 1754 3250 dc-
1783 3200 1826 3256 C
1857 3204 1913 3250 et
1960 3195 2379 3249 convenientem
2435 3197 2698 3249 lllliOllClll
2747 3195 2964 3250 illarum
3027 3213 3318 3265 aquarum,
3370 3205 3428 3250 et

1860 3287 2054 3342 harum
2100 3287 2386 3357 gentilium
2439 3303 2727 3357 aquarum.
2763 3287 3001 3357 Spiritus
3026 3289 3119 3358 qui
3147 3288 3428 3343 ferebatur

1859 3395 2024 3450 super
2061 3395 2281 3450 aquam,
2313 3389 2445 3434 tunc
2483 3383 2598 3449 ipse
2628 3381 2846 3450 spirans
2873 3396 2966 3435 eas
3000 3380 3182 3450 coegit
3207 3391 3266 3435 et
3286 3380 3431 3435 uniit

1859 3473 1914 3526 in
1951 3488 2116 3526 unam
2146 3473 2622 3542 congregationem
2651 3489 2664 3524 :
2705 3480 2762 3526 et
2791 3471 2884 3527 hic
2913 3471 3031 3542 ipse
3061 3471 3301 3542 Spiritus
3333 3472 3428 3526 ad-

1857 3564 2086 3619 veniens
2133 3572 2190 3619 et
2233 3565 2472 3634 Spirans,
2513 3564 2645 3618 fecit
2691 3563 2938 3633 gentium
2985 3563 3265 3618 unionem.
3312 3564 3429 3618 lllic

1859 3657 2123 3724 scriptum
2169 3664 2255 3709 est
2292 3672 2307 3708 :
2368 3655 2598 3725 Spiritus
2641 3655 2880 3710 insedit:
2925 3662 2982 3710 ct
3028 3654 3120 3710 hic
3162 3656 3428 3725 scriptum

1856 3756 1940 3802 est
1961 3767 1975 3802 ε
1999 3747 2147 3803 Sedit
2177 3765 2335 3819 super
2375 3764 2802 3817 unumquemque
2838 3749 3074 3818 ipsorum
3097 3747 3325 3818 Spiritus
3358 3748 3426 3803 ⁸⁸.

1859 3841 1917 3894 ln
1949 3841 2042 3894 illo
2084 3840 2264 3910 primo
2293 3840 2401 3906 die,
2455 3841 2632 3910 ignem
2683 3841 2828 3895 Deus
2855 3840 2984 3895 fecit
3015 3851 3112 3895 :et
3146 3842 3200 3894 in
3235 3840 3426 3894 eodem

1859 3933 2039 4002 primo
2089 3933 2179 3986 die
2229 3933 2514 3987 Dominico
2548 3933 2603 3985 in
2633 3933 2834 4001 linguis
2879 3932 3053 4003 igneis
3098 3933 3318 3986 advenit
3345 3933 3430 3986 lu-

1860 4039 1986 4077 men
2012 4023 2250 4092 Spiritus
2276 4023 2471 4077 sancti.
2511 4024 2630 4076 Illic
2678 4023 2944 4092 scriptum
2972 4032 3059 4078 est
3096 4041 3108 4075 :
3152 4021 3323 4076 Tertio
3346 4024 3429 4075 die

1859 4123 2176 4185 congregata
2208 4123 2284 4168 est
2313 4131 2453 4184 aqua
2484 4130 2501 4166 :
2532 4114 2622 4167 hic
2643 4114 2975 4183 congregatis
3011 4129 3074 4166 ea:
3100 4115 3245 4167 omni
3276 4125 3428 4183 gente

1861 4224 1979 4278 qua:
2001 4216 2074 4261 est
2105 4208 2198 4260 sub
2229 4207 2356 4261 ctylo
2388 4209 2729 4262 unanimiter.
2762 4206 2964 4261 Omnes
2988 4221 3141 4276 aqua:
3172 4207 3426 4277 gentiles,

1862 4301 2071 4365 Part/ti,
2123 4300 2281 4365 Medi,
2325 4310 2374 4353 et
2428 4299 2698 4363 Efamitw,
2750 4308 2799 4352 et
2856 4303 2948 4368 qui
3000 4299 3312 4352 habitabant
3372 4301 3425 4353 in

1862 4392 2260 4461 MesOpotamia,
2296 4390 2584 4460 Judwaque
2636 4399 2685 4443 et
2721 4389 3081 4460 Cappadocia,
3142 4390 3334 4455 Ponto,
3378 4401 3428 4444 et

1863 4485 2009 4546 Asia,
2051 4483 2282 4554 Phrygia
2303 4491 2351 4538 et
2379 4483 2717 4552 Pamphylia,
2747 4484 3076 4553 Egyptoque
3098 4492 3148 4536 et
3190 4485 3427 4553 partibus

1864 4577 2038 4648 Libya:
2058 4592 2174 4644 qua:
2210 4586 2285 4628 est
2329 4579 2465 4630 circa
2491 4574 2774 4646 Cyrenam,
2800 4577 3044 4641 Romani,
3074 4586 3123 4630 et
3149 4577 3344 4640 Judtei,
3377 4587 3428 4630 et

1866 4669 2146 4739 Proselyti,
2213 4669 2389 4723 Cretes
2417 4678 2465 4721 et
2501 4669 2700 4723 Arabes
2744 4671 2811 4722 ⁸⁵.
2852 4669 2956 4734 Qui
2978 4669 3204 4739 quidem
3238 4685 3430 4724 omnes

1863 4779 1985 4819 cum
2032 4762 2339 4818 audiissent
2398 4779 2588 4818 vocem
2636 4779 2756 4833 quae
2808 4764 2948 4818 facta
3000 4772 3086 4819 est
3143 4781 3209 4819 es
3264 4766 3424 4829 cmlo,

1866 4864 2129 4921 tanquam
2173 4869 2436 4923 aquarum
2470 4871 2482 4906 :
2513 4861 2624 4907 tota
2655 4853 2972 4917 multitudo,
3013 4853 3176 4907 simul
3204 4852 3428 4906 fuerunt

1865 4946 2174 5016 congregati
2202 4947 2255 4999 in
2277 4947 2442 4999 domo
2468 4945 2561 4999 ubi
2585 4953 2742 4998 erant
2764 4944 3020 5013 apostoli.
3050 4944 3239 5012 Papzel
3263 4959 3425 5010 quam

1866 5047 1993 5092 sunt
2041 5038 2123 5091 ha:
2162 5053 2250 5092 res
2294 5037 2474 5093 novae!
2509 5036 2655 5090 Nihil
2711 5035 2880 5090 refert
2910 5051 2977 5088 an
3021 5034 3236 5088 dicatur
3279 5034 3425 5103 quod

1864 5137 2193 5197 congregata
2238 5135 2293 5180 ct
2331 5127 2556 5180 confusa
2605 5125 2709 5179 fuit
2746 5135 2854 5179 tota
2896 5126 2985 5179 illa
3037 5125 3337 5180 multitudo
3371 5127 3425 5180 in

1866 5217 2030 5270 domo
2049 5216 2442 5285 apostolorum.
2465 5216 2631 5286 368
2655 5215 2793 5268 illud
2815 5215 2964 5268 enim
2997 5232 3010 5268 :
3038 5213 3267 5283 Confusa
3294 5213 3427 5282 fuit:

192 5313 478 5370 adoranda
509 5313 649 5385 ligna
679 5332 693 5368 :
729 5323 787 5369 et
833 5316 939 5369 iste
988 5314 1221 5369 docebat
1269 5314 1478 5384 ligneas
1511 5313 1765 5369 fabricari
1860 5309 2016 5363 valde
2035 5308 2293 5362 convenit
2319 5317 2378 5362 ut
2408 5318 2532 5377 apte
2551 5316 2606 5360 et
2625 5306 2889 5361 decenter
2915 5305 3136 5361 dicatur
3155 5305 3223 5360 de
3245 5307 3423 5375 aquis.

193 5418 431 5473 statuas,
469 5415 529 5462 et
573 5408 663 5462 hic
708 5406 887 5477 ignem
943 5407 1204 5471 adorare;
1238 5405 1382 5461 alius
1410 5403 1664 5459 initiabat
1712 5405 1764 5458 in
1865 5399 2098 5452 Ratione
2125 5399 2273 5452 enim
2305 5397 2557 5467 praeditis
2587 5404 2717 5451 tunc
2743 5397 2905 5466 aquis
2927 5406 2984 5451 et
3008 5396 3211 5451 Christi
3243 5397 3424 5466 pisca-

196 5500 480 5568 mysteriis
529 5499 775 5554 libidinis
807 5508 864 5553 et
890 5498 1345 5568 intemperantia.

1863 5494 2107 5551 toribus,
2158 5501 2382 5560 propter
2431 5506 2591 5544 unam
2634 5489 3080 5559 praedicationem
3120 5489 3426 5542 communis

258 5563 364 5647 ’113
401 5601 531 5647 sunt
573 5592 763 5661 primte
804 5600 860 5644 et
899 5563 1115 5644 steriles
1159 5597 1215 5642 et
1253 5604 1368 5644 non
1397 5587 1666 5658 potabiles
1714 5597 1769 5641 et
1865 5586 1997 5638 vita.

203 5685 503 5740 mortifera:
538 5699 695 5754 aqua:
722 5684 874 5737 orbis
903 5694 1174 5738 terrarum
1231 5687 1440 5735 stantes
1478 5682 1533 5734 in
1580 5682 1768 5734 multis

273 5798 319 5826 "
358 5799 560 5853 llabac.
613 5817 790 5858 sunt.
831 5802 910 5861 ll),
1010 5804 1052 5831 τ¹⁰
1097 5803 1233 5858 l‘sal.
1283 5820 1466 5866 xxvnt.
1495 5805 1545 5858 5.

203 5872 250 5902 "
299 5873 418 5924 Act.
458 5887 514 5933 ιι,
549 5870 601 5923 5.
677 5871 723 5901 "
747 5871 880 5926 ibid.
913 5873 1059 5928 9-H.

1661 5805 1700 5834 "
1738 5802 1866 5857 Luc.
1903 5818 2011 5863 xm.
2063 5801 2149 5853 55.

1934 5679 2152 5730 Christo
2195 5693 2328 5748 ergo
2366 5677 2597 5729 Domino
2652 5675 2807 5729 valde
2867 5674 3125 5728 convenit
3177 5670 3361 5725 dicere
3409 5689 3418 5723 .'

2247 5799 2290 5831 "
2324 5800 2476 5854 Rom.
2520 5813 2611 5860 ιιι.
2653 5799 2744 5853 25.
2821 5796 2868 5828 ’³
2902 5795 3061 5851 Joan.
3103 5809 3158 5856 ιι,
3200 5792 3224 5846 1
3265 5805 3420 5861 seqq.
