4200 6440
802 432 906 489 883

1951 431 2008 487 S.
2055 432 2440 491 ANAS’I’ASII
2484 436 2804 494 ΞΙΝΛΙΤΑΞ

3928 424 4034 493 88-:

801 540 1158 608 (ἶοηθνεθείην
1209 556 1348 608 σφω
1397 557 1514 610 9""
1548 551 1622 592 εει
1655 540 1746 592 5""
1795 542 1924 592 (αείο
1959 544 2009 592 ίη
2041 559 2199 594 “nam
2230 563 2351 596 τονι-
2386 552 2426 605 Α
2457 549 2623 601 turiat
2671 546 2944 614 scaturigo
2988 542 3352 613 baptismatis.
3405 543 3676 612 Appareat
3724 539 3901 601 arida,
3936 555 4034 594 au-

803 633 1184 700 gregationem.
1214 629 1566 701 Congregetur
1590 649 1751 700 aqua.
1783 632 2075 700 piscatores
2097 636 2243 687 cnitu
2269 651 2360 704 pa-

802 725 935 778 ravi.
979 726 1324 794 Congregetur
1344 739 1476 792 aqua
1504 738 1522 774 :
1586 723 1782 777 Petrus
1803 724 1970 786 enim,
2002 724 2110 792 jam
2143 741 2360 780 crucem

803 824 1060 884 tanquam
1088 832 1297 870 remum
1334 816 1554 886 intingit
1597 817 1651 870 in
1701 817 1837 870 mari
1891 817 2188 871 mundano.
2222 818 2360 872 Con-

801 918 1041 977 gregetur
1087 927 1250 978 aqua,
1307 920 1492 978 parata
1519 919 1606 963 est
1633 910 1778 962 enim
1805 925 2002 976 sagena
2043 911 2228 965 Verbi.
2256 912 2362 965 Ac-

802 1001 1114 1054 cumulctur
1141 1017 1302 1070 aqua,
1335 1017 1444 1054 non
1483 1011 1663 1071 potest
1696 1003 1842 1054 enim
1890 1002 2061 1071 frangi
2099 1014 2230 1057 rete.
2261 1004 2364 1056 Ac-

802 1091 1007 1147 celeret
1033 1108 1193 1160 aqua,
1227 1092 1428 1146 adsunt
1452 1094 1594 1145 enim
1633 1093 1867 1162 scapha;
1891 1093 2164 1147 Convenit
2199 1109 2360 1162 aqua,

803 1183 1067 1237 festinant
1109 1183 1256 1237 enim
1297 1185 1392 1254 qui
1437 1185 1739 1252 baptizant.
1769 1185 1920 1254 Aqua
1967 1186 2361 1250 sanctificetur,

804 1270 1065 1340 pervenit
1084 1273 1231 1326 enim
1261 1275 1568 1329 Przecursor
1597 1275 1660 1328 ad
1685 1291 1846 1343 quem
1873 1277 2168 1330 currebant
2198 1279 2363 1332 etiam

803 1379 956 1430 aqua:
983 1365 1345 1434 populorum:
1379 1377 1433 1418 et
1466 1366 1997 1432 circumeurrebant,
2030 1370 2175 1438 quod
2205 1371 2274 1423 ab
2301 1387 2367 1425 co

802 1466 1270 1524 congregarentur
1300 1466 1357 1510 et
1393 1459 1892 1512 accumularentur.
1923 1461 2014 1512 Ille
2060 1477 2369 1529 prmcursor

802 1554 1050 1598 veterum
1091 1561 1379 1614 aquarum,
1442 1548 1544 1601 fuit
1588 1551 1752 1602 etiam
1794 1566 2099 1618 pra-cursor
2141 1562 2194 1605 et
2221 1559 2366 1621 'pro-

804 1651 1044 1703 gramma
1083 1637 1250 1707 hujus
1295 1640 1666 1707 pr:ecursoris,
1701 1639 1980 1708 figuraque
2012 1651 2066 1694 et
2105 1642 2366 1697 indicium

803 1742 1069 1794 aquarum
1109 1730 1452 1783 credentium
1507 1739 1563 1783 et
1609 1732 1822 1784 ratione
1874 1733 2250 1801 praeditarum,
2299 1734 2366 1788 ad

802 1818 1082 1871 Christum
1110 1821 1535 1874 accurrentium.
1569 1820 1669 1875 Per
1700 1822 1850 1874 illum
1877 1824 2163 1892 antiquum
2204 1840 2370 1892 aqua-

2464 641 2601 693 ferte
2645 637 2846 690 malum
2907 635 3232 705 operculum
3283 633 3509 703 pudoris
3555 635 3766 686 animre.
3819 633 4034 684 Solvite

2465 729 2848 784 intermediam
2879 727 3090 797 peccati
3117 726 3431 788 maceriem,
3466 741 3585 794 qua-
3613 725 3781 777 Deum
3811 725 3879 777 ab
3915 723 4031 792 ipsa

2462 831 2696 890 separat.
2729 821 3004 889 Appareat
3031 833 3153 886 qua:
3182 825 3319 871 tecta
3354 825 3475 869 erat
3524 833 3627 867 nou
3665 815 3904 881 amplius
3931 829 4035 865 eai-

2463 914 2680 968 cutiens
2731 932 2743 966 :
2787 912 2880 966 sed
2932 909 3206 971 videatur,
3251 909 3509 977 quoniam
3557 910 3704 960 \isus
3753 917 3835 957 est
3887 907 4032 958 Dru.

2465 1006 2692 1059 deorum
2723 1005 2776 1058 in
2823 1004 2974 1057 Sion.
3018 1001 3272 1069 Ilespiret
3308 1001 3375 1052 de
3417 1007 3618 1052 caatero
3669 1007 3724 1050 et
3769 995 4030 1048 ascendat

2465 1115 2530 1152 ex
2583 1098 2855 1168 profundo
2903 1095 3226 1166 ignorantiae
3260 1110 3381 1163 qua:
3411 1091 3514 1146 fuit
3547 1089 3845 1159 aliquando
3877 1087 4033 1141 arida

2467 1193 2733 1253 Ecclesia,
2784 1199 2840 1244 et
2888 1189 3121 1259 accipiat
3167 1187 3352 1240 radios
3383 1185 3622 1241 cmlestis
3665 1185 3827 1240 Sons,
3859 1190 3918 1233 ut
3946 1179 4028 1230 di-

2467 1286 2610 1338 citur
2659 1284 2861 1352 pluvia.
2903 1281 3198 1336 Reveletur
3247 1279 3421 1339 arida,
3469 1276 3725 1346 quoniam
3757 1274 3933 1325 lumen
3967 1271 4036 1324 ad

2469 1376 2840 1430 reuelationem
2871 1375 3098 1444 gentium
3128 1372 3173 1403 "
3207 1370 3448 1431 advenit,
3487 1378 3541 1422 et
3573 1378 3785 1435 tempus
3831 1374 3918 1418 est
3965 1363 4035 1416 de

2468 1479 2668 1522 caetero
2726 1477 2787 1521 ut
2849 1467 2963 1536 ipsa
3005 1473 3170 1520 exuat
3221 1473 3275 1518 et
3321 1463 3559 1531 deponat
3606 1459 3861 1513 tenebras
3913 1471 4036 1525 quae

2470 1571 2598 1614 sunt
2647 1561 2725 1614 illi
2755 1558 3040 1628 impositae,
3086 1567 3145 1611 ut
3170 1573 3263 1610 eas
3306 1556 3409 1609 sibi
3443 1555 3640 1608 habeat
3675 1553 3954 1620 subjectas
3979 1561 4037 1603 et

2468 1652 2818 1704 eoneulcatas
2849 1658 2903 1702 et
2931 1648 3030 1702 sub
3069 1663 3128 1700 se
3174 1646 3526 1700 transmissas
3557 1643 3624 1696 ad
3667 1643 3948 1712 abyssum,
3980 1651 4036 1692 et

2469 1743 2657 1795 audiat
2699 1761 2711 1794 :
2770 1741 2903 1794 Ecce
2947 1741 3062 1792 dedi
3104 1739 3193 1791 tibi
3240 1747 3546 1807 potestatem
3592 1734 3832 1787 calcandi
3880 1746 4037 1800 super

2475 1835 2710 1886 tenebras
2733 1835 2776 1864 ⁹⁷
2804 1849 2924 1903 qua:
2949 1830 3240 1901 aliquando
3271 1840 3429 1884 erant
3477 1844 3639 1895 supra
3684 1837 3734 1880 te
3766 1825 3958 1894 positte
3982 1833 4036 1875 et

807 1925 928 1962 "1m
959 1925 1355 1977 Ρηῐδουνδοτθηι
1390 1913 1673 1965 consum“
1709 1925 1836 1966 ευηῑ
1869 1915 2046 1968 “mles
2081 1931 2366 1983 aquarum.
2401 1905 2443 1958 Β
2473 1925 2570 1979 tibi
2602 1923 2860 1985 adversm,
2902 1937 3043 1975 nunc
3067 1933 3249 1974 autem
3287 1930 3416 1974 sunt
3444 1919 3720 1988 subjeetze.
3752 1917 3886 1969 Nam
3923 1913 4033 1966 vim

803 2009 858 2054 et
888 2001 1125 2054 revelata
1157 2011 1285 2056 sunt
1309 2002 1657 2056 fundamenta
1683 2004 1833 2058 orbis
1859 2014 2017 2059 terra:
2055 2025 2067 2057 :
2104 2022 2202 2075 per
2224 2007 2370 2061 hunc

805 2108 1204 2160 praecursorem
1255 2111 1516 2163 aquarum
1564 2097 1869 2162 gentilium,
1908 2097 2118 2151 firmata
2157 2105 2285 2151 sunt
2316 2107 2371 2153 et

804 2195 988 2240 creata
1030 2187 1383 2240 fundamenta
1421 2188 1680 2242 Ecclesiae
1728 2191 1883 2243 orbis
1919 2201 2209 2244 terrarum.

875 2279 984 2332 Illa:
1028 2295 1181 2346 aqua:
1232 2289 1499 2333 currentes
1545 2282 1860 2334 revelaruut
1926 2297 2024 2350 per
2073 2283 2369 2336 vehemen-

809 2379 914 2423 tem
945 2385 1164 2423 cursum
1192 2387 1385 2426 omnes
1407 2382 1620 2426 montes
1638 2374 1728 2440 qui
1763 2373 1914 2442 prius
1954 2375 2084 2428 tecti
2115 2374 2366 2428 luerunt:

807 2461 1292 2532 prmsignificantes
1323 2465 1723 2517 Prmcursorem
1767 2464 2031 2532 gentium,
2064 2466 2372 2520 rcvelantcs

807 2563 864 2608 et
902 2555 1256 2609 ostendentes
1298 2565 1514 2610 montes
1563 2556 1767 2609 Christi
1817 2557 2204 2621 Ecclesiarum,
2250 2574 2372 2627 qua:

809 2648 963 2715 prius
1013 2646 1336 2717 tegebantur
1360 2656 1418 2701 et
1447 2648 1856 2702 sulfocabantur
1879 2664 1908 2703 a
1937 2651 2200 2704 tenebris.
2227 2656 2367 2707 Ante

809 2738 961 2791 illmn
1006 2755 1404 2807 pnecursorem
1451 2757 1739 2808 aquarum,
1785 2751 1935 2810 petra
1970 2758 2136 2813 super
2170 2753 2369 2798 terram

813 2848 920 2885 non
975 2833 1409 2901 cognoscebatur
1451 2851 1463 2884 :
1508 2843 1564 2885 et
1596 2844 1721 2887 ante
1753 2834 2151 2888 PaL-cursorem
2208 2852 2372 2904 aqua-

811 2939 931 2976 rum
987 2924 1298 2993 gentilium,
1349 2925 1633 2979 Christum
1684 2925 1897 2979 Petram
1958 2942 2065 2979 non
2120 2929 2373 2997 cognovi-

811 3030 954 3068 ιιιιιε.

879 3103 988 3158 Illae
1020 3120 1174 3174 aqua:
1203 3113 1544 3176 congregatae
1585 3114 1742 3159 terra:
1764 3105 1939 3159 lucem
1964 3107 2326 3161 ostenderunt
2357 3127 2369 3160 :

2471 2031 2640 2086 passae
2677 2014 2935 2068 Ecclesia:
2960 2021 3016 2066 et
3058 2028 3177 2082 qua:
3207 2012 3489 2065 submersa
3539 2017 3657 2061 erat
3705 2019 3759 2061 et
3798 2005 3902 2059 sub
3936 2020 4031 2073 pe-

2469 2107 2652 2169 dibus,
2681 2105 2962 2175 subjiciam
2985 2115 3040 2158 et
3072 2119 3266 2158 omnes
3302 2118 3472 2171 aquas
3503 2110 3790 2154 terrestres
3827 2108 3885 2150 et
3918 2111 4031 2149 cm-

2470 2198 2636 2252 lcstcs
2666 2215 2678 2249 :
2713 2199 3038 2251 exsiccatam
3085 2204 3336 2248 naturam
3369 2204 3424 2247 et
3457 2207 3675 2246 carnem
3709 2188 3950 2242 hominis
3981 2187 4036 2240 in

2468 2288 2931 2343 exterminatione
2960 2296 3015 2340 et
3049 2284 3356 2355 privatione
3383 2284 3549 2336 fontis
3583 2283 3707 2334 vita:
3739 2277 3980 2347 paradisi
4018 2293 4031 2326 :

2467 2397 2588 2436 eam
2641 2380 2877 2434 efferens
2925 2394 3087 2448 super
3129 2391 3345 2431 omnem
3392 2376 3755 2445 principatum
3803 2380 3860 2424 et
3912 2385 4031 2421 om-

2469 2490 2592 2527 nem
2621 2481 2966 2541 potestatem,
3003 2470 3058 2524 in
3091 2471 3290 2524 throno
3311 2468 3630 2523 Cherubino
3659 2467 3709 2518 ei
3735 2462 4038 2518 ostendens

2472 2567 2566 2619 Dei
2619 2565 2812 2618 faciem
2866 2563 2956 2631 qui
3003 2571 3231 2630 propter
3285 2561 3456 2629 ipsam
3510 2556 3731 2609 advenit
3779 2552 4035 2608 Christus

2471 2659 2639 2714 Deus,
2690 2657 2818 2726 quia
2853 2653 3028 2707 dicit:
3075 2652 3434 2721 Congregetur
3479 2663 3618 2716 aqua
3670 2661 3787 2715 qua:
3827 2654 3902 2697 est
3941 2642 4036 2696 sub

2471 2745 2596 2800 ario
2642 2747 2696 2797 in
2737 2745 3184 2813 congregationem
3217 2758 3379 2794 unam
3419 2746 3721 2808 :appareat
3759 2736 3935 2796 arida,
3975 2743 4035 2786 ut

2472 2847 2597 2891 ante
2627 2837 2825 2890 ccelum
2857 2843 3088 2887 ornetur
3119 2833 3295 2886 arida.
3319 2832 3552 2899 Propter
3583 2845 3702 2882 eam
3725 2829 3874 2881 enim
3904 2827 4036 2879 exiit

2475 2931 2521 2984 is
2566 2931 2660 2999 qui
2698 2931 2951 2987 seminat,
2996 2926 3063 2979 ad
3113 2924 3494 2979 seminandum
3523 2931 3578 2975 et
3615 2919 3956 2990 irrigandum
3981 2927 4035 2968 et

2473 3022 2777 3076 ornandum
2803 3019 3029 3073 aridam.
3052 3018 3248 3072 Semen
3268 3016 3414 3069 enim
3439 3025 3522 3068 est
3544 3023 3812 3083 paratum,
3839 3025 4036 3077 nempe

2473 3114 2828 3182 Evangelium
2858 3130 2868 3162 :
2904 3119 3189 3180 promptus
3235 3116 3291 3162 et
3340 3107 3537 3161 alacris
3581 3114 3664 3159 est
3707 3103 4030 3158 seminator,

810 3205 868 3250 et
911 3197 965 3249 in
1014 3211 1287 3252 concursu
1329 3212 1594 3266 aquarum
1634 3198 1920 3265 gentilium
1969 3207 2124 3252 ortus
2157 3209 2241 3253 est
2293 3201 2372 3253 sol
2401 3238 2446 3296 ο
2479 3219 2671 3273 nempe
2701 3203 2989 3256 Christus:
3023 3200 3255 3269 operarii
3292 3207 3421 3253 sunt
3453 3196 3649 3266 parati.
3689 3209 3888 3261 nempe
3913 3207 4038 3260 apo-

813 3287 1058 3356 iustitiaa.
1106 3287 1246 3342 Ante
1275 3288 1428 3341 illum
1459 3304 1856 3357 pnecursorcm
1895 3305 2184 3358 aquarum,
2222 3291 2377 3344 volu-

813 3381 1010 3434 crisin
1059 3388 1206 3434 terra
1253 3395 1363 3434 non
1401 3381 1689 3443 habitavit,
1727 3391 1781 3435 ct
1830 3389 1954 3434 ante
1999 3383 2377 3451 congregatio—

813 3488 940 3525 nem
991 3487 1188 3525 cursus
1213 3472 1482 3541 gentium,
1515 3470 1755 3539 Spiritus
1790 3472 1960 3524 sancti
1991 3471 2241 3526 columba
2269 3487 2378 3524 non

755 3608 760 3617 .
817 3562 1088 3616 habitavit
1121 3563 1178 3617 in
1209 3562 1393 3616 nobis.
1447 3562 1587 3617 Ante
1622 3563 1767 3616 illam
1819 3579 1974 3631 aqua:
2001 3563 2379 3632 congregatio-

816 3672 964 3716 nem,
995 3665 1140 3709 lerra
1172 3654 1324 3708 nullo
1350 3655 1513 3708 modo
1533 3654 1772 3708 fructum
1800 3655 2079 3718 ostendit;
2105 3654 2380 3723 quomodo

817 3760 919 3798 nec
947 3753 1073 3798 ante
1096 3745 1578 3814 congregationem
1605 3744 1813 3798 Christi
1847 3745 2102 3800 Ecclesia:
2136 3744 2376 3798 fructum

817 3837 1062 3907 possedit
1083 3837 1322 3890 humana
1348 3845 1566 3897 natura,
1595 3852 1790 3905 nempe
1825 3837 2078 3890 virtutes.
2113 3837 2216 3890 Per
2244 3852 2378 3890 con-

819 3929 1189 3998 gregationem
1235 3929 1426 3998 prima:
1461 3943 1632 3997 aqum,
1664 3943 1861 3996 panem
1896 3928 2062 3980 homo
2089 3929 2327 3982 comedit
2364 3947 2376 3980 :

818 4031 875 4074 et
911 4023 964 4074 in
1007 4021 1432 4091 congregatione
1465 4029 1672 4083 nostra,
1721 4035 1918 4089 nempe
1962 4021 2227 4090 gentium,
2272 4037 2384 4074 cm-

821 4114 974 4169 lestis
1020 4115 1178 4169 cibus
1227 4116 1282 4169 in
1332 4115 1516 4169 cibum
1566 4114 1838 4183 apparuit,
1875 4123 1930 4166 et
1977 4115 2215 4167 caelestia
2269 4115 2382 4168 haec

820 4207 1002 4261 omnia
1049 4208 1192 4262 bona
1237 4217 1541 4261 nascuntur
1572 4216 1732 4260 terra:
1760 4205 2020 4258 hominis.
2059 4207 2382 4274 Prophetiec

821 4299 958 4352 dixit
991 4300 1132 4354 Deus
1166 4317 1181 4352 :
1216 4299 1571 4370 Congregetur
1602 4311 1736 4364 aqua
1785 4313 1901 4367 qua?
1935 4306 2009 4349 est
2046 4299 2138 4350 sub
2168 4299 2292 4351 uelo
2326 4300 2381 4351 in

823 4393 1277 4461 congregationem
1329 4409 1512 4454 unam,
1564 4402 1613 4445 et
1660 4399 1918 4460 appareat
1971 4393 2143 4445 arida.
2197 4393 2381 4446 Tertio

824 4492 1006 4537 autem
1036 4483 1148 4546 die,
1175 4498 1242 4537 ex
1267 4483 1539 4552 profundo
1572 4484 1781 4553 profert
1805 4491 2008 4537 terram
2040 4485 2203 4546 Deus,
2229 4485 2382 4553 prius

2477 3296 2605 3350 stoli
2631 3313 2642 3343 τ
2683 3307 2953 3347 messores
2985 3292 3167 3360 probi,
3199 3300 3328 3343 sunt
3354 3290 3607 3342 doctores
3641 3307 3650 3336 :
3682 3289 3852 3338 boves
3888 3283 4039 3350 impi-

2478 3388 2582 3457 gri,
2632 3387 2669 3438 ii
2713 3386 2808 3454 qui
2855 3397 3072 3437 crucem
3120 3382 3306 3434 ferunt
3353 3400 3363 3433 :
3429 3381 3614 3448 juguin
3669 3385 3883 3444 aptum,
3933 3389 4036 3426 non

2477 3479 2624 3532 enim
2671 3477 2800 3529 terit
2851 3473 3049 3527 collare
3097 3471 3288 3524 :bcnc
3318 3470 3694 3539 germinarunt
3744 3465 4034 3520 naturalia.

2479 3569 2753 3637 aspiciunt
2796 3565 2936 3619 enim
2988 3565 3126 3617 bene
3159 3572 3426 3616 comatam
3471 3564 3736 3616 virtutum
3790 3556 4036 3611 altitudi-

2478 3677 2624 3716 nem.
2667 3658 2934 3729 Regiones
2957 3657 3223 3727 gentium,
3247 3665 3375 3709 sunt
3397 3655 3532 3708 alba:
3558 3663 3614 3708 et
3641 3668 3792 3722 pune
3822 3652 4034 3704 animm.

2478 3753 2559 3807 Ad
2605 3767 2840 3807 messem
2869 3749 3268 3819 importandam
3315 3750 3422 3802 lata
3453 3755 3538 3799 est
3562 3753 3618 3798 et
3646 3744 3825 3811 ampla
3851 3742 4036 3795 Eccle-

2481 3848 2574 3901 sia:
2608 3861 2732 3900 area
2766 3863 2779 3897 :
2817 3845 2952 3898 bene
2981 3843 3213 3896 laborati
3252 3849 3379 3893 sunt
3423 3839 3586 3900 sulci,
3617 3837 3859 3905 Baptista
3893 3834 4035 3889 enim

2480 3953 2576 3990 eos
2623 3934 2889 4005 proscidit
2928 3949 2942 3985 :
2989 3933 3102 4000 agri
3146 3938 3276 3984 sunt
3315 3928 3559 3997 frugiferi
3595 3945 3607 3979 :
3646 3925 3821 3978 Facite
3868 3926 4036 3980 enim.

2479 4027 2819 4096 inquitipse,
2842 4025 3035 4094 fructus
3069 4023 3250 4092 dignos
3282 4021 3597 4090 paenitentia:
3621 4018 3687 4070 ".
3721 4017 3795 4070 De
3841 4024 4038 4070 cetero

2480 4119 2761 4188 aperiatur
2797 4126 2854 4171 et
2879 4123 3130 4185 appareat
3152 4112 3327 4176 arida,
3364 4119 3425 4165 ut
3449 4118 3724 4180 ponantur
3752 4108 3875 4177 ejus
3907 4109 4030 4160 fun-

2481 4212 2735 4265 damenta
2762 4209 2815 4261 in
2843 4206 3122 4260 montibus
3144 4203 3347 4257 sanctis
3371 4201 3518 4262 fidei,
3551 4215 3673 4270 qua:
3704 4206 4035 4268 putruerant

2480 4319 2510 4356 a
2548 4300 2886 4357 circumﬂuis
2917 4298 3074 4366 aquis
3097 4311 3160 4350 ea
3187 4295 3521 4349 alluentibus
3557 4311 3571 4344 :
3604 4301 3665 4345 ut
3684 4306 3806 4346 eam
3836 4288 4034 4344 conﬁr-

2480 4405 2632 4450 ment
2658 4409 2720 4447 ac
2744 4391 3023 4448 stabiliant
3051 4403 3220 4458 super
3247 4400 3417 4455 aquas
3447 4384 3696 4454 piscinae,
3730 4390 3792 4436 ut
3818 4381 3873 4434 in
3913 4389 4035 4450 gut-

2480 4487 2553 4540 tis
2589 4482 2926 4554 baptismatis
2965 4495 3030 4534 ea
3062 4480 3277 4532 lattetur
3307 4475 3565 4530 exoriens
3603 4489 3726 4543 qua:
3756 4472 3889 4526 olim
3920 4480 4036 4525 erat

824 4581 1012 4640 aperte
1049 4571 1370 4626 describens
1401 4573 1605 4627 Christi
1639 4574 1808 4627 trium
1836 4573 2048 4628 dierum
2083 4574 2152 4628 ab
2185 4574 2376 4630 inferis
2410 4585 2454 4640 ι)
2482 4576 2636 4631 arida
2664 4585 2721 4629 et
2751 4587 2946 4643 expers
2985 4571 3237 4624 humoris
3264 4567 3438 4621 divini
3466 4565 3706 4619 influxus
3749 4581 3762 4616 ;
3799 4573 3862 4617 ut
3889 4563 3943 4616 in
3974 4578 4034 4616 ea

827 4663 1285 4716 resurrectionem
1329 4676 1361 4715 e
1413 4671 1556 4716 terra
1587 4663 1780 4731 genite
1811 4675 2009 4718 nostra:
2054 4673 2280 4728 naturae,
2309 4681 2377 4718 ne

827 4753 1060 4821 amplius
1102 4762 1315 4808 maneat
1347 4753 1520 4808 arida.
1562 4755 1831 4824 Appareat
1865 4765 1920 4809 et
1953 4757 2228 4810 reveletur
2257 4772 2378 4825 qua:

825 4855 944 4898 erat
985 4843 1139 4898 arida
1170 4853 1226 4898 et
1274 4845 1593 4915 infrugifera
1636 4847 1856 4915 gentilis
1899 4848 2161 4910 Ecclesia,
2199 4865 2319 4917 qua:
2349 4865 2378 4902 a

826 4939 937 4991 Deo
984 4937 1278 5007 aliquando
1307 4938 1485 4991 fuerat
1509 4939 1796 5001 absconsa,
1836 4948 1895 4992 ut
1925 4956 2046 5009 qua:
2071 4940 2208 4994 facta
2238 4951 2382 4995 esset

825 5028 972 5080 ntula
1001 5028 1069 5080 ab
1103 5027 1316 5081 insidiis
1347 5029 1571 5083 diaboli.
1617 5029 1887 5098 Appareat
1929 5046 2051 5098 qua:
2081 5039 2200 5084 erat
2226 5032 2379 5086 arida

825 5126 881 5168 et
910 5115 1125 5170 deserta
1167 5126 1224 5170 et
1273 5117 1483 5177 sitiens,
1513 5118 1769 5185 quoniam
1814 5121 1866 5171 in
1923 5120 2144 5173 deserto
2196 5122 2381 5191 erupit

827 5224 990 5277 aqua,
1026 5225 1094 5263 ne
1139 5211 1374 5280 amplius
1427 5220 1646 5264 maneat
1699 5211 1867 5264 arida.
1903 5213 2195 5281 Appareat,
2223 5221 2280 5268 et
2311 5215 2376 5268 ad

828 5304 1032 5357 fontem
1051 5303 1175 5356 vita:
1193 5304 1506 5372 veniatque
1518 5303 1619 5357 fuit
1641 5305 1770 5358 olim
1782 5305 2000 5373 gentilis
2019 5304 2376 5368 Samaritana,

830 5393 1011 5447 ferens
1038 5393 1284 5462 hydriam
1315 5394 1509 5446 anima:
1537 5393 1601 5444 ad
1643 5402 1865 5461 puteum
1895 5394 2183 5446 viventem.
2220 5393 2386 5447 Sedet

831 5485 976 5536 enim
1022 5484 1276 5538 Christus
1307 5501 1426 5538 eam
1476 5494 1820 5552 exspectans.
1848 5484 2118 5553 Appareat
2151 5484 2307 5537 arida
2329 5495 2385 5538 et

833 5590 950 5642 qure
973 5575 1242 5644 profluvio
1262 5577 1397 5629 male
1423 5577 1708 5630 laborabat
1736 5577 2016 5644 sanguinis
2041 5576 2381 5641 idololatrizn,

836 5673 897 5719 ut
916 5668 1215 5722 exsiccetur
1245 5667 1421 5721 fluxus
1447 5667 1726 5735 sanguinis
1746 5668 1838 5736 qui
1883 5668 2158 5729 currebat,
2187 5677 2244 5721 et
2269 5683 2383 5722 sca-

907 5845 952 5873 ”
993 5843 1120 5897 Luc.
1158 5861 1212 5905 ιι,
1261 5845 1347 5898 5:1.
1425 5847 1464 5873 "
1514 5843 1643 5898 Luc.
1704 5859 1752 5907 ι,
1811 5844 1888 5895 11).

1967 5841 2008 5864 “
2054 5842 2239 5895 .‘llatth.
2296 5859 2368 5905 ιιι,
2419 5843 2469 5897 ὃ.

2477 4675 2818 4728 constructa,
2864 4662 3135 4718 exsultent
3173 4659 3394 4730 quidem
3456 4664 3672 4710 montes
3722 4653 4032 4724 regionum,

2481 4758 2853 4815 multitudinis
2885 4765 3064 4810 autem
3094 4753 3260 4806 colles
3307 4750 3562 4804 exsiliant
3591 4765 3604 4800 :
3637 4749 3895 4801 lzetentur
3944 4759 4036 4798 au-

2479 4859 2590 4903 tem
2617 4862 2809 4917 greges
2843 4845 3185 4916 populorum.
3231 4839 3426 4911 Fugiat
3455 4849 3636 4893 autem
3667 4853 3818 4890 mare
3847 4835 4038 4889 adver-

2483 4938 2761 4992 sariorum
2795 4954 2809 4989 :
2838 4949 3032 5003 nempe
3079 4931 3329 5001 improba
3375 4939 3431 4984 et
3482 4929 3617 4983 falsa
3662 4926 4034 4981 incredulitas.

2481 5029 2736 5084 Jordanis
2765 5037 2942 5083 autem
2970 5024 3315 5095 baptismatis
3345 5023 3608 5093 gentium,
3643 5027 3929 5073 convertat
3961 5035 4039 5070 re-

2485 5132 2720 5176 trorsum
2771 5136 2869 5175 eos
2896 5117 2990 5187 qui
3025 5118 3201 5186 ipsutn
3245 5115 3462 5184 fugiunt
3490 5121 3546 5166 et
3569 5111 3898 5180 baptismum
3934 5123 4036 5160 non

2484 5211 2808 5279 suscipiunt.
2857 5208 3008 5264 Unde
3043 5206 3111 5260 de
3155 5205 3268 5259 Deo
3297 5203 3432 5257 dicit
3454 5202 3722 5270 Propheta
3767 5216 3780 5250 :
3828 5199 4034 5251 Balarna

2485 5304 2651 5356 maris
2683 5319 2802 5371 qua:
2826 5299 3096 5354 conturbat
3144 5313 3296 5350 sonos
3329 5283 3584 5365 ﬂuctuum
3611 5293 3745 5362 ejus,
3785 5291 3902 5359 quis
3927 5306 4036 5342 sus-

2481 5395 2657 5446 tinebit
2702 5394 2784 5445 '9?
2826 5391 2924 5446 Sed
2958 5402 3014 5442 tu
3048 5389 3336 5442 dominaris
3369 5385 3614 5455 potestati
3664 5384 3849 5443 maris,
3888 5396 4035 5434 sonos

2479 5489 2730 5554 ﬂuctuum
2756 5485 2862 5553 ejus
2885 5485 2998 5552 quis
3017 5479 3331 5534 sustinebit?
3361 5476 3549 5531 Solum
3579 5483 3756 5528 autem
3783 5475 4035 5542 ﬂuctuant

2481 5580 2594 5646 ejus
2629 5589 2685 5630 tu
2723 5579 2929 5645 mitigas
2961 5577 3000 5627 ¹.
3045 5575 3121 5627 Te
3148 5573 3294 5626 enim
3330 5569 3685 5638 praefigurans
3711 5567 3883 5620 Jonas
3917 5579 4033 5635 pro-

2483 5671 2666 5737 pheta,
2717 5669 2934 5737 quando
2997 5666 3272 5735 projectus
3314 5661 3421 5716 fuit
3471 5660 3524 5713 in
3609 5674 3794 5723 mare,
3856 5654 4034 5710 effecit

2549 5843 2589 5863 "
2632 5841 2772 5894 l’sal.
2811 5854 2951 5901 μιν,
2995 5836 3044 5890 8.
3127 5837 3138 5866 ⁹
3181 5836 3323 5891 l‘sal.
3360 5847 3614 5889 Lxxxvtn.
3653 5831 3703 5885 9.
