4200 6440
196 390 299 451 885

1278 393 1357 452 IN
1396 393 1945 456 ΗΕΧΛΕΜΕΙίΟΝ.
1966 420 2035 431 -
2058 397 2203 457 LIB.
2244 397 2357 456 III.

3323 399 3431 463 886

195 497 655 566 tranquillitatem
689 499 848 553 unda:
882 516 1003 569 qua:
1037 508 1268 556 mortem
1313 505 1592 566 attulerat,
1626 519 1764 573 quo-
1795 512 1837 565 Α
1867 514 2084 573 quarto,
2106 505 2317 561 aridam
2346 506 2635 560 nominans
2660 504 3167 568 hominem,dicens
3186 504 3255 560 de
3281 507 3426 563 Deo:

192 587 359 640 modo
381 596 464 651 tu,
491 588 815 644 idololatriae
850 593 1019 646 totius
1042 591 1231 647 mundi
1256 596 1453 650 marini
1486 597 1761 651 interitus.

195 676 373 729 Tuam
402 678 551 733 enim
590 691 823 735 mortem
874 681 1139 753 eﬂiugens
1185 693 1241 738 et
1278 690 1763 749 resurrectionem,

196 768 429 820 dormiit
479 771 533 823 in
580 773 706 825 navi
740 774 883 827 sicut
912 782 969 827 tu
1017 776 1072 828 in
1111 777 1259 845 ligno
1290 779 1471 833 erucis
1512 798 1526 834 :
1565 788 1769 849 etpost

198 874 456 912 somnum
490 864 767 931 projectus
804 865 907 919 fuit
942 866 995 919 in
1028 868 1378 937 profundam,
1421 878 1677 940 tanquam
1716 872 1766 925 in

195 950 378 1004 lacum
414 954 827 1021 proFundissiuli
885 958 1083 1014 inferni
1136 969 1193 1014 et
1234 963 1468 1031 sepulcri
1517 964 1764 1017 balaena}:

194 1050 251 1094 et
303 1046 539 1098 salutem
584 1049 939 1117 pncfigurans
992 1052 1059 1106 iis
1100 1054 1195 1121 qui
1242 1054 1403 1109 simul
1440 1055 1771 1123 navigabant

196 1132 251 1184 in
283 1134 410 1187 navi
436 1135 711 1201 Ecclesim,
736 1139 960 1196 donavit
983 1144 1107 1196 navi
1141 1154 1200 1198 ut
1237 1156 1513 1200 cessarent
1552 1147 1764 1200 lluctus.

196 1225 237 1277 Τ
247 1242 278 1278 ιι
313 1227 466 1282 enim
509 1246 569 1283 es
616 1232 710 1298 qui
738 1232 900 1301 jubes
928 1244 984 1289 et
1019 1234 1159 1289 dicis
1192 1252 1206 1289 :
1246 1237 1601 1307 Congregetur
1630 1255 1768 1304 aqua

195 1337 312 1387 qua?
340 1330 419 1373 est
449 1323 543 1374 sub
567 1322 691 1375 εωιο
718 1327 771 1376 in
809 1328 1263 1395 congregationem
1289 1345 1472 1391 unum,
1504 1339 1552 1379 et
1576 1328 1769 1397 [actum

194 1420 270 1463 est
319 1413 400 1464 ita
428 1429 446 1466 :
482 1422 531 1466 et
590 1426 908 1484 congregata
940 1426 1012 1468 est
1044 1434 1183 1486 aqua
1222 1434 1338 1486 qua:
1364 1428 1477 1470 erat
1515 1418 1608 1471 sub
1646 1417 1770 1470 cwlo

194 1503 251 1554 in
286 1507 725 1574 congregationcs
771 1523 915 1560 suas.
958 1507 1099 1562 Ecce
1144 1525 1252 1561 non
1289 1510 1494 1562 factum
1523 1517 1607 1562 est
1638 1524 1770 1561 con-

196 1594 501 1648 venienter
563 1597 758 1650 littera:
808 1616 822 1649 :
872 1614 1047 1667 neque
1106 1608 1432 1669 congregata
1489 1610 1573 1654 est
1633 1617 1772 1668 aqua

197 1702 321 1754 qua:
373 1695 459 1740 est
493 1687 595 1740 sub
623 1688 784 1751 ccelo,
820 1688 873 1742 in
907 1690 1382 1759 congregationem
1428 1707 1587 1743 unam
1627 1709 1640 1744 :
1677 1689 1771 1744 sed

199 1779 390 1831 multa:
438 1794 594 1846 aqua:
640 1790 769 1834 sunt
811 1790 1146 1850 congregatae
1192 1782 1245 1834 in
1294 1799 1420 1847 suas
1477 1798 1773 1854 congrega-

201 1870 405 1924 tiones.

270 1961 342 2015 Et
366 1965 564 2016 vocavit
591 1964 727 2018 Deus
759 1966 989 2028 aridam,
1015 1974 1213 2019 terram
1235 1984 1252 2020 :
1278 1975 1326 2019 et
1352 1971 1771 2037 congregationcs

202 2072 473 2123 aquarum
519 2060 715 2110 vocarit
762 2060 952 2112 muria.
982 2059 1124 2123 Quid
1184 2060 1319 2112 mihi
1367 2060 1433 2112 ad
1468 2061 1581 2114 haec
1608 2061 1769 2126 dicis,

202 2166 235 2198 o
267 2148 544 2204 llebncc?
581 2152 715 2205 Nam
742 2153 885 2221 quod
917 2155 1117 2207 attinet
1147 2154 1213 2206 ad
1238 2154 1543 2218 historiam,
1580 2167 1772 2210 contra

205 2240 412 2294 factum
451 2254 537 2295 est
563 2259 724 2311 quam
750 2246 915 2314 jussit
944 2246 1108 2299 Deus.
1134 2246 1375 2299 Primum
1405 2248 1629 2316 quidem
1656 2257 1773 2302 erat

205 2348 312 2386 una
334 2335 710 2403 congregatio,
741 2352 907 2389 unum
934 2352 1105 2399 mare,
1136 2353 1302 2391 unum
1330 2338 1574 2407 pelagus,
1603 2354 1771 2392 unum

202 2425 569 2494 profundum,
621 2442 727 2479 una
778 2443 916 2495 aqua
949 2444 962 2479 :
993 2426 1154 2480 simul
1196 2436 1307 2481 tota
1338 2443 1479 2494 aqua
1508 2443 1628 2495 qua:
1654 2435 1773 2480 erat

201 2518 307 2572 sub
353 2518 533 2583 caelis,
578 2518 882 2581 individua,
935 2520 1107 2582 unita,
1156 2518 1495 2573 insecabilis.
1541 2519 1773 2584 Quando

199 2618 389 2663 autem
425 2600 566 2663 dixit
601 2611 744 2664 Deus
777 2629 790 2663 :
830 2610 1182 2681 Congregetur
1231 2628 1371 2681 aqua
1406 2612 1461 2664 in
1489 2626 1774 2680 congrega-

200 2704 400 2756 tionem
434 2719 599 2756 unam
627 2720 644 2755 :
678 2704 853 2757 divisa
877 2704 1048 2773 magis
1077 2703 1180 2756 fuit
1207 2719 1346 2772 aqua
1375 2720 1495 2773 qua:
1527 2713 1649 2757 crat
1670 2703 1772 2757 sub

197 2794 367 2857 C(BIO,
419 2794 476 2847 in
512 2794 713 2849 multas
757 2811 927 2863 aquas
958 2812 972 2848 :
1007 2803 1263 2864 tanquam
1290 2797 1335 2849 si
1368 2797 1481 2864 jam
1509 2795 1768 2849 dixisset:

201 2886 389 2940 Multae
407 2886 521 2940 sint
549 2889 854 2955 congeries,
882 2888 1064 2941 multa:
1092 2888 1562 2957 congregationcs.
1604 2887 1771 2953 multa

198 2976 367 3029 mari:
411 2993 425 3029 :
471 2976 615 3031 sicut
664 2986 893 3031 testatur
946 2978 1060 3046 ipsa
1095 2978 1264 3031 dictio
1294 2978 1613 3047 Scriptum,
1652 2995 1773 3048 qua:

199 3067 285 3123 sic
326 3065 503 3121 habet
574 3084 587 3119 :
636 3066 965 3138 Congregala
1033 3069 1131 3137 fuit
1197 3086 1337 3138 aqua
1389 3087 1506 3139 qum
1552 3081 1627 3123 est
1680 3072 1773 3124 sub

1863 596 2034 662 Ipsius
2080 606 2156 650 est
2185 612 2354 660 mare,
2386 606 2433 648 et
2465 598 2575 666 ipse
2611 597 2729 666 fecit
2760 596 2914 659 illud,
2944 606 2992 649 et
3021 598 3230 651 aridam
3263 596 3431 664 ﬁnxe-

1868 697 1991 740 rnnt
2023 690 2136 757 ejus
2184 706 2375 743 manus
2412 706 2431 742 :
2468 689 2573 743 hoc
2604 701 2708 753 est,
2754 688 3032 741 hominem
3083 690 3175 756 qui
3234 688 3370 743 dicit
3414 705 3429 742 :

1865 780 2053 833 Manus
2097 790 2221 844 tute,
2270 781 2513 844 Domine,
2547 782 2777 849 fecerunt
2826 798 2907 834 me
2942 791 2989 833 ct
3020 779 3288 846 ﬁnxerunt
3327 798 3427 835 me.

1867 873 2081 925 Nullam
2137 882 2443 927 creaturam
2492 888 2557 927 ex
2604 873 2673 927 iis
2721 889 2840 942 qum
2889 883 3021 927 sunt
3062 874 3290 928 incude
3337 883 3432 927 aut

1869 964 1923 1017 in
1965 974 2109 1017 terra
2158 963 2313 1018 ﬁnxit
2348 967 2489 1019 Deus
2523 966 2640 1019 suis
2680 967 2952 1029 manibus,
2998 966 3101 1020 nisi
3153 967 3428 1021 hominem

1865 1055 1959 1123 qui
2000 1055 2065 1108 ad
2117 1054 2237 1124 ejus
2258 1055 2432 1109 factus
2454 1064 2540 1110 est
2574 1056 2887 1126 imaginem,
2915 1058 2980 1112 de
3015 1073 3125 1127 quo
3163 1058 3298 1112 dicit
3320 1059 3431 1112 Mo-

1868 1160 1954 1199 St'S
1990 1164 2004 1199 :
2046 1144 2253 1200 Vocavit
2298 1146 2437 1199 Deus
2473 1148 2679 1202 aridam
2722 1158 2942 1201 terram.
2994 1151 3127 1204 Vide
3174 1151 3430 1221 mysteria

1867 1236 2244 1292 admirabilia!
2284 1237 2510 1292 Terram
2569 1239 2624 1292 in
2666 1239 2944 1307 profundo
2982 1240 3051 1293 ab
3094 1240 3218 1294 aliis
3275 1242 3432 1309 aquis

1868 1326 2213 1393 sull’ocatam,
2264 1329 2513 1383 nominat
2544 1329 2776 1382 aridam.
2800 1330 2937 1384 Cum
2968 1340 3150 1384 autem
3180 1347 3336 1399 aqua:
3362 1331 3432 1384 ab

1869 1435 1932 1471 ea
1975 1429 2322 1474 recesserunt
2354 1428 2410 1473 et
2447 1428 2578 1473 sunt
2601 1420 2812 1483 divisas,
2844 1432 2900 1476 et
2923 1437 2987 1476 ea
3016 1421 3119 1475 fuit
3140 1423 3430 1487 exsiccata,

1869 1526 1980 1563 non
2026 1525 2148 1564 eam
2201 1510 2437 1579 amplius
2471 1511 2721 1564 nominat
2763 1511 2993 1574 aridam,
3036 1511 3133 1566 sed
3180 1520 3429 1565 terram:

1871 1602 2144 1672 quomodo
2188 1603 2353 1658 etiam
2385 1613 2599 1658 constat
2632 1604 2767 1658 citra
2792 1604 3251 1669 controversiam,
3286 1604 3433 1674 quod

1874 1695 2137 1765 imagines
2159 1705 2216 1749 et
2238 1697 2435 1766 ﬁguras
2462 1712 2617 1751 nova:
2645 1697 2700 1750 in
2731 1695 2953 1751 Christo
2985 1704 3254 1752 creatura:
3281 1695 3436 1766 prius

1874 1787 2225 1841 describebat
2255 1796 2312 1841 et
2354 1787 2732 1856 pneﬁgurabat
2774 1786 3028 1841 Christus
3074 1788 3128 1840 in
3177 1788 3433 1843 universa

1872 1895 1967 1933 sex
2014 1878 2226 1932 dierum
2281 1879 2576 1931 creatione.
2626 1878 2895 1942 Quoniam
2930 1888 3115 1933 autem
3143 1878 3435 1933 mundanae

1870 1968 2100 2038 Aigypto
2134 1968 2403 2037 imprimis
2448 1969 2562 2021 luce
2591 1968 2827 2021 dicimus
2864 1988 2877 2021 :
2910 1985 3017 2023 non
3052 1970 3220 2024 fuerit
3242 1971 3438 2025 absur-

1871 2058 2001 2111 dum
2053 2058 2096 2110 si
2138 2074 2233 2126 per
2279 2074 2366 2111 res
2417 2066 2673 2125 tanquam
2727 2074 2825 2126 per
2862 2060 3026 2111 verba
3078 2060 3433 2115 ostendamus

1873 2148 2071 2218 ﬁguras
2112 2148 2442 2202 detectionis
2493 2158 2548 2201 et
2596 2149 2945 2204 Iiberationis
2976 2151 3246 2203 malarum
3273 2158 3329 2205 et
3362 2159 3432 2205 te-

1873 2241 2231 2293 nebrosarum
2269 2255 2532 2307 aquarum
2564 2241 2774 2293 erroris
2812 2257 2932 2308 qua:
2976 2241 3129 2308 prius
3157 2250 3314 2295 erant
3342 2256 3434 2294 su-

1872 2348 1970 2401 per
2010 2348 2151 2385 eam.
2210 2332 2321 2385 Soli
2354 2332 2499 2384 enim
2552 2331 2785 2400 (Egypto
2826 2349 2893 2385 cx
2940 2333 3198 2386 onmibus
3241 2333 3431 2385 mundi

1872 2425 2207 2493 regionibus,
2238 2426 2381 2480 Deus
2408 2426 2473 2479 ad
2504 2425 2725 2494 pictatis
2750 2425 3179 2479 admonitionem
3210 2426 3435 2481 donavit

1869 2519 2177 2587 exemplum
2211 2530 2266 2572 et
2290 2527 2710 2571 monumentum
2742 2516 3054 2571 indelebile.
3093 2518 3229 2571 Nam
3261 2517 3434 2572 instar

1871 2610 2303 2678 uniuscujusque
2334 2610 2387 2663 in
2436 2610 2543 2662 illis
2587 2610 2742 2679 aquis
2792 2625 2914 2679 qua:
2957 2610 3252 2676 aliquando
3292 2619 3437 2680 tege-

1870 2699 2004 2754 bant
2052 2700 2365 2752 universam
2404 2698 2597 2753 faciem
2634 2707 2819 2761 terrm,
2878 2714 2976 2767 per
3022 2697 3246 2752 ﬂuvium
3283 2699 3433 2753 Ceou

1870 2802 2017 2846 terra
2039 2789 2254 2860 Egypti
2282 2791 2501 2860 tegitur.
2528 2790 2897 2856 Quamobrem
2922 2790 2990 2843 dc
3020 2790 3242 2859 regione
3272 2789 3435 2862 Egy-

1870 2882 1949 2951 pti
1974 2880 2082 2935 dici
2109 2890 2286 2950 potest
2330 2882 2383 2935 in
2409 2891 2653 2949 tempore
2677 2896 2938 2936 ascensus
2970 2896 3258 2949 aquarum,
3286 2881 3433 2951 quod

1872 2982 2015 3027 terra
2036 2972 2247 3043 .‘Egypti
2269 2983 2353 3027 est
2376 2973 2673 3027 invisibilis
2692 2983 2749 3028 et
2773 2974 3161 3042 incomposita,
3190 2983 3245 3027 et
3278 2983 3435 3029 tene-

1874 3067 1985 3121 bra:
2014 3068 2266 3137 caliginis
2292 3076 2348 3121 et
2386 3067 2728 3136 tempestatis
2757 3083 2923 3137 supra
2952 3068 3207 3137 abyssum
3238 3067 3432 3135 hujus-

199 3158 351 3222 caelo,
396 3162 453 3213 in
484 3176 610 3214 suas
651 3165 1096 3231 congregationes.
1130 3162 1271 3217 Dicit
1306 3163 1491 3232 itaque
1524 3180 1537 3216 :
1575 3162 1643 3216 Et
1678 3179 1768 3216 υο-
1799 3181 1840 3238 c
1874 3158 2301 3228 modiaquarum
2327 3176 2340 3211 :
2362 3168 2417 3213 et
2442 3159 2681 3228 Spiritus
2698 3160 2792 3213 Dei
2814 3160 3438 3227 (hoccstventirenova-

198 3252 341 3304 sarit
364 3250 504 3304 Deus
532 3262 750 3313 terram,
785 3254 992 3306 aridam
1025 3270 1042 3307 :
1070 3264 1117 3306 et
1146 3255 1572 3324 congregationes
1606 3270 1775 3323 aqua-

202 3358 325 3394 rum
363 3344 567 3395 vocavit
596 3345 788 3396 muria.
820 3345 929 3413 Age
952 3359 1080 3413 ιιιῈο
1106 3362 1118 3396 :
1156 3360 1346 3398 rursus
1370 3345 1565 3398 litteras
1594 3345 1774 3398 velum

200 3441 258 3486 et
290 3434 619 3501 operculum
664 3435 991 3503 aperientes,
1046 3435 1354 3505 spiritualia
1398 3436 1776 3506 spiritualibus

205 3527 583 3595 intelligamus
636 3527 853 3595 eloquia
905 3528 1153 3593 Spiritus,
1202 3528 1450 3582 dicentes
1507 3529 1673 3582 :Uua
1720 3537 1777 3582 et

203 3617 492 3672 individua
522 3632 676 3685 aqum
710 3619 1080 3687 congregatio,
1120 3629 1271 3673 recta
1301 3630 1357 3674 et
1390 3620 1445 3673 in
1473 3636 1633 3688 quam
1666 3635 1773 3672 non

200 3712 353 3765 cadit
387 3712 768 3780 reprehensio,
804 3720 859 3765 ct
897 3711 1159 3765 Ecclesiae
1201 3712 1483 3766 catholica:
1514 3713 1568 3765 in
1603 3713 1776 3767 Deum

203 3802 383 3870 pietas
406 3816 473 3855 ac
500 3802 692 3869 religio
726 3810 809 3856 est
841 3820 854 3854 :
889 3818 1045 3870 aqua:
1083 3812 1265 3855 autem
1298 3804 1773 3872 congregationes,

202 3902 336 3945 sunt
374 3893 636 3947 Ecclesia:
658 3909 778 3961 qua:
799 3902 926 3946 sunt
956 3894 1007 3945 in
1039 3894 1158 3946 loco
1187 3892 1473 3961 regionum
1505 3893 1773 3962 gentium,

204 3983 487 4054 quomodo
534 3982 697 4037 docet
746 3982 947 4036 Paulus
976 3984 1167 4037 dicens
1202 3984 1297 4037 Dei
1332 3984 1595 4038 Ecclesiis
1629 4002 1641 4037 :
1671 3983 1774 4037 Ec-

204 4076 380 4128 clesia:
442 4072 701 4136 Corinthi,
737 4089 863 4128 ecce
925 4075 1029 4127 alia
1074 4074 1474 4144 congregatio:
1530 4075 1777 4129 Ecclesia:

207 4165 770 4228 Thessalonicensium,
825 4180 952 4219 cccc
994 4166 1097 4218 alia
1128 4167 1475 4235 congregatio
1509 4167 1773 4235 gentium.

204 4256 496 4324 Quomodo
534 4257 681 4310 enim
731 4272 898 4310 unum
924 4266 1008 4310 est
1031 4272 1259 4326 regnum
1284 4258 1570 4323 caelorum,
1610 4258 1778 4312 habet

208 4354 395 4400 autem
448 4346 650 4399 multas
702 4344 1019 4398 mansiones
1070 4352 1131 4397 ut
1177 4344 1312 4399 dicit
1358 4343 1609 4401 Christus
1654 4347 1777 4401 :ita

208 4439 378 4492 etiam
436 4447 523 4492 est
564 4453 672 4491 una
726 4437 1034 4491 communis
1064 4436 1267 4491 Christi
1313 4436 1579 4491 Ecclesia.
1637 4437 1779 4493 Sunt

1876 3254 1971 3320 tio)
2001 3253 2175 3307 fertur
2209 3268 2373 3321 supra
2404 3267 2623 3321 aquam.
2647 3251 2737 3306 Sic
2761 3252 2908 3305 enim
2935 3250 3279 3320 interpretati
3309 3260 3439 3304 sunt

1876 3345 2033 3397 multi
2080 3346 2420 3413 interpretes.
2456 3344 2525 3397 Et
2577 3345 2800 3398 tenebrae
2846 3353 2998 3397 erant
3042 3361 3207 3414 supra
3246 3360 3436 3413 aquas,

1875 3445 1923 3489 ct
1962 3436 2190 3507 Spiritus
2214 3436 2310 3489 Dei
2346 3436 2608 3505 ferebatur
2641 3453 2805 3506 supra
2825 3454 2933 3489 eas.
2975 3437 3091 3489 Non
3127 3436 3273 3489 enim
3299 3435 3439 3488 dixit

1874 3527 2172 3597 (inquiunt)
2198 3526 2481 3595 Scriptura
2507 3545 2519 3580 :
2543 3527 2601 3579 τὸ
2626 3526 2846 3595 Πνεῦμα
2865 3527 3000 3579 Θεοῦ
3018 3543 3142 3580 cum
3170 3527 3433 3580 articulo:

1876 3618 1932 3671 id
1962 3626 2065 3680 est,
2097 3617 2334 3685 Spiritus
2364 3616 2455 3670 ille
2489 3635 2500 3668 :
2538 3617 2632 3670 sed
2668 3616 2889 3685 Πνεῦμα
2908 3616 3042 3669 Θεοῦ
3077 3616 3283 3685 absque
3309 3618 3441 3670 arti-

1874 3707 2019 3770 culo,
2056 3707 2109 3760 id
2140 3716 2223 3760 est
2250 3705 2489 3775 Spiritus
2520 3706 2648 3759 Dei:
2675 3706 2779 3759 hoc
2796 3715 2912 3770 est;
2946 3721 3088 3759 unus
3109 3720 3175 3759 ex
3204 3713 3441 3774 quatuor

1875 3799 2153 3868 spiritibus
2193 3808 2481 3852 ventorum
2516 3798 2795 3851 ferebatur
2828 3813 2993 3866 super
3036 3812 3253 3866 aquam.
3302 3798 3436 3850 lllud

1876 3901 2058 3945 autem
2087 3890 2215 3945 ferri
2235 3906 2421 3960 supra,
2453 3906 2560 3944 non
2583 3898 2668 3945 est
2699 3890 2980 3958 praprium
3001 3900 3208 3944 natura:
3242 3890 3441 3945 divini-

1878 3984 2003 4037 tatis
2033 3999 2155 4052 quze
2181 3999 2287 4036 non
2318 3990 2499 4052 potest
2527 3980 2928 4035 circumscribi.

1944 4073 2079 4127 Illud
2105 4081 2291 4127 autem
2314 4081 2402 4126 est
2422 4072 2748 4125 admirabile
2798 4072 2850 4124 in
2884 4087 3115 4125 ascensu
3169 4086 3435 4139 aquarum

1877 4166 1931 4219 in
1950 4163 2180 4234 IEgypto
2216 4162 2419 4232 quibus
2469 4163 2573 4216 fuit
2601 4172 2817 4231 operta,
2850 4162 3350 4231 obscurationeque
3384 4172 3441 4215 et

1875 4255 2130 4324 caligine,
2175 4263 2231 4308 et
2278 4252 2666 4316 infertilitate,
2719 4260 2775 4305 et
2850 4252 3213 4306 sullocatione
3268 4251 3441 4320 ipsius

1874 4358 2053 4411 terrae,
2091 4346 2240 4417 quod
2289 4361 2395 4400 non
2438 4355 2562 4415 post
2606 4362 2849 4399 mensem
2904 4354 2999 4399 aut
3038 4346 3156 4399 dies
3198 4354 3355 4399 ortus
3384 4343 3436 4398 in

1876 4455 2040 4495 carne
2064 4440 2120 4493 in
2148 4440 2425 4494 Bethleem
2453 4447 2508 4492 et
2560 4438 2922 4508 apparitionis
2971 4437 3198 4502 Christi,
3245 4437 3339 4491 sed
3383 4436 3437 4490 in

207 4528 374 4585 etiam
415 4529 724 4597 singulares
759 4527 1012 4582 Ecclesia:
1035 4527 1223 4581 mundi
1246 4537 1408 4582 recta:
1432 4528 1577 4583 ﬁdei.
1605 4529 1776 4600 Opor-
1808 4537 1850 4592 D
1880 4532 2075 4586 diebus
2132 4532 2329 4586 natalis
2370 4541 2427 4585 et
2478 4531 2842 4601 apparitionis
2902 4548 2964 4584 ac
3017 4529 3440 4583 illuminationis

208 4631 286 4676 tet
343 4630 530 4674 autem
573 4621 677 4675 hoc
719 4637 937 4690 quoque
1003 4622 1058 4675 in
1112 4621 1232 4675 loco
1283 4621 1573 4688 adnotare,
1629 4623 1776 4693 quod

207 4712 433 4785 quando
467 4728 595 4766 cum
628 4714 765 4767 caelo
804 4713 948 4766 Deus
980 4712 1114 4767 fecit
1141 4722 1365 4778 terram,
1398 4730 1506 4769 non
1537 4716 1779 4785 appella-

208 4808 372 4862 batur
402 4806 576 4860 arida.
636 4804 980 4874 Frugil‘erum
1020 4804 1171 4858 enim
1237 4821 1302 4858 ac
1353 4805 1589 4861 fertilem
1633 4809 1779 4863 Deus

207 4900 338 4954 fecit
375 4898 660 4955 hominem
693 4906 749 4951 et
775 4912 884 4950 non
912 4895 1145 4950 aridum.
1190 4895 1420 4963 Quando
1465 4910 1646 4953 autem
1677 4899 1780 4953 fuit

208 4990 480 5045 sull‘oeata
508 5004 539 5042 a
561 4988 806 5043 tenebris
828 5003 951 5057 quae
972 5003 1139 5057 supra
1162 5004 1279 5043 eam
1307 5000 1483 5055 erant,
1503 5000 1557 5043 et
1579 4993 1736 5061 aquis
1762 5009 1774 5045 :

210 5093 343 5136 tunc
391 5079 537 5134 facta
567 5086 653 5134 est
688 5079 839 5133 arida
883 5087 941 5132 ct
969 5087 1205 5134 mortua.
1231 5080 1438 5134 Deinde
1479 5096 1596 5134 eam
1635 5083 1780 5135 Deus

210 5186 435 5227 rursum
480 5185 685 5225 vocans
713 5170 782 5224 ad
833 5169 1113 5238 antiquam
1146 5171 1624 5234 illuminationem,
1656 5188 1776 5226 eam

210 5262 617 5320 transnominat
636 5272 693 5317 et
710 5263 762 5316 ei
784 5262 966 5318 reddit
984 5263 1221 5333 primum
1243 5279 1442 5318 nomen
1462 5282 1476 5317 :
1494 5265 1776 5332 etquando

210 5375 241 5412 a
272 5354 525 5412 tenebris
568 5356 682 5409 Deo
726 5356 1006 5424 apparuit,
1054 5355 1239 5409 statim
1268 5370 1386 5409 eam
1428 5356 1641 5410 vocavit
1666 5365 1777 5411 ter-

213 5466 347 5515 ram,
382 5447 662 5518 quomodo
685 5447 818 5502 dicit
844 5448 1011 5518 869
1058 5447 1285 5501 historia
1310 5448 1453 5515 quod
1489 5448 1633 5502 Deus
1666 5448 1777 5501 ari-

214 5540 335 5594 dam
380 5539 599 5593 vocavit
639 5548 843 5593 terram
882 5558 893 5592 :
930 5547 1120 5609 utpote
1150 5539 1295 5609 quod
1340 5539 1409 5593 ab
1439 5538 1774 5593 infertilitatc

217 5630 282 5685 ad
317 5631 684 5697 fertilitatem,
737 5648 837 5702 per
870 5633 1153 5687 Christum
1188 5633 1255 5686 de
1300 5640 1497 5687 caetero
1546 5643 1773 5687 vocetur

217 5734 271 5777 et
298 5733 598 5779 renovetur
634 5726 818 5778 homo.
852 5726 913 5779 lii
944 5736 1126 5779 autem
1168 5725 1311 5795 quod
1340 5725 1464 5777 dico
1493 5725 1597 5779 fert
1629 5727 1777 5779 testi—

224 5816 463 5870 moniqu
504 5817 770 5886 propheta
818 5832 1036 5887 quoque
1087 5818 1137 5871 in
1188 5818 1393 5885 psalmo
1428 5819 1778 5888 nonagesimo

1878 4625 2125 4694 operitur
2153 4632 2210 4678 et
2250 4623 2652 4678 obteuebratur
2703 4622 2859 4690 aquis
2899 4631 2954 4674 et
3008 4620 3238 4689 caligine
3293 4629 3436 4672 terra

1875 4716 2109 4787 Egypti.
2136 4715 2364 4781 Quando
2398 4724 2580 4769 autem
2620 4714 2874 4768 Christus
2928 4713 3072 4766 Deus
3100 4712 3191 4765 lux
3248 4711 3434 4764 mumli

1877 4816 2039 4861 natus
2073 4816 2186 4861 est:
2216 4814 2271 4859 et
2320 4821 2386 4859 cx
2417 4804 2646 4875 pnesepi
2695 4804 2999 4863 Bethleem,
3040 4802 3097 4856 in
3142 4800 3434 4872 {Egyptum

1877 4915 2001 4954 cum
2026 4915 2126 4954 sua
2182 4907 2350 4952 matre
2380 4898 2623 4967 fugiente
2661 4896 2731 4950 ab
2763 4896 3000 4961 llcrode,
3031 4904 3283 4949 versatus
3314 4902 3433 4948 est:

1877 4991 2061 5045 statim
2091 4998 2232 5044 terra
2299 4987 2514 5060 Egypti
2566 4988 2861 5057 detegitur,
2890 4987 3116 5056 deponit
3156 4985 3435 5045 tenebras.

1876 5085 2031 5139 exuit
2060 5082 2345 5152 caliginem
2366 5082 2591 5145 erroris,
2616 5081 2761 5137 Solis
2785 5081 3010 5151 iustitia:
3032 5080 3218 5133 lumen
3234 5077 3432 5132 induit.

1879 5175 2136 5230 Versatus
2165 5174 2311 5227 enim
2337 5183 2422 5228 est
2466 5189 2589 5227 cum
2624 5173 2845 5242 proprio
2878 5172 3035 5234 orbe,
3093 5184 3290 5239 nempe
3322 5183 3436 5223 ma-

1881 5265 2562 5328 trezctsolvittenebras,
2612 5273 2669 5319 ct
2720 5262 2890 5317 veluti
2947 5261 3223 5331 quoddam
3251 5260 3433 5313 velum

1878 5359 2075 5429 abjecit
2106 5374 2135 5411 a
2163 5373 2265 5412 suo
2292 5358 2465 5422 vultu,
2504 5372 2702 5426 nempe
2725 5371 2881 5425 aqua:
2910 5353 3257 5423 Operculum,
3291 5360 3348 5406 et
3380 5351 3433 5406 in

1876 5452 2152 5507 Christum
2180 5449 2600 5511 ﬁxitoculos,et
2653 5463 2779 5502 eum
2827 5446 3070 5518 agnovit,
3103 5444 3343 5498 adorans
3380 5449 3433 5496 et

1880 5544 2264 5614 procumbens,
2296 5559 2455 5611 quem
2480 5542 2631 5611 prius
2658 5556 2765 5595 non
2789 5540 3151 5609 cognoscebat
3189 5539 3436 5605 (propter

1879 5636 2083 5690 erroris
2133 5635 2387 5687 tenebras
2436 5649 2557 5703 qum
2600 5633 2649 5687 ci
2709 5627 3119 5701 impendebant)
3145 5636 3335 5696 operta
3367 5624 3435 5678 ab

1880 5726 2038 5795 aquis
2058 5726 2394 5795 ignorantiae.
2422 5723 2651 5778 llecedit
2678 5731 2860 5777 autem
2907 5732 2963 5775 et
3016 5719 3250 5773 recurrit
3286 5714 3438 5771 Nilus

1880 5815 2192 5887 es/Egypto
2227 5817 2279 5871 in
2311 5816 2505 5870 diebus
2563 5815 2830 5869 mensium
2879 5812 3193 5868 Decembris
3240 5821 3298 5866 ct
3340 5809 3434 5863 Ja-
