4200 6440
772 406 872 464 8317

766 625 891 659 eum
927 615 1100 658 totum
1127 612 1180 656 et
1208 612 1328 670 post
1361 603 1534 669 ipsum
1566 598 1787 656 crescit.
1818 610 2012 663 nempe
2053 594 2220 646 Julio.
2271 593 2325 643 In

769 697 1012 764 Angusto
1067 701 1252 745 autem
1288 699 1344 744 et
1395 699 1508 742 toto
1573 687 1884 755 Septembri
1951 686 2126 737 instar
2162 682 2330 736 maris

769 787 1041 840 nnunlans
1102 784 1414 852 lEgyptum,
1470 781 1600 834 facit
1636 780 1995 843 navigabilem
2025 793 2146 845 qua:
2177 776 2330 844 prius

767 878 1153 932 eratarabilis.
1193 877 1386 943 Incipit
1417 884 1622 932 autem,
1653 884 1711 925 ut
1745 871 1955 923 dictum
2002 882 2106 931 est,
2139 870 2329 921 decre-

768 988 922 1024 scere
971 972 1024 1024 in
1071 969 1297 1023 Octobri
1345 977 1396 1019 et
1433 968 1758 1027 Novembri;
1808 967 1857 1018 in
1909 981 2094 1017 mensi-
2146 971 2328 1015 autent

772 1063 1056 1118 lleceinbri
1097 1071 1152 1115 ct
1182 1071 1296 1114 toto
1318 1061 1597 1120 .lannarin,
1637 1059 1887 1111 redditur
1933 1058 2100 1126 priori
2149 1057 2327 1107 alveo.

766 1158 995 1222 Quando
1025 1173 1154 1225 ergo
1199 1167 1324 1208 ante
1354 1153 1558 1206 Christi
1613 1163 1794 1204 ortum
1847 1168 1966 1202 eam
2030 1149 2331 1202 viderimus

769 1252 976 1303 tristem
1001 1250 1522 1317 etealiginosannct
1553 1246 1870 1304 infertilem,
1889 1253 1945 1295 et
1974 1261 2028 1294 111
2053 1241 2331 1311 profundo

767 1343 1107 1395 submersam
1165 1349 1219 1392 et
1270 1339 1612 1399 inornatam;
1684 1335 1886 1387 deinde
1947 1341 2068 1402 post
2123 1331 2328 1386 Christi

766 1444 948 1488 ortum
979 1444 1036 1487 et
1059 1435 1178 1502 ejus
1223 1431 1593 1500 praesentiam.
1639 1429 1689 1481 in
1746 1429 1894 1480 11111111
1953 1429 2072 1479 loco
2115 1425 2328 1495 lligypti

768 1529 951 1580 statim
984 1526 1098 1578 fieri
1120 1540 1422 1584 recessum,
1461 1533 1515 1574 et
1543 1533 1744 1573 terram
1785 1521 1970 1572 ornari
1998 1530 2053 1573 et
2085 1519 2327 1586 irrigari,

765 1619 968 1691 gestire
998 1619 1273 1688 regiones,
1297 1616 1513 1670 densari
1555 1614 1800 1684 paludes,
1821 1629 1981 1682 agros
1995 1611 2326 1680 germinare,

764 1720 819 1764 et
849 1709 1000 1763 vicos
1058 1719 1314 1775 tanquam
1343 1721 1409 1758 cx
1455 1704 1728 1775 profundo
1766 1717 2032 1771 aquarum
2082 1701 2333 1754 detectos

766 1813 823 1856 et
853 1803 906 1854 in
946 1802 1115 1853 altum
1167 1800 1364 1861 elatos,
1419 1807 1474 1850 01
1525 1812 1696 1865 aquas
1741 1803 2100 1864 congregatas
2125 1794 2178 1846 in
2211 1793 2326 1846 suis

766 1891 1322 1961 congregationilnis,
1386 1905 1687 1958 earumque
1753 1889 1925 1942 fossas
1983 1898 2039 1941 et
2107 1886 2323 1949 fluvios,

769 1985 930 2052 plane
959 1984 1337 2050 intelligamus
1359 1981 1585 2050 quando
1617 1983 1728 2033 hate
1781 1981 1898 2032 fieri
1926 1977 2232 2031 viderimus
2273 1977 2327 2029 in

768 2076 1022 2146 .elﬂgypto,
1052 2074 1199 2142 quod
1229 2071 1470 2126 Verbum
1515 2073 1608 2124 Dei
1644 2073 1982 2123 inearnatum
2012 2071 2191 2138 ipsum
2213 2077 2333 2123 erat

767 2165 914 2236 quod
977 2165 1030 2218 in
1075 2164 1348 2233 principio
1400 2174 1483 2216 est
1541 2163 1966 2214 11111111001111010
2021 2170 2330 2215 creaturam

767 2256 892 2310 011111
920 2264 976 2307 01
1019 2264 1217 2307 terrae:
1263 2255 1552 2322 ipsumque
1584 2253 1635 2305 in
1664 2251 1897 2321 A‘lgvpto
1943 2262 2219 2305 versatum
2246 2261 2333 2306 est

771 2351 825 2402 in
855 2364 1042 2410 carne,
1089 2356 1145 2399 et
1201 2362 1324 2400 cum
1377 2361 1495 2399 eam
1558 2347 1787 2400 vidisset
1820 2346 2171 2400 tenebrosam
2213 2354 2269 2400 et
2299 2361 2329 2399 a

771 2441 1008 2512 maligno
1032 2440 1374 2499 sull‘oeatam,
1403 2440 1658 2491 t-lznnavit
1684 2456 1747 2492 es
1770 2449 2036 2506 1111108111ιο
2070 2451 2331 2507 tanquam

773 2532 934 2592 Deus,
962 2532 1102 2584 sicut
1127 2531 1286 2599 aquis
1311 2531 1606 2584 mundanis
1635 2532 1706 2584 ita
1754 2532 1922 2583 etiam
1973 2529 2330 2600 JEgyptiacis,

770 2624 960 2678 dicens
982 2632 1117 2691 quot
1143 2625 1324 2684 annis,
1357 2634 1414 2676 01
1466 2639 1638 2691 usque
1685 2624 1751 2675 ad
1799 2624 2331 2676 Consummationem

773 2723 893 2782 post
914 2714 1018 2767 Nili
1045 2729 1353 2775 ascensum,
1387 2724 1729 2783 congregetur
1759 2730 1899 2782 aqua
1933 2730 2050 2782 qua
2073 2724 2144 2765 est
2170 2729 2334 2781 supra

772 2809 958 2875 [aciem
1005 2807 1259 2860 unirerstc
1291 2816 1448 2859 terra:
1495 2805 1707 2876 Egypti
1775 2806 1825 2859 in
1885 2807 2336 2875 congregationes

771 2915 918 2954 suas.
944 2900 1188 2954 Rursus:
1227 2909 1486 2969 appareat
1513 2910 1681 2963 terra,
1707 2909 1765 2952 111
1796 2901 1888 2968 qui
1917 2901 2027 2969 jam
2053 2900 2187 2952 olim
2214 2898 2335 2967 qui-

771 2993 896 3045 dem
947 2991 1179 3060 spiritus
1203 2992 1412 3045 erroris
1443 2992 1741 3060 increparit
1767 3003 1824 3045 et
1847 3007 1943 3045 eos
1969 2991 2202 3061 .ﬁgypto
2235 3005 2333 3043 ex-

772 3085 992 3153 pulerit,
1019 3097 1166 3136 nunc
1190 3091 1374 3137 autem
1395 3083 1447 3136 in
1481 3093 1728 3151 tempore
1759 3083 1880 3150 ejus
1927 3098 2096 3151 aquas
2141 3082 2336 3136 fecerit

1980 392 2036 447 ς.
2081 386 2474 447 AVASTAS”
2515 393 2837 452 SlNAlT/E

769 516 966 568 nnarii.
1001 513 1197 580 Incipit
1232 511 1381 562 enim
1449 509 1618 560 tluere
1683 520 1870 557 mense
1917 502 2110 556 .Innio:
2143 510 2198 553 01
2233 514 2328 568 per
2359 506 2400 559 Α
2433 505 2586 568 prius
2619 504 2731 557 dixi
2774 523 2784 555 :

2826 520 2924 573 per
2964 506 3147 557 omnia
3201 521 3323 574 qua:
3366 514 3493 558 sunt
3561 523 3726 574 supra
3783 513 3996 558 terrain

2430 613 2551 666 ejus
2580 597 2915 650 inell'abilem
2955 597 3221 650 discimus
3253 597 3601 665 sapientiam.
3643 596 3795 650 Unde
3848 604 4008 650 stans

2432 690 2485 742 in
2519 691 2808 759 przesentia
2840 691 2892 744 in
2927 707 3194 759 aquarum
3237 691 3588 752 tractatione,
3628 699 3683 742 et
3731 691 4005 759 obstupe-

2430 801 2621 840 scens:
2653 802 2753 840 nec
2791 788 2959 840 malas
2982 788 3206 855 quidem
3249 803 3311 840 ac
3337 787 3640 840 metallicas
3666 801 4001 854 amarasque

2428 887 2484 931 et
2533 880 2911 934 abhorrcndas
2933 898 3102 950 aquas
3127 896 3246 948 qnze
3271 882 3353 933 vel
3371 880 3436 934 ad
3458 895 3705 949 saporem
3729 880 4005 935 accedunt

2431 971 2738 1031 bituminis,
2773 974 2857 1025 vel
2913 973 3057 1033 :rris,
3087 973 3168 1025 vel
3198 972 3434 1040 alicujus
3474 973 3680 1026 metalli
3729 971 3794 1024 ad
3849 968 4003 1038 quod

2432 1079 2539 1116 non
2574 1075 2660 1118 est
2713 1065 2898 1117 sensui
2948 1082 3225 1124 accessus,
3269 1064 3440 1118 credo
3491 1065 3661 1118 factas
3697 1071 4000 1117 esset-xtra

2431 1155 2526 1206 Dei
2561 1156 2909 1224 mysterium:
2938 1156 3031 1208 sed
3068 1156 3235 1208 credo
3268 1171 3361 1208 eas
3392 1167 3639 1224 spectare
3669 1154 3735 1206 ad
3761 1153 3999 1222 profun-

2429 1248 2559 1299 dum
2586 1248 2810 1316 aliquod
2839 1249 3174 1315 exemplum,
3204 1258 3259 1302 01
3292 1263 3390 1300 1108
3421 1248 3622 1302 1100010
3655 1246 3799 1315 quod
3827 1255 4001 1298 totam

2431 1338 2654 1407 quidem
2690 1355 2909 1408 aquam,
2950 1354 3146 1407 nempe
3190 1355 3364 1408 genus
3404 1340 3729 1400 humanum,
3761 1338 3908 1390 Deus
3945 1337 4000 1388 in

2435 1430 2710 1500 principio
2749 1447 2914 1484 unam
2949 1433 3145 1485 bonam
3174 1447 3370 1500 aquam
3394 1431 3547 1494 fecit,
3576 1431 3742 1484 unius
3765 1440 4002 1487 1111111110.

2433 1524 2595 1576 unius
2612 1524 2967 1591 operationis,
2996 1524 3160 1577 unius
3179 1525 3494 1592 potestatis,
3520 1523 3756 1576 similem
3776 1531 3832 1575 et
3859 1520 3996 1574 indi-

2433 1615 2690 1668 viduam:
2730 1615 2826 1669 sed
2893 1631 3016 1684 quae
3049 1627 3134 1669 est
3170 1615 3221 1668 in
3253 1631 3379 1669 11010
3408 1615 3680 1684 operatio,
3727 1626 4002 1681 terrmqne

2432 1707 2650 1759 diversa
2699 1716 3077 1776 temperatura
3129 1717 3186 1761 et
3216 1706 3470 1776 qualitas,
3521 1707 3606 1759 vel
3665 1704 4002 1772 salsuginem

2437 1799 2712 1861 redoleas,
2743 1800 2832 1852 vel
2864 1799 3187 1868 aeruginem,
3213 1799 3300 1852 vel
3349 1798 3586 1867 aliquem
3611 1797 3778 1850 alium
3813 1795 4005 1847 insua-

2438 1909 2559 1945 vem
2593 1907 2659 1944 ex
2687 1892 2925 1946 metallis
2976 1891 3229 1954 odorem,
3296 1906 3492 1960 aquam
3526 1897 3706 1942 mutat
3744 1887 3809 1940 ad
3844 1901 4003 1939 suam

2435 1985 2833 2053 proprietatem
2857 2002 2870 2034 :
2892 1984 2965 2037 ita
3003 1998 3216 2036 morum
3244 1999 3366 2052 qua-
3400 1991 3486 2037 est
3522 1983 3576 2034 in
3603 1979 3738 2034 locis
3765 1978 4000 2032 diversi-

2434 2086 2517 2129 tas
2571 2091 2742 2145 genus
2770 2075 3094 2137 humanum,
3143 2075 3288 2143 quod
3321 2084 3405 2128 est
3451 2089 3643 2136 unum,
3695 2074 3751 2126 in
3801 2072 4005 2124 multas

2434 2165 2611 2220 secuit
2673 2164 2995 2217 divisiones.
3051 2163 3181 2217 Mihi
3213 2173 3394 2216 autem
3433 2162 3678 2230 intellige
3727 2173 3926 2226 aquam
3969 2171 4001 2208 a

2436 2260 2547 2313 1)οο
2573 2268 2839 2320 creatam,
2891 2258 3219 2311 catholicam
3276 2256 3436 2309 fidem
3498 2253 3784 2312 veritatis,
3836 2266 4003 2319 quam

2435 2350 2578 2404 Dens
2608 2350 2739 2403 10011
2762 2349 2831 2401 1111
2859 2348 3041 2400 initio.
3065 2348 3212 2401 Mala:
3237 2356 3420 2401 autem
3450 2361 3640 2399 rursus
3667 2352 3796 2398 sunt
3823 2357 3999 2411 aqute,

2435 2441 2775 2509 inipuraruin
2811 2443 3080 2494 1110108010
3117 2440 3613 2508 disciplinzezquas
3638 2453 3752 2502 aer,
3772 2437 3881 2489 hoc
3915 2444 4001 2488 est

2439 2535 2618 2587 malus
2649 2534 2909 2602 princeps
2939 2549 3084 2587 aeris
3109 2532 3385 2594 diabolus,
3429 2539 3487 2585 et
3537 2529 3867 2588 amaricaus,
3905 2543 4000 2580 seu

2436 2628 2502 2680 ad
2530 2627 2816 2680 bituminis
2871 2626 3126 2679 ardorem
3161 2624 3432 2678 accedens
3465 2639 3560 2677 cor
3597 2623 4002 2691 terrigenarum

2436 2721 2720 2774 hominum
2751 2719 2898 2787 quod
2939 2719 3083 2787 sapit
3117 2718 3420 2778 terrestria,
3465 2716 3653 2784 genuit
3677 2724 3736 2768 et
3773 2729 4003 2768 conver-

2438 2812 2522 2871 tit,
2572 2819 2626 2862 01
2666 2825 2730 2860 ev
2787 2809 2930 2861 bona
2979 2808 3177 2860 malam
3230 2807 3361 2860 fecit
3417 2806 3576 2860 fidem
3614 2805 4001 2874 alteravitque.

2434 2899 2590 2965 Quod
2617 2899 2843 2968 quidem
2896 2898 3100 2952 factum
3150 2906 3235 2952 est
3291 2899 3458 2952 etiam
3493 2898 3547 2952 in
3596 2896 3756 2966 aquis
3811 2897 4002 2949 maris.

2434 2991 2582 3044 Deus
2611 2991 2758 3044 enim
2793 2991 2862 3043 ab
2897 2990 3056 3043 initio
3104 2990 3284 3060 ipsum
3337 2990 3468 3043 fecit
3493 3003 3689 3058 aquam
3741 2987 3962 3042 dulcem
3986 3004 4001 3017 ο

2436 3092 2705 3136 011111110111
2730 3091 2814 3136 081
2840 3091 3024 3135 autem
3051 3093 3320 3151 tempore,
3347 3081 3416 3134 ab
3447 3096 3574 3134 aere
3627 3088 3683 3134 ct
3715 3079 4006 3134 clementis

774 3187 1109 3246 restagnare;
1138 3187 1197 3229 ut
1220 3182 1276 3231 et
1300 3175 1427 3230 eiet
1455 3177 1615 3229 nobis
1653 3188 1873 3230 revocet
1903 3177 1953 3230 in
2009 3177 2332 3231 memoriam
2362 3197 2404 3254 (ς
2442 3177 2707 3231 0110010111
2745 3175 2950 3230 81118010
2981 3176 3168 3229 divina
3211 3174 3596 3244 permissione,
3650 3170 4008 3241 praefigurans

771 3270 917 3338 quod
973 3269 1087 3338 ipse
1121 3278 1208 3323 est
1244 3269 1434 3323 mundi
1471 3269 1727 3324 conditor
1757 3270 1849 3338 qui
1889 3286 2010 3324 eam
2035 3270 2332 3323 atenebris

770 3369 826 3414 et
845 3375 1033 3414 errore
1081 3360 1361 3414 liberavit.
1406 3361 1538 3414 Nam
1569 3360 1613 3414 si
1646 3362 1697 3413 in
1724 3360 1993 3428 sapientia
2039 3359 2170 3414 fecit
2198 3359 2334 3413 Ver-

774 3455 901 3507 bum
932 3453 1051 3514 Dei,
1073 3453 1208 3506 nihil
1241 3453 1371 3506 fccit
1407 3453 1789 3522 intempestive
1812 3462 1866 3506 et
1897 3468 2004 3505 non
2033 3451 2138 3505 nisi
2185 3460 2338 3506 certo

771 3561 938 3614 scopo
958 3545 1062 3598 sibi
1086 3545 1403 3614 proposito:
1429 3553 1504 3607 et,
1528 3545 1573 3598 si
1599 3545 1784 3598 omnia
1821 3553 2037 3614 potest,
2067 3560 2176 3598 non
2217 3554 2338 3598 erat

770 3637 916 3690 Deus
952 3635 1323 3704 omnipotens,
1353 3635 1628 3704 impotens
1650 3635 1800 3689 sicut
1860 3635 2169 3688 universam
2221 3643 2335 3687 ter-

773 3745 888 3782 ram
928 3729 1002 3783 ita
1037 3728 1202 3782 etiam
1231 3726 1525 3796 Egyptum
1557 3727 1880 3782 cmlcslibus
1915 3726 2187 3779 imbribus
2210 3725 2336 3777 irri-

771 3835 930 3890 gare:
984 3834 1146 3888 quam
1195 3820 1359 3873 etiam
1415 3817 1543 3872 fecit
1598 3818 1769 3888 magis
1811 3832 2111 3872 concavam
2169 3833 2334 3884 quam

775 3922 943 3966 totam
983 3919 1183 3965 terram
1231 3927 1352 3980 qute
1403 3921 1486 3965 est
1517 3912 1622 3965 sub
1673 3912 1835 3972 cmlo,
1882 3919 1944 3962 ut
1987 3909 2188 3963 docent
2240 3907 2334 3976 qui

774 4005 1194 4074 descripserunt
1231 4011 1501 4058 terrarum
1545 4002 1733 4055 mundi
1766 4001 2187 4069 descriptiones.
2228 3999 2334 4052 Sed

775 4113 843 4150 ne
887 4097 1084 4160 rideat,
1113 4113 1233 4166 qua:
1255 4097 1539 4158 dicuntur,
1582 4095 2072 4164 insipientissimus
2093 4094 2332 4147 auditor:

774 4187 964 4242 credat
992 4196 1175 4242 autem
1199 4187 1249 4242 ei
1273 4187 1363 4257 qui
1395 4187 1532 4241 dicit
1560 4187 1705 4256 quod
1734 4185 1870 4240 Deus
1923 4187 2102 4239 omnia
2133 4187 2250 4253 [0011
2280 4187 2335 4239 in

775 4282 1058 4350 sapientia.
1086 4279 1322 4334 Omnino
1359 4280 1507 4334 enim
1540 4280 1829 4334 nobiscum
1881 4279 2161 4344 fateberis,
2187 4279 2336 4349 quod

777 4372 843 4424 ad
877 4370 1304 4424 admonitionem
1333 4371 1550 4440 pictatis
1569 4381 1626 4424 et
1656 4370 1816 4425 fidem
1849 4370 2152 4425 faciendam
2173 4387 2337 4425 mun-

776 4462 830 4514 di
863 4460 1180 4522 ereationis,
1207 4460 1352 4514 Deus
1377 4461 1429 4513 in
1459 4459 1690 4531 Algypto
1742 4462 1936 4515 statuit
1964 4461 2069 4516 hoc
2099 4462 2338 4516 miracu-

2436 3287 2500 3324 ac
2527 3271 2682 3340 prius
2735 3270 3059 3324 describens
3119 3269 3346 3322 humani
3401 3267 3567 3321 maris
3617 3266 4002 3328 mutationem,

2435 3362 2582 3432 quod
2609 3379 2674 3416 ex
2706 3363 2912 3415 virtute
2934 3374 3018 3415 est
3072 3377 3399 3415 conversum
3438 3360 3491 3413 in
3528 3359 3732 3412 salsum
3784 3357 4005 3418 vitium,

2436 3453 2583 3525 quod
2614 3453 2869 3510 Christus
2897 3453 3131 3508 mutavit
3165 3453 3222 3506 in
3283 3451 3481 3506 melius
3508 3465 3608 3520 per
3637 3465 3786 3504 mare
3822 3448 4009 3518 bapti-

2436 3548 2649 3602 81011118.

2506 3640 2575 3694 Et
2622 3641 2758 3693 dixit
2787 3637 2953 3703 Deus,
2976 3638 3248 3694 Germinet
3279 3648 3425 3690 terra
3453 3637 3669 3690 herbam
3703 3636 3810 3704 feni
3844 3636 4007 3688 semi-

2437 3750 2572 3786 nans
2612 3749 2787 3786 semen
2843 3731 3128 3786 secundum
3187 3748 3351 3802 genus
3389 3740 3438 3783 et
3484 3729 3904 3783 similitudinem.
3948 3727 4005 3780 In

2437 3827 2524 3879 his
2550 3838 2771 3895 quoque
2795 3838 2990 3876 rursus
3017 3821 3241 3874 minime
3272 3834 3620 3889 consequens
3645 3827 3704 3871 et
3741 3817 3848 3870 sibi
3893 3831 4006 3869 non

2437 3918 2814 3980 consentiens,
2847 3916 2890 3969 si
2949 3916 3190 3969 litteram
3247 3923 3488 3983 spectes,
3552 3910 3776 3964 videtur
3832 3907 4009 3962 dictio

2437 4010 2755 4082 Scriptum.
2813 4009 2949 4064 Nam
3000 4008 3235 4077 loquens
3269 4007 3325 4060 in
3377 4005 3641 4060 feminino
3686 4017 3891 4072 genere
3939 4017 4006 4054 ex

2436 4103 2624 4173 regula
2653 4101 3158 4172 grammaticorum,
3195 4099 3362 4153 desiit
3402 4099 3455 4151 in
3487 4105 3764 4158 neutrum,
3795 4095 4005 4150 6011κὶ-

2437 4204 2523 4249 net
2571 4194 2742 4255 enim,
2779 4193 2983 4262 inquit,
3031 4201 3174 4245 terra
3204 4190 3420 4244 herbam
3468 4189 3576 4257 feni
3623 4187 3916 4240 seminans.
3949 4185 4004 4240 Si

2436 4301 2569 4355 ergo
2610 4284 2677 4339 ad
2737 4283 2966 4338 herbam
3023 4282 3330 4337 deducatur
3383 4280 3747 4334 seminantem
3791 4292 4003 4339 semen,

2438 4385 2584 4432 recte
2627 4376 2830 4430 habet:
2871 4375 2957 4429 sin
3005 4383 3189 4428 autem
3214 4371 3282 4426 ad
3335 4371 3461 4441 feni,
3498 4371 3652 4425 dicas
3681 4367 4002 4428 convenire,

2439 4471 2707 4524 seminans
2727 4484 2926 4522 semen.
2971 4465 3256 4536 Scriptura
3286 4464 3609 4532 relinquens
3631 4463 3771 4516 hanc
3799 4475 4002 4514 conse-

780 4555 890 4607 tum
934 4569 1196 4607 ascensus
1243 4569 1508 4623 aquarum
1536 4565 1591 4607 et
1635 4570 1826 4608 earum
1859 4554 1912 4608 in
1953 4569 2113 4608 suum
2153 4555 2336 4608 locum
2367 4536 2413 4592 Ῐ)
2439 4559 2742 4630 quentiam,
2768 4557 2925 4620 dicit,
2949 4555 3232 4610 Seminans
3267 4571 3456 4608 semen
3491 4554 3781 4606 secundum
3813 4567 4001 4622 genus.

781 4641 1130 4696 reversionis.
1156 4643 1440 4708 Quomodo
1469 4660 1660 4697 rursus
1714 4644 1770 4697 iu
1827 4643 2079 4699 1101110118
2123 4647 2192 4700 118
2216 4662 2340 4716 qua:

779 4735 834 4790 in
867 4735 1153 4803 Pentapoli
1180 4736 1472 4789 Barbariea
1499 4735 1760 4790 dicuntur
1781 4737 1954 4808 Advta
1981 4753 2148 4806 super
2168 4754 2340 4808 aquas

777 4827 955 4880 fertur
1015 4834 1161 4880 terra
1209 4827 1544 4880 convineens
1607 4827 1921 4881 incredulos
1973 4828 2119 4898 quod
2173 4845 2339 4898 super

778 4932 948 4986 aquas
967 4932 1134 4987 supra
1180 4927 1433 4972 naturam
1461 4921 1604 4974 Deus
1649 4938 1868 4990 gravem
1907 4923 2196 4992 suspendit
2226 4933 2337 4976 ter-

779 5023 930 5062 ram:
957 5009 1101 5077 quod
1132 5009 1272 5078 lapis
1312 5026 1343 5064 a
1381 5022 1561 5065 monte
1593 5013 1874 5067 abscissus
1904 5015 2018 5083 ipse
2062 5015 2342 5083 angularis

775 5098 1049 5163 Christus,
1079 5109 1221 5153 terra
1258 5102 1497 5169 genitam
1534 5111 1780 5157 nostram
1811 5105 2110 5158 essentiam
2160 5104 2338 5158 admi-

776 5191 1026 5247 rabiliter
1049 5194 1275 5247 extollet
1295 5210 1462 5264 supra
1494 5210 1684 5264 aquas,
1716 5196 1976 5250 videlicet
2025 5212 2190 5265 supra
2228 5213 2337 5251 ete-

778 5287 878 5341 los.
921 5285 1193 5342 Similiter
1212 5286 1375 5339 etiam
1403 5286 1458 5340 in
1484 5287 1763 5341 montibus
1801 5287 1980 5357 Lycia:
2020 5288 2114 5357 qui
2144 5286 2338 5340 dicun-

779 5387 891 5441 tur,
927 5394 1067 5447 aqua
1095 5387 1151 5432 et
1184 5380 1323 5447 ignis
1345 5379 1508 5434 simul
1535 5387 1761 5441 coeunt,
1785 5395 1887 5433 nos
1917 5379 2341 5434 1100001081ηὰ1-

777 5467 995 5522 viduam
1013 5468 1214 5524 Christi
1249 5469 1553 5524 divinitatis
1579 5479 1635 5524 et
1669 5469 2028 5524 humanitatis
2053 5470 2340 5524 unionem.

778 5560 910 5614 Nam
944 5561 988 5615 si
1030 5571 1116 5615 est
1140 5573 1334 5615 natura
1369 5563 1638 5633 sapientia
1668 5573 1725 5618 et
1754 5563 1914 5619 dator
1947 5564 2254 5635 sapientize,
2283 5575 2342 5618 ct

780 5650 836 5705 in
898 5653 1164 5722 sapientia
1227 5656 1409 5708 omnia
1446 5655 1576 5708 fecit
1619 5657 1764 5710 Deus
1811 5657 1981 5712 Filius
2039 5659 2160 5721 Dei,
2195 5658 2339 5712 sicut

863 5852 877 5865 ο
909 5834 1094 5891 1111111.
1119 5853 1232 5904 sui,
1264 5839 1332 5904 3;
1368 5839 1500 5895 Luc.
1538 5856 1647 5903 viil,
1707 5845 1758 5895 5.

2435 4651 2657 4706 videtur
2687 4657 2872 4703 autem
2903 4647 3038 4701 mihi
3078 4663 3201 4701 esse
3253 4645 3450 4699 harum
3497 4659 3684 4699 rerum
3727 4643 4004 4713 ejusmodi

2433 4742 2851 4812 consequentia,
2874 4749 2936 4795 ut
2963 4740 3130 4793 illud:
3159 4739 3422 4794 Germinet
3450 4737 3674 4807 quidem
3713 4745 3860 4790 terra
3889 4739 4007 4790 tier-

2435 4837 2558 4891 bam
2605 4835 2713 4904 feni
2785 4833 3003 4888 dicatur
3049 4848 3078 4886 a
3134 4832 3247 4886 Deo
3303 4831 3371 4884 ad
3425 4830 3638 4884 animas
3687 4828 4002 4883 infertiles:

2438 4927 2574 4982 illud
2635 4935 2818 4980 autem
2868 4925 3189 4977 :seminans
3243 4939 3420 4976 semen
3479 4922 3768 4974 secundum
3803 4936 4004 4990 genus:

2436 5017 2604 5088 870
2632 5015 2852 5069 Videtur
2880 5013 3016 5068 mihi
3071 5013 3218 5083 quod
3266 5013 3413 5067 Deus
3454 5013 3610 5082 jubet
3653 5012 3828 5066 choro
3868 5028 4006 5082 apo-

2438 5107 2728 5162 stolorum.
2781 5104 2937 5160 Unde
2965 5113 3093 5175 post
3138 5105 3260 5174 ejus
3307 5103 3540 5166 exitum,
3577 5101 3677 5172 qui
3713 5109 3800 5156 est
3848 5117 3880 5155 a
3907 5101 4010 5156 Pa-

2438 5211 2521 5255 tre
2580 5197 2986 5268 inseparabilis.
3045 5197 3267 5252 dicebat
3314 5195 3381 5250 de
3434 5196 3659 5264 seipse,
3712 5193 3863 5248 Exiit
3918 5211 4007 5264 qui

2434 5295 2685 5357 seminat,
2730 5292 2800 5344 ad
2860 5289 3233 5344 seminandum
3293 5289 3539 5350 semen’,
3603 5286 4008 5352 verbi,secun-

2436 5384 2568 5438 dum
2620 5393 2861 5453 gentem,
2900 5391 2961 5435 et
2994 5380 3297 5435 secundum
3335 5380 3614 5449 regionem
3669 5379 3724 5432 in
3779 5379 4005 5432 univer-

2437 5492 2495 5530 sa
2524 5485 2666 5529 terra
2703 5489 2824 5543 qua:
2853 5473 3007 5543 prius
3057 5473 3358 5527 vocabatur
3387 5471 3580 5525 arida:
3634 5486 3802 5539 super
3840 5485 4002 5540 quam

2437 5565 2762 5628 descendit,
2817 5574 3074 5634 tanquam
3149 5565 3333 5633 pluvia
3397 5577 3563 5632 super
3623 5561 3822 5622 vellus,
3874 5561 4004 5612 Ver-

2443 5661 2570 5714 bum
2632 5661 2726 5714 1101
2779 5675 2900 5713 011111
2970 5657 3252 5711 seminans
3320 5663 3376 5710 ct
3425 5655 3669 5710 dicens:
3736 5653 4002 5707 (ienninet
