4200 6440
191 373 300 432 839
1287 382 1363 441 IV
1407 383 1770 444 HEXAEME

1866 388 1947 446 »Νι
1980 410 2046 420 -
2072 386 2215 446 LIB.
2265 389 2350 445 ιγ.
3329 393 3438 456 890

192 499 338 538 terra
371 487 598 542 humani
622 491 827 545 cordis.
865 496 924 542 ut
947 505 1067 558 qua:
1098 506 1207 546 non
1229 505 1378 548 esset
1424 496 1578 564 prius
1605 497 1760 550 arida
1790 503 1835 558 Α
1863 502 2081 568 (nempe
2115 499 2258 552 bona
2289 504 2455 562 terra)
2482 497 2718 566 primum
2761 499 2983 566 quidem
3032 499 3256 554 herbam
3297 502 3430 563 feni.

194 581 249 634 in
287 582 462 648 priori
514 582 891 638 infertilitate:
959 586 1052 640 sed
1097 588 1369 656 germinet
1414 588 1679 658 deinceps
1705 597 1763 642 et
1865 604 2058 657 nempe
2088 587 2479 656 simpliciorem
2503 596 2558 640 et
2583 586 3058 642 delicatumVerbi
3087 588 3433 658 fructumqui

192 675 396 730 floreat
462 687 723 746 tanquam
770 677 967 738 lilium,
1014 688 1074 732 ut
1123 697 1235 734 non
1283 680 1518 734 suﬂ‘ocet
1571 697 1761 735 semen
1862 683 2122 736 convenit
2167 678 2414 735 Judaicis
2462 687 2518 731 et
2559 678 2786 732 rationis
2837 677 3016 732 minus
3065 679 3430 748 participibus

193 767 496 821 multitudo
562 769 866 836 spinarum.
929 771 1300 825 Reccsserunt
1351 775 1590 826 tenebrae
1639 788 1762 841 quae
1861 773 2064 825 Christi
2093 772 2271 841 gregis
2295 770 2575 824 animisad
2601 770 2784 823 cibum
2813 767 3437 825 infantioribusetlaete

193 859 352 928 prius
377 872 538 915 erant
589 877 756 930 super
782 878 901 915 eam
941 882 952 916 :
981 881 1134 932 aqum
1166 875 1295 918 sunt
1333 867 1758 935 congregatm’iu

195 968 327 1006 suas
349 954 808 1023 congregationcs
847 974 858 1008 :
890 956 1090 1011 fluvius
1120 959 1274 1013 verbi
1296 960 1388 1014 Dei
1410 962 1667 1029 impletus
1681 970 1765 1015 est

193 1046 354 1112 aquis
385 1045 623 1112 irrigans
650 1047 798 1101 hunc
830 1049 1144 1117 paradisum
1192 1052 1467 1106 Ecclesiae.
1504 1051 1764 1106 Fluminis

196 1137 423 1202 impetus
452 1135 686 1202 lartiﬁcat
710 1137 976 1191 civitatem
1009 1138 1106 1193 Dei
1139 1141 1180 1204 ³,
1221 1156 1516 1210 supernam
1544 1144 1765 1199 Jerusa-

197 1227 334 1280 lem:
368 1226 615 1280 Pluriam
637 1229 997 1282 uoluntariam
1034 1233 1325 1300 segregavit
1378 1231 1512 1285 Deus
1547 1235 1767 1288 harndi-

199 1325 298 1375 tati
322 1338 434 1375 sua:
462 1322 521 1387 ⁴;
549 1339 746 1392 nempe
767 1325 1046 1392 gentium:
1112 1325 1454 1393 pruentiam
1504 1327 1764 1395 Spiritus,

194 1427 307 1480 quo
337 1413 526 1466 sulcos
591 1428 723 1466 suos
777 1412 1035 1478 inebriat,
1081 1423 1139 1469 et
1181 1416 1510 1484 multiplicat
1556 1416 1768 1470 fructus

195 1517 329 1556 suos
361 1503 416 1555 in
448 1503 671 1572 triginta
731 1513 789 1558 et
838 1506 1116 1573 sexaginta
1146 1515 1202 1560 et
1245 1519 1500 1561 centum.
1550 1508 1617 1562 Et
1655 1519 1766 1562 tor-

198 1605 349 1647 rente
387 1594 678 1664 voluptatis
711 1597 913 1666 potabis
957 1613 1063 1660 eos,
1099 1601 1348 1667 quoniam
1397 1601 1544 1669 apud
1594 1601 1767 1668 ipsum

195 1695 274 1738 est
308 1687 425 1754 fons
451 1689 573 1740 vita:
609 1688 670 1749 ';
715 1689 783 1740 de
831 1696 1032 1741 caetero
1077 1690 1158 1743 sic
1188 1706 1335 1744 nunc
1370 1691 1593 1759 irrigata
1647 1708 1769 1760 qua:

197 1778 357 1845 prius
383 1787 505 1831 erat
567 1777 743 1840 arida,
785 1779 1058 1847 germinet
1088 1789 1148 1834 ut
1184 1791 1329 1834 terra
1382 1781 1502 1842 Dei,
1541 1782 1767 1836 herbam

197 1871 311 1924 feni
330 1870 594 1940 gentibus
616 1887 738 1940 qua:
752 1871 1074 1941 priuserant
1092 1883 1346 1943 expertes
1371 1874 1768 1940 rationis.Quo-
1804 1851 1843 1907 Β

197 1964 349 2018 niam
390 1965 480 2017 bos
503 1973 708 2026 arator,
751 1967 987 2034 populus
1030 1966 1126 2034 qui
1156 1967 1314 2036 prius
1364 1975 1486 2020 erat
1515 1978 1769 2022 assuetus

195 2056 524 2121 sacriﬁciis;
555 2060 792 2127 cognovit
822 2075 941 2111 cum
964 2061 1052 2128 qui
1096 2060 1318 2128 possedit
1342 2061 1536 2128 ipsum,
1590 2076 1767 2128 popu—

194 2149 312 2202 lum
373 2150 735 2216 peculiarem.
782 2150 925 2205 Deus
977 2151 1126 2204 enim
1163 2152 1330 2220 elegit
1381 2168 1508 2204 eum
1553 2152 1659 2205 sibi
1713 2152 1769 2205 in

196 2242 621 2298 hereditatem:
657 2243 725 2297 Et
752 2245 934 2297 asinus
970 2245 1201 2314 agrestis
1222 2246 1457 2314 populus
1479 2245 1766 2298 idololatra

192 2336 437 2402 cognorit
474 2349 702 2404 praesepe
728 2333 941 2387 Domini
965 2336 1108 2397 sui‘,
1152 2335 1432 2389 Bethleem
1456 2334 1630 2389 Judte.
1650 2336 1768 2390 Illic

189 2426 345 2480 enim
383 2441 516 2480 eum
550 2426 798 2480 adoravit
824 2443 922 2496 per
959 2427 1196 2496 Magicas
1231 2427 1528 2495 primitias.
1559 2427 1766 2493 Quam-

192 2516 395 2570 obrem
431 2519 690 2586 germinet
731 2526 874 2570 terra
909 2519 1126 2570 herbam
1164 2521 1292 2588 feni.
1338 2519 1397 2574 ln
1429 2519 1582 2573 Eden
1615 2521 1766 2574 enim

192 2607 310 2661 loco
343 2625 559 2677 pascua:
591 2608 859 2677 paradisi,
887 2609 959 2663 ibi
1018 2626 1112 2662 nos
1155 2609 1464 2663 collocavit:
1492 2610 1560 2663 Et
1607 2627 1769 2678 super

189 2717 395 2769 aquam
418 2702 607 2769 quietis
629 2700 865 2753 educavit
891 2709 941 2752 et
960 2702 1212 2753 convertit
1249 2702 1289 2765 ⁷,
1315 2703 1516 2754 amotis
1537 2701 1608 2754 ab
1626 2717 1768 2770 aqua

187 2793 486 2849 veteribus
514 2793 783 2856 tenebris,
807 2803 864 2846 et
897 2793 1100 2862 quietis
1126 2809 1266 2861 aqua
1324 2793 1464 2846 facta
1503 2809 1644 2861 aqua
1674 2793 1769 2846 ba-

188 2887 503 2957 ptismatis,
537 2885 592 2938 in
616 2901 727 2955 quo
757 2884 1068 2954 depositum
1123 2893 1208 2939 est
1247 2901 1388 2938 onus
1417 2895 1766 2954 peccatorum

188 2979 571 3050 presentibus
623 2985 680 3032 et
730 2977 1186 3042 redundantibus,
1231 2985 1290 3031 et
1327 2977 1551 3031 fluvium
1602 2994 1766 3032 manu

191 3070 542 3125 unanimiter
601 3069 917 3123 tenentibus
969 3068 1264 3137 gentibus,
1318 3077 1374 3121 et
1415 3067 1763 3122 dicentibus:

1861 863 2154 933 egentibus
2180 880 2193 915 :
2221 863 2314 916 Est
2332 862 2480 916 enim
2500 861 2881 931 perfectorum;
2911 876 3108 929 nempe
3131 871 3320 914 noster
3340 861 3434 930 qui

1864 974 2054 1012 sumus
2081 956 2301 1011 fideles:
2341 956 2482 1010 cibus
2505 955 2722 1013 solidus,
2758 970 2921 1023 quem
2953 963 3175 1024 portant
3207 954 3432 1023 perfecti

1864 1049 1932 1103 de
1958 1049 2162 1118 quibus
2189 1050 2398 1102 dictum
2427 1057 2543 1101 est:
2591 1047 2864 1102 Germinct
2892 1055 3048 1100 terra:
3075 1046 3295 1098 herbam
3325 1048 3433 1112 feni

1865 1153 1913 1195 et
1943 1143 2141 1212 lignum
2161 1141 2490 1211 fructiferum
2518 1141 2712 1210 faciens
2741 1140 2991 1208 fructum,
3035 1141 3196 1209 cujus
3244 1154 3430 1192 semen

1865 1236 1985 1304 ejus
2010 1236 2064 1288 in
2090 1237 2229 1304 ipso.
2261 1234 2394 1288 Nam
2428 1249 2646 1302 semper
2665 1232 2974 1302 geminans.
3008 1241 3064 1285 et
3085 1232 3177 1300 qui
3207 1230 3433 1284 minimc

1867 1327 2058 1380 interit
2102 1343 2165 1380 ac
2229 1325 2648 1394 corrumpitur,
2719 1333 2804 1378 est
2858 1326 3076 1376 fructus
3121 1322 3428 1391 Evangelii.

1869 1418 2097 1486 Lignum
2129 1417 2496 1479 fructifcrum,
2521 1417 2781 1484 quoniam
2813 1417 2982 1469 omnis
3015 1416 3170 1469 arbor
3190 1432 3306 1482 qua:
3328 1431 3432 1468 non

1868 1511 1993 1578 facit
2018 1509 2248 1577 fructum
2268 1508 2458 1560 bonum
2471 1505 2793 1559 exscinditur
2805 1516 2854 1558 et
2877 1507 2930 1558 in
2955 1507 3128 1575 ignem
3147 1506 3372 1557 mittitur
3388 1507 3429 1558 θ.

1869 1601 2100 1670 Lignmu
2159 1599 2502 1653 fructiferum
2555 1597 2765 1651 habens
2805 1596 3016 1650 fructus
3063 1598 3328 1666 spiritus,
3376 1606 3436 1650 ut

1867 1711 2059 1750 eorum
2095 1696 2188 1763 qui
2215 1710 2361 1746 [nunc
2399 1693 2620 1746 dicunt:
2656 1691 2768 1761 Ego
2805 1700 2984 1744 autem
3037 1700 3293 1759 tanquam
3330 1690 3434 1744 oli-

1869 1807 1933 1842 ea
1961 1786 2235 1855 fructifera
2266 1787 2322 1837 in
2353 1786 2507 1836 domo
2542 1784 2636 1836 Dei
2659 1787 2722 1838 ¹⁰.
2762 1784 2916 1839 Uudc
2943 1783 3039 1853 qui
3074 1792 3205 1836 sunt
3233 1782 3436 1836 illumi-

1871 1881 2007 1944 nati,
2040 1889 2171 1933 sunt
2198 1878 2250 1930 in
2281 1877 2447 1930 domo
2487 1877 2582 1931 Dei
2609 1877 2666 1930 in
2697 1879 2849 1930 atriis
2889 1876 2984 1930 Dei
3031 1876 3204 1930 nostri
3227 1874 3434 1928 ﬂoren-

1872 1984 1974 2034 tes,
2027 1971 2284 2040 quouiam
2324 1971 2501 2038 justus
2558 1979 2816 2039 tauquam
2871 1967 3053 2037 palma
3107 1967 3311 2037 florebit
3368 1967 3433 2029 ”,

1870 2067 2006 2120 alios
2027 2080 2243 2134 quoque
2270 2063 2483 2116 fructus
2512 2061 2739 2115 seminis
2780 2061 3124 2128 impertiens.
3175 2067 3236 2112 ut
3272 2075 3436 2112 mun-

1869 2157 1972 2210 dus
1995 2155 2159 2209 corde
2188 2163 2245 2207 et
2275 2163 2532 2221 tanquam
2557 2151 2759 2206 cedrus
2791 2166 2914 2219 qua:
2946 2150 2998 2203 in
3036 2149 3268 2212 Libano,
3292 2149 3436 2202 mul-

1870 2251 2123 2318 tiplicans
2147 2259 2202 2302 et
2237 2247 2553 2300 laitifieans:
2592 2245 2858 2312 quoniam
2910 2243 3249 2296 lmtahuntur
3286 2243 3435 2310 ejus-

1867 2339 2014 2392 modi
2044 2339 2190 2408 ligna
2216 2335 2434 2391 Domini
2464 2350 2590 2388 cum
2620 2334 2801 2387 cedris
2847 2333 2941 2386 alti
2983 2332 3200 2393 Libani,
3237 2347 3434 2399 nempe

1867 2429 2188 2484 cwlestibus
2212 2425 2581 2496 potestatibus
2605 2439 2744 2494 quas
2785 2423 3051 2478 Dominus
3085 2423 3352 2493 plantavit
3380 2429 3436 2476 et

1867 2536 1976 2574 non
2007 2520 2192 2573 homo.
2253 2517 2333 2571 Tu
2392 2524 2578 2570 autem
2630 2515 2855 2584 quando
2902 2512 3062 2567 audis
3114 2512 3265 2582 quod
3312 2520 3437 2581 post

1868 2609 2175 2679 simplicius
2212 2618 2269 2662 et
2289 2607 2592 2660 delicatum
2617 2605 3056 2658 contrimentum
3081 2604 3270 2658 herba:
3296 2604 3436 2658 Ver-

1873 2701 1950 2762 bi,
1978 2715 2144 2768 quam
2198 2707 2259 2751 ut
2291 2696 2556 2751 convenit
2595 2697 2787 2766 jussus
2834 2709 2921 2750 est
2969 2697 3178 2761 colere,
3234 2695 3436 2749 deinde

1866 2792 2033 2846 etiam
2057 2789 2288 2859 jubetur
2347 2788 2531 2840 colere
2582 2786 2786 2856 lignum
2837 2787 3177 2856 fructiferum
3235 2786 3437 2854 faciens

1868 2883 2119 2950 fructum,
2153 2883 2311 2951 cujus
2330 2896 2516 2935 semen
2536 2881 2590 2935 in
2609 2879 2948 2951 formajussa
2984 2882 3276 2951 germinat,
3297 2881 3436 2936 nihil

1872 2975 2022 3028 aliud
2050 2975 2327 3044 intelliges
2359 2989 2524 3042 quam
2560 2975 2870 3043 passionem
2905 2976 3107 3037 crucis,
3144 2975 3437 3029 Mosaicam

1868 3067 2215 3137 prophetiam
2244 3066 2406 3120 nobis
2427 3081 2739 3135 proponere
2755 3067 2820 3119 ad
2851 3066 3202 3121 imitandum.
3229 3067 3295 3122 Et
3314 3067 3441 3121 ideo

195 3160 556 3214 Exsultemus
603 3165 827 3226 propter
879 3157 1119 3210 salutare
1173 3164 1448 3221 nostrum,
1487 3171 1591 3210 nos
1617 3156 1766 3210 enim
1795 3190 1840 3250 ο
1870 3158 2282 3213 dicitEcclesize
2309 3166 2370 3213 ut
2398 3160 2657 3227 germinet
2679 3157 2880 3227 lignum
2902 3159 3106 3223 erucis,
3149 3160 3244 3214 sed
3277 3159 3442 3214 nobis

194 3253 385 3308 induit
417 3251 752 3306 vestimento
779 3249 1037 3303 salutaris
1066 3249 1432 3318 baptismatis,
1464 3259 1522 3303 et
1549 3250 1768 3304 ornavit

193 3353 467 3414 tanquam
509 3343 842 3398 vestimento
888 3341 1082 3395 salutis
1123 3349 1180 3395 et
1231 3342 1686 3410 incorruptionis,
1712 3350 1768 3395 et

195 3436 453 3489 fontibus
484 3432 895 3501 Scripturarum
933 3432 1368 3486 scaturientibus
1398 3442 1455 3486 et
1495 3433 1550 3485 in
1580 3432 1768 3485 Eccle-

193 3531 276 3583 sia
299 3529 474 3582 Deum
496 3526 954 3582 benedicentibus
983 3534 1042 3580 ct
1067 3526 1360 3580 Dominum
1386 3527 1572 3581 Jesum
1607 3525 1768 3580 Chri-

197 3631 380 3674 stum:
437 3620 541 3673 hoc
595 3628 682 3674 est
727 3619 1007 3689 gentibus,
1056 3635 1124 3673 ex
1161 3618 1407 3674 fontibus
1449 3617 1768 3688 apostolicis

197 3711 389 3766 Israel.
427 3710 585 3764 Illinc
601 3710 844 3764 enimest
867 3725 1042 3779 genus
1066 3709 1272 3779 ipsius:
1303 3711 1372 3764 Et
1402 3724 1569 3780 super
1609 3725 1769 3763 mon—

199 3815 283 3860 tes
323 3802 701 3858 Ecclesiarum
724 3801 1002 3856 stantibus
1026 3802 1188 3871 aquis
1218 3803 1550 3872 populorum
1585 3801 1770 3871 bapti-

198 3906 452 3950 zatorum
493 3895 765 3966 geminet
812 3903 958 3949 terra
1021 3895 1302 3966 gentium,
1351 3911 1516 3965 quam
1571 3894 1768 3964 procul

197 3988 498 4044 annuntiat
526 3988 755 4042 dicens:
789 3986 990 4041 Veritas
1015 3987 1078 4040 de
1105 3997 1248 4041 terra
1271 3995 1389 4040 orta
1428 3996 1524 4050 est,
1553 3996 1602 4040 et
1626 3996 1769 4041 terra

197 4089 383 4133 nostra
412 4078 557 4132 dabit
579 4078 807 4146 fructum
858 4094 1013 4132 suum
1043 4079 1086 4130 ³.
1135 4076 1407 4143 Quoniam
1454 4078 1594 4133 bene
1617 4093 1766 4132 com-

197 4173 411 4244 placuit
430 4172 553 4235 tibi,
575 4172 828 4235 Domine,
848 4180 995 4226 terra
1015 4180 1127 4236 tua,
1153 4189 1275 4242 quae
1291 4171 1468 4228 audiit
1481 4181 1538 4225 et
1555 4171 1766 4225 obediit

195 4267 246 4319 ei
269 4265 368 4335 qui
402 4265 578 4334 ipsam
606 4265 880 4318 convertit
907 4272 965 4318 et
999 4263 1172 4319 dixit:
1208 4264 1477 4320 Germinet
1516 4263 1763 4318 Ecclesia

1869 3252 2002 3305 solis
2031 3252 2236 3316 fertile,
2277 3250 2484 3305 Judzeis
2515 3259 2700 3304 autem
2757 3251 3079 3306 scandalum
3129 3259 3188 3307 et
3248 3252 3436 3306 incre-

1867 3344 2013 3398 dulis
2039 3343 2366 3398 stultitiam:
2397 3344 2608 3397 faciens
2627 3353 2815 3397 autem
2831 3343 3073 3397 fructum
3105 3354 3163 3399 et
3209 3355 3434 3414 aspectu

1869 3433 2160 3502 pulchrum
2195 3442 2252 3486 et
2286 3433 2494 3486 bonum
2535 3433 2604 3486 ad
2654 3433 3012 3499 vescendum,
3048 3449 3245 3504 nempe
3279 3434 3438 3488 Chri-

1869 3535 2014 3580 stum
2057 3525 2406 3587 crucifixum.
2438 3542 2602 3596 quem
2635 3527 2950 3596 colligimus
2989 3527 3327 3595 accipientes
3369 3542 3438 3580 ex

1869 3631 2026 3690 parte
2057 3620 2193 3690 justi
2228 3621 2480 3682 latronis,
2531 3620 2930 3689 blasphemiam
2962 3629 3146 3675 autem
3173 3619 3438 3687 dejicien-

1870 3719 1973 3774 Ies,
2003 3721 2059 3766 et
2088 3712 2191 3781 ipsi
2219 3727 2444 3766 crucem
2469 3712 2832 3766 ascendentes
2858 3719 2920 3765 ut
2940 3712 3203 3782 utrinque
3227 3710 3436 3766 Christi

1865 3801 2121 3856 eamdem
2177 3801 2546 3870 prtediccmus
2598 3799 2930 3868 theologiam
2970 3798 3023 3852 in
3066 3805 3318 3867 tempore
3350 3795 3436 3849 ef-

1870 3893 2000 3948 fecti
2033 3892 2394 3946 immortales.
2424 3890 2600 3962 Cujus
2653 3891 2868 3945 fructus
2898 3904 3086 3944 semen
3123 3898 3209 3943 cst
3252 3889 3434 3943 Evan-

1866 3985 2040 4055 gelica
2054 3982 2370 4052 praedicatio
2397 3981 2541 4036 facta
2573 3997 2638 4035 ex
2659 3982 2776 4050 ipso
2807 3980 3012 4046 fructu,
3045 3990 3102 4035 et
3126 3981 3448 4051 procedens.

1872 4079 1930 4132 in
1964 4085 2163 4129 terram
2219 4074 2448 4128 dilatata
2498 4083 2555 4128 et
2583 4074 2830 4143 dispersa
2879 4073 3104 4142 quando
3154 4071 3435 4128 mandavit

1872 4166 2190 4236 discipulis:
2221 4164 2299 4218 Ite
2327 4171 2377 4215 et
2397 4163 2682 4233 praedicate
2733 4161 3082 4233 Evangelium
3115 4162 3260 4215 omni
3286 4175 3434 4214 crea-

1871 4271 2037 4315 turat:
2065 4259 2168 4329 ipsi
2200 4257 2373 4328 gloria
2409 4258 2466 4312 in
2489 4259 2686 4312 ssecula
2710 4257 3057 4311 szeculorum.
3089 4255 3285 4310 Amen.

267 4415 456 4470 ’Psal.
501 4432 623 4478 xcv,
653 4415 707 4468 5.
780 4415 964 4470 "Psal.
1016 4431 1178 4478 uvu,
1221 4414 1306 4468 10.
1380 4414 1402 4445 ⁸
1452 4415 1591 4470 Psal.
1626 4430 1786 4476 xxxv,
1824 4415 1876 4470 9.
1949 4414 1970 4443 ‘
2011 4415 2176 4478 lsa.t,
2207 4414 2258 4468 5.
2335 4411 2355 4441 ⁷
2383 4410 2525 4466 Psal.
2587 4409 2796 4475 xxu,5.
2870 4407 2891 4438 '
2936 4405 3079 4462 Psal.
3136 4419 3318 4470 sum,
3347 4403 3431 4458 ﬁ-

198 4487 218 4516 ’
254 4486 450 4541 Iatth.
511 4501 592 4551 ιιι,
632 4485 718 4540 10.
797 4487 841 4516 ¹⁰
879 4487 1022 4540 Psal.
1055 4503 1124 4552 ιι,
1162 4485 1246 4540 10.
1321 4485 1361 4515 ¹¹
1393 4484 1534 4540 Psal.
1571 4501 1677 4552 xei,
1717 4485 1801 4540 15.

1311 4765 1658 4853 LIBER
1743 4765 2342 4871 QUARTUS.

1386 4976 1465 5016 ne
1505 4975 1759 5027 ρυΑιιτο
1794 4974 1899 5015 me
1929 4974 2324 5019 CREATIONIS.

270 5263 338 5318 Et
354 5262 492 5316 dixit
510 5261 648 5316 Deus
669 5278 688 5317 :
706 5261 863 5318 Fiant
892 5264 1185 5321 luminaria
1205 5266 1271 5331 ain
1294 5265 1632 5332 ﬁrmamento
1649 5269 1766 5322 cmli
1796 5265 1843 5325 D
1867 5280 1935 5319 ex
1965 5266 2146 5321 littera
2177 5266 2488 5329 historiam,
2531 5266 2896 5337 spiritualiter
2929 5266 3249 5337 corporales
3274 5282 3430 5322 crea-

201 5356 269 5409 ad
319 5356 772 5411 illuminationem
827 5374 987 5429 super
1035 5369 1256 5424 terram,
1304 5361 1376 5414 ad
1405 5363 1768 5431 separandum

201 5448 336 5500 inter
351 5448 494 5501 diem
534 5455 585 5501 et
614 5449 751 5502 inter
784 5459 1004 5505 noctem.
1027 5449 1264 5521 Equum
1307 5467 1430 5508 esse
1487 5453 1765 5518 existimo,

203 5539 476 5608 valdeque
526 5540 969 5609 amplectendum
1013 5553 1071 5598 et
1125 5544 1258 5599 utile
1293 5559 1394 5614 per
1443 5545 1757 5601 universam

207 5639 452 5714 nostram
477 5647 575 5687 sex
596 5633 814 5687 dierum
841 5635 1264 5703 exjuisitionem,
1284 5635 1584 5692 admonere
1611 5639 1765 5693 audi-

207 5728 356 5776 tores
383 5722 532 5791 quod
557 5723 1054 5780 nondissolventes
1104 5727 1197 5781 Dei
1224 5741 1454 5796 operum
1505 5744 1628 5797 qua:
1682 5738 1768 5783 cst

1871 5369 2021 5414 turas
2041 5361 2366 5429 exponimus
2386 5376 2484 5430 per
2506 5360 2824 5430 allegoriam
2854 5377 2867 5412 :
2894 5375 3074 5430 neque
3116 5369 3432 5417 evertentes

1867 5453 2089 5508 Patrum
2150 5453 2544 5523 expositiones,
2583 5453 2678 5506 sed
2722 5453 3016 5507 audientes
3061 5453 3213 5507 orbis
3274 5465 3432 5509 terra:

1869 5543 2138 5598 luminare
2185 5551 2242 5595 et
2291 5543 2653 5598 clarissimam
2693 5543 3429 5598 EeclesimluccrnamPau-

1868 5638 1982 5691 lum
2042 5637 2315 5690 dicentem
2368 5637 2514 5706 quod
2579 5645 2737 5691 vetus
2766 5637 3052 5707 Scriptura
3100 5647 3156 5691 et
3206 5637 3294 5691 lex
3342 5649 3427 5692 est

1871 5729 2061 5782 tuubra
2097 5729 2346 5784 veritatis
2376 5746 2559 5785 rerum
2573 5729 2844 5784 Christiet
2877 5730 3171 5786 Ecclesiae:
3201 5737 3257 5784 et
3280 5730 3428 5800 quod
