  <div class='ocr_page' id='page_1' title='image "/cluster/home/n/w/nwhite01/storage/ocr_20150623/89/nnc1.0046980172/471.png"; bbox 0 0 4200 6440; ppageno 0'>
   <div class='ocr_carea' id='block_1_1' title="bbox 800 558 2359 654">
    <p class='ocr_par' dir='ltr' id='par_1_1' title="bbox 800 558 2359 654">
     <span class='ocr_line' id='line_1_1' title="bbox 800 558 2359 654; baseline 0.02 -45"><span class='ocrx_word' id='word_1_1' title='bbox 800 558 941 611; x_wconf 75' lang='lat' dir='ltr'><strong>facta</strong></span> <span class='ocrx_word' id='word_1_2' title='bbox 971 569 1119 623; x_wconf 88' lang='lat' dir='ltr'><strong>sunt,</strong></span> <span class='ocrx_word' id='word_1_3' title='bbox 1155 570 1262 613; x_wconf 87' lang='lat' dir='ltr'><strong>tam</strong></span> <span class='ocrx_word' id='word_1_4' title='bbox 1309 580 1431 633; x_wconf 66' lang='lat' dir='ltr'><strong>qute</strong></span> <span class='ocrx_word' id='word_1_5' title='bbox 1483 581 1611 623; x_wconf 86' lang='lat' dir='ltr'><strong>sunt</strong></span> <span class='ocrx_word' id='word_1_6' title='bbox 1646 574 1699 626; x_wconf 93' lang='lat' dir='ltr'><strong>in</strong></span> <span class='ocrx_word' id='word_1_7' title='bbox 1737 580 1893 633; x_wconf 75' lang='lat' dir='ltr'><strong>etelis</strong></span> <span class='ocrx_word' id='word_1_8' title='bbox 1948 598 2110 649; x_wconf 84' lang='lat' dir='ltr'><strong>quam</strong></span> <span class='ocrx_word' id='word_1_9' title='bbox 2158 603 2278 654; x_wconf 83' lang='lat' dir='ltr'><strong>qna-</strong></span> <span class='ocrx_word' id='word_1_10' title='bbox 2308 590 2359 639; x_wconf 90' lang='lat' dir='ltr'><strong>in</strong></span> 
     </span>
    </p>
   </div>
   <div class='ocr_carea' id='block_1_2' title="bbox 798 654 2362 745">
    <p class='ocr_par' dir='ltr' id='par_1_2' title="bbox 798 654 2362 745">
     <span class='ocr_line' id='line_1_2' title="bbox 798 654 2362 745; baseline 0.019 -44"><span class='ocrx_word' id='word_1_11' title='bbox 798 660 964 704; x_wconf 92' lang='lat' dir='ltr'><strong>terra.</strong></span> <span class='ocrx_word' id='word_1_12' title='bbox 1024 654 1089 705; x_wconf 75' lang='lat' dir='ltr'><strong>Et</strong></span> <span class='ocrx_word' id='word_1_13' title='bbox 1135 654 1261 709; x_wconf 87' lang='lat' dir='ltr'><strong>ideo</strong></span> <span class='ocrx_word' id='word_1_14' title='bbox 1301 661 1645 718; x_wconf 79' lang='lat' dir='ltr'><strong>excutientcs</strong></span> <span class='ocrx_word' id='word_1_15' title='bbox 1700 670 1904 736; x_wconf 81' lang='lat' dir='ltr'><strong>spicam</strong></span> <span class='ocrx_word' id='word_1_16' title='bbox 1952 673 2252 745; x_wconf 73' lang='lat' dir='ltr'><strong>Scriptura:</strong></span> <span class='ocrx_word' id='word_1_17' title='bbox 2294 680 2362 731; x_wconf 90' lang='lat' dir='ltr'><strong>ab</strong></span> 
     </span>
    </p>
   </div>
   <div class='ocr_carea' id='block_1_3' title="bbox 797 746 2358 833">
    <p class='ocr_par' dir='ltr' id='par_1_3' title="bbox 797 746 2358 833">
     <span class='ocr_line' id='line_1_3' title="bbox 797 746 2358 833; baseline 0.021 -40"><span class='ocrx_word' id='word_1_18' title='bbox 797 746 1137 799; x_wconf 78' lang='lat' dir='ltr'><strong>extrinsecus</strong></span> <span class='ocrx_word' id='word_1_19' title='bbox 1195 751 1454 819; x_wconf 90' lang='lat' dir='ltr'><strong>imposito</strong></span> <span class='ocrx_word' id='word_1_20' title='bbox 1512 762 1776 824; x_wconf 90' lang='lat' dir='ltr'><strong>operculo</strong></span> <span class='ocrx_word' id='word_1_21' title='bbox 1836 764 2033 819; x_wconf 64' lang='lat' dir='ltr'><strong>litterae</strong></span> <span class='ocrx_word' id='word_1_22' title='bbox 2089 769 2358 833; x_wconf 68' lang='lat' dir='ltr'><strong>Mosait-as,</strong></span> 
     </span>
    </p>
   </div>
   <div class='ocr_carea' id='block_1_4' title="bbox 795 835 2360 925">
    <p class='ocr_par' dir='ltr' id='par_1_4' title="bbox 795 835 2360 925">
     <span class='ocr_line' id='line_1_4' title="bbox 795 835 2360 925; baseline 0.02 -41"><span class='ocrx_word' id='word_1_23' title='bbox 795 835 1028 902; x_wconf 85' lang='lat' dir='ltr'><strong>primam</strong></span> <span class='ocrx_word' id='word_1_24' title='bbox 1050 840 1341 904; x_wconf 91' lang='lat' dir='ltr'><strong>rationem,</strong></span> <span class='ocrx_word' id='word_1_25' title='bbox 1374 859 1629 912; x_wconf 79' lang='lat' dir='ltr'><strong>granum,</strong></span> <span class='ocrx_word' id='word_1_26' title='bbox 1666 850 1908 920; x_wconf 86' lang='lat' dir='ltr'><strong>inquam,</strong></span> <span class='ocrx_word' id='word_1_27' title='bbox 1945 861 2089 925; x_wconf 90' lang='lat' dir='ltr'><strong>quod</strong></span> <span class='ocrx_word' id='word_1_28' title='bbox 2119 873 2203 915; x_wconf 80' lang='lat' dir='ltr'><strong>est</strong></span> <span class='ocrx_word' id='word_1_29' title='bbox 2234 865 2360 915; x_wconf 81' lang='lat' dir='ltr'><strong>nhs-</strong></span> 
     </span>
    </p>
   </div>
   <div class='ocr_carea' id='block_1_5' title="bbox 794 931 2361 1024">
    <p class='ocr_par' dir='ltr' id='par_1_5' title="bbox 794 931 2361 1024">
     <span class='ocr_line' id='line_1_5' title="bbox 794 931 2361 1024; baseline 0.021 -47"><span class='ocrx_word' id='word_1_30' title='bbox 794 940 1018 983; x_wconf 83' lang='lat' dir='ltr'><strong>consunt</strong></span> <span class='ocrx_word' id='word_1_31' title='bbox 1056 931 1197 984; x_wconf 88' lang='lat' dir='ltr'><strong>intra</strong></span> <span class='ocrx_word' id='word_1_32' title='bbox 1229 933 1590 1004; x_wconf 80' lang='lat' dir='ltr'><strong>frumentum,</strong></span> <span class='ocrx_word' id='word_1_33' title='bbox 1631 960 1823 1013; x_wconf 90' lang='lat' dir='ltr'><strong>nempe</strong></span> <span class='ocrx_word' id='word_1_34' title='bbox 1859 949 2142 1005; x_wconf 76' lang='lat' dir='ltr'><strong>Christum</strong></span> <span class='ocrx_word' id='word_1_35' title='bbox 2182 955 2361 1024; x_wconf 88' lang='lat' dir='ltr'><strong>inqui-</strong></span> 
     </span>
    </p>
   </div>
   <div class='ocr_carea' id='block_1_6' title="bbox 796 1010 2361 1114">
    <p class='ocr_par' dir='ltr' id='par_1_6' title="bbox 796 1010 2361 1114">
     <span class='ocr_line' id='line_1_6' title="bbox 796 1010 2361 1114; baseline 0.024 -52"><span class='ocrx_word' id='word_1_36' title='bbox 796 1010 989 1067; x_wconf 84' lang='lat' dir='ltr'><strong>rimus.</strong></span> <span class='ocrx_word' id='word_1_37' title='bbox 1017 1018 1120 1069; x_wconf 77' lang='lat' dir='ltr'><strong>lles</strong></span> <span class='ocrx_word' id='word_1_38' title='bbox 1139 1035 1331 1074; x_wconf 90' lang='lat' dir='ltr'><strong>omnes</strong></span> <span class='ocrx_word' id='word_1_39' title='bbox 1356 1010 1779 1095; x_wconf 75' lang='lat' dir='ltr'><strong>przeﬁgerabant</strong></span> <span class='ocrx_word' id='word_1_40' title='bbox 1841 1035 2122 1094; x_wconf 77' lang='lat' dir='ltr'><strong>Christum</strong></span> <span class='ocrx_word' id='word_1_41' title='bbox 2160 1053 2215 1095; x_wconf 93' lang='lat' dir='ltr'><strong>et</strong></span> <span class='ocrx_word' id='word_1_42' title='bbox 2240 1010 2361 1114; x_wconf 73' lang='lat' dir='ltr'><strong>ejus</strong></span> 
     </span>
    </p>
   </div>
   <div class='ocr_carea' id='block_1_7' title="bbox 796 1105 2359 1201">
    <p class='ocr_par' dir='ltr' id='par_1_7' title="bbox 796 1105 2359 1201">
     <span class='ocr_line' id='line_1_7' title="bbox 796 1105 2359 1201; baseline 0.021 -43"><span class='ocrx_word' id='word_1_43' title='bbox 796 1105 1125 1162; x_wconf 80' lang='lat' dir='ltr'><strong>Ecclesiam:</strong></span> <span class='ocrx_word' id='word_1_44' title='bbox 1172 1112 1366 1179; x_wconf 83' lang='lat' dir='ltr'><strong>Moses,</strong></span> <span class='ocrx_word' id='word_1_45' title='bbox 1402 1119 1645 1186; x_wconf 86' lang='lat' dir='ltr'><strong>inquam,</strong></span> <span class='ocrx_word' id='word_1_46' title='bbox 1689 1134 1746 1177; x_wconf 89' lang='lat' dir='ltr'><strong>et</strong></span> <span class='ocrx_word' id='word_1_47' title='bbox 1775 1126 1997 1184; x_wconf 89' lang='lat' dir='ltr'><strong>Tabul:e</strong></span> <span class='ocrx_word' id='word_1_48' title='bbox 2054 1135 2271 1201; x_wconf 85' lang='lat' dir='ltr'><strong>priores</strong></span> <span class='ocrx_word' id='word_1_49' title='bbox 2301 1147 2359 1191; x_wconf 94' lang='lat' dir='ltr'><strong>et</strong></span> 
     </span>
    </p>
   </div>
   <div class='ocr_carea' id='block_1_8' title="bbox 794 1200 2359 1291">
    <p class='ocr_par' dir='ltr' id='par_1_8' title="bbox 794 1200 2359 1291">
     <span class='ocr_line' id='line_1_8' title="bbox 794 1200 2359 1291; baseline 0.022 -42"><span class='ocrx_word' id='word_1_50' title='bbox 794 1200 1071 1264; x_wconf 67' lang='lat' dir='ltr'><strong>secundm,</strong></span> <span class='ocrx_word' id='word_1_51' title='bbox 1105 1213 1159 1257; x_wconf 93' lang='lat' dir='ltr'><strong>ct</strong></span> <span class='ocrx_word' id='word_1_52' title='bbox 1217 1207 1652 1274; x_wconf 88' lang='lat' dir='ltr'><strong>tabernaculum.</strong></span> <span class='ocrx_word' id='word_1_53' title='bbox 1688 1227 1745 1269; x_wconf 88' lang='lat' dir='ltr'><strong>et</strong></span> <span class='ocrx_word' id='word_1_54' title='bbox 1772 1235 1951 1284; x_wconf 84' lang='lat' dir='ltr'><strong>mons,</strong></span> <span class='ocrx_word' id='word_1_55' title='bbox 1985 1236 2039 1277; x_wconf 91' lang='lat' dir='ltr'><strong>et</strong></span> <span class='ocrx_word' id='word_1_56' title='bbox 2076 1228 2269 1291; x_wconf 90' lang='lat' dir='ltr'><strong>rubus,</strong></span> <span class='ocrx_word' id='word_1_57' title='bbox 2305 1242 2359 1283; x_wconf 83' lang='lat' dir='ltr'><strong>et</strong></span> 
     </span>
    </p>
   </div>
   <div class='ocr_carea' id='block_1_9' title="bbox 796 1290 2360 1384">
    <p class='ocr_par' dir='ltr' id='par_1_9' title="bbox 796 1290 2360 1384">
     <span class='ocr_line' id='line_1_9' title="bbox 796 1290 2360 1384; baseline 0.023 -46"><span class='ocrx_word' id='word_1_58' title='bbox 796 1290 955 1356; x_wconf 60' lang='lat' dir='ltr'><strong>ignis,</strong></span> <span class='ocrx_word' id='word_1_59' title='bbox 988 1301 1042 1344; x_wconf 90' lang='lat' dir='ltr'><strong>et</strong></span> <span class='ocrx_word' id='word_1_60' title='bbox 1101 1310 1320 1359; x_wconf 88' lang='lat' dir='ltr'><strong>manna,</strong></span> <span class='ocrx_word' id='word_1_61' title='bbox 1375 1309 1431 1351; x_wconf 92' lang='lat' dir='ltr'><strong>et</strong></span> <span class='ocrx_word' id='word_1_62' title='bbox 1484 1319 1639 1366; x_wconf 89' lang='lat' dir='ltr'><strong>urna,</strong></span> <span class='ocrx_word' id='word_1_63' title='bbox 1692 1318 1747 1361; x_wconf 93' lang='lat' dir='ltr'><strong>et</strong></span> <span class='ocrx_word' id='word_1_64' title='bbox 1802 1326 1951 1376; x_wconf 89' lang='lat' dir='ltr'><strong>arca,</strong></span> <span class='ocrx_word' id='word_1_65' title='bbox 1986 1326 2041 1369; x_wconf 89' lang='lat' dir='ltr'><strong>et</strong></span> <span class='ocrx_word' id='word_1_66' title='bbox 2073 1336 2268 1384; x_wconf 83' lang='lat' dir='ltr'><strong>agnus,</strong></span> <span class='ocrx_word' id='word_1_67' title='bbox 2304 1334 2360 1375; x_wconf 82' lang='lat' dir='ltr'><strong>et</strong></span> 
     </span>
    </p>
   </div>
   <div class='ocr_carea' id='block_1_10' title="bbox 791 1384 2360 1481">
    <p class='ocr_par' dir='ltr' id='par_1_10' title="bbox 791 1384 2360 1481">
     <span class='ocr_line' id='line_1_10' title="bbox 791 1384 2360 1481; baseline 0.024 -50"><span class='ocrx_word' id='word_1_68' title='bbox 791 1384 1083 1451; x_wconf 71' lang='lat' dir='ltr'><strong>eolnmbm,</strong></span> <span class='ocrx_word' id='word_1_69' title='bbox 1119 1397 1175 1441; x_wconf 87' lang='lat' dir='ltr'><strong>et</strong></span> <span class='ocrx_word' id='word_1_70' title='bbox 1207 1401 1467 1457; x_wconf 81' lang='lat' dir='ltr'><strong>turtures,</strong></span> <span class='ocrx_word' id='word_1_71' title='bbox 1521 1408 1570 1450; x_wconf 88' lang='lat' dir='ltr'><strong>el</strong></span> <span class='ocrx_word' id='word_1_72' title='bbox 1608 1404 1899 1468; x_wconf 78' lang='lat' dir='ltr'><strong>sacrilit-ia,</strong></span> <span class='ocrx_word' id='word_1_73' title='bbox 1938 1418 1995 1461; x_wconf 88' lang='lat' dir='ltr'><strong>et</strong></span> <span class='ocrx_word' id='word_1_74' title='bbox 2031 1416 2272 1481; x_wconf 77' lang='lat' dir='ltr'><strong>sanguis,</strong></span> <span class='ocrx_word' id='word_1_75' title='bbox 2305 1428 2360 1469; x_wconf 82' lang='lat' dir='ltr'><strong>et</strong></span> 
     </span>
    </p>
   </div>
   <div class='ocr_carea' id='block_1_11' title="bbox 794 1478 2357 1566">
    <p class='ocr_par' dir='ltr' id='par_1_11' title="bbox 794 1478 2357 1566">
     <span class='ocr_line' id='line_1_11' title="bbox 794 1478 2357 1566; baseline 0.021 -41"><span class='ocrx_word' id='word_1_76' title='bbox 794 1478 1059 1545; x_wconf 81' lang='lat' dir='ltr'><strong>:tspersio,</strong></span> <span class='ocrx_word' id='word_1_77' title='bbox 1111 1492 1165 1533; x_wconf 91' lang='lat' dir='ltr'><strong>et</strong></span> <span class='ocrx_word' id='word_1_78' title='bbox 1202 1487 1536 1553; x_wconf 82' lang='lat' dir='ltr'><strong>sacerdotes,</strong></span> <span class='ocrx_word' id='word_1_79' title='bbox 1570 1503 1624 1545; x_wconf 86' lang='lat' dir='ltr'><strong>ct</strong></span> <span class='ocrx_word' id='word_1_80' title='bbox 1675 1499 2145 1566; x_wconf 84' lang='lat' dir='ltr'><strong>propitiatorium,</strong></span> <span class='ocrx_word' id='word_1_81' title='bbox 2176 1508 2357 1559; x_wconf 89' lang='lat' dir='ltr'><strong>ctduo</strong></span> 
     </span>
    </p>
   </div>
   <div class='ocr_carea' id='block_1_12' title="bbox 796 1568 2353 1661">
    <p class='ocr_par' dir='ltr' id='par_1_12' title="bbox 796 1568 2353 1661">
     <span class='ocr_line' id='line_1_12' title="bbox 796 1568 2353 1661; baseline 0.021 -43"><span class='ocrx_word' id='word_1_82' title='bbox 796 1568 917 1621; x_wconf 87' lang='lat' dir='ltr'><strong>vela</strong></span> <span class='ocrx_word' id='word_1_83' title='bbox 959 1582 1015 1622; x_wconf 87' lang='lat' dir='ltr'><strong>et</strong></span> <span class='ocrx_word' id='word_1_84' title='bbox 1048 1582 1222 1639; x_wconf 90' lang='lat' dir='ltr'><strong>petra,</strong></span> <span class='ocrx_word' id='word_1_85' title='bbox 1258 1586 1314 1629; x_wconf 90' lang='lat' dir='ltr'><strong>et</strong></span> <span class='ocrx_word' id='word_1_86' title='bbox 1345 1579 1517 1649; x_wconf 89' lang='lat' dir='ltr'><strong>virga,</strong></span> <span class='ocrx_word' id='word_1_87' title='bbox 1540 1593 1596 1641; x_wconf 78' lang='lat' dir='ltr'><strong>et</strong></span> <span class='ocrx_word' id='word_1_88' title='bbox 1621 1586 1933 1656; x_wconf 78' lang='lat' dir='ltr'><strong>hyssopum,</strong></span> <span class='ocrx_word' id='word_1_89' title='bbox 1968 1606 2023 1647; x_wconf 88' lang='lat' dir='ltr'><strong>et</strong></span> <span class='ocrx_word' id='word_1_90' title='bbox 2048 1599 2353 1661; x_wconf 88' lang='lat' dir='ltr'><strong>coccinmn,</strong></span> 
     </span>
    </p>
   </div>
   <div class='ocr_carea' id='block_1_13' title="bbox 794 1664 2353 1748">
    <p class='ocr_par' dir='ltr' id='par_1_13' title="bbox 794 1664 2353 1748">
     <span class='ocr_line' id='line_1_13' title="bbox 794 1664 2353 1748; baseline 0.021 -41"><span class='ocrx_word' id='word_1_91' title='bbox 794 1668 874 1718; x_wconf 88' lang='lat' dir='ltr'><strong>et,</strong></span> <span class='ocrx_word' id='word_1_92' title='bbox 920 1668 979 1711; x_wconf 92' lang='lat' dir='ltr'><strong>ut</strong></span> <span class='ocrx_word' id='word_1_93' title='bbox 1012 1664 1178 1715; x_wconf 86' lang='lat' dir='ltr'><strong>semel</strong></span> <span class='ocrx_word' id='word_1_94' title='bbox 1210 1665 1408 1733; x_wconf 87' lang='lat' dir='ltr'><strong>dicam,</strong></span> <span class='ocrx_word' id='word_1_95' title='bbox 1458 1687 1545 1723; x_wconf 89' lang='lat' dir='ltr'><strong>res</strong></span> <span class='ocrx_word' id='word_1_96' title='bbox 1574 1690 1765 1728; x_wconf 87' lang='lat' dir='ltr'><strong>omnes</strong></span> <span class='ocrx_word' id='word_1_97' title='bbox 1823 1679 2073 1748; x_wconf 84' lang='lat' dir='ltr'><strong>lcgilim:e</strong></span> <span class='ocrx_word' id='word_1_98' title='bbox 2119 1685 2353 1740; x_wconf 86' lang='lat' dir='ltr'><strong>Israclis.</strong></span> 
     </span>
    </p>
   </div>
   <div class='ocr_carea' id='block_1_14' title="bbox 796 1750 2351 1841">
    <p class='ocr_par' dir='ltr' id='par_1_14' title="bbox 796 1750 2351 1841">
     <span class='ocr_line' id='line_1_14' title="bbox 796 1750 2351 1841; baseline 0.021 -41"><span class='ocrx_word' id='word_1_99' title='bbox 796 1750 885 1801; x_wconf 76' lang='lat' dir='ltr'><strong>Sic</strong></span> <span class='ocrx_word' id='word_1_100' title='bbox 906 1752 1071 1806; x_wconf 90' lang='lat' dir='ltr'><strong>etiam</strong></span> <span class='ocrx_word' id='word_1_101' title='bbox 1102 1760 1286 1811; x_wconf 83' lang='lat' dir='ltr'><strong>omnia</strong></span> <span class='ocrx_word' id='word_1_102' title='bbox 1323 1761 1566 1829; x_wconf 83' lang='lat' dir='ltr'><strong>legitima</strong></span> <span class='ocrx_word' id='word_1_103' title='bbox 1603 1783 1725 1834; x_wconf 78' lang='lat' dir='ltr'><strong>qua:</strong></span> <span class='ocrx_word' id='word_1_104' title='bbox 1760 1786 1788 1821; x_wconf 90' lang='lat' dir='ltr'><strong>a</strong></span> <span class='ocrx_word' id='word_1_105' title='bbox 1832 1771 1979 1825; x_wconf 77' lang='lat' dir='ltr'><strong>Most:</strong></span> <span class='ocrx_word' id='word_1_106' title='bbox 2012 1785 2142 1827; x_wconf 88' lang='lat' dir='ltr'><strong>sunt</strong></span> <span class='ocrx_word' id='word_1_107' title='bbox 2182 1778 2351 1841; x_wconf 87' lang='lat' dir='ltr'><strong>dicta,</strong></span> 
     </span>
    </p>
   </div>
   <div class='ocr_carea' id='block_1_15' title="bbox 794 1840 2428 1930">
    <p class='ocr_par' dir='ltr' id='par_1_15' title="bbox 794 1840 2428 1930">
     <span class='ocr_line' id='line_1_15' title="bbox 794 1840 2428 1930; baseline 0.02 -38"><span class='ocrx_word' id='word_1_108' title='bbox 794 1842 939 1897; x_wconf 81' lang='lat' dir='ltr'><strong>dicta</strong></span> <span class='ocrx_word' id='word_1_109' title='bbox 971 1855 1099 1899; x_wconf 92' lang='lat' dir='ltr'><strong>sunt</strong></span> <span class='ocrx_word' id='word_1_110' title='bbox 1128 1849 1197 1903; x_wconf 91' lang='lat' dir='ltr'><strong>de</strong></span> <span class='ocrx_word' id='word_1_111' title='bbox 1224 1852 1443 1905; x_wconf 81' lang='lat' dir='ltr'><strong>Christo</strong></span> <span class='ocrx_word' id='word_1_112' title='bbox 1472 1865 1528 1908; x_wconf 90' lang='lat' dir='ltr'><strong>et</strong></span> <span class='ocrx_word' id='word_1_113' title='bbox 1553 1869 1777 1927; x_wconf 91' lang='lat' dir='ltr'><strong>propter</strong></span> <span class='ocrx_word' id='word_1_114' title='bbox 1810 1864 2114 1930; x_wconf 85' lang='lat' dir='ltr'><strong>Christum,</strong></span> <span class='ocrx_word' id='word_1_115' title='bbox 2151 1885 2354 1923; x_wconf 85' lang='lat' dir='ltr'><strong>conve-</strong></span> <span class='ocrx_word' id='word_1_116' title='bbox 2390 1840 2428 1891; x_wconf 69' lang='grc' dir='ltr'><strong>Β</strong></span> 
     </span>
    </p>
   </div>
   <div class='ocr_carea' id='block_1_16' title="bbox 794 1934 2355 2017">
    <p class='ocr_par' dir='ltr' id='par_1_16' title="bbox 794 1934 2355 2017">
     <span class='ocr_line' id='line_1_16' title="bbox 794 1934 2355 2017; baseline 0.018 -30"><span class='ocrx_word' id='word_1_117' title='bbox 794 1934 1012 1990; x_wconf 87' lang='lat' dir='ltr'><strong>nientcr</strong></span> <span class='ocrx_word' id='word_1_118' title='bbox 1047 1940 1215 2008; x_wconf 86' lang='lat' dir='ltr'><strong>ipsius</strong></span> <span class='ocrx_word' id='word_1_119' title='bbox 1247 1943 1375 1997; x_wconf 82' lang='lat' dir='ltr'><strong>.lesu</strong></span> <span class='ocrx_word' id='word_1_120' title='bbox 1405 1949 1525 2000; x_wconf 89' lang='lat' dir='ltr'><strong>voci</strong></span> <span class='ocrx_word' id='word_1_121' title='bbox 1555 1950 1647 2017; x_wconf 93' lang='lat' dir='ltr'><strong>qui</strong></span> <span class='ocrx_word' id='word_1_122' title='bbox 1687 1952 1823 2006; x_wconf 89' lang='lat' dir='ltr'><strong>dicit</strong></span> <span class='ocrx_word' id='word_1_123' title='bbox 1858 1972 1871 2007; x_wconf 92' lang='lat'><strong>:</strong></span> <span class='ocrx_word' id='word_1_124' title='bbox 1905 1956 2020 2009; x_wconf 89' lang='lat' dir='ltr'><strong>lota</strong></span> <span class='ocrx_word' id='word_1_125' title='bbox 2058 1977 2222 2013; x_wconf 85' lang='lat' dir='ltr'><strong>unum</strong></span> <span class='ocrx_word' id='word_1_126' title='bbox 2262 1975 2355 2015; x_wconf 83' lang='lat' dir='ltr'><strong>aut</strong></span> 
     </span>
    </p>
   </div>
   <div class='ocr_carea' id='block_1_17' title="bbox 799 2041 2356 2112">
    <p class='ocr_par' dir='ltr' id='par_1_17' title="bbox 799 2041 2356 2112">
     <span class='ocr_line' id='line_1_17' title="bbox 799 2041 2356 2112; baseline 0.02 -35"><span class='ocrx_word' id='word_1_127' title='bbox 799 2045 942 2095; x_wconf 74' lang='lat' dir='ltr'><strong>apex</strong></span> <span class='ocrx_word' id='word_1_128' title='bbox 964 2046 1095 2082; x_wconf 76' lang='lat' dir='ltr'><strong>unus</strong></span> <span class='ocrx_word' id='word_1_129' title='bbox 1134 2050 1235 2085; x_wconf 86' lang='lat' dir='ltr'><strong>non</strong></span> <span class='ocrx_word' id='word_1_130' title='bbox 1269 2041 1557 2103; x_wconf 64' lang='lat' dir='ltr'><strong>printer-ibit</strong></span> <span class='ocrx_word' id='word_1_131' title='bbox 1584 2058 1645 2094; x_wconf 69' lang='lat' dir='ltr'><strong>ea:</strong></span> <span class='ocrx_word' id='word_1_132' title='bbox 1671 2043 1803 2112; x_wconf 76' lang='lat' dir='ltr'><strong>lege,</strong></span> <span class='ocrx_word' id='word_1_133' title='bbox 1822 2046 1983 2100; x_wconf 72' lang='lat' dir='ltr'><strong>donec</strong></span> <span class='ocrx_word' id='word_1_134' title='bbox 2002 2054 2179 2104; x_wconf 83' lang='lat' dir='ltr'><strong>omnia</strong></span> <span class='ocrx_word' id='word_1_135' title='bbox 2201 2053 2268 2107; x_wconf 86' lang='lat' dir='ltr'><strong>de</strong></span> <span class='ocrx_word' id='word_1_136' title='bbox 2290 2069 2356 2107; x_wconf 89' lang='lat' dir='ltr'><strong>eo</strong></span> 
     </span>
    </p>
   </div>
   <div class='ocr_carea' id='block_1_18' title="bbox 795 2118 2354 2207">
    <p class='ocr_par' dir='ltr' id='par_1_18' title="bbox 795 2118 2354 2207">
     <span class='ocr_line' id='line_1_18' title="bbox 795 2118 2354 2207; baseline 0.021 -40"><span class='ocrx_word' id='word_1_137' title='bbox 795 2118 931 2183; x_wconf 70' lang='lat' dir='ltr'><strong>ﬁunt</strong></span> <span class='ocrx_word' id='word_1_138' title='bbox 966 2123 1006 2151; x_wconf 82' lang='lat'>”</span> <span class='ocrx_word' id='word_1_139' title='bbox 1036 2132 1093 2176; x_wconf 91' lang='lat' dir='ltr'><strong>et</strong></span> <span class='ocrx_word' id='word_1_140' title='bbox 1124 2124 1477 2193; x_wconf 90' lang='lat' dir='ltr'><strong>impleantur.</strong></span> <span class='ocrx_word' id='word_1_141' title='bbox 1513 2133 1601 2185; x_wconf 67' lang='lat' dir='ltr'><strong>Sic</strong></span> <span class='ocrx_word' id='word_1_142' title='bbox 1630 2137 1775 2189; x_wconf 89' lang='lat' dir='ltr'><strong>enim</strong></span> <span class='ocrx_word' id='word_1_143' title='bbox 1830 2156 1953 2207; x_wconf 65' lang='lat' dir='ltr'><strong>qua:</strong></span> <span class='ocrx_word' id='word_1_144' title='bbox 1981 2152 2062 2196; x_wconf 87' lang='lat' dir='ltr'><strong>est</strong></span> <span class='ocrx_word' id='word_1_145' title='bbox 2106 2146 2354 2199; x_wconf 88' lang='lat' dir='ltr'><strong>omnium</strong></span> 
     </span>
    </p>
   </div>
   <div class='ocr_carea' id='block_1_19' title="bbox 797 2211 2350 2303">
    <p class='ocr_par' dir='ltr' id='par_1_19' title="bbox 797 2211 2350 2303">
     <span class='ocr_line' id='line_1_19' title="bbox 797 2211 2350 2303; baseline 0.019 -40"><span class='ocrx_word' id='word_1_146' title='bbox 797 2211 894 2263; x_wconf 87' lang='lat' dir='ltr'><strong>Dei</strong></span> <span class='ocrx_word' id='word_1_147' title='bbox 923 2224 1306 2273; x_wconf 81' lang='lat' dir='ltr'><strong>creaturarum</strong></span> <span class='ocrx_word' id='word_1_148' title='bbox 1334 2223 1641 2278; x_wconf 82' lang='lat' dir='ltr'><strong>miserrima</strong></span> <span class='ocrx_word' id='word_1_149' title='bbox 1700 2237 1756 2281; x_wconf 87' lang='lat' dir='ltr'><strong>et</strong></span> <span class='ocrx_word' id='word_1_150' title='bbox 1784 2231 2069 2298; x_wconf 85' lang='lat' dir='ltr'><strong>vilissima,</strong></span> <span class='ocrx_word' id='word_1_151' title='bbox 2124 2239 2350 2303; x_wconf 91' lang='lat' dir='ltr'><strong>vermis,</strong></span> 
     </span>
    </p>
   </div>
   <div class='ocr_carea' id='block_1_20' title="bbox 796 2302 2356 2396">
    <p class='ocr_par' dir='ltr' id='par_1_20' title="bbox 796 2302 2356 2396">
     <span class='ocr_line' id='line_1_20' title="bbox 796 2302 2356 2396; baseline 0.018 -42"><span class='ocrx_word' id='word_1_152' title='bbox 796 2302 1048 2372; x_wconf 86' lang='lat' dir='ltr'><strong>inquam,</strong></span> <span class='ocrx_word' id='word_1_153' title='bbox 1081 2309 1174 2375; x_wconf 92' lang='lat' dir='ltr'><strong>qui</strong></span> <span class='ocrx_word' id='word_1_154' title='bbox 1212 2311 1330 2364; x_wconf 84' lang='lat' dir='ltr'><strong>sine</strong></span> <span class='ocrx_word' id='word_1_155' title='bbox 1363 2316 1573 2369; x_wconf 86' lang='lat' dir='ltr'><strong>semine</strong></span> <span class='ocrx_word' id='word_1_156' title='bbox 1608 2329 1770 2373; x_wconf 89' lang='lat' dir='ltr'><strong>natus</strong></span> <span class='ocrx_word' id='word_1_157' title='bbox 1813 2332 1982 2376; x_wconf 73' lang='lat' dir='ltr'><strong>estex</strong></span> <span class='ocrx_word' id='word_1_158' title='bbox 2021 2326 2356 2396; x_wconf 90' lang='lat' dir='ltr'><strong>pinguedine</strong></span> 
     </span>
    </p>
   </div>
   <div class='ocr_carea' id='block_1_21' title="bbox 796 2402 2353 2486">
    <p class='ocr_par' dir='ltr' id='par_1_21' title="bbox 796 2402 2353 2486">
     <span class='ocr_line' id='line_1_21' title="bbox 796 2402 2353 2486; baseline 0.018 -38"><span class='ocrx_word' id='word_1_159' title='bbox 796 2402 976 2459; x_wconf 72' lang='lat' dir='ltr'><strong>teme,</strong></span> <span class='ocrx_word' id='word_1_160' title='bbox 1011 2402 1120 2467; x_wconf 90' lang='lat' dir='ltr'><strong>jam</strong></span> <span class='ocrx_word' id='word_1_161' title='bbox 1149 2404 1280 2457; x_wconf 89' lang='lat' dir='ltr'><strong>olim</strong></span> <span class='ocrx_word' id='word_1_162' title='bbox 1315 2408 1686 2477; x_wconf 73' lang='lat' dir='ltr'><strong>przeliguravit</strong></span> <span class='ocrx_word' id='word_1_163' title='bbox 1719 2430 1782 2466; x_wconf 91' lang='lat' dir='ltr'><strong>ac</strong></span> <span class='ocrx_word' id='word_1_164' title='bbox 1808 2415 2103 2486; x_wconf 82' lang='lat' dir='ltr'><strong>descripsit</strong></span> <span class='ocrx_word' id='word_1_165' title='bbox 2134 2430 2353 2475; x_wconf 89' lang='lat' dir='ltr'><strong>uterum</strong></span> 
     </span>
    </p>
   </div>
   <div class='ocr_carea' id='block_1_22' title="bbox 796 2484 2354 2569">
    <p class='ocr_par' dir='ltr' id='par_1_22' title="bbox 796 2484 2354 2569">
     <span class='ocr_line' id='line_1_22' title="bbox 796 2484 2354 2569; baseline 0.022 -35"><span class='ocrx_word' id='word_1_166' title='bbox 796 2484 1208 2552; x_wconf 79' lang='lat' dir='ltr'><strong>gloriosissima:</strong></span> <span class='ocrx_word' id='word_1_167' title='bbox 1236 2496 1497 2565; x_wconf 68' lang='lat' dir='ltr'><strong>Deiparze,</strong></span> <span class='ocrx_word' id='word_1_168' title='bbox 1522 2511 1580 2555; x_wconf 90' lang='lat' dir='ltr'><strong>ut</strong></span> <span class='ocrx_word' id='word_1_169' title='bbox 1612 2512 1841 2559; x_wconf 90' lang='lat' dir='ltr'><strong>testatur</strong></span> <span class='ocrx_word' id='word_1_170' title='bbox 1874 2508 2045 2563; x_wconf 85' lang='lat' dir='ltr'><strong>David</strong></span> <span class='ocrx_word' id='word_1_171' title='bbox 2068 2512 2261 2567; x_wconf 89' lang='lat' dir='ltr'><strong>dicens</strong></span> <span class='ocrx_word' id='word_1_172' title='bbox 2288 2532 2354 2569; x_wconf 74' lang='lat' dir='ltr'><strong>ex</strong></span> 
     </span>
    </p>
   </div>
   <div class='ocr_carea' id='block_1_23' title="bbox 798 2582 2353 2663">
    <p class='ocr_par' dir='ltr' id='par_1_23' title="bbox 798 2582 2353 2663">
     <span class='ocr_line' id='line_1_23' title="bbox 798 2582 2353 2663; baseline 0.022 -35"><span class='ocrx_word' id='word_1_173' title='bbox 798 2590 1034 2643; x_wconf 80' lang='lat' dir='ltr'><strong>persona</strong></span> <span class='ocrx_word' id='word_1_174' title='bbox 1061 2582 1297 2639; x_wconf 83' lang='lat' dir='ltr'><strong>Christi:</strong></span> <span class='ocrx_word' id='word_1_175' title='bbox 1355 2589 1465 2658; x_wconf 76' lang='lat' dir='ltr'><strong>Ego</strong></span> <span class='ocrx_word' id='word_1_176' title='bbox 1488 2609 1603 2645; x_wconf 79' lang='lat' dir='ltr'><strong>sunt</strong></span> <span class='ocrx_word' id='word_1_177' title='bbox 1674 2600 1884 2663; x_wconf 78' lang='lat' dir='ltr'><strong>vermis,</strong></span> <span class='ocrx_word' id='word_1_178' title='bbox 1924 2611 1973 2653; x_wconf 88' lang='lat' dir='ltr'><strong>ct</strong></span> <span class='ocrx_word' id='word_1_179' title='bbox 2025 2621 2126 2657; x_wconf 88' lang='lat' dir='ltr'><strong>non</strong></span> <span class='ocrx_word' id='word_1_180' title='bbox 2154 2610 2307 2660; x_wconf 82' lang='lat' dir='ltr'><strong>homo</strong></span> <span class='ocrx_word' id='word_1_181' title='bbox 2336 2627 2353 2662; x_wconf 89' lang='lat'><strong>:</strong></span> 
     </span>
    </p>
   </div>
   <div class='ocr_carea' id='block_1_24' title="bbox 798 2665 2354 2757">
    <p class='ocr_par' dir='ltr' id='par_1_24' title="bbox 798 2665 2354 2757">
     <span class='ocr_line' id='line_1_24' title="bbox 798 2665 2354 2757; baseline 0.021 -39"><span class='ocrx_word' id='word_1_182' title='bbox 798 2665 903 2720; x_wconf 81' lang='lat' dir='ltr'><strong>hoc</strong></span> <span class='ocrx_word' id='word_1_183' title='bbox 933 2680 1038 2733; x_wconf 90' lang='lat' dir='ltr'><strong>est,</strong></span> <span class='ocrx_word' id='word_1_184' title='bbox 1072 2674 1189 2726; x_wconf 90' lang='lat' dir='ltr'><strong>sine</strong></span> <span class='ocrx_word' id='word_1_185' title='bbox 1251 2678 1462 2732; x_wconf 88' lang='lat' dir='ltr'><strong>semine</strong></span> <span class='ocrx_word' id='word_1_186' title='bbox 1527 2695 1820 2750; x_wconf 81' lang='lat' dir='ltr'><strong>generatus</strong></span> <span class='ocrx_word' id='word_1_187' title='bbox 1872 2690 2014 2744; x_wconf 85' lang='lat' dir='ltr'><strong>sicut</strong></span> <span class='ocrx_word' id='word_1_188' title='bbox 2043 2698 2265 2757; x_wconf 87' lang='lat' dir='ltr'><strong>vermis,</strong></span> <span class='ocrx_word' id='word_1_189' title='bbox 2300 2708 2354 2751; x_wconf 90' lang='lat' dir='ltr'><strong>et</strong></span> 
     </span>
    </p>
   </div>
   <div class='ocr_carea' id='block_1_25' title="bbox 799 2763 2354 2851">
    <p class='ocr_par' dir='ltr' id='par_1_25' title="bbox 799 2763 2354 2851">
     <span class='ocr_line' id='line_1_25' title="bbox 799 2763 2354 2851; baseline 0.021 -44"><span class='ocrx_word' id='word_1_190' title='bbox 799 2772 908 2810; x_wconf 86' lang='lat' dir='ltr'><strong>non</strong></span> <span class='ocrx_word' id='word_1_191' title='bbox 935 2775 1086 2815; x_wconf 89' lang='lat' dir='ltr'><strong>more</strong></span> <span class='ocrx_word' id='word_1_192' title='bbox 1113 2763 1355 2820; x_wconf 89' lang='lat' dir='ltr'><strong>hmnano</strong></span> <span class='ocrx_word' id='word_1_193' title='bbox 1383 2786 1447 2822; x_wconf 76' lang='lat' dir='ltr'><strong>ex</strong></span> <span class='ocrx_word' id='word_1_194' title='bbox 1488 2788 1650 2826; x_wconf 89' lang='lat' dir='ltr'><strong>causa</strong></span> <span class='ocrx_word' id='word_1_195' title='bbox 1703 2778 1963 2832; x_wconf 88' lang='lat' dir='ltr'><strong>seminis:</strong></span> <span class='ocrx_word' id='word_1_196' title='bbox 2020 2786 2354 2851; x_wconf 79' lang='lat' dir='ltr'><strong>opprobrium</strong></span> 
     </span>
    </p>
   </div>
   <div class='ocr_carea' id='block_1_26' title="bbox 798 2849 2356 2943">
    <p class='ocr_par' dir='ltr' id='par_1_26' title="bbox 798 2849 2356 2943">
     <span class='ocr_line' id='line_1_26' title="bbox 798 2849 2356 2943; baseline 0.022 -44"><span class='ocrx_word' id='word_1_197' title='bbox 798 2849 1068 2904; x_wconf 74' lang='lat' dir='ltr'><strong>hominum</strong></span> <span class='ocrx_word' id='word_1_198' title='bbox 1099 2854 1438 2925; x_wconf 68' lang='lat' dir='ltr'><strong>Judworum,</strong></span> <span class='ocrx_word' id='word_1_199' title='bbox 1481 2865 1703 2932; x_wconf 83' lang='lat' dir='ltr'><strong>nbjcctio</strong></span> <span class='ocrx_word' id='word_1_200' title='bbox 1728 2871 1970 2937; x_wconf 75' lang='lat' dir='ltr'><strong>populi“</strong></span> <span class='ocrx_word' id='word_1_201' title='bbox 2002 2849 2254 2943; x_wconf 81' lang='lat' dir='ltr'><strong>gentilis:</strong></span> <span class='ocrx_word' id='word_1_202' title='bbox 2287 2896 2356 2932; x_wconf 88' lang='lat' dir='ltr'><strong>ne</strong></span> 
     </span>
    </p>
   </div>
   <div class='ocr_carea' id='block_1_27' title="bbox 799 2939 2354 3027">
    <p class='ocr_par' dir='ltr' id='par_1_27' title="bbox 799 2939 2354 3027">
     <span class='ocr_line' id='line_1_27' title="bbox 799 2939 2354 3027; baseline 0.021 -37"><span class='ocrx_word' id='word_1_203' title='bbox 799 2939 870 2994; x_wconf 84' lang='lat' dir='ltr'><strong>tle</strong></span> <span class='ocrx_word' id='word_1_204' title='bbox 891 2952 1090 2997; x_wconf 64' lang='lat' dir='ltr'><strong>cancro</strong></span> <span class='ocrx_word' id='word_1_205' title='bbox 1120 2948 1253 3001; x_wconf 92' lang='lat' dir='ltr'><strong>mihi</strong></span> <span class='ocrx_word' id='word_1_206' title='bbox 1281 2951 1624 3010; x_wconf 89' lang='lat' dir='ltr'><strong>dubitaveris</strong></span> <span class='ocrx_word' id='word_1_207' title='bbox 1660 2975 1839 3027; x_wconf 85' lang='lat' dir='ltr'><strong>neque</strong></span> <span class='ocrx_word' id='word_1_208' title='bbox 1873 2962 2048 3019; x_wconf 80' lang='lat' dir='ltr'><strong>fueris</strong></span> <span class='ocrx_word' id='word_1_209' title='bbox 2100 2967 2354 3022; x_wconf 84' lang='lat' dir='ltr'><strong>incredu-</strong></span> 
     </span>
    </p>
   </div>
   <div class='ocr_carea' id='block_1_28' title="bbox 801 3031 2355 3120">
    <p class='ocr_par' dir='ltr' id='par_1_28' title="bbox 801 3031 2355 3120">
     <span class='ocr_line' id='line_1_28' title="bbox 801 3031 2355 3120; baseline 0.02 -38"><span class='ocrx_word' id='word_1_210' title='bbox 801 3031 889 3084; x_wconf 85' lang='lat' dir='ltr'><strong>lus</strong></span> <span class='ocrx_word' id='word_1_211' title='bbox 921 3034 988 3086; x_wconf 90' lang='lat' dir='ltr'><strong>de</strong></span> <span class='ocrx_word' id='word_1_212' title='bbox 1013 3043 1482 3104; x_wconf 71' lang='lat' dir='ltr'><strong>praestantissimis</strong></span> <span class='ocrx_word' id='word_1_213' title='bbox 1505 3052 1797 3113; x_wconf 87' lang='lat' dir='ltr'><strong>creaturis,</strong></span> <span class='ocrx_word' id='word_1_214' title='bbox 1831 3055 1976 3120; x_wconf 89' lang='lat' dir='ltr'><strong>quod</strong></span> <span class='ocrx_word' id='word_1_215' title='bbox 2006 3056 2211 3111; x_wconf 78' lang='lat' dir='ltr'><strong>fuerint</strong></span> <span class='ocrx_word' id='word_1_216' title='bbox 2239 3078 2355 3113; x_wconf 94' lang='lat' dir='ltr'><strong>om-</strong></span> 
     </span>
    </p>
   </div>
   <div class='ocr_carea' id='block_1_29' title="bbox 804 3122 2355 3205">
    <p class='ocr_par' dir='ltr' id='par_1_29' title="bbox 804 3122 2355 3205">
     <span class='ocr_line' id='line_1_29' title="bbox 804 3122 2355 3205; baseline 0.023 -36"><span class='ocrx_word' id='word_1_217' title='bbox 804 3134 903 3173; x_wconf 93' lang='lat' dir='ltr'><strong>nes</strong></span> <span class='ocrx_word' id='word_1_218' title='bbox 938 3122 1121 3191; x_wconf 67' lang='lat' dir='ltr'><strong>ﬁgura)</strong></span> <span class='ocrx_word' id='word_1_219' title='bbox 1149 3128 1377 3191; x_wconf 81' lang='lat' dir='ltr'><strong>Christi,</strong></span> <span class='ocrx_word' id='word_1_220' title='bbox 1403 3150 1468 3185; x_wconf 73' lang='lat' dir='ltr'><strong>ex</strong></span> <span class='ocrx_word' id='word_1_221' title='bbox 1504 3136 1704 3203; x_wconf 82' lang='lat' dir='ltr'><strong>quibus</strong></span> <span class='ocrx_word' id='word_1_222' title='bbox 1726 3144 2031 3197; x_wconf 90' lang='lat' dir='ltr'><strong>suntetiam</strong></span> <span class='ocrx_word' id='word_1_223' title='bbox 2065 3147 2355 3205; x_wconf 87' lang='lat' dir='ltr'><strong>luminaria</strong></span> 
     </span>
    </p>
   </div>
   <div class='ocr_carea' id='block_1_30' title="bbox 803 3213 2360 3294">
    <p class='ocr_par' dir='ltr' id='par_1_30' title="bbox 803 3213 2360 3294">
     <span class='ocr_line' id='line_1_30' title="bbox 803 3213 2360 3294; baseline 0.021 -33"><span class='ocrx_word' id='word_1_224' title='bbox 803 3226 927 3277; x_wconf 63' lang='lat' dir='ltr'><strong>qua!</strong></span> <span class='ocrx_word' id='word_1_225' title='bbox 955 3213 1093 3268; x_wconf 80' lang='lat' dir='ltr'><strong>facta</strong></span> <span class='ocrx_word' id='word_1_226' title='bbox 1119 3228 1247 3270; x_wconf 90' lang='lat' dir='ltr'><strong>sunt</strong></span> <span class='ocrx_word' id='word_1_227' title='bbox 1281 3235 1478 3288; x_wconf 89' lang='lat' dir='ltr'><strong>quarto</strong></span> <span class='ocrx_word' id='word_1_228' title='bbox 1503 3227 1608 3279; x_wconf 89' lang='lat' dir='ltr'><strong>die.</strong></span> <span class='ocrx_word' id='word_1_229' title='bbox 1639 3230 1777 3284; x_wconf 86' lang='lat' dir='ltr'><strong>Ante</strong></span> <span class='ocrx_word' id='word_1_230' title='bbox 1832 3233 2127 3291; x_wconf 90' lang='lat' dir='ltr'><strong>dictionem</strong></span> <span class='ocrx_word' id='word_1_231' title='bbox 2178 3251 2360 3294; x_wconf 90' lang='lat' dir='ltr'><strong>autem</strong></span> 
     </span>
    </p>
   </div>
   <div class='ocr_carea' id='block_1_31' title="bbox 808 3302 2361 3385">
    <p class='ocr_par' dir='ltr' id='par_1_31' title="bbox 808 3302 2361 3385">
     <span class='ocr_line' id='line_1_31' title="bbox 808 3302 2361 3385; baseline 0.021 -31"><span class='ocrx_word' id='word_1_232' title='bbox 808 3302 937 3356; x_wconf 90' lang='lat' dir='ltr'><strong>illud</strong></span> <span class='ocrx_word' id='word_1_233' title='bbox 962 3317 1047 3359; x_wconf 86' lang='lat' dir='ltr'><strong>est</strong></span> <span class='ocrx_word' id='word_1_234' title='bbox 1079 3315 1459 3379; x_wconf 69' lang='lat' dir='ltr'><strong>quaerendum,</strong></span> <span class='ocrx_word' id='word_1_235' title='bbox 1490 3335 1591 3371; x_wconf 92' lang='lat' dir='ltr'><strong>cur</strong></span> <span class='ocrx_word' id='word_1_236' title='bbox 1617 3330 1728 3375; x_wconf 87' lang='lat' dir='ltr'><strong>tres</strong></span> <span class='ocrx_word' id='word_1_237' title='bbox 1760 3325 1983 3379; x_wconf 78' lang='lat' dir='ltr'><strong>fuerunt</strong></span> <span class='ocrx_word' id='word_1_238' title='bbox 2027 3329 2145 3383; x_wconf 85' lang='lat' dir='ltr'><strong>dies</strong></span> <span class='ocrx_word' id='word_1_239' title='bbox 2186 3335 2361 3385; x_wconf 89' lang='lat' dir='ltr'><strong>manci</strong></span> 
     </span>
    </p>
   </div>
   <div class='ocr_carea' id='block_1_32' title="bbox 802 3396 2362 3481">
    <p class='ocr_par' dir='ltr' id='par_1_32' title="bbox 802 3396 2362 3481">
     <span class='ocr_line' id='line_1_32' title="bbox 802 3396 2362 3481; baseline 0.021 -36"><span class='ocrx_word' id='word_1_240' title='bbox 802 3396 1210 3465; x_wconf 78' lang='lat' dir='ltr'><strong>etintpcrl‘ccti,</strong></span> <span class='ocrx_word' id='word_1_241' title='bbox 1254 3405 1431 3459; x_wconf 88' lang='lat' dir='ltr'><strong>lucem</strong></span> <span class='ocrx_word' id='word_1_242' title='bbox 1468 3411 1690 3477; x_wconf 91' lang='lat' dir='ltr'><strong>quidem</strong></span> <span class='ocrx_word' id='word_1_243' title='bbox 1725 3416 2013 3481; x_wconf 88' lang='lat' dir='ltr'><strong>habentes,</strong></span> <span class='ocrx_word' id='word_1_244' title='bbox 2057 3423 2227 3475; x_wconf 89' lang='lat' dir='ltr'><strong>solem</strong></span> <span class='ocrx_word' id='word_1_245' title='bbox 2264 3442 2362 3476; x_wconf 73' lang='lat' dir='ltr'><strong>au~</strong></span> 
     </span>
    </p>
   </div>
   <div class='ocr_carea' id='block_1_33' title="bbox 811 3489 2364 3570">
    <p class='ocr_par' dir='ltr' id='par_1_33' title="bbox 811 3489 2364 3570">
     <span class='ocr_line' id='line_1_33' title="bbox 811 3489 2364 3570; baseline 0.023 -34"><span class='ocrx_word' id='word_1_246' title='bbox 811 3496 943 3545; x_wconf 74' lang='lat' dir='ltr'><strong>tem,</strong></span> <span class='ocrx_word' id='word_1_247' title='bbox 971 3489 1153 3545; x_wconf 92' lang='lat' dir='ltr'><strong>lunam</strong></span> <span class='ocrx_word' id='word_1_248' title='bbox 1186 3503 1243 3546; x_wconf 80' lang='lat' dir='ltr'><strong>et</strong></span> <span class='ocrx_word' id='word_1_249' title='bbox 1287 3500 1570 3554; x_wconf 81' lang='lat' dir='ltr'><strong>stellarum</strong></span> <span class='ocrx_word' id='word_1_250' title='bbox 1596 3521 1702 3557; x_wconf 92' lang='lat' dir='ltr'><strong>non</strong></span> <span class='ocrx_word' id='word_1_251' title='bbox 1736 3507 2000 3564; x_wconf 90' lang='lat' dir='ltr'><strong>habentes</strong></span> <span class='ocrx_word' id='word_1_252' title='bbox 2054 3516 2364 3570; x_wconf 85' lang='lat' dir='ltr'><strong>multitudi-</strong></span> 
     </span>
    </p>
   </div>
   <div class='ocr_carea' id='block_1_34' title="bbox 804 3581 2364 3674">
    <p class='ocr_par' dir='ltr' id='par_1_34' title="bbox 804 3581 2364 3674">
     <span class='ocr_line' id='line_1_34' title="bbox 804 3581 2364 3674; baseline 0.021 -46"><span class='ocrx_word' id='word_1_253' title='bbox 804 3591 965 3631; x_wconf 87' lang='lat' dir='ltr'><strong>nem:</strong></span> <span class='ocrx_word' id='word_1_254' title='bbox 998 3581 1108 3633; x_wconf 89' lang='lat' dir='ltr'><strong>imo</strong></span> <span class='ocrx_word' id='word_1_255' title='bbox 1142 3600 1274 3637; x_wconf 86' lang='lat' dir='ltr'><strong>vero</strong></span> <span class='ocrx_word' id='word_1_256' title='bbox 1309 3590 1634 3645; x_wconf 89' lang='lat' dir='ltr'><strong>videbantur</strong></span> <span class='ocrx_word' id='word_1_257' title='bbox 1651 3611 1772 3651; x_wconf 85' lang='lat' dir='ltr'><strong>esse</strong></span> <span class='ocrx_word' id='word_1_258' title='bbox 1802 3600 2207 3666; x_wconf 90' lang='lat' dir='ltr'><strong>quadannnodo</strong></span> <span class='ocrx_word' id='word_1_259' title='bbox 2239 3622 2364 3674; x_wconf 91' lang='lat' dir='ltr'><strong>pro-</strong></span> 
     </span>
    </p>
   </div>
   <div class='ocr_carea' id='block_1_35' title="bbox 802 3666 2360 3757">
    <p class='ocr_par' dir='ltr' id='par_1_35' title="bbox 802 3666 2360 3757">
     <span class='ocr_line' id='line_1_35' title="bbox 802 3666 2360 3757; baseline 0.018 -38"><span class='ocrx_word' id='word_1_260' title='bbox 802 3666 958 3721; x_wconf 76' lang='lat' dir='ltr'><strong>fundi</strong></span> <span class='ocrx_word' id='word_1_261' title='bbox 982 3680 1037 3723; x_wconf 82' lang='lat' dir='ltr'><strong>et</strong></span> <span class='ocrx_word' id='word_1_262' title='bbox 1063 3687 1170 3725; x_wconf 90' lang='lat' dir='ltr'><strong>non</strong></span> <span class='ocrx_word' id='word_1_263' title='bbox 1198 3675 1488 3731; x_wconf 87' lang='lat' dir='ltr'><strong>illuminati</strong></span> <span class='ocrx_word' id='word_1_264' title='bbox 1513 3698 1524 3733; x_wconf 75' lang='grc' dir='ltr'>ε</span> <span class='ocrx_word' id='word_1_265' title='bbox 1554 3698 1661 3735; x_wconf 89' lang='lat' dir='ltr'><strong>non</strong></span> <span class='ocrx_word' id='word_1_266' title='bbox 1689 3685 1964 3742; x_wconf 87' lang='lat' dir='ltr'><strong>habebant</strong></span> <span class='ocrx_word' id='word_1_267' title='bbox 1992 3692 2139 3744; x_wconf 90' lang='lat' dir='ltr'><strong>cnim</strong></span> <span class='ocrx_word' id='word_1_268' title='bbox 2168 3694 2360 3757; x_wconf 87' lang='lat' dir='ltr'><strong>solent,</strong></span> 
     </span>
    </p>
   </div>
   <div class='ocr_carea' id='block_1_36' title="bbox 803 3761 2361 3852">
    <p class='ocr_par' dir='ltr' id='par_1_36' title="bbox 803 3761 2361 3852">
     <span class='ocr_line' id='line_1_36' title="bbox 803 3761 2361 3852; baseline 0.019 -41"><span class='ocrx_word' id='word_1_269' title='bbox 803 3761 926 3812; x_wconf 62' lang='grc' dir='ltr'><strong>φα)Ιί</strong></span> <span class='ocrx_word' id='word_1_270' title='bbox 960 3770 1017 3815; x_wconf 91' lang='lat' dir='ltr'><strong>et</strong></span> <span class='ocrx_word' id='word_1_271' title='bbox 1051 3774 1209 3817; x_wconf 75' lang='lat' dir='ltr'><strong>terra:</strong></span> <span class='ocrx_word' id='word_1_272' title='bbox 1243 3768 1550 3836; x_wconf 79' lang='lat' dir='ltr'><strong>luminare;</strong></span> <span class='ocrx_word' id='word_1_273' title='bbox 1584 3784 1639 3827; x_wconf 92' lang='lat' dir='ltr'><strong>et</strong></span> <span class='ocrx_word' id='word_1_274' title='bbox 1665 3777 1920 3833; x_wconf 89' lang='lat' dir='ltr'><strong>universa</strong></span> <span class='ocrx_word' id='word_1_275' title='bbox 1950 3798 2071 3849; x_wconf 69' lang='lat' dir='ltr'><strong>quae</strong></span> <span class='ocrx_word' id='word_1_276' title='bbox 2099 3800 2197 3852; x_wconf 88' lang='lat' dir='ltr'><strong>per</strong></span> <span class='ocrx_word' id='word_1_277' title='bbox 2226 3787 2361 3840; x_wconf 87' lang='lat' dir='ltr'><strong>alias</strong></span> 
     </span>
    </p>
   </div>
   <div class='ocr_carea' id='block_1_37' title="bbox 802 3853 2363 3939">
    <p class='ocr_par' dir='ltr' id='par_1_37' title="bbox 802 3853 2363 3939">
     <span class='ocr_line' id='line_1_37' title="bbox 802 3853 2363 3939; baseline 0.02 -36"><span class='ocrx_word' id='word_1_278' title='bbox 802 3853 1139 3910; x_wconf 79' lang='lat' dir='ltr'><strong>refulserunt</strong></span> <span class='ocrx_word' id='word_1_279' title='bbox 1185 3860 1323 3915; x_wconf 86' lang='lat' dir='ltr'><strong>dies.</strong></span> <span class='ocrx_word' id='word_1_280' title='bbox 1381 3864 1522 3929; x_wconf 84' lang='lat' dir='ltr'><strong>Quid</strong></span> <span class='ocrx_word' id='word_1_281' title='bbox 1576 3886 1708 3939; x_wconf 90' lang='lat' dir='ltr'><strong>ergo</strong></span> <span class='ocrx_word' id='word_1_282' title='bbox 1750 3872 1801 3924; x_wconf 91' lang='lat' dir='ltr'><strong>in</strong></span> <span class='ocrx_word' id='word_1_283' title='bbox 1851 3874 1939 3928; x_wconf 90' lang='lat' dir='ltr'><strong>his</strong></span> <span class='ocrx_word' id='word_1_284' title='bbox 1992 3876 2260 3932; x_wconf 88' lang='lat' dir='ltr'><strong>dicimus?</strong></span> <span class='ocrx_word' id='word_1_285' title='bbox 2307 3890 2363 3934; x_wconf 91' lang='lat' dir='ltr'><strong>et</strong></span> 
     </span>
    </p>
   </div>
   <div class='ocr_carea' id='block_1_38' title="bbox 800 3954 2363 4030">
    <p class='ocr_par' dir='ltr' id='par_1_38' title="bbox 800 3954 2363 4030">
     <span class='ocr_line' id='line_1_38' title="bbox 800 3954 2363 4030; baseline 0.019 -34"><span class='ocrx_word' id='word_1_286' title='bbox 800 3959 1032 4001; x_wconf 91' lang='lat' dir='ltr'><strong>eurnam</strong></span> <span class='ocrx_word' id='word_1_287' title='bbox 1096 3954 1461 4018; x_wconf 86' lang='lat' dir='ltr'><strong>quartusdies</strong></span> <span class='ocrx_word' id='word_1_288' title='bbox 1518 3958 1621 4013; x_wconf 80' lang='lat' dir='ltr'><strong>fuit</strong></span> <span class='ocrx_word' id='word_1_289' title='bbox 1644 3964 1855 4030; x_wconf 88' lang='lat' dir='ltr'><strong>priums</strong></span> <span class='ocrx_word' id='word_1_290' title='bbox 1886 3978 1941 4020; x_wconf 89' lang='lat' dir='ltr'><strong>et</strong></span> <span class='ocrx_word' id='word_1_291' title='bbox 1970 3984 2078 4021; x_wconf 89' lang='lat' dir='ltr'><strong>non</strong></span> <span class='ocrx_word' id='word_1_292' title='bbox 2106 3976 2363 4026; x_wconf 82' lang='lat' dir='ltr'><strong>manens?</strong></span> 
     </span>
    </p>
   </div>
   <div class='ocr_carea' id='block_1_39' title="bbox 802 4038 2362 4119">
    <p class='ocr_par' dir='ltr' id='par_1_39' title="bbox 802 4038 2362 4119">
     <span class='ocr_line' id='line_1_39' title="bbox 802 4038 2362 4119; baseline 0.02 -31"><span class='ocrx_word' id='word_1_293' title='bbox 802 4038 1124 4107; x_wconf 74' lang='lat' dir='ltr'><strong>Audiamus,</strong></span> <span class='ocrx_word' id='word_1_294' title='bbox 1176 4062 1400 4113; x_wconf 69' lang='lat' dir='ltr'><strong>qua-so,</strong></span> <span class='ocrx_word' id='word_1_295' title='bbox 1432 4068 1682 4119; x_wconf 73' lang='lat' dir='ltr'><strong>quantam</strong></span> <span class='ocrx_word' id='word_1_296' title='bbox 1737 4056 1879 4112; x_wconf 87' lang='lat' dir='ltr'><strong>inter</strong></span> <span class='ocrx_word' id='word_1_297' title='bbox 1927 4060 2178 4117; x_wconf 89' lang='lat' dir='ltr'><strong>homines</strong></span> <span class='ocrx_word' id='word_1_298' title='bbox 2235 4077 2362 4119; x_wconf 91' lang='lat' dir='ltr'><strong>ante</strong></span> 
     </span>
    </p>
   </div>
   <div class='ocr_carea' id='block_1_40' title="bbox 800 4128 2362 4225">
    <p class='ocr_par' dir='ltr' id='par_1_40' title="bbox 800 4128 2362 4225">
     <span class='ocr_line' id='line_1_40' title="bbox 800 4128 2362 4225; baseline 0.018 -42"><span class='ocrx_word' id='word_1_299' title='bbox 800 4128 1011 4185; x_wconf 88' lang='lat' dir='ltr'><strong>Christi</strong></span> <span class='ocrx_word' id='word_1_300' title='bbox 1035 4135 1332 4192; x_wconf 86' lang='lat' dir='ltr'><strong>adventum</strong></span> <span class='ocrx_word' id='word_1_301' title='bbox 1366 4151 1421 4194; x_wconf 91' lang='lat' dir='ltr'><strong>et</strong></span> <span class='ocrx_word' id='word_1_302' title='bbox 1450 4142 1908 4204; x_wconf 91' lang='lat' dir='ltr'><strong>illuminationem</strong></span> <span class='ocrx_word' id='word_1_303' title='bbox 1956 4152 2181 4208; x_wconf 82' lang='lat' dir='ltr'><strong>fuerunt</strong></span> <span class='ocrx_word' id='word_1_304' title='bbox 2216 4156 2362 4225; x_wconf 89' lang='lat' dir='ltr'><strong>leges</strong></span> 
     </span>
    </p>
   </div>
   <div class='ocr_carea' id='block_1_41' title="bbox 800 4225 2362 4316">
    <p class='ocr_par' dir='ltr' id='par_1_41' title="bbox 800 4225 2362 4316">
     <span class='ocr_line' id='line_1_41' title="bbox 800 4225 2362 4316; baseline 0.019 -42"><span class='ocrx_word' id='word_1_305' title='bbox 800 4233 859 4275; x_wconf 89' lang='lat' dir='ltr'><strong>et</strong></span> <span class='ocrx_word' id='word_1_306' title='bbox 889 4225 1034 4278; x_wconf 89' lang='lat' dir='ltr'><strong>modi</strong></span> <span class='ocrx_word' id='word_1_307' title='bbox 1065 4228 1287 4294; x_wconf 90' lang='lat' dir='ltr'><strong>pietatis</strong></span> <span class='ocrx_word' id='word_1_308' title='bbox 1310 4241 1367 4284; x_wconf 93' lang='lat' dir='ltr'><strong>et</strong></span> <span class='ocrx_word' id='word_1_309' title='bbox 1393 4233 1595 4290; x_wconf 80' lang='lat' dir='ltr'><strong>divina:</strong></span> <span class='ocrx_word' id='word_1_310' title='bbox 1628 4240 1931 4309; x_wconf 83' lang='lat' dir='ltr'><strong>religionis.</strong></span> <span class='ocrx_word' id='word_1_311' title='bbox 1960 4245 2095 4298; x_wconf 83' lang='lat' dir='ltr'><strong>Nam</strong></span> <span class='ocrx_word' id='word_1_312' title='bbox 2132 4247 2186 4301; x_wconf 90' lang='lat' dir='ltr'><strong>in</strong></span> <span class='ocrx_word' id='word_1_313' title='bbox 2212 4249 2362 4316; x_wconf 83' lang='lat' dir='ltr'><strong>prin-</strong></span> 
     </span>
    </p>
   </div>
   <div class='ocr_carea' id='block_1_42' title="bbox 801 4311 2359 4392">
    <p class='ocr_par' dir='ltr' id='par_1_42' title="bbox 801 4311 2359 4392">
     <span class='ocr_line' id='line_1_42' title="bbox 801 4311 2359 4392; baseline 0.019 -30"><span class='ocrx_word' id='word_1_314' title='bbox 801 4311 947 4379; x_wconf 89' lang='lat' dir='ltr'><strong>cipio</strong></span> <span class='ocrx_word' id='word_1_315' title='bbox 975 4315 1195 4383; x_wconf 90' lang='lat' dir='ltr'><strong>quidem</strong></span> <span class='ocrx_word' id='word_1_316' title='bbox 1224 4320 1277 4372; x_wconf 93' lang='lat' dir='ltr'><strong>in</strong></span> <span class='ocrx_word' id='word_1_317' title='bbox 1311 4324 1487 4390; x_wconf 89' lang='lat' dir='ltr'><strong>prima</strong></span> <span class='ocrx_word' id='word_1_318' title='bbox 1506 4328 1783 4383; x_wconf 88' lang='lat' dir='ltr'><strong>creatione</strong></span> <span class='ocrx_word' id='word_1_319' title='bbox 1806 4331 1947 4386; x_wconf 89' lang='lat' dir='ltr'><strong>Deus</strong></span> <span class='ocrx_word' id='word_1_320' title='bbox 1974 4334 2126 4389; x_wconf 89' lang='lat' dir='ltr'><strong>dedit</strong></span> <span class='ocrx_word' id='word_1_321' title='bbox 2147 4311 2359 4392; x_wconf 79' lang='lat' dir='ltr'><strong>Adamo</strong></span> 
     </span>
    </p>
   </div>
   <div class='ocr_carea' id='block_1_43' title="bbox 799 4404 2358 4499">
    <p class='ocr_par' dir='ltr' id='par_1_43' title="bbox 799 4404 2358 4499">
     <span class='ocr_line' id='line_1_43' title="bbox 799 4404 2358 4499; baseline 0.019 -44"><span class='ocrx_word' id='word_1_322' title='bbox 799 4404 999 4459; x_wconf 79' lang='lat' dir='ltr'><strong>exilem</strong></span> <span class='ocrx_word' id='word_1_323' title='bbox 1052 4418 1111 4462; x_wconf 91' lang='lat' dir='ltr'><strong>et</strong></span> <span class='ocrx_word' id='word_1_324' title='bbox 1161 4414 1448 4469; x_wconf 76' lang='lat' dir='ltr'><strong>evanidam</strong></span> <span class='ocrx_word' id='word_1_325' title='bbox 1497 4418 1673 4473; x_wconf 90' lang='lat' dir='ltr'><strong>lucem</strong></span> <span class='ocrx_word' id='word_1_326' title='bbox 1736 4424 2102 4492; x_wconf 91' lang='lat' dir='ltr'><strong>cognitionis,</strong></span> <span class='ocrx_word' id='word_1_327' title='bbox 2160 4445 2358 4499; x_wconf 87' lang='lat' dir='ltr'><strong>nempe</strong></span> 
     </span>
    </p>
   </div>
   <div class='ocr_carea' id='block_1_44' title="bbox 2007 390 2861 460">
    <p class='ocr_par' dir='ltr' id='par_1_44' title="bbox 2007 390 2861 460">
     <span class='ocr_line' id='line_1_44' title="bbox 2007 390 2861 460; baseline 0.018 -14"><span class='ocrx_word' id='word_1_328' title='bbox 2007 390 2064 447; x_wconf 91' lang='lat' dir='ltr'><strong>S.</strong></span> <span class='ocrx_word' id='word_1_329' title='bbox 2107 392 2499 454; x_wconf 57' lang='lat' dir='ltr'><strong>ANAS’I‘ASII</strong></span> <span class='ocrx_word' id='word_1_330' title='bbox 2542 399 2861 460; x_wconf 65' lang='lat' dir='ltr'><strong>SINAIT/E</strong></span> 
     </span>
    </p>
   </div>
   <div class='ocr_carea' id='block_1_45' title="bbox 799 469 4018 581">
    <p class='ocr_par' dir='ltr' id='par_1_45' title="bbox 799 469 4018 581">
     <span class='ocr_line' id='line_1_45' title="bbox 799 469 4018 581; baseline 0.006 -22"><span class='ocrx_word' id='word_1_331' title='bbox 799 469 990 521; x_wconf 27' lang='lat' dir='ltr'><strong>munia.</strong></span> <span class='ocrx_word' id='word_1_332' title='bbox 1019 479 1247 538; x_wconf 53' lang='lat' dir='ltr'><strong>pmptcr</strong></span> <span class='ocrx_word' id='word_1_333' title='bbox 1273 472 1558 537; x_wconf 51' lang='lat' dir='ltr'><strong>Christum</strong></span> <span class='ocrx_word' id='word_1_334' title='bbox 1578 493 1633 537; x_wconf 64' lang='grc' dir='ltr'>εί</span> <span class='ocrx_word' id='word_1_335' title='bbox 1664 486 1717 537; x_wconf 77' lang='grc' dir='ltr'><strong>ί¹¹</strong></span> <span class='ocrx_word' id='word_1_336' title='bbox 1759 487 2039 545; x_wconf 64' lang='grc' dir='ltr'><strong>ωιτίδιυιη</strong></span> <span class='ocrx_word' id='word_1_337' title='bbox 2084 499 2363 550; x_wconf 72' lang='grc' dir='ltr'><strong>ιθηάυιιιὲίι</strong></span> <span class='ocrx_word' id='word_1_338' title='bbox 2396 505 2437 559; x_wconf 81' lang='grc' dir='ltr'><strong>Λ</strong></span> <span class='ocrx_word' id='word_1_339' title='bbox 2468 505 2645 558; x_wconf 85' lang='lat' dir='ltr'><strong>adhuc</strong></span> <span class='ocrx_word' id='word_1_340' title='bbox 2676 509 2961 575; x_wconf 88' lang='lat' dir='ltr'><strong>agebatur,</strong></span> <span class='ocrx_word' id='word_1_341' title='bbox 2996 513 3313 581; x_wconf 84' lang='lat' dir='ltr'><strong>priusquam</strong></span> <span class='ocrx_word' id='word_1_342' title='bbox 3342 517 3686 575; x_wconf 85' lang='lat' dir='ltr'><strong>illucescerct</strong></span> <span class='ocrx_word' id='word_1_343' title='bbox 3717 524 4018 579; x_wconf 86' lang='lat' dir='ltr'><strong>multitudo</strong></span> 
     </span>
    </p>
   </div>
   <div class='ocr_carea' id='block_1_46' title="bbox 2463 598 4016 685">
    <p class='ocr_par' dir='ltr' id='par_1_46' title="bbox 2463 598 4016 685">
     <span class='ocr_line' id='line_1_46' title="bbox 2463 598 4016 685; baseline 0.015 -38"><span class='ocrx_word' id='word_1_344' title='bbox 2463 598 2830 664; x_wconf 87' lang='lat' dir='ltr'><strong>apostolorum</strong></span> <span class='ocrx_word' id='word_1_345' title='bbox 2864 610 2919 654; x_wconf 93' lang='lat' dir='ltr'><strong>et</strong></span> <span class='ocrx_word' id='word_1_346' title='bbox 2955 601 3264 668; x_wconf 87' lang='lat' dir='ltr'><strong>doctorum,</strong></span> <span class='ocrx_word' id='word_1_347' title='bbox 3302 608 3517 672; x_wconf 58' lang='lat' dir='ltr'><strong>lucidas,</strong></span> <span class='ocrx_word' id='word_1_348' title='bbox 3585 612 3833 681; x_wconf 90' lang='lat' dir='ltr'><strong>inquam,</strong></span> <span class='ocrx_word' id='word_1_349' title='bbox 3894 633 4016 685; x_wconf 70' lang='lat' dir='ltr'><strong>qua:</strong></span> 
     </span>
    </p>
   </div>
   <div class='ocr_carea' id='block_1_47' title="bbox 2462 688 4019 768">
    <p class='ocr_par' dir='ltr' id='par_1_47' title="bbox 2462 688 4019 768">
     <span class='ocr_line' id='line_1_47' title="bbox 2462 688 4019 768; baseline 0.015 -31"><span class='ocrx_word' id='word_1_350' title='bbox 2462 696 2588 739; x_wconf 89' lang='lat' dir='ltr'><strong>sunt</strong></span> <span class='ocrx_word' id='word_1_351' title='bbox 2616 688 2667 739; x_wconf 91' lang='lat' dir='ltr'><strong>in</strong></span> <span class='ocrx_word' id='word_1_352' title='bbox 2702 692 2860 745; x_wconf 90' lang='lat' dir='ltr'><strong>terris</strong></span> <span class='ocrx_word' id='word_1_353' title='bbox 2886 694 3074 754; x_wconf 72' lang='lat' dir='ltr'><strong>slellm.</strong></span> <span class='ocrx_word' id='word_1_354' title='bbox 3097 706 3153 749; x_wconf 90' lang='lat' dir='ltr'><strong>et</strong></span> <span class='ocrx_word' id='word_1_355' title='bbox 3171 699 3484 768; x_wconf 88' lang='lat' dir='ltr'><strong>priusquam</strong></span> <span class='ocrx_word' id='word_1_356' title='bbox 3507 704 3747 757; x_wconf 88' lang='lat' dir='ltr'><strong>oriretur</strong></span> <span class='ocrx_word' id='word_1_357' title='bbox 3763 705 4019 760; x_wconf 83' lang='lat' dir='ltr'><strong>Christus</strong></span> 
     </span>
    </p>
   </div>
   <div class='ocr_carea' id='block_1_48' title="bbox 2460 777 4005 869">
    <p class='ocr_par' dir='ltr' id='par_1_48' title="bbox 2460 777 4005 869">
     <span class='ocr_line' id='line_1_48' title="bbox 2460 777 4005 869; baseline 0.016 -41"><span class='ocrx_word' id='word_1_358' title='bbox 2460 777 2617 846; x_wconf 77' lang='lat'><strong>871</strong></span> <span class='ocrx_word' id='word_1_359' title='bbox 2652 779 2740 832; x_wconf 85' lang='lat' dir='ltr'><strong>Sol</strong></span> <span class='ocrx_word' id='word_1_360' title='bbox 2768 783 3014 849; x_wconf 68' lang='lat' dir='ltr'><strong>justitim.</strong></span> <span class='ocrx_word' id='word_1_361' title='bbox 3040 792 3299 857; x_wconf 86' lang='lat' dir='ltr'><strong>cumejus</strong></span> <span class='ocrx_word' id='word_1_362' title='bbox 3326 795 3553 863; x_wconf 80' lang='lat' dir='ltr'><strong>eonjuge</strong></span> <span class='ocrx_word' id='word_1_363' title='bbox 3593 799 3741 858; x_wconf 91' lang='lat' dir='ltr'><strong>luna,</strong></span> <span class='ocrx_word' id='word_1_364' title='bbox 3804 816 4005 869; x_wconf 85' lang='lat' dir='ltr'><strong>nempe</strong></span> 
     </span>
    </p>
   </div>
   <div class='ocr_carea' id='block_1_49' title="bbox 2461 869 4019 956">
    <p class='ocr_par' dir='ltr' id='par_1_49' title="bbox 2461 869 4019 956">
     <span class='ocr_line' id='line_1_49' title="bbox 2461 869 4019 956; baseline 0.015 -36"><span class='ocrx_word' id='word_1_365' title='bbox 2461 869 2733 925; x_wconf 79' lang='lat' dir='ltr'><strong>Ecclesia:</strong></span> <span class='ocrx_word' id='word_1_366' title='bbox 2767 890 2830 929; x_wconf 86' lang='lat' dir='ltr'><strong>ea</strong></span> <span class='ocrx_word' id='word_1_367' title='bbox 2890 880 2957 932; x_wconf 87' lang='lat' dir='ltr'><strong>dc</strong></span> <span class='ocrx_word' id='word_1_368' title='bbox 3003 896 3167 934; x_wconf 84' lang='lat' dir='ltr'><strong>causa</strong></span> <span class='ocrx_word' id='word_1_369' title='bbox 3203 891 3316 938; x_wconf 89' lang='lat' dir='ltr'><strong>tres</strong></span> <span class='ocrx_word' id='word_1_370' title='bbox 3376 886 3492 937; x_wconf 85' lang='lat' dir='ltr'><strong>dics</strong></span> <span class='ocrx_word' id='word_1_371' title='bbox 3543 898 3669 939; x_wconf 82' lang='lat' dir='ltr'><strong>ante</strong></span> <span class='ocrx_word' id='word_1_372' title='bbox 3727 901 4019 956; x_wconf 89' lang='lat' dir='ltr'><strong>quarttnn,</strong></span> 
     </span>
    </p>
   </div>
   <div class='ocr_carea' id='block_1_50' title="bbox 2463 960 4013 1045">
    <p class='ocr_par' dir='ltr' id='par_1_50' title="bbox 2463 960 4013 1045">
     <span class='ocr_line' id='line_1_50' title="bbox 2463 960 4013 1045; baseline 0.017 -34"><span class='ocrx_word' id='word_1_373' title='bbox 2463 960 2808 1030; x_wconf 79' lang='lat' dir='ltr'><strong>imperfectos</strong></span> <span class='ocrx_word' id='word_1_374' title='bbox 2854 980 2909 1023; x_wconf 92' lang='lat' dir='ltr'><strong>ct</strong></span> <span class='ocrx_word' id='word_1_375' title='bbox 2960 987 3162 1041; x_wconf 90' lang='lat' dir='ltr'><strong>opacos</strong></span> <span class='ocrx_word' id='word_1_376' title='bbox 3192 975 3413 1045; x_wconf 88' lang='lat' dir='ltr'><strong>solequc</strong></span> <span class='ocrx_word' id='word_1_377' title='bbox 3472 986 3527 1029; x_wconf 93' lang='lat' dir='ltr'><strong>et</strong></span> <span class='ocrx_word' id='word_1_378' title='bbox 3573 979 3699 1031; x_wconf 88' lang='lat' dir='ltr'><strong>luna</strong></span> <span class='ocrx_word' id='word_1_379' title='bbox 3752 992 4013 1037; x_wconf 67' lang='lat' dir='ltr'><strong>carentes</strong></span> 
     </span>
    </p>
   </div>
   <div class='ocr_carea' id='block_1_51' title="bbox 2460 1054 2779 1112">
    <p class='ocr_par' dir='ltr' id='par_1_51' title="bbox 2460 1054 2779 1112">
     <span class='ocr_line' id='line_1_51' title="bbox 2460 1054 2779 1112; baseline 0.016 -5"><span class='ocrx_word' id='word_1_380' title='bbox 2460 1054 2591 1109; x_wconf 81' lang='lat' dir='ltr'><strong>fecit</strong></span> <span class='ocrx_word' id='word_1_381' title='bbox 2622 1059 2779 1112; x_wconf 85' lang='lat' dir='ltr'><strong>Deus.</strong></span> 
     </span>
    </p>
   </div>
   <div class='ocr_carea' id='block_1_52' title="bbox 2529 1148 4019 1231">
    <p class='ocr_par' dir='ltr' id='par_1_52' title="bbox 2529 1148 4019 1231">
     <span class='ocr_line' id='line_1_52' title="bbox 2529 1148 4019 1231; baseline 0.011 -32"><span class='ocrx_word' id='word_1_382' title='bbox 2529 1148 2764 1210; x_wconf 75' lang='lat' dir='ltr'><strong>Quartus</strong></span> <span class='ocrx_word' id='word_1_383' title='bbox 2793 1161 2975 1207; x_wconf 85' lang='lat' dir='ltr'><strong>autem</strong></span> <span class='ocrx_word' id='word_1_384' title='bbox 3013 1155 3133 1209; x_wconf 92' lang='lat' dir='ltr'><strong>dies</strong></span> <span class='ocrx_word' id='word_1_385' title='bbox 3171 1156 3274 1211; x_wconf 81' lang='lat' dir='ltr'><strong>fuit</strong></span> <span class='ocrx_word' id='word_1_386' title='bbox 3322 1157 3437 1226; x_wconf 90' lang='lat' dir='ltr'><strong>ipse</strong></span> <span class='ocrx_word' id='word_1_387' title='bbox 3472 1162 3677 1214; x_wconf 88' lang='lat' dir='ltr'><strong>mundo</strong></span> <span class='ocrx_word' id='word_1_388' title='bbox 3711 1164 4019 1231; x_wconf 71' lang='lat' dir='ltr'><strong>perlectus,</strong></span> 
     </span>
    </p>
   </div>
   <div class='ocr_carea' id='block_1_53' title="bbox 2460 1237 4021 1320">
    <p class='ocr_par' dir='ltr' id='par_1_53' title="bbox 2460 1237 4021 1320">
     <span class='ocr_line' id='line_1_53' title="bbox 2460 1237 4021 1320; baseline 0.013 -31"><span class='ocrx_word' id='word_1_389' title='bbox 2460 1237 2523 1291; x_wconf 73' lang='lat' dir='ltr'><strong>Et</strong></span> <span class='ocrx_word' id='word_1_390' title='bbox 2564 1252 2786 1309; x_wconf 90' lang='lat' dir='ltr'><strong>propter</strong></span> <span class='ocrx_word' id='word_1_391' title='bbox 2817 1258 2943 1297; x_wconf 90' lang='lat' dir='ltr'><strong>eum</strong></span> <span class='ocrx_word' id='word_1_392' title='bbox 2992 1257 3183 1315; x_wconf 81' lang='lat' dir='ltr'><strong>quarta</strong></span> <span class='ocrx_word' id='word_1_393' title='bbox 3234 1252 3396 1303; x_wconf 82' lang='lat' dir='ltr'><strong>noctis</strong></span> <span class='ocrx_word' id='word_1_394' title='bbox 3444 1252 3623 1320; x_wconf 82' lang='lat' dir='ltr'><strong>vigilia</strong></span> <span class='ocrx_word' id='word_1_395' title='bbox 3664 1257 3800 1307; x_wconf 71' lang='lat' dir='ltr'><strong>venit</strong></span> <span class='ocrx_word' id='word_1_396' title='bbox 3861 1256 4021 1309; x_wconf 90' lang='lat' dir='ltr'><strong>Chri-</strong></span> 
     </span>
    </p>
   </div>
   <div class='ocr_carea' id='block_1_54' title="bbox 2459 1339 4017 1415">
    <p class='ocr_par' dir='ltr' id='par_1_54' title="bbox 2459 1339 4017 1415">
     <span class='ocr_line' id='line_1_54' title="bbox 2459 1339 4017 1415; baseline 0.013 -33"><span class='ocrx_word' id='word_1_397' title='bbox 2459 1339 2577 1384; x_wconf 87' lang='lat' dir='ltr'><strong>stus</strong></span> <span class='ocrx_word' id='word_1_398' title='bbox 2607 1342 2734 1386; x_wconf 87' lang='lat' dir='ltr'><strong>tunc</strong></span> <span class='ocrx_word' id='word_1_399' title='bbox 2770 1351 2940 1404; x_wconf 87' lang='lat' dir='ltr'><strong>super</strong></span> <span class='ocrx_word' id='word_1_400' title='bbox 2966 1353 3114 1393; x_wconf 91' lang='lat' dir='ltr'><strong>mare</strong></span> <span class='ocrx_word' id='word_1_401' title='bbox 3142 1342 3428 1396; x_wconf 88' lang='lat' dir='ltr'><strong>ambulans</strong></span> <span class='ocrx_word' id='word_1_402' title='bbox 3451 1353 3507 1397; x_wconf 89' lang='lat' dir='ltr'><strong>et</strong></span> <span class='ocrx_word' id='word_1_403' title='bbox 3534 1360 3704 1413; x_wconf 87' lang='lat' dir='ltr'><strong>super</strong></span> <span class='ocrx_word' id='word_1_404' title='bbox 3728 1365 3919 1415; x_wconf 87' lang='lat' dir='ltr'><strong>aquas,</strong></span> <span class='ocrx_word' id='word_1_405' title='bbox 3954 1351 4017 1403; x_wconf 89' lang='lat' dir='ltr'><strong>ad</strong></span> 
     </span>
    </p>
   </div>
   <div class='ocr_carea' id='block_1_55' title="bbox 2458 1422 4021 1504">
    <p class='ocr_par' dir='ltr' id='par_1_55' title="bbox 2458 1422 4021 1504">
     <span class='ocr_line' id='line_1_55' title="bbox 2458 1422 4021 1504; baseline 0.012 -31"><span class='ocrx_word' id='word_1_406' title='bbox 2458 1437 2585 1475; x_wconf 86' lang='lat' dir='ltr'><strong>suos</strong></span> <span class='ocrx_word' id='word_1_407' title='bbox 2652 1422 2954 1493; x_wconf 87' lang='lat' dir='ltr'><strong>discipulos</strong></span> <span class='ocrx_word' id='word_1_408' title='bbox 3018 1429 3111 1497; x_wconf 92' lang='lat' dir='ltr'><strong>qui</strong></span> <span class='ocrx_word' id='word_1_409' title='bbox 3170 1432 3519 1499; x_wconf 88' lang='lat' dir='ltr'><strong>agitabantur</strong></span> <span class='ocrx_word' id='word_1_410' title='bbox 3574 1443 3919 1504; x_wconf 81' lang='lat' dir='ltr'><strong>tempestate,</strong></span> <span class='ocrx_word' id='word_1_411' title='bbox 3966 1449 4021 1492; x_wconf 94' lang='lat' dir='ltr'><strong>et</strong></span> 
     </span>
    </p>
   </div>
   <div class='ocr_carea' id='block_1_56' title="bbox 2456 1518 4022 1592">
    <p class='ocr_par' dir='ltr' id='par_1_56' title="bbox 2456 1518 4022 1592">
     <span class='ocr_line' id='line_1_56' title="bbox 2456 1518 4022 1592; baseline 0.011 -27"><span class='ocrx_word' id='word_1_412' title='bbox 2456 1525 2613 1567; x_wconf 90' lang='lat' dir='ltr'><strong>erant</strong></span> <span class='ocrx_word' id='word_1_413' title='bbox 2668 1518 2898 1585; x_wconf 90' lang='lat' dir='ltr'><strong>perituri</strong></span> <span class='ocrx_word' id='word_1_414' title='bbox 2946 1520 2999 1573; x_wconf 92' lang='lat' dir='ltr'><strong>in</strong></span> <span class='ocrx_word' id='word_1_415' title='bbox 3035 1523 3171 1575; x_wconf 89' lang='lat' dir='ltr'><strong>mari</strong></span> <span class='ocrx_word' id='word_1_416' title='bbox 3225 1525 3389 1592; x_wconf 86' lang='lat' dir='ltr'><strong>hujus</strong></span> <span class='ocrx_word' id='word_1_417' title='bbox 3447 1529 3661 1590; x_wconf 91' lang='lat' dir='ltr'><strong>mundi,</strong></span> <span class='ocrx_word' id='word_1_418' title='bbox 3694 1537 3749 1581; x_wconf 90' lang='lat' dir='ltr'><strong>et</strong></span> <span class='ocrx_word' id='word_1_419' title='bbox 3808 1531 3878 1583; x_wconf 67' lang='lat' dir='ltr'><strong>aal</strong></span> <span class='ocrx_word' id='word_1_420' title='bbox 3922 1548 4022 1584; x_wconf 72' lang='lat' dir='ltr'><strong>ur—s</strong></span> 
     </span>
    </p>
   </div>
   <div class='ocr_carea' id='block_1_57' title="bbox 2458 1605 4017 1682">
    <p class='ocr_par' dir='ltr' id='par_1_57' title="bbox 2458 1605 4017 1682">
     <span class='ocr_line' id='line_1_57' title="bbox 2458 1605 4017 1682; baseline 0.012 -26"><span class='ocrx_word' id='word_1_421' title='bbox 2458 1605 2644 1659; x_wconf 92' lang='lat' dir='ltr'><strong>itidem</strong></span> <span class='ocrx_word' id='word_1_422' title='bbox 2674 1609 2974 1677; x_wconf 87' lang='lat' dir='ltr'><strong>discipulos</strong></span> <span class='ocrx_word' id='word_1_423' title='bbox 3003 1614 3094 1681; x_wconf 92' lang='lat' dir='ltr'><strong>qui</strong></span> <span class='ocrx_word' id='word_1_424' title='bbox 3123 1614 3174 1666; x_wconf 95' lang='lat' dir='ltr'><strong>in</strong></span> <span class='ocrx_word' id='word_1_425' title='bbox 3209 1617 3514 1682; x_wconf 89' lang='lat' dir='ltr'><strong>periculmn</strong></span> <span class='ocrx_word' id='word_1_426' title='bbox 3548 1619 3961 1673; x_wconf 83' lang='lat' dir='ltr'><strong>adducebantur</strong></span> <span class='ocrx_word' id='word_1_427' title='bbox 3987 1641 4017 1675; x_wconf 59' lang='grc' dir='ltr'><strong>ιι</strong></span> 
     </span>
    </p>
   </div>
   <div class='ocr_carea' id='block_1_58' title="bbox 2456 1697 4017 1780">
    <p class='ocr_par' dir='ltr' id='par_1_58' title="bbox 2456 1697 4017 1780">
     <span class='ocr_line' id='line_1_58' title="bbox 2456 1697 4017 1780; baseline 0.012 -31"><span class='ocrx_word' id='word_1_428' title='bbox 2456 1697 2745 1765; x_wconf 86' lang='lat' dir='ltr'><strong>spiritibus</strong></span> <span class='ocrx_word' id='word_1_429' title='bbox 2771 1703 3120 1758; x_wconf 90' lang='lat' dir='ltr'><strong>tenebrarum</strong></span> <span class='ocrx_word' id='word_1_430' title='bbox 3143 1715 3197 1760; x_wconf 91' lang='lat' dir='ltr'><strong>et</strong></span> <span class='ocrx_word' id='word_1_431' title='bbox 3217 1706 3480 1762; x_wconf 85' lang='lat' dir='ltr'><strong>ﬂuctuum</strong></span> <span class='ocrx_word' id='word_1_432' title='bbox 3513 1711 3835 1780; x_wconf 84' lang='lat' dir='ltr'><strong>impietatis.</strong></span> <span class='ocrx_word' id='word_1_433' title='bbox 3862 1714 4017 1768; x_wconf 79' lang='lat' dir='ltr'><strong>Unde</strong></span> 
     </span>
    </p>
   </div>
   <div class='ocr_carea' id='block_1_59' title="bbox 2455 1788 4014 1873">
    <p class='ocr_par' dir='ltr' id='par_1_59' title="bbox 2455 1788 4014 1873">
     <span class='ocr_line' id='line_1_59' title="bbox 2455 1788 4014 1873; baseline 0.013 -35"><span class='ocrx_word' id='word_1_434' title='bbox 2455 1788 2621 1840; x_wconf 92' lang='lat' dir='ltr'><strong>etiam</strong></span> <span class='ocrx_word' id='word_1_435' title='bbox 2675 1790 2819 1843; x_wconf 86' lang='lat' dir='ltr'><strong>Deus</strong></span> <span class='ocrx_word' id='word_1_436' title='bbox 2866 1793 3120 1849; x_wconf 88' lang='lat' dir='ltr'><strong>lsraelem</strong></span> <span class='ocrx_word' id='word_1_437' title='bbox 3161 1798 3213 1851; x_wconf 93' lang='lat' dir='ltr'><strong>in</strong></span> <span class='ocrx_word' id='word_1_438' title='bbox 3260 1802 3393 1854; x_wconf 90' lang='lat' dir='ltr'><strong>mari</strong></span> <span class='ocrx_word' id='word_1_439' title='bbox 3442 1804 3681 1856; x_wconf 86' lang='lat' dir='ltr'><strong>servavit</strong></span> <span class='ocrx_word' id='word_1_440' title='bbox 3726 1804 3779 1857; x_wconf 92' lang='lat' dir='ltr'><strong>in</strong></span> <span class='ocrx_word' id='word_1_441' title='bbox 3823 1816 4014 1873; x_wconf 88' lang='lat' dir='ltr'><strong>quarta</strong></span> 
     </span>
    </p>
   </div>
   <div class='ocr_carea' id='block_1_60' title="bbox 2457 1880 4017 1957">
    <p class='ocr_par' dir='ltr' id='par_1_60' title="bbox 2457 1881 4017 1957">
     <span class='ocr_line' id='line_1_60' title="bbox 2457 1881 4017 1957; baseline 0.011 -24"><span class='ocrx_word' id='word_1_442' title='bbox 2457 1881 2640 1951; x_wconf 84' lang='lat' dir='ltr'><strong>vigilia</strong></span> <span class='ocrx_word' id='word_1_443' title='bbox 2674 1886 2942 1939; x_wconf 91' lang='lat' dir='ltr'><strong>matutina</strong></span> <span class='ocrx_word' id='word_1_444' title='bbox 2982 1889 3048 1941; x_wconf 91' lang='lat' dir='ltr'><strong>ad</strong></span> <span class='ocrx_word' id='word_1_445' title='bbox 3083 1906 3182 1942; x_wconf 87' lang='lat' dir='ltr'><strong>nos</strong></span> <span class='ocrx_word' id='word_1_446' title='bbox 3214 1892 3552 1957; x_wconf 80' lang='lat' dir='ltr'><strong>ﬁgurandus.</strong></span> <span class='ocrx_word' id='word_1_447' title='bbox 3580 1894 3688 1948; x_wconf 80' lang='lat' dir='ltr'><strong>Nos</strong></span> <span class='ocrx_word' id='word_1_448' title='bbox 3731 1896 3879 1949; x_wconf 86' lang='lat' dir='ltr'><strong>enim</strong></span> <span class='ocrx_word' id='word_1_449' title='bbox 3923 1914 4017 1949; x_wconf 57' lang='lat' dir='ltr'><strong>suo</strong></span> 
     </span>
    </p>
   </div>
   <div class='ocr_carea' id='block_1_61' title="bbox 2457 1976 4017 2059">
    <p class='ocr_par' dir='ltr' id='par_1_61' title="bbox 2457 1976 4017 2059">
     <span class='ocr_line' id='line_1_61' title="bbox 2457 1976 4017 2059; baseline 0.012 -35"><span class='ocrx_word' id='word_1_450' title='bbox 2457 1989 2577 2026; x_wconf 91' lang='lat' dir='ltr'><strong>mus</strong></span> <span class='ocrx_word' id='word_1_451' title='bbox 2604 1976 2723 2042; x_wconf 91' lang='lat' dir='ltr'><strong>ejus</strong></span> <span class='ocrx_word' id='word_1_452' title='bbox 2771 1980 3006 2046; x_wconf 89' lang='lat' dir='ltr'><strong>populus</strong></span> <span class='ocrx_word' id='word_1_453' title='bbox 3034 1997 3195 2049; x_wconf 92' lang='lat' dir='ltr'><strong>quem</strong></span> <span class='ocrx_word' id='word_1_454' title='bbox 3231 1985 3486 2038; x_wconf 83' lang='lat' dir='ltr'><strong>liberavit</strong></span> <span class='ocrx_word' id='word_1_455' title='bbox 3519 2002 3548 2039; x_wconf 90' lang='lat' dir='ltr'><strong>a</strong></span> <span class='ocrx_word' id='word_1_456' title='bbox 3584 2004 3743 2040; x_wconf 87' lang='lat' dir='ltr'><strong>tuanu</strong></span> <span class='ocrx_word' id='word_1_457' title='bbox 3794 1990 4017 2059; x_wconf 81' lang='lat' dir='ltr'><strong>maligni</strong></span> 
     </span>
    </p>
   </div>
   <div class='ocr_carea' id='block_1_62' title="bbox 2457 2066 4020 2147">
    <p class='ocr_par' dir='ltr' id='par_1_62' title="bbox 2457 2066 4020 2147">
     <span class='ocr_line' id='line_1_62' title="bbox 2457 2066 4020 2147; baseline 0.011 -31"><span class='ocrx_word' id='word_1_458' title='bbox 2457 2066 2661 2119; x_wconf 91' lang='lat' dir='ltr'><strong>diaboli</strong></span> <span class='ocrx_word' id='word_1_459' title='bbox 2718 2068 3018 2124; x_wconf 79' lang='lat' dir='ltr'><strong>Pharaonis</strong></span> <span class='ocrx_word' id='word_1_460' title='bbox 3077 2083 3275 2141; x_wconf 90' lang='lat' dir='ltr'><strong>quarto</strong></span> <span class='ocrx_word' id='word_1_461' title='bbox 3316 2085 3371 2128; x_wconf 91' lang='lat' dir='ltr'><strong>et</strong></span> <span class='ocrx_word' id='word_1_462' title='bbox 3411 2080 3588 2145; x_wconf 91' lang='lat' dir='ltr'><strong>primo</strong></span> <span class='ocrx_word' id='word_1_463' title='bbox 3640 2078 3883 2147; x_wconf 78' lang='lat' dir='ltr'><strong>perfecto</strong></span> <span class='ocrx_word' id='word_1_464' title='bbox 3930 2080 4020 2133; x_wconf 79' lang='lat' dir='ltr'><strong>die</strong></span> 
     </span>
    </p>
   </div>
   <div class='ocr_carea' id='block_1_63' title="bbox 2455 2161 4019 2226">
    <p class='ocr_par' dir='ltr' id='par_1_63' title="bbox 2455 2161 4019 2226">
     <span class='ocr_line' id='line_1_63' title="bbox 2455 2161 4019 2226; baseline 0.013 -21"><span class='ocrx_word' id='word_1_465' title='bbox 2455 2165 2745 2224; x_wconf 89' lang='lat' dir='ltr'><strong>postquam</strong></span> <span class='ocrx_word' id='word_1_466' title='bbox 2793 2161 2958 2214; x_wconf 85' lang='lat' dir='ltr'><strong>tertio</strong></span> <span class='ocrx_word' id='word_1_467' title='bbox 2994 2162 3082 2216; x_wconf 89' lang='lat' dir='ltr'><strong>die</strong></span> <span class='ocrx_word' id='word_1_468' title='bbox 3123 2166 3364 2218; x_wconf 77' lang='lat' dir='ltr'><strong>surrexit</strong></span> <span class='ocrx_word' id='word_1_469' title='bbox 3404 2183 3432 2219; x_wconf 92' lang='lat' dir='ltr'><strong>a</strong></span> <span class='ocrx_word' id='word_1_470' title='bbox 3467 2170 3703 2223; x_wconf 89' lang='lat' dir='ltr'><strong>mortuis</strong></span> <span class='ocrx_word' id='word_1_471' title='bbox 3740 2182 3897 2224; x_wconf 84' lang='lat' dir='ltr'><strong>ortus</strong></span> <span class='ocrx_word' id='word_1_472' title='bbox 3938 2174 4019 2226; x_wconf 90' lang='lat' dir='ltr'><strong>sol</strong></span> 
     </span>
    </p>
   </div>
   <div class='ocr_carea' id='block_1_64' title="bbox 2451 2246 4021 2330">
    <p class='ocr_par' dir='ltr' id='par_1_64' title="bbox 2451 2246 4021 2330">
     <span class='ocr_line' id='line_1_64' title="bbox 2451 2246 4021 2330; baseline 0.013 -35"><span class='ocrx_word' id='word_1_473' title='bbox 2451 2246 2675 2313; x_wconf 75' lang='lat' dir='ltr'><strong>justiti-.e</strong></span> <span class='ocrx_word' id='word_1_474' title='bbox 2701 2265 2713 2299; x_wconf 90' lang='lat'><strong>:</strong></span> <span class='ocrx_word' id='word_1_475' title='bbox 2744 2264 2906 2316; x_wconf 91' lang='lat' dir='ltr'><strong>quem</strong></span> <span class='ocrx_word' id='word_1_476' title='bbox 2933 2252 3085 2319; x_wconf 89' lang='lat' dir='ltr'><strong>prius</strong></span> <span class='ocrx_word' id='word_1_477' title='bbox 3116 2254 3444 2323; x_wconf 77' lang='lat' dir='ltr'><strong>signiﬁcavit</strong></span> <span class='ocrx_word' id='word_1_478' title='bbox 3469 2258 3569 2313; x_wconf 88' lang='lat' dir='ltr'><strong>iste</strong></span> <span class='ocrx_word' id='word_1_479' title='bbox 3593 2261 3672 2313; x_wconf 90' lang='lat' dir='ltr'><strong>sol</strong></span> <span class='ocrx_word' id='word_1_480' title='bbox 3696 2261 3788 2329; x_wconf 90' lang='lat' dir='ltr'><strong>qui</strong></span> <span class='ocrx_word' id='word_1_481' title='bbox 3821 2272 4021 2330; x_wconf 74' lang='lat' dir='ltr'><strong>quarto</strong></span> 
     </span>
    </p>
   </div>
   <div class='ocr_carea' id='block_1_65' title="bbox 2455 2336 4023 2417">
    <p class='ocr_par' dir='ltr' id='par_1_65' title="bbox 2455 2336 4023 2417">
     <span class='ocr_line' id='line_1_65' title="bbox 2455 2336 4023 2417; baseline 0.013 -28"><span class='ocrx_word' id='word_1_482' title='bbox 2455 2336 2545 2390; x_wconf 89' lang='lat' dir='ltr'><strong>die</strong></span> <span class='ocrx_word' id='word_1_483' title='bbox 2583 2338 2684 2392; x_wconf 81' lang='lat' dir='ltr'><strong>fuit</strong></span> <span class='ocrx_word' id='word_1_484' title='bbox 2731 2356 2759 2393; x_wconf 88' lang='lat' dir='ltr'><strong>a</strong></span> <span class='ocrx_word' id='word_1_485' title='bbox 2800 2342 2910 2395; x_wconf 85' lang='lat' dir='ltr'><strong>Deo</strong></span> <span class='ocrx_word' id='word_1_486' title='bbox 2942 2345 3228 2409; x_wconf 88' lang='lat' dir='ltr'><strong>conditus,</strong></span> <span class='ocrx_word' id='word_1_487' title='bbox 3264 2349 3537 2417; x_wconf 87' lang='lat' dir='ltr'><strong>quoddam</strong></span> <span class='ocrx_word' id='word_1_488' title='bbox 3583 2368 3783 2407; x_wconf 87' lang='lat' dir='ltr'><strong>novum</strong></span> <span class='ocrx_word' id='word_1_489' title='bbox 3834 2364 3893 2408; x_wconf 90' lang='lat' dir='ltr'><strong>et</strong></span> <span class='ocrx_word' id='word_1_490' title='bbox 3939 2355 4023 2407; x_wconf 87' lang='lat' dir='ltr'><strong>di-</strong></span> 
     </span>
    </p>
   </div>
   <div class='ocr_carea' id='block_1_66' title="bbox 2455 2432 4016 2516">
    <p class='ocr_par' dir='ltr' id='par_1_66' title="bbox 2455 2432 4016 2516">
     <span class='ocr_line' id='line_1_66' title="bbox 2455 2432 4016 2516; baseline 0.014 -38"><span class='ocrx_word' id='word_1_491' title='bbox 2455 2444 2621 2496; x_wconf 81' lang='lat' dir='ltr'><strong>gnum</strong></span> <span class='ocrx_word' id='word_1_492' title='bbox 2659 2432 2806 2498; x_wconf 89' lang='lat' dir='ltr'><strong>quod</strong></span> <span class='ocrx_word' id='word_1_493' title='bbox 2830 2445 3145 2490; x_wconf 91' lang='lat' dir='ltr'><strong>scrutemur</strong></span> <span class='ocrx_word' id='word_1_494' title='bbox 3170 2440 3329 2494; x_wconf 89' lang='lat' dir='ltr'><strong>nobis</strong></span> <span class='ocrx_word' id='word_1_495' title='bbox 3350 2443 3646 2497; x_wconf 87' lang='lat' dir='ltr'><strong>ostendens</strong></span> <span class='ocrx_word' id='word_1_496' title='bbox 3670 2447 4016 2516; x_wconf 76' lang='lat' dir='ltr'><strong>mysterium,</strong></span> 
     </span>
    </p>
   </div>
   <div class='ocr_carea' id='block_1_67' title="bbox 2456 2524 4019 2595">
    <p class='ocr_par' dir='ltr' id='par_1_67' title="bbox 2456 2524 4019 2595">
     <span class='ocr_line' id='line_1_67' title="bbox 2456 2524 4019 2595; baseline 0.013 -25"><span class='ocrx_word' id='word_1_497' title='bbox 2456 2528 2747 2587; x_wconf 87' lang='lat' dir='ltr'><strong>propterea</strong></span> <span class='ocrx_word' id='word_1_498' title='bbox 2796 2524 2943 2591; x_wconf 89' lang='lat' dir='ltr'><strong>quod</strong></span> <span class='ocrx_word' id='word_1_499' title='bbox 2993 2538 3191 2595; x_wconf 90' lang='lat' dir='ltr'><strong>quarto</strong></span> <span class='ocrx_word' id='word_1_500' title='bbox 3241 2530 3330 2584; x_wconf 93' lang='lat' dir='ltr'><strong>die</strong></span> <span class='ocrx_word' id='word_1_501' title='bbox 3385 2531 3563 2587; x_wconf 82' lang='lat' dir='ltr'><strong>factus</strong></span> <span class='ocrx_word' id='word_1_502' title='bbox 3611 2542 3713 2588; x_wconf 92' lang='lat' dir='ltr'><strong>est.</strong></span> <span class='ocrx_word' id='word_1_503' title='bbox 3748 2536 3885 2589; x_wconf 84' lang='lat' dir='ltr'><strong>Nam</strong></span> <span class='ocrx_word' id='word_1_504' title='bbox 3924 2537 4019 2591; x_wconf 80' lang='lat' dir='ltr'><strong>lux</strong></span> 
     </span>
    </p>
   </div>
   <div class='ocr_carea' id='block_1_68' title="bbox 2455 2610 4018 2695">
    <p class='ocr_par' dir='ltr' id='par_1_68' title="bbox 2455 2610 4018 2695">
     <span class='ocr_line' id='line_1_68' title="bbox 2455 2610 4018 2695; baseline 0.015 -35"><span class='ocrx_word' id='word_1_505' title='bbox 2455 2610 2674 2676; x_wconf 90' lang='lat' dir='ltr'><strong>quidem</strong></span> <span class='ocrx_word' id='word_1_506' title='bbox 2728 2614 2897 2669; x_wconf 91' lang='lat' dir='ltr'><strong>trium</strong></span> <span class='ocrx_word' id='word_1_507' title='bbox 2923 2616 3138 2672; x_wconf 89' lang='lat' dir='ltr'><strong>dierum</strong></span> <span class='ocrx_word' id='word_1_508' title='bbox 3194 2624 3643 2689; x_wconf 61' lang='lat' dir='ltr'><strong>prtecedentium,</strong></span> <span class='ocrx_word' id='word_1_509' title='bbox 3680 2642 3923 2695; x_wconf 80' lang='lat' dir='ltr'><strong>expansa</strong></span> <span class='ocrx_word' id='word_1_510' title='bbox 3957 2645 4018 2683; x_wconf 88' lang='lat' dir='ltr'><strong>ac</strong></span> 
     </span>
    </p>
   </div>
   <div class='ocr_carea' id='block_1_69' title="bbox 2455 2700 4020 2779">
    <p class='ocr_par' dir='ltr' id='par_1_69' title="bbox 2455 2700 4020 2779">
     <span class='ocr_line' id='line_1_69' title="bbox 2455 2700 4020 2779; baseline 0.015 -29"><span class='ocrx_word' id='word_1_511' title='bbox 2455 2700 2700 2769; x_wconf 86' lang='lat' dir='ltr'><strong>dispersa</strong></span> <span class='ocrx_word' id='word_1_512' title='bbox 2731 2720 2829 2773; x_wconf 89' lang='lat' dir='ltr'><strong>per</strong></span> <span class='ocrx_word' id='word_1_513' title='bbox 2874 2716 3044 2762; x_wconf 91' lang='lat' dir='ltr'><strong>totam</strong></span> <span class='ocrx_word' id='word_1_514' title='bbox 3078 2712 3517 2779; x_wconf 82' lang='lat' dir='ltr'><strong>universitatem,</strong></span> <span class='ocrx_word' id='word_1_515' title='bbox 3550 2718 3791 2771; x_wconf 88' lang='lat' dir='ltr'><strong>ostendit</strong></span> <span class='ocrx_word' id='word_1_516' title='bbox 3839 2719 4020 2773; x_wconf 87' lang='lat' dir='ltr'><strong>lucent</strong></span> 
     </span>
    </p>
   </div>
   <div class='ocr_carea' id='block_1_70' title="bbox 2457 2791 4020 2877">
    <p class='ocr_par' dir='ltr' id='par_1_70' title="bbox 2457 2791 4020 2877">
     <span class='ocr_line' id='line_1_70' title="bbox 2457 2791 4020 2877; baseline 0.015 -33"><span class='ocrx_word' id='word_1_517' title='bbox 2457 2791 2712 2849; x_wconf 66' lang='lat' dir='ltr'><strong>incrcataa</strong></span> <span class='ocrx_word' id='word_1_518' title='bbox 2761 2798 3045 2856; x_wconf 83' lang='lat' dir='ltr'><strong>Trinitatis</strong></span> <span class='ocrx_word' id='word_1_519' title='bbox 3094 2820 3421 2874; x_wconf 87' lang='lat' dir='ltr'><strong>quocunque</strong></span> <span class='ocrx_word' id='word_1_520' title='bbox 3454 2812 3764 2877; x_wconf 86' lang='lat' dir='ltr'><strong>pervenire,</strong></span> <span class='ocrx_word' id='word_1_521' title='bbox 3800 2823 3857 2866; x_wconf 89' lang='lat' dir='ltr'><strong>et</strong></span> <span class='ocrx_word' id='word_1_522' title='bbox 3893 2815 4020 2867; x_wconf 89' lang='lat' dir='ltr'><strong>nul-</strong></span> 
     </span>
    </p>
   </div>
   <div class='ocr_carea' id='block_1_71' title="bbox 2457 2885 4020 2965">
    <p class='ocr_par' dir='ltr' id='par_1_71' title="bbox 2457 2885 4020 2965">
     <span class='ocr_line' id='line_1_71' title="bbox 2457 2885 4020 2965; baseline 0.013 -28"><span class='ocrx_word' id='word_1_523' title='bbox 2457 2885 2567 2937; x_wconf 94' lang='lat' dir='ltr'><strong>lum</strong></span> <span class='ocrx_word' id='word_1_524' title='bbox 2612 2889 2925 2958; x_wconf 79' lang='lat' dir='ltr'><strong>relinquere.</strong></span> <span class='ocrx_word' id='word_1_525' title='bbox 2980 2893 3163 2949; x_wconf 91' lang='lat' dir='ltr'><strong>locum</strong></span> <span class='ocrx_word' id='word_1_526' title='bbox 3185 2911 3247 2949; x_wconf 88' lang='lat' dir='ltr'><strong>ea</strong></span> <span class='ocrx_word' id='word_1_527' title='bbox 3276 2914 3527 2953; x_wconf 88' lang='lat' dir='ltr'><strong>vacuum.</strong></span> <span class='ocrx_word' id='word_1_528' title='bbox 3554 2900 3787 2965; x_wconf 80' lang='lat' dir='ltr'><strong>Quando</strong></span> <span class='ocrx_word' id='word_1_529' title='bbox 3835 2913 4020 2958; x_wconf 84' lang='lat' dir='ltr'><strong>autem</strong></span> 
     </span>
    </p>
   </div>
   <div class='ocr_carea' id='block_1_72' title="bbox 2458 2978 4023 3063">
    <p class='ocr_par' dir='ltr' id='par_1_72' title="bbox 2458 2978 4023 3063">
     <span class='ocr_line' id='line_1_72' title="bbox 2458 2978 4023 3063; baseline 0.015 -38"><span class='ocrx_word' id='word_1_530' title='bbox 2458 2986 2652 3041; x_wconf 89' lang='lat' dir='ltr'><strong>quarto</strong></span> <span class='ocrx_word' id='word_1_531' title='bbox 2684 2978 2775 3032; x_wconf 91' lang='lat' dir='ltr'><strong>die</strong></span> <span class='ocrx_word' id='word_1_532' title='bbox 2821 2980 3123 3038; x_wconf 81' lang='lat' dir='ltr'><strong>fabricatur</strong></span> <span class='ocrx_word' id='word_1_533' title='bbox 3174 2988 3328 3040; x_wconf 88' lang='lat' dir='ltr'><strong>orbis</strong></span> <span class='ocrx_word' id='word_1_534' title='bbox 3376 2991 3525 3051; x_wconf 83' lang='lat' dir='ltr'><strong>solis,</strong></span> <span class='ocrx_word' id='word_1_535' title='bbox 3558 3001 3609 3044; x_wconf 91' lang='lat' dir='ltr'><strong>et</strong></span> <span class='ocrx_word' id='word_1_536' title='bbox 3642 2992 3731 3045; x_wconf 77' lang='lat' dir='ltr'><strong>lux</strong></span> <span class='ocrx_word' id='word_1_537' title='bbox 3768 2994 3859 3046; x_wconf 91' lang='lat' dir='ltr'><strong>illa</strong></span> <span class='ocrx_word' id='word_1_538' title='bbox 3901 3012 4023 3063; x_wconf 74' lang='lat' dir='ltr'><strong>qua:</strong></span> 
     </span>
    </p>
   </div>
   <div class='ocr_carea' id='block_1_73' title="bbox 2456 3069 4021 3154">
    <p class='ocr_par' dir='ltr' id='par_1_73' title="bbox 2456 3069 4021 3154">
     <span class='ocr_line' id='line_1_73' title="bbox 2456 3069 4021 3154; baseline 0.012 -35"><span class='ocrx_word' id='word_1_539' title='bbox 2456 3079 2540 3122; x_wconf 90' lang='lat' dir='ltr'><strong>est</strong></span> <span class='ocrx_word' id='word_1_540' title='bbox 2565 3069 2768 3137; x_wconf 90' lang='lat' dir='ltr'><strong>ubique</strong></span> <span class='ocrx_word' id='word_1_541' title='bbox 2786 3088 3023 3140; x_wconf 72' lang='lat' dir='ltr'><strong>pnesens</strong></span> <span class='ocrx_word' id='word_1_542' title='bbox 3051 3077 3187 3130; x_wconf 90' lang='lat' dir='ltr'><strong>ineo</strong></span> <span class='ocrx_word' id='word_1_543' title='bbox 3211 3081 3449 3146; x_wconf 89' lang='lat' dir='ltr'><strong>ponitur,</strong></span> <span class='ocrx_word' id='word_1_544' title='bbox 3467 3082 3569 3134; x_wconf 86' lang='lat' dir='ltr'><strong>hoc</strong></span> <span class='ocrx_word' id='word_1_545' title='bbox 3591 3084 4021 3154; x_wconf 87' lang='lat' dir='ltr'><strong>signiticatqnod</strong></span> 
     </span>
    </p>
   </div>
   <div class='ocr_carea' id='block_1_74' title="bbox 2388 3157 4021 3243">
    <p class='ocr_par' dir='ltr' id='par_1_74' title="bbox 2388 3157 4021 3243">
     <span class='ocr_line' id='line_1_74' title="bbox 2388 3157 4021 3243; baseline 0.015 -37"><span class='ocrx_word' id='word_1_546' title='bbox 2388 3172 2428 3227; x_wconf 65' lang='grc' dir='ltr'><strong>(ς</strong></span> <span class='ocrx_word' id='word_1_547' title='bbox 2462 3157 2647 3211; x_wconf 86' lang='lat' dir='ltr'><strong>divina</strong></span> <span class='ocrx_word' id='word_1_548' title='bbox 2680 3161 2770 3214; x_wconf 92' lang='lat' dir='ltr'><strong>illa</strong></span> <span class='ocrx_word' id='word_1_549' title='bbox 2813 3163 2904 3216; x_wconf 75' lang='lat' dir='ltr'><strong>lux</strong></span> <span class='ocrx_word' id='word_1_550' title='bbox 2945 3166 2996 3217; x_wconf 89' lang='lat' dir='ltr'><strong>in</strong></span> <span class='ocrx_word' id='word_1_551' title='bbox 3046 3169 3179 3222; x_wconf 88' lang='lat' dir='ltr'><strong>orbe</strong></span> <span class='ocrx_word' id='word_1_552' title='bbox 3226 3171 3461 3239; x_wconf 87' lang='lat' dir='ltr'><strong>quodam</strong></span> <span class='ocrx_word' id='word_1_553' title='bbox 3509 3174 3742 3241; x_wconf 88' lang='lat' dir='ltr'><strong>primunt</strong></span> <span class='ocrx_word' id='word_1_554' title='bbox 3796 3177 4021 3243; x_wconf 86' lang='lat' dir='ltr'><strong>quidem</strong></span> 
     </span>
    </p>
   </div>
   <div class='ocr_carea' id='block_1_75' title="bbox 2467 3248 4023 3330">
    <p class='ocr_par' dir='ltr' id='par_1_75' title="bbox 2467 3248 4023 3330">
     <span class='ocr_line' id='line_1_75' title="bbox 2467 3248 4023 3330; baseline 0.012 -34"><span class='ocrx_word' id='word_1_555' title='bbox 2467 3248 2687 3313; x_wconf 90' lang='lat' dir='ltr'><strong>ponitur</strong></span> <span class='ocrx_word' id='word_1_556' title='bbox 2709 3251 2944 3307; x_wconf 91' lang='lat' dir='ltr'><strong>obscura</strong></span> <span class='ocrx_word' id='word_1_557' title='bbox 2967 3257 3037 3307; x_wconf 91' lang='lat' dir='ltr'><strong>ob</strong></span> <span class='ocrx_word' id='word_1_558' title='bbox 3056 3268 3337 3325; x_wconf 81' lang='lat' dir='ltr'><strong>peceatum</strong></span> <span class='ocrx_word' id='word_1_559' title='bbox 3376 3261 3565 3313; x_wconf 87' lang='lat' dir='ltr'><strong>Adami</strong></span> <span class='ocrx_word' id='word_1_560' title='bbox 3590 3303 3600 3316; x_wconf 86' lang='lat'><strong>.</strong></span> <span class='ocrx_word' id='word_1_561' title='bbox 3630 3275 3815 3330; x_wconf 81' lang='lat' dir='ltr'><strong>postea</strong></span> <span class='ocrx_word' id='word_1_562' title='bbox 3836 3274 4023 3317; x_wconf 89' lang='lat' dir='ltr'><strong>autem</strong></span> 
     </span>
    </p>
   </div>
   <div class='ocr_carea' id='block_1_76' title="bbox 2465 3334 4019 3422">
    <p class='ocr_par' dir='ltr' id='par_1_76' title="bbox 2465 3334 4019 3422">
     <span class='ocr_line' id='line_1_76' title="bbox 2465 3334 4019 3422; baseline 0.011 -35"><span class='ocrx_word' id='word_1_563' title='bbox 2465 3334 2643 3390; x_wconf 89' lang='lat' dir='ltr'><strong>lucida</strong></span> <span class='ocrx_word' id='word_1_564' title='bbox 2682 3354 2908 3410; x_wconf 90' lang='lat' dir='ltr'><strong>propter</strong></span> <span class='ocrx_word' id='word_1_565' title='bbox 2936 3345 3196 3398; x_wconf 89' lang='lat' dir='ltr'><strong>unionem</strong></span> <span class='ocrx_word' id='word_1_566' title='bbox 3233 3348 3286 3400; x_wconf 95' lang='lat' dir='ltr'><strong>in</strong></span> <span class='ocrx_word' id='word_1_567' title='bbox 3338 3350 3450 3403; x_wconf 90' lang='lat' dir='ltr'><strong>Deo</strong></span> <span class='ocrx_word' id='word_1_568' title='bbox 3496 3367 3593 3419; x_wconf 88' lang='lat' dir='ltr'><strong>per</strong></span> <span class='ocrx_word' id='word_1_569' title='bbox 3634 3353 3976 3422; x_wconf 71' lang='lat' dir='ltr'><strong>hypostasim</strong></span> <span class='ocrx_word' id='word_1_570' title='bbox 4010 3373 4019 3404; x_wconf 92' lang='lat'><strong>:</strong></span> 
     </span>
    </p>
   </div>
   <div class='ocr_carea' id='block_1_77' title="bbox 2468 3429 4022 3514">
    <p class='ocr_par' dir='ltr' id='par_1_77' title="bbox 2468 3429 4022 3514">
     <span class='ocr_line' id='line_1_77' title="bbox 2468 3429 4022 3514; baseline 0.012 -33"><span class='ocrx_word' id='word_1_571' title='bbox 2468 3429 2519 3481; x_wconf 92' lang='lat' dir='ltr'><strong>in</strong></span> <span class='ocrx_word' id='word_1_572' title='bbox 2576 3432 2790 3498; x_wconf 89' lang='lat' dir='ltr'><strong>ahjecto</strong></span> <span class='ocrx_word' id='word_1_573' title='bbox 2829 3435 3037 3490; x_wconf 88' lang='lat' dir='ltr'><strong>scilicet</strong></span> <span class='ocrx_word' id='word_1_574' title='bbox 3090 3449 3147 3492; x_wconf 92' lang='lat' dir='ltr'><strong>ct</strong></span> <span class='ocrx_word' id='word_1_575' title='bbox 3201 3449 3517 3511; x_wconf 87' lang='lat' dir='ltr'><strong>contempto</strong></span> <span class='ocrx_word' id='word_1_576' title='bbox 3578 3443 3799 3498; x_wconf 90' lang='lat' dir='ltr'><strong>homine</strong></span> <span class='ocrx_word' id='word_1_577' title='bbox 3858 3462 4022 3514; x_wconf 87' lang='lat' dir='ltr'><strong>quem</strong></span> 
     </span>
    </p>
   </div>
   <div class='ocr_carea' id='block_1_78' title="bbox 2466 3520 4027 3590">
    <p class='ocr_par' dir='ltr' id='par_1_78' title="bbox 2466 3520 4027 3590">
     <span class='ocr_line' id='line_1_78' title="bbox 2466 3520 4027 3590; baseline 0.012 -18"><span class='ocrx_word' id='word_1_578' title='bbox 2466 3520 2637 3575; x_wconf 74' lang='lat' dir='ltr'><strong>Filius</strong></span> <span class='ocrx_word' id='word_1_579' title='bbox 2691 3524 2931 3579; x_wconf 84' lang='lat' dir='ltr'><strong>hominis</strong></span> <span class='ocrx_word' id='word_1_580' title='bbox 2979 3528 3085 3581; x_wconf 90' lang='lat' dir='ltr'><strong>sibi</strong></span> <span class='ocrx_word' id='word_1_581' title='bbox 3131 3541 3373 3585; x_wconf 90' lang='lat' dir='ltr'><strong>assumct</strong></span> <span class='ocrx_word' id='word_1_582' title='bbox 3416 3547 3481 3585; x_wconf 79' lang='lat' dir='ltr'><strong>ex</strong></span> <span class='ocrx_word' id='word_1_583' title='bbox 3533 3542 3642 3587; x_wconf 89' lang='lat' dir='ltr'><strong>tota</strong></span> <span class='ocrx_word' id='word_1_584' title='bbox 3689 3536 3926 3589; x_wconf 86' lang='lat' dir='ltr'><strong>obscura</strong></span> <span class='ocrx_word' id='word_1_585' title='bbox 3971 3547 4027 3590; x_wconf 82' lang='lat' dir='ltr'><strong>et</strong></span> 
     </span>
    </p>
   </div>
   <div class='ocr_carea' id='block_1_79' title="bbox 2468 3613 4021 3692">
    <p class='ocr_par' dir='ltr' id='par_1_79' title="bbox 2468 3613 4021 3692">
     <span class='ocr_line' id='line_1_79' title="bbox 2468 3613 4021 3692; baseline 0.008 -27"><span class='ocrx_word' id='word_1_586' title='bbox 2468 3613 2810 3669; x_wconf 84' lang='lat' dir='ltr'><strong>tenebricosa</strong></span> <span class='ocrx_word' id='word_1_587' title='bbox 2863 3616 3244 3673; x_wconf 91' lang='lat' dir='ltr'><strong>humanitate:</strong></span> <span class='ocrx_word' id='word_1_588' title='bbox 3280 3621 3375 3674; x_wconf 91' lang='lat' dir='ltr'><strong>sed</strong></span> <span class='ocrx_word' id='word_1_589' title='bbox 3432 3623 3505 3676; x_wconf 90' lang='lat' dir='ltr'><strong>ita</strong></span> <span class='ocrx_word' id='word_1_590' title='bbox 3538 3640 3755 3692; x_wconf 88' lang='lat' dir='ltr'><strong>quoque</strong></span> <span class='ocrx_word' id='word_1_591' title='bbox 3803 3636 3864 3678; x_wconf 94' lang='lat' dir='ltr'><strong>ut</strong></span> <span class='ocrx_word' id='word_1_592' title='bbox 3915 3642 4021 3679; x_wconf 92' lang='lat' dir='ltr'><strong>non</strong></span> 
     </span>
    </p>
   </div>
   <div class='ocr_carea' id='block_1_80' title="bbox 2463 3703 4019 3781">
    <p class='ocr_par' dir='ltr' id='par_1_80' title="bbox 2463 3703 4019 3781">
     <span class='ocr_line' id='line_1_80' title="bbox 2463 3703 4019 3781; baseline 0.01 -27"><span class='ocrx_word' id='word_1_593' title='bbox 2463 3712 2782 3756; x_wconf 80' lang='lat' dir='ltr'><strong>coercentur</strong></span> <span class='ocrx_word' id='word_1_594' title='bbox 2809 3703 2861 3756; x_wconf 92' lang='lat' dir='ltr'><strong>in</strong></span> <span class='ocrx_word' id='word_1_595' title='bbox 2881 3715 3093 3760; x_wconf 91' lang='lat' dir='ltr'><strong>arctum</strong></span> <span class='ocrx_word' id='word_1_596' title='bbox 3128 3724 3306 3778; x_wconf 85' lang='lat' dir='ltr'><strong>neque</strong></span> <span class='ocrx_word' id='word_1_597' title='bbox 3329 3712 3842 3768; x_wconf 86' lang='lat' dir='ltr'><strong>circumscribatur.</strong></span> <span class='ocrx_word' id='word_1_598' title='bbox 3869 3716 4019 3781; x_wconf 86' lang='lat' dir='ltr'><strong>Quo-</strong></span> 
     </span>
    </p>
   </div>
   <div class='ocr_carea' id='block_1_81' title="bbox 2465 3792 4020 3873">
    <p class='ocr_par' dir='ltr' id='par_1_81' title="bbox 2465 3792 4020 3873">
     <span class='ocr_line' id='line_1_81' title="bbox 2465 3792 4020 3873; baseline 0.01 -30"><span class='ocrx_word' id='word_1_599' title='bbox 2465 3792 2626 3844; x_wconf 83' lang='lat' dir='ltr'><strong>modo</strong></span> <span class='ocrx_word' id='word_1_600' title='bbox 2659 3794 2806 3847; x_wconf 91' lang='lat' dir='ltr'><strong>cnim</strong></span> <span class='ocrx_word' id='word_1_601' title='bbox 2837 3794 2926 3849; x_wconf 78' lang='lat' dir='ltr'><strong>lux</strong></span> <span class='ocrx_word' id='word_1_602' title='bbox 2950 3813 3142 3853; x_wconf 91' lang='lat' dir='ltr'><strong>rursus</strong></span> <span class='ocrx_word' id='word_1_603' title='bbox 3168 3810 3290 3867; x_wconf 91' lang='lat' dir='ltr'><strong>post</strong></span> <span class='ocrx_word' id='word_1_604' title='bbox 3317 3803 3437 3870; x_wconf 82' lang='lat' dir='ltr'><strong>ejus</strong></span> <span class='ocrx_word' id='word_1_605' title='bbox 3474 3803 3526 3856; x_wconf 89' lang='lat' dir='ltr'><strong>in</strong></span> <span class='ocrx_word' id='word_1_606' title='bbox 3561 3805 3675 3857; x_wconf 92' lang='lat' dir='ltr'><strong>sole</strong></span> <span class='ocrx_word' id='word_1_607' title='bbox 3714 3807 4020 3873; x_wconf 90' lang='lat' dir='ltr'><strong>posituram</strong></span> 
     </span>
    </p>
   </div>
   <div class='ocr_carea' id='block_1_82' title="bbox 2462 3885 4020 3960">
    <p class='ocr_par' dir='ltr' id='par_1_82' title="bbox 2462 3885 4020 3960">
     <span class='ocr_line' id='line_1_82' title="bbox 2462 3885 4020 3960; baseline 0.01 -26"><span class='ocrx_word' id='word_1_608' title='bbox 2462 3893 2660 3950; x_wconf 88' lang='lat' dir='ltr'><strong>quarto</strong></span> <span class='ocrx_word' id='word_1_609' title='bbox 2715 3885 2825 3948; x_wconf 87' lang='lat' dir='ltr'><strong>die,</strong></span> <span class='ocrx_word' id='word_1_610' title='bbox 2854 3886 3009 3941; x_wconf 90' lang='lat' dir='ltr'><strong>adest</strong></span> <span class='ocrx_word' id='word_1_611' title='bbox 3074 3888 3281 3958; x_wconf 90' lang='lat' dir='ltr'><strong>ubique</strong></span> <span class='ocrx_word' id='word_1_612' title='bbox 3336 3901 3391 3945; x_wconf 92' lang='lat' dir='ltr'><strong>et</strong></span> <span class='ocrx_word' id='word_1_613' title='bbox 3437 3908 3539 3960; x_wconf 88' lang='lat' dir='ltr'><strong>per</strong></span> <span class='ocrx_word' id='word_1_614' title='bbox 3596 3902 3761 3948; x_wconf 91' lang='lat' dir='ltr'><strong>totam</strong></span> <span class='ocrx_word' id='word_1_615' title='bbox 3817 3904 4020 3949; x_wconf 89' lang='lat' dir='ltr'><strong>terram</strong></span> 
     </span>
    </p>
   </div>
   <div class='ocr_carea' id='block_1_83' title="bbox 2461 3975 4022 4055">
    <p class='ocr_par' dir='ltr' id='par_1_83' title="bbox 2461 3975 4022 4055">
     <span class='ocr_line' id='line_1_83' title="bbox 2461 3975 4022 4055; baseline 0.012 -31"><span class='ocrx_word' id='word_1_616' title='bbox 2461 3975 2793 4042; x_wconf 77' lang='lat' dir='ltr'><strong>espanditur</strong></span> <span class='ocrx_word' id='word_1_617' title='bbox 2834 3995 2847 4028; x_wconf 91' lang='lat'><strong>:</strong></span> <span class='ocrx_word' id='word_1_618' title='bbox 2884 3978 2956 4030; x_wconf 92' lang='lat' dir='ltr'><strong>ita</strong></span> <span class='ocrx_word' id='word_1_619' title='bbox 2990 3980 3157 4033; x_wconf 91' lang='lat' dir='ltr'><strong>etiam</strong></span> <span class='ocrx_word' id='word_1_620' title='bbox 3206 3983 3298 4035; x_wconf 82' lang='lat' dir='ltr'><strong>lux</strong></span> <span class='ocrx_word' id='word_1_621' title='bbox 3344 3982 3651 4039; x_wconf 85' lang='lat' dir='ltr'><strong>divinitatis</strong></span> <span class='ocrx_word' id='word_1_622' title='bbox 3680 3997 3805 4055; x_wconf 88' lang='lat' dir='ltr'><strong>post</strong></span> <span class='ocrx_word' id='word_1_623' title='bbox 3840 3989 4022 4042; x_wconf 77' lang='lat' dir='ltr'><strong>incar-</strong></span> 
     </span>
    </p>
   </div>
   <div class='ocr_carea' id='block_1_84' title="bbox 2462 4066 4020 4143">
    <p class='ocr_par' dir='ltr' id='par_1_84' title="bbox 2462 4066 4020 4143">
     <span class='ocr_line' id='line_1_84' title="bbox 2462 4066 4020 4143; baseline 0.012 -27"><span class='ocrx_word' id='word_1_624' title='bbox 2462 4066 2739 4119; x_wconf 90' lang='lat' dir='ltr'><strong>nationem</strong></span> <span class='ocrx_word' id='word_1_625' title='bbox 2760 4084 2867 4120; x_wconf 91' lang='lat' dir='ltr'><strong>non</strong></span> <span class='ocrx_word' id='word_1_626' title='bbox 2893 4078 2978 4122; x_wconf 91' lang='lat' dir='ltr'><strong>est</strong></span> <span class='ocrx_word' id='word_1_627' title='bbox 2997 4070 3413 4143; x_wconf 89' lang='lat' dir='ltr'><strong>circumscripta</strong></span> <span class='ocrx_word' id='word_1_628' title='bbox 3442 4091 3542 4129; x_wconf 93' lang='lat' dir='ltr'><strong>nec</strong></span> <span class='ocrx_word' id='word_1_629' title='bbox 3564 4088 3843 4132; x_wconf 74' lang='lat' dir='ltr'><strong>contracta</strong></span> <span class='ocrx_word' id='word_1_630' title='bbox 3875 4098 3889 4133; x_wconf 94' lang='lat'><strong>:</strong></span> <span class='ocrx_word' id='word_1_631' title='bbox 3925 4081 4020 4135; x_wconf 85' lang='lat' dir='ltr'><strong>sed</strong></span> 
     </span>
    </p>
   </div>
   <div class='ocr_carea' id='block_1_85' title="bbox 2462 4160 4019 4236">
    <p class='ocr_par' dir='ltr' id='par_1_85' title="bbox 2462 4160 4019 4236">
     <span class='ocr_line' id='line_1_85' title="bbox 2462 4160 4019 4236; baseline 0.01 -26"><span class='ocrx_word' id='word_1_632' title='bbox 2462 4173 2674 4223; x_wconf 88' lang='lat' dir='ltr'><strong>rursus,</strong></span> <span class='ocrx_word' id='word_1_633' title='bbox 2708 4160 2851 4215; x_wconf 88' lang='lat' dir='ltr'><strong>sicut</strong></span> <span class='ocrx_word' id='word_1_634' title='bbox 2877 4163 3042 4215; x_wconf 89' lang='lat' dir='ltr'><strong>etiam</strong></span> <span class='ocrx_word' id='word_1_635' title='bbox 3069 4164 3214 4217; x_wconf 91' lang='lat' dir='ltr'><strong>Deus</strong></span> <span class='ocrx_word' id='word_1_636' title='bbox 3242 4166 3519 4229; x_wconf 90' lang='lat' dir='ltr'><strong>Christus,</strong></span> <span class='ocrx_word' id='word_1_637' title='bbox 3543 4170 3721 4222; x_wconf 88' lang='lat' dir='ltr'><strong>omnia</strong></span> <span class='ocrx_word' id='word_1_638' title='bbox 3746 4170 4019 4236; x_wconf 89' lang='lat' dir='ltr'><strong>intuetur,</strong></span> 
     </span>
    </p>
   </div>
   <div class='ocr_carea' id='block_1_86' title="bbox 2460 4248 4019 4332">
    <p class='ocr_par' dir='ltr' id='par_1_86' title="bbox 2460 4248 4019 4332">
     <span class='ocr_line' id='line_1_86' title="bbox 2460 4248 4019 4332; baseline 0.01 -31"><span class='ocrx_word' id='word_1_639' title='bbox 2460 4248 2807 4320; x_wconf 87' lang='lat' dir='ltr'><strong>illustratque</strong></span> <span class='ocrx_word' id='word_1_640' title='bbox 2845 4262 2901 4307; x_wconf 92' lang='lat' dir='ltr'><strong>et</strong></span> <span class='ocrx_word' id='word_1_641' title='bbox 2924 4253 3192 4309; x_wconf 83' lang='lat' dir='ltr'><strong>viviﬁeat.</strong></span> <span class='ocrx_word' id='word_1_642' title='bbox 3220 4257 3314 4311; x_wconf 92' lang='lat' dir='ltr'><strong>llla</strong></span> <span class='ocrx_word' id='word_1_643' title='bbox 3343 4259 3490 4312; x_wconf 92' lang='lat' dir='ltr'><strong>enim</strong></span> <span class='ocrx_word' id='word_1_644' title='bbox 3517 4261 3613 4314; x_wconf 90' lang='lat' dir='ltr'><strong>Dei</strong></span> <span class='ocrx_word' id='word_1_645' title='bbox 3640 4261 3806 4314; x_wconf 76' lang='lat' dir='ltr'><strong>Verbi</strong></span> <span class='ocrx_word' id='word_1_646' title='bbox 3844 4262 4019 4332; x_wconf 77' lang='lat' dir='ltr'><strong>hypo-</strong></span> 
     </span>
    </p>
   </div>
   <div class='ocr_carea' id='block_1_87' title="bbox 2460 4342 4019 4419">
    <p class='ocr_par' dir='ltr' id='par_1_87' title="bbox 2460 4342 4019 4419">
     <span class='ocr_line' id='line_1_87' title="bbox 2460 4342 4019 4419; baseline 0.01 -26"><span class='ocrx_word' id='word_1_647' title='bbox 2460 4342 2623 4395; x_wconf 86' lang='lat' dir='ltr'><strong>stasis</strong></span> <span class='ocrx_word' id='word_1_648' title='bbox 2650 4343 2816 4396; x_wconf 91' lang='lat' dir='ltr'><strong>etiam</strong></span> <span class='ocrx_word' id='word_1_649' title='bbox 2869 4345 2923 4397; x_wconf 92' lang='lat' dir='ltr'><strong>in</strong></span> <span class='ocrx_word' id='word_1_650' title='bbox 2952 4361 3117 4401; x_wconf 79' lang='lat' dir='ltr'><strong>carne</strong></span> <span class='ocrx_word' id='word_1_651' title='bbox 3161 4358 3246 4403; x_wconf 91' lang='lat' dir='ltr'><strong>est</strong></span> <span class='ocrx_word' id='word_1_652' title='bbox 3273 4359 3463 4419; x_wconf 88' lang='lat' dir='ltr'><strong>aperta</strong></span> <span class='ocrx_word' id='word_1_653' title='bbox 3495 4362 3589 4407; x_wconf 88' lang='lat' dir='ltr'><strong>:et</strong></span> <span class='ocrx_word' id='word_1_654' title='bbox 3630 4354 3722 4407; x_wconf 92' lang='lat' dir='ltr'><strong>illa</strong></span> <span class='ocrx_word' id='word_1_655' title='bbox 3759 4355 3928 4408; x_wconf 86' lang='lat' dir='ltr'><strong>etiam</strong></span> <span class='ocrx_word' id='word_1_656' title='bbox 3954 4371 4019 4410; x_wconf 75' lang='lat' dir='ltr'><strong>ex</strong></span> 
     </span>
    </p>
   </div>
   <div class='ocr_carea' id='block_1_88' title="bbox 2460 4435 4018 4507">
    <p class='ocr_par' dir='ltr' id='par_1_88' title="bbox 2460 4435 4018 4507">
     <span class='ocr_line' id='line_1_88' title="bbox 2460 4435 4018 4507; baseline 0.008 -20"><span class='ocrx_word' id='word_1_657' title='bbox 2460 4449 2624 4487; x_wconf 88' lang='lat' dir='ltr'><strong>carne</strong></span> <span class='ocrx_word' id='word_1_658' title='bbox 2672 4435 2933 4489; x_wconf 89' lang='lat' dir='ltr'><strong>mundmn</strong></span> <span class='ocrx_word' id='word_1_659' title='bbox 2992 4438 3248 4496; x_wconf 88' lang='lat' dir='ltr'><strong>illustrat.</strong></span> <span class='ocrx_word' id='word_1_660' title='bbox 3299 4441 3539 4507; x_wconf 89' lang='lat' dir='ltr'><strong>Quartus</strong></span> <span class='ocrx_word' id='word_1_661' title='bbox 3574 4454 3755 4499; x_wconf 87' lang='lat' dir='ltr'><strong>autem</strong></span> <span class='ocrx_word' id='word_1_662' title='bbox 3813 4446 3937 4501; x_wconf 88' lang='lat' dir='ltr'><strong>dies</strong></span> <span class='ocrx_word' id='word_1_663' title='bbox 3966 4448 4018 4500; x_wconf 90' lang='lat' dir='ltr'><strong>in</strong></span> 
     </span>
    </p>
   </div>
   <div class='ocr_carea' id='block_1_89' title="bbox 801 4494 4023 4602">
    <p class='ocr_par' dir='ltr' id='par_1_89' title="bbox 801 4494 4023 4602">
     <span class='ocr_line' id='line_1_89' title="bbox 801 4494 4023 4602; baseline 0.014 -55"><span class='ocrx_word' id='word_1_664' title='bbox 801 4494 977 4563; x_wconf 85' lang='lat' dir='ltr'><strong>legem</strong></span> <span class='ocrx_word' id='word_1_665' title='bbox 1004 4501 1272 4557; x_wconf 85' lang='lat' dir='ltr'><strong>mandati.</strong></span> <span class='ocrx_word' id='word_1_666' title='bbox 1323 4506 1531 4562; x_wconf 87' lang='lat' dir='ltr'><strong>Deinde</strong></span> <span class='ocrx_word' id='word_1_667' title='bbox 1573 4513 1818 4567; x_wconf 87' lang='lat' dir='ltr'><strong>secundo</strong></span> <span class='ocrx_word' id='word_1_668' title='bbox 1870 4516 2017 4583; x_wconf 90' lang='lat' dir='ltr'><strong>loco,</strong></span> <span class='ocrx_word' id='word_1_669' title='bbox 2057 4530 2181 4589; x_wconf 92' lang='lat' dir='ltr'><strong>post</strong></span> <span class='ocrx_word' id='word_1_670' title='bbox 2211 4494 2353 4575; x_wconf 83' lang='lat' dir='ltr'><strong>dilu-</strong></span> <span class='ocrx_word' id='word_1_671' title='bbox 2391 4521 2434 4575; x_wconf 91' lang='lat' dir='ltr'><strong>D</strong></span> <span class='ocrx_word' id='word_1_672' title='bbox 2460 4540 2569 4591; x_wconf 88' lang='lat' dir='ltr'><strong>quo</strong></span> <span class='ocrx_word' id='word_1_673' title='bbox 2597 4526 2873 4593; x_wconf 83' lang='lat' dir='ltr'><strong>perfectus</strong></span> <span class='ocrx_word' id='word_1_674' title='bbox 2893 4528 2995 4583; x_wconf 81' lang='lat' dir='ltr'><strong>fuit</strong></span> <span class='ocrx_word' id='word_1_675' title='bbox 3030 4530 3135 4594; x_wconf 87' lang='lat' dir='ltr'><strong>sol,</strong></span> <span class='ocrx_word' id='word_1_676' title='bbox 3160 4532 3252 4601; x_wconf 88' lang='lat' dir='ltr'><strong>qui</strong></span> <span class='ocrx_word' id='word_1_677' title='bbox 3288 4532 3558 4602; x_wconf 82' lang='lat' dir='ltr'><strong>signiﬁcat</strong></span> <span class='ocrx_word' id='word_1_678' title='bbox 3597 4534 3800 4589; x_wconf 90' lang='lat' dir='ltr'><strong>Christi</strong></span> <span class='ocrx_word' id='word_1_679' title='bbox 3835 4538 4023 4591; x_wconf 90' lang='lat' dir='ltr'><strong>incar-</strong></span> 
     </span>
    </p>
   </div>
   <div class='ocr_carea' id='block_1_90' title="bbox 802 4586 2361 4666">
    <p class='ocr_par' dir='ltr' id='par_1_90' title="bbox 802 4586 2361 4666">
     <span class='ocr_line' id='line_1_90' title="bbox 802 4586 2361 4666; baseline 0.021 -31"><span class='ocrx_word' id='word_1_680' title='bbox 802 4586 974 4650; x_wconf 74' lang='lat' dir='ltr'><strong>\&#39;llll||,</strong></span> <span class='ocrx_word' id='word_1_681' title='bbox 1028 4601 1337 4647; x_wconf 70' lang='lat' dir='ltr'><strong>(‘l&#39;CIllUl&#39;Illll</strong></span> <span class='ocrx_word' id='word_1_682' title='bbox 1390 4612 1644 4653; x_wconf 69' lang='lat' dir='ltr'><strong>I&#39;CCI&#39;CIIIIS</strong></span> <span class='ocrx_word' id='word_1_683' title='bbox 1683 4612 1739 4654; x_wconf 80' lang='grc' dir='ltr'><strong>οι</strong></span> <span class='ocrx_word' id='word_1_684' title='bbox 1799 4614 2000 4660; x_wconf 89' lang='lat' dir='ltr'><strong>terram</strong></span> <span class='ocrx_word' id='word_1_685' title='bbox 2048 4625 2238 4665; x_wconf 83' lang='lat' dir='ltr'><strong>l&#39;lll&#39;SllS</strong></span> <span class='ocrx_word' id='word_1_686' title='bbox 2295 4628 2361 4666; x_wconf 75' lang='grc' dir='ltr'><strong>ΟΧ</strong></span> 
     </span>
    </p>
   </div>
   <div class='ocr_carea' id='block_1_91' title="bbox 802 4677 2364 4771">
    <p class='ocr_par' dir='ltr' id='par_1_91' title="bbox 802 4677 2364 4771">
     <span class='ocr_line' id='line_1_91' title="bbox 802 4677 2364 4771; baseline 0.02 -45"><span class='ocrx_word' id='word_1_687' title='bbox 802 4677 961 4744; x_wconf 91' lang='lat' dir='ltr'><strong>aquis</strong></span> <span class='ocrx_word' id='word_1_688' title='bbox 984 4683 1239 4746; x_wconf 87' lang='lat' dir='ltr'><strong>aperiens</strong></span> <span class='ocrx_word' id='word_1_689' title='bbox 1265 4684 1427 4748; x_wconf 90' lang='lat' dir='ltr'><strong>Deus,</strong></span> <span class='ocrx_word' id='word_1_690' title='bbox 1457 4687 1549 4741; x_wconf 90' lang='lat' dir='ltr'><strong>dat</strong></span> <span class='ocrx_word' id='word_1_691' title='bbox 1581 4692 1877 4747; x_wconf 87' lang='lat' dir='ltr'><strong>secundatn</strong></span> <span class='ocrx_word' id='word_1_692' title='bbox 1931 4697 2106 4767; x_wconf 86' lang='lat' dir='ltr'><strong>legem</strong></span> <span class='ocrx_word' id='word_1_693' title='bbox 2140 4700 2208 4753; x_wconf 91' lang='lat' dir='ltr'><strong>de</strong></span> <span class='ocrx_word' id='word_1_694' title='bbox 2238 4704 2364 4771; x_wconf 90' lang='lat' dir='ltr'><strong>qui-</strong></span> 
     </span>
    </p>
   </div>
   <div class='ocr_carea' id='block_1_92' title="bbox 805 4768 2363 4855">
    <p class='ocr_par' dir='ltr' id='par_1_92' title="bbox 805 4768 2363 4855">
     <span class='ocr_line' id='line_1_92' title="bbox 805 4768 2363 4855; baseline 0.018 -37"><span class='ocrx_word' id='word_1_695' title='bbox 805 4768 1033 4821; x_wconf 89' lang='lat' dir='ltr'><strong>busdam</strong></span> <span class='ocrx_word' id='word_1_696' title='bbox 1068 4773 1338 4828; x_wconf 85' lang='lat' dir='ltr'><strong>mandatis</strong></span> <span class='ocrx_word' id='word_1_697' title='bbox 1361 4787 1417 4830; x_wconf 83' lang='lat' dir='ltr'><strong>et</strong></span> <span class='ocrx_word' id='word_1_698' title='bbox 1445 4782 1732 4849; x_wconf 74' lang='lat' dir='ltr'><strong>przeccptis</strong></span> <span class='ocrx_word' id='word_1_699' title='bbox 1758 4784 1901 4839; x_wconf 89' lang='lat' dir='ltr'><strong>datis</strong></span> <span class='ocrx_word' id='word_1_700' title='bbox 1936 4786 2072 4841; x_wconf 87' lang='lat' dir='ltr'><strong>Noe.</strong></span> <span class='ocrx_word' id='word_1_701' title='bbox 2158 4768 2363 4855; x_wconf 79' lang='lat' dir='ltr'><strong>Quam-</strong></span> 
     </span>
    </p>
   </div>
   <div class='ocr_carea' id='block_1_93' title="bbox 804 4859 2364 4954">
    <p class='ocr_par' dir='ltr' id='par_1_93' title="bbox 804 4859 2364 4954">
     <span class='ocr_line' id='line_1_93' title="bbox 804 4859 2364 4954; baseline 0.019 -44"><span class='ocrx_word' id='word_1_702' title='bbox 804 4859 994 4913; x_wconf 89' lang='lat' dir='ltr'><strong>obrem</strong></span> <span class='ocrx_word' id='word_1_703' title='bbox 1022 4864 1452 4921; x_wconf 87' lang='lat' dir='ltr'><strong>nominatctiam</strong></span> <span class='ocrx_word' id='word_1_704' title='bbox 1504 4870 2048 4940; x_wconf 75' lang='lat' dir='ltr'><strong>Testamentum,eam</strong></span> <span class='ocrx_word' id='word_1_705' title='bbox 2098 4899 2218 4950; x_wconf 67' lang='lat' dir='ltr'><strong>qua:</strong></span> <span class='ocrx_word' id='word_1_706' title='bbox 2263 4884 2364 4954; x_wconf 87' lang='lat' dir='ltr'><strong>ipsi</strong></span> 
     </span>
    </p>
   </div>
   <div class='ocr_carea' id='block_1_94' title="bbox 806 4951 2361 5044">
    <p class='ocr_par' dir='ltr' id='par_1_94' title="bbox 806 4951 2361 5044">
     <span class='ocr_line' id='line_1_94' title="bbox 806 4951 2361 5044; baseline 0.018 -42"><span class='ocrx_word' id='word_1_707' title='bbox 806 4951 931 5005; x_wconf 88' lang='lat' dir='ltr'><strong>data</strong></span> <span class='ocrx_word' id='word_1_708' title='bbox 958 4962 1042 5006; x_wconf 87' lang='lat' dir='ltr'><strong>est</strong></span> <span class='ocrx_word' id='word_1_709' title='bbox 1077 4954 1274 5025; x_wconf 90' lang='lat' dir='ltr'><strong>legem.</strong></span> <span class='ocrx_word' id='word_1_710' title='bbox 1318 4959 1536 5016; x_wconf 86' lang='lat' dir='ltr'><strong>Tertius</strong></span> <span class='ocrx_word' id='word_1_711' title='bbox 1564 4963 1764 5020; x_wconf 87' lang='lat' dir='ltr'><strong>dcimlc</strong></span> <span class='ocrx_word' id='word_1_712' title='bbox 1798 4968 1900 5022; x_wconf 80' lang='lat' dir='ltr'><strong>fuit</strong></span> <span class='ocrx_word' id='word_1_713' title='bbox 1928 4969 2067 5036; x_wconf 91' lang='lat' dir='ltr'><strong>dies,</strong></span> <span class='ocrx_word' id='word_1_714' title='bbox 2116 4974 2202 5027; x_wconf 76' lang='lat' dir='ltr'><strong>lex</strong></span> <span class='ocrx_word' id='word_1_715' title='bbox 2241 4951 2361 5044; x_wconf 69' lang='lat' dir='ltr'><strong>quae</strong></span> 
     </span>
    </p>
   </div>
   <div class='ocr_carea' id='block_1_95' title="bbox 804 5042 2361 5133">
    <p class='ocr_par' dir='ltr' id='par_1_95' title="bbox 804 5042 2361 5133">
     <span class='ocr_line' id='line_1_95' title="bbox 804 5042 2361 5133; baseline 0.018 -41"><span class='ocrx_word' id='word_1_716' title='bbox 804 5042 930 5095; x_wconf 86' lang='lat' dir='ltr'><strong>data</strong></span> <span class='ocrx_word' id='word_1_717' title='bbox 952 5046 1315 5100; x_wconf 86' lang='lat' dir='ltr'><strong>estinmonte</strong></span> <span class='ocrx_word' id='word_1_718' title='bbox 1337 5048 1506 5105; x_wconf 90' lang='lat' dir='ltr'><strong>Siuai.</strong></span> <span class='ocrx_word' id='word_1_719' title='bbox 1541 5053 1742 5109; x_wconf 89' lang='lat' dir='ltr'><strong>Tribus</strong></span> <span class='ocrx_word' id='word_1_720' title='bbox 1776 5058 1957 5127; x_wconf 88' lang='lat' dir='ltr'><strong>itaque</strong></span> <span class='ocrx_word' id='word_1_721' title='bbox 1992 5061 2188 5117; x_wconf 89' lang='lat' dir='ltr'><strong>diebus</strong></span> <span class='ocrx_word' id='word_1_722' title='bbox 2207 5042 2361 5133; x_wconf 79' lang='lat' dir='ltr'><strong>prius</strong></span> 
     </span>
    </p>
   </div>
   <div class='ocr_carea' id='block_1_96' title="bbox 806 5133 2363 5227">
    <p class='ocr_par' dir='ltr' id='par_1_96' title="bbox 806 5133 2363 5227">
     <span class='ocr_line' id='line_1_96' title="bbox 806 5133 2363 5227; baseline 0.017 -43"><span class='ocrx_word' id='word_1_723' title='bbox 806 5133 1105 5189; x_wconf 90' lang='lat' dir='ltr'><strong>instructus</strong></span> <span class='ocrx_word' id='word_1_724' title='bbox 1129 5147 1178 5190; x_wconf 89' lang='lat' dir='ltr'><strong>et</strong></span> <span class='ocrx_word' id='word_1_725' title='bbox 1200 5142 1574 5199; x_wconf 88' lang='lat' dir='ltr'><strong>sanctilicatus</strong></span> <span class='ocrx_word' id='word_1_726' title='bbox 1600 5146 1704 5201; x_wconf 82' lang='lat' dir='ltr'><strong>fuit</strong></span> <span class='ocrx_word' id='word_1_727' title='bbox 1729 5150 1893 5205; x_wconf 86' lang='lat' dir='ltr'><strong>Israel</strong></span> <span class='ocrx_word' id='word_1_728' title='bbox 1916 5154 2135 5221; x_wconf 87' lang='lat' dir='ltr'><strong>quando</strong></span> <span class='ocrx_word' id='word_1_729' title='bbox 2152 5160 2363 5227; x_wconf 88' lang='lat' dir='ltr'><strong>accepit</strong></span> 
     </span>
    </p>
   </div>
   <div class='ocr_carea' id='block_1_97' title="bbox 806 5226 2360 5308">
    <p class='ocr_par' dir='ltr' id='par_1_97' title="bbox 806 5226 2360 5308">
     <span class='ocr_line' id='line_1_97' title="bbox 806 5226 2360 5308; baseline 0.018 -30"><span class='ocrx_word' id='word_1_730' title='bbox 806 5226 1003 5295; x_wconf 83' lang='lat' dir='ltr'><strong>legem.</strong></span> <span class='ocrx_word' id='word_1_731' title='bbox 1045 5230 1317 5296; x_wconf 79' lang='lat' dir='ltr'><strong>Quoniam</strong></span> <span class='ocrx_word' id='word_1_732' title='bbox 1350 5255 1482 5308; x_wconf 87' lang='lat' dir='ltr'><strong>ergo</strong></span> <span class='ocrx_word' id='word_1_733' title='bbox 1526 5240 1615 5295; x_wconf 91' lang='lat' dir='ltr'><strong>illa</strong></span> <span class='ocrx_word' id='word_1_734' title='bbox 1656 5244 1758 5297; x_wconf 91' lang='lat' dir='ltr'><strong>tria</strong></span> <span class='ocrx_word' id='word_1_735' title='bbox 1795 5246 2080 5300; x_wconf 90' lang='lat' dir='ltr'><strong>hominum</strong></span> <span class='ocrx_word' id='word_1_736' title='bbox 2111 5249 2360 5306; x_wconf 90' lang='lat' dir='ltr'><strong>instituta</strong></span> 
     </span>
    </p>
   </div>
   <div class='ocr_carea' id='block_1_98' title="bbox 808 5318 2359 5408">
    <p class='ocr_par' dir='ltr' id='par_1_98' title="bbox 808 5318 2359 5408">
     <span class='ocr_line' id='line_1_98' title="bbox 808 5318 2359 5408; baseline 0.017 -39"><span class='ocrx_word' id='word_1_737' title='bbox 808 5318 1040 5388; x_wconf 64' lang='lat' dir='ltr'><strong>vitaeque</strong></span> <span class='ocrx_word' id='word_1_738' title='bbox 1070 5326 1288 5391; x_wconf 70' lang='lat' dir='ltr'><strong>agendte</strong></span> <span class='ocrx_word' id='word_1_739' title='bbox 1326 5330 1584 5393; x_wconf 74' lang='lat' dir='ltr'><strong>rationes,</strong></span> <span class='ocrx_word' id='word_1_740' title='bbox 1606 5350 1727 5402; x_wconf 67' lang='lat' dir='ltr'><strong>qute</strong></span> <span class='ocrx_word' id='word_1_741' title='bbox 1754 5335 1977 5390; x_wconf 85' lang='lat' dir='ltr'><strong>fuerunt</strong></span> <span class='ocrx_word' id='word_1_742' title='bbox 1996 5379 2011 5402; x_wconf 95' lang='lat'><strong>,</strong></span> <span class='ocrx_word' id='word_1_743' title='bbox 2037 5339 2278 5408; x_wconf 87' lang='lat' dir='ltr'><strong>inquam,</strong></span> <span class='ocrx_word' id='word_1_744' title='bbox 2306 5343 2359 5396; x_wconf 93' lang='lat' dir='ltr'><strong>in</strong></span> 
     </span>
    </p>
   </div>
   <div class='ocr_carea' id='block_1_99' title="bbox 806 5408 2362 5503">
    <p class='ocr_par' dir='ltr' id='par_1_99' title="bbox 806 5408 2362 5503">
     <span class='ocr_line' id='line_1_99' title="bbox 806 5408 2362 5503; baseline 0.018 -42"><span class='ocrx_word' id='word_1_745' title='bbox 806 5408 976 5463; x_wconf 79' lang='lat' dir='ltr'><strong>Adam</strong></span> <span class='ocrx_word' id='word_1_746' title='bbox 1009 5422 1135 5469; x_wconf 90' lang='lat' dir='ltr'><strong>ante</strong></span> <span class='ocrx_word' id='word_1_747' title='bbox 1167 5416 1360 5487; x_wconf 89' lang='lat' dir='ltr'><strong>legem,</strong></span> <span class='ocrx_word' id='word_1_748' title='bbox 1392 5432 1447 5475; x_wconf 88' lang='lat' dir='ltr'><strong>et</strong></span> <span class='ocrx_word' id='word_1_749' title='bbox 1473 5440 1594 5493; x_wconf 67' lang='lat' dir='ltr'><strong>qum</strong></span> <span class='ocrx_word' id='word_1_750' title='bbox 1618 5426 1672 5478; x_wconf 91' lang='lat' dir='ltr'><strong>in</strong></span> <span class='ocrx_word' id='word_1_751' title='bbox 1690 5427 1807 5497; x_wconf 90' lang='lat' dir='ltr'><strong>lege</strong></span> <span class='ocrx_word' id='word_1_752' title='bbox 1837 5429 1962 5483; x_wconf 89' lang='lat' dir='ltr'><strong>data</strong></span> <span class='ocrx_word' id='word_1_753' title='bbox 1987 5430 2099 5485; x_wconf 74' lang='lat' dir='ltr'><strong>Noe</strong></span> <span class='ocrx_word' id='word_1_754' title='bbox 2124 5472 2139 5498; x_wconf 96' lang='lat'><strong>,</strong></span> <span class='ocrx_word' id='word_1_755' title='bbox 2163 5443 2217 5487; x_wconf 90' lang='lat' dir='ltr'><strong>et</strong></span> <span class='ocrx_word' id='word_1_756' title='bbox 2241 5450 2362 5503; x_wconf 63' lang='lat' dir='ltr'><strong>qua:</strong></span> 
     </span>
    </p>
   </div>
   <div class='ocr_carea' id='block_1_100' title="bbox 810 5499 2359 5590">
    <p class='ocr_par' dir='ltr' id='par_1_100' title="bbox 810 5499 2359 5590">
     <span class='ocr_line' id='line_1_100' title="bbox 810 5499 2359 5590; baseline 0.016 -39"><span class='ocrx_word' id='word_1_757' title='bbox 810 5499 867 5552; x_wconf 89' lang='lat' dir='ltr'><strong>in</strong></span> <span class='ocrx_word' id='word_1_758' title='bbox 898 5499 1017 5570; x_wconf 85' lang='lat' dir='ltr'><strong>lege</strong></span> <span class='ocrx_word' id='word_1_759' title='bbox 1038 5503 1294 5571; x_wconf 81' lang='lat' dir='ltr'><strong>Mosaica,</strong></span> <span class='ocrx_word' id='word_1_760' title='bbox 1320 5509 1543 5567; x_wconf 80' lang='lat' dir='ltr'><strong>fuerunt</strong></span> <span class='ocrx_word' id='word_1_761' title='bbox 1564 5514 1915 5583; x_wconf 69' lang='lat' dir='ltr'><strong>imperfecta&#39;,</strong></span> <span class='ocrx_word' id='word_1_762' title='bbox 1944 5529 1999 5573; x_wconf 92' lang='lat' dir='ltr'><strong>et</strong></span> <span class='ocrx_word' id='word_1_763' title='bbox 2032 5520 2085 5573; x_wconf 90' lang='lat' dir='ltr'><strong>in</strong></span> <span class='ocrx_word' id='word_1_764' title='bbox 2130 5499 2359 5590; x_wconf 80' lang='lat' dir='ltr'><strong>profun-</strong></span> 
     </span>
    </p>
   </div>
   <div class='ocr_carea' id='block_1_101' title="bbox 806 5589 2353 5676">
    <p class='ocr_par' dir='ltr' id='par_1_101' title="bbox 806 5589 2353 5676">
     <span class='ocr_line' id='line_1_101' title="bbox 806 5589 2353 5676; baseline 0.017 -33"><span class='ocrx_word' id='word_1_765' title='bbox 806 5589 894 5645; x_wconf 74' lang='lat' dir='ltr'><strong>dis</strong></span> <span class='ocrx_word' id='word_1_766' title='bbox 919 5605 1198 5651; x_wconf 71' lang='lat' dir='ltr'><strong>nocturna:</strong></span> <span class='ocrx_word' id='word_1_767' title='bbox 1227 5608 1281 5652; x_wconf 87' lang='lat' dir='ltr'><strong>et</strong></span> <span class='ocrx_word' id='word_1_768' title='bbox 1305 5604 1617 5671; x_wconf 70' lang='lat' dir='ltr'><strong>caliginosae</strong></span> <span class='ocrx_word' id='word_1_769' title='bbox 1642 5608 1936 5676; x_wconf 82' lang='lat' dir='ltr'><strong>impietatis</strong></span> <span class='ocrx_word' id='word_1_770' title='bbox 1972 5614 2219 5668; x_wconf 79' lang='lat' dir='ltr'><strong>tenebris</strong></span> <span class='ocrx_word' id='word_1_771' title='bbox 2247 5616 2353 5669; x_wconf 72' lang='lat' dir='ltr'><strong>vita</strong></span> 
     </span>
    </p>
   </div>
   <div class='ocr_carea' id='block_1_102' title="bbox 880 5768 1860 5845">
    <p class='ocr_par' dir='ltr' id='par_1_102' title="bbox 880 5768 1860 5845">
     <span class='ocr_line' id='line_1_102' title="bbox 880 5768 1860 5845; baseline 0.016 -27"><span class='ocrx_word' id='word_1_772' title='bbox 880 5768 922 5800; x_wconf 82' lang='lat'>&quot;</span> <span class='ocrx_word' id='word_1_773' title='bbox 976 5770 1159 5824; x_wconf 84' lang='lat' dir='ltr'><strong>.\latth.</strong></span> <span class='ocrx_word' id='word_1_774' title='bbox 1187 5790 1235 5837; x_wconf 89' lang='lat' dir='ltr'><strong>v,</strong></span> <span class='ocrx_word' id='word_1_775' title='bbox 1280 5776 1356 5826; x_wconf 66' lang='lat' dir='ltr'><strong>IS.</strong></span> <span class='ocrx_word' id='word_1_776' title='bbox 1434 5777 1473 5807; x_wconf 81' lang='grc'><strong>³³</strong></span> <span class='ocrx_word' id='word_1_777' title='bbox 1504 5777 1641 5830; x_wconf 83' lang='lat' dir='ltr'><strong>l‘sal.</strong></span> <span class='ocrx_word' id='word_1_778' title='bbox 1669 5796 1772 5845; x_wconf 70' lang='lat' dir='ltr'><strong>ut,</strong></span> <span class='ocrx_word' id='word_1_779' title='bbox 1810 5780 1860 5834; x_wconf 82' lang='grc'><strong>7.</strong></span> 
     </span>
    </p>
   </div>
   <div class='ocr_carea' id='block_1_103' title="bbox 2459 4614 4022 4698">
    <p class='ocr_par' dir='ltr' id='par_1_103' title="bbox 2459 4614 4022 4698">
     <span class='ocr_line' id='line_1_103' title="bbox 2459 4614 4022 4698; baseline 0.011 -33"><span class='ocrx_word' id='word_1_780' title='bbox 2459 4614 2758 4679; x_wconf 90' lang='lat' dir='ltr'><strong>nationem,</strong></span> <span class='ocrx_word' id='word_1_781' title='bbox 2785 4617 3057 4687; x_wconf 81' lang='lat' dir='ltr'><strong>signiﬁcat</strong></span> <span class='ocrx_word' id='word_1_782' title='bbox 3100 4623 3247 4691; x_wconf 92' lang='lat' dir='ltr'><strong>quod</strong></span> <span class='ocrx_word' id='word_1_783' title='bbox 3295 4623 3567 4678; x_wconf 89' lang='lat' dir='ltr'><strong>bonorum</strong></span> <span class='ocrx_word' id='word_1_784' title='bbox 3610 4628 3858 4681; x_wconf 90' lang='lat' dir='ltr'><strong>onmium</strong></span> <span class='ocrx_word' id='word_1_785' title='bbox 3898 4645 4022 4698; x_wconf 87' lang='lat' dir='ltr'><strong>per-</strong></span> 
     </span>
    </p>
   </div>
   <div class='ocr_carea' id='block_1_104' title="bbox 2458 4703 4022 4790">
    <p class='ocr_par' dir='ltr' id='par_1_104' title="bbox 2458 4703 4022 4790">
     <span class='ocr_line' id='line_1_104' title="bbox 2458 4703 4022 4790; baseline 0.011 -34"><span class='ocrx_word' id='word_1_786' title='bbox 2458 4703 2621 4757; x_wconf 82' lang='lat' dir='ltr'><strong>fectio</strong></span> <span class='ocrx_word' id='word_1_787' title='bbox 2646 4714 2773 4760; x_wconf 91' lang='lat' dir='ltr'><strong>tunc</strong></span> <span class='ocrx_word' id='word_1_788' title='bbox 2804 4709 3110 4776; x_wconf 87' lang='lat' dir='ltr'><strong>apparebit,</strong></span> <span class='ocrx_word' id='word_1_789' title='bbox 3137 4726 3261 4765; x_wconf 90' lang='lat' dir='ltr'><strong>cum</strong></span> <span class='ocrx_word' id='word_1_790' title='bbox 3297 4728 3364 4766; x_wconf 78' lang='lat' dir='ltr'><strong>ex</strong></span> <span class='ocrx_word' id='word_1_791' title='bbox 3392 4714 3571 4769; x_wconf 89' lang='lat' dir='ltr'><strong>lucida</strong></span> <span class='ocrx_word' id='word_1_792' title='bbox 3609 4716 3763 4770; x_wconf 92' lang='lat' dir='ltr'><strong>stella</strong></span> <span class='ocrx_word' id='word_1_793' title='bbox 3797 4718 4022 4790; x_wconf 89' lang='lat' dir='ltr'><strong>(nempe</strong></span> 
     </span>
    </p>
   </div>
   <div class='ocr_carea' id='block_1_105' title="bbox 2457 4794 4018 4864">
    <p class='ocr_par' dir='ltr' id='par_1_105' title="bbox 2457 4794 4018 4864">
     <span class='ocr_line' id='line_1_105' title="bbox 2457 4794 4018 4864; baseline 0.012 -19"><span class='ocrx_word' id='word_1_794' title='bbox 2457 4794 2705 4863; x_wconf 78' lang='lat' dir='ltr'><strong>Virgine)</strong></span> <span class='ocrx_word' id='word_1_795' title='bbox 2752 4808 2931 4851; x_wconf 89' lang='lat' dir='ltr'><strong>ortum</strong></span> <span class='ocrx_word' id='word_1_796' title='bbox 2992 4799 3159 4853; x_wconf 81' lang='lat' dir='ltr'><strong>fuerit</strong></span> <span class='ocrx_word' id='word_1_797' title='bbox 3222 4811 3432 4856; x_wconf 89' lang='lat' dir='ltr'><strong>astrum</strong></span> <span class='ocrx_word' id='word_1_798' title='bbox 3492 4804 3896 4861; x_wconf 89' lang='lat' dir='ltr'><strong>lucidissimum</strong></span> <span class='ocrx_word' id='word_1_799' title='bbox 3953 4826 4018 4864; x_wconf 79' lang='lat' dir='ltr'><strong>ex</strong></span> 
     </span>
    </p>
   </div>
   <div class='ocr_carea' id='block_1_106' title="bbox 2455 4882 4018 4963">
    <p class='ocr_par' dir='ltr' id='par_1_106' title="bbox 2455 4882 4018 4963">
     <span class='ocr_line' id='line_1_106' title="bbox 2455 4882 4018 4963; baseline 0.012 -28"><span class='ocrx_word' id='word_1_800' title='bbox 2455 4882 2681 4947; x_wconf 85' lang='lat' dir='ltr'><strong>Jacobo,</strong></span> <span class='ocrx_word' id='word_1_801' title='bbox 2708 4885 2916 4940; x_wconf 88' lang='lat' dir='ltr'><strong>habens</strong></span> <span class='ocrx_word' id='word_1_802' title='bbox 2937 4888 3226 4943; x_wconf 81' lang='lat' dir='ltr'><strong>luciferum</strong></span> <span class='ocrx_word' id='word_1_803' title='bbox 3250 4893 3531 4946; x_wconf 80' lang='lat' dir='ltr'><strong>stellarum</strong></span> <span class='ocrx_word' id='word_1_804' title='bbox 3563 4900 4018 4963; x_wconf 58' lang='lat' dir='ltr'><strong>(prateurrentem</strong></span> 
     </span>
    </p>
   </div>
   <div class='ocr_carea' id='block_1_107' title="bbox 2460 4972 4018 5051">
    <p class='ocr_par' dir='ltr' id='par_1_107' title="bbox 2460 4972 4018 5051">
     <span class='ocr_line' id='line_1_107' title="bbox 2460 4972 4018 5051; baseline 0.012 -24"><span class='ocrx_word' id='word_1_805' title='bbox 2460 4972 2641 5044; x_wconf 81' lang='lat' dir='ltr'><strong>Magos</strong></span> <span class='ocrx_word' id='word_1_806' title='bbox 2692 4977 2899 5031; x_wconf 68' lang='lat' dir='ltr'><strong>offusus</strong></span> <span class='ocrx_word' id='word_1_807' title='bbox 2932 4980 3196 5047; x_wconf 90' lang='lat' dir='ltr'><strong>tenebris)</strong></span> <span class='ocrx_word' id='word_1_808' title='bbox 3228 4998 3350 5051; x_wconf 67' lang='lat' dir='ltr'><strong>quae</strong></span> <span class='ocrx_word' id='word_1_809' title='bbox 3407 4984 3509 5038; x_wconf 91' lang='lat' dir='ltr'><strong>hoc</strong></span> <span class='ocrx_word' id='word_1_810' title='bbox 3567 4984 3793 5041; x_wconf 88' lang='lat' dir='ltr'><strong>indicat.</strong></span> <span class='ocrx_word' id='word_1_811' title='bbox 3835 4989 4018 5045; x_wconf 82' lang='lat' dir='ltr'><strong>Dena-</strong></span> 
     </span>
    </p>
   </div>
   <div class='ocr_carea' id='block_1_108' title="bbox 2461 5065 4018 5138">
    <p class='ocr_par' dir='ltr' id='par_1_108' title="bbox 2461 5065 4018 5138">
     <span class='ocr_line' id='line_1_108' title="bbox 2461 5065 4018 5138; baseline 0.012 -22"><span class='ocrx_word' id='word_1_812' title='bbox 2461 5065 2600 5119; x_wconf 91' lang='lat' dir='ltr'><strong>rium</strong></span> <span class='ocrx_word' id='word_1_813' title='bbox 2623 5068 2812 5136; x_wconf 89' lang='lat' dir='ltr'><strong>implet</strong></span> <span class='ocrx_word' id='word_1_814' title='bbox 2839 5072 3230 5138; x_wconf 89' lang='lat' dir='ltr'><strong>quaternarius</strong></span> <span class='ocrx_word' id='word_1_815' title='bbox 3256 5091 3267 5125; x_wconf 91' lang='lat'><strong>:</strong></span> <span class='ocrx_word' id='word_1_816' title='bbox 3299 5075 3484 5128; x_wconf 87' lang='lat' dir='ltr'><strong>unitas</strong></span> <span class='ocrx_word' id='word_1_817' title='bbox 3510 5075 3660 5129; x_wconf 85' lang='lat' dir='ltr'><strong>enim</strong></span> <span class='ocrx_word' id='word_1_818' title='bbox 3679 5092 3806 5130; x_wconf 90' lang='lat' dir='ltr'><strong>cum</strong></span> <span class='ocrx_word' id='word_1_819' title='bbox 3855 5078 4018 5136; x_wconf 86' lang='lat' dir='ltr'><strong>bina-</strong></span> 
     </span>
    </p>
   </div>
   <div class='ocr_carea' id='block_1_109' title="bbox 2460 5154 4019 5237">
    <p class='ocr_par' dir='ltr' id='par_1_109' title="bbox 2460 5154 4019 5237">
     <span class='ocr_line' id='line_1_109' title="bbox 2460 5154 4019 5237; baseline 0.012 -32"><span class='ocrx_word' id='word_1_820' title='bbox 2460 5155 2540 5205; x_wconf 88' lang='lat' dir='ltr'><strong>rio</strong></span> <span class='ocrx_word' id='word_1_821' title='bbox 2591 5154 2776 5224; x_wconf 86' lang='lat' dir='ltr'><strong>implet</strong></span> <span class='ocrx_word' id='word_1_822' title='bbox 2813 5159 3135 5237; x_wconf 45' lang='lat' dir='ltr'><strong>&#39;tcrnariunl</strong></span> <span class='ocrx_word' id='word_1_823' title='bbox 3183 5168 3240 5213; x_wconf 89' lang='lat' dir='ltr'><strong>et</strong></span> <span class='ocrx_word' id='word_1_824' title='bbox 3300 5162 3402 5215; x_wconf 91' lang='lat' dir='ltr'><strong>tria</strong></span> <span class='ocrx_word' id='word_1_825' title='bbox 3454 5178 3580 5217; x_wconf 91' lang='lat' dir='ltr'><strong>cum</strong></span> <span class='ocrx_word' id='word_1_826' title='bbox 3640 5179 3708 5219; x_wconf 87' lang='lat' dir='ltr'><strong>eo</strong></span> <span class='ocrx_word' id='word_1_827' title='bbox 3764 5165 4019 5225; x_wconf 83' lang='lat' dir='ltr'><strong>elliciunt</strong></span> 
     </span>
    </p>
   </div>
   <div class='ocr_carea' id='block_1_110' title="bbox 2458 5247 4020 5325">
    <p class='ocr_par' dir='ltr' id='par_1_110' title="bbox 2458 5247 4020 5325">
     <span class='ocr_line' id='line_1_110' title="bbox 2458 5247 4020 5325; baseline 0.012 -27"><span class='ocrx_word' id='word_1_828' title='bbox 2458 5247 2765 5311; x_wconf 83' lang='lat' dir='ltr'><strong>senarium,</strong></span> <span class='ocrx_word' id='word_1_829' title='bbox 2796 5259 2851 5303; x_wconf 90' lang='lat' dir='ltr'><strong>et</strong></span> <span class='ocrx_word' id='word_1_830' title='bbox 2883 5253 3275 5319; x_wconf 85' lang='lat' dir='ltr'><strong>quaternarius</strong></span> <span class='ocrx_word' id='word_1_831' title='bbox 3308 5269 3434 5308; x_wconf 90' lang='lat' dir='ltr'><strong>cum</strong></span> <span class='ocrx_word' id='word_1_832' title='bbox 3485 5270 3553 5309; x_wconf 91' lang='lat' dir='ltr'><strong>eo</strong></span> <span class='ocrx_word' id='word_1_833' title='bbox 3600 5255 3794 5325; x_wconf 87' lang='lat' dir='ltr'><strong>implet</strong></span> <span class='ocrx_word' id='word_1_834' title='bbox 3844 5259 4020 5316; x_wconf 80' lang='lat' dir='ltr'><strong>dena-</strong></span> 
     </span>
    </p>
   </div>
   <div class='ocr_carea' id='block_1_111' title="bbox 2459 5338 4019 5415">
    <p class='ocr_par' dir='ltr' id='par_1_111' title="bbox 2459 5338 4019 5415">
     <span class='ocr_line' id='line_1_111' title="bbox 2459 5338 4019 5415; baseline 0.009 -24"><span class='ocrx_word' id='word_1_835' title='bbox 2459 5338 2624 5404; x_wconf 87' lang='lat' dir='ltr'><strong>rium,</strong></span> <span class='ocrx_word' id='word_1_836' title='bbox 2672 5348 2729 5394; x_wconf 89' lang='lat' dir='ltr'><strong>et</strong></span> <span class='ocrx_word' id='word_1_837' title='bbox 2783 5340 2927 5407; x_wconf 90' lang='lat' dir='ltr'><strong>ideo,</strong></span> <span class='ocrx_word' id='word_1_838' title='bbox 2960 5345 3375 5411; x_wconf 88' lang='lat' dir='ltr'><strong>quaternarium</strong></span> <span class='ocrx_word' id='word_1_839' title='bbox 3425 5346 3724 5415; x_wconf 82' lang='lat' dir='ltr'><strong>appellant,</strong></span> <span class='ocrx_word' id='word_1_840' title='bbox 3753 5350 4019 5405; x_wconf 81' lang='grc' dir='ltr'><strong>ἀποτελε-</strong></span> 
     </span>
    </p>
   </div>
   <div class='ocr_carea' id='block_1_112' title="bbox 2460 5434 4019 5515">
    <p class='ocr_par' dir='ltr' id='par_1_112' title="bbox 2460 5434 4019 5515">
     <span class='ocr_line' id='line_1_112' title="bbox 2460 5434 4019 5515; baseline 0.01 -29"><span class='ocrx_word' id='word_1_841' title='bbox 2460 5434 2739 5503; x_wconf 71' lang='grc' dir='ltr'><strong>σματικὶιν,</strong></span> <span class='ocrx_word' id='word_1_842' title='bbox 2778 5436 2881 5490; x_wconf 90' lang='lat' dir='ltr'><strong>hoc</strong></span> <span class='ocrx_word' id='word_1_843' title='bbox 2927 5446 3030 5500; x_wconf 86' lang='lat' dir='ltr'><strong>est,</strong></span> <span class='ocrx_word' id='word_1_844' title='bbox 3065 5438 3435 5507; x_wconf 84' lang='lat' dir='ltr'><strong>pcrlicientem</strong></span> <span class='ocrx_word' id='word_1_845' title='bbox 3474 5458 3486 5493; x_wconf 91' lang='lat'><strong>:</strong></span> <span class='ocrx_word' id='word_1_846' title='bbox 3514 5441 3776 5510; x_wconf 84' lang='lat' dir='ltr'><strong>quoniam</strong></span> <span class='ocrx_word' id='word_1_847' title='bbox 3799 5460 3868 5499; x_wconf 79' lang='lat' dir='ltr'><strong>ex</strong></span> <span class='ocrx_word' id='word_1_848' title='bbox 3894 5447 4019 5515; x_wconf 83' lang='lat' dir='ltr'><strong>ejus</strong></span> 
     </span>
    </p>
   </div>
   <div class='ocr_carea' id='block_1_113' title="bbox 2457 5527 4015 5598">
    <p class='ocr_par' dir='ltr' id='par_1_113' title="bbox 2457 5527 4015 5598">
     <span class='ocr_line' id='line_1_113' title="bbox 2457 5527 4015 5598; baseline 0.01 -20"><span class='ocrx_word' id='word_1_849' title='bbox 2457 5527 2725 5595; x_wconf 88' lang='lat' dir='ltr'><strong>partibus,</strong></span> <span class='ocrx_word' id='word_1_850' title='bbox 2757 5528 2800 5580; x_wconf 91' lang='lat' dir='ltr'><strong>si</strong></span> <span class='ocrx_word' id='word_1_851' title='bbox 2850 5528 3182 5583; x_wconf 87' lang='lat' dir='ltr'><strong>reducantur</strong></span> <span class='ocrx_word' id='word_1_852' title='bbox 3220 5531 3285 5584; x_wconf 88' lang='lat' dir='ltr'><strong>ad</strong></span> <span class='ocrx_word' id='word_1_853' title='bbox 3336 5532 3623 5598; x_wconf 83' lang='lat' dir='ltr'><strong>unitatem,</strong></span> <span class='ocrx_word' id='word_1_854' title='bbox 3650 5538 4015 5592; x_wconf 84' lang='lat' dir='ltr'><strong>constituitur</strong></span> 
     </span>
    </p>
   </div>
   <div class='ocr_carea' id='block_1_114' title="bbox 2457 5617 4012 5694">
    <p class='ocr_par' dir='ltr' id='par_1_114' title="bbox 2457 5617 4012 5694">
     <span class='ocr_line' id='line_1_114' title="bbox 2457 5617 4012 5694; baseline 0.008 -23"><span class='ocrx_word' id='word_1_855' title='bbox 2457 5617 2737 5675; x_wconf 86' lang='lat' dir='ltr'><strong>denarius.</strong></span> <span class='ocrx_word' id='word_1_856' title='bbox 2765 5620 2958 5676; x_wconf 82' lang='lat' dir='ltr'><strong>Dicens</strong></span> <span class='ocrx_word' id='word_1_857' title='bbox 2973 5637 3103 5691; x_wconf 82' lang='lat' dir='ltr'><strong>ergo</strong></span> <span class='ocrx_word' id='word_1_858' title='bbox 3120 5630 3350 5691; x_wconf 85' lang='lat' dir='ltr'><strong>quartus</strong></span> <span class='ocrx_word' id='word_1_859' title='bbox 3369 5622 3488 5678; x_wconf 82' lang='lat' dir='ltr'><strong>dies</strong></span> <span class='ocrx_word' id='word_1_860' title='bbox 3510 5643 3525 5679; x_wconf 89' lang='lat'><strong>:</strong></span> <span class='ocrx_word' id='word_1_861' title='bbox 3543 5628 3805 5694; x_wconf 82' lang='lat' dir='ltr'><strong>quoniam</strong></span> <span class='ocrx_word' id='word_1_862' title='bbox 3822 5629 4012 5685; x_wconf 85' lang='lat' dir='ltr'><strong>decem</strong></span> 
     </span>
    </p>
   </div>
  </div>
