4200 6440
186 375 291 438 893

1283 376 1358 435 ΙΝ
1399 375 1940 434 ΗΕΧΑΕΜΕΒΟΝ.
1968 399 2031 408 -
2059 373 2198 433 LIB.
2244 375 2338 432 IV.

3315 367 3422 432 εει

184 488 399 550 indico,
447 496 634 556 aperte
679 487 916 542 ostendo
961 487 1109 556 quod
1168 488 1436 541 bonorqu
1507 487 1752 540 omnium
1781 495 1824 548 Α
1853 487 2123 548 cruciﬁxi,
2156 482 2779 553 prxliguravitquatuor
2814 494 3019 534 cornua
3051 481 3251 542 crucis,
3293 495 3421 549 quae

180 578 462 647 perfectio
525 588 652 632 tunc
715 581 1000 648 apparebit
1056 589 1112 633 et
1173 581 1458 635 illucescet
1509 581 1752 634 humano

179 673 405 740 generi,
435 673 655 740 quando
677 672 932 728 Christus
964 673 1127 727 unius
1164 673 1334 728 fuerit
1362 681 1572 728 natura:
1623 681 1756 726 tunc

180 763 523 825 obscurataa,
555 765 832 832 quomodo
859 766 913 818 in
948 781 1033 818 me
1065 766 1359 819 obscurato
1380 766 1515 819 orbe
1549 765 1643 817 lux
1669 772 1755 817 est

179 853 363 906 unita.
418 854 587 907 Multa
645 855 823 909 habeo
889 873 1011 924 qua:
1067 857 1120 909 in
1169 855 1379 926 judicio
1437 856 1617 910 dicam
1685 854 1754 907 de

179 953 390 1010 quarto
421 943 512 997 die
547 962 559 997 :
590 955 644 999 et
695 947 840 1015 quod
887 963 983 1015 per
1023 948 1171 1002 hunc
1208 964 1519 1010 numerum,
1557 963 1754 1017 nempe

181 1037 653 1101 quaternarium,
712 1037 1129 1093 administratur
1182 1051 1238 1094 et
1299 1048 1513 1093 constat
1569 1040 1748 1093 onmis

181 1126 432 1180 celestis
495 1138 745 1183 creatura
809 1148 932 1200 qua:
992 1131 1130 1186 facta
1195 1133 1299 1186 fuit
1354 1147 1448 1185 sex
1517 1131 1751 1193 diebus,

180 1235 248 1271 eo
271 1235 516 1274 numero
545 1237 645 1275 nos
685 1222 916 1276 docente
957 1240 1054 1292 per
1083 1227 1419 1293 exemplum,
1446 1225 1591 1293 quod
1622 1241 1753 1278 san.

183 1321 266 1364 cta
295 1311 528 1379 quidem
558 1313 794 1366 Trinitas
832 1324 915 1367 est
963 1317 1201 1369 incrcata
1239 1335 1250 1368 :
1281 1317 1372 1384 qui
1405 1327 1589 1370 autem
1621 1324 1747 1384 post

182 1401 522 1457 Trinitatem
553 1414 638 1458 est
666 1405 868 1459 Christi
898 1407 1311 1470 incarnationis,
1343 1409 1440 1476 qui
1484 1417 1568 1462 est
1609 1424 1752 1460 uitus

182 1510 248 1546 ex
284 1504 481 1549 sancta
505 1495 796 1559 Trinitate,
832 1499 1027 1551 modus
1052 1509 1107 1552 et
1143 1501 1303 1564 ratio,
1335 1501 1379 1554 is
1418 1509 1504 1553 est
1544 1500 1667 1552 fons
1697 1508 1754 1553 et

184 1585 526 1655 principium
564 1600 618 1640 et
658 1589 813 1642 radix
838 1601 894 1643 et
927 1590 1342 1646 fundamentum
1394 1602 1450 1646 et
1483 1593 1754 1645 securitas

181 1677 437 1729 omnium
467 1678 735 1732 bonorum
759 1696 882 1748 qua:
909 1696 938 1733 a
965 1681 1075 1734 Deo
1105 1684 1245 1735 facta
1275 1692 1407 1736 sunt
1437 1683 1488 1735 in
1513 1683 1751 1736 creatio-

182 1785 252 1821 ne
308 1785 408 1822 sex
459 1769 676 1824 dierum
718 1773 773 1824 in
805 1772 942 1825 etelo
990 1783 1046 1826 et
1092 1775 1344 1834 interra,
1373 1784 1751 1843 congruenter

183 1861 307 1914 voci
361 1860 515 1915 Pauli
552 1878 672 1930 qua:
706 1862 878 1916 dicit:
905 1863 1097 1918 Omnia
1142 1865 1194 1916 in
1223 1864 1425 1918 Christi
1462 1877 1644 1934 typum
1686 1883 1749 1919 ac

184 1949 420 2018 ﬁgurant
473 1963 654 2006 creata
694 1965 842 2017 sunt,
876 1956 1030 2022 prius
1075 1955 1369 2008 indicantia
1395 1957 1664 2008 rationem
1696 1967 1751 2010 et

183 2044 412 2098 modqu
459 2046 608 2112 ejus.
631 2046 1024 2101 incarnationis
1078 2049 1174 2117 qui
1214 2057 1336 2117 post
1369 2049 1475 2102 tria
1503 2051 1518 2069 ⁶
1546 2049 1748 2118 (dicam

183 2137 484 2206 rationem)
521 2155 620 2207 per
646 2149 882 2208 quatuor
914 2141 1202 2212 Evangelia
1233 2151 1491 2210 tauquam
1520 2153 1750 2211 quartus

180 2228 301 2284 dies
325 2231 383 2282 in
412 2241 651 2299 quatuor
676 2233 923 2300 partibus
954 2235 1106 2287 orbis
1135 2242 1314 2296 terrae,
1349 2234 1402 2287 in
1440 2249 1550 2302 quo
1588 2249 1750 2286 exor-

182 2330 272 2374 tus
336 2332 426 2376 est
480 2323 684 2377 mundo
739 2325 820 2378 sol
876 2325 1135 2379 cmlestis.
1195 2325 1424 2394 Propter
1473 2326 1746 2395 ejusmodi

181 2422 340 2466 ortus
402 2416 903 2478 mystcrium,fecit
952 2416 1120 2469 etiam
1175 2427 1372 2486 quarto
1412 2416 1502 2470 die
1552 2417 1746 2470 solem.

181 2503 422 2572 Propter
475 2505 580 2559 hoc
629 2522 696 2560 ex
740 2515 978 2576 quatuor
1032 2505 1322 2561 elementis
1363 2508 1492 2561 fecit
1540 2509 1748 2570 omnia,

183 2608 387 2662 nempe
419 2595 567 2664 igne,
611 2605 777 2660 terra,
807 2606 865 2650 et
907 2612 1069 2665 aqua.
1094 2605 1151 2650 et
1176 2613 1301 2651 aere
1337 2615 1349 2649 :
1382 2607 1671 2667 pr0pterea
1694 2608 1752 2653 et

183 2687 300 2754 ipsa
336 2696 579 2754 quatuor
607 2689 663 2740 in
697 2689 927 2757 singulis
953 2705 1148 2742 eorum
1187 2689 1244 2742 in
1291 2699 1530 2757 quatuor
1573 2691 1754 2744 consi-

179 2787 474 2840 derantur,
505 2778 648 2847 ignis
681 2780 902 2847 quidem
940 2780 994 2832 in
1018 2781 1162 2842 luce,
1190 2787 1247 2833 et
1281 2781 1488 2845 stellis,
1518 2790 1575 2835 et
1595 2782 1747 2842 luna,

177 2877 234 2920 et
253 2868 416 2921 sole:
453 2882 592 2936 aqua
640 2879 822 2923 autem
854 2870 907 2923 in
947 2871 1313 2935 ﬁrmamento,
1351 2879 1408 2924 et
1457 2871 1560 2924 alia
1609 2887 1750 2940 aqua

177 2975 349 3029 supra
370 2959 797 3024 ﬁrmamentum,
820 2970 876 3016 et
899 2963 1173 3026 terrestri,
1191 2972 1246 3016 et
1270 2963 1513 3033 abyssin.
1553 2963 1748 3017 Aerem

180 3051 237 3104 in
279 3060 530 3120 quatuor
559 3065 756 3105 ventos
781 3062 836 3106 et
865 3064 1110 3121 quatuor
1142 3055 1269 3106 anni
1314 3062 1561 3122 tempora
1606 3053 1750 3107 divi-

1856 580 2022 633 etiam
2045 579 2249 631 dicitur
2279 577 2485 645 lignum
2512 576 2638 628 vita:
2669 592 2681 625 :
2708 589 2843 626 crux
2871 574 3018 627 enim
3045 582 3166 626 erat
3187 571 3412 626 Christi.

1854 670 2089 738 Propter
2123 671 2298 738 ipsum
2344 667 2491 720 enim
2534 666 2816 733 cxsculpta
2858 675 2940 717 est
2985 663 3243 733 scalpello
3284 662 3414 730 ligni

1855 777 1984 816 vere
2033 761 2256 830 plantati
2295 775 2438 812 secus
2484 760 2729 810 decursus
2761 773 3022 825 aquarum
3057 759 3135 818 ”;
3179 764 3419 823 quatuor

1856 853 2076 919 inquam
2113 851 2555 920 Evangeliorum.
2584 849 2702 902 Non
2733 849 2834 901 erit
2867 856 3050 900 autem
3086 846 3416 904 absurdum.

1855 945 1898 998 si
1926 945 2071 997 illius
2118 958 2335 1011 quoque
2379 941 2557 1010 quarti
2613 941 2704 1006 qui
2761 940 2813 991 in
2867 939 3090 992 fornace
3119 954 3415 1006 puerorum

1856 1035 2007 1089 visus
2035 1042 2118 1087 est
2145 1033 2502 1087 similitudine
2544 1031 2664 1084 Filii
2691 1030 2784 1083 Dei
2810 1031 2872 1091 ’⁵,
2909 1032 3179 1083 visionem
3217 1028 3416 1080 intelli~

1855 1143 2064 1198 gamus,
2103 1135 2357 1194 tanquam
2417 1125 2596 1193 quarti
2640 1123 2749 1176 diei
2802 1122 3072 1191 ﬁguram:
3108 1129 3162 1174 et
3211 1119 3415 1173 Christi

1854 1223 1947 1289 qui
1980 1223 2032 1274 in
2067 1235 2135 1274 eo
2165 1227 2417 1272 ostensus
2456 1226 2560 1279 est,
2586 1232 2782 1283 nempe
2816 1216 2964 1268 solis.
2996 1215 3088 1268 Est
3129 1214 3277 1267 enim
3327 1213 3418 1264 ille

1854 1312 1996 1381 ignis
2020 1320 2284 1380 cognatus
2316 1310 2481 1377 hujus
2507 1307 2673 1370 solis;
2703 1307 2974 1375 siquidem
3026 1306 3116 1358 ille
3155 1320 3416 1372 corpora«

1855 1404 1942 1464 lis,
1971 1404 2078 1456 vim
2114 1403 2325 1454 habens
2359 1409 2416 1454 et
2445 1399 2637 1453 urendi
2680 1409 2736 1452 et
2777 1413 2982 1466 pueros
3022 1397 3370 1449 custodiendi
3402 1413 3417 1454 ;

1853 1496 1987 1550 solis
2009 1494 2104 1563 qui
2133 1503 2219 1548 est
2244 1494 2299 1545 in
2329 1493 2510 1555 nobis,
2542 1507 2740 1560 nempe
2781 1491 3006 1552 Christi,
3037 1490 3420 1559 przcﬁgurabat

1855 1588 2148 1656 imaginem
2192 1586 2313 1638 :sie
2363 1585 2529 1638 etiam
2577 1583 2790 1644 foruax,
2831 1583 3086 1650 Virginis.
3120 1583 3257 1634 Dum
3305 1581 3417 1633 lure

1852 1694 2034 1737 autem
2093 1681 2376 1736 terrestria
2430 1694 2737 1747 persequor
2802 1679 2856 1729 in
2919 1685 3120 1744 quarto
3176 1676 3290 1736 die,
3349 1674 3418 1725 de

1853 1783 2052 1843 quarto
2083 1790 2313 1827 munero
2349 1772 2573 1824 divinus
2604 1771 2854 1824 Ezechiel
2885 1769 3150 1838 propheta
3182 1769 3224 1797 "
3246 1767 3417 1819 veluti

1853 1869 2135 1926 assistens,
2169 1881 2323 1919 suam
2357 1863 2710 1932 prOphetiam
2753 1872 2807 1915 ct
2835 1861 3092 1914 exstasim
3143 1858 3419 1911 revocavit

1849 1961 1905 2012 in
1950 1956 2290 2017 memoriam,
2323 1954 2480 2006 nobis
2532 1951 2829 2006 ostendens
2874 1950 3266 2018 quadriformia
3325 1948 3418 2000 illa

1852 2048 2150 2102 animantia
2205 2060 2541 2099 summarum
2597 2043 3024 2108 intelligentium
3077 2042 3416 2094 Potestatum

1851 2155 1971 2208 qua:
2026 2138 2197 2200 vidit,
2251 2135 2571 2206 mysterium
2623 2133 2825 2188 Christi
2881 2130 3304 2200 prtesiguiﬁcare
3361 2143 3418 2181 et

1851 2231 2165 2285 describere
2189 2231 2244 2282 in
2271 2229 2339 2281 iis
2366 2227 2568 2296 quibus
2595 2226 3000 2293 contemplatus
3029 2232 3114 2275 est
3144 2221 3416 2290 propheta

1850 2322 2044 2376 faciem
2091 2318 2351 2380 hominis,
2380 2327 2436 2370 et
2483 2315 2639 2368 bovis
2667 2324 2720 2367 et
2768 2314 2940 2366 leonis
2975 2321 3032 2364 et
3061 2311 3278 2380 aquila,
3315 2324 3421 2364 nos

1851 2413 2106 2466 docentia
2162 2412 2310 2480 quod
2370 2425 2552 2478 magni
2605 2405 2820 2461 consilii
2879 2404 3116 2472 Angelus
3168 2402 3314 2469 (cum
3347 2401 3420 2456 sit

1851 2502 2232 2572 incorporeus)
2258 2509 2314 2555 et
2339 2501 2633 2552 humanam
2654 2497 2882 2550 formam
2905 2494 3076 2547 subiit
3103 2511 3115 2545 :
3153 2503 3417 2562 tanquan.

1854 2596 2016 2650 homo
2058 2593 2282 2662 quidem
2335 2591 2612 2644 videbitur
2660 2589 2714 2640 iu
2754 2597 2899 2640 terra
2933 2628 2946 2648 ,
2983 2592 3042 2638 ut
3083 2584 3169 2637 leo
3209 2594 3415 2646 autem,

1851 2705 1974 2746 eum
2013 2687 2274 2743 ceciderit
2321 2684 2584 2754 quidem,
2628 2682 2864 2734 dormiet
2909 2697 2963 2733 in
3019 2685 3416 2734 monumento:

1851 2791 2109 2835 (ueterum
2156 2774 2464 2830 divinitatis
2512 2772 2738 2826 habebit
2785 2778 3008 2840 apertos
3060 2770 3271 2831 oculos,
3305 2783 3417 2821 non

1849 2874 1998 2927 enim
2039 2869 2230 2924 somni
2269 2867 2578 2930 affectione,
2610 2872 2704 2918 aut
2734 2864 2967 2932 alicujus
2999 2862 3228 2915 alterius
3268 2860 3417 2928 capi-

1852 2974 1943 3018 tur
1972 2963 2233 3018 divinitas
2266 2980 2277 3014 :
2323 2959 2571 3014 resiliens
2598 2964 2782 3011 autem
2815 2964 3064 3023 resurget
3093 2970 3122 3006 a
3156 2953 3414 3015 mortuis,

1853 3067 1909 3114 ct
1936 3068 2191 3126 tanquam
2217 3053 2398 3122 aquila
2429 3068 2521 3105 rex
2549 3057 2858 3103 assumetur
2884 3049 2936 3100 in
2969 3047 3189 3100 cwlum.
3213 3047 3416 3108 Quam-

178 3142 270 3195 sit.
312 3143 548 3196 Terram
572 3145 809 3212 partitus
837 3147 1002 3199 estin
1026 3153 1266 3214 quatuor
1291 3145 1448 3207 ﬁnes,
1474 3144 1752 3212 quomodo
1778 3169 1820 3226 ρ
1853 3149 2041 3202 obrem
2068 3147 2254 3200 divine
2287 3143 2624 3198 vociferatur
2654 3141 2856 3194 Paulus
2887 3141 2950 3202 ’⁷,
2986 3139 3133 3209 quod
3175 3139 3226 3191 in
3257 3137 3418 3191 Chri-

176 3239 351 3293 etiam
382 3239 440 3291 in
462 3249 699 3307 quatuor
722 3240 1122 3307 generationes,
1151 3238 1472 3302 herbarum,
1502 3238 1746 3306 inquam,

177 3339 232 3383 et
253 3329 562 3391 fructuum,
592 3342 650 3382 et
669 3331 1056 3392 animantium,
1076 3340 1132 3383 et
1156 3331 1457 3384 hominum.
1483 3330 1750 3383 Similiter

176 3421 349 3474 etiam
371 3420 673 3473 animantia
690 3420 744 3473 in
759 3431 998 3489 quatuor
1009 3437 1206 3490 genera
1229 3422 1484 3475 dividens
1495 3437 1560 3474 ea
1576 3421 1750 3474 nomi-

177 3511 354 3574 navit,
379 3526 446 3565 ea
471 3527 674 3566 vocans
708 3511 1384 3580 pecora,anima|ia,feras
1415 3522 1471 3566 et
1509 3512 1746 3581 reptilia.

175 3603 452 3656 Volucres
498 3611 681 3656 autem
708 3619 813 3656 una
843 3612 1004 3656 vocat
1031 3604 1416 3672 appellatione;
1441 3612 1571 3656 sunt
1599 3603 1749 3656 enim

177 3703 344 3763 typus
367 3707 434 3747 ac
469 3693 643 3761 ﬁgura
669 3694 796 3748 coeli
826 3694 1115 3748 volucrum
1153 3713 1164 3745 :
1190 3710 1386 3762 nempe
1413 3694 1748 3748 Potestatum

178 3783 642 3853 intelligentium,
667 3798 902 3852 quarum
935 3785 1222 3839 sententia:
1257 3793 1350 3837 aut
1378 3786 1503 3837 vitae
1525 3785 1749 3852 agenda:

178 3873 331 3926 nulla
369 3879 459 3925 est
493 3871 713 3925 divisio.
743 3872 1010 3927 Similiter
1053 3874 1218 3927 etiam
1264 3884 1501 3941 quatuor
1541 3873 1750 3927 semina

179 3965 233 4018 in
279 3971 538 4017 creatura
588 3978 759 4032 super
814 3972 1016 4018 terram
1068 3975 1439 4034 agnoscuntur
1492 3982 1504 4016 :
1553 3981 1748 4034 nempe

175 4052 630 4121 germinantium,
652 4062 709 4107 et
734 4054 1040 4119 volucrum,
1080 4064 1137 4108 et
1177 4054 1430 4125 piscium,
1454 4063 1510 4108 et
1540 4056 1751 4108 anima-

175 4147 334 4198 lium.
366 4145 447 4197 Ea
470 4145 617 4198 enim
657 4145 772 4200 sola
805 4146 859 4198 in
895 4154 1057 4208 terra,
1086 4161 1144 4201 et
1175 4163 1204 4200 e
1239 4155 1381 4200 terra
1417 4157 1744 4211 nascuntur,

173 4252 296 4305 qua:
312 4245 616 4305 sunttypus
634 4245 871 4304 quatuor
893 4236 1161 4289 seminum
1175 4236 1436 4290 doctrina:
1454 4237 1751 4300 Verbi,hoc

172 4339 259 4384 est
296 4328 420 4382 Dei.
453 4325 744 4392 Quomodo
767 4327 913 4380 enim
938 4341 1124 4381 semen
1154 4342 1250 4382 sua
1278 4336 1476 4397 sponte
1504 4332 1750 4383 nascitur

175 4438 238 4476 ex
291 4429 462 4484 terra,
518 4419 594 4473 ita
631 4419 796 4473 etiam
839 4419 980 4472 ratio
1019 4419 1282 4475 doctrinae
1316 4421 1658 4486 naturaliter,
1682 4438 1750 4476 ex

1852 3240 1920 3294 sti
1977 3241 2205 3307 figuram
2261 3250 2327 3288 ac
2367 3244 2553 3304 typum
2596 3240 2776 3285 creata
2836 3239 2965 3283 sunt
3025 3229 3305 3282 terrestria
3355 3242 3418 3281 ac

1851 3327 2114 3389 cmlcstia,
2136 3342 2204 3379 ex
2228 3325 2431 3394 quibus
2459 3331 2585 3376 sunt
2617 3322 2848 3374 maxime
2876 3321 3040 3374 etiam
3066 3336 3186 3388 quae
3216 3319 3416 3372 dicun-

1852 3431 1941 3474 tur
1987 3419 2043 3472 in
2096 3424 2297 3485 quarto
2337 3424 2393 3469 et
2445 3414 2622 3484 primo
2668 3414 2756 3466 die
2803 3411 3180 3480 perfecta;de
3210 3411 3417 3478 quibus

1849 3511 1988 3564 dixit
2021 3530 2032 3562 :
2067 3509 2220 3562 Fiant
2256 3507 2544 3560 luminaria
2571 3508 2626 3558 in
2653 3505 2989 3573 ﬁrmamento
3038 3505 3151 3556 cazli
3182 3504 3249 3554 ad
3289 3502 3416 3555 illu-

1850 3603 2189 3656 minatiouem
2212 3616 2367 3668 super
2383 3607 2602 3650 terram.
2623 3597 2911 3652 Pulchram
2930 3594 3416 3649 commutationem

1848 3692 2060 3759 accepit
2105 3706 2135 3742 a
2185 3690 2295 3742 Deo
2347 3689 2751 3740 firmamentum
2823 3700 3084 3752 aquarum
3135 3683 3412 3737 Ecclesia).

1847 3783 2038 3851 Cogita
2069 3783 2215 3836 enim
2251 3780 2397 3850 quod
2431 3781 2750 3850 priusquam
2785 3780 2940 3832 fieret
2983 3777 3411 3834 ﬁrmamentum,

1850 3890 1990 3943 aqua
2017 3883 2136 3928 erat
2166 3889 2277 3927 non
2305 3873 2517 3925 ﬁrmata
2558 3888 2623 3925 ac
2676 3870 2928 3932 solidata,
2967 3884 3088 3938 qua:
3114 3867 3415 3922 vocabatur

1850 3967 2080 4036 abyssus
2110 3973 2335 4033 propter
2379 3963 2549 4016 malas
2582 3961 2790 4015 erroris
2831 3960 3084 4014 tenebras
3109 3975 3229 4028 qua:
3245 3974 3412 4028 supra

1849 4073 1968 4111 eam
2004 4056 2296 4126 jacehant;
2339 4069 2477 4123 quas
2503 4068 2627 4106 cum
2680 4053 2823 4106 Deus
2853 4052 2921 4105 ab
2975 4051 3095 4120 ipso
3153 4049 3414 4104 extermi-

1852 4157 2073 4209 nasset,
2126 4147 2207 4199 eis
2249 4145 2622 4199 adversariam
2675 4144 2903 4196 donavit
2933 4142 3142 4205 lucem,
3173 4141 3365 4195 dicens
3395 4158 3410 4193 :

1851 4239 2006 4293 Fiant
2054 4237 2344 4290 luminaria
2378 4238 2432 4289 in
2461 4236 2797 4301 ﬁrmamento
2856 4235 2969 4289 creti
3020 4235 3089 4287 ad
3134 4234 3412 4287 illumina-

1851 4329 2045 4380 tiouem
2115 4341 2274 4394 super
2343 4332 2563 4376 terram.
2636 4323 2786 4376 Beati
2851 4322 2998 4375 enim
3057 4321 3232 4391 angeli
3301 4336 3412 4375 non

1858 4420 1926 4473 ab
1980 4419 2092 4472 ulla
2165 4433 2221 4471 re
2294 4425 2479 4471 creata
2552 4415 2972 4477 illuminantur,
3023 4412 3118 4467 sed
3178 4413 3247 4467 ab
3294 4414 3413 4483 ipso

173 4512 399 4567 Christo
431 4517 488 4564 et
523 4510 749 4580 angelis,
781 4526 920 4578 quos
946 4510 1259 4580 ﬁgurabunt
1283 4513 1556 4578 volucres,
1587 4521 1643 4567 et
1673 4529 1743 4568 ex
1772 4502 1819 4561 D
1845 4512 1954 4565 Deo
1991 4510 2061 4564 de
2107 4524 2217 4578 quo
2256 4508 2395 4562 dicit
2436 4506 2720 4576 Scriptura
2753 4523 2765 4559 :
2792 4505 2904 4559 Lux
2951 4506 3131 4574 justus
3174 4514 3248 4557 est
3290 4522 3411 4573 per-

177 4600 518 4654 animalibus
551 4608 608 4653 et
641 4598 962 4653 hominibus
992 4601 1304 4670 (scriptura:
1341 4602 1489 4656 enim
1520 4611 1650 4657 sunt
1677 4604 1746 4658 ab

176 4689 547 4759 hominibus),
570 4706 666 4759 per
689 4691 790 4744 hos
803 4690 952 4744 enim
970 4700 1209 4760 quatuor
1230 4693 1423 4747 modos
1445 4695 1748 4749 seminatur

177 4792 324 4836 terra
392 4779 666 4834 Ecclesize.
694 4779 882 4834 Pisces
921 4789 1107 4834 autem
1157 4796 1344 4835 semen
1390 4781 1658 4849 dejiciunt
1689 4782 1746 4836 in

176 4884 404 4936 terram,
437 4870 544 4924 nisi
564 4870 712 4940 quod
743 4871 879 4925 citra
901 4886 1088 4925 semen
1120 4880 1426 4925 nascuntur
1446 4887 1513 4926 ex
1539 4874 1698 4941 aquis
1727 4892 1739 4925 :

174 4982 342 5035 quare
374 4975 562 5018 autem
599 4965 848 5020 dicemus
871 4965 926 5019 in
955 4965 1150 5034 quinto
1172 4966 1280 5020 die.
1305 4966 1374 5020 Et
1421 4976 1602 5020 tamen
1637 4983 1742 5023 nec

174 5061 356 5128 pisces
380 5065 512 5111 sunt
538 5057 735 5125 privati
768 5057 939 5127 ﬁgura
965 5057 1327 5127 quaternarii,
1354 5073 1479 5112 cum
1505 5059 1742 5113 habeant

174 5153 406 5220 ﬁguram
431 5149 614 5204 crucis
640 5167 654 5202 :
695 5149 836 5203 sicut
864 5150 1032 5204 etiam
1068 5151 1340 5212 volucres,
1368 5165 1492 5202 cum
1535 5151 1740 5219 quibus

173 5242 303 5296 facti
333 5250 487 5294 sunt.
522 5239 628 5309 Ipsi
651 5240 798 5293 enim
829 5240 1042 5293 duabus
1066 5241 1191 5303 alis,
1215 5248 1271 5294 et
1292 5239 1471 5309 capite
1495 5241 1739 5295 eteauda

174 5334 430 5386 feruntur
463 5332 518 5386 iu
539 5348 668 5387 aere
691 5341 749 5386 et
769 5334 946 5402 aquis.
982 5333 1185 5386 Pecora
1207 5347 1450 5401 quoque,
1481 5349 1606 5387 cum
1629 5335 1740 5388 sint

176 5423 579 5494 quadrupedia,
602 5433 858 5494 quartum
884 5425 1206 5479 describunt
1233 5440 1546 5480 numerum.
1577 5426 1738 5480 Simi-

178 5516 300 5569 liter
351 5517 524 5571 etiam
592 5518 758 5572 homo
811 5519 878 5571 ad
928 5519 1160 5573 formam
1208 5517 1389 5571 crucis
1446 5518 1732 5588 ﬁguratam

180 5607 390 5662 habens
436 5607 750 5678 imaginem,
780 5619 840 5664 ut
875 5610 970 5679 qui
1001 5610 1072 5662 sit
1099 5608 1165 5662 ad
1205 5608 1497 5678 imaginem
1525 5611 1730 5665 Christi

250 5788 294 5818 ἰ
319 5787 458 5842 Psal.
485 5803 524 5850 ι,
555 5788 608 5842 3.

689 5790 728 5819 ’³
761 5791 891 5843 Dan.
926 5807 998 5854 Ill,
1028 5791 1114 5846 9:3.
1197 5794 1234 5822 "‘
1263 5792 1458 5847 Erech.
1495 5807 1529 5854 ι,
1567 5791 1588 5843 i
1622 5806 1770 5859 seqq.

1845 4608 2019 4670 petua.
2081 4598 2163 4652 Ad
2217 4606 2379 4651 terrae
2426 4610 2559 4665 ergo
2589 4593 3047 4648 illuminatiouem
3093 4591 3234 4646 facta
3283 4600 3413 4645 sunt

1843 4691 2156 4753 luminaria,
2194 4705 2306 4743 non
2354 4689 2522 4742 etiam
2576 4687 2644 4741 ad
2699 4685 3159 4740 illuminatiouem
3217 4700 3408 4738 eorum

1843 4793 2126 4855 quaa,sunt
2163 4782 2219 4836 in
2257 4782 2394 4836 mari
2426 4798 2438 4834 :
2471 4780 2726 4850 quoniam
2758 4780 2813 4833 in
2848 4779 3102 4850 abyssum
3130 4793 3160 4831 a
3188 4775 3409 4832 Christo

1845 4876 1997 4930 missi
2047 4875 2323 4929 daemones
2353 4873 2610 4941 (quorum
2667 4878 2827 4941 typus
2902 4877 3030 4922 sunt
3097 4875 3409 4936 strepentes

1837 4967 2034 5036 pisces)
2066 4973 2196 5020 sunt
2224 4973 2478 5032 expertes
2507 4962 2747 5016 cmlcstis
2770 4960 2997 5014 luminis
3046 4957 3406 5014 illuminatio-

1837 5074 1904 5111 nc
1926 5098 1940 5120 ,
1973 5066 2030 5111 et
2065 5057 2134 5111 ab
2155 5072 2222 5111 eo
2251 5057 2442 5109 alieni.
2474 5053 2629 5120 Quod
2660 5054 2705 5107 si
2739 5054 2807 5107 de
2839 5053 3002 5106 astris
3053 5048 3408 5105 sensibilibus

1836 5147 1974 5201 dixit
2002 5148 2144 5201 Deus
2178 5147 2354 5199 solum
2390 5164 2400 5197 :
2434 5144 2589 5198 Fiant
2628 5144 2938 5205 luminaria,
2973 5158 3041 5195 an
3075 5157 3182 5194 non
3235 5140 3405 5194 dixis-

1837 5249 1919 5293 set
1945 5256 1957 5292 :
1994 5239 2073 5293 Ad
2101 5237 2542 5291 illuminatiouem
2575 5245 2730 5289 terra:
2770 5244 2818 5286 et
2861 5235 3069 5286 maris?
3095 5233 3224 5286 Plus
3253 5232 3401 5284 enim

1844 5346 2009 5398 quam
2039 5331 2106 5382 iis
2135 5327 2230 5396 qui
2251 5335 2539 5382 versantur
2570 5327 2624 5380 in
2652 5335 2819 5388 terra,
2849 5333 2997 5378 astra
3022 5331 3150 5377 sunt
3174 5323 3297 5376 usui
3336 5322 3403 5376 iis

1844 5416 1937 5484 qui
1991 5416 2246 5484 navigant
2295 5416 2350 5468 in
2399 5414 2554 5467 mari.
2593 5415 2736 5484 Ergo
2775 5412 3133 5482 corporaliter
3176 5411 3399 5480 quidem

1842 5507 1975 5560 dicit
2005 5506 2311 5576 Scriptura,
2342 5507 2407 5560 de
2431 5507 2496 5560 iis
2521 5523 2686 5577 quam
2710 5507 2821 5561 Deo
2845 5521 2974 5560 vere
3006 5504 3401 5558 convenienter

1842 5597 2036 5652 littera:
2080 5597 2220 5652 facta
2255 5609 2383 5655 sunt
2413 5599 2680 5656 creaturis
2714 5617 2725 5653 :
2761 5618 2857 5671 per
2886 5601 2998 5670 ipsa
3031 5606 3213 5654 autem
3261 5598 3396 5653 citra

1854 5793 1892 5822 ¹’¹
1918 5792 2079 5848 Hebr.
2108 5813 2158 5861 .\,
2195 5799 2236 5850 l.
