4200 6440
774 370 882 431 895

2077 362 2220 421 ΛΧΛ
2231 361 2470 420 STASll
2513 361 2832 420 SlNAl'I‘A‘I

3895 365 4005 428 890

772 476 944 530 ullum
975 473 1317 529 mendacium
1349 471 1774 542 pnesigniﬁcans
1807 479 1977 525 totum
2010 471 2332 540 mysterium
2364 475 2410 529 Α
2439 470 2603 524 habet
2651 479 2964 523 sanctorum
3012 473 3330 540 angelorum
3380 469 3474 541 qui
3529 474 3699 527 creati
3765 485 3898 528 sunt
3947 477 4002 529 in

768 567 974 620 Christi
999 576 1054 619 et
1087 564 1361 618 Ecclesiae.
1394 565 1450 618 Si
1495 573 1679 617 autem
1721 563 1787 616 ad
1841 564 1953 615 lucc
2010 561 2338 614 contradicit

770 661 1011 713 carnalis
1068 657 1291 710 Iudaeus
1341 656 1594 721 auditor;
1626 657 1716 710 dic
1759 656 1888 708 mihi
1939 664 2019 718 tu,
2054 671 2155 708 cur
2211 669 2335 706 cum

771 750 994 802 fecisset
1028 748 1173 802 Deus
1192 748 1614 809 ﬁrmamentum,
1642 763 1749 799 non
1785 744 1972 798 statim
2004 760 2128 798 cum
2165 760 2232 797 eo
2257 745 2336 798 fc-

771 841 848 892 eit
900 841 1085 893 stellas
1133 851 1189 893 et
1229 840 1399 892 solem
1433 849 1489 891 et
1530 840 1754 891 lunam:
1798 838 2075 906 quomodo
2120 837 2339 905 quando

776 932 998 1000 aperuit
1041 943 1265 993 terram,
1294 932 1550 1000 protinus
1576 930 1738 999 872
1765 945 1886 982 eam
1914 929 2130 982 ornavit
2153 928 2340 982 herbis

772 1028 832 1076 et
879 1022 1169 1077 fructibus.
1199 1030 1255 1073 et
1304 1021 1599 1073 arboribus
1650 1018 1970 1088 lignorum?
1999 1018 2110 1072 Cur
2156 1029 2339 1070 autem

774 1116 907 1167 fecit
967 1113 1191 1166 minima
1219 1153 1233 1174 ,
1267 1121 1394 1165 ante
1444 1113 1555 1163 duo
1598 1113 1840 1178 perfecta
1895 1109 2238 1162 luminaria?
2275 1109 2343 1163 Et

773 1203 1054 1272 quomodo
1107 1219 1304 1255 rursus
1343 1202 1396 1254 in
1436 1201 1651 1253 duobus
1705 1199 1965 1254 perfectis
2007 1214 2114 1251 non
2158 1198 2342 1252 minus

776 1295 929 1362 prius
984 1303 1070 1347 est
1122 1294 1453 1354 fabricatus,
1487 1291 1582 1344 sed
1639 1306 1894 1360 magnum
1926 1291 1950 1342 ’ἶ
1988 1291 2343 1344 Pcrterribilc

774 1395 957 1439 autem
986 1389 1234 1444 omnino.
1264 1394 1324 1438 ut
1346 1387 1565 1453 Opinor,
1596 1393 1652 1437 et
1668 1385 1945 1436 occultum
1984 1385 2336 1436 nnslerium!

775 1478 962 1532 stellas
981 1477 1207 1547 quidem
1237 1493 1403 1547 supra
1425 1493 1523 1546 per
1549 1479 1764 1546 jussnm
1805 1477 2016 1531 creavit
2061 1477 2114 1528 in
2161 1477 2342 1529 ﬁrma-

776 1578 962 1623 mento
992 1588 1004 1622 :
1040 1571 1211 1622 solem
1245 1579 1427 1623 autem
1468 1579 1526 1622 et
1559 1570 1742 1621 lunam
1779 1584 1904 1621 cmn
1939 1584 2037 1637 per
2070 1583 2129 1621 se
2175 1584 2343 1636 super

779 1671 1006 1724 terram,
1044 1671 1300 1729 tanquam
1332 1661 1504 1713 Adam
1527 1669 1583 1714 et
1613 1661 1802 1720 Evam,
1840 1670 1985 1713 esset
2016 1660 2338 1722 fabricatus,

779 1762 963 1821 postea
988 1768 1084 1807 cos
1108 1753 1160 1804 in
1191 1753 1360 1804 altum
1391 1753 1637 1805 sublatos
1667 1753 1850 1820 posuit
1884 1753 1937 1804 in
1972 1751 2339 1806 ﬁrmamento.

2439 563 2626 625 uelis;
2663 571 2720 614 et
2747 563 2870 616 idco
2899 579 2993 616 cas
3027 565 3208 632 posuit
3230 575 3522 634 antequam
3557 565 3808 619 illucerct
3837 567 3919 619 sol
3948 579 4005 622 et

2439 653 2566 705 luna
2601 667 2767 721 super
2817 663 3038 707 terram.
3071 656 3204 708 Nam
3236 665 3362 710 ante
3413 658 3581 711 solem
3606 657 3910 722 Christum,
3951 670 4010 713 et

2439 743 2623 796 lunam
2657 743 2976 808 Ecelesiam,
3003 745 3359 801 divinissima:
3404 764 3625 816 quoque
3655 758 3870 802 mentes
3907 766 4006 802 seu

2441 832 2838 904 intelligentiae,
2870 836 3048 890 lucem
3071 838 3389 906 praebebant
3421 838 3487 891 iis
3510 841 3601 907 qui
3635 849 3795 893 erant
3837 858 4010 910 super

2441 931 2664 989 terram,
2691 928 2860 980 variis
2883 930 3062 983 modis
3087 929 3166 983 eis
3195 931 3536 985 assistentes.
3569 932 3699 985 Nam
3725 933 3871 1001 quod
3896 934 4009 985 duo

2442 1016 2557 1069 hmc
2587 1033 2778 1086 magna
2809 1020 3097 1074 luminaria
3129 1036 3293 1088 super
3325 1031 3524 1075 terram
3571 1023 3714 1076 Deus
3745 1034 4011 1078 constru-

2441 1107 2677 1169 xerit,et
2709 1110 2908 1163 deinde
2939 1111 2990 1164 in
3017 1111 3358 1165 ﬁrmamento
3378 1116 3500 1166 «:(eli
3535 1131 3598 1168 ea
3633 1117 3909 1184 posuerit;
3940 1133 4007 1170 ex

2445 1197 2577 1266 ipsis
2601 1199 2900 1267 Scriptura:
2938 1203 3120 1256 verbis
3155 1203 3442 1257 discimus.
3482 1206 3626 1259 Dicit
3671 1206 3820 1259 enim
3845 1208 4011 1276 legis-

2444 1289 2582 1342 lator
2626 1290 2843 1346 Moses:
2902 1294 2967 1347 Et
3000 1296 3132 1347 dixit
3190 1295 3368 1359 Deus,
3399 1297 3535 1362 [iant
3599 1299 3892 1352 luminaria
3954 1302 4011 1352 in

2441 1382 2775 1448 ﬁrmamento
2827 1388 2984 1451 caeli,-
3037 1398 3094 1441 ut
3146 1389 3241 1458 qui
3301 1406 3402 1444 suo
3446 1394 3598 1461 jussu
3654 1392 3849 1446 fecerit
3892 1394 4012 1447 bare

2444 1475 2686 1538 sensilia,
2716 1476 2810 1529 scd
2841 1486 2895 1530 et
2918 1494 2982 1531 ca
3019 1494 3140 1547 qua:
3179 1479 3385 1534 cadunt
3435 1483 3539 1536 sub
3591 1482 4010 1552 intelligentiam

2444 1576 2757 1621 sanctorum
2786 1570 3102 1638 angelorum
3131 1572 3419 1626 luminaria
3451 1591 3464 1626 :
3506 1574 3624 1643 Ipse
3657 1575 3803 1628 enim
3835 1577 3972 1627 dixit
3995 1617 4010 1638 ,

2441 1663 2490 1705 et
2519 1655 2661 1722 facta
2687 1669 2808 1711 sunt
2845 1661 2996 1728 :ipse
3021 1663 3292 1716 mandavit
3325 1672 3374 1715 et
3420 1675 3599 1717 creata
3633 1674 3757 1717 sunt
3791 1665 3856 1718 “.
3891 1666 4012 1719 Duo

2444 1756 2626 1802 autem
2655 1749 2942 1804 luminaria
2961 1767 3070 1805 non
3091 1751 3174 1806 sic
3195 1770 3210 1808 :
3233 1753 3329 1807 sed
3359 1771 3373 1808 :
3400 1753 3538 1807 Ferit
3567 1755 3702 1808 Dens
3721 1756 4012 1810 luminaria

849 1847 1145 1914 Propterea
1174 1860 1298 1897 eum
1331 1845 1446 1898 lnec
1473 1846 1633 1898 audis
1665 1845 1759 1912 qui
1793 1846 1900 1898 vim
1942 1845 2112 1899 habes
2146 1861 2345 1914 cogno-
2377 1818 2418 1876 Β
2449 1857 2664 1910 nmgna,
2703 1850 2754 1893 et
2790 1843 2961 1909 posuit
3005 1861 3066 1896 ea
3109 1844 3164 1896 in
3206 1843 3542 1910 ﬁrmamento
3586 1845 3720 1898 ca-li.
3766 1846 4012 1899 Primum

777 1937 989 1999 secndi,
1029 1951 1063 1989 o
1092 1937 1334 2001 auditor,
1375 1937 1486 1990 noli
1535 1937 1778 1997 differre,
1807 1937 1900 1990 sed
1935 1937 2103 1989 transi
2135 1946 2192 1990 ct
2228 1954 2347 1989 rur-

776 2049 873 2086 sus
930 2032 1304 2101 ingrcdiamur
1347 2033 1400 2085 in
1445 2033 1705 2085 interiora
1757 2032 1865 2084 veli
1909 2031 2213 2101 Scriptum
2245 2072 2260 2094 ,
2291 2033 2344 2084 in

778 2134 1003 2178 externa
1043 2125 1242 2180 versati
1271 2124 1660 2192 philosophia,
1689 2138 1744 2176 re
1792 2125 1949 2178 nobis
2003 2124 2346 2191 signiﬁcante

780 2216 944 2285 adyta
967 2225 1276 2269 sanctarum
1302 2215 1718 2283 cogitationum.
1750 2213 1864 2267 lloc
1891 2214 2037 2268 enim
2064 2231 2164 2268 nos
2187 2215 2348 2268 docet

783 2309 1067 2377 Scriptura
1094 2309 1260 2362 etiam
1287 2310 1353 2362 de
1385 2308 1529 2361 Mose
1553 2307 1763 2369 dicens,
1797 2323 1923 2360 cum
1962 2323 2084 2360 esse
2134 2308 2347 2374 ingrcs-

782 2414 905 2452 sum
935 2400 1080 2453 intra
1115 2400 1287 2468 ipsam
1313 2399 1599 2467 caliginem
1629 2398 1721 2450 ubi
1754 2408 1875 2452 erat
1908 2398 2050 2452 Deus
2075 2439 2089 2460 ,
2116 2398 2306 2452 dicens
2331 2415 2344 2450 :

784 2490 942 2544 Fiant
984 2491 1270 2543 luminaria
1307 2493 1360 2542 in
1389 2491 1724 2554 ﬁrmamento
1753 2491 1866 2543 εωιί
1905 2492 1975 2543 ad
2004 2490 2352 2543 illuminatio-

787 2601 905 2637 nem
931 2593 1102 2637 terra‘.
1139 2584 1263 2637 ΙΙωο
1288 2584 1481 2636 dicens
1504 2583 1633 2636 feeit
1660 2593 1715 2635 et
1746 2583 1861 2636 ﬁxit
1888 2584 2105 2637 tertiam
2146 2584 2350 2637 illumio

785 2678 1066 2730 nationem
1125 2677 1179 2730 in
1232 2677 1578 2729 ﬁrmamento
1626 2678 1882 2730 Ecclesia:
1926 2692 2026 2744 per
2054 2677 2258 2738 stellas,
2295 2685 2353 2731 ct

787 2783 887 2836 per
940 2768 1215 2830 solcm,et
1271 2783 1368 2836 per
1421 2769 1626 2821 lunam.
1660 2768 1763 2821 Per
1818 2769 2035 2829 stellas,
2091 2769 2350 2837 quoniam

787 2860 962 2913 sancti
991 2860 1271 2929 propheta:
1310 2860 1497 2929 primi,
1527 2871 1583 2914 ct
1604 2861 1736 2931 justi
1767 2861 1922 2930 prius
1954 2861 2354 2915 annuntiarunt

787 2959 846 3003 et
879 2960 1359 3018 praecucurrerunt
1403 2952 1609 3005 mundo
1639 2953 2028 3007 annuntiantes
2059 2954 2353 3007 adventum

790 3041 925 3094 solis
951 3041 1158 3096 Christi
1183 3043 1303 3107 Dei,
1333 3053 1391 3098 ct
1418 3046 1537 3114 ejus
1566 3046 1816 3115 conjugis
1843 3045 2122 3099 Ecclesia}.
2147 3046 2354 3101 Deinde

790 3142 916 3200 post
953 3149 1142 3187 earum
1173 3143 1426 3188 exortum
1473 3136 1654 3189 illuxit
1678 3136 1778 3199 sol,
1811 3150 2006 3205 nempe
2047 3135 2302 3192 Christus
2335 3155 2348 3190 :

789 3233 848 3277 et
895 3225 1093 3293 eonjux
1131 3225 1253 3294 ejus
1311 3226 1462 3291 luna,
1521 3242 1718 3296 nempe
1755 3227 2016 3282 Ecclesia.
2055 3228 2352 3297 Propterea

795 3315 887 3368 illa
913 3331 1134 3383 quoquc
1168 3318 1410 3371 accurrit
1458 3319 1742 3386 suppetias
1781 3320 1954 3372 latura
1983 3319 2156 3372 stellze
2196 3319 2352 3382 solis,

791 3406 908 3460 suis
941 3406 1109 3460 radiis
1148 3407 1319 3460 solem
1346 3407 1724 3462 illuminantis.
1754 3409 1867 3462 Nisi
1912 3409 2058 3461 enim
2103 3408 2355 3462 subindi-

792 3507 947 3550 caret
971 3498 1172 3553 Christi
1208 3509 1263 3552 et
1284 3499 1544 3552 Ecclesia:
1575 3499 2053 3562 illuminationem,
2083 3515 2191 3552 non
2241 3499 2354 3568 ipsa

790 3604 1013 3658 quoque
1047 3590 1101 3643 in
1135 3589 1225 3644 dic
1247 3590 1411 3643 simul
1448 3591 1686 3644 ferretur
1707 3607 1830 3644 curn
1868 3592 2002 3656 sole,
2034 3591 2253 3660 quando
2273 3598 2359 3644 est

793 3681 954 3750 plena
1008 3683 1157 3737 luna.
1201 3684 1336 3736 Nam
1366 3683 1586 3751 quando
1618 3684 1840 3752 quidem
1893 3693 1981 3738 est
2037 3683 2356 3753 imperfecta

795 3771 1060 3835 Ecclesia,
1090 3781 1150 3826 ut
1182 3782 1427 3841 tempore
1457 3772 1750 3844 Synagogm
1777 3773 2090 3826 .ludzeorum
2118 3813 2132 3836 ,
2158 3789 2222 3826 ca
2254 3788 2356 3826 no-

793 3870 887 3915 ctu
931 3862 1108 3915 solum
1166 3863 1355 3928 lucet;
1395 3863 1450 3916 in
1501 3879 1715 3926 eorum,
1765 3865 2007 3932 inquam,
2046 3863 2176 3917 vita.
2221 3863 2357 3917 Cum

795 3959 980 4004 autem
1012 3951 1180 4004 fuerit
1224 3951 1459 4020 perfecta
1499 3966 1528 4004 a
1573 3952 1682 4004 Deo
1725 3951 1817 4021 qui
1870 3952 2055 4004 omnia
2108 3953 2359 4021 perfecit,

798 4049 934 4096 tunc
978 4041 1141 4095 simul
1204 4050 1433 4110 apparet
1485 4057 1610 4094 eum
1659 4042 1804 4105 sole,
1876 4057 2071 4111 nempe
2117 4043 2359 4107 Christo,

799 4133 1157 4187 illucescente
1186 4132 1275 4185 die
1306 4134 1632 4202 evangelicae
1678 4142 1877 4187 nostra
1921 4133 2164 4188 ﬁdelium
2213 4137 2358 4190 vitze.

799 4225 1000 4292 Accipe
1026 4225 1192 4277 etiam
1213 4224 1373 4277 aliam
1403 4224 1471 4277 de
1502 4224 1588 4277 his
1610 4225 2150 4291 contemplationem.
2179 4227 2364 4280 Primo

801 4316 892 4369 die
936 4316 1080 4369 Deus
1116 4324 1426 4369 creaturam
1477 4316 1630 4384 prius
1675 4314 2007 4369 illuminavit
2055 4332 2155 4386 per
2201 4333 2362 4370 ninam

795 4407 1073 4476 quandam
1087 4408 1415 4477 singularem
1431 4418 1489 4461 et
1511 4408 1846 4462 individuam
1862 4409 2061 4469 lucem.
2074 4419 2363 4478 antequam

2449 1931 2597 1992 fecit,
2631 1939 2688 1985 et
2743 1941 2873 1986 tune
2917 1949 2982 1986 ea
3023 1949 3187 2003 supra
3221 1935 3424 2002 posuit.
3456 1935 3686 1989 Ubinam
3721 1945 3904 1990 autem
3947 1952 4012 1989 ea

2450 2026 2520 2078 ab
2551 2025 2670 2094 ipso
2696 2033 2853 2078 erant
2883 2024 3135 2080 facienda
3160 2026 3265 2081 nisi
3289 2042 3454 2096 supra
3475 2027 3714 2080 terram?
3748 2028 3866 2081 Non
3891 2038 4017 2081 erat

2449 2118 2595 2171 enim
2652 2119 2796 2170 alius
2840 2119 2995 2172 locus
3026 2130 3184 2173 extra
3232 2121 3431 2174 caelum
3478 2121 3585 2174 nisi
3623 2121 3676 2173 in
3709 2131 3885 2184 terra,
3917 2121 4013 2175 ubi

2452 2210 2592 2263 facta
2642 2220 2772 2263 sunt
2823 2212 2893 2264 ab
2945 2211 3063 2278 ipso
3084 2212 3215 2275 Deo,
3250 2219 3308 2265 ct
3360 2214 3556 2267 deinde
3615 2213 3829 2268 sublata
3885 2223 4016 2267 sunt

2454 2317 2694 2355 rursum.
2729 2301 2864 2355 Vide
2899 2301 3036 2354 mihi
3067 2318 3260 2357 rursus
3281 2303 3372 2358 hic
3395 2320 3615 2372 quoque
3653 2315 3852 2358 terram
3882 2315 4011 2358 ante

2453 2395 2652 2447 cwlum
2680 2409 2711 2447 a
2746 2393 2861 2447 sole
2903 2394 3243 2447 illuminari:
3275 2404 3330 2447 et
3361 2395 3440 2448 sic
3477 2395 3544 2448 ad
3610 2397 3807 2449 ewlnm
3851 2395 4014 2449 Chri-

2455 2493 2598 2538 stum
2615 2483 2710 2553 qui
2736 2495 2820 2537 est
2837 2485 2947 2548 sol,
2972 2485 3254 2539 remittere
3277 2496 3400 2554 post
3417 2487 3536 2555 ejus
3556 2488 4014 2556 compositionem

2453 2586 2510 2629 et
2543 2576 3013 2629 constructionem
3047 2592 3168 2644 qua:
3193 2576 3331 2630 facta
3369 2587 3455 2632 est
3486 2593 3650 2647 supra
3677 2587 3900 2632 terram.
3937 2580 4015 2633 Ne

2458 2681 2558 2720 nos
2608 2667 2755 2719 enim
2809 2666 2981 2721 lateat
3023 2668 3169 2736 quod
3213 2683 3279 2722 ex
3341 2669 3603 2722 omnibus
3648 2671 4016 2724 luminaribus

2456 2759 2538 2811 sol
2567 2757 2903 2823 compositus
2940 2757 3034 2823 sit,
3076 2768 3136 2812 ut
3177 2758 3270 2826 qui
3324 2767 3542 2813 constet
3568 2775 3634 2813 cx
3667 2759 3886 2813 duobus
3923 2777 4015 2829 ge-

2459 2848 2686 2901 neribus
2725 2847 2780 2900 in
2811 2859 2997 2916 typum
3048 2848 3252 2904 Christi
3290 2867 3302 2902 :
3335 2865 3532 2919 nempe
3591 2867 3658 2904 cx
3698 2851 3788 2904 illa
3840 2853 4016 2919 prima

2459 2939 2667 2992 ctelcsti
2717 2949 2772 2992 ct
2813 2939 3037 3008 antiqua
3073 2940 3223 3004 lucc,
3245 2950 3302 2995 et
3335 2941 3457 3010 igne
3482 2941 3577 3011 qui
3618 2953 3805 3010 postea
3840 2944 4020 2996 fact-ts

2459 3041 2543 3083 est
2573 3040 2629 3083 ct
2654 3031 2708 3084 in
2731 3031 2937 3084 :ethere
2955 3039 3042 3084 est
3070 3034 3432 3102 interceptus,
3468 3042 3524 3088 ct
3555 3035 3622 3088 de
3658 3035 3930 3088 industria
3963 3035 4015 3088 in

2463 3132 2663 3176 terram
2721 3124 3022 3190 projectus.
3075 3125 3144 3177 Et
3202 3126 3465 3196 intelligc,
3504 3127 3620 3181 haec
3680 3128 3846 3180 nobis
3888 3127 4017 3181 sub-

2459 3213 2773 3266 ministrare
2798 3215 2975 3269 lucem
3006 3234 3019 3268 :
3061 3231 3260 3285 nempe
3289 3217 3454 3271 Verbi
3495 3218 3864 3272 divinitatem.
3888 3220 4021 3271 Erat

2451 3307 2600 3361 cnim
2630 3316 2688 3361 et
2721 3308 2936 3376 pridem
2969 3309 3023 3362 in
3055 3309 3329 3379 principio
3361 3310 3452 3362 tua:
3486 3327 3612 3364 vera
3653 3327 3769 3381 qua:
3813 3311 4018 3364 illami-

2458 3407 2551 3451 nat
2595 3414 2801 3452 omnem
2834 3401 3094 3454 hominem
3127 3402 3169 3432 ¹⁹
3208 3419 3222 3454 :
3264 3417 3458 3456 rursus
3495 3410 3678 3456 autem
3719 3402 4018 3472 sanguino-

2452 3489 2655 3543 lentam
2677 3499 2734 3543 e'.
2751 3492 3075 3546 candentem
3098 3503 3338 3546 nostram
3364 3509 3610 3548 carnem.
3639 3493 3753 3548 Lux
3779 3494 3931 3548 enim
3963 3495 4018 3548 in

2455 3581 2568 3634 sole
2607 3581 2783 3651 ignem
2819 3584 3066 3653 accepit;
3091 3585 3196 3640 hoc
3211 3595 3315 3648 est,
3333 3587 3574 3641 Verbum
3606 3589 3922 3643 illuminans
3938 3589 4018 3642 fa-

2457 3682 2607 3727 ctum
2625 3683 2710 3727 est
2728 3688 2854 3729 caro
2881 3693 2894 3727 :
2919 3675 3089 3729 Adam
3111 3678 3259 3731 enim
3281 3678 3460 3732 induit
3476 3679 3741 3733 Dominus
3762 3688 3818 3734 ct
3838 3682 4021 3734 accin-

2458 3766 2556 3818 xit.
2588 3764 2761 3821 Adam
2787 3767 2934 3820 enim
2962 3767 3361 3838 interpretatur
3383 3771 3613 3824 candens
3638 3781 3694 3825 et
3731 3773 4018 3841 sanguino-

2459 3862 2628 3915 lentus
2655 3860 3144 3930 :quandoquidem
3173 3859 3330 3929 pueri
3351 3863 3834 3916 eommunicarunt
3861 3864 4012 3917 carn'i

2458 3964 2518 4009 et
2575 3955 2823 4024 sanguini
2854 3956 2942 4018 ὀς
2976 3969 3042 4008 ex
3091 3953 3296 4023 quibus
3351 3954 3520 4008 etiam
3576 3970 3744 4024 super
3815 3964 4015 4009 terram

2459 4046 2714 4100 Christus
2743 4046 2960 4115 (nempe
2987 4046 3091 4110 sol)
3117 4045 3451 4114 compositus
3490 4047 3760 4116 apparuit.
3796 4048 3862 4101 Et
3895 4048 4017 4102 ideo

2460 4138 2628 4191 etiam
2684 4151 2841 4190 soror
2874 4138 2993 4206 ejus
3029 4136 3183 4204 luna,
3219 4151 3415 4206 nempe
3463 4137 3734 4199 Ecclesia,
3779 4137 3917 4191 dicit
3967 4137 4018 4191 in

2461 4228 2704 4283 Canticis
2739 4245 2752 4280 :
2787 4226 3058 4280 Patruelis
3085 4243 3229 4279 meus
3253 4227 3403 4280 albus
3429 4236 3478 4279 et
3517 4229 3685 4296 ﬂavus
3709 4227 3752 4256 "
3779 4243 3794 4280 :
3823 4241 4017 4296 nempe

2466 4321 2610 4374 Dens
2643 4328 2699 4372 et
2727 4319 2898 4373 Adam
2936 4337 2950 4383 ;
2982 4319 3142 4373 albus
3173 4327 3402 4387 propter
3437 4317 3812 4380 divinitatem,
3845 4317 4020 4371 ﬂavus

2464 4419 2690 4479 propter
2761 4409 3156 4463 humanitatem
3195 4409 3452 4476 :qualem
3534 4407 3700 4461 etiam
3767 4407 4019 4462 videmus

801 4498 1060 4553 adessent
1084 4499 1164 4552 sol
1193 4508 1251 4552 ct
1301 4499 1428 4553 luna
1484 4507 1542 4553 et
1589 4500 1798 4563 stellze;
1864 4500 2115 4554 revelans
2159 4501 2366 4554 scilicet
2403 4507 2444 4561 Ι)
2469 4500 2832 4569 compositum
2885 4501 3080 4562 solem,
3111 4500 3294 4553 album
3335 4508 3392 4552 et
3445 4499 3645 4552 flavum
3675 4516 3690 4564 ;
3726 4499 3791 4553 ad
3823 4498 4021 4568 imagi-

801 4601 861 4645 et
898 4591 1198 4644 ostendens
1244 4591 1697 4646 illuminationem
1739 4591 2040 4645 divinitatis
2061 4591 2114 4644 in
2138 4594 2362 4646 mundo.

804 4683 864 4736 ln
900 4683 1004 4736 hoc
1051 4692 1233 4736 autem
1281 4683 1523 4752 perfecto
1569 4685 1746 4753 primo
1789 4693 1987 4753 quarto
2021 4684 2132 4747 die,
2170 4685 2223 4738 in
2256 4701 2367 4755 quo

807 4777 1096 4844 praesentia
1118 4777 1248 4829 solis
1259 4792 1422 4846 super
1441 4786 1640 4830 terram
1656 4791 1686 4829 e
1707 4777 1845 4830 caelo
1865 4775 2121 4846 apparuit
2139 4794 2151 4829 :
2167 4792 2368 4846 cogno-

807 4868 886 4919 vit
906 4867 1144 4920 mundus
1171 4869 1366 4921 trinam
1399 4867 1856 4922 illuminationem
1880 4878 1934 4922 et
1963 4869 2160 4921 trinam
2189 4869 2364 4922 lucem

806 4959 1054 5025 ejusdem
1067 4959 1230 5013 simul
1251 4961 1521 5021 essentize,
1542 4960 1595 5012 in
1623 4971 1809 5030 typum
1833 4969 2030 5014 sancta:
2050 4960 2364 5014 Trinitatis:

809 5048 865 5103 in
888 5049 977 5102 illa
1014 5051 1234 5118 quidem
1266 5051 1438 5119 prima
1473 5053 1615 5114 luce,
1647 5054 1909 5107 docemur
1943 5053 2208 5105 unitatem
2233 5051 2368 5104 divi-

810 5142 1001 5195 nitatis
1037 5159 1049 5194 :
1080 5143 1133 5194 in
1190 5143 1293 5197 hac
1335 5153 1517 5198 autem
1562 5145 1703 5197 trina
1740 5145 1860 5197 luce
1904 5143 2364 5213 prmsigniﬁcatur

812 5231 1055 5286 Trinitas
1078 5249 1265 5286 carum
1301 5250 1423 5302 qua:
1448 5235 1606 5288 simul
1633 5245 1762 5289 sunt
1797 5235 2042 5304 ejusdem
2088 5234 2360 5297 essentim,

815 5336 1202 5388 personarum.
1235 5323 1388 5388 Quod
1423 5324 1472 5378 si
1500 5324 1553 5379 id
1578 5326 1723 5393 quod
1753 5325 1961 5379 dictum
1987 5332 2072 5378 est
2099 5325 2197 5377 tibi
2221 5325 2372 5379 vidc-

817 5420 908 5464 tur
944 5428 1196 5481 asperum
1223 5423 1278 5468 et
1310 5425 1581 5477 coactum,
1607 5417 1673 5468 de
1698 5432 1765 5470 eo
1796 5418 1914 5485 ipso
1939 5416 2184 5470 dicemus
2207 5416 2368 5470 etiam

813 5501 924 5555 alio
959 5504 1140 5558 modo.
1168 5505 1329 5559 Forte
1370 5507 1512 5560 enim
1561 5509 1704 5575 quod
1732 5509 1800 5560 ab
1843 5508 2000 5560 initio
2043 5508 2094 5559 in
2127 5508 2249 5561 cceli
2280 5507 2372 5558 lir-

823 5605 1099 5649 Iuamcnto
1147 5598 1318 5652 stella!
1364 5598 1516 5651 facta:
1560 5600 1667 5654 sint
1699 5600 2002 5668 indigenae.
2057 5597 2107 5650 id
2148 5597 2371 5664 ﬁguram

895 5705 937 5734 "
959 5706 1097 5759 Psal.
1129 5726 1289 5768 “xu.
1320 5712 1372 5766 9.
1455 5713 1491 5742 ’τ’
1518 5711 1670 5766 Joan.
1705 5729 1740 5772 ι.
1767 5713 1816 5768 9.
1898 5716 1936 5739 "‘
1973 5714 2131 5767 llvbr.
2188 5732 2241 5771 ιι.
2275 5715 2348 5766 li.

828 5777 867 5805 τ’
899 5773 1076 5831 Eccle.
1111 5796 1160 5835 ι.
1192 5780 1242 5831 5.

2462 4601 2588 4644 nem
2617 4590 2821 4644 Christi
2846 4591 2940 4659 qui
2970 4599 3056 4643 est
3081 4590 3161 4644 sol
3188 4589 3435 4659 justitize.
3465 4589 3538 4642 De
3573 4605 3684 4658 quo
3715 4588 3854 4643 dicit
3882 4590 4022 4643 Deus

2463 4698 2560 4752 per
2596 4682 2915 4736 Malachiam
2951 4683 3276 4750 prophetam
3321 4697 3335 4733 :
3382 4681 3594 4733 Orietur
3630 4682 3693 4734 iis
3734 4683 3824 4751 qui
3860 4681 4022 4734 Deum

2462 4776 2648 4826 timent
2683 4774 2762 4826 sol
2803 4776 3026 4844 justitia!
3056 4776 3123 4836 ”,
3153 4786 3214 4828 ut
3237 4783 3499 4844 appareat
3534 4774 3602 4828 iis
3620 4775 3712 4844 qui
3745 4773 3943 4828 sedent
3969 4773 4020 4826 in

2463 4866 2707 4920 tenebris
2725 4874 2783 4919 et
2807 4866 2863 4919 in
2897 4865 3091 4919 umbra
3126 4866 3338 4919 mortis.
3371 4865 3470 4918 llic
3507 4875 3593 4919 est
3629 4865 3778 4918 enim
3816 4865 3900 4918 sol
3931 4865 4020 4934 qui

2461 4959 2637 5013 dicit:
2666 4958 2778 5028 Ego
2815 4958 2905 5011 lux
2926 4960 3041 5012 veni
3090 4960 3146 5012 in
3191 4958 3444 5011 mundum
3471 4959 3520 4989 ”
3555 4974 3571 5021 ;
3606 4957 3712 5012 hoc
3735 4966 3822 5011 est
3852 4974 3866 5010 :
3902 4974 4022 5012 cum

2461 5061 2610 5107 esset
2660 5052 2878 5107 subtilis
2931 5060 2991 5105 ut
3038 5051 3129 5105 lux
3161 5058 3384 5121 propter
3409 5051 3779 5113 divinitatem,
3812 5050 4022 5118 pudore

2464 5153 2549 5197 est
2598 5142 2828 5197 aﬂ‘ectus
2876 5151 3166 5212 propterea
3205 5141 3350 5210 quod
3389 5141 3599 5195 venerit
3639 5140 3692 5194 in
3735 5140 4020 5193 Inundnm.

2468 5236 2568 5290 llic
2595 5244 2682 5289 cst
2709 5236 2790 5289 sol
2821 5235 2888 5289 de
2920 5249 3032 5305 quo
3065 5233 3234 5288 etiam
3265 5233 3406 5288 dicit
3455 5231 3774 5302 prophetiee
3803 5249 3818 5285 :
3847 5232 4024 5286 Oritur

2465 5327 2544 5380 sol
2571 5329 2657 5390 “;
2697 5328 2802 5381 hoc
2853 5335 2964 5391 est,
2994 5327 3170 5381 tendit
3207 5326 3274 5380 ad
3311 5326 3537 5387 inferos,
3562 5335 3618 5379 et
3646 5340 3840 5378 rursus
3875 5327 4024 5379 venit

2466 5420 2522 5473 in
2548 5435 2708 5472 suum
2735 5421 2937 5473 locum.
2967 5418 3222 5473 Christus
3261 5418 3410 5472 enim
3455 5432 3580 5470 eum
3635 5415 3845 5469 inferos
3899 5417 4021 5470 sub-

2470 5510 2627 5564 iisset
2651 5517 2707 5563 et
2739 5509 3154 5570 resurrexisset,
3183 5508 3347 5562 rediit
3367 5508 3432 5560 ad
3459 5507 3672 5560 Patrem
3702 5523 3718 5568 ξ
3746 5505 4023 5574 quomodo

2469 5599 2633 5654 etiam
2654 5599 2870 5654 dicebat
2903 5619 2914 5654 :
2954 5599 3063 5669 Ego
3091 5601 3206 5652 exii,
3239 5615 3302 5651 ea:
3345 5599 3524 5661 Patre,
3553 5608 3811 5666 tanquam
3838 5598 3981 5651 Deus
4008 5615 4016 5644 ;

2433 5714 2648 5768 "Cant.
2683 5733 2732 5773 ν.
2769 5714 2845 5766 l0.
2926 5718 2966 5743 '~‘"
3007 5713 3232 5768 Malach.
3274 5729 3343 5771 Iv.
3373 5713 3426 5767 ἓ.
3503 5712 3547 5742 ’³
3577 5711 3731 5765 Joan.
3787 5727 3882 5769 xn.
3938 5712 4018 5764 i6.
