4200 6440
192 395 289 453 997

1259 396 1338 455 ΙΝ
1381 392 1924 454 HEXAEMERON'.
1962 417 2029 426 —
2064 393 2208 452 LIB.
2250 395 2344 454 ιν.

3327 398 3435 461 898

190 508 251 559 l3:
284 509 423 559 eurlo
477 507 547 558 ml
613 504 825 557 Putrem
860 504 904 535 "
952 517 1133 556 meum
1191 511 1450 570 tanquam
1512 502 1658 554 Deus
1707 506 1764 551 et
1791 508 1833 563 Α
1868 498 1989 552 Vidi
2021 499 2192 553 solem
2237 514 2405 569 super
2435 509 2638 556 terram
2673 512 3048 558 constructum
3091 516 3150 559 et
3181 519 3247 559 ex
3295 508 3430 563 dua-

182 599 385 651 Adam.
427 598 598 649 Porro
636 604 820 648 autem
872 594 1049 662 ipsum
1102 608 1323 661 quoque
1362 606 1562 644 nomen
1608 587 1760 650 solis,

182 690 333 759 quod
388 688 577 741 Grzece
630 698 716 741 est
766 687 1091 756 ἧλιο;,‹·ιιιιι
1125 690 1197 739 sit
1247 684 1417 737 dictio
1469 680 1761 744 llebraica,

184 783 592 850 interpretatur
682 782 841 835 Deus.
926 779 1297 845 Quamobrem
1370 777 1629 831 Christus
1694 789 1760 826 ex

182 890 356 928 cruce
403 876 755 937 exclamavit,
791 872 908 927 lleli
955 871 1073 926 "eli
1127 887 1145 925 .'
1186 870 1334 939 quod
1389 870 1760 937 interpretans

184 969 540 1037 evangelista
593 967 731 1020 dicit
786 984 798 1019 :
868 965 977 1018 Hoc
1035 974 1134 1024 est,
1185 962 1323 1016 Deus
1392 978 1558 1025 meus,
1620 959 1758 1011 Deus

188 1075 338 1111 meus
382 1060 455 1119 ",
513 1066 633 1112 erat
676 1058 825 1111 enini
876 1056 961 1109 sol
1014 1064 1177 1125 typus
1222 1053 1450 1108 Christi.
1507 1050 1661 1105 Unde
1713 1050 1756 1101 si

184 1167 252 1204 es
293 1150 523 1222 homine
562 1150 783 1204 recedat
839 1148 1037 1201 caloris
1065 1147 1335 1216 operatio,
1367 1144 1552 1197 statim
1590 1143 1757 1197 etiam

188 1244 303 1296 vita
335 1242 409 1295 ab
443 1258 513 1296 eo
549 1252 842 1313 separatur
874 1251 930 1294 et
966 1241 1033 1294 ad
1071 1249 1303 1294 mortem
1336 1238 1754 1297 transmittitur,

182 1350 289 1388 nos
352 1335 591 1389 docente
648 1335 903 1403 exemplo
955 1332 1102 1403 quod
1168 1331 1283 1400 ipsa
1324 1330 1527 1385 Christi
1578 1330 1758 1382 virtus

179 1428 375 1482 omnia
404 1429 670 1493 vivilicat,
698 1436 754 1482 et
790 1429 886 1497 qui
918 1427 988 1481 ab
1016 1440 1082 1481 ea
1118 1432 1404 1493 separatur
1443 1439 1554 1477 non
1580 1419 1755 1475 habet

181 1526 355 1577 vitam
387 1532 674 1584 :eternam,
698 1520 795 1575 sed
821 1529 907 1574 est
931 1525 1186 1572 mortuus
1211 1525 1457 1587 peccato.
1534 1559 1552 1577 .

249 1615 360 1680 Qui
401 1613 587 1684 itaque
614 1622 743 1667 sunt
787 1611 1019 1667 scrutati
1054 1612 1295 1666 rationes
1350 1620 1566 1664 natura:
1595 1622 1753 1662 crea-

181 1717 440 1759 turarum
490 1707 749 1760 dixerunt
795 1719 920 1759 esse
970 1704 1309 1759 inell‘abilem
1340 1712 1398 1757 et
1440 1704 1755 1770 incompre-

181 1799 527 1851 hensibilcm
588 1795 1148 1865 eontempcrationem
1202 1803 1259 1848 et
1296 1791 1751 1862 compositionem

180 1901 401 1943 natura:
460 1890 615 1952 solis,
652 1896 714 1942 ut
736 1888 831 1958 qui
860 1888 934 1941 sit
966 1896 1129 1958 typus
1153 1900 1217 1940 ac
1246 1887 1421 1956 ligura
1456 1882 1753 1937 inellabilis

180 1983 409 2036 unionis
440 1981 739 2051 singularis
758 1980 964 2036 Christi
986 1978 1328 2050 hypostasis;
1348 1994 1414 2032 ex
1437 1977 1643 2046 quibus
1668 1983 1754 2029 est

176 2077 347 2130 etiam
379 2074 607 2128 divinus
635 2073 888 2127 Basilius.
922 2072 1060 2126 Nam
1084 2071 1129 2125 si
1162 2071 1244 2126 sol
1271 2079 1355 2125 est
1384 2070 1571 2124 lumen
1613 2069 1751 2122 sim-

177 2166 325 2230 plex,
368 2164 651 2233 quomodo
700 2160 1105 2216 admirabiliter
1151 2170 1208 2215 et
1250 2158 1753 2229 supernaturalitcr

176 2259 440 2312 calefacit
468 2256 717 2310 terram?
746 2253 855 2309 Sed
883 2254 931 2307 si
962 2262 1048 2308 est
1080 2252 1222 2323 ignis
1250 2252 1753 2320 incontemperatus

176 2361 228 2404 et
264 2346 990 2417 incomniistus,quomodo
1036 2346 1263 2399 arbores
1312 2359 1423 2398 non
1473 2342 1753 2397 comburit

176 2451 228 2494 et
257 2439 543 2494 herbam?
583 2439 750 2494 Multa
781 2437 987 2493 Christi
1018 2435 1269 2505 exempla
1295 2444 1350 2488 et
1379 2436 1752 2505 praecedentes

176 2536 387 2604 Iiguras
415 2533 587 2586 habet
618 2532 720 2587 sol.
748 2531 893 2601 Ignis
916 2529 1065 2585 enim
1090 2528 1365 2582 nescimus
1390 2527 1751 2598 quemadmo-

174 2627 303 2677 dum
327 2638 400 2676 es
431 2622 553 2691 ipso
577 2629 739 2676 exeat
757 2620 1204 2689 accendaturque
1228 2627 1284 2673 et
1313 2620 1621 2673 exstinctus
1639 2633 1752 2688 quo

175 2714 344 2766 vadat
373 2729 386 2764 :
421 2722 522 2765 aut
554 2710 837 2779 quomodo
872 2710 1082 2779 absque
1114 2710 1224 2763 ullo
1250 2709 1421 2779 ligno,
1450 2717 1547 2762 aut
1598 2722 1748 2770 cera,

173 2815 269 2859 aut
324 2806 518 2873 aliquo
557 2805 668 2858 alio
706 2804 1022 2873 hujusniodi
1062 2819 1247 2858 crasso
1302 2819 1534 2874 corpore
1588 2820 1752 2857 nemo

174 2906 363 2967 potest
382 2897 568 2966 ignem
591 2912 691 2966 per
715 2911 774 2951 se
795 2906 852 2950 et
887 2897 1094 2950 nudum
1140 2897 1410 2965 aspicere,
1438 2903 1536 2950 aut
1564 2904 1750 2951 tenere

172 3006 349 3060 super
392 2999 623 3052 terram,
653 3005 756 3044 nos
802 2991 1036 3045 docente
1085 2991 1339 3060 exemplo
1394 2990 1543 3060 quod
1587 3007 1751 3045 nemo

173 3082 317 3137 vidit
347 3082 557 3136 nudam
601 3081 807 3138 Christi
855 3083 1202 3137 divinitatem
1244 3091 1341 3137 aut
1386 3085 1750 3138 eontrectavit

171 3176 355 3230 donec
404 3190 632 3230 carnem
676 3178 971 3245 acceperit.
1027 3178 1239 3231 Rursus
1283 3177 1426 3248 ignis
1470 3186 1555 3232 est
1605 3180 1747 3232 intra
1775 3207 1818 3262 θ

171 3282 402 3321 omnem
432 3276 768 3333 creaturam,
799 3278 855 3323 et
884 3270 939 3323 in
975 3270 1159 3339 lignis,
1188 3279 1245 3323 et
1282 3270 1339 3323 in
1371 3270 1669 3341 lapidibus,
1693 3280 1750 3327 et

173 3358 225 3411 in
240 3358 428 3428 aquis,
442 3368 497 3412 et
513 3374 673 3413 nemo
684 3359 835 3414 videt
847 3375 948 3414 nec
963 3360 1383 3429 comprehendit
1397 3364 1752 3431 quemadmo-

173 3450 307 3504 dum
333 3451 390 3504 in
417 3450 554 3520 ipsis
581 3452 793 3506 habitet
819 3468 831 3504 :
865 3451 1144 3521 quomodo
1175 3452 1322 3522 quod
1352 3461 1438 3507 est
1466 3455 1671 3524 ubique
1695 3464 1751 3510 ct

172 3545 368 3599 omnia
410 3545 603 3616 implet
629 3545 869 3599 Verbum
894 3545 1012 3608 Dei,
1044 3544 1111 3598 de
1129 3559 1240 3615 quo
1261 3545 1397 3600 dicit
1419 3546 1705 3617 Scriptura
1732 3568 1745 3603 :

174 3635 319 3691 Deus
357 3642 538 3687 noster
574 3637 711 3705 ignis
749 3652 1057 3689 consumens
1097 3646 1173 3688 est
1196 3636 1263 3689 ’⁷.
1305 3637 1518 3692 Rursus
1564 3646 1749 3692 autem

175 3728 496 3780 invenimus
554 3726 697 3780 luna:
764 3736 823 3780 et
877 3727 1051 3780 stellis
1104 3726 1288 3781 lumen
1343 3728 1684 3798 suppeditari
1718 3746 1748 3783 a

175 3819 313 3879 sole,
376 3824 437 3868 ut
482 3815 707 3868 docent
768 3816 863 3883 qui
929 3815 1165 3867 maxime
1227 3822 1359 3869 sunt
1412 3815 1468 3867 in
1522 3824 1747 3869 externa

174 3907 379 3961 vcrsziti
450 3905 839 3975 philosophia:
878 3922 935 3960 re
996 3907 1159 3961 nobis
1202 3906 1545 3977 signiﬁcante
1601 3907 1748 3976 quod

173 4017 203 4054 λ
230 4000 461 4055 Christo
508 4000 603 4068 qui
646 3999 796 4053 cadit
836 3998 940 4053 sub
970 3999 1411 4069 intelligentiam,
1440 4002 1749 4054 illustratur

175 4091 427 4146 Ecclesia
460 4100 517 4144 ct
543 4097 859 4144 sanctorum
883 4090 1197 4146 luminaria.
1229 4092 1348 4163 ipse
1363 4093 1509 4147 enim
1529 4101 1613 4147 est
1633 4094 1745 4157 lux,

171 4186 239 4239 de
268 4200 379 4255 qua
416 4183 612 4237 dicunt
642 4182 886 4237 Ecclesia
911 4193 967 4237 et
993 4184 1127 4255 justi
1158 4201 1173 4237 :
1200 4184 1283 4238 Ea:
1312 4187 1424 4255 ejus
1461 4187 1599 4257 ignis
1632 4188 1747 4256 ple-

173 4278 416 4330 nitudine
452 4292 544 4329 nos
572 4292 749 4330 omnes
771 4277 1063 4346 accepimus
1086 4277 1155 4329 “.
1181 4276 1395 4343 Quibus
1416 4278 1582 4333 etiam
1611 4278 1748 4333 dicit

170 4384 237 4424 ex
294 4370 584 4423 adverso:
632 4366 729 4421 Vos
773 4370 894 4422 estis
956 4368 1048 4422 lux
1100 4371 1282 4423 mundi
1308 4371 1375 4425 ”.
1424 4370 1499 4424 De
1542 4370 1748 4440 quibus

173 4477 369 4518 rursus
394 4460 537 4515 dixit
560 4460 737 4532 typice
770 4478 782 4513 :
816 4459 972 4513 Fiant
994 4459 1282 4515 luminaria
1325 4463 1379 4515 in
1408 4462 1747 4531 ﬁrmamento

1866 590 1970 645 bus
2022 593 2191 645 rebus
2222 595 2584 662 compositum
2616 610 2848 664 :nenipe
2896 597 2989 664 qui
3014 596 3170 667 prius
3214 607 3431 653 constet

1859 698 1925 735 ex
1951 682 2094 747 luce,
2122 696 2180 739 et
2206 702 2273 738 ex
2313 685 2435 754 igne
2476 699 2659 755 postea
2691 705 2706 753 ;
2751 686 2951 741 deinde
2998 699 3120 758 post
3159 692 3431 758 ejusmodi

1860 777 2315 844 compositionem
2342 786 2398 831 et
2430 778 2484 831 in
2517 778 2792 849 hypostasi
2830 781 3111 842 unionem,
3140 783 3197 837 in
3228 785 3431 839 cmlnnt

1858 882 1889 919 e
1919 874 2062 920 terra
2093 870 2370 923 sublatum
2395 878 2449 922 et
2474 870 2789 925 restitutum
2824 890 2836 925 :
2866 873 3003 926 nihil
3040 872 3190 927 aliud
3222 877 3433 946 aspicio

1858 975 2021 1028 quam
2053 961 2336 1017 Christum
2382 963 2478 1018 Dei
2529 963 2726 1017 Filium
2777 981 2901 1019 cum
2945 983 3109 1021 carne
3156 968 3214 1021 in
3264 976 3433 1023 caelos

1858 1064 2222 1123 assumptum.
2261 1055 2359 1110 llic
2403 1056 2551 1110 enim
2601 1064 2686 1112 est
2742 1058 2823 1113 sol
2873 1058 2941 1112 de
2994 1076 3105 1128 quo
3156 1062 3429 1129 scriptum

1857 1150 1941 1195 est
1980 1161 1993 1197 :
2035 1146 2198 1216 873
2226 1147 2291 1201 In
2334 1148 2461 1202 cwlo
2515 1151 2687 1218 posuit
2710 1150 3114 1206 tabernaculum
3160 1154 3379 1206 suum"
3414 1172 3429 1207 :

1858 1234 1961 1289 hoc
1991 1248 2076 1292 est
2105 1240 2267 1294 Verbi
2319 1240 2593 1296 divinitati
2645 1244 2789 1296 uniit
2832 1260 2986 1299 suam
3055 1262 3275 1301 carnem
3312 1266 3324 1301 :
3366 1248 3435 1303 Et

1855 1324 1964 1394 ipse
2008 1338 2267 1399 tauquam
2306 1349 2549 1401 sponsus.
2586 1335 2757 1387 Datus
2779 1345 2867 1389 est
2909 1337 3058 1391 enim
3093 1338 3161 1391 ad
3212 1342 3434 1410 nuptias

1855 1419 2108 1476 humana:
2139 1433 2349 1479 natura:
2382 1441 2411 1478 a
2442 1426 2600 1480 Patre
2633 1428 2728 1496 qui
2763 1444 2889 1481 eum
2921 1432 3130 1499 genuit.
3161 1430 3298 1486 Ctnn
3345 1435 3432 1487 iii-

1854 1524 2113 1583 corrupta
2152 1526 2335 1571 mtcni
2367 1519 2487 1587 ejus
2514 1534 2736 1588 sponsa,
2770 1536 2964 1590 nempe
2991 1540 3158 1578 carne
3193 1543 3206 1577 :
3239 1525 3430 1579 Proce-

1853 1603 1981 1657 dens
2017 1622 2080 1658 ex
2103 1607 2341 1661 thalamo
2361 1612 2515 1662 suo"
2553 1629 2565 1663 :
2595 1611 2768 1666 Matre
2805 1613 3023 1668 scilicet
3074 1634 3086 1667 :
3124 1618 3430 1672 Ersultabit

1853 1701 2111 1761 tanquam
2154 1699 2302 1766 gigas
2344 1705 2412 1752 ait
2449 1702 2768 1756 currendum
2802 1706 2943 1757 ciant
2964 1706 3007 1735 ³’
3033 1706 3090 1759 in
3129 1708 3299 1762 cmlos
3329 1726 3343 1761 :
3378 1711 3423 1763 Λ

1853 1801 2058 1839 summo
2074 1788 2201 1841 caelo
2222 1789 2364 1843 facta
2388 1801 2473 1844 est
2512 1796 2738 1861 egressio
2763 1796 2877 1865 ejus
2894 1798 2938 1828 ³³
2965 1799 3061 1867 qui
3082 1799 3150 1852 ad
3182 1815 3284 1853 nos
3307 1808 3426 1855 erat

1853 1893 2114 1946 egressus
2140 1881 2242 1934 :Et
2270 1891 2399 1937 tunc
2415 1901 2663 1940 occursus
2686 1894 2799 1952 eius
2830 1906 2994 1955 usque
3010 1892 3079 1943 ad
3103 1909 3370 1947 summum
3385 1893 3431 1925 ³⁸

1852 1970 2054 2025 cmlum
2084 1976 2423 2029 recurrentis
2452 1978 2517 2031 ad
2547 1978 2787 2034 Patrem.
2824 1982 2929 2036 Per
2960 1981 3063 2037 hoc
3083 1999 3216 2055 ergo
3247 2001 3435 2041 exem-

1852 2063 2003 2132 plum
2049 2065 2326 2122 discamus
2372 2070 2693 2139 preplictiee
2726 2113 2743 2137 ,
2777 2075 2949 2131 solem
2990 2094 3005 2131 :
3039 2093 3236 2147 nempe
3267 2078 3433 2134 Chri-

1851 2167 2016 2222 stum,
2052 2158 2106 2211 in
2128 2160 2267 2213 cmlo
2288 2171 2604 2217 currentem
2627 2181 2640 2216 :
2662 2180 2827 2234 quem
2849 2168 3014 2222 etiam
3041 2171 3433 2241 praesigniﬁca-

1850 2248 1930 2301 vit
1986 2250 2133 2305 Elias
2186 2268 2422 2309 currens
2477 2271 2577 2325 per
2633 2258 2926 2314 aethera".
2988 2261 3185 2317 Stellas
3244 2275 3429 2319 autem

1850 2337 2092 2408 desuper
2138 2356 2207 2395 ex
2263 2341 2645 2410 ﬁrmamento,
2698 2347 2826 2403 dico
2859 2359 3080 2404 sanctos
3115 2354 3342 2422 angelos
3372 2355 3430 2409 in

1849 2445 1977 2483 eum
2024 2432 2328 2498 intuentes,
2372 2450 2593 2490 sursum
2633 2437 2699 2491 ad
2731 2439 2913 2509 ipsum
2967 2453 3340 2508 recurrentes,
3372 2454 3432 2500 et

1850 2536 2043 2576 omnes
2064 2523 2177 2577 cito
2203 2525 2269 2578 ad
2304 2542 2431 2580 eum
2462 2540 2826 2586 occurrentes
2865 2542 2922 2588 et
2960 2534 3256 2591 adorantes
3292 2537 3430 2592 cho-

1852 2628 2051 2681 rosque
2082 2615 2349 2671 ducentes
2376 2628 2431 2671 et
2463 2618 2717 2675 dicentes
2747 2624 3023 2692 supremis
3050 2642 3242 2681 eorum
3273 2630 3431 2699 prin-

1851 2702 2069 2770 cipibus
2090 2721 2101 2755 :
2127 2706 2367 2759 Attollite
2389 2718 2592 2777 portas,
2608 2712 2890 2781 principes,
2911 2723 3112 2770 vestras
3130 2716 3197 2782 ³⁵,
3211 2725 3269 2773 et
3285 2720 3431 2775 viam

1854 2795 2067 2851 munite
2088 2798 2140 2851 ei
2172 2801 2262 2868 qui
2294 2801 2528 2853 ascendit
2559 2819 2720 2872 super
2742 2821 3007 2873 occasum,
3043 2825 3192 2863 nunc
3225 2811 3281 2866 in
3314 2828 3430 2868 cm-

1850 2886 1963 2940 Ium
2020 2889 2142 2943 cmli
2198 2890 2264 2942 ad
2298 2900 2479 2945 ortqu
2531 2893 2683 2948 solis.
2723 2895 2881 2950 Nunc
2936 2899 3085 2953 enim
3121 2903 3429 2959 ascendita

1850 2987 1997 3031 terra
2032 2994 2200 3048 super
2226 2979 2550 3044 Chernhitn,
2583 2992 2641 3036 et
2690 2994 2952 3040 extensus
2995 2999 3080 3042 est
3126 2990 3192 3043 ad
3236 2993 3427 3047 cmlos.

1850 3068 2131 3125 Extensus
2179 3080 2265 3126 est
2307 3082 2493 3127 autem
2543 3075 2754 3129 habens
2783 3076 2921 3131 duas
2955 3080 3071 3134 alas
3110 3089 3171 3134 nt
3215 3083 3309 3152 qui
3357 3084 3430 3139 sit

1850 3159 2015 3212 simul
2034 3160 2177 3215 Deus
2191 3170 2248 3214 et
2271 3162 2457 3227 homo,
2493 3181 2652 3234 super
2674 3183 2875 3235 pennas
2893 3173 3222 3224 ventorum"
3261 3174 3430 3243 spiri-

1853 3258 2007 3304 tuum
2040 3253 2495 3321 incorporeorum
2542 3258 2639 3324 qui
2680 3274 2775 3313 sex
2819 3260 3023 3315 habent
3053 3263 3187 3317 alas.
3230 3265 3298 3319 Et
3332 3282 3429 3335 po-

1850 3347 1953 3397 suit
1972 3346 2210 3399 tenebras
2233 3347 2513 3401 latibulum
2539 3365 2693 3402 suum
2713 3349 2779 3415 ³⁸,
2805 3359 2865 3404 ut
2889 3354 2983 3422 qui
3008 3355 3080 3408 sit
3110 3355 3427 3423 inellabilis,

1853 3437 2261 3501 inenarrabilis,
2290 3448 2347 3494 et
2374 3441 2470 3510 qui
2513 3442 2875 3514 intelligentia
2912 3462 3020 3500 non
3052 3458 3236 3517 potest
3274 3467 3427 3506 eom-

1849 3533 2144 3602 prehendi,
2176 3535 2409 3603 gemina:
2438 3537 2911 3593 seilicct'naturze.
2942 3540 3055 3595 lloc
3078 3544 3225 3596 enim
3251 3545 3427 3615 signi-

1851 3628 2013 3681 licant
2042 3630 2303 3693 tenebrat,
2330 3640 2393 3685 nt
2414 3631 2531 3700 qui,
2560 3633 2859 3701 quomodo,
2879 3635 3154 3691 neminem
3174 3637 3431 3694 docuerit

1852 3717 2070 3772 etiamsi
2100 3719 2153 3772 in
2178 3719 2280 3773 hac
2297 3720 2481 3789 specie
2499 3721 2753 3775 obscurae
2775 3733 2832 3777 et
2854 3723 3150 3781 inclIabilis
3171 3728 3426 3784 ineﬂabi-

1850 3809 2025 3862 litatis
2051 3810 2396 3880 ingrediatur
2417 3822 2475 3867 et
2500 3814 2696 3868 subeat
2729 3814 2884 3870 sinus
2909 3818 3108 3881 Patris,
3134 3820 3343 3877 circum
3365 3839 3429 3879 se

1852 3899 2064 3954 habens
2098 3904 2183 3969 (ut
2210 3903 2303 3971 qui
2337 3902 2410 3957 sit
2444 3903 2588 3958 Deus
2618 3913 2676 3958 ct
2705 3905 2971 3975 Verbum)
3002 3910 3424 3967 tabernaculum

1849 3993 1937 4046 sui
1966 3994 2219 4063 corporis
2250 3994 2306 4048 in
2349 4010 2461 4064 quo
2489 3996 2760 4051 habitavit
2800 3998 2940 4053 citra
2973 4000 3139 4054 ullam
3183 4003 3426 4058 circum-

1850 4087 2233 4157 seriptionem,
2255 4104 2322 4142 eo
2357 4104 2468 4142 non
2503 4088 2759 4159 deposito
2795 4091 2920 4162 (etsi
2947 4107 2976 4146 a
3002 4094 3167 4150 nobis
3196 4097 3423 4154 absces-

1847 4180 2032 4250 serit),
2063 4190 2124 4234 ut
2152 4181 2406 4236 nonnulli
2456 4182 2524 4237 de
2562 4198 2630 4237 eo
2682 4185 2824 4239 male
2862 4184 3283 4257 disceptarent:
3322 4191 3421 4245 sed

1849 4282 2108 4343 tanquam
2144 4274 2198 4327 in
2235 4275 2593 4345 tabernaculo
2624 4275 2989 4338 lucidissime,
3012 4279 3237 4335 liberoa
3261 4291 3425 4338 natu-

1849 4367 2059 4421 ralibus
2090 4367 2523 4422 obscuritatibus
2554 4378 2611 4422 ct
2647 4368 3035 4427 affectionibus
3066 4373 3120 4427 in
3155 4390 3223 4430 eo
3258 4376 3421 4432 habi-

1848 4466 1925 4512 tat
1954 4459 2119 4513 etiam
2151 4468 2273 4529 post
2301 4475 2459 4513 suum
2494 4475 2523 4513 a
2555 4460 2719 4515 nobis
2743 4462 3047 4519 discessum
3081 4475 3140 4521 et
3167 4478 3252 4523 est
3278 4485 3422 4541 aqua

173 4554 311 4617 cali,
343 4552 494 4622 quod
524 4551 774 4607 ascendit
806 4566 837 4605 a
863 4560 1009 4606 terra
1036 4559 1099 4606 ut
1124 4562 1414 4624 appareret
1437 4569 1604 4625 supra
1634 4564 1743 4609 ter-
1776 4547 1819 4603 Ι)
1847 4550 2107 4613 obscura.
2134 4550 2229 4604 sed
2259 4549 2314 4603 in
2354 4550 2596 4606 nubibus
2622 4553 2786 4607 aeris.

174 4662 316 4700 ram.
346 4645 505 4701 Unde
528 4644 695 4699 etiam
721 4643 990 4699 discimus
1018 4643 1440 4711 admirabiliter,
1466 4655 1521 4701 et
1546 4659 1743 4715 praeter

1908 4644 2117 4711 Aquam
2141 4651 2323 4695 autem
2352 4642 2441 4696 hic
2472 4642 2609 4697 dicit
2640 4644 2932 4701 humanam
2959 4657 3243 4716 naturam,
3278 4666 3418 4707 con-

173 4734 425 4790 omniuni
449 4732 789 4801 opinionem,
815 4733 965 4804 quod
995 4734 1111 4789 lucc
1129 4736 1313 4789 omnia
1343 4736 1500 4806 prius
1525 4736 1579 4790 in
1597 4744 1743 4791 terra
1838 4734 2126 4789 venienter
2154 4734 2206 4788 ei
2226 4734 2373 4803 quod
2406 4736 2669 4805 scriptum
2708 4754 2719 4789 :
2751 4737 2895 4792 Mare
2918 4757 3171 4811 magnum
3208 4752 3258 4797 el
3290 4761 3418 4814 spa-

169 4827 310 4881 l‘acta
358 4834 516 4893 sunt,
557 4824 759 4881 deinde
781 4828 923 4883 cmlo
956 4836 1087 4881 sunt
1124 4827 1364 4882 tradita:
1397 4838 1656 4899 tanquam
1695 4831 1740 4884 si

175 4930 317 4974 terra
369 4927 503 4973 ante
549 4918 749 4973 cmlum
797 4918 970 4974 ditata
1017 4919 1092 4974 sit
1136 4918 1342 4975 Christi
1392 4922 1653 4991 mysterio
1686 4932 1743 4977 et

173 5014 437 5073 adventu,
478 5022 538 5066 et
593 5011 793 5067 deinde
856 5022 982 5082 post
1022 5014 1478 5084 compositionem
1518 5025 1576 5071 et
1609 5032 1744 5071 con-

173 5106 539 5162 structionem
568 5106 637 5160 ad
666 5107 867 5162 caelum
900 5116 957 5161 et
986 5107 1051 5161 ad
1080 5107 1440 5179 intelligentia
1469 5126 1591 5179 quae
1615 5124 1744 5167 sunt

177 5202 228 5253 in
254 5200 402 5255 celo
436 5198 728 5253 luminaria
767 5198 1103 5253 transmittat
1131 5200 1184 5253 in
1205 5200 1324 5269 ejus
1345 5201 1739 5269 assumptione.

178 5290 287 5362 Ego
311 5290 543 5361 quidem
573 5300 722 5346 certe
755 5291 921 5345 audio
948 5291 1175 5346 Paulum
1202 5291 1500 5357 dicentem,
1532 5295 1614 5347 vel
1648 5308 1743 5361 po-

180 5383 286 5436 tius
335 5381 395 5435 in
437 5396 505 5436 eo
548 5381 886 5437 habitantem
920 5389 1169 5436 sanctum
1215 5381 1478 5451 Spiritum
1531 5384 1743 5450 procla-

180 5483 421 5528 mantem
456 5490 469 5526 :
510 5470 705 5527 Omnia
737 5474 792 5528 in
834 5472 1038 5528 Christi
1078 5482 1265 5543 typum
1288 5473 1429 5542 facta
1456 5482 1601 5536 sunt,
1637 5483 1743 5526 tarn

179 5578 291 5629 qua:
342 5572 467 5616 sunt
511 5564 567 5617 in
596 5562 737 5617 aclis
780 5580 942 5635 quam
988 5578 1105 5633 quin
1148 5562 1288 5616 liunt
1325 5578 1484 5633 super
1524 5571 1741 5616 terram.

244 5704 293 5734 ’³
311 5702 486 5776 Ῠξρᾳη.
508 5718 629 5767 xvi,
657 5702 747 5776 28.
767 5774 780 5776 _
824 5703 1092 5776 “Matth.
1120 5720 1293 5776 xxvn,
1320 5705 1410 5759 46.
1486 5708 1531 5738 ’⁷
1557 5710 1718 5763 Deut.

1856 5711 1945 5763 24.
2022 5711 2067 5741 ’⁵³
2087 5711 2246 5767 Joan.
2281 5714 2412 5776 1,16.

590 5776 635 5807 "
661 5774 803 5850 ibid.
879 5774 1087 5850 '_’__ibid.
1138 5776 1196 5850 Δξε
1226 5775 1355 5829 ibid.
1393 5777 1506 5850 ἶς’
1535 5779 1600 5833 IV
1628 5781 1760 5850 lleg.
1795 5796 1854 5843 ιι,
1882 5782 1905 5832 l
1939 5796 2095 5850 seqq.

179 5774 226 5827 ὓ.
306 5774 349 5806 ³⁸
374 5774 510 5829 ibid.

180 5844 406 5908 “mli.
485 5846 530 5877 "
552 5845 698 5901 l‘sal.
737 5861 848 5908 ειη,
878 5845 967 5898 ‘25.
1048 5847 1091 5877 ⁸⁸
1128 5845 1264 5900 Gcn.
1299 5861 1336 5910 t,
1386 5845 1475 5901 ‘28.

1840 4828 2032 4880 tiosum
2052 4828 2132 4891 M’;
2178 4842 2376 4897 nempe
2406 4827 2641 4881 humana
2664 4840 2858 4884 natura
2887 4848 3010 4899 qua:
3041 4841 3201 4888 estet
3228 4836 3336 4889 lata
3358 4846 3418 4892 et

1839 4918 2128 4973 abundans
2160 4919 2544 4984 multitudine;
2574 4920 2643 4974 de
2667 4937 2775 4990 qua
2802 4924 3009 4979 dictum
3032 4936 3117 4981 est
3149 4944 3165 4981 :
3194 4927 3425 4986 Crescite

1848 5022 1898 5064 et
1951 5012 2399 5081 multiplicamini,
2443 5023 2490 5065 et
2532 5014 2746 5085 implete
2770 5028 2970 5071 terram
2986 5018 3032 5049 δ’
3059 5019 3114 5075 in
3145 5037 3253 5092 qua
3288 5035 3421 5081 sunt

1848 5104 2065 5173 reptilia
2106 5121 2341 5174 quorum
2377 5120 2487 5159 non
2529 5116 2612 5161 est
2658 5125 2950 5175 numerus,
3005 5128 3203 5185 nempe
3230 5126 3425 5185 gentes

1844 5211 1967 5263 qua:
2000 5200 2281 5253 ambulant
2312 5213 2477 5267 super
2508 5210 2700 5270 pectus
2726 5209 2782 5255 et
2805 5216 3073 5269 ventrem,
3098 5217 3156 5262 ut
3176 5224 3297 5276 qua:
3324 5212 3420 5266 ira:

1841 5290 2086 5343 serviant
2108 5299 2162 5344 ct
2204 5289 2489 5359 voluptati,
2521 5301 2814 5361 propterea
2846 5297 2992 5365 quod
3020 5300 3284 5369 sanguine
3316 5300 3417 5357 de-

1844 5380 2115 5435 lectentur
2137 5390 2191 5434 et
2227 5382 2488 5451 ingluvie.
2528 5385 2593 5438 Et
2619 5401 2832 5453 rursus,
2864 5397 2925 5442 ut
2943 5390 3077 5443 dicit
3119 5391 3261 5447 alius
3289 5407 3421 5462 pro?

1844 5477 2009 5544 pheta
2037 5495 2047 5529 :
2085 5477 2401 5546 Egredietur
2418 5498 2557 5551 aqua
2589 5498 2647 5533 επ
2667 5480 2816 5543 Sion,
2847 5493 2895 5537 et
2924 5486 3200 5539 dimidium
3224 5488 3336 5557 ejus
3360 5490 3415 5541 in

1847 5584 1994 5621 mare
2023 5569 2273 5637 primum,
2296 5579 2344 5624 et
2376 5573 2653 5626 dimidium
2677 5575 2791 5643 ejus
2818 5576 2871 5629 in
2902 5594 3048 5630 mare
3082 5579 3325 5632 ultimum
3345 5582 3416 5643 δ’,

2502 5716 2548 5745 ³⁹
2585 5715 2775 5771 Matth.
2812 5735 2862 5779 ν,
2898 5719 2982 5771 Η.
3016 5719 3062 5750 ³⁰
3096 5719 3235 5773 Psal.
3265 5737 3415 5784 xviii,

2176 5783 2219 5816 ³⁸
2248 5784 2556 5849 Psal.xxm,
2595 5787 2645 5839 7.
2724 5789 2765 5819 ³⁷
2804 5789 2945 5841 l’snl.
2977 5805 3084 5851 cm,
3107 5789 3159 5843 5.
3189 5789 3234 5821 ³³⁸
3272 5783 3412 5848 l'sal.

1556 5850 1595 5881 δι
1629 5841 1856 5905 Zachar.
1886 5867 1967 5904 .viv
1993 5841 2084 5915 (8'.
