  <div class='ocr_page' id='page_1' title='image "/cluster/home/n/w/nwhite01/storage/ocr_20150623/89/nnc1.0046980172/475.png"; bbox 0 0 4200 6440; ppageno 0'>
   <div class='ocr_carea' id='block_1_1' title="bbox 813 385 920 449">
    <p class='ocr_par' dir='ltr' id='par_1_1' title="bbox 813 385 920 449">
     <span class='ocr_line' id='line_1_1' title="bbox 813 385 920 449; baseline -0.103 0"><span class='ocrx_word' id='word_1_1' title='bbox 813 385 920 449; x_wconf 67' lang='lat'><strong>899</strong></span> 
     </span>
    </p>
   </div>
   <div class='ocr_carea' id='block_1_2' title="bbox 2011 366 2875 429">
    <p class='ocr_par' dir='ltr' id='par_1_2' title="bbox 2011 366 2875 429">
     <span class='ocr_line' id='line_1_2' title="bbox 2011 366 2875 429; baseline -0.003 -2"><span class='ocrx_word' id='word_1_2' title='bbox 2011 375 2069 429; x_wconf 70' lang='lat' dir='ltr'><strong>S.</strong></span> <span class='ocrx_word' id='word_1_3' title='bbox 2115 366 2509 428; x_wconf 70' lang='lat' dir='ltr'><strong>ANASTASII</strong></span> <span class='ocrx_word' id='word_1_4' title='bbox 2553 366 2722 426; x_wconf 69' lang='lat' dir='ltr'><strong>SINA</strong></span> <span class='ocrx_word' id='word_1_5' title='bbox 2734 366 2875 426; x_wconf 61' lang='lat' dir='ltr'><strong>ITzl-I</strong></span> 
     </span>
    </p>
   </div>
   <div class='ocr_carea' id='block_1_3' title="bbox 3942 361 4042 422">
    <p class='ocr_par' dir='ltr' id='par_1_3' title="bbox 3942 361 4042 422">
     <span class='ocr_line' id='line_1_3' title="bbox 3942 361 4042 422; baseline 0.01 -1"><span class='ocrx_word' id='word_1_6' title='bbox 3942 361 4042 422; x_wconf 68' lang='grc' dir='ltr'><strong>τ)ῦο</strong></span> 
     </span>
    </p>
   </div>
   <div class='ocr_carea' id='block_1_4' title="bbox 820 475 4047 565">
    <p class='ocr_par' dir='ltr' id='par_1_4' title="bbox 820 475 4047 565">
     <span class='ocr_line' id='line_1_4' title="bbox 820 475 4047 565; baseline -0.006 -19"><span class='ocrx_word' id='word_1_7' title='bbox 820 511 1013 565; x_wconf 70' lang='lat' dir='ltr'><strong>nempe</strong></span> <span class='ocrx_word' id='word_1_8' title='bbox 1039 492 1273 549; x_wconf 59' lang='lat' dir='ltr'><strong>.ludaeos,</strong></span> <span class='ocrx_word' id='word_1_9' title='bbox 1304 490 1396 557; x_wconf 88' lang='lat' dir='ltr'><strong>qui</strong></span> <span class='ocrx_word' id='word_1_10' title='bbox 1448 488 1598 556; x_wconf 74' lang='lat' dir='ltr'><strong>prius</strong></span> <span class='ocrx_word' id='word_1_11' title='bbox 1642 493 1770 539; x_wconf 92' lang='lat' dir='ltr'><strong>sunt</strong></span> <span class='ocrx_word' id='word_1_12' title='bbox 1795 484 1971 537; x_wconf 81' lang='lat' dir='ltr'><strong>vocati</strong></span> <span class='ocrx_word' id='word_1_13' title='bbox 1995 525 2007 544; x_wconf 93' lang='lat'><strong>,</strong></span> <span class='ocrx_word' id='word_1_14' title='bbox 2041 493 2095 537; x_wconf 89' lang='lat' dir='ltr'><strong>et</strong></span> <span class='ocrx_word' id='word_1_15' title='bbox 2141 484 2370 552; x_wconf 79' lang='lat' dir='ltr'><strong>gentiles</strong></span> <span class='ocrx_word' id='word_1_16' title='bbox 2401 487 2445 543; x_wconf 70' lang='grc' dir='ltr'><strong>Α</strong></span> <span class='ocrx_word' id='word_1_17' title='bbox 2473 498 2705 550; x_wconf 89' lang='lat' dir='ltr'><strong>quanam</strong></span> <span class='ocrx_word' id='word_1_18' title='bbox 2735 490 2915 533; x_wconf 83' lang='lat' dir='ltr'><strong>autem</strong></span> <span class='ocrx_word' id='word_1_19' title='bbox 2933 480 2997 531; x_wconf 75' lang='lat' dir='ltr'><strong>de</strong></span> <span class='ocrx_word' id='word_1_20' title='bbox 3031 493 3190 532; x_wconf 85' lang='lat' dir='ltr'><strong>causa</strong></span> <span class='ocrx_word' id='word_1_21' title='bbox 3214 494 3318 530; x_wconf 88' lang='lat' dir='ltr'><strong>non</strong></span> <span class='ocrx_word' id='word_1_22' title='bbox 3342 477 3467 530; x_wconf 80' lang='lat' dir='ltr'><strong>fecit</strong></span> <span class='ocrx_word' id='word_1_23' title='bbox 3492 478 3603 530; x_wconf 76' lang='lat' dir='ltr'><strong>hrec</strong></span> <span class='ocrx_word' id='word_1_24' title='bbox 3628 475 4047 530; x_wconf 85' lang='lat' dir='ltr'><strong>duoluminaria</strong></span> 
     </span>
    </p>
   </div>
   <div class='ocr_carea' id='block_1_5' title="bbox 815 574 2371 660">
    <p class='ocr_par' dir='ltr' id='par_1_5' title="bbox 815 574 2371 660">
     <span class='ocr_line' id='line_1_5' title="bbox 815 574 2371 660; baseline -0.012 -19"><span class='ocrx_word' id='word_1_25' title='bbox 815 590 908 660; x_wconf 83' lang='lat' dir='ltr'><strong>qui</strong></span> <span class='ocrx_word' id='word_1_26' title='bbox 940 597 1140 656; x_wconf 89' lang='lat' dir='ltr'><strong>postea.</strong></span> <span class='ocrx_word' id='word_1_27' title='bbox 1171 582 1305 636; x_wconf 66' lang='lat' dir='ltr'><strong>Nam</strong></span> <span class='ocrx_word' id='word_1_28' title='bbox 1334 583 1487 637; x_wconf 78' lang='lat' dir='ltr'><strong>enim,</strong></span> <span class='ocrx_word' id='word_1_29' title='bbox 1527 580 1702 647; x_wconf 78' lang='lat' dir='ltr'><strong>inquit</strong></span> <span class='ocrx_word' id='word_1_30' title='bbox 1732 578 2037 645; x_wconf 76' lang='lat' dir='ltr'><strong>Apostolus,</strong></span> <span class='ocrx_word' id='word_1_31' title='bbox 2068 574 2371 628; x_wconf 78' lang='lat' dir='ltr'><strong>Juda&#39;oruin</strong></span> 
     </span>
    </p>
   </div>
   <div class='ocr_carea' id='block_1_6' title="bbox 817 666 2373 739">
    <p class='ocr_par' dir='ltr' id='par_1_6' title="bbox 817 666 2373 739">
     <span class='ocr_line' id='line_1_6' title="bbox 817 666 2373 739; baseline -0.01 -8"><span class='ocrx_word' id='word_1_32' title='bbox 817 682 983 733; x_wconf 59' lang='lat' dir='ltr'><strong>solum</strong></span> <span class='ocrx_word' id='word_1_33' title='bbox 1010 688 1081 729; x_wconf 75' lang='lat' dir='ltr'><strong>est</strong></span> <span class='ocrx_word' id='word_1_34' title='bbox 1100 676 1232 729; x_wconf 68' lang='lat' dir='ltr'><strong>Deus</strong></span> <span class='ocrx_word' id='word_1_35' title='bbox 1256 680 1277 726; x_wconf 72' lang='lat'><strong>2’</strong></span> <span class='ocrx_word' id='word_1_36' title='bbox 1298 674 1446 725; x_wconf 67' lang='lat' dir='ltr'><strong>Certe</strong></span> <span class='ocrx_word' id='word_1_37' title='bbox 1464 682 1508 723; x_wconf 82' lang='lat' dir='ltr'><strong>et</strong></span> <span class='ocrx_word' id='word_1_38' title='bbox 1534 672 1837 739; x_wconf 68' lang='lat' dir='ltr'><strong>gendum&quot;.</strong></span> <span class='ocrx_word' id='word_1_39' title='bbox 1866 668 1959 721; x_wconf 69' lang='lat' dir='ltr'><strong>list</strong></span> <span class='ocrx_word' id='word_1_40' title='bbox 1982 667 2151 731; x_wconf 82' lang='lat' dir='ltr'><strong>enim,</strong></span> <span class='ocrx_word' id='word_1_41' title='bbox 2177 666 2373 732; x_wconf 78' lang='lat' dir='ltr'><strong>inquit,</strong></span> 
     </span>
    </p>
   </div>
   <div class='ocr_carea' id='block_1_7' title="bbox 817 757 2377 840">
    <p class='ocr_par' dir='ltr' id='par_1_7' title="bbox 817 757 2377 840">
     <span class='ocr_line' id='line_1_7' title="bbox 817 757 2377 840; baseline -0.013 -15"><span class='ocrx_word' id='word_1_42' title='bbox 817 787 956 840; x_wconf 88' lang='lat' dir='ltr'><strong>aqua</strong></span> <span class='ocrx_word' id='word_1_43' title='bbox 1001 771 1254 826; x_wconf 83' lang='lat' dir='ltr'><strong>obscura,</strong></span> <span class='ocrx_word' id='word_1_44' title='bbox 1326 779 1516 831; x_wconf 82' lang='lat' dir='ltr'><strong>nempe</strong></span> <span class='ocrx_word' id='word_1_45' title='bbox 1556 778 1663 814; x_wconf 92' lang='lat' dir='ltr'><strong>non</strong></span> <span class='ocrx_word' id='word_1_46' title='bbox 1717 760 2020 813; x_wconf 88' lang='lat' dir='ltr'><strong>illuminata</strong></span> <span class='ocrx_word' id='word_1_47' title='bbox 2081 757 2145 810; x_wconf 88' lang='lat' dir='ltr'><strong>ad</strong></span> <span class='ocrx_word' id='word_1_48' title='bbox 2177 771 2377 819; x_wconf 77' lang='lat' dir='ltr'><strong>cogno-</strong></span> 
     </span>
    </p>
   </div>
   <div class='ocr_carea' id='block_1_8' title="bbox 820 851 2379 924">
    <p class='ocr_par' dir='ltr' id='par_1_8' title="bbox 820 851 2379 924">
     <span class='ocr_line' id='line_1_8' title="bbox 820 851 2379 924; baseline -0.01 -10"><span class='ocrx_word' id='word_1_49' title='bbox 820 865 1103 919; x_wconf 56' lang='lat' dir='ltr'><strong>scendum.</strong></span> <span class='ocrx_word' id='word_1_50' title='bbox 1125 874 1176 913; x_wconf 84' lang='lat' dir='ltr'><strong>et</strong></span> <span class='ocrx_word' id='word_1_51' title='bbox 1204 876 1307 911; x_wconf 81' lang='lat' dir='ltr'><strong>non</strong></span> <span class='ocrx_word' id='word_1_52' title='bbox 1348 856 1539 908; x_wconf 85' lang='lat' dir='ltr'><strong>didicit</strong></span> <span class='ocrx_word' id='word_1_53' title='bbox 1569 852 1841 924; x_wconf 74' lang='lat' dir='ltr'><strong>quomodo</strong></span> <span class='ocrx_word' id='word_1_54' title='bbox 1876 851 1945 904; x_wconf 85' lang='lat' dir='ltr'><strong>sit</strong></span> <span class='ocrx_word' id='word_1_55' title='bbox 1968 851 2127 908; x_wconf 73' lang='lat' dir='ltr'><strong>licus,</strong></span> <span class='ocrx_word' id='word_1_56' title='bbox 2160 859 2213 901; x_wconf 81' lang='lat' dir='ltr'><strong>et</strong></span> <span class='ocrx_word' id='word_1_57' title='bbox 2238 862 2379 899; x_wconf 83' lang='lat' dir='ltr'><strong>nunc</strong></span> 
     </span>
    </p>
   </div>
   <div class='ocr_carea' id='block_1_9' title="bbox 819 945 2382 1018">
    <p class='ocr_par' dir='ltr' id='par_1_9' title="bbox 819 945 2382 1018">
     <span class='ocr_line' id='line_1_9' title="bbox 819 945 2382 1018; baseline -0.013 -11"><span class='ocrx_word' id='word_1_58' title='bbox 819 965 904 1007; x_wconf 79' lang='lat' dir='ltr'><strong>est.</strong></span> <span class='ocrx_word' id='word_1_59' title='bbox 929 970 1050 1006; x_wconf 88' lang='lat' dir='ltr'><strong>cum</strong></span> <span class='ocrx_word' id='word_1_60' title='bbox 1078 964 1327 1018; x_wconf 75' lang='lat' dir='ltr'><strong>t&#39;ut‘port&#39;,</strong></span> <span class='ocrx_word' id='word_1_61' title='bbox 1348 948 1413 1000; x_wconf 89' lang='lat' dir='ltr'><strong>de</strong></span> <span class='ocrx_word' id='word_1_62' title='bbox 1432 963 1497 999; x_wconf 89' lang='lat' dir='ltr'><strong>eo</strong></span> <span class='ocrx_word' id='word_1_63' title='bbox 1515 956 1696 999; x_wconf 85' lang='lat' dir='ltr'><strong>autem</strong></span> <span class='ocrx_word' id='word_1_64' title='bbox 1727 945 1882 1012; x_wconf 83' lang='lat' dir='ltr'><strong>plane</strong></span> <span class='ocrx_word' id='word_1_65' title='bbox 1910 952 1989 993; x_wconf 68' lang='lat' dir='ltr'><strong>est</strong></span> <span class='ocrx_word' id='word_1_66' title='bbox 2014 956 2222 999; x_wconf 81' lang='lat' dir='ltr'><strong>secura,</strong></span> <span class='ocrx_word' id='word_1_67' title='bbox 2250 952 2382 1006; x_wconf 88' lang='lat' dir='ltr'><strong>quo-</strong></span> 
     </span>
    </p>
   </div>
   <div class='ocr_carea' id='block_1_10' title="bbox 823 1031 2381 1102">
    <p class='ocr_par' dir='ltr' id='par_1_10' title="bbox 823 1031 2381 1102">
     <span class='ocr_line' id='line_1_10' title="bbox 823 1031 2381 1102; baseline -0.013 0"><span class='ocrx_word' id='word_1_68' title='bbox 823 1051 985 1102; x_wconf 87' lang='lat' dir='ltr'><strong>modo</strong></span> <span class='ocrx_word' id='word_1_69' title='bbox 1010 1048 1169 1099; x_wconf 78' lang='lat' dir='ltr'><strong>etiam</strong></span> <span class='ocrx_word' id='word_1_70' title='bbox 1208 1060 1265 1095; x_wconf 78' lang='lat' dir='ltr'><strong>se</strong></span> <span class='ocrx_word' id='word_1_71' title='bbox 1301 1044 1501 1095; x_wconf 89' lang='lat' dir='ltr'><strong>habent</strong></span> <span class='ocrx_word' id='word_1_72' title='bbox 1534 1039 1709 1092; x_wconf 85' lang='lat' dir='ltr'><strong>nubes</strong></span> <span class='ocrx_word' id='word_1_73' title='bbox 1739 1037 1922 1096; x_wconf 68' lang='lat' dir='ltr'><strong>aerise,</strong></span> <span class='ocrx_word' id='word_1_74' title='bbox 1972 1049 2163 1101; x_wconf 89' lang='lat' dir='ltr'><strong>nempe</strong></span> <span class='ocrx_word' id='word_1_75' title='bbox 2208 1031 2381 1084; x_wconf 85' lang='lat' dir='ltr'><strong>subli-</strong></span> 
     </span>
    </p>
   </div>
   <div class='ocr_carea' id='block_1_11' title="bbox 825 1123 2380 1195">
    <p class='ocr_par' dir='ltr' id='par_1_11' title="bbox 825 1123 2380 1195">
     <span class='ocr_line' id='line_1_11' title="bbox 825 1123 2380 1195; baseline -0.014 0"><span class='ocrx_word' id='word_1_76' title='bbox 825 1159 908 1195; x_wconf 87' lang='lat' dir='ltr'><strong>ine</strong></span> <span class='ocrx_word' id='word_1_77' title='bbox 941 1142 1182 1192; x_wconf 80' lang='lat' dir='ltr'><strong>volantes</strong></span> <span class='ocrx_word' id='word_1_78' title='bbox 1201 1146 1254 1188; x_wconf 83' lang='lat' dir='ltr'><strong>et</strong></span> <span class='ocrx_word' id='word_1_79' title='bbox 1278 1136 1526 1189; x_wconf 66' lang='lat' dir='ltr'><strong>caelestes</strong></span> <span class='ocrx_word' id='word_1_80' title='bbox 1555 1130 1733 1195; x_wconf 76' lang='lat' dir='ltr'><strong>angeli</strong></span> <span class='ocrx_word' id='word_1_81' title='bbox 1771 1148 1781 1181; x_wconf 90' lang='lat'><strong>:</strong></span> <span class='ocrx_word' id='word_1_82' title='bbox 1815 1142 1988 1195; x_wconf 88' lang='lat' dir='ltr'><strong>neque</strong></span> <span class='ocrx_word' id='word_1_83' title='bbox 2007 1126 2152 1177; x_wconf 89' lang='lat' dir='ltr'><strong>enim</strong></span> <span class='ocrx_word' id='word_1_84' title='bbox 2188 1123 2295 1175; x_wconf 79' lang='lat' dir='ltr'><strong>illis</strong></span> <span class='ocrx_word' id='word_1_85' title='bbox 2316 1137 2380 1174; x_wconf 73' lang='lat' dir='ltr'><strong>ex</strong></span> 
     </span>
    </p>
   </div>
   <div class='ocr_carea' id='block_1_12' title="bbox 827 1214 2381 1291">
    <p class='ocr_par' dir='ltr' id='par_1_12' title="bbox 827 1214 2381 1291">
     <span class='ocr_line' id='line_1_12' title="bbox 827 1214 2381 1291; baseline -0.013 -4"><span class='ocrx_word' id='word_1_86' title='bbox 827 1233 1079 1287; x_wconf 63' lang='lat' dir='ltr'><strong>nine-rio</strong></span> <span class='ocrx_word' id='word_1_87' title='bbox 1112 1232 1406 1283; x_wconf 77' lang='lat' dir='ltr'><strong>revelatum</strong></span> <span class='ocrx_word' id='word_1_88' title='bbox 1450 1235 1533 1278; x_wconf 85' lang='lat' dir='ltr'><strong>est</strong></span> <span class='ocrx_word' id='word_1_89' title='bbox 1565 1222 1859 1291; x_wconf 89' lang='lat' dir='ltr'><strong>quomodo,</strong></span> <span class='ocrx_word' id='word_1_90' title='bbox 1909 1230 2197 1287; x_wconf 75' lang='lat' dir='ltr'><strong>propterea</strong></span> <span class='ocrx_word' id='word_1_91' title='bbox 2236 1214 2381 1283; x_wconf 88' lang='lat' dir='ltr'><strong>quod</strong></span> 
     </span>
    </p>
   </div>
   <div class='ocr_carea' id='block_1_13' title="bbox 826 1295 2385 1391">
    <p class='ocr_par' dir='ltr' id='par_1_13' title="bbox 826 1306 2385 1391">
     <span class='ocr_line' id='line_1_13' title="bbox 826 1306 2385 1391; baseline -0.012 -15"><span class='ocrx_word' id='word_1_92' title='bbox 826 1328 890 1377; x_wconf 77' lang='lat' dir='ltr'><strong>ab</strong></span> <span class='ocrx_word' id='word_1_93' title='bbox 928 1328 1046 1391; x_wconf 67' lang='lat' dir='ltr'><strong>ejus</strong></span> <span class='ocrx_word' id='word_1_94' title='bbox 1104 1322 1392 1391; x_wconf 88' lang='lat' dir='ltr'><strong>splendore</strong></span> <span class='ocrx_word' id='word_1_95' title='bbox 1446 1318 1618 1369; x_wconf 84' lang='lat' dir='ltr'><strong>nubes</strong></span> <span class='ocrx_word' id='word_1_96' title='bbox 1672 1315 1797 1381; x_wconf 74' lang='lat' dir='ltr'><strong>ipsa:</strong></span> <span class='ocrx_word' id='word_1_97' title='bbox 1851 1311 2231 1368; x_wconf 88' lang='lat' dir='ltr'><strong>transierunt,</strong></span> <span class='ocrx_word' id='word_1_98' title='bbox 2292 1306 2385 1359; x_wconf 71' lang='lat' dir='ltr'><strong>sed</strong></span> 
     </span>
    </p>
   </div>
   <div class='ocr_carea' id='block_1_14' title="bbox 824 1409 2385 1485">
    <p class='ocr_par' dir='ltr' id='par_1_14' title="bbox 824 1409 2385 1485">
     <span class='ocr_line' id='line_1_14' title="bbox 824 1409 2385 1485; baseline -0.013 -14"><span class='ocrx_word' id='word_1_99' title='bbox 824 1419 985 1472; x_wconf 70' lang='lat' dir='ltr'><strong>etiam</strong></span> <span class='ocrx_word' id='word_1_100' title='bbox 1019 1414 1400 1485; x_wconf 67' lang='lat' dir='ltr'><strong>praeterierunt</strong></span> <span class='ocrx_word' id='word_1_101' title='bbox 1428 1421 1483 1463; x_wconf 89' lang='lat' dir='ltr'><strong>et</strong></span> <span class='ocrx_word' id='word_1_102' title='bbox 1517 1409 1792 1474; x_wconf 77' lang='lat' dir='ltr'><strong>fugerunt,</strong></span> <span class='ocrx_word' id='word_1_103' title='bbox 1827 1414 1881 1456; x_wconf 78' lang='lat' dir='ltr'><strong>et</strong></span> <span class='ocrx_word' id='word_1_104' title='bbox 1913 1410 2343 1456; x_wconf 74' lang='lat' dir='ltr'><strong>reti..;csseruut</strong></span> <span class='ocrx_word' id='word_1_105' title='bbox 2374 1416 2385 1451; x_wconf 92' lang='lat'><strong>:</strong></span> 
     </span>
    </p>
   </div>
   <div class='ocr_carea' id='block_1_15' title="bbox 826 1492 2391 1568">
    <p class='ocr_par' dir='ltr' id='par_1_15' title="bbox 826 1492 2391 1568">
     <span class='ocr_line' id='line_1_15' title="bbox 826 1492 2391 1568; baseline -0.01 -9"><span class='ocrx_word' id='word_1_106' title='bbox 826 1522 907 1562; x_wconf 74' lang='lat' dir='ltr'><strong>est</strong></span> <span class='ocrx_word' id='word_1_107' title='bbox 928 1510 1071 1561; x_wconf 83' lang='lat' dir='ltr'><strong>enim</strong></span> <span class='ocrx_word' id='word_1_108' title='bbox 1101 1507 1180 1558; x_wconf 80' lang='lat' dir='ltr'><strong>eis</strong></span> <span class='ocrx_word' id='word_1_109' title='bbox 1207 1507 1463 1559; x_wconf 76' lang='lat' dir='ltr'><strong>celatum,</strong></span> <span class='ocrx_word' id='word_1_110' title='bbox 1499 1518 1596 1553; x_wconf 78' lang='lat' dir='ltr'><strong>nec</strong></span> <span class='ocrx_word' id='word_1_111' title='bbox 1623 1506 1847 1568; x_wconf 79' lang='lat' dir='ltr'><strong>possunt</strong></span> <span class='ocrx_word' id='word_1_112' title='bbox 1878 1496 2016 1548; x_wconf 87' lang='lat' dir='ltr'><strong>scire</strong></span> <span class='ocrx_word' id='word_1_113' title='bbox 2037 1492 2391 1562; x_wconf 85' lang='lat' dir='ltr'><strong>quemadmo-</strong></span> 
     </span>
    </p>
   </div>
   <div class='ocr_carea' id='block_1_16' title="bbox 829 1595 1781 1653">
    <p class='ocr_par' dir='ltr' id='par_1_16' title="bbox 829 1595 1781 1653">
     <span class='ocr_line' id='line_1_16' title="bbox 829 1595 1781 1653; baseline -0.012 -4"><span class='ocrx_word' id='word_1_114' title='bbox 829 1606 957 1653; x_wconf 88' lang='lat' dir='ltr'><strong>dum</strong></span> <span class='ocrx_word' id='word_1_115' title='bbox 996 1599 1108 1651; x_wconf 80' lang='lat' dir='ltr'><strong>sint</strong></span> <span class='ocrx_word' id='word_1_116' title='bbox 1130 1599 1180 1649; x_wconf 91' lang='lat' dir='ltr'><strong>in</strong></span> <span class='ocrx_word' id='word_1_117' title='bbox 1218 1612 1381 1648; x_wconf 80' lang='grc' dir='ltr'>ιιιιιιιιι</span> <span class='ocrx_word' id='word_1_118' title='bbox 1412 1595 1531 1645; x_wconf 81' lang='lat' dir='ltr'><strong>dua-</strong></span> <span class='ocrx_word' id='word_1_119' title='bbox 1557 1600 1781 1643; x_wconf 63' lang='lat' dir='ltr'><strong>naturae.</strong></span> 
     </span>
    </p>
   </div>
   <div class='ocr_carea' id='block_1_17' title="bbox 902 1672 2384 1753">
    <p class='ocr_par' dir='ltr' id='par_1_17' title="bbox 902 1672 2384 1753">
     <span class='ocr_line' id='line_1_17' title="bbox 902 1672 2384 1753; baseline -0.015 -8"><span class='ocrx_word' id='word_1_120' title='bbox 902 1689 1106 1745; x_wconf 79' lang='lat' dir='ltr'><strong>lteinde</strong></span> <span class='ocrx_word' id='word_1_121' title='bbox 1178 1686 1454 1753; x_wconf 72' lang='lat' dir='ltr'><strong>subiungit</strong></span> <span class='ocrx_word' id='word_1_122' title='bbox 1498 1683 1664 1734; x_wconf 89' lang='lat' dir='ltr'><strong>etiam</strong></span> <span class='ocrx_word' id='word_1_123' title='bbox 1729 1693 1945 1731; x_wconf 82' lang='lat' dir='ltr'><strong>causam</strong></span> <span class='ocrx_word' id='word_1_124' title='bbox 2013 1672 2384 1744; x_wconf 86' lang='lat' dir='ltr'><strong>ignorationis.</strong></span> 
     </span>
    </p>
   </div>
   <div class='ocr_carea' id='block_1_18' title="bbox 831 1768 2388 1847">
    <p class='ocr_par' dir='ltr' id='par_1_18' title="bbox 831 1768 2388 1847">
     <span class='ocr_line' id='line_1_18' title="bbox 831 1768 2388 1847; baseline -0.008 -16"><span class='ocrx_word' id='word_1_125' title='bbox 831 1783 1091 1847; x_wconf 71' lang='lat' dir='ltr'><strong>Quoniam</strong></span> <span class='ocrx_word' id='word_1_126' title='bbox 1118 1788 1211 1839; x_wconf 70' lang='lat' dir='ltr'><strong>est,</strong></span> <span class='ocrx_word' id='word_1_127' title='bbox 1243 1776 1441 1843; x_wconf 77' lang='lat' dir='ltr'><strong>inquit.</strong></span> <span class='ocrx_word' id='word_1_128' title='bbox 1476 1789 1619 1826; x_wconf 80' lang='lat' dir='ltr'><strong>more</strong></span> <span class='ocrx_word' id='word_1_129' title='bbox 1640 1770 1979 1824; x_wconf 84' lang='lat' dir='ltr'><strong>etcarboncs</strong></span> <span class='ocrx_word' id='word_1_130' title='bbox 2011 1768 2170 1836; x_wconf 84' lang='lat' dir='ltr'><strong>ignis,</strong></span> <span class='ocrx_word' id='word_1_131' title='bbox 2195 1780 2388 1835; x_wconf 90' lang='lat' dir='ltr'><strong>nempe</strong></span> 
     </span>
    </p>
   </div>
   <div class='ocr_carea' id='block_1_19' title="bbox 2478 568 4047 638">
    <p class='ocr_par' dir='ltr' id='par_1_19' title="bbox 2478 568 4047 638">
     <span class='ocr_line' id='line_1_19' title="bbox 2478 568 4047 638; baseline -0.003 -14"><span class='ocrx_word' id='word_1_132' title='bbox 2478 574 2640 625; x_wconf 90' lang='lat' dir='ltr'><strong>unius</strong></span> <span class='ocrx_word' id='word_1_133' title='bbox 2672 573 2834 623; x_wconf 86' lang='lat' dir='ltr'><strong>etiam</strong></span> <span class='ocrx_word' id='word_1_134' title='bbox 2864 570 3200 638; x_wconf 88' lang='lat' dir='ltr'><strong>operationis</strong></span> <span class='ocrx_word' id='word_1_135' title='bbox 3231 570 3526 637; x_wconf 75' lang='lat' dir='ltr'><strong>forinzeque</strong></span> <span class='ocrx_word' id='word_1_136' title='bbox 3582 579 3638 622; x_wconf 90' lang='lat' dir='ltr'><strong>et</strong></span> <span class='ocrx_word' id='word_1_137' title='bbox 3681 568 3909 638; x_wconf 77' lang='lat' dir='ltr'><strong>speciei.</strong></span> <span class='ocrx_word' id='word_1_138' title='bbox 3958 568 4047 620; x_wconf 85' lang='lat' dir='ltr'><strong>sed</strong></span> 
     </span>
    </p>
   </div>
   <div class='ocr_carea' id='block_1_20' title="bbox 2477 659 4046 729">
    <p class='ocr_par' dir='ltr' id='par_1_20' title="bbox 2477 659 4046 729">
     <span class='ocr_line' id='line_1_20' title="bbox 2477 659 4046 729; baseline -0.003 -15"><span class='ocrx_word' id='word_1_139' title='bbox 2477 664 2643 714; x_wconf 86' lang='lat' dir='ltr'><strong>solem</strong></span> <span class='ocrx_word' id='word_1_140' title='bbox 2674 661 2891 729; x_wconf 80' lang='lat' dir='ltr'><strong>quidem</strong></span> <span class='ocrx_word' id='word_1_141' title='bbox 2917 662 3045 714; x_wconf 82' lang='lat' dir='ltr'><strong>fecit</strong></span> <span class='ocrx_word' id='word_1_142' title='bbox 3070 661 3232 712; x_wconf 86' lang='lat' dir='ltr'><strong>etiam</strong></span> <span class='ocrx_word' id='word_1_143' title='bbox 3253 672 3499 713; x_wconf 87' lang='lat' dir='ltr'><strong>urentem</strong></span> <span class='ocrx_word' id='word_1_144' title='bbox 3526 669 3580 712; x_wconf 90' lang='lat' dir='ltr'><strong>et</strong></span> <span class='ocrx_word' id='word_1_145' title='bbox 3611 659 4046 712; x_wconf 78' lang='lat' dir='ltr'><strong>illiuninantemi</strong></span> 
     </span>
    </p>
   </div>
   <div class='ocr_carea' id='block_1_21' title="bbox 2480 752 4047 822">
    <p class='ocr_par' dir='ltr' id='par_1_21' title="bbox 2480 752 4047 822">
     <span class='ocr_line' id='line_1_21' title="bbox 2480 752 4047 822; baseline -0.004 -14"><span class='ocrx_word' id='word_1_146' title='bbox 2480 757 2662 808; x_wconf 88' lang='lat' dir='ltr'><strong>lunam</strong></span> <span class='ocrx_word' id='word_1_147' title='bbox 2690 763 2894 815; x_wconf 87' lang='lat' dir='ltr'><strong>autem,</strong></span> <span class='ocrx_word' id='word_1_148' title='bbox 2913 764 2966 806; x_wconf 91' lang='lat' dir='ltr'><strong>et</strong></span> <span class='ocrx_word' id='word_1_149' title='bbox 2994 753 3335 822; x_wconf 78' lang='lat' dir='ltr'><strong>ipsametiam</strong></span> <span class='ocrx_word' id='word_1_150' title='bbox 3365 753 3763 805; x_wconf 86' lang='lat' dir='ltr'><strong>illutninautem</strong></span> <span class='ocrx_word' id='word_1_151' title='bbox 3790 762 3842 803; x_wconf 87' lang='lat' dir='ltr'><strong>et</strong></span> <span class='ocrx_word' id='word_1_152' title='bbox 3861 752 4047 803; x_wconf 84' lang='lat' dir='ltr'><strong>hume-</strong></span> 
     </span>
    </p>
   </div>
   <div class='ocr_carea' id='block_1_22' title="bbox 2480 843 4050 915">
    <p class='ocr_par' dir='ltr' id='par_1_22' title="bbox 2480 843 4050 915">
     <span class='ocr_line' id='line_1_22' title="bbox 2480 843 4050 915; baseline -0.003 -17"><span class='ocrx_word' id='word_1_153' title='bbox 2480 856 2715 899; x_wconf 80' lang='lat' dir='ltr'><strong>ctantem</strong></span> <span class='ocrx_word' id='word_1_154' title='bbox 2738 848 2756 876; x_wconf 76' lang='lat'><em>&quot;</em></span> <span class='ocrx_word' id='word_1_155' title='bbox 2780 847 3152 898; x_wconf 84' lang='lat' dir='ltr'><strong>.\umouinino</strong></span> <span class='ocrx_word' id='word_1_156' title='bbox 3178 847 3229 898; x_wconf 91' lang='lat' dir='ltr'><strong>in</strong></span> <span class='ocrx_word' id='word_1_157' title='bbox 3256 855 3437 915; x_wconf 90' lang='lat' dir='ltr'><strong>typum</strong></span> <span class='ocrx_word' id='word_1_158' title='bbox 3460 845 3659 899; x_wconf 83' lang='lat' dir='ltr'><strong>Christi</strong></span> <span class='ocrx_word' id='word_1_159' title='bbox 3680 855 3733 897; x_wconf 89' lang='lat' dir='ltr'><strong>et</strong></span> <span class='ocrx_word' id='word_1_160' title='bbox 3763 843 4050 898; x_wconf 72' lang='lat' dir='ltr'><strong>Ecclesice?</strong></span> 
     </span>
    </p>
   </div>
   <div class='ocr_carea' id='block_1_23' title="bbox 2484 933 4047 1004">
    <p class='ocr_par' dir='ltr' id='par_1_23' title="bbox 2484 933 4047 1004">
     <span class='ocr_line' id='line_1_23' title="bbox 2484 933 4047 1004; baseline -0.003 -15"><span class='ocrx_word' id='word_1_161' title='bbox 2484 936 2614 989; x_wconf 79' lang='lat' dir='ltr'><strong>.\ani</strong></span> <span class='ocrx_word' id='word_1_162' title='bbox 2649 938 2822 1004; x_wconf 69' lang='lat' dir='ltr'><strong>juslos</strong></span> <span class='ocrx_word' id='word_1_163' title='bbox 2841 935 3060 1004; x_wconf 89' lang='lat' dir='ltr'><strong>quidem</strong></span> <span class='ocrx_word' id='word_1_164' title='bbox 3083 937 3169 988; x_wconf 89' lang='lat' dir='ltr'><strong>hic</strong></span> <span class='ocrx_word' id='word_1_165' title='bbox 3200 937 3277 987; x_wconf 81' lang='lat' dir='ltr'><strong>sol</strong></span> <span class='ocrx_word' id='word_1_166' title='bbox 3301 936 3594 995; x_wconf 77' lang='lat' dir='ltr'><strong>illuminat;</strong></span> <span class='ocrx_word' id='word_1_167' title='bbox 3621 950 3716 987; x_wconf 84' lang='lat' dir='ltr'><strong>eos</strong></span> <span class='ocrx_word' id='word_1_168' title='bbox 3744 945 3929 988; x_wconf 84' lang='lat' dir='ltr'><strong>autem</strong></span> <span class='ocrx_word' id='word_1_169' title='bbox 3959 933 4047 1001; x_wconf 89' lang='lat' dir='ltr'><strong>qui</strong></span> 
     </span>
    </p>
   </div>
   <div class='ocr_carea' id='block_1_24' title="bbox 2487 1028 4047 1097">
    <p class='ocr_par' dir='ltr' id='par_1_24' title="bbox 2487 1028 4047 1097">
     <span class='ocr_line' id='line_1_24' title="bbox 2487 1028 4047 1097; baseline -0.003 -16"><span class='ocrx_word' id='word_1_170' title='bbox 2487 1030 2815 1082; x_wconf 79' lang='lat' dir='ltr'><strong>ustulatione</strong></span> <span class='ocrx_word' id='word_1_171' title='bbox 2837 1045 2974 1097; x_wconf 76' lang='lat' dir='ltr'><strong>opus</strong></span> <span class='ocrx_word' id='word_1_172' title='bbox 3003 1030 3198 1081; x_wconf 83' lang='lat' dir='ltr'><strong>habent</strong></span> <span class='ocrx_word' id='word_1_173' title='bbox 3224 1040 3275 1081; x_wconf 85' lang='lat' dir='ltr'><strong>et</strong></span> <span class='ocrx_word' id='word_1_174' title='bbox 3326 1040 3672 1097; x_wconf 85' lang='lat' dir='ltr'><strong>peccatorum</strong></span> <span class='ocrx_word' id='word_1_175' title='bbox 3704 1028 4047 1096; x_wconf 82' lang='lat' dir='ltr'><strong>purgatione,</strong></span> 
     </span>
    </p>
   </div>
   <div class='ocr_carea' id='block_1_25' title="bbox 2486 1117 4047 1186">
    <p class='ocr_par' dir='ltr' id='par_1_25' title="bbox 2486 1117 4047 1186">
     <span class='ocr_line' id='line_1_25' title="bbox 2486 1117 4047 1186; baseline -0.001 -17"><span class='ocrx_word' id='word_1_176' title='bbox 2486 1117 2616 1169; x_wconf 90' lang='lat' dir='ltr'><strong>urit.</strong></span> <span class='ocrx_word' id='word_1_177' title='bbox 2646 1118 2870 1171; x_wconf 79' lang='lat' dir='ltr'><strong>Dicebat</strong></span> <span class='ocrx_word' id='word_1_178' title='bbox 2895 1118 3106 1186; x_wconf 90' lang='lat' dir='ltr'><strong>itaque:</strong></span> <span class='ocrx_word' id='word_1_179' title='bbox 3130 1118 3440 1186; x_wconf 65' lang='lat' dir='ltr'><strong>Ignt&#39;ini&#39;eni</strong></span> <span class='ocrx_word' id='word_1_180' title='bbox 3465 1122 3666 1171; x_wconf 71' lang='lat' dir='ltr'><strong>mittere</strong></span> <span class='ocrx_word' id='word_1_181' title='bbox 3697 1121 3747 1170; x_wconf 87' lang='lat' dir='ltr'><strong>in</strong></span> <span class='ocrx_word' id='word_1_182' title='bbox 3776 1117 4047 1170; x_wconf 70' lang='lat' dir='ltr'><strong>terrain&quot;.</strong></span> 
     </span>
    </p>
   </div>
   <div class='ocr_carea' id='block_1_26' title="bbox 2488 1208 4051 1278">
    <p class='ocr_par' dir='ltr' id='par_1_26' title="bbox 2488 1208 4051 1278">
     <span class='ocr_line' id='line_1_26' title="bbox 2488 1208 4051 1278; baseline 0 -17"><span class='ocrx_word' id='word_1_183' title='bbox 2488 1208 2640 1261; x_wconf 89' lang='lat' dir='ltr'><strong>Luna</strong></span> <span class='ocrx_word' id='word_1_184' title='bbox 2670 1221 2891 1270; x_wconf 87' lang='lat' dir='ltr'><strong>autem,</strong></span> <span class='ocrx_word' id='word_1_185' title='bbox 2926 1224 3120 1276; x_wconf 85' lang='lat' dir='ltr'><strong>nempe</strong></span> <span class='ocrx_word' id='word_1_186' title='bbox 3156 1209 3417 1271; x_wconf 78' lang='lat' dir='ltr'><strong>Ecclesia,</strong></span> <span class='ocrx_word' id='word_1_187' title='bbox 3453 1210 3720 1263; x_wconf 83' lang='lat' dir='ltr'><strong>illuminat</strong></span> <span class='ocrx_word' id='word_1_188' title='bbox 3753 1208 4051 1278; x_wconf 59' lang='lat' dir='ltr'><strong>pra‘dicans</strong></span> 
     </span>
    </p>
   </div>
   <div class='ocr_carea' id='block_1_27' title="bbox 2489 1301 4047 1370">
    <p class='ocr_par' dir='ltr' id='par_1_27' title="bbox 2489 1301 4047 1370">
     <span class='ocr_line' id='line_1_27' title="bbox 2489 1301 4047 1370; baseline -0.001 -17"><span class='ocrx_word' id='word_1_189' title='bbox 2489 1301 2835 1363; x_wconf 77' lang='lat' dir='ltr'><strong>Trinitatem,</strong></span> <span class='ocrx_word' id='word_1_190' title='bbox 2882 1302 3158 1354; x_wconf 88' lang='lat' dir='ltr'><strong>bumectat</strong></span> <span class='ocrx_word' id='word_1_191' title='bbox 3190 1312 3368 1355; x_wconf 85' lang='lat' dir='ltr'><strong>autem</strong></span> <span class='ocrx_word' id='word_1_192' title='bbox 3389 1342 3402 1361; x_wconf 90' lang='lat'><strong>,</strong></span> <span class='ocrx_word' id='word_1_193' title='bbox 3427 1301 3671 1370; x_wconf 63' lang='lat' dir='ltr'><strong>praebens</strong></span> <span class='ocrx_word' id='word_1_194' title='bbox 3697 1301 4047 1370; x_wconf 87' lang='lat' dir='ltr'><strong>baptismum.</strong></span> 
     </span>
    </p>
   </div>
   <div class='ocr_carea' id='block_1_28' title="bbox 2561 1393 4051 1464">
    <p class='ocr_par' dir='ltr' id='par_1_28' title="bbox 2561 1393 4051 1464">
     <span class='ocr_line' id='line_1_28' title="bbox 2561 1393 4051 1464; baseline 0 -17"><span class='ocrx_word' id='word_1_195' title='bbox 2561 1393 2816 1447; x_wconf 62' lang='lat' dir='ltr'><strong>Nonnulli</strong></span> <span class='ocrx_word' id='word_1_196' title='bbox 2853 1394 3040 1448; x_wconf 91' lang='lat' dir='ltr'><strong>dicunt</strong></span> <span class='ocrx_word' id='word_1_197' title='bbox 3092 1394 3275 1448; x_wconf 86' lang='lat' dir='ltr'><strong>lunam</strong></span> <span class='ocrx_word' id='word_1_198' title='bbox 3320 1411 3438 1448; x_wconf 88' lang='lat' dir='ltr'><strong>esse</strong></span> <span class='ocrx_word' id='word_1_199' title='bbox 3474 1394 3702 1464; x_wconf 86' lang='lat' dir='ltr'><strong>ﬁguram</strong></span> <span class='ocrx_word' id='word_1_200' title='bbox 3757 1395 4051 1463; x_wconf 72' lang='lat' dir='ltr'><strong>Scriptura:</strong></span> 
     </span>
    </p>
   </div>
   <div class='ocr_carea' id='block_1_29' title="bbox 2492 1485 4049 1571">
    <p class='ocr_par' dir='ltr' id='par_1_29' title="bbox 2492 1485 4049 1571">
     <span class='ocr_line' id='line_1_29' title="bbox 2492 1485 4049 1571; baseline 0.003 -33"><span class='ocrx_word' id='word_1_201' title='bbox 2492 1486 2625 1550; x_wconf 78' lang='lat' dir='ltr'><strong>legis</strong></span> <span class='ocrx_word' id='word_1_202' title='bbox 2660 1495 2713 1571; x_wconf 69' lang='lat' dir='ltr'><strong>et</strong></span> <span class='ocrx_word' id='word_1_203' title='bbox 2760 1485 2941 1539; x_wconf 74' lang='lat' dir='ltr'><strong>cultus</strong></span> <span class='ocrx_word' id='word_1_204' title='bbox 2976 1486 3069 1554; x_wconf 88' lang='lat' dir='ltr'><strong>qui</strong></span> <span class='ocrx_word' id='word_1_205' title='bbox 3116 1496 3200 1539; x_wconf 90' lang='lat' dir='ltr'><strong>est</strong></span> <span class='ocrx_word' id='word_1_206' title='bbox 3232 1486 3286 1539; x_wconf 89' lang='lat' dir='ltr'><strong>in</strong></span> <span class='ocrx_word' id='word_1_207' title='bbox 3328 1486 3631 1557; x_wconf 82' lang='lat' dir='ltr'><strong>Synagoga,</strong></span> <span class='ocrx_word' id='word_1_208' title='bbox 3679 1487 3775 1557; x_wconf 91' lang='lat' dir='ltr'><strong>qui</strong></span> <span class='ocrx_word' id='word_1_209' title='bbox 3807 1489 4049 1557; x_wconf 88' lang='lat' dir='ltr'><strong>quotidie</strong></span> 
     </span>
    </p>
   </div>
   <div class='ocr_carea' id='block_1_30' title="bbox 2493 1578 4049 1656">
    <p class='ocr_par' dir='ltr' id='par_1_30' title="bbox 2493 1578 4049 1656">
     <span class='ocr_line' id='line_1_30' title="bbox 2493 1578 4049 1656; baseline 0.002 -25"><span class='ocrx_word' id='word_1_210' title='bbox 2493 1580 2693 1632; x_wconf 80' lang='lat' dir='ltr'><strong>inultos</strong></span> <span class='ocrx_word' id='word_1_211' title='bbox 2741 1578 2970 1647; x_wconf 83' lang='lat' dir='ltr'><strong>suscipit</strong></span> <span class='ocrx_word' id='word_1_212' title='bbox 2995 1579 3166 1633; x_wconf 90' lang='lat' dir='ltr'><strong>divini</strong></span> <span class='ocrx_word' id='word_1_213' title='bbox 3199 1580 3416 1656; x_wconf 73' lang='lat' dir='ltr'><strong>lumjuis</strong></span> <span class='ocrx_word' id='word_1_214' title='bbox 3443 1580 3689 1634; x_wconf 88' lang='lat' dir='ltr'><strong>detectus</strong></span> <span class='ocrx_word' id='word_1_215' title='bbox 3724 1588 3779 1634; x_wconf 86' lang='lat' dir='ltr'><strong>et</strong></span> <span class='ocrx_word' id='word_1_216' title='bbox 3806 1580 4049 1635; x_wconf 87' lang='lat' dir='ltr'><strong>diminu-</strong></span> 
     </span>
    </p>
   </div>
   <div class='ocr_carea' id='block_1_31' title="bbox 2492 1669 4052 1740">
    <p class='ocr_par' dir='ltr' id='par_1_31' title="bbox 2492 1669 4052 1740">
     <span class='ocr_line' id='line_1_31' title="bbox 2492 1669 4052 1740; baseline 0.004 -20"><span class='ocrx_word' id='word_1_217' title='bbox 2492 1669 2692 1722; x_wconf 86' lang='lat' dir='ltr'><strong>tiones.</strong></span> <span class='ocrx_word' id='word_1_218' title='bbox 2727 1669 2835 1723; x_wconf 68' lang='lat' dir='ltr'><strong>Nos</strong></span> <span class='ocrx_word' id='word_1_219' title='bbox 2863 1677 3045 1723; x_wconf 84' lang='lat' dir='ltr'><strong>autem</strong></span> <span class='ocrx_word' id='word_1_220' title='bbox 3075 1670 3381 1731; x_wconf 86' lang='lat' dir='ltr'><strong>audientes,</strong></span> <span class='ocrx_word' id='word_1_221' title='bbox 3413 1671 3556 1740; x_wconf 88' lang='lat' dir='ltr'><strong>quod</strong></span> <span class='ocrx_word' id='word_1_222' title='bbox 3593 1674 3672 1725; x_wconf 92' lang='lat' dir='ltr'><strong>sol</strong></span> <span class='ocrx_word' id='word_1_223' title='bbox 3708 1682 4052 1727; x_wconf 76' lang='lat' dir='ltr'><strong>constructus</strong></span> 
     </span>
    </p>
   </div>
   <div class='ocr_carea' id='block_1_32' title="bbox 2494 1758 4052 1828">
    <p class='ocr_par' dir='ltr' id='par_1_32' title="bbox 2494 1758 4052 1828">
     <span class='ocr_line' id='line_1_32' title="bbox 2494 1758 4052 1828; baseline 0.002 -18"><span class='ocrx_word' id='word_1_224' title='bbox 2494 1758 2820 1826; x_wconf 82' lang='lat' dir='ltr'><strong>sitprimus,</strong></span> <span class='ocrx_word' id='word_1_225' title='bbox 2847 1770 2901 1814; x_wconf 89' lang='lat' dir='ltr'><strong>et</strong></span> <span class='ocrx_word' id='word_1_226' title='bbox 2933 1768 3121 1828; x_wconf 84' lang='lat' dir='ltr'><strong>postea</strong></span> <span class='ocrx_word' id='word_1_227' title='bbox 3174 1762 3322 1823; x_wconf 91' lang='lat' dir='ltr'><strong>luna,</strong></span> <span class='ocrx_word' id='word_1_228' title='bbox 3365 1777 3462 1814; x_wconf 86' lang='lat' dir='ltr'><strong>nos</strong></span> <span class='ocrx_word' id='word_1_229' title='bbox 3506 1776 3624 1815; x_wconf 90' lang='lat' dir='ltr'><strong>eam</strong></span> <span class='ocrx_word' id='word_1_230' title='bbox 3674 1763 4052 1815; x_wconf 76' lang='lat' dir='ltr'><strong>existimamus</strong></span> 
     </span>
    </p>
   </div>
   <div class='ocr_carea' id='block_1_33' title="bbox 829 1842 4053 1925">
    <p class='ocr_par' dir='ltr' id='par_1_33' title="bbox 829 1842 4053 1925">
     <span class='ocr_line' id='line_1_33' title="bbox 829 1842 4053 1925; baseline -0.003 -4"><span class='ocrx_word' id='word_1_231' title='bbox 829 1842 1029 1925; x_wconf 54' lang='lat' dir='ltr'><strong>tibi-isti</strong></span> <span class='ocrx_word' id='word_1_232' title='bbox 1068 1842 1412 1923; x_wconf 76' lang='lat' dir='ltr'><strong>humanitas;</strong></span> <span class='ocrx_word' id='word_1_233' title='bbox 1456 1875 1539 1918; x_wconf 82' lang='lat' dir='ltr'><strong>est</strong></span> <span class='ocrx_word' id='word_1_234' title='bbox 1569 1864 1715 1917; x_wconf 88' lang='lat' dir='ltr'><strong>enim</strong></span> <span class='ocrx_word' id='word_1_235' title='bbox 1746 1877 1870 1914; x_wconf 89' lang='lat' dir='ltr'><strong>caro</strong></span> <span class='ocrx_word' id='word_1_236' title='bbox 1913 1871 1968 1913; x_wconf 86' lang='lat' dir='ltr'><strong>et</strong></span> <span class='ocrx_word' id='word_1_237' title='bbox 2013 1877 2117 1913; x_wconf 91' lang='lat' dir='ltr'><strong>non</strong></span> <span class='ocrx_word' id='word_1_238' title='bbox 2147 1876 2295 1921; x_wconf 86' lang='lat' dir='ltr'><strong>caro,</strong></span> <span class='ocrx_word' id='word_1_239' title='bbox 2327 1874 2394 1912; x_wconf 88' lang='lat' dir='ltr'><strong>ne</strong></span> <span class='ocrx_word' id='word_1_240' title='bbox 2428 1842 2466 1895; x_wconf 75' lang='grc' dir='ltr'><strong>Β</strong></span> <span class='ocrx_word' id='word_1_241' title='bbox 2498 1851 2669 1918; x_wconf 69' lang='lat' dir='ltr'><strong>magis</strong></span> <span class='ocrx_word' id='word_1_242' title='bbox 2703 1866 2822 1904; x_wconf 75' lang='lat' dir='ltr'><strong>CSSC</strong></span> <span class='ocrx_word' id='word_1_243' title='bbox 2857 1862 3041 1922; x_wconf 69' lang='lat' dir='ltr'><strong>typum</strong></span> <span class='ocrx_word' id='word_1_244' title='bbox 3092 1851 3295 1905; x_wconf 79' lang='lat' dir='ltr'><strong>ChriSli</strong></span> <span class='ocrx_word' id='word_1_245' title='bbox 3344 1853 3621 1914; x_wconf 69' lang='lat' dir='ltr'><strong>EcciCSim.</strong></span> <span class='ocrx_word' id='word_1_246' title='bbox 3664 1865 3723 1907; x_wconf 80' lang='lat' dir='ltr'><strong>ut</strong></span> <span class='ocrx_word' id='word_1_247' title='bbox 3772 1856 4053 1924; x_wconf 78' lang='lat' dir='ltr'><strong>(&#39;Olljttgcnl</strong></span> 
     </span>
    </p>
   </div>
   <div class='ocr_carea' id='block_1_34' title="bbox 831 1947 2396 2026">
    <p class='ocr_par' dir='ltr' id='par_1_34' title="bbox 831 1947 2396 2026">
     <span class='ocr_line' id='line_1_34' title="bbox 831 1947 2396 2026; baseline -0.01 -11"><span class='ocrx_word' id='word_1_248' title='bbox 831 1964 1104 2026; x_wconf 73' lang='lat' dir='ltr'><strong>intelligas</strong></span> <span class='ocrx_word' id='word_1_249' title='bbox 1134 1962 1234 2011; x_wconf 85' lang='lat' dir='ltr'><strong>hoc</strong></span> <span class='ocrx_word' id='word_1_250' title='bbox 1258 1972 1456 2023; x_wconf 75' lang='lat' dir='ltr'><strong>corpus</strong></span> <span class='ocrx_word' id='word_1_251' title='bbox 1479 1968 1597 2006; x_wconf 65' lang='lat' dir='ltr'><strong>esse</strong></span> <span class='ocrx_word' id='word_1_252' title='bbox 1640 1949 1844 2018; x_wconf 90' lang='lat' dir='ltr'><strong>aliquid</strong></span> <span class='ocrx_word' id='word_1_253' title='bbox 1871 1951 2106 2002; x_wconf 88' lang='lat' dir='ltr'><strong>alterum</strong></span> <span class='ocrx_word' id='word_1_254' title='bbox 2143 1966 2153 1998; x_wconf 91' lang='lat'><strong>:</strong></span> <span class='ocrx_word' id='word_1_255' title='bbox 2190 1947 2396 2017; x_wconf 91' lang='lat' dir='ltr'><strong>grando</strong></span> 
     </span>
    </p>
   </div>
   <div class='ocr_carea' id='block_1_35' title="bbox 828 2040 2398 2116">
    <p class='ocr_par' dir='ltr' id='par_1_35' title="bbox 828 2040 2398 2116">
     <span class='ocr_line' id='line_1_35' title="bbox 828 2040 2398 2116; baseline -0.005 -16"><span class='ocrx_word' id='word_1_256' title='bbox 828 2054 976 2105; x_wconf 80' lang='lat' dir='ltr'><strong>enim</strong></span> <span class='ocrx_word' id='word_1_257' title='bbox 1011 2061 1093 2101; x_wconf 77' lang='lat' dir='ltr'><strong>est</strong></span> <span class='ocrx_word' id='word_1_258' title='bbox 1124 2065 1263 2116; x_wconf 86' lang='lat' dir='ltr'><strong>aqua</strong></span> <span class='ocrx_word' id='word_1_259' title='bbox 1295 2056 1349 2098; x_wconf 88' lang='lat' dir='ltr'><strong>et</strong></span> <span class='ocrx_word' id='word_1_260' title='bbox 1373 2060 1479 2097; x_wconf 90' lang='lat' dir='ltr'><strong>non</strong></span> <span class='ocrx_word' id='word_1_261' title='bbox 1521 2059 1682 2110; x_wconf 88' lang='lat' dir='ltr'><strong>aqua.</strong></span> <span class='ocrx_word' id='word_1_262' title='bbox 1711 2044 1887 2110; x_wconf 75' lang='lat' dir='ltr'><strong>Aqua,</strong></span> <span class='ocrx_word' id='word_1_263' title='bbox 1926 2050 1985 2093; x_wconf 93' lang='lat' dir='ltr'><strong>ut</strong></span> <span class='ocrx_word' id='word_1_264' title='bbox 2012 2056 2134 2109; x_wconf 78' lang='lat' dir='ltr'><strong>qua:</strong></span> <span class='ocrx_word' id='word_1_265' title='bbox 2158 2040 2297 2093; x_wconf 85' lang='lat' dir='ltr'><strong>facta</strong></span> <span class='ocrx_word' id='word_1_266' title='bbox 2328 2040 2398 2093; x_wconf 89' lang='lat' dir='ltr'><strong>sit</strong></span> 
     </span>
    </p>
   </div>
   <div class='ocr_carea' id='block_1_36' title="bbox 829 2133 2396 2208">
    <p class='ocr_par' dir='ltr' id='par_1_36' title="bbox 829 2133 2396 2208">
     <span class='ocr_line' id='line_1_36' title="bbox 829 2133 2396 2208; baseline -0.005 -15"><span class='ocrx_word' id='word_1_267' title='bbox 829 2162 893 2196; x_wconf 67' lang='lat' dir='ltr'><strong>ex</strong></span> <span class='ocrx_word' id='word_1_268' title='bbox 930 2145 1016 2195; x_wconf 89' lang='lat' dir='ltr'><strong>illa</strong></span> <span class='ocrx_word' id='word_1_269' title='bbox 1055 2161 1065 2193; x_wconf 92' lang='lat'>:</span> <span class='ocrx_word' id='word_1_270' title='bbox 1100 2158 1205 2193; x_wconf 84' lang='lat' dir='ltr'><strong>non</strong></span> <span class='ocrx_word' id='word_1_271' title='bbox 1240 2154 1399 2208; x_wconf 88' lang='lat' dir='ltr'><strong>aqua,</strong></span> <span class='ocrx_word' id='word_1_272' title='bbox 1437 2145 1495 2188; x_wconf 91' lang='lat' dir='ltr'><strong>ut</strong></span> <span class='ocrx_word' id='word_1_273' title='bbox 1548 2152 1668 2204; x_wconf 76' lang='lat' dir='ltr'><strong>qua:</strong></span> <span class='ocrx_word' id='word_1_274' title='bbox 1707 2135 2071 2188; x_wconf 76' lang='lat' dir='ltr'><strong>concreverit.</strong></span> <span class='ocrx_word' id='word_1_275' title='bbox 2110 2133 2176 2187; x_wconf 66' lang='grc' dir='ltr'><strong>[ξι</strong></span> <span class='ocrx_word' id='word_1_276' title='bbox 2212 2141 2396 2186; x_wconf 86' lang='lat' dir='ltr'><strong>autem</strong></span> 
     </span>
    </p>
   </div>
   <div class='ocr_carea' id='block_1_37' title="bbox 831 2223 2401 2286">
    <p class='ocr_par' dir='ltr' id='par_1_37' title="bbox 831 2223 2401 2286">
     <span class='ocr_line' id='line_1_37' title="bbox 831 2223 2401 2286; baseline -0.006 -2"><span class='ocrx_word' id='word_1_277' title='bbox 831 2236 1010 2286; x_wconf 76' lang='lat' dir='ltr'><strong>discas</strong></span> <span class='ocrx_word' id='word_1_278' title='bbox 1052 2231 1233 2283; x_wconf 78' lang='lat' dir='ltr'><strong>carnis</strong></span> <span class='ocrx_word' id='word_1_279' title='bbox 1266 2228 1427 2280; x_wconf 72' lang='lat' dir='ltr'><strong>Verbi</strong></span> <span class='ocrx_word' id='word_1_280' title='bbox 1462 2225 1833 2278; x_wconf 75' lang='lat' dir='ltr'><strong>diversitatem</strong></span> <span class='ocrx_word' id='word_1_281' title='bbox 1878 2234 1933 2276; x_wconf 91' lang='lat' dir='ltr'><strong>et</strong></span> <span class='ocrx_word' id='word_1_282' title='bbox 1973 2239 2079 2276; x_wconf 91' lang='lat' dir='ltr'><strong>non</strong></span> <span class='ocrx_word' id='word_1_283' title='bbox 2110 2223 2401 2277; x_wconf 83' lang='lat' dir='ltr'><strong>diversita-</strong></span> 
     </span>
    </p>
   </div>
   <div class='ocr_carea' id='block_1_38' title="bbox 834 2314 2396 2387">
    <p class='ocr_par' dir='ltr' id='par_1_38' title="bbox 834 2314 2396 2387">
     <span class='ocr_line' id='line_1_38' title="bbox 834 2314 2396 2387; baseline -0.005 -13"><span class='ocrx_word' id='word_1_284' title='bbox 834 2334 941 2377; x_wconf 86' lang='lat' dir='ltr'><strong>tem</strong></span> <span class='ocrx_word' id='word_1_285' title='bbox 978 2341 988 2375; x_wconf 91' lang='lat'><strong>:</strong></span> <span class='ocrx_word' id='word_1_286' title='bbox 1021 2322 1133 2383; x_wconf 71' lang='lat' dir='ltr'><strong>Est,</strong></span> <span class='ocrx_word' id='word_1_287' title='bbox 1170 2321 1365 2387; x_wconf 86' lang='lat' dir='ltr'><strong>inquit,</strong></span> <span class='ocrx_word' id='word_1_288' title='bbox 1410 2319 1577 2369; x_wconf 86' lang='lat' dir='ltr'><strong>carbo</strong></span> <span class='ocrx_word' id='word_1_289' title='bbox 1607 2316 1747 2385; x_wconf 90' lang='lat' dir='ltr'><strong>ignis</strong></span> <span class='ocrx_word' id='word_1_290' title='bbox 1769 2357 1781 2378; x_wconf 96' lang='lat'><strong>,</strong></span> <span class='ocrx_word' id='word_1_291' title='bbox 1817 2324 2065 2383; x_wconf 76' lang='lat' dir='ltr'><strong>exempta</strong></span> <span class='ocrx_word' id='word_1_292' title='bbox 2098 2314 2309 2368; x_wconf 76' lang='lat' dir='ltr'><strong>scilicet</strong></span> <span class='ocrx_word' id='word_1_293' title='bbox 2332 2329 2396 2366; x_wconf 77' lang='lat' dir='ltr'><strong>ex</strong></span> 
     </span>
    </p>
   </div>
   <div class='ocr_carea' id='block_1_39' title="bbox 832 2405 2394 2478">
    <p class='ocr_par' dir='ltr' id='par_1_39' title="bbox 832 2405 2394 2478">
     <span class='ocr_line' id='line_1_39' title="bbox 832 2405 2394 2478; baseline -0.005 -10"><span class='ocrx_word' id='word_1_294' title='bbox 832 2416 1120 2468; x_wconf 87' lang='lat' dir='ltr'><strong>divinitate</strong></span> <span class='ocrx_word' id='word_1_295' title='bbox 1146 2422 1398 2478; x_wconf 76' lang='lat' dir='ltr'><strong>Lithttultt</strong></span> <span class='ocrx_word' id='word_1_296' title='bbox 1423 2425 1487 2461; x_wconf 72' lang='lat' dir='ltr'><strong>ex</strong></span> <span class='ocrx_word' id='word_1_297' title='bbox 1503 2407 2008 2476; x_wconf 84' lang='lat' dir='ltr'><strong>comprehensione.</strong></span> <span class='ocrx_word' id='word_1_298' title='bbox 2033 2405 2210 2459; x_wconf 88' lang='lat' dir='ltr'><strong>Carbo</strong></span> <span class='ocrx_word' id='word_1_299' title='bbox 2230 2405 2394 2460; x_wconf 85' lang='lat' dir='ltr'><strong>enim.</strong></span> 
     </span>
    </p>
   </div>
   <div class='ocr_carea' id='block_1_40' title="bbox 836 2496 2398 2573">
    <p class='ocr_par' dir='ltr' id='par_1_40' title="bbox 836 2496 2398 2573">
     <span class='ocr_line' id='line_1_40' title="bbox 836 2496 2398 2573; baseline -0.008 -12"><span class='ocrx_word' id='word_1_300' title='bbox 836 2510 1042 2573; x_wconf 85' lang='lat' dir='ltr'><strong>lignum</strong></span> <span class='ocrx_word' id='word_1_301' title='bbox 1093 2516 1147 2558; x_wconf 86' lang='lat' dir='ltr'><strong>et</strong></span> <span class='ocrx_word' id='word_1_302' title='bbox 1179 2519 1287 2555; x_wconf 92' lang='lat' dir='ltr'><strong>non</strong></span> <span class='ocrx_word' id='word_1_303' title='bbox 1336 2503 1563 2570; x_wconf 82' lang='lat' dir='ltr'><strong>lignum,</strong></span> <span class='ocrx_word' id='word_1_304' title='bbox 1599 2509 1683 2552; x_wconf 86' lang='lat' dir='ltr'><strong>est</strong></span> <span class='ocrx_word' id='word_1_305' title='bbox 1737 2509 2021 2566; x_wconf 75' lang='lat' dir='ltr'><strong>exemptus</strong></span> <span class='ocrx_word' id='word_1_306' title='bbox 2051 2497 2119 2550; x_wconf 90' lang='lat' dir='ltr'><strong>ab</strong></span> <span class='ocrx_word' id='word_1_307' title='bbox 2158 2496 2278 2565; x_wconf 87' lang='lat' dir='ltr'><strong>igne</strong></span> <span class='ocrx_word' id='word_1_308' title='bbox 2305 2497 2398 2565; x_wconf 90' lang='lat' dir='ltr'><strong>qui</strong></span> 
     </span>
    </p>
   </div>
   <div class='ocr_carea' id='block_1_41' title="bbox 833 2590 2396 2660">
    <p class='ocr_par' dir='ltr' id='par_1_41' title="bbox 833 2590 2396 2660">
     <span class='ocr_line' id='line_1_41' title="bbox 833 2590 2396 2660; baseline -0.006 -9"><span class='ocrx_word' id='word_1_309' title='bbox 833 2611 912 2653; x_wconf 77' lang='lat' dir='ltr'><strong>est</strong></span> <span class='ocrx_word' id='word_1_310' title='bbox 946 2602 999 2651; x_wconf 88' lang='lat' dir='ltr'><strong>in</strong></span> <span class='ocrx_word' id='word_1_311' title='bbox 1023 2614 1089 2651; x_wconf 92' lang='lat' dir='ltr'><strong>eo</strong></span> <span class='ocrx_word' id='word_1_312' title='bbox 1109 2606 1420 2649; x_wconf 75' lang='lat' dir='ltr'><strong>contentus.</strong></span> <span class='ocrx_word' id='word_1_313' title='bbox 1462 2593 1693 2660; x_wconf 78' lang='lat' dir='ltr'><strong>Ignitum</strong></span> <span class='ocrx_word' id='word_1_314' title='bbox 1735 2591 1880 2643; x_wconf 90' lang='lat' dir='ltr'><strong>enim</strong></span> <span class='ocrx_word' id='word_1_315' title='bbox 1912 2590 2045 2643; x_wconf 90' lang='lat' dir='ltr'><strong>dicit</strong></span> <span class='ocrx_word' id='word_1_316' title='bbox 2082 2590 2396 2651; x_wconf 90' lang='lat' dir='ltr'><strong>carbonem,</strong></span> 
     </span>
    </p>
   </div>
   <div class='ocr_carea' id='block_1_42' title="bbox 837 2682 2401 2759">
    <p class='ocr_par' dir='ltr' id='par_1_42' title="bbox 837 2682 2401 2759">
     <span class='ocr_line' id='line_1_42' title="bbox 837 2682 2401 2759; baseline -0.007 -16"><span class='ocrx_word' id='word_1_317' title='bbox 837 2694 941 2743; x_wconf 84' lang='lat' dir='ltr'><strong>hoc,</strong></span> <span class='ocrx_word' id='word_1_318' title='bbox 963 2689 1109 2759; x_wconf 91' lang='lat' dir='ltr'><strong>quod</strong></span> <span class='ocrx_word' id='word_1_319' title='bbox 1139 2690 1430 2740; x_wconf 78' lang='lat' dir='ltr'><strong>carbonem</strong></span> <span class='ocrx_word' id='word_1_320' title='bbox 1480 2685 1640 2736; x_wconf 78' lang='lat' dir='ltr'><strong>etlieit</strong></span> <span class='ocrx_word' id='word_1_321' title='bbox 1662 2724 1674 2743; x_wconf 89' lang='lat'><strong>,</strong></span> <span class='ocrx_word' id='word_1_322' title='bbox 1702 2682 1848 2748; x_wconf 88' lang='lat' dir='ltr'><strong>quod</strong></span> <span class='ocrx_word' id='word_1_323' title='bbox 1888 2697 2102 2734; x_wconf 88' lang='lat' dir='ltr'><strong>sursum</strong></span> <span class='ocrx_word' id='word_1_324' title='bbox 2143 2682 2319 2734; x_wconf 88' lang='lat' dir='ltr'><strong>fertur</strong></span> <span class='ocrx_word' id='word_1_325' title='bbox 2348 2689 2401 2733; x_wconf 92' lang='lat' dir='ltr'><strong>et</strong></span> 
     </span>
    </p>
   </div>
   <div class='ocr_carea' id='block_1_43' title="bbox 834 2771 2402 2843">
    <p class='ocr_par' dir='ltr' id='par_1_43' title="bbox 834 2771 2402 2843">
     <span class='ocr_line' id='line_1_43' title="bbox 834 2771 2402 2843; baseline -0.008 -9"><span class='ocrx_word' id='word_1_326' title='bbox 834 2794 916 2835; x_wconf 77' lang='lat' dir='ltr'><strong>est</strong></span> <span class='ocrx_word' id='word_1_327' title='bbox 950 2782 1185 2841; x_wconf 76' lang='lat' dir='ltr'><strong>subtile;</strong></span> <span class='ocrx_word' id='word_1_328' title='bbox 1240 2780 1288 2831; x_wconf 91' lang='lat' dir='ltr'><strong>id</strong></span> <span class='ocrx_word' id='word_1_329' title='bbox 1335 2788 1516 2830; x_wconf 83' lang='lat' dir='ltr'><strong>autem</strong></span> <span class='ocrx_word' id='word_1_330' title='bbox 1559 2775 1703 2843; x_wconf 88' lang='lat' dir='ltr'><strong>qttod</strong></span> <span class='ocrx_word' id='word_1_331' title='bbox 1740 2776 1797 2827; x_wconf 86' lang='lat' dir='ltr'><strong>fit</strong></span> <span class='ocrx_word' id='word_1_332' title='bbox 1844 2773 2031 2834; x_wconf 81' lang='lat' dir='ltr'><strong>carbo,</strong></span> <span class='ocrx_word' id='word_1_333' title='bbox 2062 2772 2113 2826; x_wconf 87' lang='lat' dir='ltr'><strong>id</strong></span> <span class='ocrx_word' id='word_1_334' title='bbox 2141 2771 2284 2840; x_wconf 90' lang='lat' dir='ltr'><strong>quod</strong></span> <span class='ocrx_word' id='word_1_335' title='bbox 2321 2780 2402 2823; x_wconf 87' lang='lat' dir='ltr'><strong>est</strong></span> 
     </span>
    </p>
   </div>
   <div class='ocr_carea' id='block_1_44' title="bbox 836 2860 2403 2927">
    <p class='ocr_par' dir='ltr' id='par_1_44' title="bbox 836 2860 2403 2927">
     <span class='ocr_line' id='line_1_44' title="bbox 836 2860 2403 2927; baseline -0.009 -2"><span class='ocrx_word' id='word_1_336' title='bbox 836 2875 977 2925; x_wconf 83' lang='lat' dir='ltr'><strong>intra</strong></span> <span class='ocrx_word' id='word_1_337' title='bbox 1007 2881 1061 2925; x_wconf 86' lang='lat' dir='ltr'><strong>ct</strong></span> <span class='ocrx_word' id='word_1_338' title='bbox 1084 2880 1165 2921; x_wconf 81' lang='lat' dir='ltr'><strong>est</strong></span> <span class='ocrx_word' id='word_1_339' title='bbox 1196 2884 1463 2921; x_wconf 65' lang='lat' dir='ltr'><strong>crassum.</strong></span> <span class='ocrx_word' id='word_1_340' title='bbox 1500 2865 1765 2918; x_wconf 85' lang='lat' dir='ltr'><strong>Divinitas</strong></span> <span class='ocrx_word' id='word_1_341' title='bbox 1792 2862 1940 2914; x_wconf 92' lang='lat' dir='ltr'><strong>enim</strong></span> <span class='ocrx_word' id='word_1_342' title='bbox 1974 2871 2059 2914; x_wconf 90' lang='lat' dir='ltr'><strong>est</strong></span> <span class='ocrx_word' id='word_1_343' title='bbox 2087 2876 2150 2913; x_wconf 78' lang='lat' dir='ltr'><strong>ex</strong></span> <span class='ocrx_word' id='word_1_344' title='bbox 2183 2860 2248 2912; x_wconf 89' lang='lat' dir='ltr'><strong>iis</strong></span> <span class='ocrx_word' id='word_1_345' title='bbox 2283 2874 2403 2927; x_wconf 73' lang='lat' dir='ltr'><strong>qua:</strong></span> 
     </span>
    </p>
   </div>
   <div class='ocr_carea' id='block_1_45' title="bbox 835 2948 2401 3030">
    <p class='ocr_par' dir='ltr' id='par_1_45' title="bbox 835 2948 2401 3030">
     <span class='ocr_line' id='line_1_45' title="bbox 835 2948 2401 3030; baseline -0.011 -13"><span class='ocrx_word' id='word_1_346' title='bbox 835 2974 964 3017; x_wconf 84' lang='lat' dir='ltr'><strong>sunt</strong></span> <span class='ocrx_word' id='word_1_347' title='bbox 989 2977 1188 3030; x_wconf 83' lang='lat' dir='ltr'><strong>supra,</strong></span> <span class='ocrx_word' id='word_1_348' title='bbox 1227 2958 1539 3012; x_wconf 87' lang='lat' dir='ltr'><strong>humanitas</strong></span> <span class='ocrx_word' id='word_1_349' title='bbox 1578 2963 1759 3008; x_wconf 87' lang='lat' dir='ltr'><strong>autem</strong></span> <span class='ocrx_word' id='word_1_350' title='bbox 1803 2968 1867 3004; x_wconf 76' lang='lat' dir='ltr'><strong>ex</strong></span> <span class='ocrx_word' id='word_1_351' title='bbox 1904 2952 1970 3004; x_wconf 93' lang='lat' dir='ltr'><strong>iis</strong></span> <span class='ocrx_word' id='word_1_352' title='bbox 1995 2967 2115 3020; x_wconf 72' lang='lat' dir='ltr'><strong>qum</strong></span> <span class='ocrx_word' id='word_1_353' title='bbox 2145 2960 2272 3003; x_wconf 92' lang='lat' dir='ltr'><strong>sunt</strong></span> <span class='ocrx_word' id='word_1_354' title='bbox 2317 2948 2401 3001; x_wconf 58' lang='lat' dir='ltr'><strong>in-</strong></span> 
     </span>
    </p>
   </div>
   <div class='ocr_carea' id='block_1_46' title="bbox 836 3041 2402 3116">
    <p class='ocr_par' dir='ltr' id='par_1_46' title="bbox 836 3041 2402 3116">
     <span class='ocr_line' id='line_1_46' title="bbox 836 3041 2402 3116; baseline -0.009 -8"><span class='ocrx_word' id='word_1_355' title='bbox 836 3057 939 3114; x_wconf 85' lang='lat' dir='ltr'><strong>fra,</strong></span> <span class='ocrx_word' id='word_1_356' title='bbox 988 3052 1202 3106; x_wconf 90' lang='lat' dir='ltr'><strong>etiamsi</strong></span> <span class='ocrx_word' id='word_1_357' title='bbox 1260 3066 1317 3103; x_wconf 89' lang='lat' dir='ltr'><strong>se</strong></span> <span class='ocrx_word' id='word_1_358' title='bbox 1360 3050 1649 3116; x_wconf 72' lang='lat' dir='ltr'><strong>attingant.</strong></span> <span class='ocrx_word' id='word_1_359' title='bbox 1705 3045 1772 3099; x_wconf 83' lang='lat' dir='ltr'><strong>Et</strong></span> <span class='ocrx_word' id='word_1_360' title='bbox 1825 3043 1948 3097; x_wconf 90' lang='lat' dir='ltr'><strong>ideo</strong></span> <span class='ocrx_word' id='word_1_361' title='bbox 1976 3043 2291 3113; x_wconf 81' lang='lat' dir='ltr'><strong>Gregorius,</strong></span> <span class='ocrx_word' id='word_1_362' title='bbox 2349 3041 2402 3094; x_wconf 88' lang='lat' dir='ltr'><strong>in</strong></span> 
     </span>
    </p>
   </div>
   <div class='ocr_carea' id='block_1_47' title="bbox 838 3135 2399 3213">
    <p class='ocr_par' dir='ltr' id='par_1_47' title="bbox 838 3135 2399 3213">
     <span class='ocr_line' id='line_1_47' title="bbox 838 3135 2399 3213; baseline -0.007 -15"><span class='ocrx_word' id='word_1_363' title='bbox 838 3146 1107 3213; x_wconf 76' lang='lat' dir='ltr'><strong>theologia</strong></span> <span class='ocrx_word' id='word_1_364' title='bbox 1130 3142 1544 3201; x_wconf 89' lang='lat' dir='ltr'><strong>celeberrimus,</strong></span> <span class='ocrx_word' id='word_1_365' title='bbox 1585 3154 1692 3191; x_wconf 89' lang='lat' dir='ltr'><strong>non</strong></span> <span class='ocrx_word' id='word_1_366' title='bbox 1720 3147 1940 3190; x_wconf 90' lang='lat' dir='ltr'><strong>veretur</strong></span> <span class='ocrx_word' id='word_1_367' title='bbox 1969 3135 2151 3188; x_wconf 88' lang='lat' dir='ltr'><strong>dicere</strong></span> <span class='ocrx_word' id='word_1_368' title='bbox 2181 3148 2399 3187; x_wconf 84' lang='lat' dir='ltr'><strong>carnem</strong></span> 
     </span>
    </p>
   </div>
   <div class='ocr_carea' id='block_1_48' title="bbox 2496 1940 4055 2015">
    <p class='ocr_par' dir='ltr' id='par_1_48' title="bbox 2496 1940 4055 2015">
     <span class='ocr_line' id='line_1_48' title="bbox 2496 1940 4055 2015; baseline 0.002 -21"><span class='ocrx_word' id='word_1_369' title='bbox 2496 1940 2700 1996; x_wconf 82' lang='lat' dir='ltr'><strong>Christi</strong></span> <span class='ocrx_word' id='word_1_370' title='bbox 2738 1960 2750 1996; x_wconf 92' lang='lat'>:</span> <span class='ocrx_word' id='word_1_371' title='bbox 2787 1943 2891 1997; x_wconf 88' lang='lat' dir='ltr'><strong>hoc</strong></span> <span class='ocrx_word' id='word_1_372' title='bbox 2945 1944 3088 1996; x_wconf 86' lang='lat' dir='ltr'><strong>enim</strong></span> <span class='ocrx_word' id='word_1_373' title='bbox 3140 1943 3403 1996; x_wconf 84' lang='lat' dir='ltr'><strong>docemur</strong></span> <span class='ocrx_word' id='word_1_374' title='bbox 3442 1960 3537 2013; x_wconf 89' lang='lat' dir='ltr'><strong>per</strong></span> <span class='ocrx_word' id='word_1_375' title='bbox 3594 1961 3680 1999; x_wconf 88' lang='lat' dir='ltr'><strong>res</strong></span> <span class='ocrx_word' id='word_1_376' title='bbox 3738 1946 3906 2015; x_wconf 87' lang='lat' dir='ltr'><strong>ipsas.</strong></span> <span class='ocrx_word' id='word_1_377' title='bbox 3963 1945 4055 1998; x_wconf 89' lang='lat' dir='ltr'><strong>Die</strong></span> 
     </span>
    </p>
   </div>
   <div class='ocr_carea' id='block_1_49' title="bbox 2497 2034 4052 2106">
    <p class='ocr_par' dir='ltr' id='par_1_49' title="bbox 2497 2034 4052 2106">
     <span class='ocr_line' id='line_1_49' title="bbox 2497 2034 4052 2106; baseline 0.003 -19"><span class='ocrx_word' id='word_1_378' title='bbox 2497 2035 2642 2088; x_wconf 88' lang='lat' dir='ltr'><strong>enim</strong></span> <span class='ocrx_word' id='word_1_379' title='bbox 2685 2035 2736 2087; x_wconf 90' lang='lat' dir='ltr'><strong>in</strong></span> <span class='ocrx_word' id='word_1_380' title='bbox 2771 2049 2881 2103; x_wconf 90' lang='lat' dir='ltr'><strong>quo</strong></span> <span class='ocrx_word' id='word_1_381' title='bbox 2906 2034 3008 2086; x_wconf 84' lang='lat' dir='ltr'><strong>luit</strong></span> <span class='ocrx_word' id='word_1_382' title='bbox 3047 2046 3239 2102; x_wconf 88' lang='lat' dir='ltr'><strong>quarta</strong></span> <span class='ocrx_word' id='word_1_383' title='bbox 3271 2035 3485 2088; x_wconf 82' lang='lat' dir='ltr'><strong>decima</strong></span> <span class='ocrx_word' id='word_1_384' title='bbox 3518 2037 3643 2089; x_wconf 90' lang='lat' dir='ltr'><strong>luna</strong></span> <span class='ocrx_word' id='word_1_385' title='bbox 3678 2038 3727 2090; x_wconf 92' lang='lat' dir='ltr'><strong>iu</strong></span> <span class='ocrx_word' id='word_1_386' title='bbox 3764 2038 4052 2106; x_wconf 88' lang='lat' dir='ltr'><strong>principio.</strong></span> 
     </span>
    </p>
   </div>
   <div class='ocr_carea' id='block_1_50' title="bbox 2495 2126 4056 2198">
    <p class='ocr_par' dir='ltr' id='par_1_50' title="bbox 2495 2126 4056 2198">
     <span class='ocr_line' id='line_1_50' title="bbox 2495 2126 4056 2198; baseline -0.001 -15"><span class='ocrx_word' id='word_1_387' title='bbox 2495 2144 2562 2183; x_wconf 92' lang='lat' dir='ltr'><strong>eo</strong></span> <span class='ocrx_word' id='word_1_388' title='bbox 2588 2128 2677 2182; x_wconf 88' lang='lat' dir='ltr'><strong>die</strong></span> <span class='ocrx_word' id='word_1_389' title='bbox 2703 2129 2885 2198; x_wconf 82' lang='lat' dir='ltr'><strong>jussus</strong></span> <span class='ocrx_word' id='word_1_390' title='bbox 2916 2136 2998 2179; x_wconf 91' lang='lat' dir='ltr'><strong>est</strong></span> <span class='ocrx_word' id='word_1_391' title='bbox 3031 2126 3193 2179; x_wconf 81' lang='lat' dir='ltr'><strong>lsrael</strong></span> <span class='ocrx_word' id='word_1_392' title='bbox 3220 2127 3487 2194; x_wconf 82' lang='lat' dir='ltr'><strong>imprimis</strong></span> <span class='ocrx_word' id='word_1_393' title='bbox 3512 2127 3822 2181; x_wconf 86' lang='lat' dir='ltr'><strong>sacriﬁcare</strong></span> <span class='ocrx_word' id='word_1_394' title='bbox 3854 2128 4056 2182; x_wconf 84' lang='lat' dir='ltr'><strong>Pascha</strong></span> 
     </span>
    </p>
   </div>
   <div class='ocr_carea' id='block_1_51' title="bbox 2497 2216 4053 2288">
    <p class='ocr_par' dir='ltr' id='par_1_51' title="bbox 2497 2216 4053 2288">
     <span class='ocr_line' id='line_1_51' title="bbox 2497 2216 4053 2288; baseline 0.001 -16"><span class='ocrx_word' id='word_1_395' title='bbox 2497 2220 2554 2272; x_wconf 92' lang='lat' dir='ltr'><strong>in</strong></span> <span class='ocrx_word' id='word_1_396' title='bbox 2578 2228 2763 2287; x_wconf 89' lang='lat' dir='ltr'><strong>typum</strong></span> <span class='ocrx_word' id='word_1_397' title='bbox 2796 2216 2994 2271; x_wconf 86' lang='lat' dir='ltr'><strong>Christi</strong></span> <span class='ocrx_word' id='word_1_398' title='bbox 3025 2235 3034 2268; x_wconf 92' lang='lat'>:</span> <span class='ocrx_word' id='word_1_399' title='bbox 3083 2217 3223 2269; x_wconf 90' lang='lat' dir='ltr'><strong>unde</strong></span> <span class='ocrx_word' id='word_1_400' title='bbox 3250 2220 3415 2271; x_wconf 86' lang='lat' dir='ltr'><strong>etiam</strong></span> <span class='ocrx_word' id='word_1_401' title='bbox 3455 2220 3559 2272; x_wconf 87' lang='lat' dir='ltr'><strong>huc</strong></span> <span class='ocrx_word' id='word_1_402' title='bbox 3598 2235 3768 2288; x_wconf 88' lang='lat' dir='ltr'><strong>usque</strong></span> <span class='ocrx_word' id='word_1_403' title='bbox 3797 2221 4053 2274; x_wconf 87' lang='lat' dir='ltr'><strong>eumdem</strong></span> 
     </span>
    </p>
   </div>
   <div class='ocr_carea' id='block_1_52' title="bbox 2497 2308 4058 2379">
    <p class='ocr_par' dir='ltr' id='par_1_52' title="bbox 2497 2308 4058 2379">
     <span class='ocr_line' id='line_1_52' title="bbox 2497 2308 4058 2379; baseline 0.003 -17"><span class='ocrx_word' id='word_1_404' title='bbox 2497 2320 2752 2379; x_wconf 91' lang='lat' dir='ltr'><strong>quartum</strong></span> <span class='ocrx_word' id='word_1_405' title='bbox 2783 2308 3056 2362; x_wconf 88' lang='lat' dir='ltr'><strong>decimum</strong></span> <span class='ocrx_word' id='word_1_406' title='bbox 3080 2308 3224 2362; x_wconf 90' lang='lat' dir='ltr'><strong>diem</strong></span> <span class='ocrx_word' id='word_1_407' title='bbox 3259 2321 3479 2363; x_wconf 86' lang='lat' dir='ltr'><strong>servant</strong></span> <span class='ocrx_word' id='word_1_408' title='bbox 3509 2312 3703 2373; x_wconf 74' lang='lat' dir='ltr'><strong>Juda-i,</strong></span> <span class='ocrx_word' id='word_1_409' title='bbox 3748 2313 4058 2366; x_wconf 87' lang='lat' dir='ltr'><strong>nescientes</strong></span> 
     </span>
    </p>
   </div>
   <div class='ocr_carea' id='block_1_53' title="bbox 2500 2400 4057 2475">
    <p class='ocr_par' dir='ltr' id='par_1_53' title="bbox 2500 2400 4057 2475">
     <span class='ocr_line' id='line_1_53' title="bbox 2500 2400 4057 2475; baseline 0.004 -24"><span class='ocrx_word' id='word_1_410' title='bbox 2500 2402 2627 2470; x_wconf 84' lang='lat' dir='ltr'><strong>quid</strong></span> <span class='ocrx_word' id='word_1_411' title='bbox 2656 2411 2899 2455; x_wconf 87' lang='lat' dir='ltr'><strong>servent.</strong></span> <span class='ocrx_word' id='word_1_412' title='bbox 2921 2400 3122 2471; x_wconf 83' lang='lat' dir='ltr'><strong>Siergo</strong></span> <span class='ocrx_word' id='word_1_413' title='bbox 3150 2415 3320 2469; x_wconf 83' lang='lat' dir='ltr'><strong>agnus</strong></span> <span class='ocrx_word' id='word_1_414' title='bbox 3345 2401 3623 2456; x_wconf 85' lang='lat' dir='ltr'><strong>Christum</strong></span> <span class='ocrx_word' id='word_1_415' title='bbox 3658 2404 4057 2475; x_wconf 74' lang='lat' dir='ltr'><strong>przeligurabat.</strong></span> 
     </span>
    </p>
   </div>
   <div class='ocr_carea' id='block_1_54' title="bbox 2498 2495 4057 2566">
    <p class='ocr_par' dir='ltr' id='par_1_54' title="bbox 2498 2495 4057 2566">
     <span class='ocr_line' id='line_1_54' title="bbox 2498 2495 4057 2566; baseline 0.001 -18"><span class='ocrx_word' id='word_1_416' title='bbox 2498 2506 2581 2548; x_wconf 88' lang='lat' dir='ltr'><strong>est</strong></span> <span class='ocrx_word' id='word_1_417' title='bbox 2613 2495 3005 2564; x_wconf 83' lang='lat' dir='ltr'><strong>perspicuum,</strong></span> <span class='ocrx_word' id='word_1_418' title='bbox 3063 2496 3209 2563; x_wconf 90' lang='lat' dir='ltr'><strong>quod</strong></span> <span class='ocrx_word' id='word_1_419' title='bbox 3257 2496 3403 2550; x_wconf 77' lang='lat' dir='ltr'><strong>luna:</strong></span> <span class='ocrx_word' id='word_1_420' title='bbox 3431 2511 3648 2565; x_wconf 89' lang='lat' dir='ltr'><strong>quoque</strong></span> <span class='ocrx_word' id='word_1_421' title='bbox 3688 2496 3805 2551; x_wconf 87' lang='lat' dir='ltr'><strong>dies</strong></span> <span class='ocrx_word' id='word_1_422' title='bbox 3849 2498 3941 2566; x_wconf 90' lang='lat' dir='ltr'><strong>qui</strong></span> <span class='ocrx_word' id='word_1_423' title='bbox 3981 2508 4057 2550; x_wconf 88' lang='lat' dir='ltr'><strong>cst</strong></span> 
     </span>
    </p>
   </div>
   <div class='ocr_carea' id='block_1_55' title="bbox 2500 2585 4061 2658">
    <p class='ocr_par' dir='ltr' id='par_1_55' title="bbox 2500 2585 4061 2658">
     <span class='ocr_line' id='line_1_55' title="bbox 2500 2585 4061 2658; baseline 0.004 -23"><span class='ocrx_word' id='word_1_424' title='bbox 2500 2587 2674 2655; x_wconf 80' lang='lat' dir='ltr'><strong>pleiue</strong></span> <span class='ocrx_word' id='word_1_425' title='bbox 2704 2588 2867 2647; x_wconf 67' lang='lat' dir='ltr'><strong>luna),</strong></span> <span class='ocrx_word' id='word_1_426' title='bbox 2903 2585 3171 2655; x_wconf 88' lang='lat' dir='ltr'><strong>signiﬁcat</strong></span> <span class='ocrx_word' id='word_1_427' title='bbox 3205 2586 3605 2655; x_wconf 90' lang='lat' dir='ltr'><strong>plenitudinem</strong></span> <span class='ocrx_word' id='word_1_428' title='bbox 3651 2588 3909 2642; x_wconf 79' lang='lat' dir='ltr'><strong>Ecclesia:</strong></span> <span class='ocrx_word' id='word_1_429' title='bbox 3940 2604 4061 2658; x_wconf 89' lang='lat' dir='ltr'><strong>pro-</strong></span> 
     </span>
    </p>
   </div>
   <div class='ocr_carea' id='block_1_56' title="bbox 2503 2677 4059 2749">
    <p class='ocr_par' dir='ltr' id='par_1_56' title="bbox 2503 2677 4059 2749">
     <span class='ocr_line' id='line_1_56' title="bbox 2503 2677 4059 2749; baseline 0.001 -18"><span class='ocrx_word' id='word_1_430' title='bbox 2503 2688 2620 2747; x_wconf 88' lang='lat' dir='ltr'><strong>pter</strong></span> <span class='ocrx_word' id='word_1_431' title='bbox 2646 2694 2807 2745; x_wconf 88' lang='lat' dir='ltr'><strong>quam</strong></span> <span class='ocrx_word' id='word_1_432' title='bbox 2851 2677 3101 2731; x_wconf 89' lang='lat' dir='ltr'><strong>Christus</strong></span> <span class='ocrx_word' id='word_1_433' title='bbox 3134 2688 3217 2732; x_wconf 87' lang='lat' dir='ltr'><strong>est</strong></span> <span class='ocrx_word' id='word_1_434' title='bbox 3242 2680 3595 2733; x_wconf 89' lang='lat' dir='ltr'><strong>saeritieatus.</strong></span> <span class='ocrx_word' id='word_1_435' title='bbox 3630 2679 3843 2733; x_wconf 86' lang='lat' dir='ltr'><strong>Etenim</strong></span> <span class='ocrx_word' id='word_1_436' title='bbox 3886 2680 4059 2749; x_wconf 90' lang='lat' dir='ltr'><strong>ipsum</strong></span> 
     </span>
    </p>
   </div>
   <div class='ocr_carea' id='block_1_57' title="bbox 2500 2769 4063 2841">
    <p class='ocr_par' dir='ltr' id='par_1_57' title="bbox 2500 2769 4063 2841">
     <span class='ocr_line' id='line_1_57' title="bbox 2500 2769 4063 2841; baseline 0.003 -23"><span class='ocrx_word' id='word_1_437' title='bbox 2500 2769 2619 2837; x_wconf 89' lang='lat' dir='ltr'><strong>ejus</strong></span> <span class='ocrx_word' id='word_1_438' title='bbox 2655 2784 2855 2821; x_wconf 84' lang='lat' dir='ltr'><strong>nomen</strong></span> <span class='ocrx_word' id='word_1_439' title='bbox 2900 2769 3168 2838; x_wconf 85' lang='lat' dir='ltr'><strong>significat</strong></span> <span class='ocrx_word' id='word_1_440' title='bbox 3198 2770 3447 2838; x_wconf 82' lang='lat' dir='ltr'><strong>gratiam,</strong></span> <span class='ocrx_word' id='word_1_441' title='bbox 3484 2786 3679 2839; x_wconf 88' lang='lat' dir='ltr'><strong>nempe</strong></span> <span class='ocrx_word' id='word_1_442' title='bbox 3722 2770 4063 2841; x_wconf 83' lang='lat' dir='ltr'><strong>baptismatis</strong></span> 
     </span>
    </p>
   </div>
   <div class='ocr_carea' id='block_1_58' title="bbox 2502 2859 4063 2931">
    <p class='ocr_par' dir='ltr' id='par_1_58' title="bbox 2502 2859 4063 2931">
     <span class='ocr_line' id='line_1_58' title="bbox 2502 2859 4063 2931; baseline 0.002 -18"><span class='ocrx_word' id='word_1_443' title='bbox 2502 2859 2996 2929; x_wconf 84' lang='lat' dir='ltr'><strong>regenerationem.</strong></span> <span class='ocrx_word' id='word_1_444' title='bbox 3026 2859 3229 2928; x_wconf 73' lang='grc' dir='ltr'>Σεληνὴ</span> <span class='ocrx_word' id='word_1_445' title='bbox 3246 2860 3415 2920; x_wconf 88' lang='lat' dir='ltr'><strong>enim,</strong></span> <span class='ocrx_word' id='word_1_446' title='bbox 3443 2860 3593 2914; x_wconf 91' lang='lat' dir='ltr'><strong>idest</strong></span> <span class='ocrx_word' id='word_1_447' title='bbox 3622 2861 3769 2923; x_wconf 89' lang='lat' dir='ltr'><strong>luna,</strong></span> <span class='ocrx_word' id='word_1_448' title='bbox 3797 2862 4063 2931; x_wconf 83' lang='lat' dir='ltr'><strong>interpre-</strong></span> 
     </span>
    </p>
   </div>
   <div class='ocr_carea' id='block_1_59' title="bbox 2505 2950 4061 3021">
    <p class='ocr_par' dir='ltr' id='par_1_59' title="bbox 2505 2950 4061 3021">
     <span class='ocr_line' id='line_1_59' title="bbox 2505 2950 4061 3021; baseline 0.001 -18"><span class='ocrx_word' id='word_1_449' title='bbox 2505 2961 2648 3004; x_wconf 87' lang='lat' dir='ltr'><strong>tatur</strong></span> <span class='ocrx_word' id='word_1_450' title='bbox 2668 2951 2822 3014; x_wconf 68' lang='grc' dir='ltr'><strong>σέλας</strong></span> <span class='ocrx_word' id='word_1_451' title='bbox 2857 2951 3083 3021; x_wconf 74' lang='grc' dir='ltr'><strong>νηπίων,</strong></span> <span class='ocrx_word' id='word_1_452' title='bbox 3116 2950 3168 3003; x_wconf 90' lang='lat' dir='ltr'><strong>id</strong></span> <span class='ocrx_word' id='word_1_453' title='bbox 3197 2960 3274 3002; x_wconf 83' lang='lat' dir='ltr'><strong>est</strong></span> <span class='ocrx_word' id='word_1_454' title='bbox 3303 2950 3501 3020; x_wconf 84' lang='lat' dir='ltr'><strong>,fulgor</strong></span> <span class='ocrx_word' id='word_1_455' title='bbox 3534 2951 3845 3015; x_wconf 89' lang='lat' dir='ltr'><strong>infantium,</strong></span> <span class='ocrx_word' id='word_1_456' title='bbox 3871 2966 3925 3008; x_wconf 83' lang='lat' dir='ltr'><strong>et</strong></span> <span class='ocrx_word' id='word_1_457' title='bbox 3947 2971 4061 3006; x_wconf 86' lang='lat' dir='ltr'><strong>om-</strong></span> 
     </span>
    </p>
   </div>
   <div class='ocr_carea' id='block_1_60' title="bbox 2506 3041 4063 3112">
    <p class='ocr_par' dir='ltr' id='par_1_60' title="bbox 2506 3041 4063 3112">
     <span class='ocr_line' id='line_1_60' title="bbox 2506 3041 4063 3112; baseline 0 -16"><span class='ocrx_word' id='word_1_458' title='bbox 2506 3044 2659 3097; x_wconf 91' lang='lat' dir='ltr'><strong>nium</strong></span> <span class='ocrx_word' id='word_1_459' title='bbox 2689 3042 2782 3112; x_wconf 91' lang='lat' dir='ltr'><strong>qui</strong></span> <span class='ocrx_word' id='word_1_460' title='bbox 2817 3052 3173 3112; x_wconf 82' lang='lat' dir='ltr'><strong>generantur,</strong></span> <span class='ocrx_word' id='word_1_461' title='bbox 3213 3052 3401 3110; x_wconf 88' lang='lat' dir='ltr'><strong>utpote</strong></span> <span class='ocrx_word' id='word_1_462' title='bbox 3427 3041 3571 3111; x_wconf 91' lang='lat' dir='ltr'><strong>quod</strong></span> <span class='ocrx_word' id='word_1_463' title='bbox 3599 3043 3665 3097; x_wconf 90' lang='lat' dir='ltr'><strong>ab</strong></span> <span class='ocrx_word' id='word_1_464' title='bbox 3694 3055 3853 3098; x_wconf 88' lang='lat' dir='ltr'><strong>utero</strong></span> <span class='ocrx_word' id='word_1_465' title='bbox 3877 3046 3979 3098; x_wconf 88' lang='lat' dir='ltr'><strong>alia</strong></span> <span class='ocrx_word' id='word_1_466' title='bbox 3998 3046 4063 3097; x_wconf 87' lang='lat' dir='ltr'><strong>sit</strong></span> 
     </span>
    </p>
   </div>
   <div class='ocr_carea' id='block_1_61' title="bbox 2505 3134 4065 3204">
    <p class='ocr_par' dir='ltr' id='par_1_61' title="bbox 2505 3134 4065 3204">
     <span class='ocr_line' id='line_1_61' title="bbox 2505 3134 4065 3204; baseline 0.001 -15"><span class='ocrx_word' id='word_1_467' title='bbox 2505 3136 2714 3204; x_wconf 87' lang='lat' dir='ltr'><strong>piscina</strong></span> <span class='ocrx_word' id='word_1_468' title='bbox 2766 3152 2781 3188; x_wconf 91' lang='lat'><strong>:</strong></span> <span class='ocrx_word' id='word_1_469' title='bbox 2832 3135 2989 3196; x_wconf 70' lang='grc' dir='ltr'>σέλας</span> <span class='ocrx_word' id='word_1_470' title='bbox 3029 3135 3176 3187; x_wconf 90' lang='lat' dir='ltr'><strong>enim</strong></span> <span class='ocrx_word' id='word_1_471' title='bbox 3234 3143 3318 3189; x_wconf 87' lang='lat' dir='ltr'><strong>est</strong></span> <span class='ocrx_word' id='word_1_472' title='bbox 3366 3134 3478 3187; x_wconf 74' lang='lat' dir='ltr'><strong>lux.</strong></span> <span class='ocrx_word' id='word_1_473' title='bbox 3539 3135 3647 3188; x_wconf 85' lang='lat' dir='ltr'><strong>Aut</strong></span> <span class='ocrx_word' id='word_1_474' title='bbox 3703 3151 3897 3191; x_wconf 87' lang='lat' dir='ltr'><strong>rursus</strong></span> <span class='ocrx_word' id='word_1_475' title='bbox 3927 3137 4065 3191; x_wconf 65' lang='lat' dir='ltr'><strong>luna‘.</strong></span> 
     </span>
    </p>
   </div>
   <div class='ocr_carea' id='block_1_62' title="bbox 840 3211 4064 3301">
    <p class='ocr_par' dir='ltr' id='par_1_62' title="bbox 840 3211 4064 3301">
     <span class='ocr_line' id='line_1_62' title="bbox 840 3211 4064 3301; baseline -0.003 -12"><span class='ocrx_word' id='word_1_476' title='bbox 840 3211 1054 3289; x_wconf 79' lang='lat' dir='ltr'><strong>Domini</strong></span> <span class='ocrx_word' id='word_1_477' title='bbox 1078 3233 1318 3301; x_wconf 73' lang='grc' dir='ltr'><strong>ὁμόθεον,</strong></span> <span class='ocrx_word' id='word_1_478' title='bbox 1348 3231 1401 3284; x_wconf 89' lang='lat' dir='ltr'><strong>id</strong></span> <span class='ocrx_word' id='word_1_479' title='bbox 1434 3240 1537 3296; x_wconf 88' lang='lat' dir='ltr'><strong>est,</strong></span> <span class='ocrx_word' id='word_1_480' title='bbox 1570 3228 1730 3281; x_wconf 87' lang='lat' dir='ltr'><strong>simul</strong></span> <span class='ocrx_word' id='word_1_481' title='bbox 1763 3227 1954 3281; x_wconf 90' lang='lat' dir='ltr'><strong>Deum.</strong></span> <span class='ocrx_word' id='word_1_482' title='bbox 1985 3224 2041 3279; x_wconf 89' lang='lat' dir='ltr'><strong>Si</strong></span> <span class='ocrx_word' id='word_1_483' title='bbox 2063 3224 2194 3295; x_wconf 92' lang='lat' dir='ltr'><strong>quid</strong></span> <span class='ocrx_word' id='word_1_484' title='bbox 2218 3235 2398 3279; x_wconf 87' lang='lat' dir='ltr'><strong>autem</strong></span> <span class='ocrx_word' id='word_1_485' title='bbox 2428 3211 2468 3267; x_wconf 74' lang='lat' dir='ltr'><strong>C</strong></span> <span class='ocrx_word' id='word_1_486' title='bbox 2504 3226 2680 3296; x_wconf 81' lang='lat' dir='ltr'><strong>fulgor</strong></span> <span class='ocrx_word' id='word_1_487' title='bbox 2727 3235 2811 3280; x_wconf 91' lang='lat' dir='ltr'><strong>est</strong></span> <span class='ocrx_word' id='word_1_488' title='bbox 2854 3241 3184 3295; x_wconf 83' lang='lat' dir='ltr'><strong>puerascens</strong></span> <span class='ocrx_word' id='word_1_489' title='bbox 3207 3266 3220 3288; x_wconf 96' lang='lat'><strong>,</strong></span> <span class='ocrx_word' id='word_1_490' title='bbox 3281 3235 3569 3295; x_wconf 86' lang='lat' dir='ltr'><strong>propterea</strong></span> <span class='ocrx_word' id='word_1_491' title='bbox 3610 3226 3753 3295; x_wconf 88' lang='lat' dir='ltr'><strong>quod</strong></span> <span class='ocrx_word' id='word_1_492' title='bbox 3801 3238 4064 3297; x_wconf 88' lang='lat' dir='ltr'><strong>perpetuo</strong></span> 
     </span>
    </p>
   </div>
   <div class='ocr_carea' id='block_1_63' title="bbox 840 3319 2401 3397">
    <p class='ocr_par' dir='ltr' id='par_1_63' title="bbox 840 3319 2401 3397">
     <span class='ocr_line' id='line_1_63' title="bbox 840 3319 2401 3397; baseline -0.006 -17"><span class='ocrx_word' id='word_1_493' title='bbox 840 3326 1079 3397; x_wconf 84' lang='lat' dir='ltr'><strong>mysterii</strong></span> <span class='ocrx_word' id='word_1_494' title='bbox 1112 3324 1487 3390; x_wconf 78' lang='lat' dir='ltr'><strong>cegnoviuuis,</strong></span> <span class='ocrx_word' id='word_1_495' title='bbox 1538 3321 1590 3375; x_wconf 88' lang='lat' dir='ltr'><strong>id</strong></span> <span class='ocrx_word' id='word_1_496' title='bbox 1627 3336 1737 3373; x_wconf 92' lang='lat' dir='ltr'><strong>non</strong></span> <span class='ocrx_word' id='word_1_497' title='bbox 1771 3328 1855 3373; x_wconf 88' lang='lat' dir='ltr'><strong>est</strong></span> <span class='ocrx_word' id='word_1_498' title='bbox 1904 3333 1971 3372; x_wconf 71' lang='lat' dir='ltr'><strong>ex</strong></span> <span class='ocrx_word' id='word_1_499' title='bbox 2013 3319 2177 3371; x_wconf 89' lang='lat' dir='ltr'><strong>domo</strong></span> <span class='ocrx_word' id='word_1_500' title='bbox 2217 3326 2401 3371; x_wconf 81' lang='lat' dir='ltr'><strong>nostra</strong></span> 
     </span>
    </p>
   </div>
   <div class='ocr_carea' id='block_1_64' title="bbox 840 3410 2400 3476">
    <p class='ocr_par' dir='ltr' id='par_1_64' title="bbox 840 3410 2400 3476">
     <span class='ocr_line' id='line_1_64' title="bbox 840 3410 2400 3476; baseline -0.006 -4"><span class='ocrx_word' id='word_1_501' title='bbox 840 3435 941 3472; x_wconf 81' lang='lat' dir='ltr'><strong>nec</strong></span> <span class='ocrx_word' id='word_1_502' title='bbox 971 3435 1035 3471; x_wconf 82' lang='lat' dir='ltr'><strong>ex</strong></span> <span class='ocrx_word' id='word_1_503' title='bbox 1088 3416 1266 3476; x_wconf 83' lang='lat' dir='ltr'><strong>nobis,</strong></span> <span class='ocrx_word' id='word_1_504' title='bbox 1322 3414 1413 3468; x_wconf 86' lang='lat' dir='ltr'><strong>sed</strong></span> <span class='ocrx_word' id='word_1_505' title='bbox 1459 3430 1525 3468; x_wconf 75' lang='lat' dir='ltr'><strong>ex</strong></span> <span class='ocrx_word' id='word_1_506' title='bbox 1559 3413 1713 3467; x_wconf 74' lang='lat' dir='ltr'><strong>cmlis</strong></span> <span class='ocrx_word' id='word_1_507' title='bbox 1757 3412 1916 3465; x_wconf 91' lang='lat' dir='ltr'><strong>nobis</strong></span> <span class='ocrx_word' id='word_1_508' title='bbox 1958 3420 2041 3465; x_wconf 84' lang='lat' dir='ltr'><strong>est</strong></span> <span class='ocrx_word' id='word_1_509' title='bbox 2079 3410 2400 3464; x_wconf 90' lang='lat' dir='ltr'><strong>revelatum.</strong></span> 
     </span>
    </p>
   </div>
   <div class='ocr_carea' id='block_1_65' title="bbox 842 3500 2405 3577">
    <p class='ocr_par' dir='ltr' id='par_1_65' title="bbox 842 3500 2405 3577">
     <span class='ocr_line' id='line_1_65' title="bbox 842 3500 2405 3577; baseline -0.006 -15"><span class='ocrx_word' id='word_1_510' title='bbox 842 3510 1138 3577; x_wconf 73' lang='lat' dir='ltr'><strong>Subjungit</strong></span> <span class='ocrx_word' id='word_1_511' title='bbox 1165 3509 1311 3561; x_wconf 90' lang='lat' dir='ltr'><strong>enim</strong></span> <span class='ocrx_word' id='word_1_512' title='bbox 1342 3523 1353 3558; x_wconf 93' lang='lat'><strong>:</strong></span> <span class='ocrx_word' id='word_1_513' title='bbox 1396 3505 1464 3559; x_wconf 79' lang='lat' dir='ltr'><strong>Et</strong></span> <span class='ocrx_word' id='word_1_514' title='bbox 1494 3506 1691 3557; x_wconf 76' lang='lat' dir='ltr'><strong>tonarit</strong></span> <span class='ocrx_word' id='word_1_515' title='bbox 1718 3520 1744 3556; x_wconf 84' lang='lat' dir='ltr'><strong>e</strong></span> <span class='ocrx_word' id='word_1_516' title='bbox 1770 3503 1895 3556; x_wconf 72' lang='lat' dir='ltr'><strong>cazlo</strong></span> <span class='ocrx_word' id='word_1_517' title='bbox 1939 3502 2190 3556; x_wconf 77' lang='lat' dir='ltr'><strong>Dominus</strong></span> <span class='ocrx_word' id='word_1_518' title='bbox 2234 3511 2283 3554; x_wconf 79' lang='lat' dir='ltr'><strong>et</strong></span> <span class='ocrx_word' id='word_1_519' title='bbox 2318 3500 2405 3556; x_wconf 83' lang='lat' dir='ltr'><strong>Al-</strong></span> 
     </span>
    </p>
   </div>
   <div class='ocr_carea' id='block_1_66' title="bbox 839 3594 2405 3661">
    <p class='ocr_par' dir='ltr' id='par_1_66' title="bbox 839 3594 2405 3661">
     <span class='ocr_line' id='line_1_66' title="bbox 839 3594 2405 3661; baseline -0.005 -8"><span class='ocrx_word' id='word_1_520' title='bbox 839 3603 1067 3654; x_wconf 78' lang='lat' dir='ltr'><strong>tissimus</strong></span> <span class='ocrx_word' id='word_1_521' title='bbox 1133 3599 1272 3651; x_wconf 75' lang='lat' dir='ltr'><strong>dedit</strong></span> <span class='ocrx_word' id='word_1_522' title='bbox 1329 3613 1503 3651; x_wconf 85' lang='lat' dir='ltr'><strong>vocem</strong></span> <span class='ocrx_word' id='word_1_523' title='bbox 1580 3614 1731 3649; x_wconf 82' lang='lat' dir='ltr'><strong>suam</strong></span> <span class='ocrx_word' id='word_1_524' title='bbox 1757 3597 1821 3649; x_wconf 63' lang='grc' dir='ltr'><strong>δ’.</strong></span> <span class='ocrx_word' id='word_1_525' title='bbox 1887 3594 2112 3661; x_wconf 82' lang='lat' dir='ltr'><strong>Quando</strong></span> <span class='ocrx_word' id='word_1_526' title='bbox 2174 3594 2405 3649; x_wconf 87' lang='lat' dir='ltr'><strong>autem?</strong></span> 
     </span>
    </p>
   </div>
   <div class='ocr_carea' id='block_1_67' title="bbox 840 3684 2401 3758">
    <p class='ocr_par' dir='ltr' id='par_1_67' title="bbox 840 3684 2401 3758">
     <span class='ocr_line' id='line_1_67' title="bbox 840 3684 2401 3758; baseline -0.005 -14"><span class='ocrx_word' id='word_1_527' title='bbox 840 3689 1071 3757; x_wconf 83' lang='lat' dir='ltr'><strong>Quando</strong></span> <span class='ocrx_word' id='word_1_528' title='bbox 1103 3689 1312 3758; x_wconf 86' lang='lat' dir='ltr'><strong>linguas</strong></span> <span class='ocrx_word' id='word_1_529' title='bbox 1342 3688 1524 3757; x_wconf 82' lang='lat' dir='ltr'><strong>igneas</strong></span> <span class='ocrx_word' id='word_1_530' title='bbox 1566 3701 1691 3739; x_wconf 91' lang='lat' dir='ltr'><strong>cum</strong></span> <span class='ocrx_word' id='word_1_531' title='bbox 1727 3686 1932 3738; x_wconf 92' lang='lat' dir='ltr'><strong>tonitru</strong></span> <span class='ocrx_word' id='word_1_532' title='bbox 1960 3684 2225 3739; x_wconf 75' lang='lat' dir='ltr'><strong>emisit“.</strong></span> <span class='ocrx_word' id='word_1_533' title='bbox 2255 3684 2401 3748; x_wconf 78' lang='lat' dir='ltr'><strong>Qua-</strong></span> 
     </span>
    </p>
   </div>
   <div class='ocr_carea' id='block_1_68' title="bbox 843 3775 2403 3850">
    <p class='ocr_par' dir='ltr' id='par_1_68' title="bbox 843 3775 2403 3850">
     <span class='ocr_line' id='line_1_68' title="bbox 843 3775 2403 3850; baseline -0.005 -14"><span class='ocrx_word' id='word_1_534' title='bbox 843 3799 963 3836; x_wconf 90' lang='lat' dir='ltr'><strong>rum</strong></span> <span class='ocrx_word' id='word_1_535' title='bbox 1016 3782 1321 3850; x_wconf 83' lang='lat' dir='ltr'><strong>linguarum</strong></span> <span class='ocrx_word' id='word_1_536' title='bbox 1367 3778 1632 3847; x_wconf 89' lang='lat' dir='ltr'><strong>fulgorcm</strong></span> <span class='ocrx_word' id='word_1_537' title='bbox 1686 3777 1764 3831; x_wconf 91' lang='lat' dir='ltr'><strong>sol</strong></span> <span class='ocrx_word' id='word_1_538' title='bbox 1808 3790 2027 3846; x_wconf 88' lang='lat' dir='ltr'><strong>quoque</strong></span> <span class='ocrx_word' id='word_1_539' title='bbox 2072 3775 2167 3845; x_wconf 88' lang='lat' dir='ltr'><strong>qui</strong></span> <span class='ocrx_word' id='word_1_540' title='bbox 2207 3784 2403 3843; x_wconf 91' lang='lat' dir='ltr'><strong>quarto</strong></span> 
     </span>
    </p>
   </div>
   <div class='ocr_carea' id='block_1_69' title="bbox 842 3866 2404 3938">
    <p class='ocr_par' dir='ltr' id='par_1_69' title="bbox 842 3866 2404 3938">
     <span class='ocr_line' id='line_1_69' title="bbox 842 3866 2404 3938; baseline -0.004 -11"><span class='ocrx_word' id='word_1_541' title='bbox 842 3875 935 3927; x_wconf 88' lang='lat' dir='ltr'><strong>die</strong></span> <span class='ocrx_word' id='word_1_542' title='bbox 973 3874 1148 3926; x_wconf 87' lang='lat' dir='ltr'><strong>factus</strong></span> <span class='ocrx_word' id='word_1_543' title='bbox 1178 3878 1290 3933; x_wconf 90' lang='lat' dir='ltr'><strong>est,</strong></span> <span class='ocrx_word' id='word_1_544' title='bbox 1334 3868 1792 3938; x_wconf 64' lang='lat' dir='ltr'><strong>prcesiguiﬁcavit.</strong></span> <span class='ocrx_word' id='word_1_545' title='bbox 1840 3868 1914 3921; x_wconf 92' lang='lat' dir='ltr'><strong>De</strong></span> <span class='ocrx_word' id='word_1_546' title='bbox 1960 3868 2062 3921; x_wconf 90' lang='lat' dir='ltr'><strong>hoc</strong></span> <span class='ocrx_word' id='word_1_547' title='bbox 2098 3877 2279 3921; x_wconf 89' lang='lat' dir='ltr'><strong>autem</strong></span> <span class='ocrx_word' id='word_1_548' title='bbox 2316 3866 2404 3921; x_wconf 88' lang='lat' dir='ltr'><strong>die</strong></span> 
     </span>
    </p>
   </div>
   <div class='ocr_carea' id='block_1_70' title="bbox 841 3959 2404 4033">
    <p class='ocr_par' dir='ltr' id='par_1_70' title="bbox 841 3959 2404 4033">
     <span class='ocr_line' id='line_1_70' title="bbox 841 3959 2404 4033; baseline -0.003 -16"><span class='ocrx_word' id='word_1_549' title='bbox 841 3973 1062 4033; x_wconf 74' lang='lat' dir='ltr'><strong>quarto,</strong></span> <span class='ocrx_word' id='word_1_550' title='bbox 1104 3963 1343 4030; x_wconf 85' lang='lat' dir='ltr'><strong>inquam,</strong></span> <span class='ocrx_word' id='word_1_551' title='bbox 1390 3970 1444 4013; x_wconf 89' lang='lat' dir='ltr'><strong>et</strong></span> <span class='ocrx_word' id='word_1_552' title='bbox 1483 3961 1658 4029; x_wconf 91' lang='lat' dir='ltr'><strong>primo</strong></span> <span class='ocrx_word' id='word_1_553' title='bbox 1695 3959 1938 4030; x_wconf 87' lang='lat' dir='ltr'><strong>perfecto</strong></span> <span class='ocrx_word' id='word_1_554' title='bbox 1994 3960 2048 4012; x_wconf 88' lang='lat' dir='ltr'><strong>in</strong></span> <span class='ocrx_word' id='word_1_555' title='bbox 2089 3975 2199 4029; x_wconf 87' lang='lat' dir='ltr'><strong>quo</strong></span> <span class='ocrx_word' id='word_1_556' title='bbox 2251 3967 2404 4013; x_wconf 89' lang='lat' dir='ltr'><strong>ortus</strong></span> 
     </span>
    </p>
   </div>
   <div class='ocr_carea' id='block_1_71' title="bbox 842 4048 2405 4122">
    <p class='ocr_par' dir='ltr' id='par_1_71' title="bbox 842 4048 2405 4122">
     <span class='ocr_line' id='line_1_71' title="bbox 842 4048 2405 4122; baseline -0.004 -15"><span class='ocrx_word' id='word_1_557' title='bbox 842 4066 929 4108; x_wconf 83' lang='lat' dir='ltr'><strong>est</strong></span> <span class='ocrx_word' id='word_1_558' title='bbox 963 4055 1040 4107; x_wconf 86' lang='lat' dir='ltr'><strong>sol</strong></span> <span class='ocrx_word' id='word_1_559' title='bbox 1065 4052 1309 4122; x_wconf 87' lang='lat' dir='ltr'><strong>justiti.e,</strong></span> <span class='ocrx_word' id='word_1_560' title='bbox 1335 4061 1390 4104; x_wconf 88' lang='lat' dir='ltr'><strong>et</strong></span> <span class='ocrx_word' id='word_1_561' title='bbox 1415 4051 1604 4113; x_wconf 60' lang='lat' dir='ltr'><strong>stella),</strong></span> <span class='ocrx_word' id='word_1_562' title='bbox 1644 4060 1699 4103; x_wconf 87' lang='lat' dir='ltr'><strong>et</strong></span> <span class='ocrx_word' id='word_1_563' title='bbox 1726 4051 1874 4110; x_wconf 87' lang='lat' dir='ltr'><strong>luna,</strong></span> <span class='ocrx_word' id='word_1_564' title='bbox 1908 4049 2123 4103; x_wconf 89' lang='lat' dir='ltr'><strong>videtur</strong></span> <span class='ocrx_word' id='word_1_565' title='bbox 2151 4049 2295 4103; x_wconf 85' lang='lat' dir='ltr'><strong>Deus</strong></span> <span class='ocrx_word' id='word_1_566' title='bbox 2318 4048 2405 4103; x_wconf 87' lang='lat' dir='ltr'><strong>di-</strong></span> 
     </span>
    </p>
   </div>
   <div class='ocr_carea' id='block_1_72' title="bbox 843 4138 2401 4208">
    <p class='ocr_par' dir='ltr' id='par_1_72' title="bbox 843 4138 2401 4208">
     <span class='ocr_line' id='line_1_72' title="bbox 843 4138 2401 4208; baseline -0.004 -10"><span class='ocrx_word' id='word_1_567' title='bbox 843 4161 969 4198; x_wconf 75' lang='lat' dir='ltr'><strong>cere</strong></span> <span class='ocrx_word' id='word_1_568' title='bbox 1005 4144 1303 4198; x_wconf 90' lang='lat' dir='ltr'><strong>fortissimo</strong></span> <span class='ocrx_word' id='word_1_569' title='bbox 1334 4143 1449 4195; x_wconf 91' lang='lat' dir='ltr'><strong>viro</strong></span> <span class='ocrx_word' id='word_1_570' title='bbox 1469 4141 1609 4195; x_wconf 83' lang='lat' dir='ltr'><strong>Jobo</strong></span> <span class='ocrx_word' id='word_1_571' title='bbox 1635 4160 1646 4194; x_wconf 88' lang='lat'>:</span> <span class='ocrx_word' id='word_1_572' title='bbox 1680 4138 1900 4204; x_wconf 82' lang='lat' dir='ltr'><strong>Quando</strong></span> <span class='ocrx_word' id='word_1_573' title='bbox 1923 4140 2061 4208; x_wconf 78' lang='lat' dir='ltr'><strong>facta</strong></span> <span class='ocrx_word' id='word_1_574' title='bbox 2082 4147 2201 4191; x_wconf 79' lang='lat' dir='ltr'><strong>sunt</strong></span> <span class='ocrx_word' id='word_1_575' title='bbox 2232 4148 2401 4201; x_wconf 74' lang='lat' dir='ltr'><strong>astra,</strong></span> 
     </span>
    </p>
   </div>
   <div class='ocr_carea' id='block_1_73' title="bbox 846 4231 2405 4302">
    <p class='ocr_par' dir='ltr' id='par_1_73' title="bbox 846 4231 2405 4302">
     <span class='ocr_line' id='line_1_73' title="bbox 846 4231 2405 4302; baseline -0.006 -11"><span class='ocrx_word' id='word_1_576' title='bbox 846 4238 1134 4291; x_wconf 75' lang='lat' dir='ltr'><strong>[mutarunt</strong></span> <span class='ocrx_word' id='word_1_577' title='bbox 1178 4250 1257 4287; x_wconf 82' lang='lat' dir='ltr'><strong>me</strong></span> <span class='ocrx_word' id='word_1_578' title='bbox 1316 4250 1432 4286; x_wconf 79' lang='lat' dir='ltr'><strong>eocc</strong></span> <span class='ocrx_word' id='word_1_579' title='bbox 1493 4249 1686 4302; x_wconf 85' lang='lat' dir='ltr'><strong>magna</strong></span> <span class='ocrx_word' id='word_1_580' title='bbox 1743 4240 1943 4283; x_wconf 62' lang='lat' dir='ltr'><strong>omnes</strong></span> <span class='ocrx_word' id='word_1_581' title='bbox 1981 4231 2154 4299; x_wconf 79' lang='lat' dir='ltr'><strong>angeli</strong></span> <span class='ocrx_word' id='word_1_582' title='bbox 2203 4232 2302 4283; x_wconf 81' lang='lat' dir='ltr'><strong>mei</strong></span> <span class='ocrx_word' id='word_1_583' title='bbox 2358 4240 2405 4281; x_wconf 74' lang='lat' dir='ltr'><strong>et</strong></span> 
     </span>
    </p>
   </div>
   <div class='ocr_carea' id='block_1_74' title="bbox 846 4318 2403 4394">
    <p class='ocr_par' dir='ltr' id='par_1_74' title="bbox 846 4318 2403 4394">
     <span class='ocr_line' id='line_1_74' title="bbox 846 4318 2403 4394; baseline -0.004 -16"><span class='ocrx_word' id='word_1_584' title='bbox 846 4327 1050 4394; x_wconf 72' lang='lat' dir='ltr'><strong>hymnis</strong></span> <span class='ocrx_word' id='word_1_585' title='bbox 1098 4323 1513 4376; x_wconf 69' lang='lat' dir='ltr'><strong>celebrarunt&quot;.</strong></span> <span class='ocrx_word' id='word_1_586' title='bbox 1566 4321 1633 4374; x_wconf 84' lang='grc' dir='ltr'>Ει</span> <span class='ocrx_word' id='word_1_587' title='bbox 1684 4319 2090 4390; x_wconf 89' lang='lat' dir='ltr'><strong>quamobrem?</strong></span> <span class='ocrx_word' id='word_1_588' title='bbox 2137 4318 2403 4385; x_wconf 83' lang='lat' dir='ltr'><strong>Quoniam</strong></span> 
     </span>
    </p>
   </div>
   <div class='ocr_carea' id='block_1_75' title="bbox 847 4409 2408 4479">
    <p class='ocr_par' dir='ltr' id='par_1_75' title="bbox 847 4409 2408 4479">
     <span class='ocr_line' id='line_1_75' title="bbox 847 4409 2408 4479; baseline -0.004 -10"><span class='ocrx_word' id='word_1_589' title='bbox 847 4418 990 4469; x_wconf 87' lang='lat' dir='ltr'><strong>facta</strong></span> <span class='ocrx_word' id='word_1_590' title='bbox 1020 4423 1150 4467; x_wconf 89' lang='lat' dir='ltr'><strong>sunt</strong></span> <span class='ocrx_word' id='word_1_591' title='bbox 1176 4414 1358 4465; x_wconf 85' lang='lat' dir='ltr'><strong>astra?</strong></span> <span class='ocrx_word' id='word_1_592' title='bbox 1388 4411 1506 4465; x_wconf 76' lang='lat' dir='ltr'><strong>Non</strong></span> <span class='ocrx_word' id='word_1_593' title='bbox 1539 4420 1685 4464; x_wconf 88' lang='lat' dir='ltr'><strong>certe</strong></span> <span class='ocrx_word' id='word_1_594' title='bbox 1708 4420 1993 4479; x_wconf 86' lang='lat' dir='ltr'><strong>propterea</strong></span> <span class='ocrx_word' id='word_1_595' title='bbox 2024 4409 2150 4463; x_wconf 87' lang='lat' dir='ltr'><strong>:sed</strong></span> <span class='ocrx_word' id='word_1_596' title='bbox 2179 4424 2301 4462; x_wconf 89' lang='lat' dir='ltr'><strong>cum</strong></span> <span class='ocrx_word' id='word_1_597' title='bbox 2328 4409 2408 4463; x_wconf 85' lang='lat' dir='ltr'><strong>vi-</strong></span> 
     </span>
    </p>
   </div>
   <div class='ocr_carea' id='block_1_76' title="bbox 846 4499 2405 4570">
    <p class='ocr_par' dir='ltr' id='par_1_76' title="bbox 846 4499 2405 4570">
     <span class='ocr_line' id='line_1_76' title="bbox 846 4499 2405 4570; baseline -0.003 -13"><span class='ocrx_word' id='word_1_598' title='bbox 846 4505 1059 4559; x_wconf 87' lang='lat' dir='ltr'><strong>dissent</strong></span> <span class='ocrx_word' id='word_1_599' title='bbox 1096 4505 1264 4558; x_wconf 91' lang='lat' dir='ltr'><strong>solem</strong></span> <span class='ocrx_word' id='word_1_600' title='bbox 1291 4518 1321 4556; x_wconf 90' lang='lat' dir='ltr'><strong>c</strong></span> <span class='ocrx_word' id='word_1_601' title='bbox 1346 4512 1490 4556; x_wconf 92' lang='lat' dir='ltr'><strong>terra</strong></span> <span class='ocrx_word' id='word_1_602' title='bbox 1519 4513 1909 4564; x_wconf 88' lang='lat' dir='ltr'><strong>recurrentem,</strong></span> <span class='ocrx_word' id='word_1_603' title='bbox 1951 4500 2006 4554; x_wconf 90' lang='lat' dir='ltr'><strong>in</strong></span> <span class='ocrx_word' id='word_1_604' title='bbox 2036 4500 2292 4570; x_wconf 86' lang='lat' dir='ltr'><strong>mysterio</strong></span> <span class='ocrx_word' id='word_1_605' title='bbox 2320 4499 2405 4553; x_wconf 90' lang='lat' dir='ltr'><strong>di-</strong></span> 
     </span>
    </p>
   </div>
   <div class='ocr_carea' id='block_1_77' title="bbox 847 4592 2402 4664">
    <p class='ocr_par' dir='ltr' id='par_1_77' title="bbox 847 4592 2402 4664">
     <span class='ocr_line' id='line_1_77' title="bbox 847 4592 2402 4664; baseline -0.003 -14"><span class='ocrx_word' id='word_1_606' title='bbox 847 4599 1121 4659; x_wconf 89' lang='lat' dir='ltr'><strong>dicerunt,</strong></span> <span class='ocrx_word' id='word_1_607' title='bbox 1180 4610 1302 4664; x_wconf 74' lang='lat' dir='ltr'><strong>qua:</strong></span> <span class='ocrx_word' id='word_1_608' title='bbox 1352 4594 1614 4648; x_wconf 76' lang='lat' dir='ltr'><strong>extremis</strong></span> <span class='ocrx_word' id='word_1_609' title='bbox 1656 4592 1993 4662; x_wconf 88' lang='lat' dir='ltr'><strong>temporibus</strong></span> <span class='ocrx_word' id='word_1_610' title='bbox 2035 4592 2219 4645; x_wconf 87' lang='lat' dir='ltr'><strong>futura</strong></span> <span class='ocrx_word' id='word_1_611' title='bbox 2263 4600 2402 4656; x_wconf 89' lang='lat' dir='ltr'><strong>erat,</strong></span> 
     </span>
    </p>
   </div>
   <div class='ocr_carea' id='block_1_78' title="bbox 846 4683 2403 4752">
    <p class='ocr_par' dir='ltr' id='par_1_78' title="bbox 846 4683 2403 4752">
     <span class='ocr_line' id='line_1_78' title="bbox 846 4683 2403 4752; baseline 0.001 -17"><span class='ocrx_word' id='word_1_612' title='bbox 846 4686 1050 4739; x_wconf 68' lang='lat' dir='ltr'><strong>Christi</strong></span> <span class='ocrx_word' id='word_1_613' title='bbox 1107 4685 1564 4747; x_wconf 88' lang='lat' dir='ltr'><strong>incarnationem,</strong></span> <span class='ocrx_word' id='word_1_614' title='bbox 1604 4692 1659 4737; x_wconf 87' lang='lat' dir='ltr'><strong>et</strong></span> <span class='ocrx_word' id='word_1_615' title='bbox 1706 4699 1736 4737; x_wconf 89' lang='lat' dir='ltr'><strong>e</strong></span> <span class='ocrx_word' id='word_1_616' title='bbox 1774 4690 1917 4737; x_wconf 89' lang='lat' dir='ltr'><strong>terra</strong></span> <span class='ocrx_word' id='word_1_617' title='bbox 1955 4683 2403 4752; x_wconf 87' lang='lat' dir='ltr'><strong>assumptionem.</strong></span> 
     </span>
    </p>
   </div>
   <div class='ocr_carea' id='block_1_79' title="bbox 851 4770 2407 4840">
    <p class='ocr_par' dir='ltr' id='par_1_79' title="bbox 851 4770 2407 4840">
     <span class='ocr_line' id='line_1_79' title="bbox 851 4770 2407 4840; baseline -0.003 -12"><span class='ocrx_word' id='word_1_618' title='bbox 851 4776 916 4830; x_wconf 74' lang='lat' dir='ltr'><strong>Et</strong></span> <span class='ocrx_word' id='word_1_619' title='bbox 955 4773 1077 4827; x_wconf 88' lang='lat' dir='ltr'><strong>ideo</strong></span> <span class='ocrx_word' id='word_1_620' title='bbox 1106 4788 1231 4826; x_wconf 90' lang='lat' dir='ltr'><strong>cum</strong></span> <span class='ocrx_word' id='word_1_621' title='bbox 1260 4773 1522 4826; x_wconf 83' lang='lat' dir='ltr'><strong>vidissent</strong></span> <span class='ocrx_word' id='word_1_622' title='bbox 1560 4787 1685 4825; x_wconf 87' lang='lat' dir='ltr'><strong>eum</strong></span> <span class='ocrx_word' id='word_1_623' title='bbox 1725 4787 1791 4825; x_wconf 78' lang='lat' dir='ltr'><strong>ex</strong></span> <span class='ocrx_word' id='word_1_624' title='bbox 1820 4780 2005 4825; x_wconf 89' lang='lat' dir='ltr'><strong>sancta</strong></span> <span class='ocrx_word' id='word_1_625' title='bbox 2037 4770 2255 4840; x_wconf 73' lang='lat' dir='ltr'><strong>Virgine</strong></span> <span class='ocrx_word' id='word_1_626' title='bbox 2286 4779 2407 4824; x_wconf 89' lang='lat' dir='ltr'><strong>tan-</strong></span> 
     </span>
    </p>
   </div>
   <div class='ocr_carea' id='block_1_80' title="bbox 848 4862 2408 4934">
    <p class='ocr_par' dir='ltr' id='par_1_80' title="bbox 848 4862 2408 4934">
     <span class='ocr_line' id='line_1_80' title="bbox 848 4862 2408 4934; baseline 0.002 -19"><span class='ocrx_word' id='word_1_627' title='bbox 848 4878 1009 4934; x_wconf 88' lang='lat' dir='ltr'><strong>quam</strong></span> <span class='ocrx_word' id='word_1_628' title='bbox 1041 4879 1107 4917; x_wconf 80' lang='lat' dir='ltr'><strong>ex</strong></span> <span class='ocrx_word' id='word_1_629' title='bbox 1137 4864 1333 4934; x_wconf 78' lang='lat' dir='ltr'><strong>abysso</strong></span> <span class='ocrx_word' id='word_1_630' title='bbox 1368 4873 1650 4927; x_wconf 72' lang='lat' dir='ltr'><strong>exortum,</strong></span> <span class='ocrx_word' id='word_1_631' title='bbox 1683 4863 1865 4917; x_wconf 88' lang='lat' dir='ltr'><strong>statim</strong></span> <span class='ocrx_word' id='word_1_632' title='bbox 1894 4862 2268 4917; x_wconf 78' lang='lat' dir='ltr'><strong>exclamarunt</strong></span> <span class='ocrx_word' id='word_1_633' title='bbox 2322 4863 2408 4918; x_wconf 83' lang='lat' dir='ltr'><strong>di-</strong></span> 
     </span>
    </p>
   </div>
   <div class='ocr_carea' id='block_1_81' title="bbox 849 4952 2403 5023">
    <p class='ocr_par' dir='ltr' id='par_1_81' title="bbox 849 4952 2403 5023">
     <span class='ocr_line' id='line_1_81' title="bbox 849 4952 2403 5023; baseline 0.001 -16"><span class='ocrx_word' id='word_1_634' title='bbox 849 4953 1280 5009; x_wconf 80' lang='lat' dir='ltr'><strong>eentes:Gloria</strong></span> <span class='ocrx_word' id='word_1_635' title='bbox 1321 4956 1372 5006; x_wconf 86' lang='lat' dir='ltr'><strong>in</strong></span> <span class='ocrx_word' id='word_1_636' title='bbox 1418 4952 1635 5007; x_wconf 67' lang='lat' dir='ltr'><strong>excelsis</strong></span> <span class='ocrx_word' id='word_1_637' title='bbox 1689 4952 1826 5017; x_wconf 78' lang='lat' dir='ltr'><strong>Deo,</strong></span> <span class='ocrx_word' id='word_1_638' title='bbox 1872 4962 1922 5005; x_wconf 81' lang='lat' dir='ltr'><strong>et</strong></span> <span class='ocrx_word' id='word_1_639' title='bbox 1955 4954 2179 5007; x_wconf 82' lang='lat' dir='ltr'><strong>interra</strong></span> <span class='ocrx_word' id='word_1_640' title='bbox 2222 4955 2403 5023; x_wconf 70' lang='lat' dir='ltr'><strong>pax“.</strong></span> 
     </span>
    </p>
   </div>
   <div class='ocr_carea' id='block_1_82' title="bbox 846 5044 2411 5117">
    <p class='ocr_par' dir='ltr' id='par_1_82' title="bbox 846 5044 2411 5117">
     <span class='ocr_line' id='line_1_82' title="bbox 846 5044 2411 5117; baseline 0 -16"><span class='ocrx_word' id='word_1_641' title='bbox 846 5046 985 5101; x_wconf 90' lang='lat' dir='ltr'><strong>Cum</strong></span> <span class='ocrx_word' id='word_1_642' title='bbox 1016 5046 1237 5115; x_wconf 86' lang='lat' dir='ltr'><strong>quibus,</strong></span> <span class='ocrx_word' id='word_1_643' title='bbox 1280 5046 1436 5100; x_wconf 90' lang='lat' dir='ltr'><strong>stella</strong></span> <span class='ocrx_word' id='word_1_644' title='bbox 1455 5061 1575 5115; x_wconf 70' lang='lat' dir='ltr'><strong>quae</strong></span> <span class='ocrx_word' id='word_1_645' title='bbox 1613 5045 1839 5099; x_wconf 77' lang='lat' dir='ltr'><strong>deduxit</strong></span> <span class='ocrx_word' id='word_1_646' title='bbox 1867 5044 2049 5115; x_wconf 81' lang='lat' dir='ltr'><strong>Magos</strong></span> <span class='ocrx_word' id='word_1_647' title='bbox 2079 5047 2159 5100; x_wconf 89' lang='lat' dir='ltr'><strong>eis</strong></span> <span class='ocrx_word' id='word_1_648' title='bbox 2186 5062 2411 5117; x_wconf 86' lang='lat' dir='ltr'><strong>persua-</strong></span> 
     </span>
    </p>
   </div>
   <div class='ocr_carea' id='block_1_83' title="bbox 849 5137 2409 5196">
    <p class='ocr_par' dir='ltr' id='par_1_83' title="bbox 849 5137 2409 5196">
     <span class='ocr_line' id='line_1_83' title="bbox 849 5137 2409 5196; baseline 0.003 -4"><span class='ocrx_word' id='word_1_649' title='bbox 849 5140 921 5192; x_wconf 85' lang='lat' dir='ltr'><strong>sit</strong></span> <span class='ocrx_word' id='word_1_650' title='bbox 969 5148 1029 5192; x_wconf 92' lang='lat' dir='ltr'><strong>ut</strong></span> <span class='ocrx_word' id='word_1_651' title='bbox 1060 5139 1362 5192; x_wconf 88' lang='lat' dir='ltr'><strong>clamarent</strong></span> <span class='ocrx_word' id='word_1_652' title='bbox 1418 5156 1429 5191; x_wconf 88' lang='lat'>:</span> <span class='ocrx_word' id='word_1_653' title='bbox 1475 5137 1536 5191; x_wconf 85' lang='lat' dir='ltr'><strong>In</strong></span> <span class='ocrx_word' id='word_1_654' title='bbox 1578 5139 1870 5191; x_wconf 75' lang='lat' dir='ltr'><strong>hominibus</strong></span> <span class='ocrx_word' id='word_1_655' title='bbox 1907 5138 2042 5191; x_wconf 86' lang='lat' dir='ltr'><strong>bona</strong></span> <span class='ocrx_word' id='word_1_656' title='bbox 2076 5138 2318 5193; x_wconf 66' lang='lat' dir='ltr'><strong>voluntas</strong></span> <span class='ocrx_word' id='word_1_657' title='bbox 2340 5140 2409 5196; x_wconf 74' lang='grc'><strong>⁸⁷.</strong></span> 
     </span>
    </p>
   </div>
   <div class='ocr_carea' id='block_1_84' title="bbox 851 5230 2413 5300">
    <p class='ocr_par' dir='ltr' id='par_1_84' title="bbox 851 5230 2413 5300">
     <span class='ocr_line' id='line_1_84' title="bbox 851 5230 2413 5300; baseline 0.003 -18"><span class='ocrx_word' id='word_1_658' title='bbox 851 5230 940 5282; x_wconf 86' lang='lat' dir='ltr'><strong>Sic</strong></span> <span class='ocrx_word' id='word_1_659' title='bbox 972 5245 1000 5282; x_wconf 91' lang='lat' dir='ltr'><strong>a</strong></span> <span class='ocrx_word' id='word_1_660' title='bbox 1035 5245 1119 5283; x_wconf 92' lang='lat' dir='ltr'><strong>me</strong></span> <span class='ocrx_word' id='word_1_661' title='bbox 1152 5230 1473 5299; x_wconf 85' lang='lat' dir='ltr'><strong>intelligitur</strong></span> <span class='ocrx_word' id='word_1_662' title='bbox 1516 5230 1646 5284; x_wconf 91' lang='lat' dir='ltr'><strong>solis</strong></span> <span class='ocrx_word' id='word_1_663' title='bbox 1690 5245 1855 5298; x_wconf 92' lang='lat' dir='ltr'><strong>super</strong></span> <span class='ocrx_word' id='word_1_664' title='bbox 1895 5239 2097 5282; x_wconf 86' lang='lat' dir='ltr'><strong>terrain</strong></span> <span class='ocrx_word' id='word_1_665' title='bbox 2141 5232 2413 5300; x_wconf 85' lang='lat' dir='ltr'><strong>composi-</strong></span> 
     </span>
    </p>
   </div>
   <div class='ocr_carea' id='block_1_85' title="bbox 852 5321 2411 5389">
    <p class='ocr_par' dir='ltr' id='par_1_85' title="bbox 852 5321 2411 5389">
     <span class='ocr_line' id='line_1_85' title="bbox 852 5321 2411 5389; baseline 0.004 -16"><span class='ocrx_word' id='word_1_666' title='bbox 852 5321 949 5379; x_wconf 84' lang='lat' dir='ltr'><strong>tio,</strong></span> <span class='ocrx_word' id='word_1_667' title='bbox 1000 5332 1053 5374; x_wconf 88' lang='lat' dir='ltr'><strong>et</strong></span> <span class='ocrx_word' id='word_1_668' title='bbox 1108 5337 1135 5374; x_wconf 91' lang='lat' dir='ltr'><strong>a</strong></span> <span class='ocrx_word' id='word_1_669' title='bbox 1175 5331 1317 5373; x_wconf 89' lang='lat' dir='ltr'><strong>terra</strong></span> <span class='ocrx_word' id='word_1_670' title='bbox 1369 5321 1433 5374; x_wconf 92' lang='lat' dir='ltr'><strong>ad</strong></span> <span class='ocrx_word' id='word_1_671' title='bbox 1487 5322 1653 5375; x_wconf 75' lang='lat' dir='ltr'><strong>cmlos</strong></span> <span class='ocrx_word' id='word_1_672' title='bbox 1697 5322 2015 5389; x_wconf 86' lang='lat' dir='ltr'><strong>assumptio.</strong></span> <span class='ocrx_word' id='word_1_673' title='bbox 2052 5322 2180 5377; x_wconf 84' lang='lat' dir='ltr'><strong>Mihi</strong></span> <span class='ocrx_word' id='word_1_674' title='bbox 2230 5333 2411 5379; x_wconf 88' lang='lat' dir='ltr'><strong>autem</strong></span> 
     </span>
    </p>
   </div>
   <div class='ocr_carea' id='block_1_86' title="bbox 851 5410 2413 5483">
    <p class='ocr_par' dir='ltr' id='par_1_86' title="bbox 851 5410 2413 5483">
     <span class='ocr_line' id='line_1_86' title="bbox 851 5410 2413 5483; baseline 0.006 -25"><span class='ocrx_word' id='word_1_675' title='bbox 851 5410 1000 5461; x_wconf 85' lang='lat' dir='ltr'><strong>venit</strong></span> <span class='ocrx_word' id='word_1_676' title='bbox 1032 5410 1082 5461; x_wconf 92' lang='lat' dir='ltr'><strong>in</strong></span> <span class='ocrx_word' id='word_1_677' title='bbox 1110 5426 1369 5472; x_wconf 68' lang='lat' dir='ltr'><strong>mentem,</strong></span> <span class='ocrx_word' id='word_1_678' title='bbox 1407 5421 1465 5464; x_wconf 90' lang='lat' dir='ltr'><strong>ut</strong></span> <span class='ocrx_word' id='word_1_679' title='bbox 1500 5411 1732 5480; x_wconf 74' lang='lat' dir='ltr'><strong>cogitem</strong></span> <span class='ocrx_word' id='word_1_680' title='bbox 1774 5411 1903 5479; x_wconf 90' lang='lat' dir='ltr'><strong>quid</strong></span> <span class='ocrx_word' id='word_1_681' title='bbox 1935 5419 2075 5476; x_wconf 91' lang='lat' dir='ltr'><strong>erat,</strong></span> <span class='ocrx_word' id='word_1_682' title='bbox 2116 5412 2263 5481; x_wconf 91' lang='lat' dir='ltr'><strong>quod</strong></span> <span class='ocrx_word' id='word_1_683' title='bbox 2289 5430 2413 5483; x_wconf 83' lang='lat' dir='ltr'><strong>pro-</strong></span> 
     </span>
    </p>
   </div>
   <div class='ocr_carea' id='block_1_87' title="bbox 854 5500 2412 5571">
    <p class='ocr_par' dir='ltr' id='par_1_87' title="bbox 854 5500 2412 5571">
     <span class='ocr_line' id='line_1_87' title="bbox 854 5500 2412 5571; baseline 0.005 -21"><span class='ocrx_word' id='word_1_684' title='bbox 854 5500 1074 5553; x_wconf 89' lang='lat' dir='ltr'><strong>hiberet</strong></span> <span class='ocrx_word' id='word_1_685' title='bbox 1121 5503 1410 5569; x_wconf 54' lang='lat' dir='ltr'><strong>quominus</strong></span> <span class='ocrx_word' id='word_1_686' title='bbox 1439 5503 1631 5571; x_wconf 71' lang='lat' dir='ltr'><strong>Opifex</strong></span> <span class='ocrx_word' id='word_1_687' title='bbox 1669 5504 1757 5555; x_wconf 91' lang='lat' dir='ltr'><strong>ubi</strong></span> <span class='ocrx_word' id='word_1_688' title='bbox 1797 5502 2031 5570; x_wconf 87' lang='lat' dir='ltr'><strong>desuper</strong></span> <span class='ocrx_word' id='word_1_689' title='bbox 2066 5502 2177 5556; x_wconf 75' lang='lat' dir='ltr'><strong>ﬁxit</strong></span> <span class='ocrx_word' id='word_1_690' title='bbox 2228 5503 2412 5559; x_wconf 87' lang='lat' dir='ltr'><strong>ﬁrma-</strong></span> 
     </span>
    </p>
   </div>
   <div class='ocr_carea' id='block_1_88' title="bbox 854 5592 2406 5662">
    <p class='ocr_par' dir='ltr' id='par_1_88' title="bbox 854 5592 2406 5662">
     <span class='ocr_line' id='line_1_88' title="bbox 854 5592 2406 5662; baseline 0.006 -22"><span class='ocrx_word' id='word_1_691' title='bbox 854 5600 1119 5651; x_wconf 78' lang='lat' dir='ltr'><strong>mentum,</strong></span> <span class='ocrx_word' id='word_1_692' title='bbox 1142 5592 1193 5643; x_wconf 92' lang='lat' dir='ltr'><strong>iu</strong></span> <span class='ocrx_word' id='word_1_693' title='bbox 1215 5592 1329 5660; x_wconf 86' lang='lat' dir='ltr'><strong>ipso</strong></span> <span class='ocrx_word' id='word_1_694' title='bbox 1354 5601 1408 5645; x_wconf 84' lang='lat' dir='ltr'><strong>et</strong></span> <span class='ocrx_word' id='word_1_695' title='bbox 1425 5608 1545 5645; x_wconf 83' lang='lat' dir='ltr'><strong>eum</strong></span> <span class='ocrx_word' id='word_1_696' title='bbox 1570 5592 1685 5662; x_wconf 90' lang='lat' dir='ltr'><strong>ipso</strong></span> <span class='ocrx_word' id='word_1_697' title='bbox 1712 5593 2099 5647; x_wconf 74' lang='lat' dir='ltr'><strong>faceictsolc&#39;n</strong></span> <span class='ocrx_word' id='word_1_698' title='bbox 2125 5594 2406 5661; x_wconf 86' lang='lat' dir='ltr'><strong>etlunam;</strong></span> 
     </span>
    </p>
   </div>
   <div class='ocr_carea' id='block_1_89' title="bbox 924 5708 2440 5778">
    <p class='ocr_par' dir='ltr' id='par_1_89' title="bbox 924 5708 2440 5778">
     <span class='ocr_line' id='line_1_89' title="bbox 924 5708 2440 5778; baseline 0.006 -18"><span class='ocrx_word' id='word_1_699' title='bbox 924 5708 968 5738; x_wconf 81' lang='lat'><strong>”</strong></span> <span class='ocrx_word' id='word_1_700' title='bbox 999 5709 1151 5764; x_wconf 74' lang='lat' dir='ltr'><strong>item.</strong></span> <span class='ocrx_word' id='word_1_701' title='bbox 1182 5727 1258 5773; x_wconf 88' lang='lat' dir='ltr'><strong>Ill,</strong></span> <span class='ocrx_word' id='word_1_702' title='bbox 1286 5711 1373 5765; x_wconf 67' lang='lat'><strong>‘29.</strong></span> <span class='ocrx_word' id='word_1_703' title='bbox 1454 5711 1496 5743; x_wconf 74' lang='lat'>“</span> <span class='ocrx_word' id='word_1_704' title='bbox 1515 5710 1617 5766; x_wconf 83' lang='lat' dir='ltr'><strong>Job</strong></span> <span class='ocrx_word' id='word_1_705' title='bbox 1641 5726 1858 5775; x_wconf 71' lang='lat' dir='ltr'><strong>xxxviii,</strong></span> <span class='ocrx_word' id='word_1_706' title='bbox 1888 5710 1937 5763; x_wconf 81' lang='lat' dir='ltr'><strong>l.</strong></span> <span class='ocrx_word' id='word_1_707' title='bbox 2015 5710 2060 5739; x_wconf 75' lang='lat'><strong>“</strong></span> <span class='ocrx_word' id='word_1_708' title='bbox 2088 5710 2208 5767; x_wconf 82' lang='lat' dir='ltr'><strong>Aet.</strong></span> <span class='ocrx_word' id='word_1_709' title='bbox 2235 5714 2361 5778; x_wconf 71' lang='lat'><strong>1!,2,</strong></span> <span class='ocrx_word' id='word_1_710' title='bbox 2389 5717 2440 5769; x_wconf 77' lang='grc'><strong>5.</strong></span> 
     </span>
    </p>
   </div>
   <div class='ocr_carea' id='block_1_90' title="bbox 854 5780 1064 5833">
    <p class='ocr_par' dir='ltr' id='par_1_90' title="bbox 854 5780 1064 5833">
     <span class='ocr_line' id='line_1_90' title="bbox 854 5780 1064 5833; baseline 0.01 -2"><span class='ocrx_word' id='word_1_711' title='bbox 854 5794 946 5831; x_wconf 61' lang='grc' dir='ltr'><strong>διε.</strong></span> <span class='ocrx_word' id='word_1_712' title='bbox 994 5780 1064 5833; x_wconf 72' lang='grc' dir='ltr'>ιιι.</span> 
     </span>
    </p>
   </div>
   <div class='ocr_carea' id='block_1_91' title="bbox 1454 5710 1937 5775">
    <p class='ocr_par' dir='ltr' id='par_1_91' title="bbox 1454 5710 1937 5775">
     <span class='ocr_line' id='line_1_91' title="bbox 1454 5710 1937 5775; baseline -0.008 -8"><span class='ocrx_word' id='word_1_713' title='bbox 1454 5711 1496 5743; x_wconf 70' lang='grc'><strong>⁸³</strong></span> <span class='ocrx_word' id='word_1_714' title='bbox 1515 5710 1617 5766; x_wconf 83' lang='lat' dir='ltr'><strong>Job</strong></span> <span class='ocrx_word' id='word_1_715' title='bbox 1641 5726 1858 5775; x_wconf 71' lang='lat' dir='ltr'><strong>xxxviii,</strong></span> <span class='ocrx_word' id='word_1_716' title='bbox 1888 5710 1937 5763; x_wconf 81' lang='lat' dir='ltr'><strong>l.</strong></span> 
     </span>
    </p>
   </div>
   <div class='ocr_carea' id='block_1_92' title="bbox 2504 3315 4063 3388">
    <p class='ocr_par' dir='ltr' id='par_1_92' title="bbox 2504 3315 4063 3388">
     <span class='ocr_line' id='line_1_92' title="bbox 2504 3315 4063 3388; baseline 0 -16"><span class='ocrx_word' id='word_1_717' title='bbox 2504 3328 2797 3388; x_wconf 87' lang='lat' dir='ltr'><strong>generetur</strong></span> <span class='ocrx_word' id='word_1_718' title='bbox 2823 3327 2879 3371; x_wconf 89' lang='lat' dir='ltr'><strong>et</strong></span> <span class='ocrx_word' id='word_1_719' title='bbox 2918 3325 3293 3387; x_wconf 86' lang='lat' dir='ltr'><strong>regeneretur.</strong></span> <span class='ocrx_word' id='word_1_720' title='bbox 3332 3315 3462 3381; x_wconf 79' lang='lat' dir='ltr'><strong>Quae</strong></span> <span class='ocrx_word' id='word_1_721' title='bbox 3496 3318 3717 3386; x_wconf 78' lang='lat' dir='ltr'><strong>quidem</strong></span> <span class='ocrx_word' id='word_1_722' title='bbox 3752 3326 3837 3371; x_wconf 88' lang='lat' dir='ltr'><strong>est</strong></span> <span class='ocrx_word' id='word_1_723' title='bbox 3870 3334 4063 3388; x_wconf 83' lang='lat' dir='ltr'><strong>perpe-</strong></span> 
     </span>
    </p>
   </div>
   <div class='ocr_carea' id='block_1_93' title="bbox 2506 3406 4065 3480">
    <p class='ocr_par' dir='ltr' id='par_1_93' title="bbox 2506 3406 4065 3480">
     <span class='ocr_line' id='line_1_93' title="bbox 2506 3406 4065 3480; baseline 0.002 -19"><span class='ocrx_word' id='word_1_724' title='bbox 2506 3419 2599 3462; x_wconf 90' lang='lat' dir='ltr'><strong>tua</strong></span> <span class='ocrx_word' id='word_1_725' title='bbox 2627 3408 2966 3478; x_wconf 87' lang='lat' dir='ltr'><strong>regeneratio</strong></span> <span class='ocrx_word' id='word_1_726' title='bbox 2995 3407 3136 3461; x_wconf 92' lang='lat' dir='ltr'><strong>lucis</strong></span> <span class='ocrx_word' id='word_1_727' title='bbox 3171 3406 3530 3476; x_wconf 89' lang='lat' dir='ltr'><strong>baptismatis.</strong></span> <span class='ocrx_word' id='word_1_728' title='bbox 3576 3408 3643 3462; x_wconf 87' lang='lat' dir='ltr'><strong>Et</strong></span> <span class='ocrx_word' id='word_1_729' title='bbox 3684 3408 3809 3463; x_wconf 87' lang='lat' dir='ltr'><strong>ideo</strong></span> <span class='ocrx_word' id='word_1_730' title='bbox 3849 3411 4065 3480; x_wconf 83' lang='lat' dir='ltr'><strong>triginta</strong></span> 
     </span>
    </p>
   </div>
   <div class='ocr_carea' id='block_1_94' title="bbox 2504 3498 4067 3571">
    <p class='ocr_par' dir='ltr' id='par_1_94' title="bbox 2504 3498 4067 3571">
     <span class='ocr_line' id='line_1_94' title="bbox 2504 3498 4067 3571; baseline 0.001 -16"><span class='ocrx_word' id='word_1_731' title='bbox 2504 3499 2623 3555; x_wconf 87' lang='lat' dir='ltr'><strong>dies</strong></span> <span class='ocrx_word' id='word_1_732' title='bbox 2657 3498 2908 3553; x_wconf 90' lang='lat' dir='ltr'><strong>consistit</strong></span> <span class='ocrx_word' id='word_1_733' title='bbox 2937 3498 3065 3552; x_wconf 88' lang='lat' dir='ltr'><strong>luna</strong></span> <span class='ocrx_word' id='word_1_734' title='bbox 3090 3507 3347 3553; x_wconf 86' lang='lat' dir='ltr'><strong>constans</strong></span> <span class='ocrx_word' id='word_1_735' title='bbox 3362 3514 3428 3552; x_wconf 79' lang='lat' dir='ltr'><strong>ex</strong></span> <span class='ocrx_word' id='word_1_736' title='bbox 3465 3499 3644 3555; x_wconf 89' lang='lat' dir='ltr'><strong>tribus</strong></span> <span class='ocrx_word' id='word_1_737' title='bbox 3676 3501 3937 3571; x_wconf 80' lang='lat' dir='ltr'><strong>perfectis</strong></span> <span class='ocrx_word' id='word_1_738' title='bbox 3965 3519 4067 3557; x_wconf 84' lang='lat' dir='ltr'><strong>nu-</strong></span> 
     </span>
    </p>
   </div>
   <div class='ocr_carea' id='block_1_95' title="bbox 2507 3589 4065 3663">
    <p class='ocr_par' dir='ltr' id='par_1_95' title="bbox 2507 3589 4065 3663">
     <span class='ocr_line' id='line_1_95' title="bbox 2507 3589 4065 3663; baseline 0.003 -20"><span class='ocrx_word' id='word_1_739' title='bbox 2507 3590 2691 3650; x_wconf 84' lang='lat' dir='ltr'><strong>meris,</strong></span> <span class='ocrx_word' id='word_1_740' title='bbox 2719 3604 2917 3659; x_wconf 86' lang='lat' dir='ltr'><strong>nempe</strong></span> <span class='ocrx_word' id='word_1_741' title='bbox 2960 3589 3224 3654; x_wconf 87' lang='lat' dir='ltr'><strong>denariis,</strong></span> <span class='ocrx_word' id='word_1_742' title='bbox 3258 3590 3315 3643; x_wconf 90' lang='lat' dir='ltr'><strong>in</strong></span> <span class='ocrx_word' id='word_1_743' title='bbox 3343 3601 3528 3661; x_wconf 87' lang='lat' dir='ltr'><strong>typum</strong></span> <span class='ocrx_word' id='word_1_744' title='bbox 3561 3607 3623 3646; x_wconf 91' lang='lat' dir='ltr'><strong>ac</strong></span> <span class='ocrx_word' id='word_1_745' title='bbox 3650 3591 3878 3663; x_wconf 89' lang='lat' dir='ltr'><strong>ﬁguram</strong></span> <span class='ocrx_word' id='word_1_746' title='bbox 3904 3596 4065 3650; x_wconf 90' lang='lat' dir='ltr'><strong>trium</strong></span> 
     </span>
    </p>
   </div>
   <div class='ocr_carea' id='block_1_96' title="bbox 2506 3680 4064 3756">
    <p class='ocr_par' dir='ltr' id='par_1_96' title="bbox 2506 3680 4064 3756">
     <span class='ocr_line' id='line_1_96' title="bbox 2506 3680 4064 3756; baseline 0.004 -23"><span class='ocrx_word' id='word_1_747' title='bbox 2506 3680 2897 3750; x_wconf 88' lang='lat' dir='ltr'><strong>perfectarum,</strong></span> <span class='ocrx_word' id='word_1_748' title='bbox 2954 3690 3009 3734; x_wconf 89' lang='lat' dir='ltr'><strong>et</strong></span> <span class='ocrx_word' id='word_1_749' title='bbox 3052 3680 3257 3749; x_wconf 89' lang='lat' dir='ltr'><strong>quibus</strong></span> <span class='ocrx_word' id='word_1_750' title='bbox 3287 3682 3424 3735; x_wconf 89' lang='lat' dir='ltr'><strong>nihil</strong></span> <span class='ocrx_word' id='word_1_751' title='bbox 3463 3682 3671 3747; x_wconf 86' lang='lat' dir='ltr'><strong>deﬁcit,</strong></span> <span class='ocrx_word' id='word_1_752' title='bbox 3705 3685 4064 3756; x_wconf 86' lang='lat' dir='ltr'><strong>hypostaseon</strong></span> 
     </span>
    </p>
   </div>
   <div class='ocr_carea' id='block_1_97' title="bbox 2506 3772 4064 3848">
    <p class='ocr_par' dir='ltr' id='par_1_97' title="bbox 2506 3772 4064 3848">
     <span class='ocr_line' id='line_1_97' title="bbox 2506 3772 4064 3848; baseline 0.002 -21"><span class='ocrx_word' id='word_1_753' title='bbox 2506 3784 2704 3828; x_wconf 75' lang='lat' dir='ltr'><strong>sancta:</strong></span> <span class='ocrx_word' id='word_1_754' title='bbox 2724 3782 2779 3828; x_wconf 81' lang='lat' dir='ltr'><strong>et</strong></span> <span class='ocrx_word' id='word_1_755' title='bbox 2801 3772 3045 3843; x_wconf 87' lang='lat' dir='ltr'><strong>ejusdem</strong></span> <span class='ocrx_word' id='word_1_756' title='bbox 3072 3774 3233 3829; x_wconf 90' lang='lat' dir='ltr'><strong>simul</strong></span> <span class='ocrx_word' id='word_1_757' title='bbox 3258 3777 3509 3831; x_wconf 60' lang='lat' dir='ltr'><strong>essentia</strong></span> <span class='ocrx_word' id='word_1_758' title='bbox 3528 3776 3811 3832; x_wconf 88' lang='lat' dir='ltr'><strong>Trinitatis</strong></span> <span class='ocrx_word' id='word_1_759' title='bbox 3835 3778 3891 3831; x_wconf 92' lang='lat' dir='ltr'><strong>in</strong></span> <span class='ocrx_word' id='word_1_760' title='bbox 3905 3794 4064 3848; x_wconf 86' lang='lat' dir='ltr'><strong>quam</strong></span> 
     </span>
    </p>
   </div>
   <div class='ocr_carea' id='block_1_98' title="bbox 2506 3863 4068 3937">
    <p class='ocr_par' dir='ltr' id='par_1_98' title="bbox 2506 3863 4068 3937">
     <span class='ocr_line' id='line_1_98' title="bbox 2506 3863 4068 3937; baseline 0.003 -21"><span class='ocrx_word' id='word_1_761' title='bbox 2506 3864 2783 3916; x_wconf 88' lang='lat' dir='ltr'><strong>credimus</strong></span> <span class='ocrx_word' id='word_1_762' title='bbox 2806 3863 2858 3916; x_wconf 91' lang='lat' dir='ltr'><strong>in</strong></span> <span class='ocrx_word' id='word_1_763' title='bbox 2883 3864 3229 3933; x_wconf 88' lang='lat' dir='ltr'><strong>baptismate.</strong></span> <span class='ocrx_word' id='word_1_764' title='bbox 3261 3864 3555 3934; x_wconf 85' lang='lat' dir='ltr'><strong>Propterea</strong></span> <span class='ocrx_word' id='word_1_765' title='bbox 3575 3867 3821 3920; x_wconf 92' lang='lat' dir='ltr'><strong>omnium</strong></span> <span class='ocrx_word' id='word_1_766' title='bbox 3850 3882 4068 3937; x_wconf 84' lang='lat' dir='ltr'><strong>quoque</strong></span> 
     </span>
    </p>
   </div>
   <div class='ocr_carea' id='block_1_99' title="bbox 2506 3954 4068 4027">
    <p class='ocr_par' dir='ltr' id='par_1_99' title="bbox 2506 3954 4068 4027">
     <span class='ocr_line' id='line_1_99' title="bbox 2506 3954 4068 4027; baseline 0.004 -22"><span class='ocrx_word' id='word_1_767' title='bbox 2506 3963 2718 4007; x_wconf 83' lang='lat' dir='ltr'><strong>creator</strong></span> <span class='ocrx_word' id='word_1_768' title='bbox 2746 3954 2908 4009; x_wconf 82' lang='lat' dir='ltr'><strong>Jcsus</strong></span> <span class='ocrx_word' id='word_1_769' title='bbox 2933 3956 3025 4024; x_wconf 90' lang='lat' dir='ltr'><strong>qui</strong></span> <span class='ocrx_word' id='word_1_770' title='bbox 3060 3964 3144 4009; x_wconf 91' lang='lat' dir='ltr'><strong>est</strong></span> <span class='ocrx_word' id='word_1_771' title='bbox 3187 3972 3330 4009; x_wconf 91' lang='lat' dir='ltr'><strong>unus</strong></span> <span class='ocrx_word' id='word_1_772' title='bbox 3372 3972 3440 4009; x_wconf 74' lang='lat' dir='ltr'><strong>ex</strong></span> <span class='ocrx_word' id='word_1_773' title='bbox 3474 3956 3765 4021; x_wconf 88' lang='lat' dir='ltr'><strong>Trinitate,</strong></span> <span class='ocrx_word' id='word_1_774' title='bbox 3798 3958 4068 4027; x_wconf 85' lang='lat' dir='ltr'><strong>baptismo</strong></span> 
     </span>
    </p>
   </div>
   <div class='ocr_carea' id='block_1_100' title="bbox 2508 4045 4070 4117">
    <p class='ocr_par' dir='ltr' id='par_1_100' title="bbox 2508 4045 4070 4117">
     <span class='ocr_line' id='line_1_100' title="bbox 2508 4045 4070 4117; baseline 0.004 -20"><span class='ocrx_word' id='word_1_775' title='bbox 2508 4045 2710 4099; x_wconf 91' lang='lat' dir='ltr'><strong>tinctus</strong></span> <span class='ocrx_word' id='word_1_776' title='bbox 2737 4056 2822 4099; x_wconf 91' lang='lat' dir='ltr'><strong>est</strong></span> <span class='ocrx_word' id='word_1_777' title='bbox 2854 4046 3073 4115; x_wconf 82' lang='lat' dir='ltr'><strong>triginta</strong></span> <span class='ocrx_word' id='word_1_778' title='bbox 3096 4062 3269 4100; x_wconf 90' lang='lat' dir='ltr'><strong>annos</strong></span> <span class='ocrx_word' id='word_1_779' title='bbox 3301 4056 3461 4101; x_wconf 90' lang='lat' dir='ltr'><strong>natus</strong></span> <span class='ocrx_word' id='word_1_780' title='bbox 3495 4066 3507 4100; x_wconf 89' lang='lat'>:</span> <span class='ocrx_word' id='word_1_781' title='bbox 3539 4048 3797 4117; x_wconf 91' lang='lat' dir='ltr'><strong>quoniam</strong></span> <span class='ocrx_word' id='word_1_782' title='bbox 3822 4049 3937 4103; x_wconf 89' lang='lat' dir='ltr'><strong>illic</strong></span> <span class='ocrx_word' id='word_1_783' title='bbox 3954 4061 4070 4104; x_wconf 89' lang='lat' dir='ltr'><strong>erat</strong></span> 
     </span>
    </p>
   </div>
   <div class='ocr_carea' id='block_1_101' title="bbox 2507 4138 4065 4210">
    <p class='ocr_par' dir='ltr' id='par_1_101' title="bbox 2507 4138 4065 4210">
     <span class='ocr_line' id='line_1_101' title="bbox 2507 4138 4065 4210; baseline 0.004 -21"><span class='ocrx_word' id='word_1_784' title='bbox 2507 4138 2711 4189; x_wconf 89' lang='lat' dir='ltr'><strong>mundo</strong></span> <span class='ocrx_word' id='word_1_785' title='bbox 2741 4138 3195 4192; x_wconf 82' lang='lat' dir='ltr'><strong>manifesuindum</strong></span> <span class='ocrx_word' id='word_1_786' title='bbox 3217 4139 3533 4210; x_wconf 84' lang='lat' dir='ltr'><strong>mysterium</strong></span> <span class='ocrx_word' id='word_1_787' title='bbox 3565 4140 3867 4195; x_wconf 88' lang='lat' dir='ltr'><strong>Trinitatis.</strong></span> <span class='ocrx_word' id='word_1_788' title='bbox 3900 4142 4065 4197; x_wconf 87' lang='lat' dir='ltr'><strong>David</strong></span> 
     </span>
    </p>
   </div>
   <div class='ocr_carea' id='block_1_102' title="bbox 2505 4228 4068 4303">
    <p class='ocr_par' dir='ltr' id='par_1_102' title="bbox 2505 4228 4068 4303">
     <span class='ocr_line' id='line_1_102' title="bbox 2505 4228 4068 4303; baseline 0.005 -25"><span class='ocrx_word' id='word_1_789' title='bbox 2505 4243 2745 4297; x_wconf 85' lang='lat' dir='ltr'><strong>quoque,</strong></span> <span class='ocrx_word' id='word_1_790' title='bbox 2777 4228 2870 4297; x_wconf 90' lang='lat' dir='ltr'><strong>qui</strong></span> <span class='ocrx_word' id='word_1_791' title='bbox 2911 4229 3212 4284; x_wconf 89' lang='lat' dir='ltr'><strong>secundum</strong></span> <span class='ocrx_word' id='word_1_792' title='bbox 3236 4246 3455 4284; x_wconf 88' lang='lat' dir='ltr'><strong>carnem</strong></span> <span class='ocrx_word' id='word_1_793' title='bbox 3481 4242 3600 4285; x_wconf 87' lang='lat' dir='ltr'><strong>erat</strong></span> <span class='ocrx_word' id='word_1_794' title='bbox 3632 4230 3802 4302; x_wconf 87' lang='lat' dir='ltr'><strong>ﬁgura</strong></span> <span class='ocrx_word' id='word_1_795' title='bbox 3830 4242 3885 4288; x_wconf 88' lang='lat' dir='ltr'><strong>et</strong></span> <span class='ocrx_word' id='word_1_796' title='bbox 3916 4246 4068 4303; x_wconf 89' lang='lat' dir='ltr'><strong>pater</strong></span> 
     </span>
    </p>
   </div>
   <div class='ocr_carea' id='block_1_103' title="bbox 2505 4320 4068 4393">
    <p class='ocr_par' dir='ltr' id='par_1_103' title="bbox 2505 4320 4068 4393">
     <span class='ocr_line' id='line_1_103' title="bbox 2505 4320 4068 4393; baseline 0.004 -18"><span class='ocrx_word' id='word_1_797' title='bbox 2505 4320 2731 4386; x_wconf 87' lang='lat' dir='ltr'><strong>Christi,</strong></span> <span class='ocrx_word' id='word_1_798' title='bbox 2767 4323 2988 4393; x_wconf 89' lang='lat' dir='ltr'><strong>triginta</strong></span> <span class='ocrx_word' id='word_1_799' title='bbox 3025 4338 3199 4377; x_wconf 92' lang='lat' dir='ltr'><strong>annos</strong></span> <span class='ocrx_word' id='word_1_800' title='bbox 3226 4334 3387 4378; x_wconf 90' lang='lat' dir='ltr'><strong>natus</strong></span> <span class='ocrx_word' id='word_1_801' title='bbox 3412 4322 3590 4378; x_wconf 88' lang='lat' dir='ltr'><strong>factus</strong></span> <span class='ocrx_word' id='word_1_802' title='bbox 3610 4334 3691 4378; x_wconf 89' lang='lat' dir='ltr'><strong>est</strong></span> <span class='ocrx_word' id='word_1_803' title='bbox 3712 4341 3828 4391; x_wconf 78' lang='lat' dir='ltr'><strong>rex,</strong></span> <span class='ocrx_word' id='word_1_804' title='bbox 3866 4336 3925 4381; x_wconf 89' lang='lat' dir='ltr'><strong>et</strong></span> <span class='ocrx_word' id='word_1_805' title='bbox 3955 4336 4068 4380; x_wconf 85' lang='lat' dir='ltr'><strong>tan-</strong></span> 
     </span>
    </p>
   </div>
   <div class='ocr_carea' id='block_1_104' title="bbox 2507 4413 4068 4487">
    <p class='ocr_par' dir='ltr' id='par_1_104' title="bbox 2507 4413 4068 4487">
     <span class='ocr_line' id='line_1_104' title="bbox 2507 4413 4068 4487; baseline 0.004 -22"><span class='ocrx_word' id='word_1_806' title='bbox 2507 4428 2669 4482; x_wconf 90' lang='lat' dir='ltr'><strong>quam</strong></span> <span class='ocrx_word' id='word_1_807' title='bbox 2725 4413 2997 4483; x_wconf 90' lang='lat' dir='ltr'><strong>baptismo</strong></span> <span class='ocrx_word' id='word_1_808' title='bbox 3044 4416 3227 4485; x_wconf 88' lang='lat' dir='ltr'><strong>aliquo</strong></span> <span class='ocrx_word' id='word_1_809' title='bbox 3257 4415 3437 4486; x_wconf 83' lang='lat' dir='ltr'><strong>typico</strong></span> <span class='ocrx_word' id='word_1_810' title='bbox 3478 4417 3734 4487; x_wconf 83' lang='lat' dir='ltr'><strong>mysterio</strong></span> <span class='ocrx_word' id='word_1_811' title='bbox 3783 4418 3943 4486; x_wconf 92' lang='lat' dir='ltr'><strong>prius</strong></span> <span class='ocrx_word' id='word_1_812' title='bbox 3988 4428 4068 4473; x_wconf 87' lang='lat' dir='ltr'><strong>est</strong></span> 
     </span>
    </p>
   </div>
   <div class='ocr_carea' id='block_1_105' title="bbox 2512 4503 4065 4579">
    <p class='ocr_par' dir='ltr' id='par_1_105' title="bbox 2512 4503 4065 4579">
     <span class='ocr_line' id='line_1_105' title="bbox 2512 4503 4065 4579; baseline 0.003 -24"><span class='ocrx_word' id='word_1_813' title='bbox 2512 4512 2733 4557; x_wconf 90' lang='lat' dir='ltr'><strong>unctus.</strong></span> <span class='ocrx_word' id='word_1_814' title='bbox 2760 4503 3044 4569; x_wconf 88' lang='lat' dir='ltr'><strong>Quomodo</strong></span> <span class='ocrx_word' id='word_1_815' title='bbox 3070 4505 3235 4559; x_wconf 87' lang='lat' dir='ltr'><strong>etiam</strong></span> <span class='ocrx_word' id='word_1_816' title='bbox 3255 4504 3480 4575; x_wconf 86' lang='lat' dir='ltr'><strong>Joseph.</strong></span> <span class='ocrx_word' id='word_1_817' title='bbox 3503 4505 3643 4559; x_wconf 88' lang='lat' dir='ltr'><strong>alius</strong></span> <span class='ocrx_word' id='word_1_818' title='bbox 3660 4504 3865 4560; x_wconf 88' lang='lat' dir='ltr'><strong>Christi</strong></span> <span class='ocrx_word' id='word_1_819' title='bbox 3889 4517 4065 4579; x_wconf 82' lang='lat' dir='ltr'><strong>typus,</strong></span> 
     </span>
    </p>
   </div>
   <div class='ocr_carea' id='block_1_106' title="bbox 2510 4594 4063 4668">
    <p class='ocr_par' dir='ltr' id='par_1_106' title="bbox 2510 4594 4063 4668">
     <span class='ocr_line' id='line_1_106' title="bbox 2510 4594 4063 4668; baseline 0.004 -21"><span class='ocrx_word' id='word_1_820' title='bbox 2510 4594 2730 4665; x_wconf 89' lang='lat' dir='ltr'><strong>triginta</strong></span> <span class='ocrx_word' id='word_1_821' title='bbox 2785 4610 2958 4650; x_wconf 90' lang='lat' dir='ltr'><strong>annos</strong></span> <span class='ocrx_word' id='word_1_822' title='bbox 3008 4606 3169 4651; x_wconf 89' lang='lat' dir='ltr'><strong>natus</strong></span> <span class='ocrx_word' id='word_1_823' title='bbox 3222 4597 3280 4651; x_wconf 92' lang='lat' dir='ltr'><strong>in</strong></span> <span class='ocrx_word' id='word_1_824' title='bbox 3338 4595 3574 4668; x_wconf 61' lang='lat' dir='ltr'><strong>Egypto</strong></span> <span class='ocrx_word' id='word_1_825' title='bbox 3602 4605 3686 4652; x_wconf 88' lang='lat' dir='ltr'><strong>est</strong></span> <span class='ocrx_word' id='word_1_826' title='bbox 3733 4596 4063 4653; x_wconf 86' lang='lat' dir='ltr'><strong>dominatus.</strong></span> 
     </span>
    </p>
   </div>
   <div class='ocr_carea' id='block_1_107' title="bbox 2503 4682 4067 4757">
    <p class='ocr_par' dir='ltr' id='par_1_107' title="bbox 2503 4682 4067 4757">
     <span class='ocr_line' id='line_1_107' title="bbox 2503 4682 4067 4757; baseline 0.002 -19"><span class='ocrx_word' id='word_1_827' title='bbox 2503 4682 2641 4738; x_wconf 87' lang='lat' dir='ltr'><strong>Nam</strong></span> <span class='ocrx_word' id='word_1_828' title='bbox 2694 4684 2949 4739; x_wconf 86' lang='lat' dir='ltr'><strong>Christus</strong></span> <span class='ocrx_word' id='word_1_829' title='bbox 2985 4701 3203 4757; x_wconf 88' lang='lat' dir='ltr'><strong>quoque</strong></span> <span class='ocrx_word' id='word_1_830' title='bbox 3242 4686 3465 4757; x_wconf 87' lang='lat' dir='ltr'><strong>triginta</strong></span> <span class='ocrx_word' id='word_1_831' title='bbox 3508 4688 3783 4757; x_wconf 75' lang='lat' dir='ltr'><strong>argenteis</strong></span> <span class='ocrx_word' id='word_1_832' title='bbox 3810 4689 4067 4743; x_wconf 83' lang='lat' dir='ltr'><strong>venditus</strong></span> 
     </span>
    </p>
   </div>
   <div class='ocr_carea' id='block_1_108' title="bbox 2504 4776 4065 4847">
    <p class='ocr_par' dir='ltr' id='par_1_108' title="bbox 2504 4776 4065 4847">
     <span class='ocr_line' id='line_1_108' title="bbox 2504 4776 4065 4847; baseline 0.004 -20"><span class='ocrx_word' id='word_1_833' title='bbox 2504 4790 2694 4845; x_wconf 89' lang='lat' dir='ltr'><strong>agrum</strong></span> <span class='ocrx_word' id='word_1_834' title='bbox 2736 4782 2905 4829; x_wconf 90' lang='lat' dir='ltr'><strong>totius</strong></span> <span class='ocrx_word' id='word_1_835' title='bbox 2950 4777 3139 4830; x_wconf 90' lang='lat' dir='ltr'><strong>mundi</strong></span> <span class='ocrx_word' id='word_1_836' title='bbox 3188 4777 3336 4847; x_wconf 87' lang='lat' dir='ltr'><strong>ﬁguli</strong></span> <span class='ocrx_word' id='word_1_837' title='bbox 3378 4776 3593 4847; x_wconf 88' lang='lat' dir='ltr'><strong>(nempe</strong></span> <span class='ocrx_word' id='word_1_838' title='bbox 3636 4776 3732 4832; x_wconf 83' lang='lat' dir='ltr'><strong>Dei</strong></span> <span class='ocrx_word' id='word_1_839' title='bbox 3774 4780 4065 4847; x_wconf 84' lang='lat' dir='ltr'><strong>creatoris)</strong></span> 
     </span>
    </p>
   </div>
   <div class='ocr_carea' id='block_1_109' title="bbox 2506 4866 4070 4939">
    <p class='ocr_par' dir='ltr' id='par_1_109' title="bbox 2506 4866 4070 4939">
     <span class='ocr_line' id='line_1_109' title="bbox 2506 4866 4070 4939; baseline 0.003 -18"><span class='ocrx_word' id='word_1_840' title='bbox 2506 4866 2739 4923; x_wconf 87' lang='lat' dir='ltr'><strong>redemit</strong></span> <span class='ocrx_word' id='word_1_841' title='bbox 2772 4878 2829 4922; x_wconf 88' lang='lat' dir='ltr'><strong>et</strong></span> <span class='ocrx_word' id='word_1_842' title='bbox 2876 4867 3131 4923; x_wconf 81' lang='lat' dir='ltr'><strong>liberavit</strong></span> <span class='ocrx_word' id='word_1_843' title='bbox 3175 4884 3273 4939; x_wconf 86' lang='lat' dir='ltr'><strong>per</strong></span> <span class='ocrx_word' id='word_1_844' title='bbox 3321 4868 3481 4924; x_wconf 85' lang='lat' dir='ltr'><strong>ﬁdem</strong></span> <span class='ocrx_word' id='word_1_845' title='bbox 3542 4870 3598 4924; x_wconf 92' lang='lat' dir='ltr'><strong>in</strong></span> <span class='ocrx_word' id='word_1_846' title='bbox 3643 4869 3911 4925; x_wconf 85' lang='lat' dir='ltr'><strong>Trinitate</strong></span> <span class='ocrx_word' id='word_1_847' title='bbox 3958 4885 4070 4925; x_wconf 72' lang='lat' dir='ltr'><strong>sua:</strong></span> 
     </span>
    </p>
   </div>
   <div class='ocr_carea' id='block_1_110' title="bbox 2504 4959 4072 5034">
    <p class='ocr_par' dir='ltr' id='par_1_110' title="bbox 2504 4959 4072 5034">
     <span class='ocr_line' id='line_1_110' title="bbox 2504 4959 4072 5034; baseline 0.004 -21"><span class='ocrx_word' id='word_1_848' title='bbox 2504 4959 2752 5029; x_wconf 86' lang='lat' dir='ltr'><strong>conjugis</strong></span> <span class='ocrx_word' id='word_1_849' title='bbox 2784 4959 2946 5025; x_wconf 76' lang='lat' dir='ltr'><strong>lume,</strong></span> <span class='ocrx_word' id='word_1_850' title='bbox 2969 4976 3165 5030; x_wconf 89' lang='lat' dir='ltr'><strong>nempe</strong></span> <span class='ocrx_word' id='word_1_851' title='bbox 3188 4961 3467 5017; x_wconf 68' lang='lat' dir='ltr'><strong>Ecclesiae.</strong></span> <span class='ocrx_word' id='word_1_852' title='bbox 3491 4961 3664 5028; x_wconf 89' lang='lat' dir='ltr'><strong>Quam</strong></span> <span class='ocrx_word' id='word_1_853' title='bbox 3694 4962 3826 5017; x_wconf 92' lang='lat' dir='ltr'><strong>olim</strong></span> <span class='ocrx_word' id='word_1_854' title='bbox 3851 4979 4072 5034; x_wconf 82' lang='lat' dir='ltr'><strong>quoque</strong></span> 
     </span>
    </p>
   </div>
   <div class='ocr_carea' id='block_1_111' title="bbox 2507 5050 4067 5121">
    <p class='ocr_par' dir='ltr' id='par_1_111' title="bbox 2507 5050 4067 5121">
     <span class='ocr_line' id='line_1_111' title="bbox 2507 5050 4067 5121; baseline 0.003 -17"><span class='ocrx_word' id='word_1_855' title='bbox 2507 5059 2696 5120; x_wconf 85' lang='lat' dir='ltr'><strong>aperte</strong></span> <span class='ocrx_word' id='word_1_856' title='bbox 2732 5050 3138 5121; x_wconf 68' lang='lat' dir='ltr'><strong>prmﬁgurabat,</strong></span> <span class='ocrx_word' id='word_1_857' title='bbox 3176 5062 3232 5107; x_wconf 90' lang='lat' dir='ltr'><strong>et</strong></span> <span class='ocrx_word' id='word_1_858' title='bbox 3263 5053 3402 5108; x_wconf 90' lang='lat' dir='ltr'><strong>citra</strong></span> <span class='ocrx_word' id='word_1_859' title='bbox 3446 5053 3609 5108; x_wconf 92' lang='lat' dir='ltr'><strong>ullam</strong></span> <span class='ocrx_word' id='word_1_860' title='bbox 3644 5053 4067 5118; x_wconf 87' lang='lat' dir='ltr'><strong>dubitationem,</strong></span> 
     </span>
    </p>
   </div>
   <div class='ocr_carea' id='block_1_112' title="bbox 2509 5142 4071 5212">
    <p class='ocr_par' dir='ltr' id='par_1_112' title="bbox 2509 5142 4071 5212">
     <span class='ocr_line' id='line_1_112' title="bbox 2509 5142 4071 5212; baseline 0.005 -17"><span class='ocrx_word' id='word_1_861' title='bbox 2509 5156 2633 5195; x_wconf 88' lang='lat' dir='ltr'><strong>arca</strong></span> <span class='ocrx_word' id='word_1_862' title='bbox 2658 5142 2793 5207; x_wconf 80' lang='lat' dir='ltr'><strong>Noe,</strong></span> <span class='ocrx_word' id='word_1_863' title='bbox 2830 5158 2951 5212; x_wconf 83' lang='lat' dir='ltr'><strong>quae</strong></span> <span class='ocrx_word' id='word_1_864' title='bbox 2990 5152 3305 5200; x_wconf 87' lang='lat' dir='ltr'><strong>constructa</strong></span> <span class='ocrx_word' id='word_1_865' title='bbox 3354 5154 3475 5200; x_wconf 90' lang='lat' dir='ltr'><strong>erat</strong></span> <span class='ocrx_word' id='word_1_866' title='bbox 3510 5154 3886 5200; x_wconf 88' lang='lat' dir='ltr'><strong>trecentorum</strong></span> <span class='ocrx_word' id='word_1_867' title='bbox 3918 5148 4071 5203; x_wconf 68' lang='grc' dir='ltr'><strong>θυω-</strong></span> 
     </span>
    </p>
   </div>
   <div class='ocr_carea' id='block_1_113' title="bbox 2511 5233 4068 5307">
    <p class='ocr_par' dir='ltr' id='par_1_113' title="bbox 2511 5233 4068 5307">
     <span class='ocr_line' id='line_1_113' title="bbox 2511 5233 4068 5307; baseline 0.004 -22"><span class='ocrx_word' id='word_1_868' title='bbox 2511 5240 2688 5287; x_wconf 90' lang='lat' dir='ltr'><strong>torum</strong></span> <span class='ocrx_word' id='word_1_869' title='bbox 2712 5233 3076 5303; x_wconf 85' lang='lat' dir='ltr'><strong>longitudine,</strong></span> <span class='ocrx_word' id='word_1_870' title='bbox 3103 5245 3159 5290; x_wconf 86' lang='lat' dir='ltr'><strong>et</strong></span> <span class='ocrx_word' id='word_1_871' title='bbox 3183 5237 3405 5307; x_wconf 89' lang='lat' dir='ltr'><strong>triginta</strong></span> <span class='ocrx_word' id='word_1_872' title='bbox 3421 5236 3731 5291; x_wconf 90' lang='lat' dir='ltr'><strong>cubitorum</strong></span> <span class='ocrx_word' id='word_1_873' title='bbox 3755 5237 4068 5301; x_wconf 86' lang='lat' dir='ltr'><strong>altitudine,</strong></span> 
     </span>
    </p>
   </div>
   <div class='ocr_carea' id='block_1_114' title="bbox 2512 5324 4069 5398">
    <p class='ocr_par' dir='ltr' id='par_1_114' title="bbox 2512 5324 4069 5398">
     <span class='ocr_line' id='line_1_114' title="bbox 2512 5324 4069 5398; baseline 0.006 -22"><span class='ocrx_word' id='word_1_874' title='bbox 2512 5324 2567 5377; x_wconf 91' lang='lat' dir='ltr'><strong>in</strong></span> <span class='ocrx_word' id='word_1_875' title='bbox 2604 5333 2789 5394; x_wconf 83' lang='lat' dir='ltr'><strong>typum</strong></span> <span class='ocrx_word' id='word_1_876' title='bbox 2826 5326 3053 5380; x_wconf 66' lang='lat' dir='ltr'><strong>excelsae</strong></span> <span class='ocrx_word' id='word_1_877' title='bbox 3091 5326 3379 5382; x_wconf 87' lang='lat' dir='ltr'><strong>Trinitatis</strong></span> <span class='ocrx_word' id='word_1_878' title='bbox 3429 5344 3592 5398; x_wconf 89' lang='lat' dir='ltr'><strong>quam</strong></span> <span class='ocrx_word' id='word_1_879' title='bbox 3622 5327 3877 5385; x_wconf 85' lang='lat' dir='ltr'><strong>Christus</strong></span> <span class='ocrx_word' id='word_1_880' title='bbox 3909 5330 4069 5386; x_wconf 88' lang='lat' dir='ltr'><strong>nobis</strong></span> 
     </span>
    </p>
   </div>
   <div class='ocr_carea' id='block_1_115' title="bbox 2510 5415 4067 5491">
    <p class='ocr_par' dir='ltr' id='par_1_115' title="bbox 2510 5415 4067 5491">
     <span class='ocr_line' id='line_1_115' title="bbox 2510 5415 4067 5491; baseline 0.009 -25"><span class='ocrx_word' id='word_1_881' title='bbox 2510 5415 2773 5468; x_wconf 90' lang='lat' dir='ltr'><strong>revelavit</strong></span> <span class='ocrx_word' id='word_1_882' title='bbox 2801 5417 2896 5485; x_wconf 89' lang='lat' dir='ltr'><strong>qui</strong></span> <span class='ocrx_word' id='word_1_883' title='bbox 2944 5426 3029 5470; x_wconf 91' lang='lat' dir='ltr'><strong>est</strong></span> <span class='ocrx_word' id='word_1_884' title='bbox 3069 5434 3217 5473; x_wconf 90' lang='lat' dir='ltr'><strong>unus</strong></span> <span class='ocrx_word' id='word_1_885' title='bbox 3250 5434 3316 5473; x_wconf 81' lang='lat' dir='ltr'><strong>ex</strong></span> <span class='ocrx_word' id='word_1_886' title='bbox 3348 5418 3654 5480; x_wconf 86' lang='lat' dir='ltr'><strong>Trinitate,</strong></span> <span class='ocrx_word' id='word_1_887' title='bbox 3694 5420 3773 5473; x_wconf 91' lang='lat' dir='ltr'><strong>sol</strong></span> <span class='ocrx_word' id='word_1_888' title='bbox 3819 5422 4067 5491; x_wconf 65' lang='lat' dir='ltr'><strong>justitite.</strong></span> 
     </span>
    </p>
   </div>
   <div class='ocr_carea' id='block_1_116' title="bbox 2508 5507 4043 5583">
    <p class='ocr_par' dir='ltr' id='par_1_116' title="bbox 2508 5507 4043 5583">
     <span class='ocr_line' id='line_1_116' title="bbox 2508 5507 4043 5583; baseline 0.005 -24"><span class='ocrx_word' id='word_1_889' title='bbox 2508 5508 2601 5575; x_wconf 85' lang='lat' dir='ltr'><strong>qui</strong></span> <span class='ocrx_word' id='word_1_890' title='bbox 2639 5507 2692 5561; x_wconf 90' lang='lat' dir='ltr'><strong>in</strong></span> <span class='ocrx_word' id='word_1_891' title='bbox 2722 5523 2778 5562; x_wconf 87' lang='lat' dir='ltr'><strong>se</strong></span> <span class='ocrx_word' id='word_1_892' title='bbox 2820 5509 3061 5563; x_wconf 87' lang='lat' dir='ltr'><strong>ostendit</strong></span> <span class='ocrx_word' id='word_1_893' title='bbox 3087 5521 3196 5565; x_wconf 86' lang='lat' dir='ltr'><strong>tres</strong></span> <span class='ocrx_word' id='word_1_894' title='bbox 3241 5512 3621 5567; x_wconf 78' lang='lat' dir='ltr'><strong>exaltationcs.</strong></span> <span class='ocrx_word' id='word_1_895' title='bbox 3664 5511 3907 5567; x_wconf 89' lang='lat' dir='ltr'><strong>Primum</strong></span> <span class='ocrx_word' id='word_1_896' title='bbox 3956 5515 4043 5583; x_wconf 71' lang='lat' dir='ltr'><strong>qui</strong></span> 
     </span>
    </p>
   </div>
   <div class='ocr_carea' id='block_1_117' title="bbox 2509 5600 4069 5679">
    <p class='ocr_par' dir='ltr' id='par_1_117' title="bbox 2509 5600 4069 5679">
     <span class='ocr_line' id='line_1_117' title="bbox 2509 5600 4069 5679; baseline 0.003 -25"><span class='ocrx_word' id='word_1_897' title='bbox 2509 5600 2629 5654; x_wconf 89' lang='lat' dir='ltr'><strong>dem</strong></span> <span class='ocrx_word' id='word_1_898' title='bbox 2652 5603 2920 5658; x_wconf 81' lang='lat' dir='ltr'><strong>exaltatus</strong></span> <span class='ocrx_word' id='word_1_899' title='bbox 2950 5602 3053 5658; x_wconf 72' lang='lat' dir='ltr'><strong>fuit</strong></span> <span class='ocrx_word' id='word_1_900' title='bbox 3077 5605 3131 5659; x_wconf 92' lang='lat' dir='ltr'><strong>in</strong></span> <span class='ocrx_word' id='word_1_901' title='bbox 3164 5621 3344 5660; x_wconf 85' lang='lat' dir='ltr'><strong>cruce.</strong></span> <span class='ocrx_word' id='word_1_902' title='bbox 3371 5606 3526 5661; x_wconf 82' lang='lat' dir='ltr'><strong>Unde</strong></span> <span class='ocrx_word' id='word_1_903' title='bbox 3546 5616 3675 5662; x_wconf 90' lang='lat' dir='ltr'><strong>tunc</strong></span> <span class='ocrx_word' id='word_1_904' title='bbox 3701 5609 3781 5664; x_wconf 93' lang='lat' dir='ltr'><strong>sol</strong></span> <span class='ocrx_word' id='word_1_905' title='bbox 3813 5618 4069 5679; x_wconf 87' lang='lat' dir='ltr'><strong>tanquam</strong></span> 
     </span>
    </p>
   </div>
   <div class='ocr_carea' id='block_1_118' title="bbox 2516 5715 4067 5790">
    <p class='ocr_par' dir='ltr' id='par_1_118' title="bbox 2516 5715 4067 5790">
     <span class='ocr_line' id='line_1_118' title="bbox 2516 5715 4067 5790; baseline 0.006 -18"><span class='ocrx_word' id='word_1_906' title='bbox 2516 5715 2683 5774; x_wconf 75' lang='lat' dir='ltr'><strong>“Job</strong></span> <span class='ocrx_word' id='word_1_907' title='bbox 2710 5736 2926 5784; x_wconf 70' lang='lat' dir='ltr'><strong>xxxviii,</strong></span> <span class='ocrx_word' id='word_1_908' title='bbox 2953 5722 3003 5775; x_wconf 88' lang='lat'><strong>7.</strong></span> <span class='ocrx_word' id='word_1_909' title='bbox 3118 5724 3162 5753; x_wconf 68' lang='grc'><strong>⁵⁵</strong></span> <span class='ocrx_word' id='word_1_910' title='bbox 3190 5722 3323 5779; x_wconf 83' lang='lat' dir='ltr'><strong>Luc.</strong></span> <span class='ocrx_word' id='word_1_911' title='bbox 3348 5725 3519 5790; x_wconf 71' lang='lat'><strong>11,14.</strong></span> <span class='ocrx_word' id='word_1_912' title='bbox 3593 5728 3636 5759; x_wconf 73' lang='grc'><strong>⁸⁷</strong></span> <span class='ocrx_word' id='word_1_913' title='bbox 3656 5726 3790 5783; x_wconf 88' lang='lat' dir='ltr'><strong>ibid.</strong></span> <span class='ocrx_word' id='word_1_914' title='bbox 3866 5728 4067 5783; x_wconf 74' lang='lat' dir='ltr'><strong>“Luc.</strong></span> 
     </span>
    </p>
   </div>
  </div>
