4200 6440
129 419 222 481 τιῦέ

1192 415 1267 471 ΙΝ
1315 405 1858 470 ΙΙΕΧΛΕΜΕΒΟΝ.
1896 429 1963 438 -
1996 402 2142 460 '.IB.
2182 402 2277 462 IV.

3265 401 3373 464 909

130 552 298 589 verus
330 534 540 589 Christi
570 540 729 603 typus
760 532 924 584 simul
960 527 1327 584 eumChristo
1357 526 1496 592 (ejus
1536 520 1703 575 mise-
1735 525 1778 577 Α
1805 516 1885 569 dit
1935 516 1990 567 in
2033 512 2532 584 prmligurationem
2577 514 2784 569 Christi
2820 514 3097 574 Ecclesia.
3135 516 3372 583 quadra-

130 627 279 692 rens)
312 638 401 679 est
436 640 652 693 passus,
691 632 897 677 etcum
936 620 1229 676 defecisset
1273 617 1554 686 impolluta
1586 615 1705 682 ejus

130 716 313 769 anima
369 729 437 767 ex
496 713 718 783 proprio
795 726 1030 782 corpore
1068 750 1081 771 ,
1136 708 1299 762 simul
1351 708 1516 761 etiam
1555 704 1706 757 dele-

130 808 196 861 cit
226 807 314 859 sol
354 822 423 859 ex
451 806 659 859 emlesti
700 821 800 858 suo
838 818 1069 873 corpore
1096 801 1422 854 ﬁrmamenti
1449 816 1461 859 ;
1495 810 1551 851 et
1582 811 1706 849 eum

130 900 396 952 Christus
427 898 693 951 subiissct
728 898 953 957 inferos,
987 894 1148 949 simul
1179 893 1344 945 etiam
1376 905 1500 945 cum
1536 904 1603 942 eo
1629 888 1707 941 sol

131 991 311 1043 subiit
348 1001 513 1043 nocte
541 989 897 1043 adventante.
942 987 1093 1044 Unde
1126 986 1293 1039 etiam
1321 983 1543 1036 Christo
1575 995 1708 1035 exo-

133 1080 249 1133 rien
261 1091 316 1132 te
339 1090 399 1133 et
424 1088 681 1150 surgente
708 1096 738 1132 a
762 1080 996 1132 mortuis
1014 1090 1174 1130 inane
1193 1090 1300 1128 una
1328 1071 1709 1133 sabbatorum,

135 1186 240 1223 una
281 1186 412 1223 cum
441 1188 507 1225 eo
534 1172 714 1224 oritur
739 1171 903 1224 etiam
929 1169 1008 1224 sol
1033 1184 1063 1221 a
1092 1177 1268 1226 terra.
1309 1164 1515 1218 faciens
1547 1159 1714 1232 8⁸14

136 1263 309 1316 diem.
361 1263 487 1317 Ilaec
534 1264 682 1317 enim
718 1263 955 1317 secunda
976 1260 1181 1315 Christi
1225 1257 1501 1317 exaltatio,
1549 1252 1735 1325 quam'

137 1362 330 1421 aperte
355 1354 815 1422 prmsignilicabat
837 1355 914 1407 sol
949 1353 1051 1405 hoc
1081 1360 1277 1420 quarto
1303 1348 1392 1401 die
1421 1345 1715 1401 crcationis

138 1458 165 1493 a
216 1451 368 1493 terra
419 1443 723 1497 ascendens
767 1444 822 1496 in
854 1443 1044 1495 altum.
1093 1436 1480 1493 Animadverte
1524 1434 1712 1493 etiam,

138 1530 288 1598 quod
311 1531 571 1586 Christus
598 1548 818 1601 quoque
854 1541 1048 1602 quarta
1070 1529 1277 1584 decade
1309 1528 1436 1597 (hoc
1468 1535 1553 1579 est
1577 1540 1715 1594 qua-

139 1621 458 1689 dragcsiiuo
480 1624 591 1693 die)
631 1625 761 1677 fecit
802 1624 856 1677 in
893 1624 1093 1677 emtum
1123 1619 1587 1688 assumptionem,
1628 1631 1715 1668 as-

140 1722 395 1775 cendens
431 1716 488 1769 in
527 1731 821 1785 supernam
869 1716 1194 1769 Jerusalem.
1242 1712 1410 1779 Cujus
1442 1711 1719 1776 ingressus

143 1826 277 1862 vera
327 1818 388 1859 et
421 1817 572 1859 certa
608 1816 727 1859 erat
777 1808 948 1875 figura
989 1805 1158 1857 etiam
1193 1804 1313 1872 ejus
1346 1802 1400 1854 in
1438 1798 1716 1852 Bethleem

1805 610 1954 679 ginta
1985 623 2156 661 annos
2185 607 2432 677 regnavit
2464 622 2628 676 super
2660 606 2848 661 Israel.
2880 606 3003 661 Ilzec
3037 615 3222 661 autem
3252 622 3372 661 om-

1807 702 1895 755 nia
1934 699 2095 753 nobis
2109 698 2483 753 eonferuntad
2510 715 2801 753 numerum
2822 700 3001 767 quarti
3029 700 3159 763 diei,
3190 700 3377 769 inquo

1807 801 1971 845 natus
1991 800 2149 845 estet
2179 791 2361 844 illuxit
2379 790 2631 844 Christus
2648 792 2739 858 qui
2762 790 2865 844 fuit
2886 799 3012 844 ante
3035 791 3222 849 solem.
3250 806 3374 844 cum

1808 886 1930 953 ejus
1959 885 2190 955 conjuge
2235 883 2363 937 luna
2390 886 2611 953 (nempe
2659 883 2945 949 Ecclesia),
2986 882 3206 953 quando
3237 883 3376 937 dixit

1812 976 1953 1028 Deus
1999 994 2010 1028 :
2067 974 2228 1027 Fiant
2278 974 2569 1027 luminaria
2636 975 2690 1026 in
2752 975 3086 1039 [imitamenta
3129 972 3272 1036 (mli,
3308 974 3377 1027 ait

1810 1065 2259 1120 illuminationem
2292 1082 2448 1135 super
2472 1075 2695 1119 terram.
2726 1066 2996 1119 Convenit
3030 1074 3214 1120 autem
3249 1080 3378 1118 cuni

1812 1161 1904 1229 qui
1938 1158 2216 1214 desiderio
2247 1167 2303 1211 ct
2344 1173 2529 1211 amore
2570 1159 2756 1211 divino
2792 1159 2845 1211 in
2884 1158 3036 1211 verbi
3067 1160 3160 1212 Dei
3187 1158 3380 1212 dulce-

1813 1254 1940 1307 dine
1980 1252 2355 1323 perfunditur,
2376 1260 2745 1319 congruenter
2764 1251 2813 1304 ei
2848 1252 2939 1318 qui
2991 1250 3123 1304 dicit
3155 1271 3167 1303 :
3206 1250 3380 1315 Quam

1814 1345 1989 1398 dulcia
2014 1347 2215 1415 gutturi
2242 1361 2353 1397 meo
2382 1342 2590 1408 eloquia
2620 1352 2735 1403 tua,
2760 1360 2916 1412 super
2950 1341 3051 1394 mel
3082 1344 3161 1395 ori
3185 1342 3378 1403 meo“,

1813 1454 2074 1506 qiuerere.
2099 1437 2466 1503 Quamobrem
2512 1451 2639 1489 eum
2673 1436 2816 1488 Deus
2845 1435 3023 1503 primo
3053 1434 3141 1487 die
3165 1433 3384 1487 fecisset

1816 1532 2016 1593 lucem,
2049 1544 2156 1582 non
2190 1528 2329 1581 dixit
2360 1527 2509 1581 :Fiat
2531 1529 2642 1588 luas,
2675 1536 2729 1579 ut
2763 1526 2933 1579 luceat
2964 1543 3124 1595 super
3142 1539 3378 1579 terram:

1816 1623 2049 1676 maxime
2075 1637 2197 1675 cum
2232 1622 2319 1674 illa
2358 1621 2448 1673 lux
2486 1622 2556 1673 sit
2596 1630 2770 1675 mater
2800 1628 2857 1675 et
2894 1620 3129 1689 genitrix
3159 1621 3381 1672 univer—

1818 1729 2026 1774 sorum,
2053 1728 2174 1781 qua:
2212 1729 2275 1765 ex
2306 1712 2418 1780 ipsa
2448 1712 2747 1765 illuxerunt
2782 1711 3029 1781 ejusdem
3056 1711 3306 1763 essentia:
3328 1710 3383 1762 in

1821 1808 1962 1859 emlo
1994 1805 2366 1858 luminarium.
2400 1804 2754 1867 Etdicainus,
2777 1805 2923 1872 quod
2969 1804 3056 1857 illa
3077 1804 3169 1856 lux
3197 1802 3386 1872 singu»

141 1911 439 1969 postquam
466 1908 630 1952 natus
653 1906 798 1951 esset
818 1896 1237 1966 quadragesimo
1259 1894 1347 1946 die
1370 1893 1642 1960 ingressus
1664 1897 1721 1941 et
1751 1869 1792 1922 Β
1823 1896 1949 1948 laris
1989 1904 2044 1948 ει
2082 1895 2328 1964 δίιιιρΙοχ,
2358 1904 2477 1947 erat,
2504 1904 2666 1964 typus
2697 1869 3030 1948 moimrchia:
3058 1903 3114 1948 et
3146 1869 3387 1947 Iudaica:

142 1992 421 2045 adventus
479 1990 533 2043 in
582 2000 858 2043 terrenam
894 1987 1220 2041 Jerusalem.
1255 1983 1493 2036 Advorte
1533 1989 1718 2033 autem

144 2083 606 2151 prudentissime,
639 2091 691 2134 te
726 2096 880 2148 rogo.
907 2093 1037 2131 num
1081 2077 1183 2129 hoc
1211 2089 1432 2143 quoque
1453 2073 1562 2140 jam
1589 2071 1719 2123 olim

146 2176 326 2244 typice
354 2178 518 2243 prius
565 2172 858 2240 descripsit
886 2172 971 2224 lex
1001 2170 1115 2225 Dei.
1144 2168 1334 2220 dicens
1371 2164 1722 2234 quadragesi-

144 2284 230 2319 mo
251 2267 347 2319 die
370 2263 665 2334 expurgari
691 2264 976 2316 mulierem
1007 2276 1035 2312 a
1078 2258 1337 2311 sordibus
1362 2255 1721 2309 immunilitiic

146 2374 280 2417 suae,
332 2363 395 2409 ct
443 2355 708 2423 templum
754 2350 969 2405 Domini
1030 2348 1263 2417 ingredi.
1312 2346 1569 2416 quoniam
1626 2346 1719 2412 qui

144 2458 347 2513 quarto
382 2461 618 2499 numero
644 2456 854 2513 quartae
906 2442 1061 2508 legis,
1105 2450 1164 2492 ut
1211 2439 1469 2507 superius
1513 2437 1721 2490 dictum

142 2550 246 2603 est,
287 2537 479 2607 quarti
513 2536 620 2588 diei
656 2533 868 2587 numeri
904 2530 1331 2600 quadragesimi,
1354 2528 1670 2597 expurgavit
1693 2544 1722 2579 ιι

144 2630 293 2681 ﬂuxu
328 2626 699 2680 inmunditia:
734 2624 1055 2690 sanguinum
1086 2621 1721 2675 idolicoruinhumanam

147 2730 432 2779 naturam.
468 2734 591 2786 qua:
618 2716 915 2785 aliquando
948 2716 1088 2769 male
1133 2713 1415 2767 laborabat
1455 2710 1723 2781 proﬂuvio

150 2812 451 2879 sanguinis
471 2814 515 2841 δ’
542 2825 661 2863 eam
697 2824 819 2861 eum
860 2807 1178 2859 inundasset
1203 2813 1258 2856 et
1287 2801 1627 2870 corruptioni
1667 2809 1725 2852 et

152 2900 413 2954 interitui
444 2914 555 2950 non
575 2900 812 2964 amplius
830 2892 1126 2948 obnoxiam
1151 2889 1504 2951 reddidisset,
1523 2888 1576 2939 in
1595 2887 1727 2954 bap-

154 2996 320 3047 tismo
352 2992 517 3061 prius
552 2991 816 3050 ablutam,
844 3002 1062 3040 rursum
1105 2985 1161 3037 in
1190 2984 1387 3036 Sancta
1410 2988 1723 3033 sanctorum

151 3094 419 3151 tanquam
446 3095 676 3149 magnus
698 3075 941 3146 pontifex
964 3076 1243 3143 ingressus
1271 3069 1545 3131 Christus,
1576 3067 1723 3121 Patri

1824 1986 1970 2049 fidei,
1999 1987 2227 2056 ejusque
2263 2002 2383 2055 quae
2408 1987 2513 2040 fuit
2547 1995 2674 2039 ante
2709 1987 2882 2056 legem
2914 1993 2969 2039 et
2994 1988 3111 2055 ejus
3130 1994 3388 2055 qumpost

1821 2082 2031 2149 legem;
2066 2097 2187 2149 qua:
2208 2080 2429 2148 quidem
2472 2094 2581 2132 non
2609 2080 2784 2148 potuit
2829 2078 3141 2131 illuminare
3165 2077 3385 2130 univer-

1821 2187 1934 2224 sam
1976 2181 2227 2232 terram,
2281 2180 2572 2239 propterea
2639 2171 2786 2239 quod
2841 2185 2905 2223 ea
2957 2169 3140 2223 adhuc
3196 2178 3390 2237 operta

1822 2272 1987 2326 esset,
2017 2265 2241 2332 quando
2274 2264 2418 2318 Deus
2454 2265 2601 2317 illam
2635 2262 2881 2317 ostendit
2918 2262 3121 2327 lucem,
3153 2278 3295 2331 aqua
3334 2271 3390 2315 et

1826 2354 2066 2406 tenebris
2098 2355 2308 2407 erroris
2340 2356 2482 2423 (quze
2506 2364 2635 2409 sunt
2662 2362 2924 2409 terrestre
2949 2354 3267 2422 operculum
3299 2367 3393 2405 su-

1826 2459 1919 2512 per
1941 2459 2037 2496 eor
2061 2443 2397 2512 hominum),
2422 2444 2598 2497 donec
2629 2444 2773 2497 Deus
2810 2442 2939 2496 fecit
2968 2442 3080 2495 duo
3101 2442 3391 2495 luminaria

1823 2553 1942 2605 qum
1976 2547 2103 2589 sunt
2138 2552 2353 2605 magna,
2394 2537 2632 2590 lucentia
2677 2552 2842 2604 super
2878 2545 3099 2590 terram.
3137 2537 3269 2590 Dico
3290 2552 3392 2589 au-

1826 2636 1933 2680 tem
1968 2626 2262 2680 adventum
2307 2628 2537 2680 increati
2576 2628 2738 2680 Verbi
2781 2628 2898 2693 Dei,
2929 2638 2984 2682 et
3016 2631 3222 2693 lunam,
3248 2646 3394 2683 nem-

1825 2734 1891 2787 pe
1930 2718 2229 2771 Ecclesiam
2250 2720 2300 2771 ei
2322 2719 2674 2787 desponsam.
2698 2719 2763 2772 Et
2803 2720 3071 2773 luminare
3112 2736 3392 2790 magnum.

1826 2825 2020 2878 nempe
2058 2810 2334 2864 Christum
2365 2813 2534 2865 solem
2560 2814 2610 2865 in
2634 2813 2974 2882 principatus
2997 2813 3107 2867 diei
3143 2813 3393 2882 (hocest,

1824 2900 2030 2969 quiest
2060 2910 2284 2955 exortus
2320 2902 2372 2955 in
2419 2903 2689 2971 principio
2729 2903 3180 2974 prmdicationis.)
3201 2905 3267 2958 Et
3304 2906 3394 2958 lii-

1825 3006 1951 3044 nam
1993 2992 2047 3044 in
2088 2992 2433 3061 principatus
2471 2994 2651 3047 noctis
2685 3011 2697 3046 :
2730 2995 2833 3047 hoc
2877 3003 2992 3057 est,
3033 2996 3251 3063 quando
3293 3012 3394 3050 na—

1828 3085 2098 3137 scentium
2114 3085 2404 3138 infantium
2420 3095 2712 3155 acceptura
2730 3098 2849 3141 erat
2868 3091 3397 3160 principatum,qu:e

152 3191 252 3243 Ιηό
278 3183 474 3227 ηοδιηι
512 3172 690 3224 δεδιυιο
721 3169 938 3221 οιηηίίι·
984 3164 1135 3221 Ul'de
1162 3165 1325 3217 cum“
1372 3162 1461 3214 die
1491 3159 1727 3228 ίιυίιὼπι-
1751 3204 1793 3259 C
1827 3183 1945 3227 erat
1987 3174 2039 3226 in
2072 3174 2203 3243 ipsis
2229 3176 2601 3243 incredulitas,
2640 3179 2894 3246 protinus
2930 3183 3063 3236 oriri
3088 3182 3217 3238 facit
3242 3159 3398 3238 suam

152 3269 366 3337 gesimo
405 3279 536 3318 cum
568 3263 890 3332 jejunasset,
922 3265 1047 3327 post
1082 3256 1167 3310 sui
1201 3253 1455 3322 baptismi
1489 3267 1589 3321 pro
1628 3267 1728 3305 no-

153 3358 237 3409 bis
274 3354 783 3426 regenerationcm,
831 3357 1077 3402 tentatus
1113 3344 1406 3413 aliquando
1428 3344 1481 3396 in
1512 3342 1727 3396 deserta

151 3450 403 3519 gentium
457 3443 696 3499 Ecclesia
748 3440 1028 3493 diabolum
1086 3436 1329 3490 abolevit
1388 3444 1444 3487 et
1490 3434 1726 3487 otiosum

156 3536 491 3591 reddidit".
528 3533 584 3587 Si
606 3547 739 3601 ergo
778 3530 834 3583 in
872 3528 1222 3598 generatione
1242 3540 1309 3579 ex
1342 3524 1564 3593 Virgine
1593 3523 1730 3577 etin

153 3627 417 3698 baptismi
451 3623 888 3695 regeneratione,
922 3629 973 3674 et
994 3634 1182 3672 rursus
1214 3619 1268 3671 in
1298 3617 1418 3686 ejus
1442 3618 1732 3685 incorrup-

153 3720 328 3773 tionis
352 3715 692 3771 formatione
730 3729 760 3767 a
809 3711 1064 3774 mortuis,
1086 3708 1341 3763 Christus
1363 3707 1605 3761 servavit
1626 3720 1730 3759 nu-

153 3825 374 3865 merum
422 3808 643 3861 dicrum
678 3804 1073 3873 quadraginta,
1127 3809 1316 3855 exacte
1365 3798 1640 3852 discamus
1676 3805 1733 3852 et

154 3914 490 3971 persuasum
530 3897 827 3951 habeamus
846 3936 861 3958 ,
885 3893 1031 3963 quod
1065 3893 1244 3946 omnis
1266 3888 1733 3960 quadragenarius

157 4008 432 4048 numerus
460 3992 517 4044 in
554 3989 841 4057 Scriptura
877 3985 1260 4056 pnetigurabat
1285 3983 1493 4037 Christi
1527 3991 1729 4052 myste-

157 4088 341 4150 rium,
393 4098 595 4153 nempe
644 4083 699 4135 in
730 4095 893 4136 carne
927 4079 1047 4148 ejus
1095 4076 1559 4145 dispensationem
1610 4088 1733 4142 quae

157 4188 282 4247 post
337 4178 612 4230 rationem
664 4171 1001 4232 ternariam,
1049 4178 1306 4237 tanquam
1358 4166 1479 4221 dies
1535 4165 1734 4234 aliquis

155 4277 376 4339 quarta:
409 4263 829 4321 illuminationis
862 4260 1065 4314 mundo
1090 4258 1365 4329 apparuit.
1401 4258 1589 4327 Itaque
1610 4273 1736 4327 pro-

156 4371 351 4431 pterea
387 4358 469 4413 ira
490 4357 585 4411 Dei
618 4356 709 4410 die
743 4352 1158 4423 quadragesimo
1192 4350 1531 4419 compescuit
1559 4350 1735 4403 minas

157 4467 227 4506 ex
254 4452 377 4505 alto
400 4463 544 4518 aqua
588 4444 861 4500 obruendi
912 4444 965 4497 in
998 4442 1211 4497 diluvio
1234 4482 1247 4504 ,
1280 4441 1485 4494 mundo
1515 4455 1735 4493 annun-

160 4546 311 4598 tians
348 4538 678 4596 beneﬁcium
716 4552 831 4591 suae
855 4536 909 4589 in
940 4535 1193 4588 homines
1218 4532 1588 4603 benignitatis.
1649 4530 1735 4584 Si-
1765 4532 1810 4587 D

158 4636 374 4690 militer
417 4631 599 4686 Moses
636 4641 856 4699 quoque
878 4624 1159 4681 Christum
1197 4623 1347 4692 prius
1394 4621 1734 4685 describens,

160 4744 289 4782 cum
329 4730 583 4794 tempore
616 4718 1034 4791 quadragesimo
1062 4716 1388 4771 sceleratum
1422 4714 1575 4768 illum
1594 4714 1740 4768 occi-

162 4820 341 4874 disset
386 4816 445 4870 in
503 4822 690 4885 typum
729 4809 933 4866 diaboli
979 4808 1077 4879 qui
1112 4806 1319 4862 bellum
1348 4806 1573 4876 gerebat
1612 4820 1737 4859 cum

162 4911 394 4965 homine
460 4904 749 4967 Israelita,
788 4915 917 4955 eum
968 4897 1165 4953 infodit
1214 4897 1269 4952 in
1308 4911 1475 4951 arena
1534 4894 1735 4967 abyssi.

160 5002 379 5057 Deinde
416 4998 537 5068 ipse
580 4994 647 5049 ad
675 4991 1039 5064 quadraginta
1059 5005 1232 5045 annos
1254 4988 1489 5058 primum
1516 5001 1737 5057 gregem

161 5089 402 5145 rationis
433 5092 747 5154 expertem,
779 5080 995 5143 Jethro,
1029 5078 1181 5150 pavit
1207 5078 1265 5132 in
1298 5087 1482 5148 typum
1522 5076 1737 5131 lsraelis

164 5182 388 5237 ratione
429 5175 693 5240 carentis,
736 5182 796 5228 et
840 5172 1019 5242 spatio
1047 5167 1406 5240 quadraginta
1440 5181 1733 5232 annorum,

163 5272 434 5343 pepulum
472 5267 569 5321 Dei
605 5265 699 5335 qui
732 5264 935 5319 dicitur
977 5262 1195 5333 (nempe
1231 5259 1352 5328 nos)
1388 5257 1737 5314 conservavit

168 5366 225 5417 in
260 5364 488 5417 deserta
537 5356 802 5413 Ecclesia.
836 5355 1205 5423 Quadraginta
1254 5353 1373 5406 dies
1435 5351 1490 5404 in
1550 5359 1736 5407 monte

168 5456 322 5509 Sinai
374 5456 434 5508 in
465 5450 672 5505 Christi
706 5458 889 5519 typum
917 5446 1206 5516 jejunavit.
1241 5442 1610 5511 Quadraginta
1639 5459 1739 5497 an-

169 5560 277 5600 nos
299 5541 522 5598 Samuel
556 5540 700 5591 filius
724 5535 973 5590 mulieris
997 5550 1117 5604 quin
1140 5530 1431 5602 aliquando
1454 5531 1560 5585 fuit
1581 5532 1743 5588 steri—

169 5634 265 5699 lis,
300 5628 673 5704 prOphetavit.
697 5626 975 5691 Salomon,
1008 5622 1104 5693 qui
1128 5622 1223 5676 Dei
1251 5620 1517 5690 templum
1549 5621 1741 5676 condi-

243 5776 290 5805 "
314 5775 452 5829 Luc.
472 5788 587 5835 xm,
616 5772 687 5825 45
712 5785 863 5839 seqq.

172 5847 215 5878 "'
241 5846 401 5903 Joezi.
429 5861 468 5910 ι,
504 5844 558 5899 9.
634 5842 680 5874 ⁸³
708 5835 841 5896 ibid:
882 5840 932 5893 ι.
1008 5839 1053 5871 ¹⁶
1082 5837 1236 5891 Rom.
1266 5849 1379 5895 xm,
1405 5835 1493 5887 29.

937 5768 984 5799 '°
1011 5765 1199 5821 Matth.
1229 5780 1300 5828 iv,
1321 5763 1356 5816 2
1377 5777 1529 5831 seqq.
1605 5765 1647 5796 ⁸¹
1672 5764 1814 5821 Psal.
1843 5780 2023 5829 cxviu,
2055 5765 2175 5819 105.

1830 3265 2308 3329 illuminationem,
2353 3284 2473 3336 quze
2520 3269 2665 3336 apud
2713 3286 2812 3323 nos
2842 3272 2970 3325 luna
2997 3280 3082 3327 est
3128 3274 3395 3329 Ecclesia.

1826 3355 2062 3408 Attende
2084 3363 2264 3408 autem
2295 3358 2756 3425 quemadmodum
2785 3376 2892 3413 non
2927 3362 3149 3426 dixerit,
3176 3364 3230 3415 in
3250 3365 3399 3432 prin-

1827 3448 2081 3514 cipatum,
2128 3448 2222 3501 sed
2273 3451 2326 3501 in
2382 3451 2728 3518 principatus.
2776 3453 2975 3507 Multos
3029 3456 3177 3509 enim
3232 3455 3400 3509 habet

1837 3535 2179 3604 principatus
2241 3540 2321 3592 sol
2375 3531 2622 3609 iustitiae,
2686 3543 2889 3597 inultas
2931 3551 3253 3613 potestates.
3302 3546 3401 3600 Est

1829 3626 1977 3679 enim
2016 3626 2267 3697 Princeps
2310 3633 2509 3700 pacis"
2532 3673 2545 3695 ,
2574 3649 2659 3686 est
2697 3634 2958 3703 princeps
3010 3645 3107 3689 aut
3134 3636 3400 3691 Dominus

1831 3716 2193 3782 Potestatum,
2230 3730 2315 3775 est
2348 3720 2457 3774 Rea:
2482 3740 2682 3792 regum,
2714 3735 2801 3778 est
2842 3728 3100 3795 princeps
3130 3735 3187 3781 et
3216 3727 3401 3783 Domi-

1832 3821 1931 3857 nus
1958 3806 2431 3875 dominantium",
2462 3826 2547 3864 est
2597 3829 2690 3866 rex
2730 3816 2936 3878 glorite.
2982 3816 3158 3872 Unum
3205 3818 3401 3873 habuit

1831 3894 2223 3966 principatum,
2263 3900 2445 3954 lumen
2500 3903 2647 3970 quod
2675 3904 2944 3958 illuminat
2972 3908 3233 3960 hominem
3276 3917 3401 3962 ante

1832 3996 2118 4047 adventum
2162 4009 2319 4062 super
2350 3995 2636 4059 terram“;
2673 4005 2800 4050 ante
2850 3998 3077 4061 sa:cula,
3136 4000 3242 4054 hoc
3289 4009 3396 4061 est.

1833 4100 1957 4139 cum
2000 4099 2068 4138 eo
2107 4094 2193 4138 est
2231 4084 2350 4137 sine
2390 4085 2684 4155 principio.
2736 4089 2807 4141 Ita
2858 4090 3005 4142 enim
3041 4090 3402 4159 intelligimus

1834 4175 1969 4231 illud
1998 4194 2010 4229 :
2036 4176 2100 4230 In
2125 4176 2383 4245 principio
2411 4187 2525 4230 erat
2558 4178 2796 4243 Verbum,
2828 4181 2883 4233 in
2904 4180 3084 4235 Patre.
3108 4181 3225 4235 Non
3250 4182 3399 4237 enim

1834 4269 1890 4321 in
1922 4268 2196 4338 principio
2226 4270 2432 4335 sacculi,
2466 4271 2560 4323 sed
2607 4273 2662 4324 in
2692 4275 2947 4343 principio
2993 4275 3240 4341 genitore
3283 4284 3399 4329 erat

1836 4361 2075 4425 Verbum,
2106 4369 2155 4414 et
2184 4360 2402 4414 Verbum
2426 4371 2539 4414 erat
2563 4363 2705 4431 apud
2737 4363 2907 4417 Deum
2933 4365 3000 4419 ⁸⁵.
3037 4365 3265 4431 Quando
3302 4382 3400 4420 au-

1836 4462 1943 4507 tem
1967 4452 2223 4522 apparuit
2253 4460 2311 4506 et
2344 4455 3027 4525 exortusestprincipatus
3054 4458 3163 4511 diei
3189 4457 3272 4511 sui
3302 4458 3400 4512 ad—

1836 4554 2052 4610 ventus,
2080 4546 2285 4600 multos
2307 4546 2499 4599 habuit
2532 4547 2891 4616 principatus.
2928 4549 3061 4602 Nam
3101 4558 3396 4620 postquam

1834 4636 2123 4705 imperavit
2150 4636 2489 4699 caelestibus,
2517 4637 2991 4707 iinperavitetiam
3019 4641 3396 4707 terrestribus,

1834 4726 2112 4794 accipiens
2142 4725 2357 4780 infirma
2394 4726 2449 4780 in
2483 4742 2637 4781 suam
2662 4728 3059 4795 haereditatem,
3092 4741 3150 4785 et
3178 4747 3399 4801 posses-

1834 4816 2045 4869 sionem
2077 4831 2231 4869 suam
2288 4816 2428 4871 lines
2455 4823 2642 4882 terrai,
2687 4825 2744 4871 et
2774 4818 3067 4873 dominans
3087 4835 3118 4874 a
3163 4822 3299 4876 mari
3330 4822 3400 4877 ad

1836 4919 2008 4966 mare,
2033 4905 2139 4960 fuit
2158 4905 2269 4959 dux
2299 4906 2494 4960 salutis
2514 4914 2735 4971 nostrae,
2758 4916 2815 4961 et
2836 4907 2944 4961 fuit
2964 4909 3401 4979 principiumba-

1847 4998 2145 5066 ptismatis,
2169 5005 2223 5052 et
2240 4998 2573 5067 principium
2599 4998 3033 5069 incorruptionis
3054 5016 3122 5055 ex
3146 5001 3396 5067 mortuis,

1840 5096 1896 5143 et
1926 5088 2261 5158 principium
2290 5096 2353 5142 ut
2382 5089 2527 5142 Deus
2551 5087 2764 5144 habitet
2785 5089 2841 5143 in
2864 5090 3121 5144 homine:
3149 5090 3229 5144 sic
3251 5091 3400 5145 enim

1841 5181 2222 5235 intelleximus
2234 5179 2515 5235 Christum
2530 5181 2934 5251 primogenitum
2949 5183 3002 5234 in
3019 5182 3199 5235 multis
3214 5184 3369 5253 fratri
3385 5214 3399 5224 -

1840 5273 1932 5327 bus
1953 5274 2001 5306 "
2023 5272 2249 5337 nostris,
2266 5272 2319 5326 in
2338 5272 2540 5342 quibus
2554 5272 2699 5326 Deus
2727 5288 2824 5343 per
2854 5274 3032 5342 ipsum
3050 5272 3399 5327 inhahitavit.

1903 5366 2083 5420 Habet
2112 5366 2281 5419 alium
2303 5382 2523 5436 quoque
2549 5366 2915 5435 principatum
2944 5381 3039 5419 seu
3069 5366 3401 5434 principium

1832 5458 1923 5512 hic
1953 5457 2192 5512 caelestis
2212 5457 2292 5511 sol
2316 5456 2588 5510 Christus.
2623 5457 2742 5525 Ipse
2763 5456 2911 5509 enim
2938 5457 3149 5525 primus
3175 5455 3399 5523 incepit,

1836 5559 1893 5606 et
1924 5550 2071 5604 viam
2088 5550 2249 5604 nobis
2279 5550 2348 5604 ad
2380 5551 2594 5604 Patren.
2630 5550 2828 5603 muniit
2856 5564 2920 5602 ee
2942 5547 3154 5617 paravit
3187 5547 3407 5601 sublato

1839 5658 2059 5698 sursum
2104 5642 2350 5697 homine.
2395 5642 2501 5696 Per
2532 5641 2633 5696 hos
2654 5656 2785 5712 ergo
2821 5650 2877 5695 et
2897 5638 3168 5710 ejusmodi
3200 5636 3409 5708 princi-

2253 5766 2297 5797 δ’
2322 5763 2425 5817 Isa.
2452 5778 2525 5817 lx.
2555 5762 2605 5815 G.
2685 5762 2730 5791 ⁵³
2764 5762 2926 5830 Apoc.
2960 5774 3069 5821 xIx,
3104 5758 3192 5811 16.
