  <div class='ocr_page' id='page_1' title='image "/cluster/home/n/w/nwhite01/storage/ocr_20150623/89/nnc1.0046980172/477.png"; bbox 0 0 4200 6440; ppageno 0'>
   <div class='ocr_carea' id='block_1_1' title="bbox 844 414 953 473">
    <p class='ocr_par' dir='ltr' id='par_1_1' title="bbox 844 414 953 473">
     <span class='ocr_line' id='line_1_1' title="bbox 844 414 953 473; baseline 0.018 -2"><span class='ocrx_word' id='word_1_1' title='bbox 844 414 953 473; x_wconf 68' lang='lat'><strong>903</strong></span> 
     </span>
    </p>
   </div>
   <div class='ocr_carea' id='block_1_2' title="bbox 2046 393 2899 453">
    <p class='ocr_par' dir='ltr' id='par_1_2' title="bbox 2046 393 2899 453">
     <span class='ocr_line' id='line_1_2' title="bbox 2046 393 2899 453; baseline -0.007 0"><span class='ocrx_word' id='word_1_2' title='bbox 2046 400 2104 453; x_wconf 74' lang='lat' dir='ltr'><strong>S.</strong></span> <span class='ocrx_word' id='word_1_3' title='bbox 2150 393 2536 453; x_wconf 68' lang='lat' dir='ltr'><strong>ANASTASH</strong></span> <span class='ocrx_word' id='word_1_4' title='bbox 2580 393 2899 449; x_wconf 67' lang='lat' dir='ltr'><strong>Sl.\Al&#39;l‘.’l&#39;.</strong></span> 
     </span>
    </p>
   </div>
   <div class='ocr_carea' id='block_1_3' title="bbox 3978 393 4077 451">
    <p class='ocr_par' dir='ltr' id='par_1_3' title="bbox 3978 393 4077 451">
     <span class='ocr_line' id='line_1_3' title="bbox 3978 393 4077 451; baseline -0.01 0"><span class='ocrx_word' id='word_1_5' title='bbox 3978 393 4077 451; x_wconf 77' lang='lat' dir='ltr'><strong>90i</strong></span> 
     </span>
    </p>
   </div>
   <div class='ocr_carea' id='block_1_4' title="bbox 822 498 4077 592">
    <p class='ocr_par' dir='ltr' id='par_1_4' title="bbox 822 498 4077 592">
     <span class='ocr_line' id='line_1_4' title="bbox 822 498 4077 592; baseline -0.007 -17"><span class='ocrx_word' id='word_1_6' title='bbox 822 531 1011 592; x_wconf 73' lang='lat' dir='ltr'><strong>&#39;patus</strong></span> <span class='ocrx_word' id='word_1_7' title='bbox 1030 533 1127 573; x_wconf 88' lang='lat' dir='ltr'><strong>seu</strong></span> <span class='ocrx_word' id='word_1_8' title='bbox 1151 508 1700 585; x_wconf 82' lang='lat' dir='ltr'><strong>principia,intcllige</strong></span> <span class='ocrx_word' id='word_1_9' title='bbox 1722 518 1976 575; x_wconf 80' lang='lat' dir='ltr'><strong>magnum</strong></span> <span class='ocrx_word' id='word_1_10' title='bbox 1996 515 2117 555; x_wconf 84' lang='lat' dir='ltr'><strong>esse</strong></span> <span class='ocrx_word' id='word_1_11' title='bbox 2141 502 2409 554; x_wconf 99' lang='lat' dir='ltr'><strong>luminare</strong></span> <span class='ocrx_word' id='word_1_12' title='bbox 2437 528 2482 582; x_wconf 60' lang='grc' dir='ltr'><strong>Α</strong></span> <span class='ocrx_word' id='word_1_13' title='bbox 2516 508 2623 552; x_wconf 88' lang='lat' dir='ltr'><strong>tetu</strong></span> <span class='ocrx_word' id='word_1_14' title='bbox 2656 499 2783 551; x_wconf 90' lang='lat' dir='ltr'><strong>luna</strong></span> <span class='ocrx_word' id='word_1_15' title='bbox 2809 515 2837 550; x_wconf 87' lang='lat' dir='ltr'><strong>a</strong></span> <span class='ocrx_word' id='word_1_16' title='bbox 2889 498 2998 550; x_wconf 82' lang='lat' dir='ltr'><strong>Deo</strong></span> <span class='ocrx_word' id='word_1_17' title='bbox 3028 498 3299 565; x_wconf 83' lang='lat' dir='ltr'><strong>acceperit</strong></span> <span class='ocrx_word' id='word_1_18' title='bbox 3346 512 3497 565; x_wconf 67' lang='lat' dir='ltr'><strong>aqum</strong></span> <span class='ocrx_word' id='word_1_19' title='bbox 3529 506 3848 564; x_wconf 88' lang='lat' dir='ltr'><strong>potestatem</strong></span> <span class='ocrx_word' id='word_1_20' title='bbox 3876 508 3935 551; x_wconf 81' lang='lat' dir='ltr'><strong>et</strong></span> <span class='ocrx_word' id='word_1_21' title='bbox 3980 516 4077 565; x_wconf 70' lang='lat' dir='ltr'><strong>gn-</strong></span> 
     </span>
    </p>
   </div>
   <div class='ocr_carea' id='block_1_5' title="bbox 850 588 2407 681">
    <p class='ocr_par' dir='ltr' id='par_1_5' title="bbox 850 588 2407 681">
     <span class='ocr_line' id='line_1_5' title="bbox 850 588 2407 681; baseline -0.018 -14"><span class='ocrx_word' id='word_1_22' title='bbox 850 588 904 667; x_wconf 84' lang='lat' dir='ltr'><strong>in</strong></span> <span class='ocrx_word' id='word_1_23' title='bbox 936 609 1275 681; x_wconf 85' lang='lat' dir='ltr'><strong>principatus</strong></span> <span class='ocrx_word' id='word_1_24' title='bbox 1306 618 1401 655; x_wconf 83' lang='lat' dir='ltr'><strong>seu</strong></span> <span class='ocrx_word' id='word_1_25' title='bbox 1449 595 1718 668; x_wconf 88' lang='lat' dir='ltr'><strong>principia</strong></span> <span class='ocrx_word' id='word_1_26' title='bbox 1757 594 1865 648; x_wconf 91' lang='lat' dir='ltr'><strong>diei</strong></span> <span class='ocrx_word' id='word_1_27' title='bbox 1896 591 1989 660; x_wconf 92' lang='lat' dir='ltr'><strong>qui</strong></span> <span class='ocrx_word' id='word_1_28' title='bbox 2024 588 2407 642; x_wconf 87' lang='lat' dir='ltr'><strong>illuminatura</strong></span> 
     </span>
    </p>
   </div>
   <div class='ocr_carea' id='block_1_6' title="bbox 847 680 2408 768">
    <p class='ocr_par' dir='ltr' id='par_1_6' title="bbox 847 680 2408 768">
     <span class='ocr_line' id='line_1_6' title="bbox 847 680 2408 768; baseline -0.017 -11"><span class='ocrx_word' id='word_1_29' title='bbox 847 680 962 757; x_wconf 86' lang='lat' dir='ltr'><strong>sole</strong></span> <span class='ocrx_word' id='word_1_30' title='bbox 1022 699 1114 768; x_wconf 90' lang='lat' dir='ltr'><strong>qui</strong></span> <span class='ocrx_word' id='word_1_31' title='bbox 1156 695 1303 751; x_wconf 87' lang='lat' dir='ltr'><strong>cadit</strong></span> <span class='ocrx_word' id='word_1_32' title='bbox 1334 694 1434 746; x_wconf 89' lang='lat' dir='ltr'><strong>sub</strong></span> <span class='ocrx_word' id='word_1_33' title='bbox 1482 687 1926 754; x_wconf 77' lang='lat' dir='ltr'><strong>intelligentiam,</strong></span> <span class='ocrx_word' id='word_1_34' title='bbox 1973 699 2071 752; x_wconf 86' lang='lat' dir='ltr'><strong>per</strong></span> <span class='ocrx_word' id='word_1_35' title='bbox 2118 680 2408 734; x_wconf 80' lang='lat' dir='ltr'><strong>duodecim</strong></span> 
     </span>
    </p>
   </div>
   <div class='ocr_carea' id='block_1_7' title="bbox 850 773 2413 856">
    <p class='ocr_par' dir='ltr' id='par_1_7' title="bbox 850 773 2413 856">
     <span class='ocr_line' id='line_1_7' title="bbox 850 773 2413 856; baseline -0.015 -9"><span class='ocrx_word' id='word_1_36' title='bbox 850 795 1039 853; x_wconf 85' lang='lat' dir='ltr'><strong>horas,</strong></span> <span class='ocrx_word' id='word_1_37' title='bbox 1063 804 1257 856; x_wconf 89' lang='lat' dir='ltr'><strong>netnpe</strong></span> <span class='ocrx_word' id='word_1_38' title='bbox 1281 783 1581 851; x_wconf 90' lang='lat' dir='ltr'><strong>discipulos</strong></span> <span class='ocrx_word' id='word_1_39' title='bbox 1598 788 1653 833; x_wconf 89' lang='lat' dir='ltr'><strong>et</strong></span> <span class='ocrx_word' id='word_1_40' title='bbox 1684 776 1991 846; x_wconf 86' lang='lat' dir='ltr'><strong>apostolos;</strong></span> <span class='ocrx_word' id='word_1_41' title='bbox 2020 773 2291 827; x_wconf 81' lang='lat' dir='ltr'><strong>luminare</strong></span> <span class='ocrx_word' id='word_1_42' title='bbox 2317 788 2413 824; x_wconf 85' lang='lat' dir='ltr'><strong>au-</strong></span> 
     </span>
    </p>
   </div>
   <div class='ocr_carea' id='block_1_8' title="bbox 849 862 2408 945">
    <p class='ocr_par' dir='ltr' id='par_1_8' title="bbox 849 862 2408 945">
     <span class='ocr_line' id='line_1_8' title="bbox 849 862 2408 945; baseline -0.015 -8"><span class='ocrx_word' id='word_1_43' title='bbox 849 895 958 939; x_wconf 89' lang='lat' dir='ltr'><strong>tem</strong></span> <span class='ocrx_word' id='word_1_44' title='bbox 987 883 1168 936; x_wconf 92' lang='lat' dir='ltr'><strong>minus</strong></span> <span class='ocrx_word' id='word_1_45' title='bbox 1195 878 1248 930; x_wconf 91' lang='lat' dir='ltr'><strong>in</strong></span> <span class='ocrx_word' id='word_1_46' title='bbox 1286 874 1627 945; x_wconf 75' lang='lat' dir='ltr'><strong>principatus</strong></span> <span class='ocrx_word' id='word_1_47' title='bbox 1648 885 1742 922; x_wconf 82' lang='lat' dir='ltr'><strong>seu</strong></span> <span class='ocrx_word' id='word_1_48' title='bbox 1768 865 2035 936; x_wconf 86' lang='lat' dir='ltr'><strong>principia</strong></span> <span class='ocrx_word' id='word_1_49' title='bbox 2060 864 2257 919; x_wconf 83' lang='lat' dir='ltr'><strong>noctis.</strong></span> <span class='ocrx_word' id='word_1_50' title='bbox 2282 862 2408 915; x_wconf 78' lang='lat' dir='ltr'><strong>Mihi</strong></span> 
     </span>
    </p>
   </div>
   <div class='ocr_carea' id='block_1_9' title="bbox 848 956 2410 1041">
    <p class='ocr_par' dir='ltr' id='par_1_9' title="bbox 848 956 2410 1041">
     <span class='ocr_line' id='line_1_9' title="bbox 848 956 2410 1041; baseline -0.017 -9"><span class='ocrx_word' id='word_1_51' title='bbox 848 978 1089 1036; x_wconf 86' lang='lat' dir='ltr'><strong>videtur,</strong></span> <span class='ocrx_word' id='word_1_52' title='bbox 1120 970 1263 1041; x_wconf 88' lang='lat' dir='ltr'><strong>quod</strong></span> <span class='ocrx_word' id='word_1_53' title='bbox 1293 976 1350 1020; x_wconf 92' lang='lat' dir='ltr'><strong>et</strong></span> <span class='ocrx_word' id='word_1_54' title='bbox 1382 966 1570 1018; x_wconf 83' lang='lat' dir='ltr'><strong>verbis</strong></span> <span class='ocrx_word' id='word_1_55' title='bbox 1614 972 1668 1015; x_wconf 88' lang='lat' dir='ltr'><strong>et</strong></span> <span class='ocrx_word' id='word_1_56' title='bbox 1702 961 1868 1013; x_wconf 87' lang='lat' dir='ltr'><strong>reluts</strong></span> <span class='ocrx_word' id='word_1_57' title='bbox 1900 969 1957 1011; x_wconf 90' lang='lat' dir='ltr'><strong>et</strong></span> <span class='ocrx_word' id='word_1_58' title='bbox 1988 956 2173 1026; x_wconf 83' lang='lat' dir='ltr'><strong>ﬁguris</strong></span> <span class='ocrx_word' id='word_1_59' title='bbox 2221 965 2410 1024; x_wconf 86' lang='lat' dir='ltr'><strong>aptum</strong></span> 
     </span>
    </p>
   </div>
   <div class='ocr_carea' id='block_1_10' title="bbox 848 1048 2410 1124">
    <p class='ocr_par' dir='ltr' id='par_1_10' title="bbox 848 1048 2410 1124">
     <span class='ocr_line' id='line_1_10' title="bbox 848 1048 2410 1124; baseline -0.016 0"><span class='ocrx_word' id='word_1_60' title='bbox 848 1080 909 1124; x_wconf 90' lang='lat' dir='ltr'><strong>et</strong></span> <span class='ocrx_word' id='word_1_61' title='bbox 936 1062 1407 1122; x_wconf 87' lang='lat' dir='ltr'><strong>accommodatum</strong></span> <span class='ocrx_word' id='word_1_62' title='bbox 1442 1068 1526 1110; x_wconf 86' lang='lat' dir='ltr'><strong>est</strong></span> <span class='ocrx_word' id='word_1_63' title='bbox 1566 1055 1877 1122; x_wconf 83' lang='lat' dir='ltr'><strong>exemplum</strong></span> <span class='ocrx_word' id='word_1_64' title='bbox 1914 1051 2045 1103; x_wconf 87' lang='lat' dir='ltr'><strong>solis</strong></span> <span class='ocrx_word' id='word_1_65' title='bbox 2081 1057 2139 1101; x_wconf 89' lang='lat' dir='ltr'><strong>et</strong></span> <span class='ocrx_word' id='word_1_66' title='bbox 2174 1048 2316 1100; x_wconf 64' lang='lat' dir='ltr'><strong>lunae</strong></span> <span class='ocrx_word' id='word_1_67' title='bbox 2345 1048 2410 1100; x_wconf 87' lang='lat' dir='ltr'><strong>ad</strong></span> 
     </span>
    </p>
   </div>
   <div class='ocr_carea' id='block_1_11' title="bbox 848 1139 2413 1216">
    <p class='ocr_par' dir='ltr' id='par_1_11' title="bbox 848 1139 2413 1216">
     <span class='ocr_line' id='line_1_11' title="bbox 848 1139 2413 1216; baseline -0.017 0"><span class='ocrx_word' id='word_1_68' title='bbox 848 1165 1128 1216; x_wconf 74' lang='lat' dir='ltr'><strong>Christum</strong></span> <span class='ocrx_word' id='word_1_69' title='bbox 1150 1166 1206 1211; x_wconf 94' lang='lat' dir='ltr'><strong>et</strong></span> <span class='ocrx_word' id='word_1_70' title='bbox 1232 1151 1553 1209; x_wconf 73' lang='lat' dir='ltr'><strong>Ecclesium.</strong></span> <span class='ocrx_word' id='word_1_71' title='bbox 1582 1148 1715 1202; x_wconf 67' lang='lat' dir='ltr'><strong>Nam</strong></span> <span class='ocrx_word' id='word_1_72' title='bbox 1740 1162 1864 1197; x_wconf 84' lang='lat' dir='ltr'><strong>cum</strong></span> <span class='ocrx_word' id='word_1_73' title='bbox 1887 1143 2105 1196; x_wconf 76' lang='lat' dir='ltr'><strong>fecisset</strong></span> <span class='ocrx_word' id='word_1_74' title='bbox 2138 1141 2279 1193; x_wconf 85' lang='lat' dir='ltr'><strong>Deus</strong></span> <span class='ocrx_word' id='word_1_75' title='bbox 2302 1139 2413 1191; x_wconf 73' lang='lat' dir='ltr'><strong>hmc</strong></span> 
     </span>
    </p>
   </div>
   <div class='ocr_carea' id='block_1_12' title="bbox 852 1230 2416 1309">
    <p class='ocr_par' dir='ltr' id='par_1_12' title="bbox 852 1230 2416 1309">
     <span class='ocr_line' id='line_1_12' title="bbox 852 1230 2416 1309; baseline -0.017 0"><span class='ocrx_word' id='word_1_76' title='bbox 852 1261 961 1309; x_wconf 83' lang='lat' dir='ltr'><strong>duo</strong></span> <span class='ocrx_word' id='word_1_77' title='bbox 989 1250 1304 1308; x_wconf 82' lang='lat' dir='ltr'><strong>luminaria,</strong></span> <span class='ocrx_word' id='word_1_78' title='bbox 1336 1260 1592 1309; x_wconf 71' lang='lat' dir='ltr'><strong>maguum</strong></span> <span class='ocrx_word' id='word_1_79' title='bbox 1627 1242 1844 1307; x_wconf 82' lang='lat' dir='ltr'><strong>(nernpe</strong></span> <span class='ocrx_word' id='word_1_80' title='bbox 1866 1234 2059 1301; x_wconf 83' lang='lat' dir='ltr'><strong>Solent)</strong></span> <span class='ocrx_word' id='word_1_81' title='bbox 2092 1232 2273 1287; x_wconf 82' lang='lat' dir='ltr'><strong>statim</strong></span> <span class='ocrx_word' id='word_1_82' title='bbox 2300 1230 2416 1283; x_wconf 90' lang='lat' dir='ltr'><strong>ﬁxit</strong></span> 
     </span>
    </p>
   </div>
   <div class='ocr_carea' id='block_1_13' title="bbox 851 1325 2412 1399">
    <p class='ocr_par' dir='ltr' id='par_1_13' title="bbox 851 1325 2412 1399">
     <span class='ocr_line' id='line_1_13' title="bbox 851 1325 2412 1399; baseline -0.017 0"><span class='ocrx_word' id='word_1_83' title='bbox 851 1349 917 1399; x_wconf 81' lang='lat' dir='ltr'><strong>ad</strong></span> <span class='ocrx_word' id='word_1_84' title='bbox 972 1356 1152 1397; x_wconf 72' lang='lat' dir='ltr'><strong>crtum</strong></span> <span class='ocrx_word' id='word_1_85' title='bbox 1187 1335 1534 1396; x_wconf 88' lang='lat' dir='ltr'><strong>ﬁrmamenti,</strong></span> <span class='ocrx_word' id='word_1_86' title='bbox 1571 1335 1751 1385; x_wconf 89' lang='lat' dir='ltr'><strong>lunatn</strong></span> <span class='ocrx_word' id='word_1_87' title='bbox 1807 1338 1988 1380; x_wconf 85' lang='lat' dir='ltr'><strong>autem</strong></span> <span class='ocrx_word' id='word_1_88' title='bbox 2022 1325 2087 1377; x_wconf 87' lang='lat' dir='ltr'><strong>ad</strong></span> <span class='ocrx_word' id='word_1_89' title='bbox 2136 1337 2412 1383; x_wconf 64' lang='lat' dir='ltr'><strong>occasum,</strong></span> 
     </span>
    </p>
   </div>
   <div class='ocr_carea' id='block_1_14' title="bbox 853 1411 2416 1497">
    <p class='ocr_par' dir='ltr' id='par_1_14' title="bbox 853 1411 2416 1497">
     <span class='ocr_line' id='line_1_14' title="bbox 853 1411 2416 1497; baseline -0.018 -5"><span class='ocrx_word' id='word_1_90' title='bbox 853 1456 955 1493; x_wconf 88' lang='lat' dir='ltr'><strong>nos</strong></span> <span class='ocrx_word' id='word_1_91' title='bbox 987 1438 1217 1489; x_wconf 85' lang='lat' dir='ltr'><strong>doecute</strong></span> <span class='ocrx_word' id='word_1_92' title='bbox 1252 1432 1355 1483; x_wconf 92' lang='lat' dir='ltr'><strong>hoc</strong></span> <span class='ocrx_word' id='word_1_93' title='bbox 1372 1427 1645 1493; x_wconf 83' lang='lat' dir='ltr'><strong>exemplo,</strong></span> <span class='ocrx_word' id='word_1_94' title='bbox 1669 1422 1814 1491; x_wconf 80' lang='lat' dir='ltr'><strong>quod</strong></span> <span class='ocrx_word' id='word_1_95' title='bbox 1841 1411 2416 1497; x_wconf 58' lang='lat' dir='ltr'><strong>inqirincipioadven—</strong></span> 
     </span>
    </p>
   </div>
   <div class='ocr_carea' id='block_1_15' title="bbox 857 1511 2417 1593">
    <p class='ocr_par' dir='ltr' id='par_1_15' title="bbox 857 1511 2417 1593">
     <span class='ocr_line' id='line_1_15' title="bbox 857 1511 2417 1593; baseline -0.018 -9"><span class='ocrx_word' id='word_1_96' title='bbox 857 1541 943 1584; x_wconf 81' lang='lat' dir='ltr'><strong>tus</strong></span> <span class='ocrx_word' id='word_1_97' title='bbox 972 1525 1202 1587; x_wconf 75' lang='lat' dir='ltr'><strong>Christi,</strong></span> <span class='ocrx_word' id='word_1_98' title='bbox 1236 1525 1356 1593; x_wconf 86' lang='lat' dir='ltr'><strong>ipso</strong></span> <span class='ocrx_word' id='word_1_99' title='bbox 1379 1521 1598 1575; x_wconf 85' lang='lat' dir='ltr'><strong>Christo</strong></span> <span class='ocrx_word' id='word_1_100' title='bbox 1627 1514 1950 1583; x_wconf 84' lang='lat' dir='ltr'><strong>splendente</strong></span> <span class='ocrx_word' id='word_1_101' title='bbox 1978 1511 2032 1563; x_wconf 87' lang='lat' dir='ltr'><strong>in</strong></span> <span class='ocrx_word' id='word_1_102' title='bbox 2064 1522 2230 1561; x_wconf 86' lang='lat' dir='ltr'><strong>carne</strong></span> <span class='ocrx_word' id='word_1_103' title='bbox 2252 1520 2417 1574; x_wconf 80' lang='lat' dir='ltr'><strong>super</strong></span> 
     </span>
    </p>
   </div>
   <div class='ocr_carea' id='block_1_16' title="bbox 858 1594 2416 1683">
    <p class='ocr_par' dir='ltr' id='par_1_16' title="bbox 858 1594 2416 1683">
     <span class='ocr_line' id='line_1_16' title="bbox 858 1594 2416 1683; baseline -0.019 -10"><span class='ocrx_word' id='word_1_104' title='bbox 858 1632 1085 1683; x_wconf 83' lang='lat' dir='ltr'><strong>terram,</strong></span> <span class='ocrx_word' id='word_1_105' title='bbox 1120 1615 1323 1670; x_wconf 87' lang='lat' dir='ltr'><strong>Christi</strong></span> <span class='ocrx_word' id='word_1_106' title='bbox 1372 1626 1480 1663; x_wconf 87' lang='lat' dir='ltr'><strong>non</strong></span> <span class='ocrx_word' id='word_1_107' title='bbox 1533 1602 1855 1673; x_wconf 88' lang='lat' dir='ltr'><strong>splemlebat</strong></span> <span class='ocrx_word' id='word_1_108' title='bbox 1890 1597 2133 1653; x_wconf 79' lang='lat' dir='ltr'><strong>Ecclesia</strong></span> <span class='ocrx_word' id='word_1_109' title='bbox 2169 1614 2181 1647; x_wconf 92' lang='lat'><strong>:</strong></span> <span class='ocrx_word' id='word_1_110' title='bbox 2223 1594 2416 1647; x_wconf 79' lang='lat' dir='ltr'><strong>Adhuc</strong></span> 
     </span>
    </p>
   </div>
   <div class='ocr_carea' id='block_1_17' title="bbox 856 1684 2416 1766">
    <p class='ocr_par' dir='ltr' id='par_1_17' title="bbox 856 1684 2416 1766">
     <span class='ocr_line' id='line_1_17' title="bbox 856 1684 2416 1766; baseline -0.021 1"><span class='ocrx_word' id='word_1_111' title='bbox 856 1716 1004 1766; x_wconf 86' lang='lat' dir='ltr'><strong>enim</strong></span> <span class='ocrx_word' id='word_1_112' title='bbox 1034 1710 1214 1763; x_wconf 87' lang='lat' dir='ltr'><strong>stabat</strong></span> <span class='ocrx_word' id='word_1_113' title='bbox 1264 1706 1315 1757; x_wconf 90' lang='lat' dir='ltr'><strong>in</strong></span> <span class='ocrx_word' id='word_1_114' title='bbox 1355 1713 1554 1753; x_wconf 87' lang='lat' dir='ltr'><strong>occasu</strong></span> <span class='ocrx_word' id='word_1_115' title='bbox 1605 1693 1835 1765; x_wconf 88' lang='lat' dir='ltr'><strong>peccati.</strong></span> <span class='ocrx_word' id='word_1_116' title='bbox 1871 1691 2006 1743; x_wconf 91' lang='lat' dir='ltr'><strong>Cum</strong></span> <span class='ocrx_word' id='word_1_117' title='bbox 2039 1697 2219 1742; x_wconf 90' lang='lat' dir='ltr'><strong>autem</strong></span> <span class='ocrx_word' id='word_1_118' title='bbox 2251 1684 2416 1739; x_wconf 89' lang='lat' dir='ltr'><strong>Chri-</strong></span> 
     </span>
    </p>
   </div>
   <div class='ocr_carea' id='block_1_18' title="bbox 855 1781 2417 1860">
    <p class='ocr_par' dir='ltr' id='par_1_18' title="bbox 855 1781 2417 1860">
     <span class='ocr_line' id='line_1_18' title="bbox 855 1781 2417 1860; baseline -0.019 -1"><span class='ocrx_word' id='word_1_119' title='bbox 855 1816 973 1860; x_wconf 81' lang='lat' dir='ltr'><strong>stus</strong></span> <span class='ocrx_word' id='word_1_120' title='bbox 1007 1799 1283 1859; x_wconf 87' lang='lat' dir='ltr'><strong>occidens,</strong></span> <span class='ocrx_word' id='word_1_121' title='bbox 1322 1796 1377 1847; x_wconf 91' lang='lat' dir='ltr'><strong>in</strong></span> <span class='ocrx_word' id='word_1_122' title='bbox 1404 1792 1557 1847; x_wconf 74' lang='lat' dir='ltr'><strong>cmlis</strong></span> <span class='ocrx_word' id='word_1_123' title='bbox 1581 1787 1904 1842; x_wconf 82' lang='lat' dir='ltr'><strong>accessisset</strong></span> <span class='ocrx_word' id='word_1_124' title='bbox 1926 1782 1991 1834; x_wconf 90' lang='lat' dir='ltr'><strong>ad</strong></span> <span class='ocrx_word' id='word_1_125' title='bbox 2020 1781 2253 1840; x_wconf 79' lang='lat' dir='ltr'><strong>Patrem,</strong></span> <span class='ocrx_word' id='word_1_126' title='bbox 2287 1786 2417 1830; x_wconf 90' lang='lat' dir='ltr'><strong>tunc</strong></span> 
     </span>
    </p>
   </div>
   <div class='ocr_carea' id='block_1_19' title="bbox 2516 590 4079 659">
    <p class='ocr_par' dir='ltr' id='par_1_19' title="bbox 2516 590 4079 659">
     <span class='ocr_line' id='line_1_19' title="bbox 2516 590 4079 659; baseline 0 -16"><span class='ocrx_word' id='word_1_127' title='bbox 2516 590 2917 652; x_wconf 83' lang='lat' dir='ltr'><strong>beruatiouem,</strong></span> <span class='ocrx_word' id='word_1_128' title='bbox 2949 591 3285 659; x_wconf 82' lang='lat' dir='ltr'><strong>spiritusque</strong></span> <span class='ocrx_word' id='word_1_129' title='bbox 3316 590 3368 640; x_wconf 92' lang='lat' dir='ltr'><strong>in</strong></span> <span class='ocrx_word' id='word_1_130' title='bbox 3401 590 3655 641; x_wconf 83' lang='lat' dir='ltr'><strong>universa</strong></span> <span class='ocrx_word' id='word_1_131' title='bbox 3688 606 3825 658; x_wconf 90' lang='lat' dir='ltr'><strong>aqua</strong></span> <span class='ocrx_word' id='word_1_132' title='bbox 3847 600 3903 643; x_wconf 89' lang='lat' dir='ltr'><strong>et</strong></span> <span class='ocrx_word' id='word_1_133' title='bbox 3941 593 4079 644; x_wconf 87' lang='lat' dir='ltr'><strong>mari</strong></span> 
     </span>
    </p>
   </div>
   <div class='ocr_carea' id='block_1_20' title="bbox 2513 680 4078 751">
    <p class='ocr_par' dir='ltr' id='par_1_20' title="bbox 2513 680 4078 751">
     <span class='ocr_line' id='line_1_20' title="bbox 2513 680 4078 751; baseline 0.001 -20"><span class='ocrx_word' id='word_1_134' title='bbox 2513 692 2567 734; x_wconf 84' lang='lat' dir='ltr'><strong>et</strong></span> <span class='ocrx_word' id='word_1_135' title='bbox 2602 682 2787 735; x_wconf 88' lang='lat' dir='ltr'><strong>tnultis</strong></span> <span class='ocrx_word' id='word_1_136' title='bbox 2808 682 3152 748; x_wconf 85' lang='lat' dir='ltr'><strong>corporibus,</strong></span> <span class='ocrx_word' id='word_1_137' title='bbox 3179 692 3232 733; x_wconf 85' lang='lat' dir='ltr'><strong>et</strong></span> <span class='ocrx_word' id='word_1_138' title='bbox 3261 680 3360 749; x_wconf 86' lang='lat' dir='ltr'><strong>ipsi</strong></span> <span class='ocrx_word' id='word_1_139' title='bbox 3393 682 3611 748; x_wconf 88' lang='lat' dir='ltr'><strong>quidem</strong></span> <span class='ocrx_word' id='word_1_140' title='bbox 3648 682 3809 750; x_wconf 87' lang='lat' dir='ltr'><strong>hujus</strong></span> <span class='ocrx_word' id='word_1_141' title='bbox 3834 684 3914 735; x_wconf 78' lang='lat' dir='ltr'><strong>rei</strong></span> <span class='ocrx_word' id='word_1_142' title='bbox 3956 684 4078 751; x_wconf 92' lang='lat' dir='ltr'><strong>plu-</strong></span> 
     </span>
    </p>
   </div>
   <div class='ocr_carea' id='block_1_21' title="bbox 2516 774 4083 842">
    <p class='ocr_par' dir='ltr' id='par_1_21' title="bbox 2516 774 4083 842">
     <span class='ocr_line' id='line_1_21' title="bbox 2516 774 4083 842; baseline 0.001 -16"><span class='ocrx_word' id='word_1_143' title='bbox 2516 775 2711 827; x_wconf 85' lang='lat' dir='ltr'><strong>rimam</strong></span> <span class='ocrx_word' id='word_1_144' title='bbox 2746 774 3010 826; x_wconf 82' lang='lat' dir='ltr'><strong>hahcmus</strong></span> <span class='ocrx_word' id='word_1_145' title='bbox 3049 775 3471 842; x_wconf 83' lang='lat' dir='ltr'><strong>experientiam,</strong></span> <span class='ocrx_word' id='word_1_146' title='bbox 3503 784 3557 826; x_wconf 81' lang='lat' dir='ltr'><strong>ct</strong></span> <span class='ocrx_word' id='word_1_147' title='bbox 3587 783 3857 827; x_wconf 78' lang='lat' dir='ltr'><strong>testantur</strong></span> <span class='ocrx_word' id='word_1_148' title='bbox 3884 791 4083 828; x_wconf 87' lang='lat' dir='ltr'><strong>omnes</strong></span> 
     </span>
    </p>
   </div>
   <div class='ocr_carea' id='block_1_22' title="bbox 2518 865 4081 934">
    <p class='ocr_par' dir='ltr' id='par_1_22' title="bbox 2518 865 4081 934">
     <span class='ocr_line' id='line_1_22' title="bbox 2518 865 4081 934; baseline 0.001 -17"><span class='ocrx_word' id='word_1_149' title='bbox 2518 866 2610 934; x_wconf 88' lang='lat' dir='ltr'><strong>qui</strong></span> <span class='ocrx_word' id='word_1_150' title='bbox 2639 868 2691 919; x_wconf 91' lang='lat' dir='ltr'><strong>in</strong></span> <span class='ocrx_word' id='word_1_151' title='bbox 2726 882 2871 919; x_wconf 88' lang='lat' dir='ltr'><strong>mare</strong></span> <span class='ocrx_word' id='word_1_152' title='bbox 2901 865 3235 917; x_wconf 85' lang='lat' dir='ltr'><strong>descendunt</strong></span> <span class='ocrx_word' id='word_1_153' title='bbox 3262 866 3311 918; x_wconf 92' lang='lat' dir='ltr'><strong>in</strong></span> <span class='ocrx_word' id='word_1_154' title='bbox 3337 866 3587 924; x_wconf 78' lang='lat' dir='ltr'><strong>navibus,</strong></span> <span class='ocrx_word' id='word_1_155' title='bbox 3619 866 3763 931; x_wconf 88' lang='lat' dir='ltr'><strong>quod</strong></span> <span class='ocrx_word' id='word_1_156' title='bbox 3791 877 4081 920; x_wconf 73' lang='lat' dir='ltr'><strong>crescente</strong></span> 
     </span>
    </p>
   </div>
   <div class='ocr_carea' id='block_1_23' title="bbox 2514 958 4083 1028">
    <p class='ocr_par' dir='ltr' id='par_1_23' title="bbox 2514 958 4083 1028">
     <span class='ocr_line' id='line_1_23' title="bbox 2514 958 4083 1028; baseline -0.001 -17"><span class='ocrx_word' id='word_1_157' title='bbox 2514 959 2678 1028; x_wconf 75' lang='lat'><strong>375</strong></span> <span class='ocrx_word' id='word_1_158' title='bbox 2710 975 2939 1028; x_wconf 85' lang='lat' dir='ltr'><strong>corpore</strong></span> <span class='ocrx_word' id='word_1_159' title='bbox 2967 960 3107 1011; x_wconf 80' lang='lat' dir='ltr'><strong>luna:</strong></span> <span class='ocrx_word' id='word_1_160' title='bbox 3141 958 3301 1010; x_wconf 89' lang='lat' dir='ltr'><strong>simul</strong></span> <span class='ocrx_word' id='word_1_161' title='bbox 3326 960 3487 1012; x_wconf 89' lang='lat' dir='ltr'><strong>etiam</strong></span> <span class='ocrx_word' id='word_1_162' title='bbox 3520 969 3775 1011; x_wconf 86' lang='lat' dir='ltr'><strong>crescunt</strong></span> <span class='ocrx_word' id='word_1_163' title='bbox 3797 968 3853 1011; x_wconf 90' lang='lat' dir='ltr'><strong>et</strong></span> <span class='ocrx_word' id='word_1_164' title='bbox 3888 959 4083 1011; x_wconf 65' lang='grc' dir='ltr'>ιηιιΙιὶ-</span> 
     </span>
    </p>
   </div>
   <div class='ocr_carea' id='block_1_24' title="bbox 2515 1053 4080 1119">
    <p class='ocr_par' dir='ltr' id='par_1_24' title="bbox 2515 1053 4080 1119">
     <span class='ocr_line' id='line_1_24' title="bbox 2515 1053 4080 1119; baseline 0 -18"><span class='ocrx_word' id='word_1_165' title='bbox 2515 1053 2790 1118; x_wconf 86' lang='lat' dir='ltr'><strong>plicantur</strong></span> <span class='ocrx_word' id='word_1_166' title='bbox 2820 1068 2993 1119; x_wconf 67' lang='lat' dir='ltr'><strong>aquar,</strong></span> <span class='ocrx_word' id='word_1_167' title='bbox 3033 1070 3095 1104; x_wconf 85' lang='lat' dir='ltr'><strong>ea</strong></span> <span class='ocrx_word' id='word_1_168' title='bbox 3136 1062 3317 1104; x_wconf 78' lang='lat' dir='ltr'><strong>autent</strong></span> <span class='ocrx_word' id='word_1_169' title='bbox 3342 1054 3694 1105; x_wconf 84' lang='lat' dir='ltr'><strong>decrescente</strong></span> <span class='ocrx_word' id='word_1_170' title='bbox 3732 1067 3925 1106; x_wconf 81' lang='lat' dir='ltr'><strong>rurSUs</strong></span> <span class='ocrx_word' id='word_1_171' title='bbox 3955 1068 4080 1102; x_wconf 86' lang='lat' dir='ltr'><strong>cum</strong></span> 
     </span>
    </p>
   </div>
   <div class='ocr_carea' id='block_1_25' title="bbox 2514 1143 3338 1197">
    <p class='ocr_par' dir='ltr' id='par_1_25' title="bbox 2514 1143 3338 1197">
     <span class='ocr_line' id='line_1_25' title="bbox 2514 1143 3338 1197; baseline 0.001 -4"><span class='ocrx_word' id='word_1_172' title='bbox 2514 1158 2574 1194; x_wconf 83' lang='lat' dir='ltr'><strong>ea</strong></span> <span class='ocrx_word' id='word_1_173' title='bbox 2612 1143 2872 1195; x_wconf 82' lang='lat' dir='ltr'><strong>desinunt</strong></span> <span class='ocrx_word' id='word_1_174' title='bbox 2909 1152 2963 1195; x_wconf 90' lang='lat' dir='ltr'><strong>et</strong></span> <span class='ocrx_word' id='word_1_175' title='bbox 2993 1143 3338 1197; x_wconf 86' lang='lat' dir='ltr'><strong>decrescunt.</strong></span> 
     </span>
    </p>
   </div>
   <div class='ocr_carea' id='block_1_26' title="bbox 2586 1234 4077 1304">
    <p class='ocr_par' dir='ltr' id='par_1_26' title="bbox 2586 1234 4077 1304">
     <span class='ocr_line' id='line_1_26' title="bbox 2586 1234 4077 1304; baseline -0.001 -17"><span class='ocrx_word' id='word_1_176' title='bbox 2586 1236 2789 1287; x_wconf 78' lang='grc' dir='ltr'>1ιι‹·ιιιιι</span> <span class='ocrx_word' id='word_1_177' title='bbox 2819 1246 3004 1288; x_wconf 90' lang='lat' dir='ltr'><strong>autem</strong></span> <span class='ocrx_word' id='word_1_178' title='bbox 3048 1235 3179 1287; x_wconf 90' lang='lat' dir='ltr'><strong>ibim</strong></span> <span class='ocrx_word' id='word_1_179' title='bbox 3210 1250 3454 1303; x_wconf 84' lang='lat' dir='ltr'><strong>quoque,</strong></span> <span class='ocrx_word' id='word_1_180' title='bbox 3485 1251 3609 1304; x_wconf 75' lang='lat' dir='ltr'><strong>qum</strong></span> <span class='ocrx_word' id='word_1_181' title='bbox 3639 1244 3723 1288; x_wconf 87' lang='lat' dir='ltr'><strong>est</strong></span> <span class='ocrx_word' id='word_1_182' title='bbox 3761 1235 3971 1288; x_wconf 85' lang='lat' dir='ltr'><strong>animal</strong></span> <span class='ocrx_word' id='word_1_183' title='bbox 4004 1234 4077 1287; x_wconf 89' lang='lat' dir='ltr'><strong>si—</strong></span> 
     </span>
    </p>
   </div>
   <div class='ocr_carea' id='block_1_27' title="bbox 2519 1326 4079 1395">
    <p class='ocr_par' dir='ltr' id='par_1_27' title="bbox 2519 1326 4079 1395">
     <span class='ocr_line' id='line_1_27' title="bbox 2519 1326 4079 1395; baseline 0 -17"><span class='ocrx_word' id='word_1_184' title='bbox 2519 1327 2647 1379; x_wconf 89' lang='lat' dir='ltr'><strong>mile</strong></span> <span class='ocrx_word' id='word_1_185' title='bbox 2692 1329 2831 1379; x_wconf 80' lang='lat' dir='ltr'><strong>lmne</strong></span> <span class='ocrx_word' id='word_1_186' title='bbox 2860 1327 3115 1380; x_wconf 65' lang='lat' dir='ltr'><strong>:etherea&#39;</strong></span> <span class='ocrx_word' id='word_1_187' title='bbox 3167 1326 3249 1394; x_wconf 89' lang='grc' dir='ltr'>(ιιι</span> <span class='ocrx_word' id='word_1_188' title='bbox 3287 1343 3406 1394; x_wconf 73' lang='grc' dir='ltr'>(ιιιιυ</span> <span class='ocrx_word' id='word_1_189' title='bbox 3452 1327 3505 1379; x_wconf 93' lang='lat' dir='ltr'><strong>in</strong></span> <span class='ocrx_word' id='word_1_190' title='bbox 3549 1328 3813 1380; x_wconf 77' lang='lat' dir='ltr'><strong>extremis</strong></span> <span class='ocrx_word' id='word_1_191' title='bbox 3852 1327 4079 1395; x_wconf 88' lang='lat' dir='ltr'><strong>quidem</strong></span> 
     </span>
    </p>
   </div>
   <div class='ocr_carea' id='block_1_28' title="bbox 2517 1418 4080 1488">
    <p class='ocr_par' dir='ltr' id='par_1_28' title="bbox 2517 1418 4080 1488">
     <span class='ocr_line' id='line_1_28' title="bbox 2517 1418 4080 1488; baseline 0.001 -19"><span class='ocrx_word' id='word_1_192' title='bbox 2517 1420 2780 1481; x_wconf 83' lang='lat' dir='ltr'><strong>albescal,</strong></span> <span class='ocrx_word' id='word_1_193' title='bbox 2817 1420 2868 1470; x_wconf 92' lang='lat' dir='ltr'><strong>in</strong></span> <span class='ocrx_word' id='word_1_194' title='bbox 2896 1418 3078 1472; x_wconf 89' lang='lat' dir='ltr'><strong>medio</strong></span> <span class='ocrx_word' id='word_1_195' title='bbox 3106 1429 3289 1471; x_wconf 89' lang='lat' dir='ltr'><strong>autem</strong></span> <span class='ocrx_word' id='word_1_196' title='bbox 3318 1419 3389 1472; x_wconf 93' lang='lat' dir='ltr'><strong>sit</strong></span> <span class='ocrx_word' id='word_1_197' title='bbox 3411 1429 3526 1472; x_wconf 87' lang='lat' dir='ltr'><strong>atra</strong></span> <span class='ocrx_word' id='word_1_198' title='bbox 3550 1431 3607 1472; x_wconf 89' lang='lat' dir='ltr'><strong>ct</strong></span> <span class='ocrx_word' id='word_1_199' title='bbox 3631 1421 3984 1488; x_wconf 80' lang='lat' dir='ltr'><strong>caliginosa),</strong></span> <span class='ocrx_word' id='word_1_200' title='bbox 4014 1437 4080 1471; x_wconf 83' lang='lat' dir='ltr'><strong>ne</strong></span> 
     </span>
    </p>
   </div>
   <div class='ocr_carea' id='block_1_29' title="bbox 2519 1506 4081 1581">
    <p class='ocr_par' dir='ltr' id='par_1_29' title="bbox 2519 1506 4081 1581">
     <span class='ocr_line' id='line_1_29' title="bbox 2519 1506 4081 1581; baseline 0.001 -18"><span class='ocrx_word' id='word_1_201' title='bbox 2519 1511 2689 1579; x_wconf 89' lang='lat' dir='ltr'><strong>ipsam</strong></span> <span class='ocrx_word' id='word_1_202' title='bbox 2726 1512 2948 1581; x_wconf 77' lang='lat' dir='ltr'><strong>quidem</strong></span> <span class='ocrx_word' id='word_1_203' title='bbox 3002 1506 3189 1565; x_wconf 85' lang='lat' dir='ltr'><strong>videre</strong></span> <span class='ocrx_word' id='word_1_204' title='bbox 3235 1513 3454 1581; x_wconf 87' lang='lat' dir='ltr'><strong>quando</strong></span> <span class='ocrx_word' id='word_1_205' title='bbox 3486 1514 3686 1567; x_wconf 75' lang='lat' dir='ltr'><strong>cmlum</strong></span> <span class='ocrx_word' id='word_1_206' title='bbox 3743 1514 3909 1568; x_wconf 84' lang='lat' dir='ltr'><strong>fuerit</strong></span> <span class='ocrx_word' id='word_1_207' title='bbox 3960 1515 4081 1569; x_wconf 82' lang='lat' dir='ltr'><strong>sine</strong></span> 
     </span>
    </p>
   </div>
   <div class='ocr_carea' id='block_1_30' title="bbox 2518 1600 4077 1673">
    <p class='ocr_par' dir='ltr' id='par_1_30' title="bbox 2518 1600 4077 1673">
     <span class='ocr_line' id='line_1_30' title="bbox 2518 1600 4077 1673; baseline 0.004 -21"><span class='ocrx_word' id='word_1_208' title='bbox 2518 1600 2645 1653; x_wconf 88' lang='lat' dir='ltr'><strong>luna</strong></span> <span class='ocrx_word' id='word_1_209' title='bbox 2679 1617 2692 1652; x_wconf 90' lang='lat'>:</span> <span class='ocrx_word' id='word_1_210' title='bbox 2726 1617 2846 1655; x_wconf 88' lang='lat' dir='ltr'><strong>eam</strong></span> <span class='ocrx_word' id='word_1_211' title='bbox 2878 1613 3059 1656; x_wconf 87' lang='lat' dir='ltr'><strong>autem</strong></span> <span class='ocrx_word' id='word_1_212' title='bbox 3088 1618 3155 1656; x_wconf 88' lang='lat' dir='ltr'><strong>eo</strong></span> <span class='ocrx_word' id='word_1_213' title='bbox 3188 1612 3433 1673; x_wconf 90' lang='lat' dir='ltr'><strong>tempore</strong></span> <span class='ocrx_word' id='word_1_214' title='bbox 3466 1604 3670 1658; x_wconf 87' lang='lat' dir='ltr'><strong>clausis</strong></span> <span class='ocrx_word' id='word_1_215' title='bbox 3714 1619 3838 1659; x_wconf 87' lang='lat' dir='ltr'><strong>esse</strong></span> <span class='ocrx_word' id='word_1_216' title='bbox 3876 1606 4077 1667; x_wconf 91' lang='lat' dir='ltr'><strong>oculis,</strong></span> 
     </span>
    </p>
   </div>
   <div class='ocr_carea' id='block_1_31' title="bbox 2514 1694 4083 1763">
    <p class='ocr_par' dir='ltr' id='par_1_31' title="bbox 2514 1694 4083 1763">
     <span class='ocr_line' id='line_1_31' title="bbox 2514 1694 4083 1763; baseline 0.003 -19"><span class='ocrx_word' id='word_1_217' title='bbox 2514 1700 2572 1744; x_wconf 87' lang='lat' dir='ltr'><strong>et</strong></span> <span class='ocrx_word' id='word_1_218' title='bbox 2616 1708 2838 1745; x_wconf 90' lang='lat' dir='ltr'><strong>manere</strong></span> <span class='ocrx_word' id='word_1_219' title='bbox 2891 1694 3003 1747; x_wconf 89' lang='lat' dir='ltr'><strong>cibi</strong></span> <span class='ocrx_word' id='word_1_220' title='bbox 3048 1705 3354 1763; x_wconf 88' lang='lat' dir='ltr'><strong>expertem.</strong></span> <span class='ocrx_word' id='word_1_221' title='bbox 3404 1695 3570 1750; x_wconf 89' lang='lat' dir='ltr'><strong>Simia</strong></span> <span class='ocrx_word' id='word_1_222' title='bbox 3618 1707 3799 1750; x_wconf 90' lang='lat' dir='ltr'><strong>autem</strong></span> <span class='ocrx_word' id='word_1_223' title='bbox 3849 1698 4083 1750; x_wconf 80' lang='lat' dir='ltr'><strong>manife-</strong></span> 
     </span>
    </p>
   </div>
   <div class='ocr_carea' id='block_1_32' title="bbox 2517 1780 4072 1855">
    <p class='ocr_par' dir='ltr' id='par_1_32' title="bbox 2517 1780 4072 1855">
     <span class='ocr_line' id='line_1_32' title="bbox 2517 1780 4072 1855; baseline 0.003 -22"><span class='ocrx_word' id='word_1_224' title='bbox 2517 1780 2716 1836; x_wconf 90' lang='lat' dir='ltr'><strong>stiorcs</strong></span> <span class='ocrx_word' id='word_1_225' title='bbox 2746 1782 2914 1836; x_wconf 87' lang='lat' dir='ltr'><strong>habet</strong></span> <span class='ocrx_word' id='word_1_226' title='bbox 2940 1786 3313 1852; x_wconf 88' lang='lat' dir='ltr'><strong>operationes.</strong></span> <span class='ocrx_word' id='word_1_227' title='bbox 3343 1786 3477 1839; x_wconf 75' lang='lat' dir='ltr'><strong>Nam</strong></span> <span class='ocrx_word' id='word_1_228' title='bbox 3518 1788 3739 1855; x_wconf 86' lang='lat' dir='ltr'><strong>quando</strong></span> <span class='ocrx_word' id='word_1_229' title='bbox 3759 1788 3966 1841; x_wconf 83' lang='lat' dir='ltr'><strong>crescit</strong></span> <span class='ocrx_word' id='word_1_230' title='bbox 3993 1789 4072 1840; x_wconf 90' lang='lat' dir='ltr'><strong>lu-</strong></span> 
     </span>
    </p>
   </div>
   <div class='ocr_carea' id='block_1_33' title="bbox 855 1870 4079 1953">
    <p class='ocr_par' dir='ltr' id='par_1_33' title="bbox 855 1870 4079 1953">
     <span class='ocr_line' id='line_1_33' title="bbox 855 1870 4079 1953; baseline -0.006 -1"><span class='ocrx_word' id='word_1_231' title='bbox 855 1908 974 1951; x_wconf 92' lang='lat' dir='ltr'><strong>orla</strong></span> <span class='ocrx_word' id='word_1_232' title='bbox 998 1907 1081 1949; x_wconf 86' lang='lat' dir='ltr'><strong>est</strong></span> <span class='ocrx_word' id='word_1_233' title='bbox 1104 1895 1255 1953; x_wconf 90' lang='lat' dir='ltr'><strong>luna,</strong></span> <span class='ocrx_word' id='word_1_234' title='bbox 1282 1898 1413 1941; x_wconf 89' lang='lat' dir='ltr'><strong>tunc</strong></span> <span class='ocrx_word' id='word_1_235' title='bbox 1432 1898 1584 1937; x_wconf 88' lang='lat' dir='ltr'><strong>suam</strong></span> <span class='ocrx_word' id='word_1_236' title='bbox 1603 1875 1846 1931; x_wconf 86' lang='lat' dir='ltr'><strong>ostendit</strong></span> <span class='ocrx_word' id='word_1_237' title='bbox 1868 1870 2266 1940; x_wconf 74' lang='lat' dir='ltr'><strong>operationem.</strong></span> <span class='ocrx_word' id='word_1_238' title='bbox 2288 1874 2417 1918; x_wconf 69' lang='lat' dir='ltr'><strong>tunc</strong></span> <span class='ocrx_word' id='word_1_239' title='bbox 2450 1880 2489 1932; x_wconf 82' lang='grc' dir='ltr'>Β</span> <span class='ocrx_word' id='word_1_240' title='bbox 2519 1886 2608 1935; x_wconf 87' lang='lat' dir='ltr'><strong>na,</strong></span> <span class='ocrx_word' id='word_1_241' title='bbox 2633 1873 2683 1926; x_wconf 90' lang='lat' dir='ltr'><strong>ei</strong></span> <span class='ocrx_word' id='word_1_242' title='bbox 2706 1873 2971 1927; x_wconf 81' lang='lat' dir='ltr'><strong>dilatatur</strong></span> <span class='ocrx_word' id='word_1_243' title='bbox 2991 1877 3144 1929; x_wconf 91' lang='lat' dir='ltr'><strong>orbis</strong></span> <span class='ocrx_word' id='word_1_244' title='bbox 3167 1879 3453 1931; x_wconf 88' lang='lat' dir='ltr'><strong>oculorum</strong></span> <span class='ocrx_word' id='word_1_245' title='bbox 3474 1896 3489 1943; x_wconf 90' lang='lat'><strong>;</strong></span> <span class='ocrx_word' id='word_1_246' title='bbox 3510 1880 3734 1946; x_wconf 87' lang='lat' dir='ltr'><strong>quando</strong></span> <span class='ocrx_word' id='word_1_247' title='bbox 3757 1891 3946 1935; x_wconf 89' lang='lat' dir='ltr'><strong>autem</strong></span> <span class='ocrx_word' id='word_1_248' title='bbox 3982 1882 4079 1933; x_wconf 87' lang='lat' dir='ltr'><strong>de-</strong></span> 
     </span>
    </p>
   </div>
   <div class='ocr_carea' id='block_1_34' title="bbox 854 1958 2417 2045">
    <p class='ocr_par' dir='ltr' id='par_1_34' title="bbox 854 1958 2417 2045">
     <span class='ocr_line' id='line_1_34' title="bbox 854 1958 2417 2045; baseline -0.023 0"><span class='ocrx_word' id='word_1_249' title='bbox 854 1990 1131 2045; x_wconf 91' lang='lat' dir='ltr'><strong>dominata</strong></span> <span class='ocrx_word' id='word_1_250' title='bbox 1164 1992 1251 2036; x_wconf 87' lang='lat' dir='ltr'><strong>est</strong></span> <span class='ocrx_word' id='word_1_251' title='bbox 1280 1976 1524 2034; x_wconf 83' lang='lat' dir='ltr'><strong>tenebris</strong></span> <span class='ocrx_word' id='word_1_252' title='bbox 1556 1970 1757 2029; x_wconf 73' lang='lat' dir='ltr'><strong>noctis,</strong></span> <span class='ocrx_word' id='word_1_253' title='bbox 1792 1976 1921 2017; x_wconf 91' lang='lat' dir='ltr'><strong>tunc</strong></span> <span class='ocrx_word' id='word_1_254' title='bbox 1965 1958 2295 2015; x_wconf 80' lang='lat' dir='ltr'><strong>illuminavit</strong></span> <span class='ocrx_word' id='word_1_255' title='bbox 2319 1972 2417 2011; x_wconf 91' lang='lat' dir='ltr'><strong>eos</strong></span> 
     </span>
    </p>
   </div>
   <div class='ocr_carea' id='block_1_35' title="bbox 854 2054 2416 2151">
    <p class='ocr_par' dir='ltr' id='par_1_35' title="bbox 854 2054 2416 2151">
     <span class='ocr_line' id='line_1_35' title="bbox 854 2054 2416 2151; baseline -0.025 -17"><span class='ocrx_word' id='word_1_256' title='bbox 854 2082 1125 2151; x_wconf 86' lang='lat' dir='ltr'><strong>quierant</strong></span> <span class='ocrx_word' id='word_1_257' title='bbox 1148 2076 1199 2126; x_wconf 93' lang='lat' dir='ltr'><strong>in</strong></span> <span class='ocrx_word' id='word_1_258' title='bbox 1226 2068 1487 2125; x_wconf 86' lang='lat' dir='ltr'><strong>tenebris,</strong></span> <span class='ocrx_word' id='word_1_259' title='bbox 1508 2070 1639 2115; x_wconf 90' lang='lat' dir='ltr'><strong>tunc</strong></span> <span class='ocrx_word' id='word_1_260' title='bbox 1661 2058 2002 2151; x_wconf 76' lang='lat' dir='ltr'><strong>principatus</strong></span> <span class='ocrx_word' id='word_1_261' title='bbox 2013 2059 2077 2151; x_wconf 34' lang='lat' dir='ltr'><strong>let</strong></span> <span class='ocrx_word' id='word_1_262' title='bbox 2098 2054 2416 2151; x_wconf 76' lang='lat' dir='ltr'><strong>potestates,</strong></span> 
     </span>
    </p>
   </div>
   <div class='ocr_carea' id='block_1_36' title="bbox 851 2137 2416 2241">
    <p class='ocr_par' dir='ltr' id='par_1_36' title="bbox 851 2137 2416 2241">
     <span class='ocr_line' id='line_1_36' title="bbox 851 2137 2416 2241; baseline -0.024 -15"><span class='ocrx_word' id='word_1_263' title='bbox 851 2137 912 2225; x_wconf 64' lang='lat' dir='ltr'><strong>et</strong></span> <span class='ocrx_word' id='word_1_264' title='bbox 938 2170 1215 2241; x_wconf 56' lang='lat' dir='ltr'><strong>principes</strong></span> <span class='ocrx_word' id='word_1_265' title='bbox 1246 2160 1598 2215; x_wconf 84' lang='lat' dir='ltr'><strong>tenebrarum</strong></span> <span class='ocrx_word' id='word_1_266' title='bbox 1638 2152 1799 2221; x_wconf 84' lang='lat' dir='ltr'><strong>hujus</strong></span> <span class='ocrx_word' id='word_1_267' title='bbox 1846 2145 2027 2200; x_wconf 58' lang='lat' dir='ltr'><strong>seculi</strong></span> <span class='ocrx_word' id='word_1_268' title='bbox 2056 2137 2416 2199; x_wconf 87' lang='lat' dir='ltr'><strong>conculcavit,</strong></span> 
     </span>
    </p>
   </div>
   <div class='ocr_carea' id='block_1_37' title="bbox 854 2231 2418 2332">
    <p class='ocr_par' dir='ltr' id='par_1_37' title="bbox 854 2231 2418 2332">
     <span class='ocr_line' id='line_1_37' title="bbox 854 2231 2418 2332; baseline -0.024 -14"><span class='ocrx_word' id='word_1_269' title='bbox 854 2231 1134 2332; x_wconf 76' lang='lat' dir='ltr'><strong>imperans</strong></span> <span class='ocrx_word' id='word_1_270' title='bbox 1162 2266 1217 2309; x_wconf 84' lang='lat' dir='ltr'><strong>et</strong></span> <span class='ocrx_word' id='word_1_271' title='bbox 1249 2252 1554 2309; x_wconf 85' lang='lat' dir='ltr'><strong>dominans,</strong></span> <span class='ocrx_word' id='word_1_272' title='bbox 1579 2252 1634 2296; x_wconf 85' lang='lat' dir='ltr'><strong>et</strong></span> <span class='ocrx_word' id='word_1_273' title='bbox 1657 2240 1956 2310; x_wconf 85' lang='lat' dir='ltr'><strong>subjicicns</strong></span> <span class='ocrx_word' id='word_1_274' title='bbox 1979 2250 2195 2287; x_wconf 85' lang='lat' dir='ltr'><strong>onmem</strong></span> <span class='ocrx_word' id='word_1_275' title='bbox 2222 2231 2418 2332; x_wconf 80' lang='lat' dir='ltr'><strong>obscu-</strong></span> 
     </span>
    </p>
   </div>
   <div class='ocr_carea' id='block_1_38' title="bbox 856 2322 2417 2409">
    <p class='ocr_par' dir='ltr' id='par_1_38' title="bbox 856 2322 2417 2409">
     <span class='ocr_line' id='line_1_38' title="bbox 856 2322 2417 2409; baseline -0.022 0"><span class='ocrx_word' id='word_1_276' title='bbox 856 2322 971 2409; x_wconf 79' lang='lat' dir='ltr'><strong>ram</strong></span> <span class='ocrx_word' id='word_1_277' title='bbox 998 2368 1061 2405; x_wconf 88' lang='lat' dir='ltr'><strong>ac</strong></span> <span class='ocrx_word' id='word_1_278' title='bbox 1104 2348 1446 2402; x_wconf 88' lang='lat' dir='ltr'><strong>tenebrosam</strong></span> <span class='ocrx_word' id='word_1_279' title='bbox 1474 2335 1756 2391; x_wconf 78' lang='lat' dir='ltr'><strong>diabolica:</strong></span> <span class='ocrx_word' id='word_1_280' title='bbox 1791 2326 2130 2399; x_wconf 77' lang='lat' dir='ltr'><strong>operationis</strong></span> <span class='ocrx_word' id='word_1_281' title='bbox 2171 2322 2417 2377; x_wconf 78' lang='lat' dir='ltr'><strong>fraudem</strong></span> 
     </span>
    </p>
   </div>
   <div class='ocr_carea' id='block_1_39' title="bbox 852 2413 2418 2514">
    <p class='ocr_par' dir='ltr' id='par_1_39' title="bbox 852 2413 2418 2514">
     <span class='ocr_line' id='line_1_39' title="bbox 852 2413 2418 2514; baseline -0.023 -14"><span class='ocrx_word' id='word_1_282' title='bbox 852 2456 910 2502; x_wconf 87' lang='lat' dir='ltr'><strong>ct</strong></span> <span class='ocrx_word' id='word_1_283' title='bbox 941 2449 1298 2514; x_wconf 87' lang='lat' dir='ltr'><strong>potestatem;</strong></span> <span class='ocrx_word' id='word_1_284' title='bbox 1338 2444 1393 2488; x_wconf 92' lang='lat' dir='ltr'><strong>ct</strong></span> <span class='ocrx_word' id='word_1_285' title='bbox 1438 2431 1560 2484; x_wconf 91' lang='lat' dir='ltr'><strong>ideo</strong></span> <span class='ocrx_word' id='word_1_286' title='bbox 1594 2426 1797 2481; x_wconf 87' lang='lat' dir='ltr'><strong>dicitur</strong></span> <span class='ocrx_word' id='word_1_287' title='bbox 1824 2426 1964 2475; x_wconf 73' lang='lat' dir='ltr'><strong>facta</strong></span> <span class='ocrx_word' id='word_1_288' title='bbox 1988 2433 2109 2473; x_wconf 87' lang='lat' dir='ltr'><strong>esse</strong></span> <span class='ocrx_word' id='word_1_289' title='bbox 2141 2432 2171 2469; x_wconf 91' lang='lat' dir='ltr'><strong>a</strong></span> <span class='ocrx_word' id='word_1_290' title='bbox 2214 2416 2324 2468; x_wconf 85' lang='lat' dir='ltr'><strong>Deo</strong></span> <span class='ocrx_word' id='word_1_291' title='bbox 2357 2413 2418 2465; x_wconf 89' lang='lat' dir='ltr'><strong>in</strong></span> 
     </span>
    </p>
   </div>
   <div class='ocr_carea' id='block_1_40' title="bbox 856 2516 2420 2606">
    <p class='ocr_par' dir='ltr' id='par_1_40' title="bbox 856 2516 2420 2606">
     <span class='ocr_line' id='line_1_40' title="bbox 856 2516 2420 2606; baseline -0.02 -18"><span class='ocrx_word' id='word_1_292' title='bbox 856 2534 1195 2606; x_wconf 89' lang='lat' dir='ltr'><strong>principatus</strong></span> <span class='ocrx_word' id='word_1_293' title='bbox 1222 2543 1317 2580; x_wconf 86' lang='lat' dir='ltr'><strong>seu</strong></span> <span class='ocrx_word' id='word_1_294' title='bbox 1363 2519 1635 2592; x_wconf 91' lang='lat' dir='ltr'><strong>principia</strong></span> <span class='ocrx_word' id='word_1_295' title='bbox 1664 2516 1860 2576; x_wconf 87' lang='lat' dir='ltr'><strong>noctis,</strong></span> <span class='ocrx_word' id='word_1_296' title='bbox 1890 2523 1948 2565; x_wconf 93' lang='lat' dir='ltr'><strong>ut</strong></span> <span class='ocrx_word' id='word_1_297' title='bbox 1971 2526 2090 2580; x_wconf 73' lang='lat' dir='ltr'><strong>qua:</strong></span> <span class='ocrx_word' id='word_1_298' title='bbox 2118 2516 2420 2606; x_wconf 38' lang='lat' dir='ltr'><strong>post-occa-</strong></span> 
     </span>
    </p>
   </div>
   <div class='ocr_carea' id='block_1_41' title="bbox 856 2601 2418 2685">
    <p class='ocr_par' dir='ltr' id='par_1_41' title="bbox 856 2601 2418 2685">
     <span class='ocr_line' id='line_1_41' title="bbox 856 2601 2418 2685; baseline -0.017 -7"><span class='ocrx_word' id='word_1_299' title='bbox 856 2601 976 2680; x_wconf 70' lang='lat' dir='ltr'><strong>sum</strong></span> <span class='ocrx_word' id='word_1_300' title='bbox 1030 2624 1197 2684; x_wconf 88' lang='lat' dir='ltr'><strong>solis,</strong></span> <span class='ocrx_word' id='word_1_301' title='bbox 1263 2632 1458 2685; x_wconf 89' lang='lat' dir='ltr'><strong>nempe</strong></span> <span class='ocrx_word' id='word_1_302' title='bbox 1509 2610 1756 2672; x_wconf 80' lang='lat' dir='ltr'><strong>Christi,</strong></span> <span class='ocrx_word' id='word_1_303' title='bbox 1797 2608 1864 2661; x_wconf 90' lang='lat' dir='ltr'><strong>ab</strong></span> <span class='ocrx_word' id='word_1_304' title='bbox 1914 2606 2034 2674; x_wconf 83' lang='lat' dir='ltr'><strong>ipso</strong></span> <span class='ocrx_word' id='word_1_305' title='bbox 2077 2601 2418 2656; x_wconf 91' lang='lat' dir='ltr'><strong>illuminetur</strong></span> 
     </span>
    </p>
   </div>
   <div class='ocr_carea' id='block_1_42' title="bbox 859 2692 2419 2784">
    <p class='ocr_par' dir='ltr' id='par_1_42' title="bbox 859 2692 2419 2784">
     <span class='ocr_line' id='line_1_42' title="bbox 859 2692 2419 2784; baseline -0.017 -14"><span class='ocrx_word' id='word_1_306' title='bbox 859 2712 1348 2784; x_wconf 84' lang='lat' dir='ltr'><strong>inaspectabiliter,</strong></span> <span class='ocrx_word' id='word_1_307' title='bbox 1375 2704 1651 2776; x_wconf 85' lang='lat' dir='ltr'><strong>quomodo</strong></span> <span class='ocrx_word' id='word_1_308' title='bbox 1678 2702 1844 2755; x_wconf 89' lang='lat' dir='ltr'><strong>etiam</strong></span> <span class='ocrx_word' id='word_1_309' title='bbox 1876 2699 2001 2751; x_wconf 92' lang='lat' dir='ltr'><strong>luna</strong></span> <span class='ocrx_word' id='word_1_310' title='bbox 2031 2711 2064 2748; x_wconf 92' lang='lat' dir='ltr'><strong>a</strong></span> <span class='ocrx_word' id='word_1_311' title='bbox 2103 2695 2240 2749; x_wconf 92' lang='lat' dir='ltr'><strong>sole.</strong></span> <span class='ocrx_word' id='word_1_312' title='bbox 2264 2692 2419 2747; x_wconf 90' lang='lat' dir='ltr'><strong>Unde</strong></span> 
     </span>
    </p>
   </div>
   <div class='ocr_carea' id='block_1_43' title="bbox 859 2786 2417 2879">
    <p class='ocr_par' dir='ltr' id='par_1_43' title="bbox 859 2786 2417 2878">
     <span class='ocr_line' id='line_1_43' title="bbox 859 2786 2417 2878; baseline -0.018 -14"><span class='ocrx_word' id='word_1_313' title='bbox 859 2822 1114 2878; x_wconf 86' lang='lat' dir='ltr'><strong>tauquam</strong></span> <span class='ocrx_word' id='word_1_314' title='bbox 1149 2806 1271 2857; x_wconf 92' lang='lat' dir='ltr'><strong>luna</strong></span> <span class='ocrx_word' id='word_1_315' title='bbox 1303 2801 1549 2870; x_wconf 57' lang='lat' dir='ltr'><strong>quadam</strong></span> <span class='ocrx_word' id='word_1_316' title='bbox 1578 2812 1674 2865; x_wconf 89' lang='lat' dir='ltr'><strong>per</strong></span> <span class='ocrx_word' id='word_1_317' title='bbox 1698 2792 2037 2847; x_wconf 87' lang='lat' dir='ltr'><strong>aversioncm</strong></span> <span class='ocrx_word' id='word_1_318' title='bbox 2060 2798 2121 2843; x_wconf 90' lang='lat' dir='ltr'><strong>et</strong></span> <span class='ocrx_word' id='word_1_319' title='bbox 2153 2786 2417 2856; x_wconf 84' lang='lat' dir='ltr'><strong>privatio-</strong></span> 
     </span>
    </p>
   </div>
   <div class='ocr_carea' id='block_1_44' title="bbox 859 2878 2419 2954">
    <p class='ocr_par' dir='ltr' id='par_1_44' title="bbox 859 2878 2419 2954">
     <span class='ocr_line' id='line_1_44' title="bbox 859 2878 2419 2954; baseline -0.014 -1"><span class='ocrx_word' id='word_1_320' title='bbox 859 2917 981 2954; x_wconf 81' lang='lat' dir='ltr'><strong>nem</strong></span> <span class='ocrx_word' id='word_1_321' title='bbox 1013 2915 1109 2952; x_wconf 88' lang='lat' dir='ltr'><strong>seu</strong></span> <span class='ocrx_word' id='word_1_322' title='bbox 1149 2896 1288 2949; x_wconf 87' lang='lat' dir='ltr'><strong>lucis</strong></span> <span class='ocrx_word' id='word_1_323' title='bbox 1313 2892 1613 2952; x_wconf 79' lang='lat' dir='ltr'><strong>defectum,</strong></span> <span class='ocrx_word' id='word_1_324' title='bbox 1657 2888 1927 2941; x_wconf 90' lang='lat' dir='ltr'><strong>obscuros</strong></span> <span class='ocrx_word' id='word_1_325' title='bbox 1957 2884 2225 2937; x_wconf 77' lang='lat' dir='ltr'><strong>lucrosum</strong></span> <span class='ocrx_word' id='word_1_326' title='bbox 2263 2878 2419 2933; x_wconf 83' lang='lat' dir='ltr'><strong>defe-</strong></span> 
     </span>
    </p>
   </div>
   <div class='ocr_carea' id='block_1_45' title="bbox 854 2970 2418 3045">
    <p class='ocr_par' dir='ltr' id='par_1_45' title="bbox 854 2970 2418 3045">
     <span class='ocr_line' id='line_1_45' title="bbox 854 2970 2418 3045; baseline -0.015 0"><span class='ocrx_word' id='word_1_327' title='bbox 854 3002 980 3045; x_wconf 84' lang='lat' dir='ltr'><strong>ctus</strong></span> <span class='ocrx_word' id='word_1_328' title='bbox 1008 3002 1062 3043; x_wconf 86' lang='lat' dir='ltr'><strong>et</strong></span> <span class='ocrx_word' id='word_1_329' title='bbox 1090 2987 1413 3043; x_wconf 85' lang='lat' dir='ltr'><strong>alllietiones</strong></span> <span class='ocrx_word' id='word_1_330' title='bbox 1439 2981 1787 3038; x_wconf 89' lang='lat' dir='ltr'><strong>inimicorum</strong></span> <span class='ocrx_word' id='word_1_331' title='bbox 1814 2976 1964 3030; x_wconf 90' lang='lat' dir='ltr'><strong>subit</strong></span> <span class='ocrx_word' id='word_1_332' title='bbox 1996 2973 2261 3033; x_wconf 81' lang='lat' dir='ltr'><strong>Ecclesia,</strong></span> <span class='ocrx_word' id='word_1_333' title='bbox 2296 2970 2418 3024; x_wconf 88' lang='lat' dir='ltr'><strong>ani-</strong></span> 
     </span>
    </p>
   </div>
   <div class='ocr_carea' id='block_1_46' title="bbox 859 3064 2415 3149">
    <p class='ocr_par' dir='ltr' id='par_1_46' title="bbox 859 3064 2415 3149">
     <span class='ocr_line' id='line_1_46' title="bbox 859 3064 2415 3149; baseline -0.015 -13"><span class='ocrx_word' id='word_1_334' title='bbox 859 3084 930 3137; x_wconf 92' lang='lat' dir='ltr'><strong>mi</strong></span> <span class='ocrx_word' id='word_1_335' title='bbox 965 3081 1267 3149; x_wconf 86' lang='lat' dir='ltr'><strong>dcliquium</strong></span> <span class='ocrx_word' id='word_1_336' title='bbox 1304 3078 1419 3131; x_wconf 82' lang='lat' dir='ltr'><strong>fere</strong></span> <span class='ocrx_word' id='word_1_337' title='bbox 1455 3073 1671 3143; x_wconf 88' lang='lat' dir='ltr'><strong>patiens</strong></span> <span class='ocrx_word' id='word_1_338' title='bbox 1722 3079 1777 3123; x_wconf 90' lang='lat' dir='ltr'><strong>et</strong></span> <span class='ocrx_word' id='word_1_339' title='bbox 1821 3078 2080 3135; x_wconf 89' lang='lat' dir='ltr'><strong>tanquam</strong></span> <span class='ocrx_word' id='word_1_340' title='bbox 2131 3064 2415 3125; x_wconf 84' lang='lat' dir='ltr'><strong>deﬁciens,</strong></span> 
     </span>
    </p>
   </div>
   <div class='ocr_carea' id='block_1_47' title="bbox 860 3153 2415 3234">
    <p class='ocr_par' dir='ltr' id='par_1_47' title="bbox 860 3153 2415 3234">
     <span class='ocr_line' id='line_1_47' title="bbox 860 3153 2415 3234; baseline -0.015 -7"><span class='ocrx_word' id='word_1_341' title='bbox 860 3181 968 3229; x_wconf 83' lang='lat' dir='ltr'><strong>cito</strong></span> <span class='ocrx_word' id='word_1_342' title='bbox 994 3185 1175 3226; x_wconf 89' lang='lat' dir='ltr'><strong>autem</strong></span> <span class='ocrx_word' id='word_1_343' title='bbox 1210 3174 1408 3225; x_wconf 86' lang='lat' dir='ltr'><strong>iterum</strong></span> <span class='ocrx_word' id='word_1_344' title='bbox 1462 3166 1736 3234; x_wconf 80' lang='lat' dir='ltr'><strong>refulgens</strong></span> <span class='ocrx_word' id='word_1_345' title='bbox 1778 3170 1872 3214; x_wconf 93' lang='lat' dir='ltr'><strong>aut</strong></span> <span class='ocrx_word' id='word_1_346' title='bbox 1911 3162 2088 3214; x_wconf 89' lang='lat' dir='ltr'><strong>lucem</strong></span> <span class='ocrx_word' id='word_1_347' title='bbox 2137 3153 2415 3223; x_wconf 78' lang='lat' dir='ltr'><strong>propriam</strong></span> 
     </span>
    </p>
   </div>
   <div class='ocr_carea' id='block_1_48' title="bbox 856 3244 2415 3335">
    <p class='ocr_par' dir='ltr' id='par_1_48' title="bbox 856 3244 2415 3335">
     <span class='ocr_line' id='line_1_48' title="bbox 856 3244 2415 3335; baseline -0.017 -14"><span class='ocrx_word' id='word_1_348' title='bbox 856 3266 1150 3335; x_wconf 82' lang='lat' dir='ltr'><strong>recipiens.</strong></span> <span class='ocrx_word' id='word_1_349' title='bbox 1185 3261 1311 3315; x_wconf 70' lang='lat' dir='ltr'><strong>llaec</strong></span> <span class='ocrx_word' id='word_1_350' title='bbox 1334 3274 1436 3312; x_wconf 90' lang='lat' dir='ltr'><strong>nos</strong></span> <span class='ocrx_word' id='word_1_351' title='bbox 1467 3265 1653 3325; x_wconf 88' lang='lat' dir='ltr'><strong>aperte</strong></span> <span class='ocrx_word' id='word_1_352' title='bbox 1677 3254 1835 3305; x_wconf 89' lang='lat' dir='ltr'><strong>docet</strong></span> <span class='ocrx_word' id='word_1_353' title='bbox 1862 3249 2112 3302; x_wconf 87' lang='lat' dir='ltr'><strong>llabacuc</strong></span> <span class='ocrx_word' id='word_1_354' title='bbox 2152 3244 2415 3314; x_wconf 88' lang='lat' dir='ltr'><strong>propheta</strong></span> 
     </span>
    </p>
   </div>
   <div class='ocr_carea' id='block_1_49' title="bbox 857 3336 2421 3413">
    <p class='ocr_par' dir='ltr' id='par_1_49' title="bbox 857 3336 2421 3413">
     <span class='ocr_line' id='line_1_49' title="bbox 857 3336 2421 3413; baseline -0.019 1"><span class='ocrx_word' id='word_1_355' title='bbox 857 3361 1049 3413; x_wconf 82' lang='lat' dir='ltr'><strong>dicens</strong></span> <span class='ocrx_word' id='word_1_356' title='bbox 1080 3357 1147 3409; x_wconf 87' lang='lat' dir='ltr'><strong>de.</strong></span> <span class='ocrx_word' id='word_1_357' title='bbox 1173 3355 1288 3407; x_wconf 89' lang='lat' dir='ltr'><strong>sole</strong></span> <span class='ocrx_word' id='word_1_358' title='bbox 1312 3361 1369 3405; x_wconf 91' lang='lat' dir='ltr'><strong>ct</strong></span> <span class='ocrx_word' id='word_1_359' title='bbox 1400 3352 1528 3403; x_wconf 92' lang='lat' dir='ltr'><strong>luna</strong></span> <span class='ocrx_word' id='word_1_360' title='bbox 1555 3366 1567 3399; x_wconf 90' lang='lat'>:</span> <span class='ocrx_word' id='word_1_361' title='bbox 1598 3346 1661 3399; x_wconf 82' lang='lat' dir='ltr'><strong>In</strong></span> <span class='ocrx_word' id='word_1_362' title='bbox 1685 3345 1851 3398; x_wconf 77' lang='lat' dir='ltr'><strong>altum</strong></span> <span class='ocrx_word' id='word_1_363' title='bbox 1889 3341 2057 3393; x_wconf 82' lang='lat' dir='ltr'><strong>elatus</strong></span> <span class='ocrx_word' id='word_1_364' title='bbox 2089 3349 2163 3391; x_wconf 74' lang='lat' dir='ltr'><strong>est</strong></span> <span class='ocrx_word' id='word_1_365' title='bbox 2184 3336 2285 3398; x_wconf 79' lang='lat' dir='ltr'><strong>sol,</strong></span> <span class='ocrx_word' id='word_1_366' title='bbox 2316 3336 2421 3387; x_wconf 91' lang='lat' dir='ltr'><strong>hoc</strong></span> 
     </span>
    </p>
   </div>
   <div class='ocr_carea' id='block_1_50' title="bbox 858 3426 2420 3503">
    <p class='ocr_par' dir='ltr' id='par_1_50' title="bbox 858 3426 2420 3503">
     <span class='ocr_line' id='line_1_50' title="bbox 858 3426 2420 3503; baseline -0.017 -2"><span class='ocrx_word' id='word_1_367' title='bbox 858 3459 943 3503; x_wconf 85' lang='lat' dir='ltr'><strong>est</strong></span> <span class='ocrx_word' id='word_1_368' title='bbox 967 3446 1219 3501; x_wconf 82' lang='lat' dir='ltr'><strong>Christus</strong></span> <span class='ocrx_word' id='word_1_369' title='bbox 1249 3439 1500 3495; x_wconf 87' lang='lat' dir='ltr'><strong>ascendit</strong></span> <span class='ocrx_word' id='word_1_370' title='bbox 1532 3439 1584 3490; x_wconf 91' lang='lat' dir='ltr'><strong>in</strong></span> <span class='ocrx_word' id='word_1_371' title='bbox 1626 3435 1824 3495; x_wconf 72' lang='lat' dir='ltr'><strong>cmlos;</strong></span> <span class='ocrx_word' id='word_1_372' title='bbox 1856 3442 1912 3485; x_wconf 91' lang='lat' dir='ltr'><strong>ct</strong></span> <span class='ocrx_word' id='word_1_373' title='bbox 1944 3438 2075 3482; x_wconf 92' lang='lat' dir='ltr'><strong>tunc</strong></span> <span class='ocrx_word' id='word_1_374' title='bbox 2104 3428 2235 3479; x_wconf 80' lang='lat' dir='ltr'><strong>Imm</strong></span> <span class='ocrx_word' id='word_1_375' title='bbox 2274 3426 2420 3477; x_wconf 77' lang='lat' dir='ltr'><strong>stetit</strong></span> 
     </span>
    </p>
   </div>
   <div class='ocr_carea' id='block_1_51' title="bbox 775 3520 2421 3599">
    <p class='ocr_par' dir='ltr' id='par_1_51' title="bbox 775 3520 2421 3599">
     <span class='ocr_line' id='line_1_51' title="bbox 775 3520 2421 3599; baseline -0.016 -3"><span class='ocrx_word' id='word_1_376' title='bbox 775 3533 780 3543; x_wconf 81' lang='grc'><strong>’</strong></span> <span class='ocrx_word' id='word_1_377' title='bbox 861 3543 915 3595; x_wconf 84' lang='lat' dir='ltr'><strong>in</strong></span> <span class='ocrx_word' id='word_1_378' title='bbox 941 3539 1127 3592; x_wconf 82' lang='lat' dir='ltr'><strong>ordine</strong></span> <span class='ocrx_word' id='word_1_379' title='bbox 1166 3552 1260 3588; x_wconf 84' lang='lat' dir='ltr'><strong>suo</strong></span> <span class='ocrx_word' id='word_1_380' title='bbox 1303 3536 1347 3591; x_wconf 79' lang='grc'><strong>⁷,</strong></span> <span class='ocrx_word' id='word_1_381' title='bbox 1383 3545 1578 3599; x_wconf 88' lang='lat' dir='ltr'><strong>nempe</strong></span> <span class='ocrx_word' id='word_1_382' title='bbox 1610 3524 1850 3580; x_wconf 85' lang='lat' dir='ltr'><strong>Ecclesia</strong></span> <span class='ocrx_word' id='word_1_383' title='bbox 1881 3520 2153 3599; x_wconf 88' lang='lat' dir='ltr'><strong>invalido</strong></span> <span class='ocrx_word' id='word_1_384' title='bbox 2180 3533 2280 3572; x_wconf 93' lang='lat' dir='ltr'><strong>suo</strong></span> <span class='ocrx_word' id='word_1_385' title='bbox 2308 3525 2421 3571; x_wconf 84' lang='lat' dir='ltr'><strong>sta-</strong></span> 
     </span>
    </p>
   </div>
   <div class='ocr_carea' id='block_1_52' title="bbox 864 3609 2423 3697">
    <p class='ocr_par' dir='ltr' id='par_1_52' title="bbox 864 3609 2423 3697">
     <span class='ocr_line' id='line_1_52' title="bbox 864 3609 2423 3697; baseline -0.015 -13"><span class='ocrx_word' id='word_1_386' title='bbox 864 3640 944 3692; x_wconf 92' lang='lat' dir='ltr'><strong>tu,</strong></span> <span class='ocrx_word' id='word_1_387' title='bbox 970 3630 1027 3683; x_wconf 89' lang='lat' dir='ltr'><strong>in</strong></span> <span class='ocrx_word' id='word_1_388' title='bbox 1067 3623 1480 3697; x_wconf 90' lang='lat' dir='ltr'><strong>pulchritudine</strong></span> <span class='ocrx_word' id='word_1_389' title='bbox 1508 3635 1629 3683; x_wconf 90' lang='lat' dir='ltr'><strong>sua,</strong></span> <span class='ocrx_word' id='word_1_390' title='bbox 1656 3618 1711 3670; x_wconf 92' lang='lat' dir='ltr'><strong>in</strong></span> <span class='ocrx_word' id='word_1_391' title='bbox 1749 3615 1951 3670; x_wconf 87' lang='lat' dir='ltr'><strong>decore</strong></span> <span class='ocrx_word' id='word_1_392' title='bbox 1974 3628 2095 3674; x_wconf 89' lang='lat' dir='ltr'><strong>suo,</strong></span> <span class='ocrx_word' id='word_1_393' title='bbox 2131 3612 2186 3665; x_wconf 91' lang='lat' dir='ltr'><strong>in</strong></span> <span class='ocrx_word' id='word_1_394' title='bbox 2220 3609 2423 3663; x_wconf 87' lang='lat' dir='ltr'><strong>illumi-</strong></span> 
     </span>
    </p>
   </div>
   <div class='ocr_carea' id='block_1_53' title="bbox 861 3702 2422 3779">
    <p class='ocr_par' dir='ltr' id='par_1_53' title="bbox 861 3702 2422 3779">
     <span class='ocr_line' id='line_1_53' title="bbox 861 3702 2422 3779; baseline -0.015 -3"><span class='ocrx_word' id='word_1_395' title='bbox 861 3723 1085 3776; x_wconf 81' lang='lat' dir='ltr'><strong>natione</strong></span> <span class='ocrx_word' id='word_1_396' title='bbox 1131 3734 1251 3779; x_wconf 83' lang='lat' dir='ltr'><strong>sua,</strong></span> <span class='ocrx_word' id='word_1_397' title='bbox 1306 3717 1359 3769; x_wconf 91' lang='lat' dir='ltr'><strong>iu</strong></span> <span class='ocrx_word' id='word_1_398' title='bbox 1401 3729 1570 3767; x_wconf 86' lang='lat' dir='ltr'><strong>cursu</strong></span> <span class='ocrx_word' id='word_1_399' title='bbox 1612 3726 1735 3766; x_wconf 92' lang='lat' dir='ltr'><strong>suo.</strong></span> <span class='ocrx_word' id='word_1_400' title='bbox 1768 3710 1938 3762; x_wconf 82' lang='lat' dir='ltr'><strong>Recte</strong></span> <span class='ocrx_word' id='word_1_401' title='bbox 1962 3715 2146 3759; x_wconf 83' lang='lat' dir='ltr'><strong>autem</strong></span> <span class='ocrx_word' id='word_1_402' title='bbox 2176 3702 2335 3763; x_wconf 89' lang='lat' dir='ltr'><strong>dixit,</strong></span> <span class='ocrx_word' id='word_1_403' title='bbox 2365 3703 2422 3754; x_wconf 82' lang='lat' dir='ltr'><strong>in</strong></span> 
     </span>
    </p>
   </div>
   <div class='ocr_carea' id='block_1_54' title="bbox 863 3795 2423 3878">
    <p class='ocr_par' dir='ltr' id='par_1_54' title="bbox 863 3795 2423 3878">
     <span class='ocr_line' id='line_1_54' title="bbox 863 3795 2423 3878; baseline -0.013 -11"><span class='ocrx_word' id='word_1_404' title='bbox 863 3816 1049 3868; x_wconf 81' lang='lat' dir='ltr'><strong>ordine</strong></span> <span class='ocrx_word' id='word_1_405' title='bbox 1089 3827 1216 3874; x_wconf 77' lang='lat' dir='ltr'><strong>suo;</strong></span> <span class='ocrx_word' id='word_1_406' title='bbox 1250 3809 1405 3878; x_wconf 88' lang='lat' dir='ltr'><strong>prius</strong></span> <span class='ocrx_word' id='word_1_407' title='bbox 1432 3806 1579 3859; x_wconf 86' lang='lat' dir='ltr'><strong>enim</strong></span> <span class='ocrx_word' id='word_1_408' title='bbox 1612 3811 1735 3857; x_wconf 90' lang='lat' dir='ltr'><strong>erat</strong></span> <span class='ocrx_word' id='word_1_409' title='bbox 1764 3800 2076 3855; x_wconf 84' lang='lat' dir='ltr'><strong>inordinata</strong></span> <span class='ocrx_word' id='word_1_410' title='bbox 2113 3805 2170 3849; x_wconf 89' lang='lat' dir='ltr'><strong>et</strong></span> <span class='ocrx_word' id='word_1_411' title='bbox 2214 3795 2423 3848; x_wconf 84' lang='lat' dir='ltr'><strong>incom-</strong></span> 
     </span>
    </p>
   </div>
   <div class='ocr_carea' id='block_1_55' title="bbox 864 3886 2421 3972">
    <p class='ocr_par' dir='ltr' id='par_1_55' title="bbox 864 3886 2421 3972">
     <span class='ocr_line' id='line_1_55' title="bbox 864 3886 2421 3972; baseline -0.015 -15"><span class='ocrx_word' id='word_1_412' title='bbox 864 3903 1064 3972; x_wconf 78' lang='lat' dir='ltr'><strong>posita,</strong></span> <span class='ocrx_word' id='word_1_413' title='bbox 1094 3911 1155 3953; x_wconf 92' lang='lat' dir='ltr'><strong>ut</strong></span> <span class='ocrx_word' id='word_1_414' title='bbox 1181 3913 1302 3966; x_wconf 79' lang='lat' dir='ltr'><strong>qua:</strong></span> <span class='ocrx_word' id='word_1_415' title='bbox 1323 3905 1471 3950; x_wconf 87' lang='lat' dir='ltr'><strong>esset</strong></span> <span class='ocrx_word' id='word_1_416' title='bbox 1502 3893 1687 3947; x_wconf 89' lang='lat' dir='ltr'><strong>dedita</strong></span> <span class='ocrx_word' id='word_1_417' title='bbox 1715 3888 2054 3945; x_wconf 74' lang='lat' dir='ltr'><strong>idololatrim.</strong></span> <span class='ocrx_word' id='word_1_418' title='bbox 2099 3886 2195 3940; x_wconf 86' lang='lat' dir='ltr'><strong>Est</strong></span> <span class='ocrx_word' id='word_1_419' title='bbox 2239 3894 2421 3937; x_wconf 88' lang='lat' dir='ltr'><strong>autem</strong></span> 
     </span>
    </p>
   </div>
   <div class='ocr_carea' id='block_1_56' title="bbox 862 3976 2424 4059">
    <p class='ocr_par' dir='ltr' id='par_1_56' title="bbox 862 3976 2424 4059">
     <span class='ocr_line' id='line_1_56' title="bbox 862 3976 2424 4059; baseline -0.012 -13"><span class='ocrx_word' id='word_1_420' title='bbox 862 3994 1028 4046; x_wconf 91' lang='lat' dir='ltr'><strong>etiam</strong></span> <span class='ocrx_word' id='word_1_421' title='bbox 1072 3988 1320 4059; x_wconf 74' lang='lat' dir='ltr'><strong>qumdam</strong></span> <span class='ocrx_word' id='word_1_422' title='bbox 1351 3986 1457 4039; x_wconf 88' lang='lat' dir='ltr'><strong>alia</strong></span> <span class='ocrx_word' id='word_1_423' title='bbox 1506 3982 1849 4037; x_wconf 87' lang='lat' dir='ltr'><strong>admirabilis</strong></span> <span class='ocrx_word' id='word_1_424' title='bbox 1894 3979 2074 4034; x_wconf 87' lang='lat' dir='ltr'><strong>oratio</strong></span> <span class='ocrx_word' id='word_1_425' title='bbox 2104 3978 2172 4031; x_wconf 91' lang='lat' dir='ltr'><strong>de</strong></span> <span class='ocrx_word' id='word_1_426' title='bbox 2211 3976 2325 4030; x_wconf 88' lang='lat' dir='ltr'><strong>sole</strong></span> <span class='ocrx_word' id='word_1_427' title='bbox 2366 3981 2424 4027; x_wconf 88' lang='lat' dir='ltr'><strong>et</strong></span> 
     </span>
    </p>
   </div>
   <div class='ocr_carea' id='block_1_57' title="bbox 864 4065 2425 4146">
    <p class='ocr_par' dir='ltr' id='par_1_57' title="bbox 864 4065 2425 4146">
     <span class='ocr_line' id='line_1_57' title="bbox 864 4065 2425 4146; baseline -0.013 -7"><span class='ocrx_word' id='word_1_428' title='bbox 864 4086 1014 4145; x_wconf 86' lang='lat' dir='ltr'><strong>luna,</strong></span> <span class='ocrx_word' id='word_1_429' title='bbox 1043 4081 1340 4135; x_wconf 83' lang='lat' dir='ltr'><strong>ostendens</strong></span> <span class='ocrx_word' id='word_1_430' title='bbox 1360 4076 1679 4146; x_wconf 75' lang='lat' dir='ltr'><strong>mysterium</strong></span> <span class='ocrx_word' id='word_1_431' title='bbox 1704 4073 1906 4128; x_wconf 81' lang='lat' dir='ltr'><strong>Christi</strong></span> <span class='ocrx_word' id='word_1_432' title='bbox 1936 4080 1993 4125; x_wconf 89' lang='lat' dir='ltr'><strong>et</strong></span> <span class='ocrx_word' id='word_1_433' title='bbox 2020 4068 2297 4125; x_wconf 68' lang='lat' dir='ltr'><strong>Ecclesiae.</strong></span> <span class='ocrx_word' id='word_1_434' title='bbox 2329 4065 2425 4120; x_wconf 88' lang='lat' dir='ltr'><strong>Di-</strong></span> 
     </span>
    </p>
   </div>
   <div class='ocr_carea' id='block_1_58' title="bbox 862 4161 2426 4243">
    <p class='ocr_par' dir='ltr' id='par_1_58' title="bbox 862 4161 2426 4243">
     <span class='ocr_line' id='line_1_58' title="bbox 862 4161 2426 4243; baseline -0.012 -13"><span class='ocrx_word' id='word_1_435' title='bbox 862 4186 996 4230; x_wconf 82' lang='lat' dir='ltr'><strong>cunt</strong></span> <span class='ocrx_word' id='word_1_436' title='bbox 1020 4175 1166 4229; x_wconf 90' lang='lat' dir='ltr'><strong>cnim</strong></span> <span class='ocrx_word' id='word_1_437' title='bbox 1188 4173 1282 4243; x_wconf 91' lang='lat' dir='ltr'><strong>qui</strong></span> <span class='ocrx_word' id='word_1_438' title='bbox 1314 4187 1403 4225; x_wconf 84' lang='lat' dir='ltr'><strong>res</strong></span> <span class='ocrx_word' id='word_1_439' title='bbox 1426 4170 1557 4223; x_wconf 91' lang='lat' dir='ltr'><strong>solis</strong></span> <span class='ocrx_word' id='word_1_440' title='bbox 1571 4178 1627 4222; x_wconf 91' lang='lat' dir='ltr'><strong>et</strong></span> <span class='ocrx_word' id='word_1_441' title='bbox 1650 4169 1793 4221; x_wconf 76' lang='lat' dir='ltr'><strong>luna:</strong></span> <span class='ocrx_word' id='word_1_442' title='bbox 1818 4165 2111 4235; x_wconf 77' lang='lat' dir='ltr'><strong>diligenter</strong></span> <span class='ocrx_word' id='word_1_443' title='bbox 2132 4161 2426 4229; x_wconf 87' lang='lat' dir='ltr'><strong>investiga-</strong></span> 
     </span>
    </p>
   </div>
   <div class='ocr_carea' id='block_1_59' title="bbox 866 4256 2425 4335">
    <p class='ocr_par' dir='ltr' id='par_1_59' title="bbox 866 4256 2425 4335">
     <span class='ocr_line' id='line_1_59' title="bbox 866 4256 2425 4335; baseline -0.01 -13"><span class='ocrx_word' id='word_1_444' title='bbox 866 4266 1174 4335; x_wconf 88' lang='lat' dir='ltr'><strong>runt,quod</strong></span> <span class='ocrx_word' id='word_1_445' title='bbox 1199 4265 1268 4317; x_wconf 88' lang='lat' dir='ltr'><strong>ab</strong></span> <span class='ocrx_word' id='word_1_446' title='bbox 1291 4263 1377 4317; x_wconf 85' lang='lat' dir='ltr'><strong>his</strong></span> <span class='ocrx_word' id='word_1_447' title='bbox 1402 4261 1619 4315; x_wconf 87' lang='lat' dir='ltr'><strong>duobus</strong></span> <span class='ocrx_word' id='word_1_448' title='bbox 1636 4258 1997 4313; x_wconf 88' lang='lat' dir='ltr'><strong>luminaribus</strong></span> <span class='ocrx_word' id='word_1_449' title='bbox 2009 4256 2425 4310; x_wconf 84' lang='lat' dir='ltr'><strong>administratur</strong></span> 
     </span>
    </p>
   </div>
   <div class='ocr_carea' id='block_1_60' title="bbox 864 4346 2424 4426">
    <p class='ocr_par' dir='ltr' id='par_1_60' title="bbox 864 4346 2424 4426">
     <span class='ocr_line' id='line_1_60' title="bbox 864 4346 2424 4426; baseline -0.008 -15"><span class='ocrx_word' id='word_1_450' title='bbox 864 4369 920 4411; x_wconf 87' lang='lat' dir='ltr'><strong>et</strong></span> <span class='ocrx_word' id='word_1_451' title='bbox 947 4358 1285 4426; x_wconf 78' lang='lat' dir='ltr'><strong>gubernatur</strong></span> <span class='ocrx_word' id='word_1_452' title='bbox 1324 4369 1388 4406; x_wconf 86' lang='lat' dir='ltr'><strong>ac</strong></span> <span class='ocrx_word' id='word_1_453' title='bbox 1423 4350 1697 4420; x_wconf 88' lang='lat' dir='ltr'><strong>dependet</strong></span> <span class='ocrx_word' id='word_1_454' title='bbox 1721 4350 1981 4403; x_wconf 82' lang='lat' dir='ltr'><strong>universa</strong></span> <span class='ocrx_word' id='word_1_455' title='bbox 2025 4362 2147 4417; x_wconf 66' lang='lat' dir='ltr'><strong>quae</strong></span> <span class='ocrx_word' id='word_1_456' title='bbox 2188 4355 2273 4400; x_wconf 88' lang='lat' dir='ltr'><strong>est</strong></span> <span class='ocrx_word' id='word_1_457' title='bbox 2320 4346 2424 4399; x_wconf 88' lang='lat' dir='ltr'><strong>sub</strong></span> 
     </span>
    </p>
   </div>
   <div class='ocr_carea' id='block_1_61' title="bbox 859 4436 2422 4509">
    <p class='ocr_par' dir='ltr' id='par_1_61' title="bbox 859 4436 2422 4509">
     <span class='ocr_line' id='line_1_61' title="bbox 859 4436 2422 4509; baseline -0.006 -10"><span class='ocrx_word' id='word_1_458' title='bbox 859 4448 1019 4502; x_wconf 61' lang='lat' dir='ltr'><strong>imlis</strong></span> <span class='ocrx_word' id='word_1_459' title='bbox 1047 4454 1317 4506; x_wconf 89' lang='lat' dir='ltr'><strong>creatura,</strong></span> <span class='ocrx_word' id='word_1_460' title='bbox 1349 4453 1456 4497; x_wconf 90' lang='lat' dir='ltr'><strong>tam</strong></span> <span class='ocrx_word' id='word_1_461' title='bbox 1487 4442 1851 4496; x_wconf 87' lang='lat' dir='ltr'><strong>animatorum</strong></span> <span class='ocrx_word' id='word_1_462' title='bbox 1871 4454 2034 4509; x_wconf 90' lang='lat' dir='ltr'><strong>quam</strong></span> <span class='ocrx_word' id='word_1_463' title='bbox 2057 4436 2422 4491; x_wconf 89' lang='lat' dir='ltr'><strong>inanimorum</strong></span> 
     </span>
    </p>
   </div>
   <div class='ocr_carea' id='block_1_62' title="bbox 2518 1962 4078 2026">
    <p class='ocr_par' dir='ltr' id='par_1_62' title="bbox 2518 1962 4078 2026">
     <span class='ocr_line' id='line_1_62' title="bbox 2518 1962 4078 2026; baseline 0.005 -12"><span class='ocrx_word' id='word_1_464' title='bbox 2518 1962 2740 2026; x_wconf 87' lang='lat' dir='ltr'><strong>crescit,</strong></span> <span class='ocrx_word' id='word_1_465' title='bbox 2802 1964 2854 2017; x_wconf 90' lang='lat' dir='ltr'><strong>ei</strong></span> <span class='ocrx_word' id='word_1_466' title='bbox 2895 1966 3243 2019; x_wconf 88' lang='lat' dir='ltr'><strong>contrahitur</strong></span> <span class='ocrx_word' id='word_1_467' title='bbox 3278 1970 3566 2022; x_wconf 83' lang='lat' dir='ltr'><strong>oculorum</strong></span> <span class='ocrx_word' id='word_1_468' title='bbox 3604 1971 4078 2025; x_wconf 80' lang='lat' dir='ltr'><strong>circumferentia.</strong></span> 
     </span>
    </p>
   </div>
   <div class='ocr_carea' id='block_1_63' title="bbox 2516 2052 4081 2133">
    <p class='ocr_par' dir='ltr' id='par_1_63' title="bbox 2516 2052 4081 2133">
     <span class='ocr_line' id='line_1_63' title="bbox 2516 2052 4081 2133; baseline 0.008 -29"><span class='ocrx_word' id='word_1_469' title='bbox 2516 2052 2722 2109; x_wconf 86' lang='lat' dir='ltr'><strong>Dicunt</strong></span> <span class='ocrx_word' id='word_1_470' title='bbox 2743 2065 2927 2109; x_wconf 91' lang='lat' dir='ltr'><strong>autem</strong></span> <span class='ocrx_word' id='word_1_471' title='bbox 2948 2058 3002 2110; x_wconf 92' lang='lat' dir='ltr'><strong>in</strong></span> <span class='ocrx_word' id='word_1_472' title='bbox 3021 2058 3245 2113; x_wconf 79' lang='lat' dir='ltr'><strong>[lumine</strong></span> <span class='ocrx_word' id='word_1_473' title='bbox 3273 2060 3537 2132; x_wconf 79' lang='lat' dir='ltr'><strong>llyslaspe</strong></span> <span class='ocrx_word' id='word_1_474' title='bbox 3556 2066 3703 2117; x_wconf 87' lang='lat' dir='ltr'><strong>nasci</strong></span> <span class='ocrx_word' id='word_1_475' title='bbox 3734 2065 3972 2132; x_wconf 85' lang='lat' dir='ltr'><strong>lapidem</strong></span> <span class='ocrx_word' id='word_1_476' title='bbox 3988 2065 4081 2133; x_wconf 88' lang='lat' dir='ltr'><strong>qui</strong></span> 
     </span>
    </p>
   </div>
   <div class='ocr_carea' id='block_1_64' title="bbox 2516 2144 4078 2219">
    <p class='ocr_par' dir='ltr' id='par_1_64' title="bbox 2516 2144 4078 2219">
     <span class='ocr_line' id='line_1_64' title="bbox 2516 2144 4078 2219; baseline 0.006 -22"><span class='ocrx_word' id='word_1_477' title='bbox 2516 2144 2722 2199; x_wconf 89' lang='lat' dir='ltr'><strong>dicitur</strong></span> <span class='ocrx_word' id='word_1_478' title='bbox 2754 2146 3015 2216; x_wconf 85' lang='lat' dir='ltr'><strong>Lychnis,</strong></span> <span class='ocrx_word' id='word_1_479' title='bbox 3043 2150 3136 2217; x_wconf 89' lang='lat' dir='ltr'><strong>qui</strong></span> <span class='ocrx_word' id='word_1_480' title='bbox 3172 2151 3395 2219; x_wconf 86' lang='lat' dir='ltr'><strong>quidem</strong></span> <span class='ocrx_word' id='word_1_481' title='bbox 3431 2168 3558 2206; x_wconf 90' lang='lat' dir='ltr'><strong>cum</strong></span> <span class='ocrx_word' id='word_1_482' title='bbox 3594 2156 3796 2208; x_wconf 81' lang='lat' dir='ltr'><strong>crescit</strong></span> <span class='ocrx_word' id='word_1_483' title='bbox 3828 2162 3961 2208; x_wconf 89' lang='lat' dir='ltr'><strong>luna</strong></span> <span class='ocrx_word' id='word_1_484' title='bbox 3999 2174 4078 2208; x_wconf 82' lang='lat' dir='ltr'><strong>so-</strong></span> 
     </span>
    </p>
   </div>
   <div class='ocr_carea' id='block_1_65' title="bbox 2515 2236 4084 2314">
    <p class='ocr_par' dir='ltr' id='par_1_65' title="bbox 2515 2236 4084 2314">
     <span class='ocr_line' id='line_1_65' title="bbox 2515 2236 4084 2314; baseline 0.006 -25"><span class='ocrx_word' id='word_1_485' title='bbox 2515 2251 2647 2289; x_wconf 91' lang='lat' dir='ltr'><strong>num</strong></span> <span class='ocrx_word' id='word_1_486' title='bbox 2694 2236 2875 2291; x_wconf 88' lang='lat' dir='ltr'><strong>reddit</strong></span> <span class='ocrx_word' id='word_1_487' title='bbox 2909 2239 3269 2293; x_wconf 90' lang='lat' dir='ltr'><strong>modulatum.</strong></span> <span class='ocrx_word' id='word_1_488' title='bbox 3320 2241 3378 2295; x_wconf 93' lang='lat' dir='ltr'><strong>ln</strong></span> <span class='ocrx_word' id='word_1_489' title='bbox 3426 2242 3596 2297; x_wconf 81' lang='lat' dir='ltr'><strong>ﬂuvio</strong></span> <span class='ocrx_word' id='word_1_490' title='bbox 3629 2260 3848 2314; x_wconf 88' lang='lat' dir='ltr'><strong>quoque</strong></span> <span class='ocrx_word' id='word_1_491' title='bbox 3893 2245 4084 2300; x_wconf 79' lang='lat' dir='ltr'><strong>Gallia:</strong></span> 
     </span>
    </p>
   </div>
   <div class='ocr_carea' id='block_1_66' title="bbox 2516 2329 4079 2402">
    <p class='ocr_par' dir='ltr' id='par_1_66' title="bbox 2516 2329 4079 2402">
     <span class='ocr_line' id='line_1_66' title="bbox 2516 2329 4079 2402; baseline 0.006 -20"><span class='ocrx_word' id='word_1_492' title='bbox 2516 2329 2713 2383; x_wconf 89' lang='lat' dir='ltr'><strong>dicunt</strong></span> <span class='ocrx_word' id='word_1_493' title='bbox 2744 2330 2943 2399; x_wconf 83' lang='lat' dir='ltr'><strong>degere</strong></span> <span class='ocrx_word' id='word_1_494' title='bbox 2976 2331 3206 2400; x_wconf 81' lang='lat' dir='ltr'><strong>piscem,</strong></span> <span class='ocrx_word' id='word_1_495' title='bbox 3236 2334 3330 2402; x_wconf 90' lang='lat' dir='ltr'><strong>qui</strong></span> <span class='ocrx_word' id='word_1_496' title='bbox 3368 2335 3436 2388; x_wconf 87' lang='lat' dir='ltr'><strong>ab</strong></span> <span class='ocrx_word' id='word_1_497' title='bbox 3484 2335 3682 2389; x_wconf 91' lang='lat' dir='ltr'><strong>incolis</strong></span> <span class='ocrx_word' id='word_1_498' title='bbox 3720 2336 3932 2390; x_wconf 90' lang='lat' dir='ltr'><strong>dicitur</strong></span> <span class='ocrx_word' id='word_1_499' title='bbox 3973 2339 4079 2391; x_wconf 82' lang='lat' dir='ltr'><strong>clo-</strong></span> 
     </span>
    </p>
   </div>
   <div class='ocr_carea' id='block_1_67' title="bbox 2518 2420 4082 2491">
    <p class='ocr_par' dir='ltr' id='par_1_67' title="bbox 2518 2420 4082 2491">
     <span class='ocr_line' id='line_1_67' title="bbox 2518 2420 4082 2491; baseline 0.008 -19"><span class='ocrx_word' id='word_1_500' title='bbox 2518 2420 2659 2489; x_wconf 90' lang='lat' dir='ltr'><strong>pias,</strong></span> <span class='ocrx_word' id='word_1_501' title='bbox 2690 2422 2784 2490; x_wconf 92' lang='lat' dir='ltr'><strong>qui</strong></span> <span class='ocrx_word' id='word_1_502' title='bbox 2831 2422 3054 2490; x_wconf 90' lang='lat' dir='ltr'><strong>quidem</strong></span> <span class='ocrx_word' id='word_1_503' title='bbox 3097 2424 3226 2477; x_wconf 89' lang='lat' dir='ltr'><strong>luna</strong></span> <span class='ocrx_word' id='word_1_504' title='bbox 3271 2436 3551 2481; x_wconf 89' lang='lat' dir='ltr'><strong>crescente</strong></span> <span class='ocrx_word' id='word_1_505' title='bbox 3590 2428 3843 2491; x_wconf 86' lang='lat' dir='ltr'><strong>albescit,</strong></span> <span class='ocrx_word' id='word_1_506' title='bbox 3887 2432 4082 2484; x_wconf 87' lang='lat' dir='ltr'><strong>decre-</strong></span> 
     </span>
    </p>
   </div>
   <div class='ocr_carea' id='block_1_68' title="bbox 2517 2515 4081 2589">
    <p class='ocr_par' dir='ltr' id='par_1_68' title="bbox 2517 2515 4081 2589">
     <span class='ocr_line' id='line_1_68' title="bbox 2517 2515 4081 2589; baseline 0.006 -24"><span class='ocrx_word' id='word_1_507' title='bbox 2517 2522 2702 2567; x_wconf 83' lang='lat' dir='ltr'><strong>scente</strong></span> <span class='ocrx_word' id='word_1_508' title='bbox 2732 2522 2914 2567; x_wconf 83' lang='lat' dir='ltr'><strong>autem</strong></span> <span class='ocrx_word' id='word_1_509' title='bbox 2947 2515 3227 2584; x_wconf 83' lang='lat' dir='ltr'><strong>nigrescit.</strong></span> <span class='ocrx_word' id='word_1_510' title='bbox 3268 2516 3406 2571; x_wconf 88' lang='lat' dir='ltr'><strong>Cum</strong></span> <span class='ocrx_word' id='word_1_511' title='bbox 3437 2534 3569 2587; x_wconf 79' lang='lat' dir='ltr'><strong>ergo</strong></span> <span class='ocrx_word' id='word_1_512' title='bbox 3598 2531 3655 2573; x_wconf 88' lang='lat' dir='ltr'><strong>et</strong></span> <span class='ocrx_word' id='word_1_513' title='bbox 3688 2536 3923 2589; x_wconf 90' lang='lat' dir='ltr'><strong>corpora</strong></span> <span class='ocrx_word' id='word_1_514' title='bbox 3964 2539 4081 2574; x_wconf 89' lang='lat' dir='ltr'><strong>mu-</strong></span> 
     </span>
    </p>
   </div>
   <div class='ocr_carea' id='block_1_69' title="bbox 2520 2602 4083 2675">
    <p class='ocr_par' dir='ltr' id='par_1_69' title="bbox 2520 2602 4083 2675">
     <span class='ocr_line' id='line_1_69' title="bbox 2520 2602 4083 2675; baseline 0.005 -19"><span class='ocrx_word' id='word_1_515' title='bbox 2520 2612 2740 2667; x_wconf 88' lang='lat' dir='ltr'><strong>tentur,</strong></span> <span class='ocrx_word' id='word_1_516' title='bbox 2787 2602 2844 2659; x_wconf 88' lang='lat' dir='ltr'><strong>et</strong></span> <span class='ocrx_word' id='word_1_517' title='bbox 2886 2622 3041 2675; x_wconf 72' lang='lat' dir='ltr'><strong>aqua:</strong></span> <span class='ocrx_word' id='word_1_518' title='bbox 3087 2618 3339 2661; x_wconf 87' lang='lat' dir='ltr'><strong>crescant</strong></span> <span class='ocrx_word' id='word_1_519' title='bbox 3368 2620 3430 2672; x_wconf 81' lang='lat' dir='ltr'><strong>et</strong></span> <span class='ocrx_word' id='word_1_520' title='bbox 3484 2612 3807 2665; x_wconf 89' lang='lat' dir='ltr'><strong>decrescant</strong></span> <span class='ocrx_word' id='word_1_521' title='bbox 3834 2614 3887 2667; x_wconf 91' lang='lat' dir='ltr'><strong>in</strong></span> <span class='ocrx_word' id='word_1_522' title='bbox 3944 2615 4083 2668; x_wconf 76' lang='lat' dir='ltr'><strong>lunze</strong></span> 
     </span>
    </p>
   </div>
   <div class='ocr_carea' id='block_1_70' title="bbox 2519 2696 4082 2760">
    <p class='ocr_par' dir='ltr' id='par_1_70' title="bbox 2519 2696 4082 2760">
     <span class='ocr_line' id='line_1_70' title="bbox 2519 2696 4082 2760; baseline 0.009 -14"><span class='ocrx_word' id='word_1_523' title='bbox 2519 2696 2944 2759; x_wconf 87' lang='lat' dir='ltr'><strong>mutationibus,</strong></span> <span class='ocrx_word' id='word_1_524' title='bbox 2977 2698 3090 2751; x_wconf 67' lang='lat' dir='ltr'><strong>hazc</strong></span> <span class='ocrx_word' id='word_1_525' title='bbox 3120 2699 3253 2753; x_wconf 91' lang='lat' dir='ltr'><strong>mihi</strong></span> <span class='ocrx_word' id='word_1_526' title='bbox 3289 2702 3587 2756; x_wconf 81' lang='lat' dir='ltr'><strong>transferas</strong></span> <span class='ocrx_word' id='word_1_527' title='bbox 3620 2705 3685 2756; x_wconf 92' lang='lat' dir='ltr'><strong>ad</strong></span> <span class='ocrx_word' id='word_1_528' title='bbox 3718 2705 3921 2758; x_wconf 81' lang='lat' dir='ltr'><strong>seriem</strong></span> <span class='ocrx_word' id='word_1_529' title='bbox 3955 2707 4082 2760; x_wconf 84' lang='lat' dir='ltr'><strong>alle-</strong></span> 
     </span>
    </p>
   </div>
   <div class='ocr_carea' id='block_1_71' title="bbox 2518 2788 4081 2869">
    <p class='ocr_par' dir='ltr' id='par_1_71' title="bbox 2518 2788 4081 2869">
     <span class='ocr_line' id='line_1_71' title="bbox 2518 2788 4081 2869; baseline 0.008 -31"><span class='ocrx_word' id='word_1_530' title='bbox 2518 2788 2705 2856; x_wconf 70' lang='lat' dir='ltr'><strong>gorim,</strong></span> <span class='ocrx_word' id='word_1_531' title='bbox 2728 2793 2790 2843; x_wconf 86' lang='lat' dir='ltr'><strong>&#39;ct</strong></span> <span class='ocrx_word' id='word_1_532' title='bbox 2816 2790 3031 2844; x_wconf 88' lang='lat' dir='ltr'><strong>vidcbis</strong></span> <span class='ocrx_word' id='word_1_533' title='bbox 3048 2793 3231 2845; x_wconf 89' lang='lat' dir='ltr'><strong>omnia</strong></span> <span class='ocrx_word' id='word_1_534' title='bbox 3265 2794 3412 2847; x_wconf 89' lang='lat' dir='ltr'><strong>onmi</strong></span> <span class='ocrx_word' id='word_1_535' title='bbox 3445 2811 3506 2846; x_wconf 84' lang='lat' dir='ltr'><strong>ex</strong></span> <span class='ocrx_word' id='word_1_536' title='bbox 3553 2807 3705 2863; x_wconf 89' lang='lat' dir='ltr'><strong>parte</strong></span> <span class='ocrx_word' id='word_1_537' title='bbox 3752 2812 4081 2869; x_wconf 74' lang='lat' dir='ltr'><strong>congruere.</strong></span> 
     </span>
    </p>
   </div>
   <div class='ocr_carea' id='block_1_72' title="bbox 2519 2877 4083 2954">
    <p class='ocr_par' dir='ltr' id='par_1_72' title="bbox 2519 2877 4083 2954">
     <span class='ocr_line' id='line_1_72' title="bbox 2519 2877 4083 2954; baseline 0.01 -25"><span class='ocrx_word' id='word_1_538' title='bbox 2519 2877 2654 2930; x_wconf 84' lang='lat' dir='ltr'><strong>Nam</strong></span> <span class='ocrx_word' id='word_1_539' title='bbox 2691 2894 2815 2932; x_wconf 90' lang='lat' dir='ltr'><strong>cum</strong></span> <span class='ocrx_word' id='word_1_540' title='bbox 2842 2882 3043 2935; x_wconf 82' lang='lat' dir='ltr'><strong>crescit</strong></span> <span class='ocrx_word' id='word_1_541' title='bbox 3094 2893 3151 2937; x_wconf 88' lang='lat' dir='ltr'><strong>et</strong></span> <span class='ocrx_word' id='word_1_542' title='bbox 3192 2898 3548 2954; x_wconf 73' lang='lat' dir='ltr'><strong>promovetur</strong></span> <span class='ocrx_word' id='word_1_543' title='bbox 3598 2888 3867 2953; x_wconf 84' lang='lat' dir='ltr'><strong>Ecclesia,</strong></span> <span class='ocrx_word' id='word_1_544' title='bbox 3923 2892 4083 2945; x_wconf 90' lang='lat' dir='ltr'><strong>simul</strong></span> 
     </span>
    </p>
   </div>
   <div class='ocr_carea' id='block_1_73' title="bbox 2518 2970 4085 3044">
    <p class='ocr_par' dir='ltr' id='par_1_73' title="bbox 2518 2970 4085 3044">
     <span class='ocr_line' id='line_1_73' title="bbox 2518 2970 4085 3044; baseline 0.01 -24"><span class='ocrx_word' id='word_1_545' title='bbox 2518 2970 2684 3022; x_wconf 89' lang='lat' dir='ltr'><strong>etiam</strong></span> <span class='ocrx_word' id='word_1_546' title='bbox 2717 2983 2972 3026; x_wconf 89' lang='lat' dir='ltr'><strong>crescunt</strong></span> <span class='ocrx_word' id='word_1_547' title='bbox 2997 2984 3173 3029; x_wconf 73' lang='lat' dir='ltr'><strong>cintus</strong></span> <span class='ocrx_word' id='word_1_548' title='bbox 3202 2977 3533 3044; x_wconf 89' lang='lat' dir='ltr'><strong>populorum</strong></span> <span class='ocrx_word' id='word_1_549' title='bbox 3562 2978 3805 3034; x_wconf 88' lang='lat' dir='ltr'><strong>ﬁdelium</strong></span> <span class='ocrx_word' id='word_1_550' title='bbox 3835 2999 3848 3035; x_wconf 89' lang='lat'><strong>:</strong></span> <span class='ocrx_word' id='word_1_551' title='bbox 3894 2984 4085 3037; x_wconf 88' lang='lat' dir='ltr'><strong>decre-</strong></span> 
     </span>
    </p>
   </div>
   <div class='ocr_carea' id='block_1_74' title="bbox 2519 3069 4084 3144">
    <p class='ocr_par' dir='ltr' id='par_1_74' title="bbox 2519 3069 4084 3144">
     <span class='ocr_line' id='line_1_74' title="bbox 2519 3069 4084 3144; baseline 0.009 -30"><span class='ocrx_word' id='word_1_552' title='bbox 2519 3072 2710 3115; x_wconf 88' lang='lat' dir='ltr'><strong>scente</strong></span> <span class='ocrx_word' id='word_1_553' title='bbox 2754 3074 2940 3117; x_wconf 87' lang='lat' dir='ltr'><strong>autem</strong></span> <span class='ocrx_word' id='word_1_554' title='bbox 2962 3075 3023 3119; x_wconf 89' lang='lat' dir='ltr'><strong>et</strong></span> <span class='ocrx_word' id='word_1_555' title='bbox 3061 3069 3545 3135; x_wconf 87' lang='lat' dir='ltr'><strong>persecutionibus</strong></span> <span class='ocrx_word' id='word_1_556' title='bbox 3578 3073 3820 3140; x_wconf 89' lang='lat' dir='ltr'><strong>appetito</strong></span> <span class='ocrx_word' id='word_1_557' title='bbox 3854 3090 4084 3144; x_wconf 91' lang='lat' dir='ltr'><strong>corpore</strong></span> 
     </span>
    </p>
   </div>
   <div class='ocr_carea' id='block_1_75' title="bbox 2518 3156 4083 3229">
    <p class='ocr_par' dir='ltr' id='par_1_75' title="bbox 2518 3156 4083 3229">
     <span class='ocr_line' id='line_1_75' title="bbox 2518 3156 4083 3229; baseline 0.01 -23"><span class='ocrx_word' id='word_1_558' title='bbox 2518 3166 2572 3207; x_wconf 93' lang='lat' dir='ltr'><strong>et</strong></span> <span class='ocrx_word' id='word_1_559' title='bbox 2598 3156 2803 3210; x_wconf 91' lang='lat' dir='ltr'><strong>lumine</strong></span> <span class='ocrx_word' id='word_1_560' title='bbox 2835 3157 2961 3211; x_wconf 90' lang='lat' dir='ltr'><strong>ﬁdei</strong></span> <span class='ocrx_word' id='word_1_561' title='bbox 2988 3160 3378 3215; x_wconf 66' lang='lat' dir='ltr'><strong>ecclesiasticae</strong></span> <span class='ocrx_word' id='word_1_562' title='bbox 3408 3162 3478 3215; x_wconf 89' lang='lat' dir='ltr'><strong>ab</strong></span> <span class='ocrx_word' id='word_1_563' title='bbox 3513 3163 3851 3229; x_wconf 88' lang='lat' dir='ltr'><strong>inﬁdelibus,</strong></span> <span class='ocrx_word' id='word_1_564' title='bbox 3895 3168 4083 3221; x_wconf 85' lang='lat' dir='ltr'><strong>decre-</strong></span> 
     </span>
    </p>
   </div>
   <div class='ocr_carea' id='block_1_76' title="bbox 2519 3249 4083 3327">
    <p class='ocr_par' dir='ltr' id='par_1_76' title="bbox 2519 3249 4083 3327">
     <span class='ocr_line' id='line_1_76' title="bbox 2519 3249 4083 3327; baseline 0.008 -26"><span class='ocrx_word' id='word_1_565' title='bbox 2519 3258 2681 3301; x_wconf 90' lang='lat' dir='ltr'><strong>scunt</strong></span> <span class='ocrx_word' id='word_1_566' title='bbox 2714 3258 2771 3302; x_wconf 85' lang='lat' dir='ltr'><strong>et</strong></span> <span class='ocrx_word' id='word_1_567' title='bbox 2803 3249 3193 3305; x_wconf 90' lang='lat' dir='ltr'><strong>diminuuntur</strong></span> <span class='ocrx_word' id='word_1_568' title='bbox 3217 3254 3381 3308; x_wconf 87' lang='lat' dir='ltr'><strong>etiam</strong></span> <span class='ocrx_word' id='word_1_569' title='bbox 3412 3270 3719 3311; x_wconf 81' lang='lat' dir='ltr'><strong>conventus</strong></span> <span class='ocrx_word' id='word_1_570' title='bbox 3752 3259 4083 3327; x_wconf 88' lang='lat' dir='ltr'><strong>populorum</strong></span> 
     </span>
    </p>
   </div>
   <div class='ocr_carea' id='block_1_77' title="bbox 2519 3339 4075 3416">
    <p class='ocr_par' dir='ltr' id='par_1_77' title="bbox 2519 3339 4075 3416">
     <span class='ocr_line' id='line_1_77' title="bbox 2519 3339 4075 3416; baseline 0.01 -24"><span class='ocrx_word' id='word_1_571' title='bbox 2519 3339 2785 3394; x_wconf 81' lang='lat' dir='ltr'><strong>ﬁdelium.</strong></span> <span class='ocrx_word' id='word_1_572' title='bbox 2820 3341 3089 3397; x_wconf 87' lang='lat' dir='ltr'><strong>Similiter</strong></span> <span class='ocrx_word' id='word_1_573' title='bbox 3134 3345 3363 3414; x_wconf 87' lang='lat' dir='ltr'><strong>spiritus</strong></span> <span class='ocrx_word' id='word_1_574' title='bbox 3395 3362 3637 3416; x_wconf 88' lang='lat' dir='ltr'><strong>quoque,</strong></span> <span class='ocrx_word' id='word_1_575' title='bbox 3683 3350 3774 3403; x_wconf 91' lang='lat' dir='ltr'><strong>cui</strong></span> <span class='ocrx_word' id='word_1_576' title='bbox 3808 3358 3897 3405; x_wconf 85' lang='lat' dir='ltr'><strong>est</strong></span> <span class='ocrx_word' id='word_1_577' title='bbox 3933 3354 4075 3407; x_wconf 88' lang='lat' dir='ltr'><strong>inna-</strong></span> 
     </span>
    </p>
   </div>
   <div class='ocr_carea' id='block_1_78' title="bbox 2520 3435 4085 3513">
    <p class='ocr_par' dir='ltr' id='par_1_78' title="bbox 2520 3435 4085 3513">
     <span class='ocr_line' id='line_1_78' title="bbox 2520 3435 4085 3513; baseline 0.011 -29"><span class='ocrx_word' id='word_1_578' title='bbox 2520 3442 2657 3495; x_wconf 90' lang='lat' dir='ltr'><strong>tum,</strong></span> <span class='ocrx_word' id='word_1_579' title='bbox 2685 3443 2746 3487; x_wconf 94' lang='lat' dir='ltr'><strong>ut</strong></span> <span class='ocrx_word' id='word_1_580' title='bbox 2773 3435 2845 3488; x_wconf 91' lang='lat' dir='ltr'><strong>sit</strong></span> <span class='ocrx_word' id='word_1_581' title='bbox 2878 3449 3046 3505; x_wconf 87' lang='lat' dir='ltr'><strong>super</strong></span> <span class='ocrx_word' id='word_1_582' title='bbox 3075 3451 3293 3506; x_wconf 82' lang='lat' dir='ltr'><strong>aquam,</strong></span> <span class='ocrx_word' id='word_1_583' title='bbox 3343 3438 3394 3492; x_wconf 89' lang='lat' dir='ltr'><strong>in</strong></span> <span class='ocrx_word' id='word_1_584' title='bbox 3424 3455 3588 3495; x_wconf 91' lang='lat' dir='ltr'><strong>cursu</strong></span> <span class='ocrx_word' id='word_1_585' title='bbox 3633 3450 3874 3513; x_wconf 82' lang='lat' dir='ltr'><strong>ortuque</strong></span> <span class='ocrx_word' id='word_1_586' title='bbox 3909 3454 3970 3499; x_wconf 90' lang='lat' dir='ltr'><strong>ct</strong></span> <span class='ocrx_word' id='word_1_587' title='bbox 4000 3462 4085 3500; x_wconf 86' lang='lat' dir='ltr'><strong>oc-</strong></span> 
     </span>
    </p>
   </div>
   <div class='ocr_carea' id='block_1_79' title="bbox 2520 3526 4085 3606">
    <p class='ocr_par' dir='ltr' id='par_1_79' title="bbox 2520 3526 4085 3606">
     <span class='ocr_line' id='line_1_79' title="bbox 2520 3526 4085 3606; baseline 0.01 -29"><span class='ocrx_word' id='word_1_588' title='bbox 2520 3539 2650 3579; x_wconf 89' lang='lat' dir='ltr'><strong>casu</strong></span> <span class='ocrx_word' id='word_1_589' title='bbox 2681 3526 2824 3580; x_wconf 70' lang='lat' dir='ltr'><strong>luna:</strong></span> <span class='ocrx_word' id='word_1_590' title='bbox 2850 3528 3079 3598; x_wconf 88' lang='lat' dir='ltr'><strong>ejusque</strong></span> <span class='ocrx_word' id='word_1_591' title='bbox 3109 3528 3449 3583; x_wconf 87' lang='lat' dir='ltr'><strong>incremento</strong></span> <span class='ocrx_word' id='word_1_592' title='bbox 3481 3540 3539 3585; x_wconf 83' lang='lat' dir='ltr'><strong>et</strong></span> <span class='ocrx_word' id='word_1_593' title='bbox 3570 3532 3787 3588; x_wconf 78' lang='lat' dir='ltr'><strong>defectu</strong></span> <span class='ocrx_word' id='word_1_594' title='bbox 3832 3537 4085 3606; x_wconf 88' lang='lat' dir='ltr'><strong>procedit</strong></span> 
     </span>
    </p>
   </div>
   <div class='ocr_carea' id='block_1_80' title="bbox 2518 3617 4083 3700">
    <p class='ocr_par' dir='ltr' id='par_1_80' title="bbox 2518 3617 4083 3700">
     <span class='ocr_line' id='line_1_80' title="bbox 2518 3617 4083 3700; baseline 0.01 -32"><span class='ocrx_word' id='word_1_595' title='bbox 2518 3624 2576 3668; x_wconf 91' lang='lat' dir='ltr'><strong>et</strong></span> <span class='ocrx_word' id='word_1_596' title='bbox 2605 3617 2837 3679; x_wconf 89' lang='lat' dir='ltr'><strong>recedit,</strong></span> <span class='ocrx_word' id='word_1_597' title='bbox 2893 3626 2950 3672; x_wconf 89' lang='lat' dir='ltr'><strong>et</strong></span> <span class='ocrx_word' id='word_1_598' title='bbox 2990 3621 3389 3690; x_wconf 84' lang='lat' dir='ltr'><strong>multiplicatur</strong></span> <span class='ocrx_word' id='word_1_599' title='bbox 3438 3637 3501 3677; x_wconf 91' lang='lat' dir='ltr'><strong>ac</strong></span> <span class='ocrx_word' id='word_1_600' title='bbox 3543 3623 3837 3681; x_wconf 88' lang='lat' dir='ltr'><strong>decrescit.</strong></span> <span class='ocrx_word' id='word_1_601' title='bbox 3871 3628 4083 3700; x_wconf 85' lang='lat' dir='ltr'><strong>Itaque.</strong></span> 
     </span>
    </p>
   </div>
   <div class='ocr_carea' id='block_1_81' title="bbox 2522 3708 4087 3780">
    <p class='ocr_par' dir='ltr' id='par_1_81' title="bbox 2522 3708 4087 3780">
     <span class='ocr_line' id='line_1_81' title="bbox 2522 3708 4087 3780; baseline 0.01 -22"><span class='ocrx_word' id='word_1_602' title='bbox 2522 3708 2614 3774; x_wconf 92' lang='lat' dir='ltr'><strong>qui</strong></span> <span class='ocrx_word' id='word_1_603' title='bbox 2646 3708 2926 3777; x_wconf 80' lang='lat' dir='ltr'><strong>navigant,</strong></span> <span class='ocrx_word' id='word_1_604' title='bbox 2954 3709 3376 3780; x_wconf 81' lang='lat' dir='ltr'><strong>diligentissime</strong></span> <span class='ocrx_word' id='word_1_605' title='bbox 3411 3714 3710 3770; x_wconf 88' lang='lat' dir='ltr'><strong>observant</strong></span> <span class='ocrx_word' id='word_1_606' title='bbox 3745 3726 3801 3772; x_wconf 90' lang='lat' dir='ltr'><strong>et</strong></span> <span class='ocrx_word' id='word_1_607' title='bbox 3831 3722 4087 3775; x_wconf 87' lang='lat' dir='ltr'><strong>conside-</strong></span> 
     </span>
    </p>
   </div>
   <div class='ocr_carea' id='block_1_82' title="bbox 2523 3801 4087 3883">
    <p class='ocr_par' dir='ltr' id='par_1_82' title="bbox 2523 3801 4087 3883">
     <span class='ocr_line' id='line_1_82' title="bbox 2523 3801 4087 3883; baseline 0.012 -33"><span class='ocrx_word' id='word_1_608' title='bbox 2523 3806 2647 3851; x_wconf 73' lang='lat' dir='ltr'><strong>rant</strong></span> <span class='ocrx_word' id='word_1_609' title='bbox 2671 3811 2955 3866; x_wconf 88' lang='lat' dir='ltr'><strong>aspectum</strong></span> <span class='ocrx_word' id='word_1_610' title='bbox 2984 3801 3147 3865; x_wconf 73' lang='lat' dir='ltr'><strong>lunae,</strong></span> <span class='ocrx_word' id='word_1_611' title='bbox 3175 3812 3231 3857; x_wconf 91' lang='lat' dir='ltr'><strong>et</strong></span> <span class='ocrx_word' id='word_1_612' title='bbox 3259 3804 3513 3874; x_wconf 87' lang='lat' dir='ltr'><strong>ﬁguram,</strong></span> <span class='ocrx_word' id='word_1_613' title='bbox 3542 3822 3605 3860; x_wconf 91' lang='lat' dir='ltr'><strong>ac</strong></span> <span class='ocrx_word' id='word_1_614' title='bbox 3632 3807 3833 3874; x_wconf 88' lang='lat' dir='ltr'><strong>lucem,</strong></span> <span class='ocrx_word' id='word_1_615' title='bbox 3870 3820 3929 3866; x_wconf 85' lang='lat' dir='ltr'><strong>ct</strong></span> <span class='ocrx_word' id='word_1_616' title='bbox 3958 3830 4087 3883; x_wconf 91' lang='lat' dir='ltr'><strong>qua-</strong></span> 
     </span>
    </p>
   </div>
   <div class='ocr_carea' id='block_1_83' title="bbox 2523 3891 4086 3976">
    <p class='ocr_par' dir='ltr' id='par_1_83' title="bbox 2523 3891 4086 3976">
     <span class='ocr_line' id='line_1_83' title="bbox 2523 3891 4086 3976; baseline 0.012 -35"><span class='ocrx_word' id='word_1_617' title='bbox 2523 3897 2650 3941; x_wconf 92' lang='lat' dir='ltr'><strong>tuor</strong></span> <span class='ocrx_word' id='word_1_618' title='bbox 2674 3891 2795 3960; x_wconf 87' lang='lat' dir='ltr'><strong>ejus</strong></span> <span class='ocrx_word' id='word_1_619' title='bbox 2831 3895 3243 3959; x_wconf 88' lang='lat' dir='ltr'><strong>conversiones,</strong></span> <span class='ocrx_word' id='word_1_620' title='bbox 3275 3906 3481 3963; x_wconf 90' lang='lat' dir='ltr'><strong>ortum,</strong></span> <span class='ocrx_word' id='word_1_621' title='bbox 3539 3899 3783 3969; x_wconf 90' lang='lat' dir='ltr'><strong>inquam,</strong></span> <span class='ocrx_word' id='word_1_622' title='bbox 3832 3912 3889 3956; x_wconf 87' lang='lat' dir='ltr'><strong>et</strong></span> <span class='ocrx_word' id='word_1_623' title='bbox 3922 3909 4086 3976; x_wconf 85' lang='lat' dir='ltr'><strong>septi-</strong></span> 
     </span>
    </p>
   </div>
   <div class='ocr_carea' id='block_1_84' title="bbox 2525 3982 4084 4062">
    <p class='ocr_par' dir='ltr' id='par_1_84' title="bbox 2525 3982 4084 4062">
     <span class='ocr_line' id='line_1_84' title="bbox 2525 3982 4084 4062; baseline 0.012 -30"><span class='ocrx_word' id='word_1_624' title='bbox 2525 3995 2695 4045; x_wconf 91' lang='lat' dir='ltr'><strong>mum,</strong></span> <span class='ocrx_word' id='word_1_625' title='bbox 2718 3991 2777 4036; x_wconf 90' lang='lat' dir='ltr'><strong>et</strong></span> <span class='ocrx_word' id='word_1_626' title='bbox 2791 3982 3067 4038; x_wconf 88' lang='lat' dir='ltr'><strong>decimum</strong></span> <span class='ocrx_word' id='word_1_627' title='bbox 3090 3986 3368 4054; x_wconf 91' lang='lat' dir='ltr'><strong>quintum,</strong></span> <span class='ocrx_word' id='word_1_628' title='bbox 3386 3998 3441 4042; x_wconf 88' lang='lat' dir='ltr'><strong>et</strong></span> <span class='ocrx_word' id='word_1_629' title='bbox 3463 3988 3784 4045; x_wconf 89' lang='lat' dir='ltr'><strong>vicesimum</strong></span> <span class='ocrx_word' id='word_1_630' title='bbox 3809 3997 4084 4062; x_wconf 88' lang='lat' dir='ltr'><strong>primum:</strong></span> 
     </span>
    </p>
   </div>
   <div class='ocr_carea' id='block_1_85' title="bbox 2525 4069 4084 4136">
    <p class='ocr_par' dir='ltr' id='par_1_85' title="bbox 2525 4069 4084 4136">
     <span class='ocr_line' id='line_1_85' title="bbox 2525 4069 4084 4136; baseline 0.009 -14"><span class='ocrx_word' id='word_1_631' title='bbox 2525 4069 2581 4122; x_wconf 90' lang='lat' dir='ltr'><strong>in</strong></span> <span class='ocrx_word' id='word_1_632' title='bbox 2622 4070 2691 4124; x_wconf 92' lang='lat' dir='ltr'><strong>iis</strong></span> <span class='ocrx_word' id='word_1_633' title='bbox 2729 4072 2877 4125; x_wconf 90' lang='lat' dir='ltr'><strong>enim</strong></span> <span class='ocrx_word' id='word_1_634' title='bbox 2921 4072 3089 4126; x_wconf 85' lang='lat' dir='ltr'><strong>elﬁcit</strong></span> <span class='ocrx_word' id='word_1_635' title='bbox 3121 4082 3411 4127; x_wconf 90' lang='lat' dir='ltr'><strong>ventorum</strong></span> <span class='ocrx_word' id='word_1_636' title='bbox 3466 4077 3819 4133; x_wconf 89' lang='lat' dir='ltr'><strong>mutationes.</strong></span> <span class='ocrx_word' id='word_1_637' title='bbox 3866 4080 4084 4136; x_wconf 86' lang='lat' dir='ltr'><strong>Etenim</strong></span> 
     </span>
    </p>
   </div>
   <div class='ocr_carea' id='block_1_86' title="bbox 2524 4167 4086 4236">
    <p class='ocr_par' dir='ltr' id='par_1_86' title="bbox 2524 4167 4086 4236">
     <span class='ocr_line' id='line_1_86' title="bbox 2524 4167 4086 4236; baseline 0.008 -20"><span class='ocrx_word' id='word_1_638' title='bbox 2524 4172 2653 4217; x_wconf 88' lang='lat' dir='ltr'><strong>sunt</strong></span> <span class='ocrx_word' id='word_1_639' title='bbox 2682 4173 2740 4217; x_wconf 90' lang='lat' dir='ltr'><strong>et</strong></span> <span class='ocrx_word' id='word_1_640' title='bbox 2771 4175 3007 4234; x_wconf 91' lang='lat' dir='ltr'><strong>quatuor</strong></span> <span class='ocrx_word' id='word_1_641' title='bbox 3035 4167 3170 4221; x_wconf 87' lang='lat' dir='ltr'><strong>lines</strong></span> <span class='ocrx_word' id='word_1_642' title='bbox 3214 4177 3452 4236; x_wconf 88' lang='lat' dir='ltr'><strong>quatuor</strong></span> <span class='ocrx_word' id='word_1_643' title='bbox 3497 4177 3785 4223; x_wconf 79' lang='lat' dir='ltr'><strong>ventorum</strong></span> <span class='ocrx_word' id='word_1_644' title='bbox 3827 4171 4086 4229; x_wconf 82' lang='lat' dir='ltr'><strong>Ecclesia-</strong></span> 
     </span>
    </p>
   </div>
   <div class='ocr_carea' id='block_1_87' title="bbox 2527 4254 4085 4326">
    <p class='ocr_par' dir='ltr' id='par_1_87' title="bbox 2527 4254 4085 4326">
     <span class='ocr_line' id='line_1_87' title="bbox 2527 4254 4085 4326; baseline 0.006 -20"><span class='ocrx_word' id='word_1_645' title='bbox 2527 4254 2873 4309; x_wconf 89' lang='lat' dir='ltr'><strong>dominantis</strong></span> <span class='ocrx_word' id='word_1_646' title='bbox 2903 4264 2959 4309; x_wconf 89' lang='lat' dir='ltr'><strong>ct</strong></span> <span class='ocrx_word' id='word_1_647' title='bbox 2980 4257 3339 4311; x_wconf 90' lang='lat' dir='ltr'><strong>transeuntis.</strong></span> <span class='ocrx_word' id='word_1_648' title='bbox 3369 4254 3498 4310; x_wconf 89' lang='lat' dir='ltr'><strong>Ideo</strong></span> <span class='ocrx_word' id='word_1_649' title='bbox 3532 4266 3772 4326; x_wconf 91' lang='lat' dir='ltr'><strong>quatuor</strong></span> <span class='ocrx_word' id='word_1_650' title='bbox 3793 4260 3946 4315; x_wconf 89' lang='lat' dir='ltr'><strong>subit</strong></span> <span class='ocrx_word' id='word_1_651' title='bbox 3971 4278 4085 4316; x_wconf 87' lang='lat' dir='ltr'><strong>mu-</strong></span> 
     </span>
    </p>
   </div>
   <div class='ocr_carea' id='block_1_88' title="bbox 2525 4346 4085 4422">
    <p class='ocr_par' dir='ltr' id='par_1_88' title="bbox 2525 4346 4085 4422">
     <span class='ocr_line' id='line_1_88' title="bbox 2525 4346 4085 4422; baseline 0.004 -22"><span class='ocrx_word' id='word_1_652' title='bbox 2525 4346 2786 4410; x_wconf 86' lang='lat' dir='ltr'><strong>tationes,</strong></span> <span class='ocrx_word' id='word_1_653' title='bbox 2816 4364 2938 4416; x_wconf 74' lang='lat' dir='ltr'><strong>qua:</strong></span> <span class='ocrx_word' id='word_1_654' title='bbox 2972 4364 3001 4401; x_wconf 86' lang='lat' dir='ltr'><strong>a</strong></span> <span class='ocrx_word' id='word_1_655' title='bbox 3025 4348 3137 4401; x_wconf 89' lang='lat' dir='ltr'><strong>Deo</strong></span> <span class='ocrx_word' id='word_1_656' title='bbox 3165 4357 3251 4402; x_wconf 89' lang='lat' dir='ltr'><strong>est</strong></span> <span class='ocrx_word' id='word_1_657' title='bbox 3278 4348 3427 4414; x_wconf 88' lang='lat' dir='ltr'><strong>luna,</strong></span> <span class='ocrx_word' id='word_1_658' title='bbox 3459 4349 3659 4419; x_wconf 87' lang='lat' dir='ltr'><strong>typice.</strong></span> <span class='ocrx_word' id='word_1_659' title='bbox 3698 4350 3832 4405; x_wconf 85' lang='lat' dir='ltr'><strong>Nam</strong></span> <span class='ocrx_word' id='word_1_660' title='bbox 3860 4354 4085 4422; x_wconf 82' lang='lat' dir='ltr'><strong>quando</strong></span> 
     </span>
    </p>
   </div>
   <div class='ocr_carea' id='block_1_89' title="bbox 2522 4438 4083 4508">
    <p class='ocr_par' dir='ltr' id='par_1_89' title="bbox 2522 4438 4083 4508">
     <span class='ocr_line' id='line_1_89' title="bbox 2522 4438 4083 4508; baseline 0.003 -14"><span class='ocrx_word' id='word_1_661' title='bbox 2522 4440 2675 4494; x_wconf 88' lang='lat' dir='ltr'><strong>venit</strong></span> <span class='ocrx_word' id='word_1_662' title='bbox 2703 4440 2769 4493; x_wconf 86' lang='lat' dir='ltr'><strong>ad</strong></span> <span class='ocrx_word' id='word_1_663' title='bbox 2794 4450 3002 4502; x_wconf 89' lang='lat' dir='ltr'><strong>ortum,</strong></span> <span class='ocrx_word' id='word_1_664' title='bbox 3038 4438 3281 4508; x_wconf 89' lang='lat' dir='ltr'><strong>Spiritus</strong></span> <span class='ocrx_word' id='word_1_665' title='bbox 3324 4449 3549 4494; x_wconf 88' lang='lat' dir='ltr'><strong>sanctus</strong></span> <span class='ocrx_word' id='word_1_666' title='bbox 3589 4456 3708 4495; x_wconf 86' lang='lat' dir='ltr'><strong>eam</strong></span> <span class='ocrx_word' id='word_1_667' title='bbox 3760 4444 3952 4498; x_wconf 89' lang='lat' dir='ltr'><strong>statim</strong></span> <span class='ocrx_word' id='word_1_668' title='bbox 4000 4447 4083 4499; x_wconf 88' lang='lat' dir='ltr'><strong>in-</strong></span> 
     </span>
    </p>
   </div>
   <div class='ocr_carea' id='block_1_90' title="bbox 864 4529 4085 4607">
    <p class='ocr_par' dir='ltr' id='par_1_90' title="bbox 864 4529 4085 4607">
     <span class='ocr_line' id='line_1_90' title="bbox 864 4529 4085 4607; baseline 0.001 -18"><span class='ocrx_word' id='word_1_669' title='bbox 864 4552 1156 4607; x_wconf 81' lang='lat' dir='ltr'><strong>eorporum</strong></span> <span class='ocrx_word' id='word_1_670' title='bbox 1195 4554 1208 4588; x_wconf 91' lang='lat'><strong>:</strong></span> <span class='ocrx_word' id='word_1_671' title='bbox 1242 4535 1359 4589; x_wconf 89' lang='lat' dir='ltr'><strong>sole</strong></span> <span class='ocrx_word' id='word_1_672' title='bbox 1406 4533 1631 4602; x_wconf 90' lang='lat' dir='ltr'><strong>quidem</strong></span> <span class='ocrx_word' id='word_1_673' title='bbox 1673 4532 1990 4586; x_wconf 88' lang='lat' dir='ltr'><strong>dominante</strong></span> <span class='ocrx_word' id='word_1_674' title='bbox 2012 4530 2207 4593; x_wconf 66' lang='lat' dir='ltr'><strong>uastati,</strong></span> <span class='ocrx_word' id='word_1_675' title='bbox 2244 4539 2305 4584; x_wconf 90' lang='lat' dir='ltr'><strong>ut</strong></span> <span class='ocrx_word' id='word_1_676' title='bbox 2325 4529 2418 4598; x_wconf 92' lang='lat' dir='ltr'><strong>qui</strong></span> <span class='ocrx_word' id='word_1_677' title='bbox 2452 4539 2495 4594; x_wconf 80' lang='grc' dir='ltr'><strong>Ι)</strong></span> <span class='ocrx_word' id='word_1_678' title='bbox 2525 4533 2718 4602; x_wconf 87' lang='lat' dir='ltr'><strong>spirat.</strong></span> <span class='ocrx_word' id='word_1_679' title='bbox 2751 4542 3003 4587; x_wconf 90' lang='lat' dir='ltr'><strong>nostrum</strong></span> <span class='ocrx_word' id='word_1_680' title='bbox 3042 4547 3191 4586; x_wconf 85' lang='lat' dir='ltr'><strong>mare</strong></span> <span class='ocrx_word' id='word_1_681' title='bbox 3224 4531 3484 4587; x_wconf 82' lang='lat' dir='ltr'><strong>ﬂuctibus</strong></span> <span class='ocrx_word' id='word_1_682' title='bbox 3512 4549 3621 4587; x_wconf 86' lang='lat' dir='ltr'><strong>non</strong></span> <span class='ocrx_word' id='word_1_683' title='bbox 3649 4536 3865 4604; x_wconf 78' lang='lat' dir='ltr'><strong>agitans</strong></span> <span class='ocrx_word' id='word_1_684' title='bbox 3890 4549 3952 4592; x_wconf 88' lang='lat' dir='ltr'><strong>et</strong></span> <span class='ocrx_word' id='word_1_685' title='bbox 3995 4554 4085 4593; x_wconf 81' lang='lat' dir='ltr'><strong>ex-</strong></span> 
     </span>
    </p>
   </div>
   <div class='ocr_carea' id='block_1_91' title="bbox 865 4618 2423 4692">
    <p class='ocr_par' dir='ltr' id='par_1_91' title="bbox 865 4618 2423 4692">
     <span class='ocr_line' id='line_1_91' title="bbox 865 4618 2423 4692; baseline -0.004 -13"><span class='ocrx_word' id='word_1_686' title='bbox 865 4629 935 4679; x_wconf 90' lang='lat' dir='ltr'><strong>sit</strong></span> <span class='ocrx_word' id='word_1_687' title='bbox 969 4626 1299 4679; x_wconf 87' lang='lat' dir='ltr'><strong>elementum</strong></span> <span class='ocrx_word' id='word_1_688' title='bbox 1326 4623 1557 4686; x_wconf 83' lang='lat' dir='ltr'><strong>siccum,</strong></span> <span class='ocrx_word' id='word_1_689' title='bbox 1594 4622 1646 4675; x_wconf 92' lang='lat' dir='ltr'><strong>in</strong></span> <span class='ocrx_word' id='word_1_690' title='bbox 1668 4631 1854 4692; x_wconf 84' lang='lat' dir='ltr'><strong>typum</strong></span> <span class='ocrx_word' id='word_1_691' title='bbox 1878 4619 2085 4675; x_wconf 90' lang='lat' dir='ltr'><strong>Christi</strong></span> <span class='ocrx_word' id='word_1_692' title='bbox 2115 4619 2210 4689; x_wconf 92' lang='lat' dir='ltr'><strong>qui</strong></span> <span class='ocrx_word' id='word_1_693' title='bbox 2237 4620 2291 4672; x_wconf 91' lang='lat' dir='ltr'><strong>in</strong></span> <span class='ocrx_word' id='word_1_694' title='bbox 2316 4618 2423 4672; x_wconf 91' lang='lat' dir='ltr'><strong>ﬁne</strong></span> 
     </span>
    </p>
   </div>
   <div class='ocr_carea' id='block_1_92' title="bbox 866 4708 2421 4779">
    <p class='ocr_par' dir='ltr' id='par_1_92' title="bbox 866 4708 2421 4779">
     <span class='ocr_line' id='line_1_92' title="bbox 866 4708 2421 4779; baseline -0.005 -10"><span class='ocrx_word' id='word_1_695' title='bbox 866 4717 1062 4771; x_wconf 84' lang='lat' dir='ltr'><strong>messis</strong></span> <span class='ocrx_word' id='word_1_696' title='bbox 1105 4713 1597 4769; x_wconf 83' lang='lat' dir='ltr'><strong>consummationis</strong></span> <span class='ocrx_word' id='word_1_697' title='bbox 1641 4720 1728 4767; x_wconf 89' lang='lat' dir='ltr'><strong>est</strong></span> <span class='ocrx_word' id='word_1_698' title='bbox 1759 4712 2137 4766; x_wconf 83' lang='lat' dir='ltr'><strong>exsiccaturus</strong></span> <span class='ocrx_word' id='word_1_699' title='bbox 2179 4724 2276 4763; x_wconf 88' lang='lat' dir='ltr'><strong>eos</strong></span> <span class='ocrx_word' id='word_1_700' title='bbox 2325 4708 2421 4779; x_wconf 89' lang='lat' dir='ltr'><strong>qui</strong></span> 
     </span>
    </p>
   </div>
   <div class='ocr_carea' id='block_1_93' title="bbox 867 4802 2423 4875">
    <p class='ocr_par' dir='ltr' id='par_1_93' title="bbox 867 4802 2423 4875">
     <span class='ocr_line' id='line_1_93' title="bbox 867 4802 2423 4875; baseline -0.004 -14"><span class='ocrx_word' id='word_1_701' title='bbox 867 4817 995 4861; x_wconf 87' lang='lat' dir='ltr'><strong>sunt</strong></span> <span class='ocrx_word' id='word_1_702' title='bbox 1018 4806 1122 4861; x_wconf 89' lang='lat' dir='ltr'><strong>sub</strong></span> <span class='ocrx_word' id='word_1_703' title='bbox 1154 4816 1398 4875; x_wconf 88' lang='lat' dir='ltr'><strong>peccato,</strong></span> <span class='ocrx_word' id='word_1_704' title='bbox 1434 4805 1603 4859; x_wconf 81' lang='lat' dir='ltr'><strong>ﬂuvio</strong></span> <span class='ocrx_word' id='word_1_705' title='bbox 1649 4804 1811 4874; x_wconf 89' lang='lat' dir='ltr'><strong>igneo</strong></span> <span class='ocrx_word' id='word_1_706' title='bbox 1839 4804 1932 4873; x_wconf 90' lang='lat' dir='ltr'><strong>qui</strong></span> <span class='ocrx_word' id='word_1_707' title='bbox 1964 4802 2205 4857; x_wconf 78' lang='lat' dir='ltr'><strong>trahitur</strong></span> <span class='ocrx_word' id='word_1_708' title='bbox 2234 4818 2302 4857; x_wconf 81' lang='lat' dir='ltr'><strong>ex</strong></span> <span class='ocrx_word' id='word_1_709' title='bbox 2326 4817 2423 4856; x_wconf 90' lang='lat' dir='ltr'><strong>eo-</strong></span> 
     </span>
    </p>
   </div>
   <div class='ocr_carea' id='block_1_94' title="bbox 871 4891 2425 4964">
    <p class='ocr_par' dir='ltr' id='par_1_94' title="bbox 871 4891 2425 4964">
     <span class='ocr_line' id='line_1_94' title="bbox 871 4891 2425 4964; baseline -0.002 -14"><span class='ocrx_word' id='word_1_710' title='bbox 871 4912 991 4950; x_wconf 88' lang='lat' dir='ltr'><strong>rum</strong></span> <span class='ocrx_word' id='word_1_711' title='bbox 1026 4895 1347 4964; x_wconf 86' lang='lat' dir='ltr'><strong>baptismate</strong></span> <span class='ocrx_word' id='word_1_712' title='bbox 1384 4913 1396 4948; x_wconf 89' lang='lat'><strong>:</strong></span> <span class='ocrx_word' id='word_1_713' title='bbox 1426 4894 1570 4949; x_wconf 90' lang='lat' dir='ltr'><strong>unde</strong></span> <span class='ocrx_word' id='word_1_714' title='bbox 1604 4895 1771 4948; x_wconf 88' lang='lat' dir='ltr'><strong>etiam</strong></span> <span class='ocrx_word' id='word_1_715' title='bbox 1813 4894 1893 4948; x_wconf 89' lang='lat' dir='ltr'><strong>sol</strong></span> <span class='ocrx_word' id='word_1_716' title='bbox 1924 4894 2165 4949; x_wconf 76' lang='lat' dir='ltr'><strong>exsiccat</strong></span> <span class='ocrx_word' id='word_1_717' title='bbox 2186 4900 2245 4948; x_wconf 92' lang='lat' dir='ltr'><strong>et</strong></span> <span class='ocrx_word' id='word_1_718' title='bbox 2280 4891 2425 4947; x_wconf 87' lang='lat' dir='ltr'><strong>eale-</strong></span> 
     </span>
    </p>
   </div>
   <div class='ocr_carea' id='block_1_95' title="bbox 865 4986 2419 5056">
    <p class='ocr_par' dir='ltr' id='par_1_95' title="bbox 865 4986 2419 5056">
     <span class='ocr_line' id='line_1_95' title="bbox 865 4986 2419 5056; baseline -0.001 -15"><span class='ocrx_word' id='word_1_719' title='bbox 865 4989 995 5043; x_wconf 84' lang='lat' dir='ltr'><strong>l‘acit</strong></span> <span class='ocrx_word' id='word_1_720' title='bbox 1017 4997 1317 5043; x_wconf 90' lang='lat' dir='ltr'><strong>creaturas.</strong></span> <span class='ocrx_word' id='word_1_721' title='bbox 1348 4987 1501 5041; x_wconf 89' lang='lat' dir='ltr'><strong>Luna</strong></span> <span class='ocrx_word' id='word_1_722' title='bbox 1542 5001 1675 5041; x_wconf 87' lang='lat' dir='ltr'><strong>vero</strong></span> <span class='ocrx_word' id='word_1_723' title='bbox 1704 4986 1938 5041; x_wconf 86' lang='lat' dir='ltr'><strong>habente</strong></span> <span class='ocrx_word' id='word_1_724' title='bbox 1972 4986 2419 5056; x_wconf 86' lang='lat' dir='ltr'><strong>gubernationem</strong></span> 
     </span>
    </p>
   </div>
   <div class='ocr_carea' id='block_1_96' title="bbox 864 5079 2425 5147">
    <p class='ocr_par' dir='ltr' id='par_1_96' title="bbox 864 5079 2425 5147">
     <span class='ocr_line' id='line_1_96' title="bbox 864 5079 2425 5147; baseline 0.001 -16"><span class='ocrx_word' id='word_1_725' title='bbox 864 5088 923 5134; x_wconf 85' lang='lat' dir='ltr'><strong>et</strong></span> <span class='ocrx_word' id='word_1_726' title='bbox 957 5081 1488 5135; x_wconf 88' lang='lat' dir='ltr'><strong>administrationem</strong></span> <span class='ocrx_word' id='word_1_727' title='bbox 1535 5079 1879 5133; x_wconf 90' lang='lat' dir='ltr'><strong>auctoritatis</strong></span> <span class='ocrx_word' id='word_1_728' title='bbox 1908 5094 2062 5147; x_wconf 80' lang='lat' dir='ltr'><strong>aqua:</strong></span> <span class='ocrx_word' id='word_1_729' title='bbox 2093 5087 2149 5132; x_wconf 90' lang='lat' dir='ltr'><strong>et</strong></span> <span class='ocrx_word' id='word_1_730' title='bbox 2187 5079 2425 5147; x_wconf 89' lang='lat' dir='ltr'><strong>Spiritus</strong></span> 
     </span>
    </p>
   </div>
   <div class='ocr_carea' id='block_1_97' title="bbox 866 5169 2423 5240">
    <p class='ocr_par' dir='ltr' id='par_1_97' title="bbox 866 5169 2423 5240">
     <span class='ocr_line' id='line_1_97' title="bbox 866 5169 2423 5240; baseline -0.002 -15"><span class='ocrx_word' id='word_1_731' title='bbox 866 5171 1061 5234; x_wconf 87' lang='lat' dir='ltr'><strong>sancti,</strong></span> <span class='ocrx_word' id='word_1_732' title='bbox 1087 5172 1181 5240; x_wconf 92' lang='lat' dir='ltr'><strong>qui</strong></span> <span class='ocrx_word' id='word_1_733' title='bbox 1212 5188 1242 5225; x_wconf 88' lang='lat' dir='ltr'><strong>a</strong></span> <span class='ocrx_word' id='word_1_734' title='bbox 1277 5170 1495 5225; x_wconf 82' lang='lat' dir='ltr'><strong>Christo</strong></span> <span class='ocrx_word' id='word_1_735' title='bbox 1518 5169 1775 5224; x_wconf 74' lang='lat' dir='ltr'><strong>Ecclesia:</strong></span> <span class='ocrx_word' id='word_1_736' title='bbox 1806 5178 2061 5238; x_wconf 89' lang='lat' dir='ltr'><strong>tanquam</strong></span> <span class='ocrx_word' id='word_1_737' title='bbox 2087 5170 2228 5223; x_wconf 56' lang='lat' dir='ltr'><strong>lunae</strong></span> <span class='ocrx_word' id='word_1_738' title='bbox 2256 5170 2423 5223; x_wconf 86' lang='lat' dir='ltr'><strong>dona-</strong></span> 
     </span>
    </p>
   </div>
   <div class='ocr_carea' id='block_1_98' title="bbox 870 5257 2423 5329">
    <p class='ocr_par' dir='ltr' id='par_1_98' title="bbox 870 5257 2423 5329">
     <span class='ocr_line' id='line_1_98' title="bbox 870 5257 2423 5329; baseline 0.001 -19"><span class='ocrx_word' id='word_1_739' title='bbox 870 5270 955 5314; x_wconf 80' lang='lat' dir='ltr'><strong>tus</strong></span> <span class='ocrx_word' id='word_1_740' title='bbox 970 5268 1121 5314; x_wconf 88' lang='lat' dir='ltr'><strong>estet</strong></span> <span class='ocrx_word' id='word_1_741' title='bbox 1141 5260 1405 5324; x_wconf 89' lang='lat' dir='ltr'><strong>creditus,</strong></span> <span class='ocrx_word' id='word_1_742' title='bbox 1427 5274 1547 5329; x_wconf 77' lang='lat' dir='ltr'><strong>qua:</strong></span> <span class='ocrx_word' id='word_1_743' title='bbox 1566 5259 1709 5313; x_wconf 69' lang='lat' dir='ltr'><strong>lunae</strong></span> <span class='ocrx_word' id='word_1_744' title='bbox 1730 5257 1855 5312; x_wconf 90' lang='lat' dir='ltr'><strong>data</strong></span> <span class='ocrx_word' id='word_1_745' title='bbox 1878 5268 1964 5313; x_wconf 91' lang='lat' dir='ltr'><strong>est</strong></span> <span class='ocrx_word' id='word_1_746' title='bbox 1988 5269 2247 5327; x_wconf 82' lang='lat' dir='ltr'><strong>tanquam</strong></span> <span class='ocrx_word' id='word_1_747' title='bbox 2262 5259 2423 5313; x_wconf 84' lang='lat' dir='ltr'><strong>Chri-</strong></span> 
     </span>
    </p>
   </div>
   <div class='ocr_carea' id='block_1_99' title="bbox 868 5352 2421 5421">
    <p class='ocr_par' dir='ltr' id='par_1_99' title="bbox 868 5352 2421 5421">
     <span class='ocr_line' id='line_1_99' title="bbox 868 5352 2421 5421; baseline 0 -16"><span class='ocrx_word' id='word_1_748' title='bbox 868 5362 1005 5417; x_wconf 86' lang='lat' dir='ltr'><strong>stus,</strong></span> <span class='ocrx_word' id='word_1_749' title='bbox 1040 5360 1096 5405; x_wconf 89' lang='lat' dir='ltr'><strong>ct</strong></span> <span class='ocrx_word' id='word_1_750' title='bbox 1141 5352 1350 5406; x_wconf 87' lang='lat' dir='ltr'><strong>credita</strong></span> <span class='ocrx_word' id='word_1_751' title='bbox 1378 5353 1447 5406; x_wconf 89' lang='lat' dir='ltr'><strong>ad</strong></span> <span class='ocrx_word' id='word_1_752' title='bbox 1483 5359 1809 5421; x_wconf 87' lang='lat' dir='ltr'><strong>potestatem</strong></span> <span class='ocrx_word' id='word_1_753' title='bbox 1846 5360 1904 5405; x_wconf 90' lang='lat' dir='ltr'><strong>et</strong></span> <span class='ocrx_word' id='word_1_754' title='bbox 1947 5352 2421 5421; x_wconf 86' lang='lat' dir='ltr'><strong>gubernationem,</strong></span> 
     </span>
    </p>
   </div>
   <div class='ocr_carea' id='block_1_100' title="bbox 870 5443 2422 5514">
    <p class='ocr_par' dir='ltr' id='par_1_100' title="bbox 870 5443 2422 5514">
     <span class='ocr_line' id='line_1_100' title="bbox 870 5443 2422 5514; baseline 0 -19"><span class='ocrx_word' id='word_1_755' title='bbox 870 5454 930 5498; x_wconf 89' lang='lat' dir='ltr'><strong>ut</strong></span> <span class='ocrx_word' id='word_1_756' title='bbox 958 5459 1057 5496; x_wconf 90' lang='lat' dir='ltr'><strong>nos</strong></span> <span class='ocrx_word' id='word_1_757' title='bbox 1092 5459 1190 5513; x_wconf 88' lang='lat' dir='ltr'><strong>per</strong></span> <span class='ocrx_word' id='word_1_758' title='bbox 1219 5443 1389 5512; x_wconf 88' lang='lat' dir='ltr'><strong>ipsam</strong></span> <span class='ocrx_word' id='word_1_759' title='bbox 1421 5458 1748 5514; x_wconf 86' lang='lat' dir='ltr'><strong>generemur</strong></span> <span class='ocrx_word' id='word_1_760' title='bbox 1784 5452 1841 5497; x_wconf 91' lang='lat' dir='ltr'><strong>et</strong></span> <span class='ocrx_word' id='word_1_761' title='bbox 1870 5458 2276 5511; x_wconf 83' lang='lat' dir='ltr'><strong>regenercmur,</strong></span> <span class='ocrx_word' id='word_1_762' title='bbox 2324 5443 2422 5497; x_wconf 79' lang='lat' dir='ltr'><strong>do-</strong></span> 
     </span>
    </p>
   </div>
   <div class='ocr_carea' id='block_1_101' title="bbox 871 5536 2427 5606">
    <p class='ocr_par' dir='ltr' id='par_1_101' title="bbox 871 5536 2427 5606">
     <span class='ocr_line' id='line_1_101' title="bbox 871 5536 2427 5606; baseline 0.004 -19"><span class='ocrx_word' id='word_1_763' title='bbox 871 5552 971 5588; x_wconf 84' lang='lat' dir='ltr'><strong>nec</strong></span> <span class='ocrx_word' id='word_1_764' title='bbox 996 5544 1247 5606; x_wconf 85' lang='lat' dir='ltr'><strong>promota</strong></span> <span class='ocrx_word' id='word_1_765' title='bbox 1266 5536 1338 5589; x_wconf 87' lang='lat' dir='ltr'><strong>sit</strong></span> <span class='ocrx_word' id='word_1_766' title='bbox 1368 5548 1423 5590; x_wconf 90' lang='lat' dir='ltr'><strong>ct</strong></span> <span class='ocrx_word' id='word_1_767' title='bbox 1445 5536 1771 5605; x_wconf 72' lang='lat' dir='ltr'><strong>prmterierit</strong></span> <span class='ocrx_word' id='word_1_768' title='bbox 1809 5553 1915 5590; x_wconf 83' lang='lat' dir='ltr'><strong>nox</strong></span> <span class='ocrx_word' id='word_1_769' title='bbox 1940 5537 2101 5606; x_wconf 88' lang='lat' dir='ltr'><strong>hujus</strong></span> <span class='ocrx_word' id='word_1_770' title='bbox 2135 5538 2339 5601; x_wconf 61' lang='lat' dir='ltr'><strong>seaculi,</strong></span> <span class='ocrx_word' id='word_1_771' title='bbox 2371 5547 2427 5593; x_wconf 85' lang='lat' dir='ltr'><strong>et</strong></span> 
     </span>
    </p>
   </div>
   <div class='ocr_carea' id='block_1_102' title="bbox 870 5628 2427 5700">
    <p class='ocr_par' dir='ltr' id='par_1_102' title="bbox 870 5628 2427 5700">
     <span class='ocr_line' id='line_1_102' title="bbox 870 5628 2427 5700; baseline 0.003 -21"><span class='ocrx_word' id='word_1_772' title='bbox 870 5643 1060 5681; x_wconf 81' lang='lat' dir='ltr'><strong>rursus</strong></span> <span class='ocrx_word' id='word_1_773' title='bbox 1085 5636 1309 5682; x_wconf 76' lang='lat' dir='ltr'><strong>exortus</strong></span> <span class='ocrx_word' id='word_1_774' title='bbox 1334 5628 1497 5683; x_wconf 81' lang='lat' dir='ltr'><strong>fuerit</strong></span> <span class='ocrx_word' id='word_1_775' title='bbox 1518 5630 1767 5685; x_wconf 87' lang='lat' dir='ltr'><strong>Christus</strong></span> <span class='ocrx_word' id='word_1_776' title='bbox 1786 5631 1864 5684; x_wconf 91' lang='lat' dir='ltr'><strong>sol</strong></span> <span class='ocrx_word' id='word_1_777' title='bbox 1882 5630 2128 5700; x_wconf 67' lang='lat' dir='ltr'><strong>justitim.</strong></span> <span class='ocrx_word' id='word_1_778' title='bbox 2153 5633 2306 5697; x_wconf 80' lang='lat' dir='ltr'><strong>Quod</strong></span> <span class='ocrx_word' id='word_1_779' title='bbox 2331 5648 2427 5686; x_wconf 80' lang='lat' dir='ltr'><strong>au-</strong></span> 
     </span>
    </p>
   </div>
   <div class='ocr_carea' id='block_1_103' title="bbox 945 5798 1437 5856">
    <p class='ocr_par' dir='ltr' id='par_1_103' title="bbox 945 5798 1437 5856">
     <span class='ocr_line' id='line_1_103' title="bbox 945 5798 1437 5856; baseline 0.006 -6"><span class='ocrx_word' id='word_1_780' title='bbox 945 5798 988 5828; x_wconf 72' lang='lat'><strong><em>&quot;</em></strong></span> <span class='ocrx_word' id='word_1_781' title='bbox 1024 5798 1218 5856; x_wconf 77' lang='lat' dir='ltr'><strong>llabac.</strong></span> <span class='ocrx_word' id='word_1_782' title='bbox 1255 5818 1329 5854; x_wconf 89' lang='grc' dir='ltr'>ιιι.</span> <span class='ocrx_word' id='word_1_783' title='bbox 1363 5804 1437 5855; x_wconf 90' lang='lat' dir='ltr'><strong>ll.</strong></span> 
     </span>
    </p>
   </div>
   <div class='ocr_carea' id='block_1_104' title="bbox 2524 4626 4084 4699">
    <p class='ocr_par' dir='ltr' id='par_1_104' title="bbox 2524 4626 4084 4699">
     <span class='ocr_line' id='line_1_104' title="bbox 2524 4626 4084 4699; baseline 0.006 -20"><span class='ocrx_word' id='word_1_784' title='bbox 2524 4626 2724 4684; x_wconf 90' lang='lat' dir='ltr'><strong>citans.</strong></span> <span class='ocrx_word' id='word_1_785' title='bbox 2770 4626 2865 4680; x_wconf 88' lang='lat' dir='ltr'><strong>sed</strong></span> <span class='ocrx_word' id='word_1_786' title='bbox 2897 4627 3257 4696; x_wconf 88' lang='lat' dir='ltr'><strong>tranquillum</strong></span> <span class='ocrx_word' id='word_1_787' title='bbox 3284 4629 3472 4699; x_wconf 86' lang='lat' dir='ltr'><strong>potius</strong></span> <span class='ocrx_word' id='word_1_788' title='bbox 3494 4629 3752 4694; x_wconf 88' lang='lat' dir='ltr'><strong>reddens,</strong></span> <span class='ocrx_word' id='word_1_789' title='bbox 3802 4640 3859 4685; x_wconf 91' lang='lat' dir='ltr'><strong>et</strong></span> <span class='ocrx_word' id='word_1_790' title='bbox 3891 4641 3954 4687; x_wconf 89' lang='lat' dir='ltr'><strong>ut</strong></span> <span class='ocrx_word' id='word_1_791' title='bbox 4001 4649 4084 4687; x_wconf 81' lang='lat' dir='ltr'><strong>se—</strong></span> 
     </span>
    </p>
   </div>
   <div class='ocr_carea' id='block_1_105' title="bbox 2519 4717 4084 4793">
    <p class='ocr_par' dir='ltr' id='par_1_105' title="bbox 2519 4717 4084 4793">
     <span class='ocr_line' id='line_1_105' title="bbox 2519 4717 4084 4793; baseline 0.006 -23"><span class='ocrx_word' id='word_1_792' title='bbox 2519 4717 2702 4771; x_wconf 91' lang='lat' dir='ltr'><strong>cundo</strong></span> <span class='ocrx_word' id='word_1_793' title='bbox 2726 4727 2891 4771; x_wconf 90' lang='lat' dir='ltr'><strong>vento</strong></span> <span class='ocrx_word' id='word_1_794' title='bbox 2916 4718 3237 4788; x_wconf 88' lang='lat' dir='ltr'><strong>uavigemus</strong></span> <span class='ocrx_word' id='word_1_795' title='bbox 3268 4735 3371 4774; x_wconf 88' lang='lat' dir='ltr'><strong>nos</strong></span> <span class='ocrx_word' id='word_1_796' title='bbox 3400 4735 3723 4789; x_wconf 83' lang='lat' dir='ltr'><strong>provocans.</strong></span> <span class='ocrx_word' id='word_1_797' title='bbox 3762 4721 3820 4777; x_wconf 92' lang='lat' dir='ltr'><strong>ln</strong></span> <span class='ocrx_word' id='word_1_798' title='bbox 3844 4724 4084 4793; x_wconf 86' lang='lat' dir='ltr'><strong>septimo</strong></span> 
     </span>
    </p>
   </div>
   <div class='ocr_carea' id='block_1_106' title="bbox 2518 4808 4083 4883">
    <p class='ocr_par' dir='ltr' id='par_1_106' title="bbox 2518 4808 4083 4883">
     <span class='ocr_line' id='line_1_106' title="bbox 2518 4808 4083 4883; baseline 0.006 -22"><span class='ocrx_word' id='word_1_799' title='bbox 2518 4816 2702 4862; x_wconf 88' lang='lat' dir='ltr'><strong>autem</strong></span> <span class='ocrx_word' id='word_1_800' title='bbox 2727 4808 2817 4862; x_wconf 89' lang='lat' dir='ltr'><strong>die</strong></span> <span class='ocrx_word' id='word_1_801' title='bbox 2850 4809 3195 4863; x_wconf 87' lang='lat' dir='ltr'><strong>nascentium</strong></span> <span class='ocrx_word' id='word_1_802' title='bbox 3238 4810 3553 4875; x_wconf 82' lang='lat' dir='ltr'><strong>infantium,</strong></span> <span class='ocrx_word' id='word_1_803' title='bbox 3601 4813 3832 4883; x_wconf 89' lang='lat' dir='ltr'><strong>inspirat</strong></span> <span class='ocrx_word' id='word_1_804' title='bbox 3856 4827 4083 4872; x_wconf 88' lang='lat' dir='ltr'><strong>ventum</strong></span> 
     </span>
    </p>
   </div>
   <div class='ocr_carea' id='block_1_107' title="bbox 2520 4900 4085 4973">
    <p class='ocr_par' dir='ltr' id='par_1_107' title="bbox 2520 4900 4085 4973">
     <span class='ocr_line' id='line_1_107' title="bbox 2520 4900 4085 4973; baseline 0.006 -20"><span class='ocrx_word' id='word_1_805' title='bbox 2520 4900 2614 4968; x_wconf 92' lang='lat' dir='ltr'><strong>qui</strong></span> <span class='ocrx_word' id='word_1_806' title='bbox 2647 4900 3005 4969; x_wconf 89' lang='lat' dir='ltr'><strong>persequitur</strong></span> <span class='ocrx_word' id='word_1_807' title='bbox 3042 4902 3277 4971; x_wconf 75' lang='lat' dir='ltr'><strong>Spiritus</strong></span> <span class='ocrx_word' id='word_1_808' title='bbox 3329 4905 3609 4973; x_wconf 69' lang='lat' dir='ltr'><strong>nequitiae,</strong></span> <span class='ocrx_word' id='word_1_809' title='bbox 3651 4920 3858 4973; x_wconf 87' lang='lat' dir='ltr'><strong>eosque</strong></span> <span class='ocrx_word' id='word_1_810' title='bbox 3904 4907 3962 4961; x_wconf 89' lang='lat' dir='ltr'><strong>in</strong></span> <span class='ocrx_word' id='word_1_811' title='bbox 3994 4925 4085 4963; x_wconf 55' lang='lat' dir='ltr'><strong>ve-</strong></span> 
     </span>
    </p>
   </div>
   <div class='ocr_carea' id='block_1_108' title="bbox 2521 4992 4085 5070">
    <p class='ocr_par' dir='ltr' id='par_1_108' title="bbox 2521 4992 4085 5070">
     <span class='ocr_line' id='line_1_108' title="bbox 2521 4992 4085 5070; baseline 0.006 -25"><span class='ocrx_word' id='word_1_812' title='bbox 2521 4992 2743 5046; x_wconf 90' lang='lat' dir='ltr'><strong>stibulis</strong></span> <span class='ocrx_word' id='word_1_813' title='bbox 2787 4993 3063 5047; x_wconf 88' lang='lat' dir='ltr'><strong>catecbesi</strong></span> <span class='ocrx_word' id='word_1_814' title='bbox 3118 4994 3301 5049; x_wconf 89' lang='lat' dir='ltr'><strong>initiat</strong></span> <span class='ocrx_word' id='word_1_815' title='bbox 3335 5006 3391 5049; x_wconf 88' lang='lat' dir='ltr'><strong>et</strong></span> <span class='ocrx_word' id='word_1_816' title='bbox 3427 4995 3668 5049; x_wconf 84' lang='lat' dir='ltr'><strong>insumat</strong></span> <span class='ocrx_word' id='word_1_817' title='bbox 3700 4998 3917 5051; x_wconf 84' lang='lat' dir='ltr'><strong>veniam</strong></span> <span class='ocrx_word' id='word_1_818' title='bbox 3963 5016 4085 5070; x_wconf 79' lang='lat' dir='ltr'><strong>qua:</strong></span> 
     </span>
    </p>
   </div>
   <div class='ocr_carea' id='block_1_109' title="bbox 2523 5083 4083 5159">
    <p class='ocr_par' dir='ltr' id='par_1_109' title="bbox 2523 5083 4083 5159">
     <span class='ocr_line' id='line_1_109' title="bbox 2523 5083 4083 5159; baseline 0.007 -24"><span class='ocrx_word' id='word_1_819' title='bbox 2523 5085 2765 5153; x_wconf 79' lang='lat' dir='ltr'><strong>expellat</strong></span> <span class='ocrx_word' id='word_1_820' title='bbox 2815 5083 3092 5138; x_wconf 68' lang='lat' dir='ltr'><strong>daemones</strong></span> <span class='ocrx_word' id='word_1_821' title='bbox 3129 5085 3223 5154; x_wconf 92' lang='lat' dir='ltr'><strong>qui</strong></span> <span class='ocrx_word' id='word_1_822' title='bbox 3275 5086 3587 5141; x_wconf 89' lang='lat' dir='ltr'><strong>inhabitant</strong></span> <span class='ocrx_word' id='word_1_823' title='bbox 3636 5087 3691 5142; x_wconf 83' lang='lat' dir='ltr'><strong>in</strong></span> <span class='ocrx_word' id='word_1_824' title='bbox 3724 5092 4083 5159; x_wconf 82' lang='lat' dir='ltr'><strong>generatione</strong></span> 
     </span>
    </p>
   </div>
   <div class='ocr_carea' id='block_1_110' title="bbox 2523 5173 4079 5246">
    <p class='ocr_par' dir='ltr' id='par_1_110' title="bbox 2523 5173 4079 5246">
     <span class='ocr_line' id='line_1_110' title="bbox 2523 5173 4079 5246; baseline 0.006 -20"><span class='ocrx_word' id='word_1_825' title='bbox 2523 5174 2755 5241; x_wconf 90' lang='lat' dir='ltr'><strong>peccati.</strong></span> <span class='ocrx_word' id='word_1_826' title='bbox 2799 5173 3029 5240; x_wconf 87' lang='lat' dir='ltr'><strong>Quando</strong></span> <span class='ocrx_word' id='word_1_827' title='bbox 3052 5184 3233 5229; x_wconf 86' lang='lat' dir='ltr'><strong>autem</strong></span> <span class='ocrx_word' id='word_1_828' title='bbox 3269 5177 3466 5239; x_wconf 85' lang='lat' dir='ltr'><strong>crevit,</strong></span> <span class='ocrx_word' id='word_1_829' title='bbox 3503 5178 3717 5246; x_wconf 84' lang='lat' dir='ltr'><strong>spirant</strong></span> <span class='ocrx_word' id='word_1_830' title='bbox 3752 5178 3807 5232; x_wconf 92' lang='lat' dir='ltr'><strong>in</strong></span> <span class='ocrx_word' id='word_1_831' title='bbox 3840 5183 4079 5235; x_wconf 78' lang='lat' dir='ltr'><strong>taedium</strong></span> 
     </span>
    </p>
   </div>
   <div class='ocr_carea' id='block_1_111' title="bbox 2521 5265 4080 5337">
    <p class='ocr_par' dir='ltr' id='par_1_111' title="bbox 2521 5265 4080 5337">
     <span class='ocr_line' id='line_1_111' title="bbox 2521 5265 4080 5337; baseline 0.007 -22"><span class='ocrx_word' id='word_1_832' title='bbox 2521 5265 2662 5333; x_wconf 87' lang='lat' dir='ltr'><strong>ejus,</strong></span> <span class='ocrx_word' id='word_1_833' title='bbox 2697 5275 2752 5317; x_wconf 90' lang='lat' dir='ltr'><strong>et</strong></span> <span class='ocrx_word' id='word_1_834' title='bbox 2784 5266 2904 5335; x_wconf 87' lang='lat' dir='ltr'><strong>ejus</strong></span> <span class='ocrx_word' id='word_1_835' title='bbox 2938 5266 3287 5319; x_wconf 90' lang='lat' dir='ltr'><strong>alumnorum</strong></span> <span class='ocrx_word' id='word_1_836' title='bbox 3337 5266 3430 5336; x_wconf 87' lang='lat' dir='ltr'><strong>qui</strong></span> <span class='ocrx_word' id='word_1_837' title='bbox 3461 5266 3679 5337; x_wconf 89' lang='lat' dir='ltr'><strong>abrupti</strong></span> <span class='ocrx_word' id='word_1_838' title='bbox 3728 5281 3859 5325; x_wconf 91' lang='lat' dir='ltr'><strong>sunt</strong></span> <span class='ocrx_word' id='word_1_839' title='bbox 3906 5286 3937 5324; x_wconf 88' lang='lat' dir='ltr'><strong>a</strong></span> <span class='ocrx_word' id='word_1_840' title='bbox 3986 5288 4080 5326; x_wconf 89' lang='lat' dir='ltr'><strong>sua</strong></span> 
     </span>
    </p>
   </div>
   <div class='ocr_carea' id='block_1_112' title="bbox 2521 5355 4081 5430">
    <p class='ocr_par' dir='ltr' id='par_1_112' title="bbox 2521 5355 4081 5430">
     <span class='ocr_line' id='line_1_112' title="bbox 2521 5355 4081 5430; baseline 0.005 -22"><span class='ocrx_word' id='word_1_841' title='bbox 2521 5355 2856 5425; x_wconf 88' lang='lat' dir='ltr'><strong>integritate,</strong></span> <span class='ocrx_word' id='word_1_842' title='bbox 2914 5366 2971 5410; x_wconf 87' lang='lat' dir='ltr'><strong>et</strong></span> <span class='ocrx_word' id='word_1_843' title='bbox 3018 5357 3332 5411; x_wconf 81' lang='lat' dir='ltr'><strong>dilexerunt</strong></span> <span class='ocrx_word' id='word_1_844' title='bbox 3381 5358 3796 5414; x_wconf 87' lang='lat' dir='ltr'><strong>decrementum</strong></span> <span class='ocrx_word' id='word_1_845' title='bbox 3832 5362 3957 5430; x_wconf 85' lang='lat' dir='ltr'><strong>ejus</strong></span> <span class='ocrx_word' id='word_1_846' title='bbox 4003 5364 4081 5416; x_wconf 85' lang='lat' dir='ltr'><strong>ln-</strong></span> 
     </span>
    </p>
   </div>
   <div class='ocr_carea' id='block_1_113' title="bbox 2524 5448 4079 5524">
    <p class='ocr_par' dir='ltr' id='par_1_113' title="bbox 2524 5448 4079 5524">
     <span class='ocr_line' id='line_1_113' title="bbox 2524 5448 4079 5524; baseline 0.005 -24"><span class='ocrx_word' id='word_1_847' title='bbox 2524 5448 2769 5513; x_wconf 90' lang='lat' dir='ltr'><strong>minum,</strong></span> <span class='ocrx_word' id='word_1_848' title='bbox 2817 5450 3048 5519; x_wconf 85' lang='lat' dir='ltr'><strong>spiritus</strong></span> <span class='ocrx_word' id='word_1_849' title='bbox 3097 5449 3386 5515; x_wconf 65' lang='lat' dir='ltr'><strong>hazresum,</strong></span> <span class='ocrx_word' id='word_1_850' title='bbox 3449 5466 3560 5521; x_wconf 92' lang='lat' dir='ltr'><strong>quo</strong></span> <span class='ocrx_word' id='word_1_851' title='bbox 3598 5460 3848 5521; x_wconf 86' lang='lat' dir='ltr'><strong>tempore</strong></span> <span class='ocrx_word' id='word_1_852' title='bbox 3888 5454 4079 5524; x_wconf 88' lang='lat' dir='ltr'><strong>incipit</strong></span> 
     </span>
    </p>
   </div>
   <div class='ocr_carea' id='block_1_114' title="bbox 2522 5540 4077 5614">
    <p class='ocr_par' dir='ltr' id='par_1_114' title="bbox 2522 5540 4077 5614">
     <span class='ocr_line' id='line_1_114' title="bbox 2522 5540 4077 5614; baseline 0.004 -21"><span class='ocrx_word' id='word_1_853' title='bbox 2522 5540 2688 5594; x_wconf 87' lang='lat' dir='ltr'><strong>etiam</strong></span> <span class='ocrx_word' id='word_1_854' title='bbox 2720 5541 3063 5597; x_wconf 88' lang='lat' dir='ltr'><strong>decrescere.</strong></span> <span class='ocrx_word' id='word_1_855' title='bbox 3100 5542 3158 5596; x_wconf 91' lang='lat' dir='ltr'><strong>ln</strong></span> <span class='ocrx_word' id='word_1_856' title='bbox 3186 5542 3428 5612; x_wconf 80' lang='lat' dir='ltr'><strong>perfecta</strong></span> <span class='ocrx_word' id='word_1_857' title='bbox 3464 5553 3650 5599; x_wconf 87' lang='lat' dir='ltr'><strong>autem</strong></span> <span class='ocrx_word' id='word_1_858' title='bbox 3704 5545 3826 5614; x_wconf 83' lang='lat' dir='ltr'><strong>ejus</strong></span> <span class='ocrx_word' id='word_1_859' title='bbox 3868 5555 4077 5600; x_wconf 82' lang='lat' dir='ltr'><strong>contra-</strong></span> 
     </span>
    </p>
   </div>
   <div class='ocr_carea' id='block_1_115' title="bbox 2525 5633 4072 5705">
    <p class='ocr_par' dir='ltr' id='par_1_115' title="bbox 2525 5633 4072 5705">
     <span class='ocr_line' id='line_1_115' title="bbox 2525 5633 4072 5705; baseline 0.001 -19"><span class='ocrx_word' id='word_1_860' title='bbox 2525 5633 2710 5688; x_wconf 91' lang='lat' dir='ltr'><strong>ctione</strong></span> <span class='ocrx_word' id='word_1_861' title='bbox 2743 5643 2799 5687; x_wconf 87' lang='lat' dir='ltr'><strong>et</strong></span> <span class='ocrx_word' id='word_1_862' title='bbox 2834 5633 3072 5701; x_wconf 83' lang='lat' dir='ltr'><strong>defectu,</strong></span> <span class='ocrx_word' id='word_1_863' title='bbox 3102 5635 3322 5705; x_wconf 88' lang='lat' dir='ltr'><strong>quando</strong></span> <span class='ocrx_word' id='word_1_864' title='bbox 3348 5645 3434 5690; x_wconf 81' lang='lat' dir='ltr'><strong>est</strong></span> <span class='ocrx_word' id='word_1_865' title='bbox 3477 5636 3809 5691; x_wconf 78' lang='lat' dir='ltr'><strong>universitas</strong></span> <span class='ocrx_word' id='word_1_866' title='bbox 3848 5647 4072 5692; x_wconf 78' lang='lat' dir='ltr'><strong>ventura</strong></span> 
     </span>
    </p>
   </div>
  </div>
