4200 6440
170 364 278 427 9ὓ5

1232 372 1311 430 ΙΝ
1352 370 1895 434 ΠΕΧΑΕΜΕΒΟΝ.
1928 400 1993 409 -
2032 378 2170 436 LIB.
2211 379 2305 439 IV.

3310 387 3414 450 906

168 481 230 533 in
260 480 537 551 judicium
560 522 575 544 ,
624 492 757 536 tunc
789 481 1027 551 spirabit
1054 482 1298 538 exitialis
1345 486 1597 554 spiritus,
1638 504 1747 542 non
1781 514 1821 564 Α
1855 489 2083 552 tionem,
2115 503 2170 546 et
2195 493 2364 547 vitatu
2394 510 2517 563 qua:
2540 506 2623 550 est
2651 511 2749 565 per
2776 511 2977 566 aquam
3021 508 3076 554 et
3109 501 3365 570 spiritum
3396 523 3410 560 :

167 571 241 624 ab
276 573 397 640 ipsa
434 582 644 635 autem,
680 584 774 627 aut
804 591 900 643 per
937 575 1131 644 ipsam,
1161 577 1523 639 labefactans,
1556 580 1598 632 si
1634 581 1748 633 lieri

165 666 374 732 possit,
412 667 579 719 etiam
616 666 765 735 ipsos
788 669 1017 722 electos.
1060 669 1153 723 Sic
1186 671 1315 724 luna
1341 671 1537 740 tigurat
1562 673 1752 726 Eccle-

165 756 309 807 siam
349 772 365 808 :
403 758 548 809 unde.
591 759 757 811 etiam
792 760 879 813 lus
931 778 1072 813 nova
1119 761 1327 817 dicitur
1374 772 1532 819 ortus
1582 766 1746 831 lunas,

164 859 405 917 prepter
439 854 914 917 regenerationem
938 870 1134 909 eorum
1169 858 1262 926 qui
1300 874 1497 912 recens
1544 859 1749 913 illumi-

164 944 420 998 nantur,
472 955 592 1006 qua:
636 952 906 1009 perpetuo
964 954 1259 1011 generatur
1285 955 1342 999 et
1391 959 1748 1015 regeneratur

164 1028 314 1081 sicut
349 1030 504 1091 luna,
544 1048 717 1101 usque
744 1034 809 1087 ad
842 1038 1383 1092 consummationem
1421 1041 1628 1094 szeeuli.
1657 1040 1747 1094 Si-

164 1123 234 1174 tit
267 1133 464 1176 auteui
503 1127 733 1180 omnino
766 1138 822 1181 et
850 1140 974 1183 avet
1010 1132 1255 1198 prudens
1298 1134 1519 1187 auditor
1555 1150 1747 1189 rursus

160 1214 388 1268 discere
434 1217 503 1268 de
536 1217 757 1273 duabus
811 1222 942 1275 solis
979 1225 1351 1292 potestatibus
1376 1265 1389 1287 ,
1442 1242 1643 1295 nempe
1679 1227 1747 1280 de

161 1307 355 1358 calido
389 1318 447 1360 ct
469 1310 640 1371 sicco,
671 1320 727 1365 et
748 1315 1214 1380 quemadmodum
1239 1333 1301 1371 ea
1340 1318 1653 1371 referantur
1676 1318 1745 1373 ad

161 1398 477 1452 Christum.
532 1402 783 1458 Calidum
827 1418 1011 1459 autem
1053 1418 1109 1461 et
1144 1412 1350 1463 siccum
1398 1411 1741 1467 elementum

159 1502 251 1543 est
273 1491 443 1559 ignis,
473 1494 552 1547 sic
585 1504 727 1549 terra
756 1508 840 1553 est
876 1501 1039 1553 etiam
1077 1502 1222 1556 sicca
1257 1513 1314 1556 ct
1344 1503 1541 1572 frigida
1571 1523 1583 1557 :
1619 1520 1744 1560 nam

159 1598 230 1636 ea
269 1601 493 1653 quoque
534 1601 620 1643 est
664 1590 964 1658 injicienda
997 1605 1225 1663 preptcr
1268 1596 1322 1650 id
1366 1598 1511 1665 quod
1542 1607 1625 1653 cst
1656 1599 1743 1653 di-

158 1676 433 1731 cendum.
466 1680 794 1750 Quicunque
824 1700 956 1754 ergo
1002 1690 1308 1756 perfectum
1340 1691 1512 1744 Deum
1536 1702 1592 1745 ct
1625 1708 1745 1762 pcr-

157 1768 373 1823 fectum
406 1771 685 1827 hominem
720 1775 997 1832 Christum
1023 1796 1145 1834 esse
1176 1782 1455 1837 credimus
1485 1824 1499 1847 ,
1556 1785 1738 1853 ignem

1849 580 2007 647 cujus
2039 582 2167 637 ltitia
2219 593 2520 646 estcausa,
2573 587 2897 642 deseribens
2952 591 3184 659 gratiam
3230 595 3413 667 bapti-

1850 670 2062 723 smatis.
2092 672 2225 741 Ejus
2257 684 2440 728 autem
2467 677 2614 745 quod
2642 679 2766 733 dico
2794 679 2863 734 de
2894 696 2958 734 ea
2993 682 3105 736 vita
3153 695 3210 739 ct
3250 704 3415 753 gene-

1851 760 2067 813 ratione
2097 774 2154 816 et
2181 765 2602 833 regenerationc
2638 783 2735 834 per
2787 754 2987 837 aqu-ant
3036 778 3094 825 et
3134 772 3412 839 spiritum,

1850 850 1968 919 ipsc
2008 852 2152 907 Deus
2190 855 2425 909 Verbum
2468 856 2631 911 ﬁdem
2660 858 2811 923 facit,
2869 862 3063 915 dicens
3100 880 3111 914 :
3146 864 3263 918 Nisi
3300 870 3416 937 quis

1848 943 2005 1011 fuerit
2034 954 2371 1014 regeneratus
2405 965 2498 1016 per
2516 965 2713 1018 aquam
2730 960 2777 1003 et
2803 949 3081 1021 Spiritum,
3108 971 3213 1009 non
3238 959 3416 1013 intra-

1847 1036 1918 1087 bit
1947 1037 2000 1089 in
2025 1054 2246 1107 regnum
2287 1039 2533 1094 cmlorum
2582 1044 2649 1096 ‘°.
2696 1042 2930 1112 Eclipsis
2981 1058 3133 1103 certe
3173 1064 3269 1104 seu
3322 1051 3419 1107 de-

1847 1128 2027 1182 fectus
2049 1132 2214 1195 lunaz,
2237 1142 2295 1186 et
2320 1134 2545 1200 quando
2563 1136 2689 1189 luna
2707 1146 2791 1190 est
2806 1138 2989 1206 plena.
3016 1141 3249 1206 Quando
3265 1144 3414 1198 enim

1846 1223 2135 1292 plenitudo
2164 1226 2407 1295 gentium
2437 1227 2681 1295 ingressa
2710 1229 2879 1285 fuerit
2915 1231 3252 1300 Ecclesiam;
3284 1246 3416 1294 tunc

1846 1316 1997 1369 subit
2031 1320 2255 1379 ccelum,
2297 1330 2504 1373 terratn
2541 1320 2608 1374 de
2634 1332 2834 1377 cmtero
2892 1326 3235 1395 relinquens.
3279 1332 3416 1385 Pro-

1846 1417 2036 1476 pterea
2072 1410 2379 1478 simplicem
2428 1428 2651 1482 quoque
2687 1415 2865 1469 lucem
2900 1417 3065 1473 habet
3107 1420 3255 1484 luna,
3301 1440 3414 1479 non

1845 1512 2028 1556 autem
2055 1504 2334 1574 duplicem
2371 1507 2516 1562 sicut
2546 1510 2648 1564 sol.
2699 1510 2833 1565 Nam
2869 1513 2979 1567 Eva
3019 1524 3104 1569 est
3134 1519 3415 1585 genita-cx

1848 1611 1953 1649 una
1984 1608 2134 1652 costa
2181 1599 2447 1656 hominis.
2478 1601 2652 1655 Adam
2706 1615 2887 1658 autem
2923 1607 3067 1662 sicut
3108 1610 3190 1663 sol
3242 1610 3411 1680 figura

1844 1685 2070 1753 Christi,
2102 1700 2190 1746 est
2216 1693 2421 1763 duplex
2447 1701 2506 1748 et
2527 1696 2890 1763 compositus.
2939 1714 3134 1769 nempe
3167 1719 3231 1756 ex
3266 1712 3411 1757 terra

1842 1790 1898 1833 et
1950 1782 2138 1837 divina
2189 1784 2563 1840 insuﬂlatione
2593 1803 2755 1856 quam
2800 1788 2946 1843 Deus
3002 1790 3056 1844 in
3106 1793 3270 1846 Evam
3298 1810 3409 1848 non

156 1862 1421 1941 quidemesseintelligimnsejusdivinitatem:
1444 1876 1738 1935 Dcusenim
1772 1857 1813 1910 Β
1844 1874 2140 1928 insufﬂavit
2172 1895 2186 1930 :
2224 1877 2672 1947 quandoquidem
2700 1896 2811 1934 non
2845 1896 2913 1934 ex
2960 1882 3179 1937 duabus
3220 1899 3407 1939 essen-

157 1964 345 2007 noster
380 1964 460 2009 est
487 1958 623 2027 ignis
648 1976 954 2015 consumens
993 1964 1060 2016 ".
1105 1966 1332 2021 Terram
1393 1978 1579 2022 autem
1616 1985 1743 2023 rur—

154 2062 282 2111 sus,
319 2056 465 2103 terra
496 2053 737 2121 genitam
766 2057 951 2109 carnis
981 2060 1103 2127 ejus
1130 2060 1527 2116 humanitatem
1557 2080 1569 2114 :
1602 2078 1739 2132 qua-

157 2156 284 2194 rum
322 2143 551 2211 quidem
591 2146 826 2201 duarum
855 2151 1222 2206 essentiarum
1254 2155 1736 2210 etclementorum

155 2246 328 2304 typus
362 2249 481 2291 erat
513 2255 679 2294 verus
701 2250 757 2294 et
787 2253 1101 2307 accuratus,
1137 2247 1300 2314 primi
1327 2248 1457 2301 Athe
1481 2259 1741 2303 constru-

152 2325 295 2376 ctio.
346 2324 422 2377 Ex
454 2325 542 2379 his
574 2327 721 2381 enim
746 2329 963 2384 duobus
984 2331 1166 2387 iactus
1189 2344 1276 2388 est
1298 2335 1493 2399 Adam,
1535 2353 1738 2407 nempe

152 2421 209 2465 et
246 2415 433 2468 divini
473 2416 618 2486 ignis
649 2419 1039 2489 inspiratione,
1075 2432 1133 2478 et
1154 2441 1220 2479 ex
1252 2426 1396 2481 sicca
1428 2437 1483 2481 et
1521 2445 1551 2483 e
1591 2440 1737 2485 terra

152 2507 349 2574 genita
370 2507 489 2560 limi
521 2512 898 2566 concretione.
954 2513 1008 2567 Si
1036 2530 1171 2585 ergo
1200 2532 1315 2570 rem
1338 2519 1620 2572 subtiliter
1647 2536 1739 2574 os-

154 2597 349 2652 tendit
389 2600 571 2654 oratio
615 2619 627 2653 :
668 2603 723 2656 in
762 2603 985 2659 duobus
1018 2607 1387 2663 luminaribus
1430 2619 1579 2673 sunt,
1637 2626 1738 2665 co-

152 2703 618 2761 gnoscunturque
638 2704 695 2749 et
716 2695 1174 2752 administrantur
1197 2710 1440 2770 quatuor
1464 2704 1736 2758 elementa

148 2795 214 2832 ex
249 2782 465 2849 quibus
495 2792 715 2840 constat
740 2789 1002 2843 mundus.
1048 2791 1167 2844 Duo
1198 2800 1383 2845 autem
1414 2794 1731 2860 luminaria,

146 2872 327 2926 solet
363 2874 518 2938 luna,
568 2876 708 2930 citra
760 2879 929 2933 ullam
961 2884 1399 2937 controversiam
1450 2887 1608 2953 prius
1638 2887 1735 2940 de-

150 2965 417 3019 scribunt
443 2968 730 3023 Christum
754 2981 811 3026 et
842 2972 1167 3029 Ecclesium.
1191 2975 1375 3031 Discat
1395 2992 1527 3047 ergo
1549 2979 1732 3033 omnis

150 3056 322 3110 homo
354 3057 507 3126 quod
536 3059 591 3111 in
619 3060 707 3114 his
737 3062 898 3131 aquis
920 3103 935 3127 ,
968 3073 1027 3118 et
1061 3080 1161 3134 per
1199 3066 1315 3120 haec
1340 3066 1453 3121 duo
1481 3069 1728 3124 caelestia

149 3149 457 3204 luminaria
507 3153 655 3218 (dico
707 3164 891 3209 autem
944 3156 1229 3212 Christum
1285 3168 1341 3213 et
1396 3160 1726 3231 Eeclesiam)

148 3244 493 3306 consistunt,
535 3245 1025 3312 administrantur,
1059 3259 1116 3303 et
1170 3261 1570 3306 conservantur
1616 3262 1726 3307 tam

146 3353 208 3389 ea
232 3353 361 3406 qua:
399 3349 531 3393 sunt
575 3340 631 3393 in
668 3342 845 3405 caelis,
873 3358 1035 3410 quam
1070 3359 1192 3412 qua:
1223 3354 1353 3399 sunt
1390 3346 1443 3399 in
1479 3355 1646 3410 terra,
1672 3354 1730 3400 ct

147 3438 256 3483 tam
284 3446 352 3485 ea
383 3446 507 3500 qua:
534 3433 639 3486 sub
665 3444 949 3502 aspectum
981 3436 1209 3500 cadunt,
1240 3452 1406 3505 quam
1453 3453 1575 3507 quae
1614 3454 1726 3492 non

146 3524 378 3587 cadunt,
420 3534 476 3578 et
499 3533 607 3578 tam
636 3527 875 3580 animata
908 3544 1073 3596 quam
1120 3528 1445 3593 inanimata,
1503 3541 1559 3584 et
1614 3541 1724 3586 tam

147 3614 379 3669 mobilia
406 3631 570 3684 quam
599 3616 925 3681 immobilia,
970 3628 1026 3673 et
1064 3635 1129 3674 ex
1160 3631 1400 3690 quatuor
1432 3625 1725 3680 elementis

147 3706 475 3776 compositae
508 3722 604 3762 sex
636 3707 851 3771 dierum
877 3721 1169 3764 creaturae.

214 3798 281 3853 Et
323 3800 613 3870 quomodo
658 3817 758 3871 per
799 3804 978 3855 virum
1028 3811 1083 3857 et
1137 3805 1425 3859 mulierem
1476 3807 1725 3861 nascitur

148 3906 315 3944 unum
356 3906 596 3962 corpus,
654 3893 727 3948 ita
776 3894 1263 3950 indiseriminatim
1310 3914 1411 3967 per
1456 3899 1573 3953 hzec
1612 3900 1722 3954 duo

147 3982 453 4039 luminaria
480 3994 673 4040 natum
712 3996 799 4041 est
832 4004 1039 4058 corpus
1070 3990 1255 4059 populi
1290 3990 1490 4054 fidelis,
1528 3994 1720 4048 Eccle-

149 4077 238 4132 siae
264 4096 277 4131 :
304 4087 367 4133 et
394 4078 472 4133 ita
496 4088 687 4149 aperte
708 4079 975 4149 impletur
1000 4081 1138 4135 illud
1162 4082 1369 4136 :Erunt
1389 4084 1493 4137 duo
1522 4086 1579 4136 in
1604 4102 1722 4139 car-

152 4186 267 4222 nem
287 4187 456 4224 unam
472 4171 539 4235 ”;
561 4178 618 4225 et
643 4172 793 4242 quod
811 4173 994 4228 omnis
1014 4186 1141 4227 caro
1159 4182 1376 4229 constat
1392 4190 1457 4230 ex
1480 4185 1723 4245 quatuor

148 4260 443 4317 elementis
472 4263 607 4317 solis
637 4272 692 4316 et
718 4265 885 4318 Iunre.
932 4264 1304 4331 Quamobrem
1351 4268 1402 4321 ei
1445 4269 1542 4337 qui
1584 4284 1719 4339 pru-

149 4351 344 4409 denter
373 4356 616 4411 attendit
664 4356 744 4410 illi
791 4357 981 4427 ﬁgure
1024 4374 1147 4428 quae
1187 4360 1452 4429 primarie
1480 4361 1719 4416 refertur

150 4446 215 4500 ad
247 4447 545 4516 IChristum
578 4457 634 4503 et
674 4449 978 4504 Ecclesiam
1027 4468 1040 4503 :
1090 4451 1315 4515 Adami,
1370 4453 1614 4523 inquam,
1661 4463 1719 4509 et

1843 1964 1970 2026 liis,
2010 1980 2079 2017 ex
2115 1964 2428 2028 divinitate,
2468 1968 2714 2037 inquam,
2749 1978 2805 2023 et
2835 1971 3180 2025 humanitate
3226 1976 3379 2028 consi

1839 2055 1938 2110 stit
2009 2058 2297 2126 plenitudo
2375 2060 2675 2126 Ecclesiae,
2735 2063 2883 2117 sicut
2961 2063 3253 2126 Christus,
3313 2066 3409 2120 sed

1836 2163 1903 2201 ex
1959 2149 2073 2203 sola
2146 2150 2511 2205 humanitate.
2571 2153 2766 2208 Divina
2841 2154 2989 2209 enim
3058 2155 3150 2209 illa
3212 2166 3268 2211 ct
3321 2173 3412 2212 es-

1837 2242 2090 2295 sentialis
2138 2243 2233 2295 Dei
2303 2242 2639 2310 insuﬂlatio,
2713 2260 2836 2313 qua:
2901 2256 3101 2300 terram
3174 2257 3261 2302 est
3324 2250 3407 2301 in-

1837 2348 2044 2402 gressa,
2098 2334 2208 2390 fuit
2255 2352 2420 2392 verus
2465 2339 2561 2394 Dei
2599 2342 2767 2397 Verbi
2805 2350 2967 2413 typus
3000 2346 3095 2414 qui
3132 2360 3199 2399 ex
3248 2347 3411 2401 Patre

1836 2426 2131 2492 processit,
2159 2436 2215 2482 et
2235 2437 2384 2485 terra
2409 2441 2601 2487 natum
2625 2434 2909 2489 hominem
2939 2436 3286 2493 inindividue
3304 2439 3408 2493 sibi

1809 2512 2049 2572 'couniit
2096 2535 2198 2589 per
2255 2522 2619 2593 hypostasim.
2669 2528 2941 2583 Existimo
2998 2539 3181 2586 autem
3234 2532 3407 2601 quod,

1833 2608 1999 2664 etiam
2047 2621 2203 2667 extra
2242 2616 2559 2684 paradisum
2613 2618 2942 2676 fabricatum
2992 2638 3113 2678 esse
3167 2625 3409 2694 primum

1832 2710 2119 2768 parentem
2164 2704 2457 2772 Adamum,
2484 2718 2543 2763 et
2592 2711 2794 2767 deinde
2844 2714 3088 2783 positum
3136 2716 3305 2771 fuisse
3351 2718 3406 2771 in

1831 2794 2113 2861 paradiso,
2135 2799 2383 2867 apposite
2414 2801 2712 2858 admodum
2744 2806 3008 2861 convenit
3031 2806 3100 2863 de
3129 2809 3247 2862 sole
3279 2825 3407 2863 sen-

1831 2883 1940 2947 sili,
1980 2889 2245 2956 quoniam
2282 2892 2399 2961 ipse
2431 2910 2653 2965 quoque
2689 2897 2886 2960 Adam,
2918 2899 3065 2953 sicut
3093 2900 3231 2953 dicit
3258 2900 3408 2955 Scri-

1829 2991 2017 3047 ptura,
2053 2992 2111 3037 et
2156 2983 2237 3038 sic
2269 2986 2483 3054 positus
2505 2997 2590 3042 est
2622 2990 2783 3044 casio.
2817 2990 2977 3047 Unde
3009 2994 3181 3047 etiam
3223 2994 3279 3048 in
3315 2995 3404 3049 luo

1832 3070 2140 3128 minaribus
2191 3078 2460 3148 scriptum
2504 3091 2618 3146 est,
2658 3085 2871 3153 posuit,
2924 3087 3205 3156 quomodo
3235 3089 3404 3144 etiam

1832 3160 1887 3214 in
1918 3163 2140 3220 homine
2174 3184 2188 3219 :
2215 3168 2284 3223 Et
2309 3175 2527 3241 accepit,
2562 3174 2763 3244 inquit,
2793 3176 2934 3231 Deus
2960 3181 3224 3235 hominem
3245 3198 3403 3251 quem

1782 3250 1799 3269 ‘
1828 3251 2004 3319 ﬁnxit,
2052 3264 2102 3307 et
2146 3259 2318 3327 posuit
2363 3277 2483 3316 eum
2527 3265 2582 3316 in
2620 3265 2900 3333 paradiso,
2940 3250 3400 3339 principemeum

1829 3345 2173 3401 constituens
2200 3357 2258 3402 et
2303 3349 2495 3417 Evam,
2535 3354 2785 3408 omnium
2827 3356 3212 3424 animantium,
3256 3360 3404 3418 sicut

1826 3436 1991 3490 etiam
2020 3438 2132 3492 duo
2161 3440 2479 3506 luminaria,
2512 3454 2573 3498 ut
2619 3444 2962 3515 imperarent
2994 3447 3106 3503 diei
3135 3460 3193 3505 et
3224 3453 3397 3519 nocti,

1825 3536 1881 3580 et
1928 3536 1990 3581 ut
2028 3530 2374 3587 dominatum
2407 3534 2682 3589 haberent
2732 3537 2789 3590 in
2832 3539 3017 3594 omnia
3072 3540 3396 3607 animantia,

1824 3635 1923 3689 per
1948 3632 2190 3691 quatuor
2215 3624 2489 3680 elementa
2524 3643 2647 3698 qua:
2677 3640 2806 3685 sunt
2837 3632 2891 3685 in
2920 3632 3060 3703 ipsa,
3094 3650 3162 3689 ex
3193 3637 3400 3706 quibus

1822 3723 1879 3766 ct
1909 3728 2009 3781 per
2032 3730 2156 3783 quae
2186 3717 2441 3771 consistit
2478 3721 2660 3775 omnis
2709 3732 2911 3778 natura
2952 3740 3251 3796 corporum
3285 3738 3397 3784 tam

1822 3804 2116 3859 brutorum
2156 3824 2321 3876 quam
2347 3810 2659 3866 volucrum.
2686 3813 2841 3879 Quod
2866 3815 2912 3869 si
2946 3815 3091 3871 lucis
3119 3817 3397 3875 defectum

1822 3905 1883 3949 et
1909 3897 2361 3965 diminutionem,
2388 3912 2445 3955 et
2472 3920 2664 3959 rursus
2693 3908 3133 3973 renovationem,
3170 3911 3315 3967 sicut
3340 3912 3395 3968 in

1822 3988 1973 4053 luna,
2011 3993 2095 4045 vis
2124 3994 2291 4046 etiam
2318 3995 2510 4050 videre
2556 3998 2610 4050 in
2655 3999 2789 4063 Eva,
2837 4000 3019 4069 cogita
3064 4004 3394 4072 prophetam

1821 4083 1916 4150 qui
1956 4082 2094 4138 dicit
2141 4085 2255 4139 Deo
2308 4104 2321 4139 :
2370 4087 2571 4141 Lumen
2636 4100 2760 4143 sunt
2802 4102 3064 4162 praecepta
3103 4104 3195 4148 tua
3238 4112 3400 4167 super

1821 4181 2040 4229 terram.
2070 4175 2316 4242 Quorum
2340 4179 2506 4233 etiam
2542 4180 2819 4236 defectum
2855 4184 3123 4240 sustinuit
3150 4186 3261 4241 Eva
3296 4202 3399 4257 per

1820 4266 2283 4322 inobedientiam.
2311 4270 2483 4325 Adam
2510 4275 2649 4326 enim
2683 4290 2787 4327 non
2822 4275 2923 4343 fuit
2946 4277 3208 4345 deceptus,
3249 4279 3395 4336 sicut

1819 4357 1954 4413 dicit
1978 4359 2277 4429 Apostolus
2318 4363 2401 4427 “;
2441 4363 2554 4417 Eua
2579 4374 2758 4418 autem
2787 4366 3037 4437 decepta.
3066 4384 3193 4424 cum
3237 4386 3267 4424 a
3315 4381 3395 4426 tc-

1817 4450 2096 4505 nebricosi
2123 4460 2180 4505 et
2197 4452 2419 4507 obscuri
2454 4456 2731 4525 serpentis
2753 4456 3041 4512 dominatu
3066 4475 3391 4530 Oppressum

150 4538 292 4606 Eva,
325 4540 411 4596 sol
444 4549 501 4595 et
534 4540 665 4595 luna
700 4551 830 4595 sunt
858 4544 1225 4612 praecedentia
1252 4545 1541 4615 aenigmata
1574 4563 1588 4598 :
1623 4546 1718 4615 qui
1753 4553 1795 4608 υ
1821 4549 1969 4595 esset
1996 4550 2054 4595 et
2082 4542 2379 4598 defecisset
2409 4546 2531 4615 ejus
2552 4546 2764 4602 lumen.
2797 4548 2924 4618 Ejus
2946 4558 3127 4605 tamen
3162 4552 3392 4611 luminis

151 4628 258 4686 duo
286 4633 644 4688 constituunt
666 4643 725 4688 et
756 4635 1071 4704 producunt
1090 4652 1158 4691 ex
1182 4637 1478 4707 duobuset
1504 4638 1723 4694 duobus

149 4722 437 4780 elementis
467 4741 635 4780 unam
666 4727 1007 4782 individuam
1044 4729 1285 4785 hominis
1310 4746 1561 4798 carnem;
1604 4743 1722 4789 tan-

151 4830 306 4885 quam
328 4832 520 4872 semen
543 4817 810 4883 hominis,
840 4821 958 4873 sole
984 4820 1262 4890 praebente
1281 4838 1436 4877 suam
1458 4824 1637 4877 lucem
1661 4825 1718 4880 in

154 4914 304 4961 utero
324 4908 576 4978 piscinae,
608 4924 722 4963 sua!
752 4912 1026 4980 conjugis.
1066 4925 1265 4981 nempe
1295 4913 1460 4976 luna,
1489 4928 1612 4983 quae
1633 4922 1719 4969 est

151 4995 409 5055 Ecclesia.
448 5000 653 5057 Omnes
682 5003 907 5072 quidem
937 5014 1087 5058 certe
1117 5019 1209 5059 res
1258 5006 1564 5060 ostendunt
1595 5022 1711 5062 ma-

151 5105 303 5159 gnam
331 5094 704 5163 aequalitatem
730 5105 787 5149 et
816 5096 1239 5151 similitudinem
1281 5097 1418 5150 solis
1445 5109 1502 5151 et
1540 5099 1707 5164 lunae,

152 5180 213 5235 ad
260 5184 531 5239 Adamum
572 5195 628 5240 et
670 5187 838 5241 Evam
875 5188 1096 5258 :ignem
1146 5198 1329 5243 autem
1372 5198 1431 5243 et
1482 5197 1705 5254 terram,

152 5269 250 5327 hoc
282 5283 388 5339 est,
417 5275 591 5330 Deum
613 5285 671 5331 et
696 5277 997 5342 hominem,
1044 5279 1209 5347 paulo
1232 5288 1361 5333 ante
1385 5278 1710 5333 dicebamus

150 5359 426 5421 Christum
449 5384 613 5439 quem
632 5370 713 5424 sol
739 5370 1041 5437 describit;
1064 5382 1122 5425 ut
1137 5374 1231 5442 qui
1262 5373 1423 5442 ignis,
1443 5373 1707 5436 calidum,

152 5462 203 5508 cl
225 5465 403 5527 terra,
426 5462 634 5517 siccum
661 5462 863 5518 habeat
885 5465 1244 5520 elementum.
1265 5465 1710 5521 Similiteretiam

154 5542 259 5601 Eva
286 5548 689 5621 interpretatur
715 5553 839 5609 Vita
880 5571 895 5607 :
934 5556 1059 5611 Vita
1088 5566 1272 5611 autem
1299 5563 1383 5609 est
1410 5556 1578 5612 etiam
1604 5559 1709 5614 Ec-

153 5636 335 5706 clesia,
367 5644 639 5700 exhibens
666 5656 989 5717 perpetuam
1018 5649 1369 5721 baptismatis
1416 5663 1711 5719 regenera-

1818 4632 2097 4687 delectum
2133 4636 2378 4689 restituit
2407 4635 2501 4690 lux
2528 4653 2661 4692 vera
2686 4653 2806 4707 quae
2836 4655 2905 4693 ex
2936 4640 3052 4711 ipsa
3082 4644 3386 4712 processit:

1815 4741 1884 4780 ex
1933 4726 2200 4792 secunda,
2252 4727 2500 4798 inquam,
2528 4730 2639 4785 Eva
2679 4730 2968 4800 Christus,
3021 4742 3277 4805 tanquam
3320 4752 3390 4792 cx

1816 4816 2075 4885 quapiam
2100 4818 2259 4887 plena
2287 4818 2440 4882 luna,
2467 4819 2657 4884 Maria,
2692 4836 2815 4890 qua:
2844 4837 3130 4893 nunquam
3174 4825 3386 4881 minuta

1815 4908 1922 4963 fuit
1943 4917 2040 4963 aut
2071 4908 2295 4975 defecit,
2323 4920 2421 4964 aut
2452 4913 2661 4981 privata
2699 4912 2805 4968 fuit
2843 4917 3122 4970 essentiali
3152 4918 3385 4985 lumine,

1816 5018 2014 5073 nempe
2040 5018 2137 5058 sua
2165 5004 2509 5074 virginitate,
2547 5006 2770 5075 quando
2812 5008 2865 5063 ei
2909 5010 3233 5065 acclamavit
3270 5014 3387 5067 An-

1813 5095 1971 5163 gelus
2006 5112 2018 5147 :
2049 5096 2175 5157 Ave,
2200 5097 2378 5165 gratia
2416 5096 2635 5166 repleta,
2682 5108 2910 5169 propter
2932 5101 3102 5155 Evam
3143 5118 3266 5173 quae
3301 5111 3387 5159 est

1811 5187 1968 5251 luna,
1996 5203 2117 5256 quae
2152 5187 2258 5242 fuit
2287 5190 2430 5243 male
2471 5190 2657 5245 habita
2704 5201 2762 5247 et
2788 5202 3005 5259 vexata,
3057 5204 3115 5251 et
3148 5212 3272 5266 quae
3314 5214 3385 5254 ex

1812 5295 1914 5335 suo
1961 5280 2179 5334 defectu
2232 5281 2663 5336 inobedientiam
2699 5284 2934 5353 fugerat,
2966 5294 3025 5340 et
3053 5302 3112 5341 se
3150 5287 3387 5343 abscon-

1805 5370 1965 5426 derat
1989 5381 2047 5424 et
2072 5372 2340 5427 timuerat
2360 5389 2388 5425 a
2416 5374 2570 5441 ligno
2594 5373 2987 5430 inobedientiaa
3005 5385 3383 5447 cttransgres-

1806 5465 2023 5520 sionis:
2067 5464 2280 5528 Gratia,
2328 5465 2575 5534 inquam,
2627 5466 2829 5536 repleta
2875 5484 2904 5523 a
2954 5468 3080 5524 Sole
3109 5470 3379 5539 justitiaz,

1804 5572 2003 5627 nempe
2028 5573 2058 5612 a
2090 5558 2225 5613 Deo.
2253 5558 2377 5613 Hazc
2407 5558 2657 5614 breviter
2682 5575 2713 5615 a
2733 5561 2894 5616 nobis
2922 5563 3069 5617 dicta
3105 5562 3382 5619 sufﬁciant

1806 5653 1875 5708 dc
1909 5642 2027 5708 sole
2044 5661 2101 5708 et
2125 5655 2259 5708 luna
2288 5654 2343 5707 in
2367 5663 2571 5722 quarto
2606 5654 2722 5717 die,
2755 5653 2979 5723 quando
3021 5655 3163 5710 dixit
3186 5656 3335 5712 Deus
3362 5672 3375 5707 :

216 5809 263 5843 ⁸⁸
290 5812 446 5869 Deut.
469 5832 521 5871 tv
544 5816 653 5884 24;
682 5818 847 5876 Hebr.
883 5839 973 5885 xu,
1007 5824 1095 5879 29.
1171 5828 1217 5859 "
1249 5828 1385 5884 Gen.
1420 5845 1476 5894 η,
1512 5830 1583 5883 21
1616 5846 1630 5895 ;
1673 5827 1865 5883 Matth.
1892 5846 2002 5894 xu,
2048 5830 2100 5882 5.
2180 5830 2225 5862 “
2254 5830 2413 5885 Joan.
2440 5849 2516 5896 nt,
2555 5832 2606 5885 5.
2685 5834 2725 5865 ⁶¹
2755 5833 2775 5886 1
2808 5831 2948 5884 Tim.
2985 5846 3041 5894 ιι,
3077 5830 3161 5885 η.

452 5913 721 5977 Parnm“
764 5918 879 5979 Gn.
921 5922 1246 5991 LXXXIX.

2821 5933 2901 5991 ‘29
