4200 6440
789 390 885 450 907

1968 385 2028 442 5'.
2064 384 2457 444 AXASTASH
2517 388 2835 449 SlNAl'f/E

3923 405 4024 466 903

789 499 942 552 Fiant
968 496 1255 548 luminaria
1296 497 1348 546 in
1381 493 1721 558 ﬁrmamento
1754 492 1866 543 ca'li
1892 494 1960 543 mf
2006 492 2351 543 illuminatio-
2384 500 2424 548 Α
2457 496 2658 562 quibus
2693 499 2936 553 Ecclesia
2986 502 3121 554 nihil
3167 505 3394 557 thCclttt'
3432 508 3710 572 spirituale
3733 527 3796 561 ex
3823 528 4021 578 corpu-

789 605 906 641 nem
925 598 1098 651 terrae,
1123 595 1182 639 ut
1208 586 1492 654 scparetin
1522 584 1703 636 medio
1724 584 1834 636 diei
1861 594 1915 636 et
1944 583 2122 636 medio
2150 584 2350 643 noctis,

785 691 840 734 et
871 681 925 734 in
970 680 1153 732 medio
1184 677 1352 739 lucis,
1391 688 1448 730 et
1483 677 1535 729 in
1592 678 1774 730 medio
1815 676 2191 728 tenebrarum.
2241 675 2353 729 Iloc

787 783 1010 835 quoque
1038 766 1510 832 considera,quod
1534 767 2182 818 convenienternaturali
2202 781 2352 817 erea-

790 867 1036 911 turarmn
1063 856 1499 924 consequenti:c,
1542 856 1708 925 876
1739 871 1930 923 Iuagna
1967 856 2259 908 luminaria
2285 870 2347 908 ea

787 951 1031 1003 nominat
1061 947 1305 1017 Moyses:
1335 956 1389 998 et
1412 949 1580 999 solem
1608 947 1827 1014 quidem
1859 948 2077 1016 proprie
2108 949 2351 1000 nominat

787 1055 1061 1107 magnum,
1094 1049 1151 1092 ut
1194 1036 1286 1104 qui
1327 1054 1355 1089 a
1393 1053 1450 1089 se
1492 1038 1694 1098 ltlfllCll,
1731 1053 1837 1090 non
1878 1039 2094 1090 aliunde
2130 1038 2345 1090 haheat.

784 1133 993 1185 Lumen
1026 1142 1205 1185 autem
1253 1146 1361 1183 non
1411 1132 1507 1190 sic,
1543 1138 1599 1181 ut
1639 1147 1761 1198 qtue
1806 1132 1984 1183 lucem
2030 1130 2224 1182 habeat
2254 1147 2350 1198 per

785 1223 1281 1292 participationem,
1314 1239 1418 1273 nou
1453 1238 1549 1289 per
1587 1222 1902 1284 essentiam,
1926 1234 1981 1274 et
2009 1223 2350 1275 illmninetur

785 1319 968 1376 asolc,
1031 1331 1152 1369 eam
1218 1316 1373 1382 cujus
1416 1323 1500 1366 est
1555 1315 1827 1383 particeps
1877 1315 2243 1382 impertiente.
2281 1316 2348 1370 lit

784 1419 966 1460 autem
1014 1410 1174 1476 paulo
1201 1409 1442 1460 crassius
1470 1423 1582 1460 rem
1617 1409 1817 1468 dicam,
1850 1409 2053 1461 dicitur
2087 1425 2205 1462 esse
2244 1410 2347 1463 du-

783 1501 902 1568 plex
938 1517 1058 1570 qua:
1098 1500 1317 1569 proprie
1345 1511 1428 1554 est
1462 1501 1514 1553 in
1550 1502 1707 1555 nobis
1737 1503 1817 1554 vis
1845 1503 2073 1555 rationis
2105 1521 2115 1554 :
2153 1520 2348 1573 nempe

779 1604 834 1646 et
866 1611 894 1646 a
929 1610 1032 1662 qua
1087 1608 1347 1646 ornamur
1392 1602 1448 1646 et
1495 1593 1743 1646 homines
1778 1609 1899 1647 esse
1943 1596 2346 1659 eognoscimur,

781 1686 1000 1739 discreti
1044 1685 1112 1738 ab
1148 1686 1516 1737 animantilnts
1570 1685 1795 1753 reliquis
1836 1703 1958 1753 qtae
1987 1687 2177 1738 vivunt
2210 1687 2344 1740 citra

783 1780 1069 1837 rationem,
1104 1794 1224 1846 qua:
1267 1778 1486 1845 quidem
1539 1777 1744 1830 distant
1780 1794 1845 1830 ex
1877 1779 2146 1830 diametro
2177 1796 2205 1832 a
2257 1796 2344 1832 ra-

783 1869 929 1921 tione
990 1868 1145 1935 cujus
1185 1881 1374 1918 smnus
1429 1865 1741 1933 participes.
1771 1865 1835 1917 lit
1870 1866 1919 1917 id
1983 1866 2127 1933 quod
2168 1877 2252 1918 cst
2292 1868 2344 1918 in
2382 1841 2396 1896 ¹

783 1959 941 2011 nobis
1002 1972 1198 2025 expers
1255 1957 1587 2017 rationis,ut
1636 1955 1782 2024 quod
1823 1956 2116 2023 aliquando
2170 1965 2348 2023 pateat

784 2052 1005 2111 rationi,
1030 2059 1087 2103 et
1111 2060 1196 2102 est
1227 2049 1346 2117 ejus
1381 2048 1673 2115 particeps,
1704 2056 1760 2099 et
1797 2047 1866 2098 ab
1888 2048 2006 2114 ejus
2054 2046 2101 2097 vi
2143 2045 2347 2099 illumi-

782 2153 962 2196 natur.
996 2143 1064 2197 Ut
1096 2142 1222 2194 licet
1253 2141 1436 2192 videre
1460 2155 1526 2192 ex
1561 2138 1922 2191 iucontineuti
1951 2138 2344 2200 continentem,

779 2246 835 2290 et
878 2249 945 2290 ex
982 2232 1366 2301 intemperanti
1419 2242 1832 2299 temperantem,
1864 2239 1918 2282 et
1962 2247 2025 2282 ex
2067 2230 2260 2283 audaci
2293 2241 2348 2282 et

783 2329 974 2382 timido
1000 2343 1126 2381 eum
1156 2325 1248 2393 qui
1277 2325 1454 2392 Inagni
1486 2322 1650 2375 animi
1684 2333 1926 2374 armatur
1955 2321 2176 2374 virtute.
2203 2322 2349 2386 Quo-

780 2420 944 2472 modo
991 2433 1122 2484 ergo
1152 2417 1254 2469 hoc
1291 2416 1341 2467 in
1376 2414 1536 2467 nobis
1567 2413 1769 2464 dicitur
1797 2412 2071 2480 particeps
2099 2413 2344 2473 rationis,

780 2520 837 2564 et
885 2509 1030 2577 quod
1074 2516 1159 2560 est
1206 2506 1426 2575 proprie
1482 2505 1707 2557 rationis
1758 2504 2046 2572 particeps.
2093 2512 2149 2555 et
2202 2505 2348 2572 quod

781 2611 930 2654 caret
975 2601 1185 2654 ratione
1237 2614 1432 2666 parens
1483 2598 1718 2660 rationi;
1764 2599 1834 2649 ita
1885 2596 2104 2665 proprie
2157 2612 2347 2664 magna

782 2702 910 2747 sunt
943 2691 1258 2748 luminaria,
1281 2698 1338 2743 ct
1367 2690 1445 2742 sol
1480 2690 1571 2757 qui
1609 2689 1881 2740 illuminat
1905 2705 1998 2756 per
2035 2687 2345 2744 essentiam,

780 2796 836 2838 et
870 2787 996 2839 luna
1031 2799 1150 2852 qua:
1183 2783 1278 2836 dat
1303 2782 1484 2834 lumen
1515 2796 1613 2849 per
1646 2779 2119 2833 iiluminatiouem.

851 2879 956 2932 Sed
991 2876 1328 2931 redeundum
1360 2885 1444 2928 est
1472 2876 1537 2926 ad
1580 2874 1776 2926 seriem
1805 2873 1871 2926 ab
1901 2874 2058 2926 initio
2095 2873 2348 2941 proposi-

783 2982 912 3029 tam,
946 2977 1000 3020 et
1025 2967 1315 3021 dicendum
1347 2966 1517 3033 quod,
1550 2981 1671 3016 cum
1700 2965 1968 3031 Ileusjam
2002 2982 2032 3017 a
2060 2965 2236 3032 primo
2261 2964 2349 3017 die

781 3063 998 3116 fecisset
1033 3061 1207 3112 lucem
1245 3075 1341 3126 per
1375 3075 1452 3120 se,
1491 3057 1764 3125 separavit
1804 3057 1944 3109 inter
1976 3058 2212 3109 medimn
2243 3057 2347 3109 diei

781 3164 835 3206 et
866 3155 1011 3208 inter
1039 3151 1275 3205 medium
1323 3150 1522 3207 noctis,
1548 3158 1604 3201 et
1647 3150 1789 3202 inter
1839 3149 2078 3201 medium
2121 3148 2259 3200 lucis
2294 3157 2350 3201 et

784 3246 926 3298 inter
956 3245 1195 3298 medium
1236 3243 1605 3296 tenebrarum.
1643 3241 1928 3307 Quomodo
1955 3242 2100 3293 enim
2139 3237 2348 3307 potuis-

783 3349 906 3391 sent
933 3338 1037 3390 sub
1075 3351 1386 3389 meusuram
1417 3335 1612 3388 cadere
1647 3334 2015 3402 prazeedentes
2046 3342 2154 3385 tres
2193 3333 2348 3393 dies;

783 3439 878 3481 aut
903 3427 1178 3496 quomodo
1212 3427 1478 3495 potuisset
1503 3427 1620 3479 fieri
1649 3440 1896 3492 vespera,
1933 3433 1989 3476 et
2020 3424 2134 3475 fieri
2169 3437 2348 3485 mane,

785 3523 886 3574 nisi
918 3536 1014 3590 per
1044 3521 1441 3588 separationcm
1470 3519 1605 3571 lucis
1640 3527 1693 3569 et
1725 3517 2071 3569 tenebrarum
2100 3516 2122 3566 ?
2154 3516 2353 3579 Quam-

783 3614 974 3666 obrem
1004 3628 1100 3681 per
1128 3612 1244 3664 haec
1283 3610 1595 3671 luminaria,
1621 3609 1866 3678 quaedam
1896 3610 2000 3661 alia
2046 3608 2352 3676 spiritualia

786 3705 1060 3774 mysteria,
1099 3702 1258 3754 docet
1292 3717 1391 3755 nos
1421 3699 1725 3768 Scriptura,
1754 3715 1936 3752 rerqu
1962 3698 2351 3767 corporalium.

787 3795 999 3847 Etenim
1031 3793 1186 3853 illud,
1220 3791 1339 3845 Sint
1369 3794 1424 3844 in
1446 3793 1599 3861 signa
1629 3802 1676 3842 ct
1698 3792 1753 3842 in
1781 3799 2041 3859 tempora,
2069 3799 2116 3842 ct
2138 3791 2191 3842 in
2223 3791 2352 3852 dies,

785 3897 834 3939 ct
869 3888 923 3937 in
950 3901 1115 3938 anuos
1149 3901 1166 3938 :
1196 3901 1304 3937 non
1346 3899 1409 3936 ea
1453 3882 1588 3936 dicit
1618 3883 1762 3936 Deus
1794 3883 1984 3934 volens
2009 3881 2354 3947 astrologiam

786 3974 981 4026 docere
1028 3973 1299 4034 homines,
1335 3987 1512 4039 neque
1566 3972 1620 4023 in
1683 3972 1797 4023 sole
1842 3981 1898 4024 et
1937 3971 2062 4023 luna
2105 3979 2160 4022 et
2193 3971 2356 4023 astris

790 4065 994 4117 habere
1040 4080 1190 4132 spem
1231 4064 1669 4132 gubernationis,
1701 4073 1760 4116 ut
1782 4063 2146 4130 desipientum
2177 4072 2356 4115 astro-

786 4156 1031 4224 logorum
1078 4154 1296 4208 videtur
1347 4155 1572 4208 vanitati
1595 4195 1608 4215 ,
1639 4156 1734 4208 sed
1764 4170 1861 4223 per
1895 4155 2007 4208 lucc
2034 4170 2155 4221 qua:
2191 4169 2358 4222 appa-

788 4261 912 4304 rent
956 4251 1242 4303 luminaria
1274 4260 1331 4304 et
1355 4251 1561 4312 stellas,
1598 4251 1862 4304 docemur
1903 4250 2055 4318 signa
2096 4249 2357 4318 spiritua-

789 4347 882 4408 lia,
906 4355 961 4400 et
996 4353 1260 4413 tempora,
1295 4353 1350 4398 et
1394 4359 1588 4406 annos,
1611 4353 1668 4396 et
1711 4344 1954 4404 ordines,
1985 4350 2042 4394 et
2083 4342 2355 4410 guberna-

789 4437 1018 4498 tionem,
1046 4444 1101 4488 et
1154 4435 1412 4504 mysteria
1469 4433 1838 4487 admirabilia.
1873 4433 1947 4486 De
2006 4433 2113 4485 illis
2173 4441 2356 4484 autem

2458 588 2555 639 rali
2607 605 2796 641 eorum
2850 593 3095 658 positura
3145 604 3198 645 ct
3242 605 3412 646 motu.
3441 596 3494 648 Si
3537 599 3660 666 quis
3687 610 3871 653 autem
3915 601 4020 652 vim

2455 680 2621 732 habet
2672 691 2818 734 recte
2869 686 3232 752 cognoscendi
3279 704 3341 740 ac
3386 689 3722 754 dijmlicandi
3756 733 3768 750 ,
3825 703 4021 760 estque

2451 771 2583 837 legis
2616 772 2816 826 divina:
2838 777 3088 841 cognitor
3116 788 3166 829 et
3201 779 3389 841 lector,
3420 783 3561 849 legat
3594 783 3930 836 intrinsecus
3970 794 4022 835 et

2449 866 2791 919 extrinsecus
2825 868 3039 921 divinas
3075 871 3286 923 talmlas
3316 887 3343 923 a
3378 873 3486 926 lteo
3521 875 3773 940 scriptas,
3813 887 3871 928 ut
3903 892 4023 942 quze

2449 959 2790 1013 extrinsecus
2828 961 3050 1028 quidem
3097 963 3472 1026 intelligantur
3523 967 3822 1017 secundum
3874 969 4018 1018 litte-

2453 1066 2563 1102 ram
2587 1091 2600 1111 ,
2635 1051 2966 1105 intrinsecus
3001 1064 3179 1106 autem
3221 1057 3521 1108 scentulum
3570 1059 3844 1125 Spiritum.
3883 1061 4022 1111 Sunt

2452 1149 2632 1191 autem
2683 1141 2800 1193 diue
2844 1159 3062 1210 quoque
3107 1145 3304 1196 tabula'
3346 1147 3633 1204 coelornln.
3664 1165 3784 1214 qua:
3826 1149 4022 1200 intrin-

2453 1245 2612 1284 secus
2650 1232 2873 1298 quidem
2935 1237 3117 1286 l'eruut
3159 1237 3366 1288 ratione
3423 1239 3676 1304 praalitas
3716 1241 3906 1292 stellas
3967 1250 4020 1291 et

2450 1325 2770 1388 angelorum
2805 1335 2860 1377 et
2907 1329 3282 1394 angelicorum
3332 1332 3720 1384 Ill\'SlCt‘l0l‘|llIl
3749 1347 3812 1384 ac
3847 1333 3992 1384 ratio

2451 1432 2602 1469 qun.
2633 1416 2977 1469 extrinsecus
3023 1431 3204 1472 autem
3259 1422 3441 1474 stellas
3490 1439 3612 1490 qua:
3661 1424 3868 1476 cadunt
3918 1424 4020 1476 sub

2451 1518 2775 1576 aspectum:
2825 1519 2878 1562 et
2928 1527 3116 1563 earum
3171 1512 3542 1565 describentes
3585 1515 3872 1582 :enigmata
3925 1531 4022 1582 per

2448 1612 2545 1649 cas
2591 1615 2712 1666 quae
2768 1612 2894 1653 sunt
2940 1602 2992 1652 iu
3026 1602 3156 1669 ipsis
3192 1605 3411 1669 figuras,
3448 1605 3671 1672 locaque
3719 1615 3773 1658 et
3822 1623 4021 1658 cursus

2449 1690 2814 1751 differentias,
2845 1709 2943 1745 nos
2972 1694 3232 1747 docentes
3259 1695 3619 1754 differentias,
3656 1705 3711 1749 et
3745 1707 4019 1765 tempora,

2449 1793 2504 1835 et
2541 1785 2680 1845 loca,
2720 1795 2774 1836 et
2813 1802 3011 1844 ultores.
3050 1800 3104 1841 ct
3143 1804 3356 1848 cursus,
3389 1799 3445 1841 et
3482 1791 3857 1857 apparitiones
3897 1809 4023 1844 san-

2448 1884 2660 1926 ctorum
2692 1876 2782 1943 qui
2831 1877 3126 1931 illuxerunt
3177 1879 3228 1931 in
3269 1884 3612 1932 firmamento
3655 1882 3802 1938 fidei.
3832 1883 3928 1950 qui
3957 1899 4022 1934 ex

2449 1966 2558 2018 alto
2591 1982 2691 2017 nos
2742 1967 3141 2020 illuminarunt.
3181 1971 3478 2038 Propterea
3530 1972 3648 2023 alia:
3694 1973 3920 2040 quidem
3957 1989 4020 2024 ex

2449 2058 2643 2116 stellis,
2683 2069 2840 2110 nocte
2892 2059 3068 2112 adhuc
3121 2071 3403 2114 crescente
3439 2067 3684 2129 (errore,
3747 2065 4020 2132 inquam.)

2446 2149 2776 2202 exoriuntur
2805 2170 2816 2202 :
2854 2151 3161 2219 cujusmodi
3187 2154 3411 2206 fuerunt
3438 2153 3596 2214 Abel,
3628 2165 3682 2207 et
3721 2155 3937 2214 l-Inoch,
3965 2165 4021 2206 et

2447 2242 2581 2300 Noe,
2631 2252 2686 2294 et
2738 2243 3034 2295 Abraham.
3065 2245 3198 2298 Alia:
3242 2253 3424 2297 autem
3482 2261 3673 2299 rursus
3737 2246 3788 2298 in
3837 2246 4021 2299 medio

2449 2331 2586 2384 lucis
2614 2342 2669 2384 et
2704 2333 3076 2395 tenebrarum,
3117 2336 3307 2402 quales
3346 2337 3601 2390 novimus
3635 2354 3730 2391 eos
3758 2339 3853 2406 qui
3902 2338 4023 2390 fue-

2450 2432 2577 2475 runt
2607 2421 2661 2476 in
2691 2423 2826 2491 lege.
2862 2424 2993 2476 Alia!
3036 2433 3443 2478 autem‘rursus
3482 2428 3815 2494 procedente
3858 2438 4023 2479 nocte

2447 2523 2502 2566 et
2531 2515 2619 2567 die
2647 2515 3143 2584 appropinquante,
3179 2516 3270 2584 qui
3300 2526 3428 2570 sunt
3455 2518 3597 2570 beati
3639 2518 3944 2586 prophetaz,
3969 2525 4025 2569 et

2455 2606 2713 2673 Baptista,
2745 2616 2800 2658 et
2826 2607 3058 2658 maxime
3082 2608 3175 2675 qui
3207 2617 3364 2661 erant
3393 2609 3687 2677 propinqui
3736 2609 4023 2677 splendori

2449 2709 2604 2748 ortus
2635 2696 2869 2748 honuni.
2898 2697 3141 2760 Quorum
3177 2699 3400 2765 quidem
3446 2700 3845 2768 prophetarum
3891 2699 4026 2752 ulti-

2453 2806 2572 2841 mus
2599 2798 2652 2842 et
2683 2789 2928 2841 omnium
2952 2790 3314 2851 clarissimus,
3340 2801 3597 2857 tanquam
3621 2791 3822 2845 lucifer
3844 2803 4025 2845 matu-

2453 2880 2617 2940 tinus,
2650 2880 2780 2931 solis
2804 2888 3020 2945 (nempe
3047 2877 3274 2942 Christi)
3300 2893 3607 2944 praecursor
3628 2879 3870 2933 Joannes
3891 2919 3906 2943 ,
3939 2879 4023 2931 di-

2451 2986 2619 3024 cens:
2652 2971 2784 3024 Ecce
2823 2980 2933 3039 post
2969 2988 3048 3022 mc
3078 2972 3256 3023 oritur
3294 2971 3499 3024 mmulo
3525 2973 3854 3040 soljustitia‘.
3889 2971 4024 3041 :qui

2453 3080 2577 3116 cum
2617 3074 2761 3117 esset
2785 3074 3011 3116 exortus
3037 3074 3092 3117 et
3121 3081 3375 3132 egressus
3400 3080 3464 3117 ex
3489 3065 3645 3132 aquis
3674 3065 4020 3125 Jordanis",

2376 3187 2418 3241 ο
2454 3155 2700 3208 diluculo
2750 3155 2991 3208 ostendit
3032 3155 3322 3209 duodecim
3357 3155 3553 3208 donms
3597 3155 4021 3222 discipulorum,

2452 3245 2545 3312 qui
2580 3255 2710 3297 sunt
2737 3247 2906 3298 stella:
2926 3262 3045 3313 quze
3070 3246 3352 3298 continent
3377 3256 3432 3298 et
3461 3246 3814 3298 dominantur
3843 3247 4024 3298 omni-

2454 3339 2557 3391 bus
2610 3337 2787 3391 stellis
2837 3337 3195 3399 firmamenti,
3238 3353 3433 3406 nempe
3478 3338 3749 3390 Ecclesia}.
3778 3337 3940 3401 Quod
3979 3338 4024 3391 εἰ

2456 3429 2536 3480 vis
2566 3427 2761 3480 melius
2790 3428 3002 3480 discere
3038 3429 3218 3493 aliqua
3252 3428 3418 3480 etiam
3458 3426 3679 3479 nomina
3715 3428 3886 3496 hujus
3929 3428 4022 3496 qui

2453 3527 2573 3572 erat
2603 3519 2897 3587 aliquando
2928 3519 3195 3571 Zodiacus
3227 3519 3468 3571 circulus
3497 3518 3752 3571 Ecclesia:
3777 3558 3791 3580 ,
3823 3533 4024 3586 nempe

2454 3613 2745 3666 duodecim
2793 3611 3076 3664 stellarum
3124 3610 3569 3678 apostolicarmu,
3603 3609 3898 3662 considera
3937 3609 4027 3660 ﬁr-

2457 3705 2716 3758 mamenti
2745 3703 3038 3756 duodecim
3075 3701 3491 3770 appellationes.
3519 3702 3610 3754 liae
3638 3710 3820 3753 autem
3846 3710 3979 3754 sunt
4009 3741 4022 3753 .

2456 3798 2642 3865 Virgo,
2666 3795 2963 3864 Hesperus,
2986 3794 3145 3863 Lyra,
3170 3793 3408 3855 Gemini,
3426 3793 3556 3855 Leo,
3581 3793 3818 3852 Taurus,
3843 3792 4024 3852 Aries,

2458 3888 2808 3958 Sagittarius,
2849 3886 3140 3954 Aquarius,
3200 3885 3405 3947 Pisces,
3455 3884 3735 3952 Scorpius,
3787 3882 4025 3942 Cancer,

2457 3989 2512 4034 et
2544 3981 2649 4032 alia
2703 3981 2958 4047 plurima.
2996 3977 3100 4030 Sed
3139 3993 3202 4029 ea
3235 3976 3457 4044 quidem
3494 3975 3745 4029 fabulose
3791 3985 3848 4028 et
3894 3976 4030 4028 falso

2456 4081 2586 4126 sunt
2634 4072 2946 4139 appellata,
3002 4070 3054 4121 in
3121 4069 3465 4120 firmamento
3532 4075 3713 4118 autem
3767 4065 4031 4119 Ecclesiae

2459 4162 2818 4231 spiritualiter
2863 4171 2917 4214 et
2958 4175 3173 4226 semper
3219 4158 3424 4211 lucent.
3463 4155 3638 4210 [labet
3667 4157 3816 4209 enim
3852 4157 4032 4226 γίτεί-

2459 4270 2582 4308 nem
2628 4254 2839 4307 stellam
2904 4251 3146 4304 Ecclesia
3207 4249 3509 4310 luminare,
3542 4261 3737 4316 nempe
3782 4257 4032 4301 sanctam

2461 4346 2740 4416 Virginem
2771 4386 2785 4407 ,
2837 4353 2892 4397 et
2931 4359 3028 4397 eos
3075 4345 3163 4412 qui
3218 4343 3410 4410 seipse;
3464 4348 3768 4392 castrarunt
3815 4350 4032 4409 propter

2464 4455 2679 4508 regnum
2711 4436 3032 4490 actorum“.
3056 4435 3132 4487 Ex
3145 4434 3347 4500 quibus
3363 4434 3586 4486 fuerunt
3600 4433 3765 4484 etiam
3784 4433 4032 4502 quinque

789 4529 915 4582 dico
946 4528 1120 4582 stellis
1137 4542 1259 4596 quae
1291 4526 1674 4579 illuminarunt
1695 4533 1751 4578 et
1773 4526 1825 4578 in
1848 4525 1990 4578 viam
2012 4525 2353 4578 deduxerunt
2388 4521 2430 4574 D
2460 4534 2565 4587 ma,
2591 4531 2829 4599 virgines
2857 4545 2979 4597 qua;
2997 4527 3173 4580 media
3191 4539 3352 4579 nocte
3370 4535 3629 4592 tanquam
3650 4524 3821 4576 stella:
3845 4525 4032 4577 lumen

790 4635 957 4688 super
996 4627 1197 4671 terram
1228 4627 1538 4670 sanctorqu
1571 4617 1942 4684 apostolorum
1983 4626 2036 4669 et
2061 4615 2355 4684 propheta-

791 4727 914 4764 rum
938 4722 994 4765 et
1023 4712 1310 4766 doctorum
1367 4710 1460 4778 qui
1517 4710 1897 4762 illuminantur
1927 4724 1958 4761 a
2021 4708 2145 4762 Sole
2187 4708 2352 4776 justi-

794 4807 899 4867 tite,
931 4816 986 4858 et
1012 4805 1202 4858 dicunt
1231 4821 1246 4856 :
1279 4803 1355 4856 De
1392 4802 1717 4870 plenitudine
1759 4803 1871 4869 ejus
1896 4817 1988 4853 nos
2011 4817 2187 4853 omnes
2215 4801 2353 4852 acci-

793 4898 960 4965 pimus
983 4897 1051 4949 ".
1076 4895 1218 4960 Quid
1256 4895 1403 4949 enim
1432 4906 1551 4948 erat
1578 4895 1804 4947 omnino
1837 4909 1975 4961 opus
2001 4893 2172 4946 stellis
2197 4893 2219 4944 ?
2246 4891 2356 4945 Cur

794 4999 972 5042 autem
998 5005 1108 5042 non
1137 4987 1280 5042 facta
1318 4995 1401 5041 est
1425 4987 1553 5041 luna
1577 4997 1845 5056 perpetuo
1873 4985 2031 5055 plena
2061 4994 2117 5039 et
2140 4995 2355 5038 noctem

796 5081 1182 5135 illuminabat?
1214 5077 1357 5145 Quid
1403 5089 1587 5133 autem
1621 5080 1786 5133 etiam
1829 5080 2053 5148 juvatur
2082 5087 2355 5137 creatura.

795 5173 942 5243 quod
980 5172 1179 5225 attinet
1213 5170 1280 5224 ad
1307 5170 1571 5230 litteram,
1601 5186 1667 5224 ex
1697 5179 1822 5223 ortu
1854 5177 1910 5222 et
1956 5168 2355 5221 instauratione

795 5275 850 5318 et
885 5265 1100 5319 defectu
1152 5264 1341 5318 lunaz?
1373 5263 1517 5329 Quid
1551 5273 1732 5316 autem
1773 5262 1909 5315 lucri
1949 5260 2077 5313 facit
2114 5260 2360 5313 Ecclesia

796 5356 987 5409 videns
1019 5372 1140 5409 eam
1171 5370 1292 5423 quae
1320 5355 1526 5409 dicitur
1553 5354 1706 5414 Ursa,
1741 5367 1863 5420 quae
1892 5367 2169 5418 nunquam
2213 5351 2361 5404 oeci-

796 5447 1085 5512 dit?Quid
1135 5449 1302 5502 etiam
1346 5446 1622 5502 Pleiadcm
1681 5445 2015 5498 unanimiter
2071 5444 2361 5498 ducentem

798 5540 1027 5592 chorum
1053 5555 1146 5592 sex
1176 5539 1455 5593 stellarum
1484 5538 1507 5589 ?
1536 5537 1669 5590 Alia:
1707 5551 1924 5604 quoque
1951 5545 2078 5588 sunt
2109 5537 2362 5589 imunue-

800 5630 999 5684 rabiles
1031 5631 1216 5700 ﬁgura:
1251 5637 1306 5684 et
1341 5629 1560 5683 nomina
1604 5627 1658 5680 in
1707 5627 1869 5680 astris
1911 5626 2262 5689 firmamenti,
2298 5644 2364 5681 ex

869 5743 912 5771 ⁶²
945 5741 1100 5794 Joan.
1126 5757 1163 5799 ι,
1200 5740 1284 5792 16.

1359 5739 1403 5771 ⁸⁸
1426 5739 1590 5792 Marc.
1625 5755 1663 5801 ι,
1697 5739 1763 5792 16
1798 5754 1948 5806 seqq.

803 5827 840 5878 I,
873 5810 953 5864 10.

2027 5738 2069 5768 ⁸³
2095 5737 2284 5792 Matth.
2322 5754 2427 5798 nx,

2463 4622 2774 4692 lampadum
2851 4617 3241 4672 accenderunt.
3297 4615 3474 4668 llahet
3547 4614 3715 4667 etiam
3785 4613 4034 4668 Ecclesia

2461 4715 2719 4770 Geminos
2771 4711 3005 4775 stellam,
3035 4710 3322 4770 Thomam,
3350 4707 3444 4775 qui
3500 4705 3705 4759 dicitur
3743 4705 4032 4759 Geminus.

2464 4807 2637 4860 Habet
2678 4805 2938 4864 Leonem,
2968 4816 3166 4869 nempe
3207 4800 3430 4852 Lucam.
3472 4797 3607 4850 Nam
3657 4805 3714 4850 et
3752 4797 3866 4850 Leo
3901 4814 4034 4852 cou-

2464 4910 2682 4968 spectus
2729 4906 2812 4949 est
2864 4896 2921 4947 in
2957 4893 3244 4960 Seraphim
3273 4892 3341 4954 “,
3369 4889 3817 4959 quandoquidem
3849 4890 3921 4943 ad
3955 4890 4036 4942 vi-

2467 5006 2588 5044 rum
2644 4988 2914 5056 optinmm
2975 4985 3198 5053 scripsit
3223 4981 3798 5051 Evangelium.Porro
3855 4991 4037 5034 autem

2464 5084 2600 5136 alios
2652 5095 2869 5149 quoque
2931 5078 3097 5131 habet
3144 5077 3351 5138 leones,
3379 5089 3519 5142 quos
3539 5073 3754 5141 peperit
3781 5071 4039 5125 Christus

2467 5175 2612 5229 sicut
2640 5172 2854 5225 catulus
2901 5168 3074 5222 leonis
3107 5167 3267 5226 Juda,
3303 5168 3396 5235 qui
3431 5165 3652 5234 quidem
3693 5163 4037 5232 imperarunt

2467 5275 2523 5319 et
2553 5278 2782 5334 regnum
2816 5262 3180 5315 obtinuerunt
3212 5260 3266 5311 in
3299 5259 3443 5311 feras
3473 5255 3774 5324 aliquando
3799 5255 4035 5315 belluas,

2470 5371 2667 5424 nempe
2711 5363 2922 5424 gentes.
2960 5352 3311 5421 Congregatio
3344 5349 3494 5403 enim
3529 5349 3726 5402 horum
3761 5357 4042 5399 taurorum

2469 5451 2521 5502 in
2555 5448 2792 5518 juvcucis
2814 5444 3268 5499 “Ecclesiarum.
3324 5441 3431 5495 Sed
3473 5450 3529 5494 et
3580 5440 3823 5493 Marcum
3879 5437 4041 5490 habet

2471 5541 2564 5608 qui
2621 5550 2879 5607 tanquam
2912 5537 3011 5590 bos
3057 5535 3312 5604 apparuit
3347 5534 3402 5587 in
3433 5532 3658 5587 animali
3700 5547 3795 5584 sex
3834 5545 4040 5599 penna-

2473 5642 2595 5680 rum
2618 5626 2684 5690 ⁶⁷,
2718 5625 2975 5708 quoniam
3011 5640 3040 5676 a
3083 5623 3369 5677 sacrificiis
3404 5622 3628 5692 inca-pit
3660 5619 4038 5688 Evangelimu.

2474 5738 2558 5792 19..
2637 5739 2680 5770 ⁸⁸
2714 5738 2912 5791 Ezech.
2939 5754 2974 5794 I.
3007 5735 3092 5788 10.
3171 5737 3214 5766 ⁶⁶
3237 5737 3356 5791 Psal
3413 5751 3573 5800 uvu,
3599 5734 3689 5788 2|.
3767 5732 3811 5763 "
3838 5727 4037 5783 Ezecb.
