4200 6440
773 438 865 504 911

1965 421 2024 476 S.
2067 411 2460 472 ANASTASH
2499 406 2825 468 SlNAIT/E

3910 392 4016 454 912

774 553 1039 611 Ecclesia.
1086 545 1244 601 Aliud
1280 543 1429 598 enim
1461 541 1565 594 fuit
1607 549 1822 605 tempus
1861 533 2258 602 apostolorum,
2283 536 2338 581 ct
2371 537 2408 589 Α
2439 537 2495 580 et
2531 526 2900 583 illuminantc,
2950 536 3145 590 nempe
3177 521 3326 580 luna,
3380 519 3451 568 ita
3491 517 3656 566 etiam
3690 529 3755 565 ex
3819 510 4013 562 iisdem

775 646 926 702 aliud
959 654 1177 711 tempus
1221 645 1537 690 sanctorum
1591 631 1683 700 qni
1736 627 2065 684 allen-bant,
2099 634 2155 676 et
2188 620 2337 674 aliud

775 749 1093 796 sanctorum
1145 737 1468 799 martyrum,
1493 732 1548 777 et
1587 721 1736 774 aliud
1775 728 1990 784 tempus
2024 714 2339 766 doctorum.

780 835 852 887 De
885 831 972 884 his
1000 825 1175 880 stellis
1208 823 1318 875 Deo
1348 818 1483 870 dicit
1512 814 1682 868 etiam
1711 809 1878 865 David
1910 827 1921 860 :
1964 806 2065 870 Qui
2103 810 2341 857 mouerat

780 921 1172 979 multitmlincm
1201 913 1504 971 stellarum,
1535 915 1582 960 ct
1616 903 1854 957 omnibus
1902 903 1973 952 eis
2006 899 2222 951 nomina
2253 911 2343 946 vo-

778 1027 859 1068 cat
901 1014 966 1064 ⁸³.
1007 1011 1120 1064 lloc
1151 1017 1256 1068 est,
1288 1019 1355 1055 ex
1388 1002 1456 1053 iis
1496 1001 1634 1053 alios
1684 995 1910 1064 quidem
1943 1001 2098 1044 vorat
2134 1001 2342 1046 servos,

778 1111 917 1163 alios
970 1113 1151 1158 autem
1208 1094 1598 1152 ntercenarios,
1657 1090 1798 1140 alios
1856 1102 1985 1139 vero
2040 1079 2344 1149 operarios,

779 1203 920 1255 alios
951 1205 1133 1252 autem
1158 1190 1384 1247 amicos,
1421 1186 1560 1238 alios
1588 1191 1774 1236 autem
1809 1189 2013 1248 patres.
2039 1174 2174 1226 Nam
2202 1172 2247 1224 si
2281 1169 2349 1222 de

780 1289 1068 1362 corporeis
1093 1284 1270 1339 stellis
1303 1281 1407 1333 ltoc
1442 1273 1805 1333 intellexeris,
1835 1285 1941 1322 non
1982 1264 2233 1320 invenies
2255 1262 2348 1331 qui

778 1403 874 1439 cas
933 1381 1064 1435 fecit
1096 1380 1263 1431 Deum
1327 1370 1629 1437 unicuique
1690 1365 1977 1434 proprium
2022 1357 2351 1427 iit-posuisse

783 1493 1004 1534 nomen,
1044 1480 1238 1542 przeter
1263 1477 1590 1520 commune:
1649 1468 1838 1528 postea
1869 1456 2015 1507 eniz'
2068 1450 2351 1504 ttontinunt

785 1567 1072 1639 sapientia,
1103 1561 1268 1614 aliam
1292 1557 1516 1626 quidetn
1543 1544 2160 1614 vocavitSagittariunt,
2188 1541 2351 1592 aliant

789 1681 918 1716 vero
949 1657 1193 1717 Daciam,
1226 1652 1389 1706 aliant
1423 1655 1608 1700 autent
1637 1644 1910 1699 l’rcstera,
1936 1636 2098 1689 aliam
2131 1633 2353 1703 Typho-

787 1774 933 1816 nent,
969 1753 1130 1806 aliam
1158 1742 1529 1813 Latnpadiam,
1568 1737 1729 1791 aliam
1780 1732 2100 1801 Pogoniant,
2123 1727 2354 1780 ctaliam

786 1851 946 1902 aliter
977 1839 1289 1913 appellavit.
1325 1837 1400 1889 De
1431 1834 1519 1886 his
1548 1829 1724 1884 stellis
1768 1823 2050 1882 Ecclesiae,
2086 1821 2358 1888 intelliges

2445 621 2662 673 duabus
2683 620 2848 671 rebus
2873 615 3256 684 spiritualibus
3283 617 3640 676 regent-ratur
3663 618 3717 658 ct
3740 605 4014 656 lorntatnr

2444 717 2609 768 ltonto
2643 722 2833 765 noster
2868 713 3140 767 internus,
3175 707 3266 774 qui
3299 721 3361 755 e.\
3389 706 3513 754 luna
3543 699 3788 768 quidem,
3821 711 4018 764 nempe

2448 810 2715 870 Ecclesia,
2754 808 3001 860 nascitur
3029 821 3124 873 per
3148 820 3343 871 aquam
3373 811 3429 852 et
3460 800 3747 866 Spiritum.

2518 906 2653 958 Audi
2681 904 2914 956 ellattda
2942 920 3061 970 quze
3106 910 3234 952 sunt
3273 899 3324 950 itt
3365 899 3450 950 his
3492 895 3790 948 inclTabilia
3822 902 3878 945 et
3921 890 4019 943 atl-

2451 995 2742 1049 Iuiraltilia.
2774 994 3061 1058 Quomodo
3115 992 3246 1043 solis
3289 1001 3342 1042 et
3393 989 3536 1040 luna:
3585 1002 3752 1038 unum
3795 984 4017 1052 quidem

2450 1099 2525 1140 cst
2561 1089 2922 1156 inspectabile
2957 1106 2967 1115 ·
3010 1089 3244 1138 alterum
3283 1095 3467 1136 atttettt
3512 1090 3596 1133 est
3655 1078 3925 1144 ejusmodi
3963 1084 4024 1126 nt

2451 1184 2607 1235 catlat
2635 1182 2737 1235 sub
2767 1190 3075 1247 aspectum,
3106 1188 3292 1246 aperte
3340 1177 3498 1228 nobis
3544 1174 3779 1225 clamant
3813 1179 4021 1236 tnvstc-

2455 1275 2594 1326 rinm
2638 1273 2845 1325 Christi
2899 1281 2954 1324 et
2992 1271 3249 1324 Ecclesiw
3284 1269 3350 1319 iis
3391 1267 3483 1335 qui
3518 1265 3568 1319 id
3598 1264 3791 1315 volunt
3816 1261 4027 1313 intelli—

2453 1386 2578 1434 gere
2605 1365 2995 1435 spiritualiter.
3023 1364 3156 1415 Nam
3183 1365 3418 1414 alterunt
3447 1359 3669 1427 quidem
3702 1364 3784 1406 est
3823 1353 4028 1405 subtile

2457 1465 2509 1514 itt
2547 1475 2732 1529 tvpttm
2786 1457 3118 1516 divinitatis,
3155 1457 3386 1506 alterum
3443 1460 3626 1504 autent
3679 1462 3927 1502 crassum
3959 1443 4034 1504 ad.

2457 1554 2748 1618 imaginem
2785 1549 3161 1603 humanitatis.
3192 1548 3324 1599 Nam
3379 1545 3608 1612 spiritus
3633 1542 3859 1609 quidem
3893 1539 4030 1590 latet

2459 1646 2515 1698 itt
2568 1662 2742 1712 aqua,
2799 1641 3023 1710 sanguis
3070 1649 3254 1692 autem
3315 1635 3744 1705 iuaspeetabilis.
3781 1634 3916 1684 latet
3975 1630 4026 1682 in

2458 1753 2714 1806 corpore.
2760 1737 2880 1789 ll:ec
2902 1745 3096 1803 etqtne
3119 1741 3245 1784 sunt
3280 1730 3551 1800 ejusmodi
3587 1744 3649 1779 tte
3676 1727 4029 1790 legerim-an-

2462 1831 2747 1883 vcnienler
2795 1828 3041 1880 scienti:e
3095 1823 3421 1885 lllCtllt‘lllIL',
3477 1822 3570 1875 sed
3627 1818 4034 1870 convenienter

784 1952 838 1994 et
871 1895 1026 2007 quod.
1046 1895 1098 1985 in
1131 1939 1330 1984 octavo
1366 1924 1575 1994 psalmo
1601 1921 1810 1973 dictum
1842 1925 1927 1970 est
1954 1915 2021 1967 ad
2048 1913 2352 1966 Christum:

2484 1921 2760 1992 pirituali,
2815 1919 3092 1987 siquidem
3123 1916 3308 1970 credis
3343 1914 3489 1982 quod
3523 1914 3668 1966 Dens
3693 1909 3881 1963 omnia
3903 1906 4033 1959 fecit

789 2035 992 2085 Lunam
1023 2035 1068 2077 et
1092 2022 1275 2076 stellas
1317 2034 1449 2086 quas
1509 2027 1564 2065 tu
1621 2011 1855 2080 fundasti
1911 2009 1976 2059 "".
2010 2008 2120 2059 Cttr
2175 2012 2359 2056 atttent

788 2140 897 2178 non
930 2120 1103 2175 dixit:
1142 2115 1207 2169 Et
1251 2112 1416 2165 solem
1449 2109 1472 2160 ?
1503 2104 1802 2172 Quoniam,
1835 2102 1980 2155 sient
2020 2098 2172 2167 prius
2222 2095 2358 2155 dixi,

791 2231 918 2269 vera
949 2222 1006 2266 et
1042 2217 1190 2263 certa
1216 2202 1421 2258 Christi
1444 2200 1618 2270 ﬁgura
1652 2207 1738 2252 est
1761 2196 1870 2249 sol:
1897 2193 2150 2247 Christus
2176 2199 2362 2241 autem

791 2323 900 2361 non
932 2298 1340 2358 fuitfnndatus,
1390 2308 1496 2346 nec
1554 2290 1708 2344 stetit
1740 2289 1791 2341 in
1840 2289 2184 2338 ﬁrmamento
2213 2278 2360 2339 cmli,

791 2400 885 2455 sed
916 2411 1081 2466 supra
1103 2391 1274 2447 C(IBIOS
1314 2389 1370 2442 in
1404 2387 1603 2439 throno
1623 2379 1974 2435 Chernbico:
2010 2391 2134 2428 nam
2155 2373 2222 2424 de
2247 2372 2366 2440 ipso

792 2493 978 2545 dictus
1007 2493 1093 2540 est
1125 2492 1274 2536 totus
1294 2477 1568 2548 psalmus:
1605 2472 1872 2536 Quoniam
1902 2467 2108 2519 clcvata
2138 2472 2212 2516 est
2254 2479 2367 2513 ma—

796 2579 1102 2651 gniﬁcentia
1130 2583 1221 2625 tua
1245 2586 1404 2640 super
1434 2566 1608 2626 actos,
1638 2564 1726 2633 qui
1767 2577 1828 2613 cx
1863 2576 1952 2611 ore
1997 2557 2281 2625 infantium
2320 2561 2368 2602 et

797 2644 1105 2728 iet-tentiam
1133 2664 1396 2735 perfeciin
1429 2659 1658 2719 (amicat,
1682 2666 1739 2708 et
1788 2652 1882 2722 qui
1929 2664 2160 2718 magnus
2190 2644 2371 2715 ponti—

802 2772 889 2820 l'ex
918 2757 1292 2832 pertransiisti
1325 2754 1515 2808 carlos.
1555 2749 1691 2801 Eunt
1735 2753 1920 2798 autem
1966 2742 2060 2810 qui
2116 2739 2183 2792 ad
2231 2739 2372 2789 hanc

800 2828 974 2926 usque
1017 2853 1285 2908 litteram,
1320 2841 1686 2911 corporaliter
1720 2834 1980 2903 intelligit
2012 2832 2281 2885 rationent
2303 2828 2371 2881 de

799 2920 940 3002 ein-lo
969 2953 1027 2996 et
1075 2941 1190 2995 sole
1246 2945 1301 2990 et
1335 2936 1466 2989 luna
1499 2939 1556 2986 et
1603 2928 1802 2989 stellis,
1860 2926 2043 2995 arguit
2075 2924 2191 2991 ipsa
2228 2920 2374 2974 Scri-

801 3051 961 3110 ptura
985 3035 1173 3090 divina
1195 3045 1322 3084 eum
1346 3043 1455 3081 non
1482 3027 1570 3094 pie
1590 3022 1763 3075 sacris
1789 3018 2109 3073 incumbere
2129 3014 2372 3067 Litteris.

799 3105 1017 3186 Dictum
1052 3133 1139 3180 est
1160 3123 1310 3178 enim
1334 3120 1388 3173 in
1424 3116 1644 3187 hymnis
1670 3113 1875 3166 David.
1926 3109 2166 3162 Lamlate
2199 3105 2375 3157 Domi-

2465 2015 2516 2066 in
2547 2012 2838 2082 sapientia.
2876 2011 3070 2078 Cogita
3096 2009 3287 2066 etiam.
3321 2025 3429 2082 non
3468 2007 3520 2058 itt
3550 2005 3656 2058 hoc
3689 2011 3890 2072 quarto
3920 2000 4032 2056 dic.

2462 2116 2517 2160 et
2558 2108 2610 2159 in
2641 2105 2917 2176 mysteriis
2943 2119 3066 2172 qua:
3094 2105 3146 2155 itt
3178 2103 3296 2170 ipso
3331 2076 3470 2152 facta
3497 2106 3624 2151 sunt
3669 2097 3734 2149 de
3773 2094 3914 2157 sole,
3968 2091 4036 2145 dc

2465 2201 2616 2259 luna,
2639 2208 2696 2251 et
2733 2198 2801 2251 de.
2837 2198 3034 2257 stellis,
3062 2205 3115 2248 ct
3144 2195 3210 2247 de.
3250 2193 3454 2246 Christi
3488 2190 3732 2243 Ecclesia
3753 2195 3808 2240 et
3851 2184 4038 2252 bapti-

2466 2301 2662 2352 smate,
2696 2291 2846 2344 etde
2874 2291 3132 2343 omnibus
3169 2287 3383 2340 ueteris
3421 2301 3511 2337 sex
3545 2284 3784 2341 dierum,
3817 2295 3944 2348 qua:
3981 2278 4034 2329 itt

2467 2395 2660 2454 quarto
2689 2385 2776 2438 die
2808 2384 3017 2440 saeculi.
3053 2383 3156 2434 hoc
3181 2391 3264 2434 est
3314 2380 3365 2432 ia
3391 2386 3591 2447 quarto
3647 2373 3985 2432 ntillcnario,
4009 2384 4041 2422 a

2473 2482 2581 2533 Deo
2611 2495 2708 2548 per
2759 2477 2943 2529 Mosen
2989 2477 3042 2528 itt
3081 2475 3242 2526 Israel
3293 2473 3498 2538 scripta
3552 2476 3760 2522 suntet
3787 2463 4044 2535 praeﬁgu-

2474 2582 2609 2631 rata,
2646 2581 2701 2623 ct
2729 2569 2888 2622 nobis
2917 2568 3158 2620 revelata
3187 2576 3240 2618 et
3268 2563 3561 2634 praedicta:
3603 2558 3827 2628 quando
3865 2555 4042 2608 maxi-

2474 2679 2558 2715 me
2597 2671 2652 2713 ct
2709 2669 2870 2729 typus
2928 2656 3278 2724 baptismatis
3331 2653 3434 2705 fuit
3481 2651 3533 2704 itt
3566 2648 3806 2702 Jordane
3852 2662 3881 2699 a
3916 2645 4045 2699 Jesu

2475 2755 2641 2809 Nave.
2703 2768 2770 2804 eo
2810 2752 2920 2803 illic
2974 2748 3288 2816 baptizante
3347 2745 3556 2811 absque
3615 2739 4045 2796 n‘tadefactionc,

2477 2848 2691 2904 Arcam,
2726 2857 2919 2909 nempe
2943 2839 3148 2894 Christi
3175 2837 3504 2895 Ecclesium,
3540 2834 3717 2886 adhuc
3767 2828 4049 2899 spirituali

2474 2945 2529 2989 ct
2589 2935 2793 2988 diurno
2844 2944 2893 2986 et
2956 2947 3122 2984 suave
3180 2929 3369 2982 lluettti
3419 2928 3714 2995 baptismo,
3758 2923 3855 2976 ubi
3882 2922 4052 2976 Jesus

2477 3042 2695 3096 quoque
2732 3025 2878 3079 Nave
2921 3025 3235 3091 baptizatus
3270 3022 3372 3074 fuit
3401 3030 3694 3079 nocturno,
3731 3015 3976 3074 marino,
4000 3021 4055 3066 et

2479 3119 2616 3172 falso
2653 3115 3097 3185 Mosaicotypico
3124 3114 3490 3181 baptismate:
3521 3109 3666 3178 quod
3707 3116 3900 3177 postea
3949 3105 4056 3159 fuit

802 3218 1050 3282 num,sol
1073 3225 1120 3268 et
1145 3208 1534 3276 luna;laudate
1555 3223 1695 3267 cum,
1719 3219 1895 3255 omnes
1921 3199 2150 3252 stelliect
2176 3196 2372 3246 Ituuen.
2405 3229 2447 3288 ϐ
2483 3213 2758 3266 redditum
2796 3208 3082 3278 ςνίτίιηηιρ
3124 3206 3385 3259 diurnum
3438 3215 3493 3257 οι
3525 3204 3786 3263 salutare,
3827 3199 4056 3269 quando

803 3313 1042 3368 Laudato
1067 3325 1209 3369 eunt,
1251 3303 1366 3357 cadi
1401 3299 1676 3359 malorum,
1704 3296 1956 3365 quoniam
2013 3294 2122 3360 ipse
2167 3289 2295 3340 dixit
2325 3295 2373 3338 et

804 3407 946 3473 farm
973 3409 1119 3461 sunt,
1146 3394 1333 3448 statuit
1361 3407 1422 3443 ea
1448 3391 1503 3442 in
1531 3386 1806 3447 smculum,
1830 3393 1878 3436 ct
1907 3385 1960 3436 in
1995 3379 2249 3434 sa’culum
2281 3394 2379 3430 sa:-

802 3470 930 3547 culi.
960 3491 1290 3556 Prasceptum
1321 3481 1516 3552 posuit,
1552 3488 1600 3530 ct
1632 3494 1737 3530 non
1764 3474 2050 3544 pra'tcribit
2073 3472 2139 3524 ⁸³.
2173 3470 2228 3521 Si
2249 3483 2379 3536 ergo

804 3581 1170 3641 statttitDeus
1215 3578 1270 3630 itt
1305 3574 1566 3629 saeculum
1600 3569 1808 3632 smeuli,
1833 3575 1896 3618 ut
1942 3571 2131 3618 essent
2167 3560 2293 3615 caeli
2323 3569 2380 3612 et

806 3679 890 3733 sol
927 3685 984 3729 et
1008 3675 1140 3727 luna
1161 3679 1217 3723 et
1238 3668 1431 3727 stellte,
1462 3661 1742 3732 quomodo
1801 3672 1994 3711 rursus
2050 3653 2189 3708 dicit
2236 3654 2381 3706 Deus

807 3788 906 3841 per
936 3764 1192 3823 eumdem
1227 3759 1587 3830 prophetam:
1613 3752 1741 3808 ϐατιὶ
1772 3751 2034 3822 peribunt,
2057 3755 2106 3800 et
2124 3755 2380 3814 tauquam

806 3864 1173 3916 vestimentum
1198 3857 1542 3911 veterasunt,
1567 3857 1617 3900 ct
1641 3848 1775 3900 sicut
1803 3844 2126 3914 opertorium
2149 3841 2380 3892 circum-

807 3955 1085 4009 volventur
1112 3949 1192 4010 ⁶⁶;
1230 3955 1287 3999 et
1316 3957 1509 3997 rursus
1526 3941 1665 3995 dicit
1693 3955 1795 4008 per
1812 3937 1982 3991 alium
2019 3934 2340 4004 prophetam
2365 3949 2376 3982 :

808 4045 1254 4106 Circumcolvetur
1303 4038 1491 4093 cadunt
1517 4047 1775 4105 tanquam
1804 4033 1932 4086 liber
1962 4033 2017 4084 in
2046 4045 2384 4083 consumma-

809 4143 948 4194 tione
984 4135 1320 4193 saeculorum,
1363 4140 1412 4183 ct
1452 4128 1565 4181 creti
1603 4138 1864 4195 tanquam
1897 4122 2024 4192 folia
2067 4122 2255 4173 cadent
2283 4121 2327 4152 ⁸⁷
2360 4119 2382 4170 ?

809 4232 986 4299 Quam
1025 4229 1096 4281 ob
1132 4241 1245 4280 rem
1289 4223 1406 4293 ipse
1447 4235 1669 4290 quoque
1723 4231 1917 4271 earum
1952 4223 2189 4274 creator,
2239 4212 2384 4265 Deus

811 4322 1077 4380 Verbum,
1098 4318 1280 4378 Jesns,
1302 4314 1472 4368 dicit:
1497 4311 1698 4366 Cwlum
1727 4318 1776 4361 et
1801 4316 1945 4359 terra
1974 4305 2276 4358 transibunt
2305 4303 2385 4353 Ml?

813 4413 1099 4481 Tanquam
1125 4408 1338 4478 ligone:
1365 4406 1583 4459 ﬁrtnunt
1615 4409 1801 4455 autem
1853 4399 2053 4455 caelum
2087 4396 2212 4449 ﬁdei
2273 4409 2384 4447 non

815 4502 1093 4565 transibit,
1143 4509 1200 4554 et
1229 4499 1432 4553 coelum
1475 4495 1623 4565 quod
1673 4492 1946 4554 cernitur,
1997 4489 2384 4556 exstinguetnr

816 4607 1074 4665 tanquam
1107 4591 1312 4661 ﬁgura:
1343 4589 1426 4642 sol
1451 4595 1658 4648 autent,
1689 4598 1888 4652 nempe
1915 4581 2173 4635 Christus
2217 4593 2380 4645 quem
2417 4577 2458 4630 D

814 4689 894 4742 sol
939 4681 1327 4756 praeﬁguravit,
1380 4681 1429 4734 is
1481 4687 1668 4732 manet
1733 4677 1787 4729 in
1851 4673 2114 4728 szeculunt
2171 4669 2379 4724 seculi.

815 4775 1084 4832 Similiter
1111 4773 1279 4827 etiam
1311 4770 1494 4842 typica
1552 4769 1679 4820 luna
1736 4764 1974 4835 peribit;
2032 4778 2165 4815 vera
2197 4769 2380 4814 autent

818 4870 948 4922 luna
971 4866 1233 4921 Ecclesia:
1257 4879 1420 4933 quam
1456 4862 1615 4932 prius
1641 4857 1962 4929 prredicavit
1995 4865 2052 4909 et
2090 4853 2385 4908 annuntia—

818 4961 899 5014 vit
926 4967 1220 5019 nocturna,
1263 4972 1376 5008 non
1413 4961 1754 5007 veterascet:
1811 4960 1867 5002 et
1926 4957 2130 5001 sancta:
2187 4946 2382 5006 stellze,

818 5065 1018 5119 nempe
1069 5048 1282 5102 ratione
1327 5045 1538 5114 praediti
1595 5042 1752 5097 chori
1812 5051 2156 5097 sanctorum,
2192 5035 2384 5090 a:terni

818 5151 1188 5214 permanent;
1223 5155 1413 5194 earnm
1467 5149 1648 5192 autem
1692 5136 1912 5205 ﬁgurae,
1959 5146 2158 5201 nempe
2215 5129 2386 5184 stella:

825 5235 1181 5304 temporales,
1223 5232 1424 5285 cadent
1456 5238 1716 5300 tanquam
1783 5227 1934 5287 folia,
1979 5225 2204 5292 quando
2247 5223 2386 5275 Iusti

823 5329 1094 5399 fulgebunt
1143 5338 1196 5380 ut
1252 5327 1350 5387 sol,
1389 5325 1492 5377 hoc
1545 5332 1650 5384 est,
1685 5320 1962 5374 Christus.
1997 5318 2178 5386 Ipsum
2216 5317 2387 5376 enim,

823 5430 886 5475 ιιι
916 5421 1116 5490 szepius
1143 5418 1390 5472 ostendit
1423 5415 1625 5479 oratio,
1647 5413 1963 5482 prmﬁgurat
1998 5411 2087 5463 hie
2122 5409 2234 5471 sol;
2259 5407 2389 5460 luna

823 5522 1028 5573 autem,
1085 5510 1410 5564 Eeelesiam.
1447 5506 1736 5573 Quomodo
1760 5505 1908 5559 enim
1931 5519 1997 5555 ex
2031 5501 2248 5555 duabus
2272 5517 2393 5552 cor-

825 5603 1010 5670 poreis
1034 5600 1396 5654 facultatibus
1418 5607 1631 5652 constat
1661 5607 1926 5650 externus
1978 5594 2143 5645 homo
2179 5602 2386 5648 noster.

825 5708 1022 5762 nempe
1050 5708 1117 5746 ex
1143 5692 1257 5745 sole
1290 5691 1634 5744 illuminantc
1667 5698 1724 5741 et
1755 5686 1925 5745 sicco,
1983 5692 2039 5737 et
2064 5699 2130 5735 ex
2161 5681 2390 5734 humido

895 5804 942 5836 ⁸³
979 5803 1118 5858 Psal.
1183 5819 1358 5862 CXLVI,
1408 5802 1460 5854 4.
1537 5801 1750 5855 “Psal.
1811 5815 1922 5860 vtu,
1987 5799 2038 5850 .l.
2117 5795 2341 5847 “Psal.

827 5875 872 5905 ⁸⁸
900 5874 1093 5929 Matth.
1128 5889 1274 5939 un,
1297 5873 1384 5926 35.

2405 5810 2584 5848 cxvut.
2641 5796 2755 5848 3-7.

2484 3305 2724 3374 Spiritus
2749 3300 3044 3355 descendit
3104 3300 3157 3351 itt
3194 3314 3414 3366 aquam,
3448 3305 3736 3365 postquam
3786 3293 4062 3347 Dominus

2478 3412 2545 3450 ex
2580 3411 2644 3448 ea
2675 3391 2940 3446 ascendit.
2967 3390 3154 3458 Neque
3178 3388 3326 3440 enim
3363 3386 3687 3456 purgatione
3719 3398 3862 3452 opus
3885 3381 4060 3434 habe-

2479 3489 2575 3542 bat
2609 3485 2993 3540 sanctissintus
3022 3481 3310 3541 Dominus,
3354 3491 3412 3532 ut
3473 3480 3628 3547 prius
3673 3473 4060 3530 descendente

2483 3579 2691 3647 Spiritu
2724 3576 2818 3644 qtti
2880 3589 3076 3643 aquam
3129 3572 3522 3633 sanctiﬁcarel,
3565 3570 3682 3639 ipse
3719 3566 4060 3636 baptismum

2481 3668 2809 3736 susciperet,
2849 3676 2906 3717 ut
2939 3664 2995 3716 lit
3041 3665 3096 3716 in
3126 3663 3324 3715 nobis:
3370 3661 3466 3714 sed
3515 3671 3574 3714 ut
3623 3659 3915 3713 amborum
3959 3656 4061 3709 ba-

2483 3762 2803 3830 ptisutatunt
2825 3757 2985 3811 .lesus
3013 3765 3164 3809 stans
3192 3755 3428 3810 medius.
3453 3754 3661 3822 aliquid
3693 3752 3921 3821 quidem
3968 3751 4065 3804 de-

2482 3851 2708 3922 pressit,
2751 3847 2958 3917 aliquid
2988 3862 3119 3900 vero
3151 3846 3403 3907 tradidit,
3448 3846 3631 3912 printo
3667 3846 3927 3913 protinus
3962 3860 4064 3899 ex-

2485 3943 2788 3998 terminata
2829 3955 2952 3992 cunt
2987 3938 3168 4007 primo
3204 3940 3427 4008 populo.
3463 3938 3562 3991 llic.
3591 3945 3677 3990 est
3705 3937 3865 3991 Jcsus
3888 3937 4066 3997 Nave.

2485 4031 2784 4103 primarius
2813 4029 3019 4083 Christi
3079 4039 3258 4099 typus,
3293 4029 3386 4097 qtti
3413 4038 3560 4081 stare
3613 4029 3744 4082 fecit
3797 4028 3972 4082 solem
4010 4028 4066 4082 in

2484 4125 2688 4185 Gabaa,
2720 4133 2776 4176 et
2798 4124 2985 4176 lunam
3023 4123 3077 4175 itt
3116 4122 3424 4184 Pltaranga,
3465 4123 3702 4173 alterunt
3729 4136 3796 4174 ex
3824 4119 4068 4173 adverso

2488 4219 2736 4279 alterius,
2786 4214 3068 4284 quomodo
3098 4213 3201 4266 fuit
3229 4229 3258 4266 a
3297 4213 3589 4282 principio.
3641 4213 3696 4266 ln
3733 4211 3940 4280 quibus
3967 4228 4072 4281 per

2487 4309 2725 4364 duorum
2759 4306 3117 4359 luminarium
3183 4304 3477 4358 stationem
3535 4311 3591 4355 ct
3641 4302 3898 4355 ﬁxionem
3941 4307 4096 4371 qttm'

2487 4412 2646 4458 erant
2669 4401 2724 4454 in
2752 4399 3004 4469 ﬁgurant.
3032 4398 3320 4466 perierunt
3368 4396 3533 4449 etiam
3565 4395 3753 4448 hostes
3775 4393 4068 4448 Ecclesiae.

2489 4491 2776 4560 Quomodo
2801 4501 2986 4544 autent
3016 4500 3276 4557 quartum
3319 4486 3689 4542 millenarittm
3732 4485 3918 4553 quarti
3956 4483 4071 4537 dici

2489 4586 2674 4640 saeculi
2708 4581 3055 4637 ostendimus
3082 4580 3381 4636 convenire
3410 4587 3612 4648 quarto
3670 4576 3781 4631 diei
3809 4590 3906 4629 sex
3943 4575 4072 4628 die-

2490 4695 2611 4734 runt
2661 4675 2992 4730 crcationis:
3066 4676 3142 4730 ita
3202 4675 3370 4728 ctiant
3409 4672 3766 4727 ostendemus
3814 4671 4075 4740 reliquos

2488 4787 2797 4842 congruere
2869 4785 3062 4824 eorum
3124 4769 3276 4838 paris
3337 4767 3556 4821 numeri
3607 4765 3937 4818 millenariis
3969 4780 4074 4818 suo

2489 4875 2762 4934 tempore,
2794 4864 2907 4918 Deo
2931 4863 3096 4916 dante
3123 4863 3283 4915 nobis
3332 4875 3648 4914 sermonem
3687 4859 3742 4910 in
3773 4858 4076 4926 apertione

2489 4957 2604 5011 oris
2629 4956 2825 5010 nostri.
2863 4954 3152 5021 Quomodo
3175 4964 3360 5007 autem
3391 4953 3558 5006 etiant
3582 4966 3648 5003 ex
3680 4950 3816 5019 ipsis
3842 4950 3991 5003 locis
4018 4950 4072 5003 in

2493 5050 2698 5119 quibus
2731 5049 2891 5103 Jesus
2953 5057 3099 5102 stare
3157 5046 3289 5100 fecit
3323 5046 3495 5099 solem
3539 5055 3594 5098 et
3661 5044 3872 5106 lunam,
3903 5042 4074 5097 ﬁdcnt

2495 5138 2699 5192 habeat
2727 5137 2946 5190 auditor
2972 5134 3213 5189 describi
3241 5144 3298 5186 et
3324 5131 3662 5202 prreﬁgurari
3691 5139 3898 5183 statum
3935 5140 3994 5185 et
4021 5131 4077 5184 itt

2496 5229 2666 5281 altum
2696 5227 3067 5279 sublationem
3100 5224 3311 5278 Christi
3343 5234 3398 5276 et
3432 5222 3714 5281 Ecclesim,
3744 5221 3898 5282 andi,
3925 5239 4081 5290 quze-

2499 5332 2582 5370 so.
2646 5315 2893 5376 Gabaon,
2941 5323 3046 5377 est,
3101 5314 3304 5368 sensim
3337 5333 3349 5363 :
3388 5313 3558 5367 [tanta
3611 5321 3818 5372 autent,
3884 5310 4077 5378 lingua

2503 5409 2811 5471 llebraica,
2858 5409 3153 5477 exponitur
3213 5408 3467 5460 altitudo.
3523 5405 3806 5473 Pltaranga
3862 5415 4077 5464 autem,

2497 5501 2770 5563 sublimis,
2809 5517 2902 5554 seu
2939 5504 2991 5554 itt
3028 5501 3196 5553 altum
3225 5500 3400 5552 elata:
3457 5498 3511 5551 itt
3561 5499 3730 5551 altum
3770 5497 4078 5550 elati.-ncut

2496 5590 2702 5644 Christi
2738 5600 2789 5643 ct
2821 5590 3369 5657 ECClt‘Sl:T‘(tltI0l‘lttll,
3399 5588 3644 5656 inquam,
3679 5586 4074 5639 luminartnml

2498 5699 2596 5752 per
2620 5684 2757 5738 duas
2803 5683 3204 5751 appellationes
3235 5682 3357 5734 loco
3400 5679 3746 5748 signiﬁcante
3781 5678 3836 5730 itt
3868 5688 4080 5745 quarto

2832 5795 2876 5826 ’⁸³
2913 5793 3056 5846 Psal.
3121 5808 3192 5854 et,
3227 5793 3317 5854 ‘26,
3351 5791 3441 5844 εἲ.
3532 5789 3576 5820 ⁸⁷
3611 5789 3712 5842 lsa.
3761 5803 3952 5852 xxxiv,
4012 5790 4071 5845 4.
