4200 6440
212 380 320 442 013

1338 377 1413 434 ΙΝ
1457 374 2267 434 HESAEMERON.—1.111.
2308 374 2370 429 ν.

3352 361 3455 425 9η

213 490 555 552 millenario,
591 490 685 556 qui
735 497 822 542 est
857 488 1073 541 medius
1104 489 1225 541 dies
1263 489 1446 541 seculi
1469 506 1482 540 :
1507 485 1786 555 quomodo
1815 493 1857 547 Α
1889 487 2015 539 dius
2044 486 2222 538 l’atris
2250 494 2306 536 et
2339 484 2579 551 Spiritus
2612 480 2811 542 sancti,
2841 487 2898 533 et
2926 476 3285 532 intermedius
3312 476 3454 544 lapis

209 588 383 641 etiam
409 583 462 635 in
498 583 660 635 initio
695 584 1011 645 ereationis,
1037 594 1269 652 quartus
1292 582 1411 635 dies
1434 584 1537 636 fuit
1568 582 1782 634 medius

211 681 429 739 septem
458 673 695 726 dierum.
734 675 1027 739 Propterea
1055 676 1107 725 in
1140 689 1205 725 co
1261 674 1361 725 fuit
1401 675 1783 742 prmiignratns

211 764 310 816 Sol
333 766 591 834 justitiae,
619 766 891 819 mediator
932 768 1026 820 Dei
1053 777 1109 819 et
1140 766 1450 826 hominum,
1484 775 1538 819 et
1568 766 1784 819 medius

211 863 273 907 ut
333 856 602 910 Dominus
653 866 759 910 tam
824 873 1015 910 eorum
1069 873 1191 925 qua:
1228 859 1434 912 cadunt
1465 858 1633 925 878
1681 855 1785 909 snb

208 954 503 1013 aspectum
546 962 711 1014 quam
766 962 960 1000 eorum
992 962 1113 1014 quae
1139 962 1249 999 non
1282 946 1523 1000 cadunt:
1571 954 1627 999 et
1670 961 1790 999 me-

212 1088 3396 1123 .______________________________________..._

1887 577 2168 644 angnlaris
2197 574 2434 627 duorum
2463 574 2814 642 populorum.
2859 570 2964 635 Qui
2996 568 3160 622 etiam
3197 568 3254 620 in
3287 581 3451 620 cruce

1888 670 1992 724 l'nit
2029 671 2080 722 in
2137 671 2309 723 altum
2358 667 2611 721 sublatus
2643 667 2694 719 in
2760 662 2946 719 medio
3008 664 3248 718 duormn
3283 663 3452 715 Iatro-

1892 778 2044 823 num,
2072 770 2127 812 et
2185 761 2315 814 fecit
2362 759 2594 811 salutem
2626 759 2681 809 in
2715 757 2897 810 medio
2928 764 3089 808 terra:
3131 769 3255 807 cmn
3305 762 3451 807 esset

1892 852 2113 906 medius
2151 851 2289 904 dies.
2341 851 2403 904 Ei
2458 848 2530 903 sit
2562 848 2734 918 gloria
2774 848 2826 900 in
2870 845 3068 900 secula
3100 843 3448 898 steculormn.

1892 944 2090 998 Amen.

1327 1262 1676 1348 LIBER
1758 1263 2334 1363 QUINTUS.

1168 1432 1246 1471 DE
1280 1428 1520 1481 QUINTO
1550 1426 1658 1468 DIE
1686 1427 2063 1471 CBEATIONIS
2096 1430 2215 1470 SEX
2246 1428 2515 1469 DIERUM.

287 1626 393 1680 Vix
452 1625 669 1680 tandem
731 1636 852 1697 post
906 1626 1109 1679 nmltos
1148 1624 1445 1678 verborum
1496 1622 1786 1685 circuitus,
1820 1629 1862 1683 Β
1890 1630 2014 1674 can!
2042 1620 2251 1691 reptitia
2284 1621 2590 1672 animarum
2630 1618 2951 1680 viventium;
2984 1616 3039 1669 in
3071 1616 3328 1672 omnibus
3351 1634 3452 1673 auo

211 1725 455 1786 quartus
491 1716 612 1769 dies
650 1734 749 1769 nos
789 1718 854 1770 ad
880 1718 1134 1786 quintum
1177 1713 1516 1768 transtnisit:
1567 1714 1620 1767 in
1650 1729 1784 1782 quo,

211 1826 243 1862 a
278 1809 393 1861 Deo
423 1819 682 1876 tanquam
717 1826 746 1861 a
772 1818 920 1876 petra
946 1809 1126 1876 aliqua
1152 1804 1533 1875 qnatriduanm
1564 1803 1783 1867 mortis,

210 1902 282 1954 ad
320 1901 493 1955 vitam
549 1903 798 1969 procedit
852 1911 1138 1955 creatura:
1192 1908 1250 1952 et
1288 1899 1397 1951 vita
1445 1898 1500 1951 in
1535 1898 1650 1965 ipsa
1682 1897 1786 1950 im-

210 1994 416 2061 primis
447 1995 783 2057 ostendilnr,
821 2012 886 2049 ex
920 2010 1061 2061 aqua
1087 2003 1144 2046 ct
1179 1992 1390 2060 Spiritu
1446 1989 1783 2060 principimn

210 2084 431 2139 habens
486 2086 540 2138 in
594 2087 874 2149 Ecclesia,
935 2101 1098 2154 quam
1151 2085 1539 2137 universorum
1592 2080 1783 2149 Opifex

208 2176 659 2244 prmsigniﬁeavit
694 2178 746 2229 in
770 2176 1071 2246 qninlodic
1099 2177 1326 2230 dicens:
1363 2174 1604 2227 Educqu
1631 2188 1783 2242 aqua:

207 2265 428 2334 rcptilia
464 2270 771 2320 animarum
809 2268 1114 2328 viventium,
1169 2275 1215 2319 et
1263 2262 1500 2317 volucres
1548 2262 1783 2315 volantes

203 2370 370 2424 super
387 2365 586 2409 terram
607 2358 890 2409 secundum
915 2356 1314 2423 ﬁrmamentum
1341 2352 1474 2406 ca'li.
1494 2353 1563 2406 Et
1586 2354 1783 2422 factum

204 2449 408 2501 estsic.
441 2448 497 2501 Si
526 2464 592 2501 ex
646 2449 883 2503 naturali
936 2465 1121 2502 rerum
1172 2446 1591 2516 consequentia,
1631 2451 1781 2497 terra

204 2549 342 2592 ante
370 2555 545 2607 aquas
598 2540 784 2593 debet.
822 2556 853 2593 a
880 2542 990 2593 Deo
1051 2539 1298 2608 accipere
1342 2536 1780 2607 procreationem

205 2646 499 2699 pecorum,
525 2641 581 2684 et
608 2632 1050 2700 quadrupedum,
1086 2640 1141 2685 et
1176 2630 1455 2699 reptilimn
1476 2644 1598 2697 qua:
1628 2644 1695 2683 ex
1718 2644 1781 2683 ea

205 2732 648 2791 processerunt:
685 2732 745 2774 nt
795 2739 916 2791 qua:
948 2723 1206 2791 protinus
1254 2721 1397 2775 facta
1432 2721 1506 2774 sit
1539 2720 1780 2775 secunda

205 2826 340 2883 post
370 2816 596 2878 malum,
623 2826 680 2869 et
714 2817 772 2869 in
822 2816 1107 2885 Scriptura
1154 2815 1473 2869 nominetur
1503 2822 1558 2868 et
1606 2813 1769 2867 collo-

205 2920 372 2963 cetur
408 2921 536 2965 ante
594 2927 765 2979 aquas
803 2928 816 2963 :
854 2910 1133 2980 quomodo
1190 2925 1340 2964 nunc
1402 2925 1559 2977 aqua:
1602 2910 1779 2976 primo

204 3001 335 3056 loco
389 3004 692 3057 ornantur?
730 3003 992 3057 Videmus
1024 3004 1175 3056 enim
1231 3001 1379 3071 quod
1434 3003 1490 3055 in
1527 3002 1770 3070 positura

206 3095 449 3148 duorum
482 3096 835 3149 luminarium
862 3136 876 3158 ,
915 3096 968 3149 id
1000 3096 1146 3164 quod
1189 3095 1242 3149 in
1278 3095 1623 3149 ﬁrmamento
1648 3096 1771 3149 cudi

207 3196 316 3248 est,
347 3184 590 3253 primum
624 3202 652 3239 a
678 3186 790 3239 Deo
824 3195 910 3240 est
938 3186 1282 3239 ordinatura:
1307 3200 1504 3254 nempe
1545 3185 1645 3246 sol.
1677 3185 1772 3254 qui

207 3285 298 3329 est
330 3277 466 3331 sicci
503 3277 765 3331 elementi
798 3295 808 3328 :
836 3286 892 3330 ct
911 3288 1111 3330 terram
1149 3292 1272 3345 qua:
1323 3285 1408 3330 est
1462 3277 1772 3331 coelemen-

208 3369 349 3422 taris
379 3368 690 3432 constituit,
742 3370 973 3437 ejusque
1027 3378 1111 3422 est
1154 3368 1477 3421 familiaris:
1527 3377 1583 3422 et
1632 3386 1773 3438 quo-

207 3459 381 3510 modo
417 3473 564 3511 nunc
590 3468 895 3527 rapuerunt
930 3474 1085 3527 aqua:
1100 3458 1308 3527 primas
1329 3466 1514 3526 partes
1550 3466 1608 3512 et
1648 3468 1772 3513 tan-

206 3566 376 3619 quam
399 3551 893 3622 primogenituram
920 3552 1085 3606 vita}?
1112 3550 1169 3605 Id
1200 3551 1379 3620 ipsum
1415 3551 1540 3606 dico
1559 3552 1627 3606 de
1646 3553 1776 3607 luna

207 3658 335 3713 qua:
366 3658 467 3712 per
497 3659 693 3712 aquam
735 3653 793 3698 et
840 3643 1121 3713 spiritum,
1152 3658 1342 3697 eorum
1382 3659 1504 3712 quae
1535 3643 1604 3696 ab
1658 3644 1777 3713 ipsa

207 3734 674 3788 administrantur
694 3742 751 3788 et
791 3735 1124 3797 consistunt,
1161 3734 1322 3787 aliam
1378 3733 1622 3788 ostendit
1651 3750 1777 3804 gra-

208 3826 342 3880 tiam
398 3843 523 3881 cum
577 3826 999 3897 primogenitam
1036 3827 1205 3880 vitam
1250 3834 1307 3880 et
1359 3826 1612 3895 spiritum
1664 3828 1775 3881 vita

207 3919 518 3987 peperisset
567 3929 623 3972 et
642 3920 999 3983 ostendisset,
1031 3919 1218 3973 divine
1257 3929 1315 3973 et
1354 3919 1633 3988 sapienter
1661 3935 1777 3973 om-

204 4024 297 4062 nia
322 4009 669 4078 dispensavit
697 4020 754 4064 et
780 4010 1074 4065 constituit
1116 4010 1170 4063 in
1205 4009 1495 4087 sapientia.
1547 4010 1683 4064 Nam
1720 4012 1773 4064 in

204 4103 363 4158 uelis
396 4103 619 4172 quidem
654 4102 865 4171 primas
888 4112 1075 4173 partes
1106 4112 1164 4157 et
1194 4102 1433 4171 primum
1480 4101 1661 4156 locum
1695 4103 1773 4156 sol

202 4194 440 4263 accepit.
472 4195 732 4263 quoniam
765 4210 930 4263 super
952 4210 1171 4249 omnem
1203 4192 1570 4264 principatum
1600 4203 1651 4247 et
1681 4209 1776 4263 po-

1892 1725 2143 1782 teniqna:
2194 1729 2259 1765 ex
2308 1720 2453 1765 terra
2508 1715 2910 1779 processerunt
2952 1715 3108 1761 sexto
3157 1708 3451 1769 die,feris.

1890 1804 2203 1874 reptilibus,
2231 1800 2518 1869 jnmentis,
2544 1797 3023 1867 quadrupedibus,
3066 1812 3175 1851 non
3223 1799 3454 1867 plurali-

1888 1905 1973 1950 ter
2004 1894 2099 1948 sed
2124 1892 2478 1961 singulariter
2502 1892 2737 1960 imperat
2766 1891 2910 1943 Deus
2949 1890 3186 1944 Verbum
3215 1889 3446 1944 dicens:

1886 1988 2094 2042 Educet
2134 1994 2275 2037 terra
2332 1985 2569 2036 animum
2618 1982 3056 2036 vivciitentPNcc
3080 1982 3185 2037 hoc
3234 1983 3441 2047 solum,

1885 2080 1981 2132 scd
2016 2078 2145 2132 illud
2179 2092 2396 2146 quoque
2424 2075 2723 2144 diligenter
2772 2090 3024 2143 qnzercre
3077 2084 3162 2127 est
3201 2092 3454 2130 necessa-

1887 2172 2067 2224 rium:
2099 2170 2270 2236 Quam
2302 2169 2373 2221 oh
2411 2183 2525 2220 rem
2563 2182 2685 2235 qua:
2725 2182 2791 2219 ex
2821 2166 2981 2234 aquis
3017 2167 3241 2234 quidem
3272 2168 3449 2234 genita

1884 2272 2013 2314 sunt
2039 2261 2223 2313 omnia
2268 2260 2411 2312 Deus
2439 2256 2742 2319 benedixit,
2768 2272 2797 2309 e
2833 2264 2980 2309 terra
3008 2267 3195 2310 autem
3233 2257 3453 2325 genitos

1884 2356 2216 2415 animantes,
2239 2361 2295 2406 et
2317 2350 2732 2420 quadrupedes,
2763 2359 2819 2404 ct
2851 2365 3054 2419 pecora
3081 2351 3321 2420 privavit
3352 2352 3453 2405 be-

1882 2447 2233 2501 nedictione:
2292 2444 2436 2497 unde
2486 2459 2639 2512 aqua:
2674 2442 2919 2511 quidem,
2987 2450 3048 2495 ut
3101 2459 3221 2513 qua:
3245 2442 3451 2497 fuerint

1882 2539 2210 2599 benedictae,
2269 2537 2377 2591 huc
2428 2552 2602 2605 usque
2653 2544 2710 2590 et
2760 2544 3032 2605 perpetuo
3082 2537 3306 2606 pariunt
3353 2552 3451 2591 sua

1881 2638 2079 2699 sponte
2110 2629 2318 2696 absque
2370 2627 2581 2681 semine
2611 2635 2668 2680 ct
2725 2626 3122 2695 conjunctione
3172 2627 3447 2687 volucres,

1878 2737 1945 2773 ex
1977 2734 2213 2788 quarum
2228 2733 2459 2771 numero
2475 2724 2605 2770 sunt
2620 2717 2937 2770 coturnices
2950 2724 3005 2769 et
3020 2725 3435 2786 ortygometrar;

1878 2820 2026 2865 terra
2056 2818 2240 2865 autem
2292 2824 2399 2863 non
2444 2809 2637 2878 utique
2673 2810 2793 2862 sine
2820 2809 3032 2862 semine
3077 2809 3221 2878 parit
3251 2809 3447 2870 feram,

1881 2912 1979 2957 aut
2009 2901 2301 2971 pecudem,
2361 2908 2457 2953 aut
2491 2899 2927 2969 quadrupedem.
2980 2901 3049 2955 Et
3085 2916 3278 2954 rursus
3328 2917 3450 2970 qnze

1882 3005 2068 3050 ortum
2096 2993 2304 3048 habent
2325 3007 2393 3045 ex
2441 3000 2610 3055 terra,
2640 3001 2935 3057 versantur
2963 2992 3127 3046 etiam
3182 3004 3450 3062 perpetuo

1880 3106 2052 3160 super
2092 3099 2297 3144 terram
2324 3105 2336 3141 :
2367 3103 2489 3157 qua:
2520 3096 2705 3141 autem
2729 3095 2856 3140 nata
2880 3094 3095 3139 suntex
3136 3088 3315 3155 aquis.
3343 3088 3448 3142 alia

1880 3182 2103 3251 quidem
2159 3181 2423 3234 dicuntur
2452 3179 2683 3241 marina,
2715 3179 2821 3233 alia
2860 3187 3043 3232 autem
3090 3178 3236 3245 (cum
3265 3194 3450 3235 reces-

1875 3274 2073 3341 serint)
2099 3274 2152 3327 in
2180 3273 2349 3327 altum
2385 3272 2597 3327 sublata
2619 3271 2969 3340 appellantur
3005 3273 3251 3325 cmlestia
3280 3292 3291 3324 :
3344 3271 3449 3327 hoc

1874 3373 1960 3419 est
1980 3366 2234 3419 volucres
2258 3364 2378 3418 οωιί
2401 3380 2414 3416 :
2451 3378 2589 3431 quas
2610 3362 2774 3416 etiam
2802 3362 2948 3416 Deus
2969 3362 3270 3432 cognoscit,
3305 3364 3450 3419 sicut

1876 3454 2010 3509 dicit
2029 3470 2130 3522 per
2154 3452 2505 3521 Prophetam,
2530 3452 2758 3522 Cognovi
2788 3468 2968 3505 omnes
2999 3452 3234 3506 volucres
3248 3454 3444 3510 mli".

1947 3544 2054 3598 Sed
2084 3558 2154 3597 ne
2188 3559 2288 3613 per
2329 3542 2649 3612 frequentes
2692 3551 2747 3596 et
2800 3542 2906 3598 sibi
2944 3542 3182 3598 invicem
3248 3562 3446 3600 succe-

1878 3637 2075 3691 dentes
2114 3635 2518 3696 dubitationcs.
2580 3635 2635 3688 in
2688 3634 3094 3689 hazsitationem
3162 3638 3446 3708 animique

1877 3729 2300 3799 perplexitatem
2335 3743 2401 3782 ac
2431 3727 2816 3782 confusionem
2842 3727 3171 3782 inducamus
3225 3732 3445 3785 audito-

1879 3824 2154 3892 rem,jam
2185 3821 2370 3877 dehis
2395 3837 2425 3874 a
2454 3820 2619 3874 nobis
2668 3819 3021 3886 tractabitur,
3064 3820 3212 3890 quod
3259 3822 3445 3876 brevi-

1877 3924 1963 3971 ter
1977 3915 2291 3987 aggredior,
2330 3929 2513 3968 rerum
2552 3913 2845 3967 historiam
2877 3929 3000 3983 qua:
3025 3924 3109 3967 est
3139 3916 3442 3971 secundum

1877 4007 2126 4061 litteram
2153 4006 2379 4060 minime
2404 4012 2688 4059 evertens:
2726 4019 2902 4073 pauca
2923 4014 3110 4059 autem
3134 4006 3203 4060 de
3250 4008 3445 4076 quinto

1878 4098 2298 4163 numero,sicut
2315 4105 2372 4151 et
2389 4096 2457 4151 de
2488 4105 2710 4165 quarto,
2734 4111 2800 4149 ex
2834 4095 3020 4149 divina
3040 4095 3325 4166 Scriptura
3342 4114 3443 4152 ne-

1878 4208 2036 4247 cesse
2059 4200 2144 4246 est
2169 4190 2324 4259 prius
2373 4189 2579 4244 dicere.
2620 4188 2941 4242 Invenimus
2983 4204 3114 4257 ergo
3151 4189 3207 4243 in
3248 4191 3444 4259 quinto

203 4294 488 4351 testatem,
518 4286 772 4342 Christus
794 4288 908 4357 (qui
932 4299 1018 4343 est
1042 4290 1135 4344 Sol
1161 4292 1254 4360 qui
1280 4292 1587 4361 percipitur
1611 4294 1774 4349 intel-
1808 4292 1853 4349 D
1878 4284 2223 4346 centenariO.
2254 4297 2455 4351 nempe
2482 4280 2932 4350 quingentesimo
2970 4296 3115 4334 anno
3130 4281 3267 4346 Noe,
3302 4297 3443 4337 arca:

202 4378 460 4448 ligentia)
490 4388 575 4433 est
598 4380 652 4433 in
677 4382 832 4436 cmlis
876 4400 888 4436 :
938 4392 998 4436 ut
1052 4384 1145 4454 qui
1173 4386 1245 4438 sit
1282 4385 1485 4439 ostium
1511 4395 1568 4441 et
1599 4388 1775 4441 intro-

203 4472 419 4524 dneens
443 4470 511 4524 ad
555 4472 797 4526 Patrem.
829 4474 888 4527 In
924 4484 1068 4529 terra
1117 4485 1323 4538 autem,
1354 4478 1447 4532 ubi
1479 4479 1775 4533 humiliavit

198 4563 454 4629 scipsum,
491 4564 629 4614 servi
685 4562 911 4631 formam
963 4567 1243 4633 accipiens,
1272 4567 1583 4621 voluntarie
1619 4568 1775 4622 dedit

199 4653 412 4721 primas
434 4664 623 4721 partes
681 4664 939 4722 tanquam
986 4657 1212 4724 proprio
1244 4672 1345 4711 suo
1378 4660 1620 4727 corpori,
1662 4659 1770 4713 Ec-

199 4741 413 4795 clesiae:
443 4741 569 4795 dico
598 4752 783 4797 autem
819 4746 1082 4815 mysterio
1117 4746 1483 4815 baptismatis.
1521 4748 1765 4813 Quomo-

198 4832 272 4884 do
295 4833 444 4885 enim
470 4833 524 4885 in
559 4834 714 4888 caelis
743 4836 944 4890 ostium
968 4848 1215 4891 nostrum
1251 4850 1307 4893 et
1344 4841 1431 4893 via
1453 4841 1520 4893 ad
1546 4842 1765 4895 Patrem

198 4933 285 4977 est
317 4924 593 4986 Christus,
632 4925 705 4979 ita
726 4930 888 4980 etiam
916 4915 1170 4991 in'terra,
1203 4931 1405 4985 ostium
1437 4941 1685 4985 nostrum
1711 4940 1768 4987 et

200 5017 287 5068 via
305 5015 373 5068 ad
396 5015 612 5069 Patrem
637 5030 722 5072 est
742 5019 1032 5087 baptisma,
1060 5022 1126 5075 ad
1149 5023 1429 5077 Christum
1455 5040 1554 5093 per
1576 5024 1767 5079 Eccle-

201 5107 341 5167 siam
372 5123 387 5159 :
422 5114 480 5159 et
501 5121 565 5160 ea
591 5107 659 5160 de
681 5124 847 5164 causa
874 5120 1001 5165 ante
1031 5113 1215 5167 omnia
1234 5154 1249 5177 ,
1278 5124 1336 5168 et
1361 5115 1473 5168 vita
1496 5124 1553 5169 et
1575 5115 1765 5170 vivens

201 5200 383 5252 anima
403 5198 716 5253 ostenditur
737 5216 805 5255 ex
823 5218 962 5272 aqua
977 5212 1034 5257 et
1053 5203 1281 5273 Spiritu,
1300 5213 1357 5260 et
1376 5221 1543 5275 super
1562 5215 1761 5261 terram

200 5288 617 5353 manifestatur,
651 5289 872 5347 dicente
903 5293 1013 5349 Deo
1040 5312 1051 5347 :
1089 5295 1335 5351 Educant
1376 5315 1529 5367 aquw
1553 5299 1764 5368 reptilia

202 5384 509 5453 animarum
537 5385 837 5449 viventium,
862 5395 911 5439 et
944 5387 1178 5441 volucres
1203 5389 1439 5443 volantes
1467 5407 1625 5460 super
1658 5400 1766 5444 ter-

202 5491 341 5537 ram,
368 5474 655 5528 secundum
683 5476 1081 5544 ﬁrmamentum
1109 5480 1244 5533 cwli.
1283 5481 1481 5535 Dicant
1508 5482 1641 5536 mihi
1670 5483 1763 5551 qui

200 5565 494 5620 attendunt
525 5566 698 5620 solam
727 5567 969 5623 litteram
994 5570 1311 5641 Scriptura,
1340 5588 1503 5642 quam
1533 5573 1607 5627 ob
1636 5589 1765 5627 cau-

199 5672 316 5712 sam
350 5656 407 5711 in
436 5657 598 5726 aquis
631 5658 858 5728 quidem
891 5660 1104 5719 dictum
1134 5671 1218 5719 est
1248 5664 1569 5735 pluraliter:
1616 5664 1763 5726 Edu-

265 5842 312 5879 ι’
335 5840 480 5896 Psal.
514 5854 659 5909 χιιι,
700 5842 786 5898 II.

1872 4376 1981 4445 jaci
2004 4374 2387 4434 fundamenta,
2410 4385 2534 4441 qua:
2562 4369 2789 4439 quidem
2833 4377 2917 4424 est
2964 4384 3131 4424 verus
3163 4385 3231 4425 ac
3254 4380 3443 4427 certus

1876 4477 2038 4539 typus
2066 4464 2297 4529 Christi,
2331 4464 2386 4517 in
2412 4478 2519 4532 qua
2546 4463 2678 4516 ferae
2699 4461 2950 4516 omnium
2977 4460 3229 4530 gentium
3276 4462 3440 4516 simul

1873 4568 2097 4621 coactae,
2126 4573 2157 4611 c
2187 4557 2333 4611 malo
2365 4554 2576 4609 diluvio
2602 4553 2915 4607 conservati
2957 4567 3153 4606 sumus
3201 4568 3301 4621 per
3350 4568 3443 4606 co-

1870 4653 2136 4713 lumbam,
2164 4665 2365 4719 nempe
2417 4663 2516 4715 per
2541 4646 2833 4716 Spiritum.
2867 4643 3025 4701 Unde
3078 4645 3247 4699 etiam
3309 4661 3442 4700 con-

1871 4746 2011 4800 fceta
2047 4753 2133 4798 est
2161 4758 2303 4797 arcm
2330 4739 2588 4804 latitudo,
2636 4736 3043 4808 quinquaginta
3071 4736 3393 4792 cubitorum
3421 4778 3437 4803 ,

1876 4847 1935 4892 ut
1967 4836 2229 4905 quoniam
2258 4851 2288 4888 a
2320 4830 2729 4887 mathematicis
2762 4844 3035 4883 numerus
3062 4829 3351 4899 quinarins
3381 4839 3440 4885 et

1872 4929 2386 5000 quinquagenarius
2409 4921 3118 4996 justusdicitur.Auferens
3148 4920 3297 4976 enim
3318 4922 3441 4992 qui-

1873 5022 2064 5075 narins
2092 5030 2335 5088 quatuor
2357 5034 2477 5087 qua:
2510 5023 2641 5070 sunt
2671 5014 2820 5084 apud
2847 5029 3068 5077 novem,
3105 5021 3163 5067 et
3202 5014 3438 5082 conjun-

1872 5130 2005 5184 gens
2028 5129 2152 5167 cum
2181 5113 2411 5176 unitate,
2434 5126 2497 5164 ea
2517 5109 2747 5164 deducit
2774 5108 2841 5162 ad
2868 5107 3221 5178 quinarinm:
3248 5118 3305 5162 et
3333 5108 3440 5162 tria

1870 5223 1994 5276 qum
2040 5216 2170 5260 sunt
2226 5206 2282 5260 in
2323 5204 2632 5268 octonario,
2663 5210 2745 5257 tet
2774 5217 3116 5271 componens
3139 5217 3263 5255 eum
3301 5202 3441 5255 duo-

1870 5299 1995 5363 bus,
2020 5313 2085 5353 ea
2111 5296 2243 5352 facit
2266 5298 2537 5366 quinque,
2558 5305 2617 5350 et
2634 5295 2745 5349 duo
2771 5309 2894 5363 qua:
2930 5302 3061 5349 sunt
3092 5293 3147 5347 in
3178 5301 3436 5362 septena-

1871 5392 1977 5452 rio,
1996 5399 2123 5444 etea
2143 5391 2484 5460 conjungens
2501 5403 2626 5442 cum
2642 5385 2907 5451 ternario,
2930 5386 3062 5441 facit
3080 5384 3352 5455 quinque.
3366 5384 3436 5439 Et

1872 5498 2039 5536 unum
2063 5497 2091 5534 a
2116 5482 2354 5542 senario,
2385 5486 2442 5534 et
2469 5480 2812 5550 conjungens
2839 5491 2965 5531 cum
2995 5485 3257 5546 quatuor,
3300 5473 3435 5529 facit

1869 5572 2132 5641 quinque.
2162 5570 2428 5624 Similiter
2459 5568 2626 5623 etiam
2651 5567 3049 5638 quinquaginta
3070 5563 3203 5620 facit
3230 5564 3433 5618 adver-

1870 5680 1964 5717 sus
1994 5678 2087 5718 eos
2123 5662 2217 5732 qui
2272 5663 2451 5733 ipsum
2487 5658 2830 5731 praecedunt,
2878 5667 2938 5714 et
2986 5673 3084 5713 eos
3116 5657 3215 5726 qui
3249 5656 3435 5727 ipsum
