4200 6440
822 418 923 482 915

2001 425 2059 480 S.
2093 416 2485 478 ANASTASII
2539 419 2865 478 ΒΙΝΑΙΤᾸΞ

3962 420 4052 481 Silii

820 543 1152 602 sequuntur.
1183 533 1386 589 Eadem
1417 536 1632 587 ratione
1659 534 1902 587 Ecclesia
1932 549 2153 602 quoque.
2191 531 2388 601 praedi-
2419 534 2460 587 Α
2492 546 2839 599 nequaquam
2864 547 2984 585 eam
3010 534 3278 601 impertiit
3307 533 3749 586 benedictionem
3777 558 3788 584 1
3843 535 3939 586 8011
3966 551 4052 588 eos

823 636 911 678 cat
943 641 1064 677 cum
1094 635 1321 693 peccato
1360 627 1628 679 diluvium
1688 627 1834 693 quod
1883 627 2049 677 111-11111
2097 625 2384 693 justifieat,

822 729 875 771 et
899 720 1019 788 ejus
1046 721 1317 786 justitiam
1360 737 1480 789 quae.
1515 721 1656 773 tollit
1693 737 1722 771 0
1783 720 1965 773 medio
2023 736 2146 786 qua:
2194 729 2385 770 contra

825 825 924 862 nos
955 820 1085 862 sunt
1137 811 1480 862 inimicitias.
1516 812 1629 863 Noe,
1683 825 1903 880 quoque
1946 810 2266 878 quingentis
2291 825 2385 860 an—

826 900 912 952 tzis
953 902 1188 954 :edifieat
1242 918 1447 964 aream,

828 992 1123 1045 millesimo
1150 1010 1296 1044 anno
1334 997 1579 1046 venisset
1613 1011 1788 1046 novus
1825 995 1960 1055 Noe,
2002 994 2204 1061 incepit
2257 1008 2386 1044 cott-

821 1096 1040 1138 struere
1065 1102 1246 1138 aream
1282 1087 1560 1140 Ecclesiw.

1522 905 1805 970 quoniam,
1839 918 1964 953 cum
2012 902 2063 952 in
2093 900 2388 968 quinquies

895 1179 1010 1232 Non
1043 1189 1126 1233 est
1166 1189 1349 1233 autem
1376 1181 1616 1233 alienum
1649 1192 1972 1235 (‘zeteraruln
2002 1199 2221 1251 quoque.
2249 1199 2386 1234 arem

823 1287 1202 1324 mensurarum
1251 1273 1592 1329 meminisse.
1644 1274 1887 1342 Triginta
1949 1275 2172 1342 quidem
2226 1276 2385 1327 011111-

823 1375 1136 1418 tm-umerat
1168 1366 1879 1427 1110111111111111111,θιὼ-111110
1920 1367 2138 1419 redaeta
2163 1377 2274 1419 era‘
2318 1368 2383 1419 .ul

820 1458 1250 1509 unumcnbitutn
1279 1476 1289 1510 :
1319 1461 1580 1527 quoniatn
1612 1460 1854 1511 Ecclesia
1888 1461 2382 1528 quoquepraedicat

819 1562 930 1603 tres
959 1551 1279 1620 Itypostases
1313 1563 1361 1603 el
1390 1563 1638 1604 naturam
1678 1568 1840 1604 unam
1867 1554 2030 1603 unius
2057 1552 2228 1604 solius
2253 1553 2344 1603 llei
2370 1570 2381 1603 :

820 1643 1059 1696 latitudo
1092 1656 1277 1697 autem
1318 1646 1717 1712 quinquaginta
1740 1645 2083 1706 cubitorum,
2121 1645 2381 1711 quoniam

819 1739 938 1790 illos
967 1738 1127 1792 valde
1165 1739 1457 1809 permistos
1495 1739 1737 1792 ferarum
1784 1739 2148 1790 animantium
2199 1747 2253 1790 01
2286 1738 2382 1788 1111-

818 1829 1122 1896 peritarum
1165 1831 1412 1899 gentiutn
1450 1848 1663 1900 greges,
1706 1831 1947 1882 ternaric
1980 1829 2383 1898 multiplicibus

815 1920 1154 1972 rentenariis
1185 1921 1358 1985 legem
1393 1921 1579 1972 doeuit
1608 1920 1854 1972 Ecclesia
1905 1929 1959 1972 et
2004 1920 2376 1975 conservavit.

819 2010 1052 2061 naturali
1109 2011 1458 2063 multifariam
1498 2011 1799 2077 multisque
1833 2010 2013 2062 modis
2064 2009 2378 2060 altraltente

817 2102 1018 2168 scripta
1060 2111 1115 2152 et
1165 2103 1409 2170 mystica.
1469 2101 1632 2153 Multa
1685 2108 1866 2152 autem
1919 2098 2376 2166 quimptagcnarii

818 2193 1033 2245 numeri
1087 2193 1398 2245 invenimus
1451 2192 1694 2259 s_\ntbo|a
1750 2190 2009 2242 licclesize
2073 2190 2125 2240 in
2174 2188 2380 2240 divinis

817 2285 1137 2352 Scripturis.
1171 2284 1303 2336 Nam
1331 2284 1384 2336 in
1404 2282 1865 2350 quinquagesimo
1900 2296 2043 2332 anno
2065 2281 2211 2330 lleus
2240 2293 2380 2346 pne-

816 2374 962 2439 eepit
987 2373 1174 2425 Israeli
1203 2373 1255 2424 in
1287 2388 1488 2440 genere
1521 2370 1818 2438 perfectam
1852 2378 1906 2420 et
1933 2367 2242 2420 absolutam
2278 2365 2378 2417 dc-

817 2459 1054 2512 bitorum
1087 2461 1468 2513 remissionem
1506 2470 1561 2512 et
1586 2459 2075 2519 condonationem,
2118 2474 2180 2508 ae
2227 2457 2366 2508 libe-

817 2554 1085 2605 rationem
1141 2568 1332 2607 eorum
1378 2554 1470 2621 qui
1525 2561 1683 2604 erant
1741 2567 1908 2618 super
1966 2560 2189 2601 terram.
2252 2548 2378 2600 11100

813 2643 961 2696 enim
1021 2643 1154 2695 dicit
1193 2645 1338 2697 Ileus
1381 2644 1433 2696 in
1477 2643 1759 2696 Levitieo:
1816 2640 2153 2706 Sancti/irate
2179 2656 2377 2690 annum

814 2735 1199 2804 quinquaginta
1226 2753 1512 2797 annorum,
1562 2745 1610 2786 et
1637 2733 1961 2802 proclamate
2024 2732 2379 2783 remissionem

813 2845 970 2894 super
1008 2840 1203 2881 terram
1232 2829 1468 2880 omnibus
1495 2831 1583 2896 qui
1611 2845 1726 2879 eam
1782 2828 2044 2887 habitant,
2079 2843 2277 2878 annum
2300 2842 2379 2876 re-

817 2919 1076 2970 missionis
1097 2919 1173 2979 ’°;
1208 2933 1270 2972 ea
1290 2926 1376 2971 est
1400 2919 1520 2984 ejus
1555 2917 1906 2985 significatio.
1949 2915 2159 2968 llcbrzci
2195 2914 2379 2982 itaque

815 3027 1105 3064 numerum
1185 3009 1702 3078 quinquagesimum
1782 3017 1984 3060 vocant
2044 3006 2378 3070 Jobclaeum,

812 3101 958 3167 quod
992 3099 1216 3168 quidem
1269 3099 1671 3167 interpretatur
1722 3097 2082 3150 misericordia
2125 3103 2219 3148 aut
2256 3111 2378 3146 cou-

813 3193 1048 3244 tlouatio.
1083 3192 1194 3244 lloc
1233 3191 1382 3244 enim
1417 3191 1584 3242 modo
1630 3191 1881 3258 psalmus
1914 3203 2135 3258 quoque
2166 3186 2377 3240 condo-

813 3284 1054 3336 natiouis
1102 3293 1154 3335 et
1214 3283 1562 3335 remissionis
1641 3282 1848 3349 peccati
1907 3279 2116 3341 David,
2173 3279 2380 3333 dicitur

811 3376 1334 3444 quinquagesimus:
1372 3384 1455 3427 est
1514 3374 1664 3427 enim
1700 3373 2003 3426 verisimile
2064 3383 2192 3426 ante
2232 3373 2380 3425 hunc

813 3483 1103 3520 numerum
1162 3475 1255 3518 ant
1318 3466 1487 3518 etiam
1550 3473 1674 3532 post
1736 3463 2004 3531 scriptum
2063 3478 2186 3516 esse
2232 3463 2380 3517 hunc

751 3560 757 3568 '
813 3560 1083 3629 psalmum
1116 3559 1482 3613 remissionis.
1515 3556 1638 3610 11100
1668 3565 1850 3609 11111οη1
1880 3556 2065 3607 omnia
2095 3565 2226 3608 sunt
2248 3572 2374 3609 vera

812 3662 870 3706 et
903 3662 1052 3706 certa
1086 3652 1456 3722 prmfiguratio
1500 3651 1651 3704 illius
1693 3649 1872 3718 quinti
1933 3649 2042 3702 dici
2075 3648 2378 3702 hebdoma-

810 3741 918 3803 dis,
968 3743 1022 3796 in
1053 3758 1166 3810 quo
1195 3741 1443 3796 ascendit
1472 3741 1525 3794 in
1562 3741 1754 3798 caelos,
1777 3748 1833 3792 et
1863 3738 1917 3791 in
1949 3740 2119 3791 altum
2152 3749 2237 3792 est
2261 3739 2378 3791 cla-

814 3837 902 3882 tus
934 3823 1024 3880 Sol
1073 3827 1300 3896 iustitia:
1334 3826 1610 3880 Cltrisuts.
1646 3825 1713 3879 Et
1769 3825 2230 3893 quinquagesimo
2289 3825 2380 3879 die

813 3917 963 3970 misit
989 3916 1286 3986 Spiritum:
1339 3933 1438 3985 per
1476 3931 1699 3985 aquam,
1728 3915 1977 3984 inquam,
2010 3923 2066 3968 et
2113 3915 2378 3985 Spiritum

811 4024 973 4063 suum
1011 4009 1248 4076 largitus
1267 4007 1651 4061 remissionem
1687 4015 2061 4075 peccatorum.
2097 4008 2164 4062 Et
2185 4009 2380 4077 quinto

814 4099 905 4153 die
926 4114 1140 4152 caenam
1167 4097 1320 4151 dedit
1346 4097 1660 4168 mysticam,
1690 4113 1815 4166 quae
1844 4098 2010 4151 solvit
2040 4099 2224 4152 omnia
2254 4115 2382 4168 pec-

813 4200 956 4244 cata.
1000 4189 1182 4243 llabes
1212 4206 1344 4259 ergo
1377 4199 1624 4258 apertam
1652 4190 2029 4245 ostensioncm
2054 4207 2154 4244 cur
2186 4191 2381 4259 quinto

813 4299 881 4336 ex
906 4298 998 4335 sex
1036 4282 1256 4345 diebus,
1284 4298 1438 4351 aqua:
1471 4282 1526 4335 in
1557 4281 1764 4351 quibus
1784 4282 2238 4351 superferebatnr
2260 4283 2382 4352 Spi-

815 4374 977 4433 ritus,
1031 4374 1184 4426 vivas
1225 4382 1539 4442 genuerunt
1565 4372 1813 4426 animas:
1847 4372 2014 4426 nobis
2052 4375 2379 4443 praesignifi-

812 4474 1004 4518 cantcs
1035 4466 1508 4534 regenerationem
1543 4480 1665 4533 qua:
1697 4464 1757 4518 111
1785 4479 1884 4534 per
1916 4480 2114 4534 aquam
2168 4475 2222 4519 01
2253 4466 2380 4534 Spi-

2420 1872 2458 1922 11

2493 626 2717 693 reliquit
2767 627 2976 694 absque
3033 627 3452 678 lu-nedietione:
3487 638 3615 679 tunc
3651 639 3912 695 tanquam
3945 645 4051 680 tne-

2491 718 2614 769 diu-.
2643 729 2795 769 stans
2821 721 3076 770 (1111181118
3108 723 3252 770 inter
3280 721 3559 772 terrestria
3598 730 3647 770 et
3702 722 3911 773 marina
3939 724 4049 774 aui-

2493 812 2890 869 11111111111,01;111
2941 821 3300 879 raquo-sun!
3355 833 3381 862 t'
3438 822 3582 863 terra
3633 813 3812 875 genita
3868 815 4051 865 oculos

2490 903 2756 968 defigens,
2791 915 2845 955 et
2884 905 3100 955 dicens:
3151 905 3259 956 .Vtst
3307 906 3421 971 quis
3469 906 3622 970 fuerit
3677 917 3963 970 qeneratus
3997 925 4050 957 er

2491 1013 2628 1062 aqua
2667 1004 2713 1044 et
2738 994 2960 1063 Spiritu,
2986 998 3076 1063 qui
3099 997 3273 1048 fertur
3293 1013 3458 1063 super
3479 1012 3697 1063 aquam,
3720 1014 3820 1048 non
3843 1000 4050 1050 intrabit

2489 1094 2540 1142 in
2567 1095 3036 1159 regnumm-lorum
3071 1097 3142 1153 “;
3181 1109 3356 1160 neque
3417 1091 3507 1142 fiet
3569 1109 3666 1159 per
3717 1093 4050 1154 columbam,

2491 1199 2688 1250 nempe
2749 1201 2845 1251 per
2872 1187 3165 1252 Spiritum,
3232 1187 3478 1236 \olueris
3520 1186 3682 1236 t‘tl"il2
3735 1203 3919 1253 neque
3959 1187 4053 1237 lla—

2489 1278 2657 1342 pit'tur
2713 1277 2763 1326 iu
2795 1277 3011 1328 nubibus
3065 1278 3268 1328 obviam
3313 1278 3441 1328 1111111
3497 1282 3545 1328 iu
3599 1279 3812 1328 aera“.
3852 1281 3904 1329 Si
3943 1281 4048 1331 111ιο

2491 1378 2674 1419 autem
2745 1386 2849 1420 non
2907 1370 2977 1421 ita
3026 1372 3164 1421 fat-ta
3217 1380 3341 1421 sunt
3402 1382 3452 1421 et
3510 1373 3896 1438 pt'wligurata;
3941 1372 4047 1433 die,

2487 1459 2653 1526 879
2723 1477 2754 1510 o
2806 1459 3032 1527 Moyses,
3096 1476 3338 1520 causam,
3396 1469 3451 1511 et
3508 1460 3577 1510 ob
3642 1460 3784 1528 quod
3865 1476 4052 1528 pecea-

2490 1564 2603 1602 tum
2633 1555 2685 1603 111
2721 1553 2888 1604 11011111
2938 1552 3260 1613 111111118811111,
3295 1562 3613 1604 manserunt
3640 1568 3837 1618 peCora
3867 1564 3920 1604 et
3949 1563 4053 1605 ter-

2489 1658 2558 1692 110
2622 1642 2919 1693 animantia
2954 1641 3160 1708 absque
3185 1641 3590 1694 benedictione.
3627 1642 3917 1704 Quomodo
3961 1661 4054 1695 au-

2489 1738 2596 1781 tem
2627 1739 2681 1781 et
2710 1731 2926 1797 reptilia
2954 1747 3074 1799 qu:c
3098 1741 3227 1783 sunt
3247 1731 3479 1784 rationis
3503 1731 3748 1799 expertia
3781 1744 3839 1786 et
3871 1744 4052 1785 mente

2485 1824 2748 1884 carentia,
2802 1834 2857 1876 et
2888 1825 3086 1892 pisces,
3116 1834 3172 1876 et
3224 1824 3476 1876 volucres
3523 1835 3824 1892 potuerunt
3861 1826 4052 1877 audire

2490 1913 2581 1965 hei
2611 1929 2802 1965 vocem
2830 1923 2884 1965 et
2920 1914 3360 1966 benedictionem
3389 1931 3508 1982 qum
3539 1915 3806 1967 dabatur"!
3830 1917 3912 1967 Au
3949 1934 4050 1967 non

2487 2015 2571 2057 cst
2609 2005 2955 2057 manifestum
2982 2006 3125 2073 quod
3156 2007 3268 2059 lucc
3313 2007 3635 2075 propltctice
3675 2006 4052 2074 prmdiceban-

2487 2107 2576 2148 tur
2609 2097 2675 2148 dc
2724 2097 3042 2150 hominibus
3064 2098 3156 2166 qui
3223 2098 3570 2167 baptiz‘antur
3614 2099 3667 2151 in
3716 2099 4052 2150 Christum?

2486 2188 2602 2254 Ipsa
2651 2197 2834 2239 autem
2881 2191 3056 2242 series
3103 2190 3403 2256 Scriptum
3437 2190 3743 2242 secundum
3786 2191 4052 2251 litterati,

2484 2282 2726 2332 ostendit
2760 2281 2905 2348 quod
2935 2282 3002 2333 dc
3059 2282 3378 2334 hominibus
3441 2283 3655 2334 ratione
3725 2282 3974 2349 111-10111118
4001 2293 4055 2333 et

2484 2371 2683 2422 animis
2722 2370 3123 2423 itnmortalilms
3155 2371 3329 2425 1110011
3374 2372 3484 2424 1)ου
3536 2371 3899 2438 jubebantur.
3936 2371 4052 2422 Non

2483 2468 2630 2518 enim
2662 2466 2799 2518 dixit
2825 2467 2998 2518 Deus:
3029 2465 3326 2517 Produmut
3353 2481 3505 2534 aqua:
3523 2466 3729 2533 reptilia
3758 2478 4053 2530 corporum

2485 2557 2888 2609 anitnatorutn:
2949 2574 3073 2610 nam
3125 2558 3327 2609 animal
3385 2566 3441 2610 et
3489 2573 3689 2626 corpus
3742 2556 4056 2625 significant

2488 2652 2658 2716 ipsam
2683 2662 2740 2699 se
2762 2657 3074 2700 moventem
3121 2658 3176 2700 ct
3199 2647 3419 2700 vitalem
3469 2648 3739 2701 animam:
3797 2647 3894 2700 sed
3935 2651 4053 2699 ani-

2485 2755 2692 2790 nmrmn
2719 2739 3018 2793 viventium.
3049 2736 3100 2788 id
3131 2745 3235 2800 est,
3299 2753 3406 2790 non
3459 2737 3836 2790 morientium.
3888 2738 4052 2805 Atqui

2485 2828 2716 2896 piscium
2762 2837 2818 2878 et
2855 2827 3142 2879 volucrum
3185 2828 3382 2879 1111111110
3442 2843 3550 2879 111111
3589 2838 3721 2879 811111
3767 2829 4053 2886 viventes.

2483 2919 2576 2971 sed
2636 2918 2976 2970 morientes:
3017 2917 3243 2986 Sanguis
3293 2919 3462 2977 enim,
3520 2920 3719 2987 inquit.
3767 2931 3842 2971 est
3872 2923 4053 2971 anima

2483 3011 2593 3078 ejus
2629 3011 2707 3072 9‘;
2743 3009 2922 3061 anima
2948 3019 3130 3060 autem
3171 3010 3383 3069 vivens.
3419 3011 3532 3062 sola
3567 3019 3652 3062 est
3686 3021 3877 3062 nostra
3934 3025 4055 3077 qua!

2481 3113 2567 3156 est
2597 3102 2808 3154 ratione
2837 3101 3084 3169 111-10111111.
3123 3100 3312 3153 Factus
3357 3111 3430 3153 est
3461 3103 3634 3162 enim,
3669 3102 3870 3169 inquit,
3904 3105 4055 3153 homo

2405 3216 2448 3273 ο
2479 3195 2534 3246 in
2561 3195 2797 3246 animant
2853 3195 3107 3243 viventem
3134 3192 3177 3222 ⁸³
3207 3209 3220 3253 ;
3250 3192 3508 3259 quoniam
3547 3192 3796 3243 futurum
3843 3203 3969 3244 erat
4000 3201 4058 3242 ut

2481 3300 2901 3340 renasceremur
2947 3299 3045 3353 per
3100 3298 3298 3351 aquam
3351 3293 3408 3336 ct
3471 3284 3760 3351 Spiritum.
3823 3283 4056 3338 Omnem

2482 3379 2667 3447 itaque
2721 3377 3029 3430 orationem
3075 3376 3348 3429 convertit
3407 3375 3472 3428 ad
3511 3377 3755 3438 animas;
3782 3385 3840 3428 et
3873 3377 4014 3429 dicit
4039 3417 4054 3437 ,

2480 3481 2603 3539 post
2639 3468 2974 3536 baptismum
3035 3479 3092 3520 ct
3121 3483 3241 3534 qua:
3269 3483 3337 3519 ex
3403 3467 3523 3535 ipso
3566 3468 3786 3520 exsistit
3819 3469 4056 3531 gratiam

2477 3571 2533 3614 ct
2558 3559 3047 3620 illuminationcm,
3073 3573 3170 3610 eos
3191 3558 3284 3625 qui
3306 3567 3436 3610 sunt
3467 3557 3728 3625 baptizati
3757 3557 3902 3611 etlici
3931 3558 4055 3611 ani-

2481 3652 2683 3706 mantia
2716 3665 2828 3704 non
2855 3649 3097 3703 viventia
3120 3667 3134 3702 :
3161 3658 3221 3702 ut
3242 3649 3432 3712 etiam,
3463 3649 3666 3717 inquit,
3701 3663 3908 3716 corpus
3927 3665 4057 3702 cum

2480 3745 2664 3796 anima
2698 3742 3011 3796 reviviscat.
3042 3740 3150 3794 Sed
3207 3741 3464 3794 animalia
3513 3741 3628 3793 sola
3675 3750 3805 3793 sunt
3835 3742 4058 3794 anima-

2479 3850 2602 3886 rum
2633 3832 2972 3893 viventium;
3027 3829 3097 3884 de
3155 3830 3338 3884 anima
3379 3830 3528 3883 enim
3564 3830 3679 3884 sola
3721 3829 3791 3882 ab
3816 3845 3888 3882 eo
3923 3840 4062 3883 tem.

2479 3939 2612 3993 pore
2643 3933 2767 3992 post
2797 3923 3137 3990 baptismum
3159 3922 3448 3990 loquitur:
3483 3936 3609 3975 eam
3644 3921 3792 3974 cnim
3828 3933 4058 3990 oportet

2481 4014 2690 4075 vivere,
2725 4023 2916 4066 etnon
2953 4028 3156 4083 corpus
3189 4029 3315 4066 cum
3344 4029 3407 4066 ea
3441 4031 3454 4066 :
3483 4013 3702 4081 corpori
3743 4015 3898 4067 enitn
3925 4025 4061 4068 sunt

2483 4106 2787 4158 inimicitia:
2809 4105 3076 4159 adversus
3097 4106 3291 4160 Deum.
3312 4105 3551 4174 lteptilia
3575 4120 3706 4174 ergo
3728 4106 3840 4158 sint
3868 4107 3938 4160 iis
3963 4107 4061 4175 qui

2482 4196 2871 4264 baptizantur;
2902 4203 3166 4264 tanquam
3191 4194 3258 4247 ad
3292 4195 3391 4248 Dei
3414 4194 3705 4247 obsonium
3740 4195 3910 4248 electi
3938 4198 4065 4264 pis-

2482 4303 2574 4341 ces
2606 4289 2700 4356 qui
2733 4287 3088 4340 adducuntur
3119 4287 3189 4339 ab
3217 4286 3286 4340 iis
3314 4286 3408 4354 qui
3445 4285 3602 4354 prius
3617 4295 3774 4338 erant
3811 4286 4067 4354 piscato-

2483 4393 2594 4440 res,
2630 4393 2779 4430 nunc
2819 4385 3004 4429 autem
3029 4375 3291 4444 apostoli.
3334 4374 3442 4429 Sed
3468 4375 3582 4427 sint
3603 4374 3770 4427 etiam
3793 4377 4062 4430 volucres

2487 4469 2523 4522 ii
2549 4469 2644 4537 qui
2686 4483 2908 4522 sursum
2943 4467 3202 4521 feruntur
3225 4475 3288 4520 ut
3327 4468 3462 4520 fiant
3488 4466 3709 4519 obviam
3735 4465 3968 4520 Christo
4004 4468 4061 4520 in

815 4557 1004 4610 ritum.
1029 4557 1089 4610 In
1121 4556 1292 4609 altum
1317 4555 1464 4608 enim
1504 4555 1560 4607 in
1583 4556 1739 4609 cmlis
1771 4556 1949 4610 elatus
1985 4557 2077 4610 Sol
2106 4558 2200 4625 qui
2230 4557 2378 4610 cadit
2412 4553 2455 4606 D
2483 4576 2633 4615 acre.
2691 4559 2816 4615 11ωο
2863 4568 3046 4613 autem
3092 4567 3257 4613 erunt
3307 4559 3354 4612 si
3398 4559 3469 4612 ab
3505 4573 3647 4626 aqua
3698 4557 4066 4627 baptismatis

815 4650 920 4703 sub
945 4647 1366 4718 intelligentiam
1395 4648 1563 4716 (sicut
1593 4648 1672 4701 sol
1715 4648 1937 4702 scnsilis
1971 4649 2024 4702 in
2062 4650 2379 4703 ﬁrmamen-

814 4754 893 4808 to,
945 4743 1187 4813 desuper
1232 4742 1469 4796 demisso
1531 4742 1586 4794 in
1613 4757 1784 4810 aquas
1819 4757 1920 4794 suo
1958 4741 2159 4809 radio),
2192 4743 2378 4795 statim

816 4837 949 4890 fecit
979 4837 1456 4906 regenerationem
1483 4851 1608 4904 qua:
1628 4843 1713 4888 est
1751 4850 1849 4902 per
1899 4849 2095 4903 aquam
2119 4844 2175 4887 et
2206 4835 2383 4903 Spiri-

819 4942 958 4993 tum,
990 4937 1364 4998 congruenter
1392 4925 1445 4980 ei
1471 4926 1617 4995 quod
1663 4925 1875 4979 dictum
1929 4937 2053 4979 cst:
2098 4926 2164 4979 Et
2207 4928 2381 4979 mittes

817 5021 1074 5090 Spiritum
1121 5034 1290 5082 tmtnt,
1335 5027 1385 5070 et
1425 5019 1765 5079 creabantur,
1810 5028 1858 5071 et
1888 5018 2161 5072 renovabis
2190 5018 2378 5086 [aciem

818 5125 974 5166 terra:
1005 5113 1072 5165 ".
1101 5113 1206 5166 Per
1235 5113 1382 5165 hunc
1405 5126 1560 5180 ergo,
1587 5121 1645 5165 et
1671 5127 1778 5164 non
1811 5126 1909 5180 per
1938 5111 2176 5179 aliquem
2205 5111 2375 5164 alium

820 5204 1040 5258 modum
1064 5243 1077 5265 ,
1109 5217 1176 5256 ex
1204 5203 1362 5271 aquis
1384 5201 1610 5271 quidem
1634 5203 1852 5272 genitas
1899 5203 2114 5255 animas
2155 5203 2374 5272 (nempe

819 5312 916 5365 per
947 5295 1286 5366 baptismum
1345 5297 1722 5365 regeneratas)
1767 5294 2053 5349 benedixit
2097 5296 2243 5349 Deus
2289 5295 2377 5348 di-

820 5403 953 5440 cens
983 5405 996 5440 :
1026 5386 1254 5441 Crescite
1277 5395 1326 5439 et
1375 5385 1812 5456 muliplicamini,
1845 5396 1894 5438 et
1931 5386 2125 5456 replete
2184 5403 2375 5456 aquas.

822 5479 1212 5532 Animantibus
1239 5488 1422 5532 autem
1463 5488 1519 5533 et
1547 5479 1817 5549 jumentis
1864 5487 1921 5532 et
1958 5479 2093 5532 feris
2119 5494 2243 5547 qua:
2274 5479 2379 5531 viri

821 5578 972 5633 sunt,
998 5571 1463 5641 serpentibusque
1491 5579 1547 5625 et
1572 5571 1867 5626 venenatis
1906 5571 2245 5632 hominibus,
2287 5570 2382 5639 qui

821 5672 951 5715 sunt
992 5664 1271 5733 peregrini
1303 5675 1360 5718 et
1407 5663 1568 5718 alieni
1620 5680 1648 5718 a
1701 5665 2058 5733 generatione
2100 5664 2384 5732 baptismi,

891 5776 936 5804 ’°
954 5775 1126 5830 chit.
1164 5793 1287 5840 xxv,
1320 5779 1404 5831 10.

821 5843 866 5877 ’⁸
908 5845 1048 5901 Psal.
1091 5863 1246 5904 xxxv.
1295 5849 1378 5902 111.

1482 5780 1520 5808 ⁵⁸⁸
1555 5779 1691 5832 Psal.
1725 5794 1975 5840 (πῃπῇ.

2074 5779 2117 5808 θ’
2152 5777 2305 5830 .loan.
2334 5793 2407 5840 ut,

2439 5779 2488 5831 5.

2482 4653 2668 4707 011υοιί
2696 4652 2966 4706 fuerimus
2990 4651 3231 4719 reptilia,
3261 4649 3356 4704 sed
3376 4649 3684 4702 animarum
3712 4649 4062 4702 viventium:

2483 4743 2597 4797 sola
2624 4743 2829 4804 anima,
2858 4753 2983 4811 post
3007 4742 3316 4810 baptisma;
3345 4741 3686 4810 suscipiente
3714 4739 3966 4793 studium
3994 4741 4063 4794 ad

2484 4835 2738 4899 meliora,
2763 4843 2821 4887 ct
2853 4833 2946 4887 tali
2972 4834 3275 4888 constituta
3310 4833 3494 4902 qualis
3528 4831 3816 4886 cxieritex
3863 4848 4015 4901 aqua
4043 4852 4059 4896 ;

2483 4937 2540 4981 01
2572 4942 2681 4980 non
2731 4926 2981 4980 exierant
3013 4925 3233 4993 reptilia
3275 4926 3584 4978 animarum
3613 4923 3951 4985 viventium,
3990 4942 4063 4978 ne

2491 5019 2761 5074 habeatur
2779 5020 2886 5073 ulla
2908 5035 3040 5072 cura
3063 5019 3334 5088 corporis.
3361 5017 3492 5072 Nam
3512 5017 3558 5070 si
3581 5017 3797 5070 dicatur
3823 5017 4064 5078 animal.

2489 5113 2820 5182 intelligitur
2841 5111 2990 5180 quod
3020 5110 3186 5165 simul
3221 5111 3332 5165 sint
3353 5124 3555 5178 corpus
3578 5117 3635 5162 et
3654 5107 3860 5161 anima.
3887 5108 3969 5160 Ea
3993 5109 4066 5162 de

2486 5219 2649 5258 causa
2677 5203 2746 5256 ab
2786 5202 2948 5257 initio
2980 5201 3223 5272 Spiritus
3250 5201 3531 5255 ferebatur
3567 5210 3828 5268 tanquam
3863 5200 4067 5254 anima

2485 5300 2677 5351 vivens
2702 5313 2870 5366 super
2895 5310 3119 5364 aquam,
3155 5309 3355 5363 aquam
3390 5291 3676 5345 viviticans
3705 5299 3764 5345 et
3799 5307 4063 5346 movens.

2559 5391 2854 5457 Propterea
2874 5386 3060 5441 divina
3082 5400 3302 5455 quoque
3319 5383 3600 5452 Scriptura
3629 5382 3745 5436 haec
3765 5384 3879 5435 duo
3901 5385 4071 5452 ponit

2490 5481 2648 5535 simul
2678 5478 2987 5548 congenita,
3041 5486 3294 5545 tanquam
3331 5474 3564 5528 animam
3605 5482 3663 5527 et
3689 5488 3915 5542 corpus.
3963 5477 4072 5528 alio

2491 5570 2712 5640 quando
2740 5569 2963 5639 quidem
2986 5567 3178 5621 dicens
3206 5583 3218 5618 :
3248 5565 3400 5630 Apud
3429 5574 3478 5617 te
3510 5565 3726 5632 (nempe
3759 5563 4065 5633 Spiritum.

2495 5672 2748 5732 tanquam
2779 5659 2970 5728 Deum)
2996 5667 3070 5711 est
3099 5658 3214 5726 {ous
3257 5658 3374 5710 vita:
3392 5656 3458 5708 ".
3491 5655 3802 5724 Aliquando
3825 5664 4018 5709 autem
4051 5673 4064 5707 :

2591 5777 2636 5808 ”
2665 5777 2681 5827 1
2710 5775 2897 5828 Thess.
2959 5790 3026 5834 I\‘,
3062 5771 3141 5824 16.
3240 5770 3281 5798 ³³
3307 5769 3441 5823 Gen.
3480 5768 3609 5830 ",6.
3714 5766 3759 5799 ”
3795 5765 3968 5831 ibid.,
4013 5768 4066 5820 7.
