4200 6440
177 406 277 473 οιτ

1274 415 1353 473 ΙΝ
1396 414 1944 475 ΗΕΧΑΕΜΕΒΟΝ.
1991 442 2059 451 ν-
2103 417 2247 476 LlB.
2294 421 2358 477 ν.

3321 412 3427 479 918

174 526 351 578 Flabit
388 528 603 592 spiritus
632 528 766 596 ejus,
790 535 836 579 et
861 529 1024 596 ﬂuent
1051 543 1205 597 aqua
1227 528 1295 579 ".
1319 528 1584 582 Dominus
1616 544 1754 597 quo—
1782 534 1827 588 Α.
1854 532 2106 584 viventem
2134 549 2151 583 :
2203 546 2311 583 una
2351 544 2436 584 est
2472 531 2619 585 enim
2668 542 2725 585 et
2767 530 2964 585 similis
3015 531 3275 585 omnibus
3325 532 3422 584 ho-

173 634 282 686 que
304 618 476 670 dicit:
502 617 603 682 Qui
627 620 791 671 credit
824 620 879 671 in
910 636 992 671 me
1014 620 1231 689 (nempe
1263 629 1436 673 totum
1462 619 1753 689 Spiritum,

174 711 221 763 si
258 710 429 764 fuerit
466 712 845 775 incrassalus),
884 715 1017 765 sicut
1048 713 1171 764 dicit
1201 710 1500 783 Scriptura,
1525 714 1671 782 ﬂuvii
1695 729 1757 765 ea:

174 811 360 855 rzutre
381 805 492 872 ejus
521 806 685 873 ﬂuent
711 820 863 867 aqua:
892 806 1011 857 vita?
1033 804 1099 857 ⁵⁸.
1130 804 1399 858 Similiter
1420 806 1589 857 etiam
1624 805 1757 858 dicit

176 892 559 955 Samaritanm,
596 895 803 964 Aquam
838 911 939 964 ego
984 897 1027 947 ei
1057 895 1213 956 dabo,
1247 897 1341 965 qui
1370 911 1490 948 sum
1528 896 1758 965 spiritus

177 998 443 1057 tauquam
474 990 639 1051 Deus,
669 999 723 1043 et
752 1005 848 1043 eos
879 990 973 1058 qui
997 1005 1082 1043 me
1112 990 1366 1054 adorant,
1402 993 1456 1043 iu
1484 992 1675 1059 spiritu
1709 1000 1759 1042 et

176 1083 402 1133 ueritate
436 1092 642 1151 oportet
674 1083 920 1144 adorare,
953 1092 1001 1136 et
1033 1084 1122 1150 [iet
1152 1086 1199 1136 ei
1228 1082 1344 1151 {ous
1371 1087 1491 1138 vita:
1517 1084 1758 1136 salientis

177 1172 227 1222 in
254 1175 421 1225 vitam
447 1182 702 1227 wtcrnam
732 1176 798 1225 ”.
832 1174 1010 1228 Prima
1045 1190 1179 1244 ergo
1202 1174 1333 1238 vita,
1371 1174 1669 1227 viventium
1693 1190 1758 1227 ex

176 1267 359 1333 aquis.
402 1266 482 1318 Ex
528 1266 609 1319 eis
639 1275 724 1319 est
765 1268 1022 1334 cognitus
1046 1268 1261 1335 primus
1291 1266 1563 1319 adventus
1585 1266 1762 1335 Spiri-

177 1367 287 1415 tus,
321 1374 449 1409 nam
488 1374 652 1426 super
677 1374 769 1411 eas
801 1359 1103 1413 ferebatur.
1131 1359 1313 1412 Prima
1338 1360 1674 1413 resurrectio
1695 1374 1759 1411 ex

175 1451 256 1504 eis
303 1453 451 1504 facta
478 1461 562 1505 est
595 1469 690 1521 per
718 1454 910 1507 Jonam
951 1470 964 1505 :
999 1454 1052 1506 in
1078 1454 1159 1507 eis
1188 1464 1274 1508 est
1314 1454 1581 1508 absconsa
1612 1470 1760 1507 mar-

176 1542 353 1612 garita
400 1545 613 1611 paterni
672 1545 918 1615 fulgoris.
973 1546 1079 1598 Per
1135 1546 1429 1599 Jordanem
1484 1545 1623 1598 facta
1675 1556 1762 1598 est

176 1639 439 1704 purgatio
484 1647 783 1699 creatura';
837 1653 901 1689 ex
953 1637 1110 1705 aquis
1154 1638 1292 1690 facta
1348 1646 1433 1689 est
1482 1636 1760 1691 fructuum

175 1730 516 1799 germinalio
544 1747 555 1780 :
591 1745 655 1781 ex
682 1729 837 1797 aquis
865 1728 966 1782 fuit
997 1728 1240 1798 paradisi
1280 1728 1547 1797 irrigatio.

246 1821 389 1873 Ante
438 1823 625 1873 oumia
656 1836 807 1889 aqu:e
843 1821 897 1873 in
932 1819 1209 1889 principio
1244 1827 1579 1887 acceperunt
1616 1819 1759 1871 lueis

179 1914 669 1977 illuminationem,
702 1923 760 1966 ut
792 1930 913 1982 qum
960 1912 1237 1967 ferrentur
1263 1927 1430 1979 super
1462 1921 1664 1963 terram
1700 1920 1757 1962 et

177 2021 294 2058 eam
348 2005 629 2057 allnerent
656 2020 717 2058 ac
751 2005 1047 2073 tingerent,
1092 2012 1147 2056 et
1192 2002 1588 2071 propemodum
1620 2015 1759 2067 pra:-

178 2095 436 2147 diearent
483 2108 701 2146 omnem
743 2093 1040 2146 humanam
1091 2102 1345 2145 naturam
1373 2105 1495 2158 qua:
1521 2088 1760 2141 eratba—

179 2187 462 2255 ptizanda.
507 2185 872 2251 Quamobrem
918 2184 1086 2238 tertio
1121 2183 1209 2237 die
1243 2197 1381 2250 aqua
1417 2180 1667 2234 ascendit
1693 2196 1759 2233 ex

180 2278 465 2346 baptismo
490 2277 760 2343 ejusmodi
784 2292 1076 2345 aquarum,
1111 2287 1170 2329 ut
1199 2290 1320 2343 qua:
1353 2274 1405 2326 iu
1433 2273 1759 2326 Trinitatem

180 2371 363 2424 Patris
414 2376 474 2420 et
518 2367 639 2420 Filii
678 2377 734 2419 et
770 2367 1011 2435 Spiritus
1052 2365 1227 2419 sancti
1276 2363 1549 2433 baptizata
1587 2363 1659 2415 sit
1706 2368 1762 2414 et

179 2459 509 2512 crediderit.
558 2457 729 2523 Quam
776 2458 1000 2526 quidem
1043 2471 1168 2510 cum
1206 2457 1350 2509 Deus
1394 2463 1650 2523 tanquam
1696 2470 1759 2507 ex

180 2552 366 2619 aliqua
428 2565 694 2618 aquarum
739 2550 948 2619 piscina
1002 2547 1305 2605 eduxisset,
1373 2546 1557 2599 statim
1606 2545 1764 2615 jubet

178 2646 330 2698 ferre
382 2646 618 2705 fructus,
673 2643 1068 2697 convenienter
1126 2642 1382 2710 Baptista:
1403 2638 1621 2697 Joanni.
1668 2639 1760 2706 qui

180 2739 247 2790 iis
268 2737 367 2805 qui
396 2737 817 2804 baptizabantur
843 2734 1192 2804 praecipiebat
1214 2742 1270 2786 ct
1304 2732 1523 2785 dicebat
1550 2749 1562 2782 :
1588 2730 1764 2784 Facite

182 2830 385 2899 fructus
434 2831 617 2898 dignos
662 2830 980 2896 preuitentia:
1018 2830 1065 2892 ¹;
1114 2828 1230 2896 ipse
1279 2840 1502 2895 quoque
1552 2824 1759 2886 dicens,

179 2923 457 2976 Cet-minet
511 2931 653 2973 terra
691 2925 902 2973 herbam
945 2920 1070 2987 feni,
1108 2929 1155 2971 et
1194 2919 1391 2986 lignum
1434 2917 1763 2986 fructifera":

180 3014 384 3081 faciens
409 3014 659 3080 fructum.
694 3013 958 3065 Existimo
1009 3012 1237 3064 herbam
1269 3025 1392 3063 esse
1422 3019 1762 3077 peccatores,

178 3105 330 3175 ligna
382 3105 695 3165 fructifera,
718 3106 929 3173 justos;
954 3102 1050 3156 Dei
1076 3118 1211 3156 voce
1237 3102 1397 3154 nobis
1422 3099 1764 3170 signiﬁcante

1859 623 2123 685 minibus,
2160 640 2190 678 c
2237 632 2379 677 terra
2422 626 2601 693 genita
2643 636 2698 678 et
2744 625 2983 678 carnalis
3029 625 3309 693 generatio
3359 641 3424 676 ex

1860 716 2091 769 muliere
2130 734 2143 768 :
2180 716 2232 769 in
2282 716 2439 785 aquis
2469 726 2650 769 autem
2701 726 2929 787 prepter
2961 716 3323 785 spiritualem,
3359 731 3426 769 ex

1861 808 2018 877 ipsis,
2047 810 2388 877 baptismatis
2429 809 2701 863 diversam
2732 810 3227 879 regenerationem,
3255 810 3423 863 dicit:

1861 900 2185 963 Producuut,
2236 901 2434 970 inquit,
2469 917 2624 971 aqmv
2666 902 2874 969 replilia
2909 903 3216 954 animarum
3254 901 3427 953 viven—

1860 994 2011 1045 tium.
2049 991 2167 1044 Alia
2209 992 2356 1045 enim
2406 992 2691 1062 egreditur
2736 992 2917 1046 anima
2959 1010 3025 1047 ex
3068 992 3303 1062 piscina,
3332 993 3427 1058 qui

1860 1086 2095 1142 sincere,
2121 1099 2187 1135 ex
2229 1084 2411 1136 animo
2443 1092 2499 1135 et
2530 1084 2697 1138 corde
2722 1092 2807 1138 est
2832 1085 3140 1153 baptizatus
3170 1094 3294 1148 ;est
3324 1084 3428 1136 alia

1861 1177 2042 1230 anima
2077 1176 2122 1229 is
2153 1176 2245 1244 qui
2285 1190 2410 1227 Cltttt
2439 1174 2783 1230 dubitatione
2813 1176 3047 1230 accessit
3074 1177 3138 1229 ad
3168 1178 3427 1245 gratiam;

1861 1276 1916 1320 et
1949 1268 2051 1320 alia
2086 1268 2266 1320 anima
2294 1267 2338 1319 is
2363 1266 2457 1334 qui
2487 1267 2744 1318 tentando
2768 1267 3001 1322 accessit
3023 1267 3089 1320 ad
3124 1282 3431 1321 sacramen—

1867 1368 2005 1421 tum,
2037 1370 2096 1411 ut
2134 1360 2322 1411 Simon
2372 1359 2575 1427 Magos,
2632 1358 2699 1411 de
2754 1376 2864 1426 quo
2909 1359 3117 1412 dictum
3169 1369 3252 1412 est
3282 1378 3294 1411 :
3324 1358 3430 1411 Bu-

1868 1454 2095 1522 ptizutus
2149 1461 2221 1503 est
2276 1451 2441 1504 etiam
2493 1449 2675 1504 Simon
2721 1449 2911 1520 Magus
2959 1454 2999 1513 ³,
3059 1460 3116 1505 et
3185 1450 3434 1504 ascendit

1861 1544 2039 1613 qualis
2073 1543 2357 1596 descendit
2397 1559 2410 1594 :
2440 1543 2543 1595 hoc
2578 1552 2681 1605 est,
2720 1558 2829 1596 non
2864 1542 3225 1595 illuminatus.
3262 1541 3435 1594 Aliter

1860 1639 2006 1688 enim
2054 1635 2305 1698 aﬁicitur,
2373 1635 2424 1688 in
2470 1636 2537 1689 iis
2583 1636 2709 1689 dico
2767 1634 2861 1703 qui
2915 1634 3286 1702 baptizantur,
3339 1649 3437 1687 cor

1862 1727 2084 1797 gentilis
2129 1735 2184 1780 et
2217 1726 2459 1788 barbari,
2492 1726 2585 1795 qui
2629 1735 2712 1779 est
2758 1724 2983 1777 omnino
3012 1724 3236 1793 ignarus
3270 1723 3435 1778 Chri-

1864 1819 2134 1873 stianismi
2178 1825 2234 1869 et
2281 1817 2692 1886 Scripturarum
2734 1817 2865 1879 Dei;
2897 1825 2952 1870 et
2995 1816 3103 1870 alio
3130 1816 3313 1869 animo
3342 1832 3434 1869 ac-

1863 1912 2011 1965 cedit
2045 1914 2091 1965 is
2119 1912 2214 1979 qui
2240 1920 2324 1964 est
2356 1910 2644 1964 institutus
2662 1919 2719 1964 et
2750 1910 3002 1964 initiatus
3030 1911 3085 1963 in
3120 1909 3435 1978 cognitione

1860 2015 1917 2059 et
1949 2004 2334 2071 intelligentia,
2380 2013 2435 2057 et
2485 2013 2742 2072 tanquam
2781 2004 2938 2071 prius
2985 2003 3328 2056 illuminatus
3381 2003 3435 2056 in

1862 2096 2067 2150 Christi
2097 2105 2459 2150 sacramento.
2484 2096 2638 2151 Unde
2667 2111 2883 2157 rursus,
2913 2112 3038 2150 cum
3072 2097 3398 2166 baptismate
3420 2137 3435 2161 ,

1865 2191 2202 2259 propheticis
2249 2189 2697 2250 charismatihus,
2755 2199 2810 2244 ct
2867 2190 3093 2260 linguis,
3145 2200 3200 2244 et
3241 2190 3432 2259 signis.

1863 2293 1918 2335 et
1951 2281 2407 2350 przenotionihus,
2441 2281 2590 2349 digni
2621 2280 2793 2334 habiti
2826 2292 2950 2334 sunt
2983 2281 3237 2335 nonnulli
3272 2297 3339 2334 ex
3368 2282 3437 2335 iis

1863 2377 1955 2445 qui
1979 2375 2289 2444 cognitione
2317 2374 2609 2427 illuminati
2627 2374 2969 2428 accedebant
2987 2375 3053 2428 ad
3071 2376 3432 2443 baptismum,

1865 2467 2046 2520 statim
2096 2467 2276 2519 ell'ecti
2330 2466 2399 2518 ab
2449 2466 2570 2518 aliis
2608 2465 2815 2519 diversi
2860 2475 2916 2520 et
2969 2466 3185 2519 mutati.
3228 2467 3435 2520 Novam

1864 2571 2046 2615 autem
2084 2558 2647 2626 haneluqttizatorum
2688 2558 2754 2610 ad
2788 2574 2852 2611 ea
2888 2574 3012 2627 quae
3043 2566 3173 2611 sunt
3208 2559 3436 2612 meliora

1866 2650 2226 2703 mutationem
2253 2647 2569 2717 signiﬁcans
2593 2646 2683 2699 Sol
2701 2648 2946 2717 jttstitiw,
2980 2648 3213 2700 mutavit
3238 2663 3435 2717 aquam

1866 2741 2055 2799 maris,
2104 2755 2224 2792 eam
2262 2739 2408 2791 intus
2439 2746 2496 2790 et
2519 2745 2675 2789 extra
2713 2738 2908 2790 salsam
2947 2739 3183 2792 reddens
3214 2756 3226 2790 :
3259 2754 3435 2806 quan-

1866 2810 2160 2899 doquidem
2201 2830 2278 2882 sal
2319 2839 2405 2881 est
2430 2829 2672 2881 Verbum
2706 2828 2825 2891 Dei,
2857 2828 3057 2882 tollens
3086 2844 3249 2883 omne
3283 2830 3438 2881 virus

1865 2930 1922 2975 et
1953 2937 2169 2975 munem
2199 2921 2451 2973 fictorem
2487 2934 2800 2986 expurgans
2844 2930 2900 2972 et
2951 2920 3435 2987 putrel'actioncm,

1867 3029 2098 3082 corpora
2151 3011 2491 3074 custodiens,
2548 3012 2690 3065 cibis
2724 3012 3096 3074 benefaciens,
3149 3020 3207 3066 et
3241 3027 3437 3081 panem

1868 3106 2145 3158 cwlestem
2191 3102 2409 3155 unicus.
2448 3102 2601 3156 Unde
2647 3111 2703 3156 et
2730 3102 2984 3157 Christus
3038 3102 3106 3156 iis
3134 3103 3438 3171 exprobrat

180 3196 330 3266 quod
373 3207 501 3266 post
549 3196 886 3265 baptismum
920 3195 1331 3264 generabuutur
1356 3192 1604 3261 quaedam
1629 3206 1767 3245 esca:
1793 3209 1834 3264 ο
1865 3198 1956 3266 qui
1984 3199 2063 3251 sal
2104 3197 2374 3265 ejusmodi
2422 3197 2475 3248 in
2524 3212 2582 3247 se
2617 3211 2724 3248 non
2758 3194 2967 3247 habent
3005 3203 3063 3248 et
3091 3194 3432 3248 custodiunt.

178 3302 450 3357 pecorum
510 3296 564 3339 et
645 3288 975 3348 daemonum.
1032 3294 1087 3340 et
1122 3286 1261 3355 ignis
1308 3285 1537 3339 materia
1582 3300 1648 3337 ex
1678 3300 1764 3337 so-

178 3379 369 3434 cordia
406 3394 471 3431 ac
518 3378 848 3447 negligentia
885 3386 1139 3446 tauquam
1179 3377 1326 3440 fcuo,
1385 3390 1494 3429 non
1522 3375 1627 3428 hoc
1657 3375 1765 3427 Deo

174 3472 435 3539 iubente,
484 3471 578 3523 sed
628 3470 775 3539 quod
826 3470 1074 3523 futurum
1117 3477 1239 3522 erat
1282 3466 1759 3537 prtesiguiﬁcante.

176 3563 451 3616 Nonnulli
493 3572 676 3616 autem
727 3573 981 3630 tanquam
1021 3561 1077 3614 in
1137 3561 1456 3614 nemoribus
1499 3568 1555 3612 et
1589 3559 1763 3613 hortis

176 3656 432 3708 fructum
485 3655 743 3720 ferentes,
777 3654 945 3707 veluti
996 3654 1050 3707 in
1088 3652 1253 3707 trium
1285 3653 1541 3705 arborum
1592 3651 1759 3718 ligno,

178 3747 615 3801 subiuciinatam
651 3746 932 3824 habebunt
960 3760 1181 3799 erucem
1208 3759 1371 3814 quam
1391 3742 1763 3812 complectan-

177 3851 296 3902 tur,
343 3854 468 3907 qua:
495 3839 827 3907 germinavit
855 3854 920 3891 ex
966 3838 1142 3892 tribus
1171 3839 1370 3907 lignis;
1418 3837 1558 3890 bene
1613 3837 1763 3890 colo-

178 3943 367 3985 ratum
408 3931 780 3999 producentes
814 3930 1055 3984 fructum
1114 3931 1312 3985 aninue
1360 3928 1759 3984 sanctiﬁcatio-

176 4040 335 4085 nem,
370 4021 651 4077 Christum
677 4024 1045 4087 invocantem,
1079 4024 1171 4092 qui
1197 4024 1249 4076 in
1274 4023 1457 4076 crucis
1485 4037 1554 4075 ex
1584 4021 1763 4074 tribus

178 4117 488 4172 arboribus
528 4116 795 4170 confecta:
828 4115 979 4185 ligno
1009 4115 1343 4168 recubuerat
1367 4121 1425 4167 et
1447 4112 1763 4166 obdormie-

178 4222 293 4265 rat.
346 4210 511 4263 Forte
543 4208 692 4261 enim
718 4210 864 4262 sicut
889 4208 1052 4262 tertio
1094 4207 1205 4271 die,
1237 4206 1421 4260 herba:
1447 4215 1505 4259 et
1536 4205 1763 4259 arbores

178 4302 469 4371 frugifera:
515 4308 643 4353 sunt
686 4308 849 4370 typus
873 4307 1223 4369 peccatorum
1254 4306 1310 4353 ct
1344 4300 1653 4369 iustorum;
1686 4298 1761 4352 ita

177 4395 355 4447 etiam
383 4394 436 4445 in
458 4392 653 4459 quinto
682 4391 770 4445 die
794 4392 1097 4461 proposito,
1122 4392 1302 4460 pisces
1330 4392 1553 4461 quidem
1582 4392 1676 4461 qui
1706 4392 1758 4445 in

178 4500 327 4555 aqua
376 4483 671 4552 tinguntur
710 4493 769 4538 et
801 4498 912 4537 non
954 4483 1269 4553 suscipiunt
1296 4499 1485 4537 auram
1515 4500 1617 4538 nec
1650 4484 1762 4553 spi-

1938 3290 2033 3343 Est
2089 3289 2338 3358 quredam
2371 3287 2718 3341 admirabilis
2756 3289 2897 3340 ratio
2944 3286 2999 3340 in
3030 3295 3228 3341 natura
3263 3303 3436 3356 aqua-

1864 3400 2007 3443 rum,
2065 3382 2221 3435 valde
2256 3381 2509 3451 apposita
2554 3390 2610 3434 et
2647 3378 2989 3433 conveniens
3028 3379 3454 3448 regenerationi.

1863 3473 2228 3543 baptismatis.
2266 3487 2389 3542 qua:
2428 3471 2489 3524 ﬁt
2538 3471 2657 3525 sine
2710 3471 2921 3525 semine
2968 3478 3026 3526 ct
3058 3472 3436 3542 corruptione.

1861 3565 2020 3627 Nam,
2058 3572 2117 3617 ut
2151 3563 2345 3618 dicunt
2392 3564 2485 3633 qui
2514 3572 2720 3617 norunt
2752 3563 3001 3633 piscandi
3044 3574 3242 3629 artem,
3275 3565 3441 3622 habet

1862 3656 2083 3725 quidem
2119 3656 2351 3724 piscium
2383 3665 2578 3709 natura
2612 3657 2980 3710 masculinum
3021 3666 3078 3711 et
3110 3657 3437 3712 femininum

1862 3761 2053 3801 sexum
2086 3758 2359 3810 natantes,
2393 3756 2449 3801 et
2489 3749 2633 3800 inter
2678 3763 2736 3801 se
2771 3765 2878 3801 nou
2933 3759 3168 3814 coeunt;
3198 3750 3295 3805 sed
3320 3752 3443 3806 sine

1863 3842 2070 3896 semine
2118 3855 2183 3894 ex
2218 3856 2358 3910 aqua
2410 3850 2466 3895 et
2504 3842 2700 3910 spiritu
2727 3842 2897 3895 veluti
2934 3842 3183 3911 pariunt;
3213 3844 3438 3913 proprie

1861 3941 1918 3987 et
1953 3933 2068 3985 sine
2103 3932 2469 3997 dubitatione,
2497 3948 2565 3987 co
2612 3934 2866 4001 exemplo
2894 3933 3237 4002 signiﬁcante
3270 3933 3438 4001 spiri-

1863 4028 2067 4080 tualem
2096 4034 2151 4080 et
2198 4028 2316 4081 sine
2354 4026 2562 4079 semine
2591 4034 2840 4079 nostram
2872 4042 2937 4079 ex
2969 4042 3110 4095 aqua
3149 4035 3207 4080 et
3238 4027 3436 4096 spiritu

1862 4118 2297 4189 generationem,
2338 4118 2406 4171 de
2430 4133 2537 4186 qua
2566 4118 2774 4171 dictum
2817 4128 2903 4171 est
2930 4135 2943 4171 :
2970 4118 3087 4172 Non
3118 4135 3182 4172 ea:
3214 4124 3438 4191 sangui-

1863 4212 2030 4271 nibus,
2056 4226 2219 4278 neque
2247 4226 2309 4262 ea:
2338 4208 2605 4261 voluntate
2630 4209 2751 4272 viri,
2774 4209 2865 4261 sed
2885 4224 2950 4261 ea:
2982 4209 3089 4261 Deo
3120 4214 3232 4264 nati
3254 4220 3375 4265 sunt
3394 4213 3435 4267 ⁵.

1861 4302 2059 4355 Dicunt
2088 4311 2272 4354 autem
2300 4310 2356 4355 et
2386 4300 2741 4362 testudinem,
2776 4316 2899 4370 quae
2919 4300 3147 4365 dicitur,
3172 4313 3229 4356 et
3251 4318 3440 4357 mure-

1862 4408 1985 4445 nam
2034 4392 2221 4445 coire:
2267 4391 2360 4445 sed
2397 4390 2545 4460 quod
2588 4407 2773 4445 rarum
2818 4406 2925 4458 est,
2953 4408 3063 4446 non
3107 4402 3192 4447 est
3220 4394 3306 4448 lex
3339 4395 3441 4449 Ec-

1863 4482 2063 4537 clesiae.
2094 4483 2201 4536 Sed
2236 4483 2498 4551 quoniam
2529 4491 2764 4552 utraque
2796 4484 2913 4539 haec
2945 4486 3203 4540 animalia
3227 4488 3437 4542 marina

178 4552 311 4631 rant
351 4575 610 4645 spiritum
640 4575 735 4643 qui
780 4575 956 4629 fertur
996 4552 1165 4645 super
1204 4591 1424 4645 aquam,
1458 4586 1587 4630 sunt
1633 4552 1761 4646 pee-
1794 4552 1840 4609 θ
1868 4584 1923 4628 et
1950 4575 2229 4637 coeuntia,
2259 4575 2312 4627 in
2341 4583 2541 4628 terram
2567 4591 2634 4629 ex
2656 4576 2817 4642 armis
2840 4577 3223 4646 egrediuntur,
3267 4579 3435 4633 vitam

177 4678 405 4724 calores
440 4668 536 4737 qui
574 4668 739 4723 etiam
791 4678 916 4737 post
958 4668 1289 4737 baptismum
1326 4669 1382 4723 in
1412 4670 1757 4739 voluptatum

177 4760 464 4831 profundo
493 4770 549 4813 et
581 4760 842 4815 ﬂuctibus
872 4769 1220 4829 permanent,
1265 4772 1323 4815 et
1353 4762 1567 4830 peccati
1600 4763 1759 4817 virus

177 4867 296 4905 non
340 4851 743 4921 deposuerunt,
788 4868 969 4922 neque
1017 4852 1202 4907 Solem
1248 4855 1475 4925 iustitiae
1532 4871 1761 4926 aspexe-

178 4950 340 5004 runt,
394 4957 578 5011 neque
621 4944 738 4997 alas
765 4943 1032 4997 columba:
1066 4944 1285 5015 (nempe
1317 4946 1565 5016 spiritus)
1606 4962 1762 5002 acce-

178 5041 432 5102 perunt;
478 5042 533 5087 et
573 5034 699 5088 ideo
750 5051 859 5089 non
894 5043 1125 5105 possunt
1161 5039 1384 5092 evolare
1439 5038 1493 5091 in
1531 5038 1754 5104 coelum,

179 5125 281 5179 sed
327 5133 717 5180 remanserunt
756 5128 995 5197 reptilia,
1030 5138 1084 5182 et
1134 5144 1245 5183 non
1278 5137 1406 5184 sunt
1451 5129 1634 5185 cﬁ'eeti
1660 5147 1761 5184 vo-

178 5218 371 5272 lucres
415 5218 559 5273 sicut
605 5218 763 5289 justi.
807 5218 1051 5285 Quorum
1104 5221 1325 5290 quidem
1358 5221 1756 5275 virulentorum

181 5318 237 5366 et
289 5308 611 5363 fmtidorum
655 5311 888 5380 piscium
922 5329 1018 5367 rex
1065 5320 1170 5376 est,
1211 5328 1462 5383 magnum
1516 5314 1649 5367 illud
1701 5322 1756 5368 et

179 5397 491 5468 malignum
524 5409 699 5463 cetus,
734 5399 802 5454 de
841 5417 952 5470 quo
988 5403 1135 5456 Deus
1157 5403 1295 5457 dicit
1328 5403 1468 5457 Jobo
1501 5421 1517 5457 :
1556 5405 1650 5459 llic
1681 5414 1754 5458 est

181 5504 280 5541 rea:
335 5490 573 5542 omnium
624 5491 714 5559 qui
762 5500 888 5545 sunt
939 5495 995 5546 in
1039 5495 1192 5562 aquis
1238 5496 1279 5548 ‘.
1320 5494 1585 5550 Existimo
1623 5512 1755 5567 ergo

180 5580 335 5649 quod
359 5579 462 5634 hac
489 5579 558 5634 de
579 5596 763 5647 causa,
789 5581 844 5636 in
868 5585 1223 5653 generatione
1246 5586 1468 5653 quidem
1508 5587 1756 5641 animan-

181 5669 326 5724 tium
360 5683 428 5723 ex
452 5677 619 5737 terra,
648 5670 791 5727 Deus
822 5672 960 5728 dixit
994 5692 1007 5728 :
1044 5674 1308 5728 Producat
1338 5686 1483 5729 terra
1517 5680 1751 5730 animum

243 5785 295 5816 ’τ
335 5784 479 5839 Psal.
514 5799 706 5851 eam",
754 5787 839 5845 18.

914 5790 960 5822 ’⁸
995 5789 1151 5845 Joan.
1199 5809 1289 5855 vn,
1327 5792 1415 5846 58.

182 5868 297 5921 vm,
357 5854 439 5909 13.

515 5853 538 5886 ⁵
580 5856 735 5912 Joan.
771 5874 807 5923 ι,
849 5859 931 5915 13.
1005 5861 1026 5893 ⁸
1057 5860 1211 5916 Joan.
1265 5853 1375 5923 vni.
1430 5864 1517 5918 Η.

1490 5795 1535 5825 ’³
1571 5794 1724 5848 .loan.
1775 5809 1845 5857 tv,
1894 5793 2100 5857 ικινεῦ.

1863 4664 2069 4733 degunt
2109 4664 2404 4732 ancipitem
2451 4673 2508 4718 et
2553 4679 2663 4719 non
2691 4647 2888 4719 vivunt
2926 4682 3078 4721 more
3122 4668 3435 4722 natatilium

1864 4754 2245 4809 animantium.
2273 4752 2428 4807 Unde
2458 4769 2523 4807 ea
2555 4757 2776 4824 quidem
2803 4771 2925 4826 quae
2951 4756 3156 4812 dicitur
3183 4774 3440 4823 murena,

1861 4863 1893 4901 e
1925 4848 2063 4901 mari
2086 4846 2374 4917 egrediens
2405 4846 2538 4914 coit,
2571 4858 2632 4903 ut
2658 4850 2836 4912 aiunt,
2870 4864 2997 4904 eum
3032 4863 3291 4919 serpente
3324 4866 3439 4903 mas

1866 4941 2010 4995 rino.
2062 4940 2276 4995 Etenim
2329 4943 2649 5012 quicunque
2700 4943 2899 4997 nolunt
2957 4952 3170 5013 patrem
3232 4943 3437 4997 habere

1866 5030 2179 5091 Dominum,
2214 5041 2269 5085 et
2290 5041 2517 5086 matrem
2550 5032 2841 5101 piscinam,
2873 5032 2969 5086 sed
3002 5031 3127 5086 ﬁcte
3157 5041 3215 5086 et
3262 5032 3437 5084 simu-

1866 5122 1996 5185 late,
2037 5129 2096 5175 ut
2139 5122 2349 5187 Simon,
2405 5123 2676 5178 accedunt
2726 5123 2793 5177 ad
2844 5123 3200 5193 baptismum,
3238 5122 3274 5176 ii
3328 5120 3465 5175 sibi.

1864 5229 2060 5269 rursus
2105 5224 2316 5283 patrem
2362 5215 2645 5270 ascribunt
2690 5216 2968 5276 diabolum
2996 5216 3283 5283 antiquum
3314 5230 3433 5268 ser-

1862 5317 2102 5376 pentem,
2138 5314 2195 5359 et
2228 5307 2478 5371 audiunt,
2530 5307 2627 5360 Vos
2680 5324 2743 5362 ex
2789 5316 2941 5378 patre
2988 5316 3173 5361 vestro
3226 5307 3434 5359 diaboto

1864 5400 1985 5451 estis
2014 5398 2055 5461 ⁵,
2086 5406 2142 5451 et
2170 5397 2443 5467 abnegant
2488 5414 2686 5468 aquam
2719 5399 2968 5469 piscinas.
2997 5398 3121 5453 Non
3153 5399 3301 5451 enim
3331 5413 3432 5451 na-

1862 5499 2092 5545 scuntur
2116 5490 2169 5543 in
2199 5505 2262 5544 ea
2284 5508 2299 5555 ;
2322 5499 2375 5544 et
2408 5491 2736 5546 accedentes
2774 5492 2828 5546 in
2854 5501 3080 5554 terram,
3116 5490 3432 5559 suscipiunt

1862 5584 2271 5653 generationem
2310 5598 2432 5651 quze
2466 5592 2554 5637 est
2589 5583 2935 5637 conversatio
2972 5590 3029 5637 et
3053 5581 3166 5635 vita
3205 5579 3433 5635 minime

1862 5675 2188 5737 itluminata,
2234 5691 2359 5729 nam
2397 5692 2563 5745 supra
2607 5692 2826 5746 aquam,
2870 5689 2981 5729 non
3014 5688 3175 5742 supra
3225 5681 3429 5727 terram

2181 5795 2194 5824 '
2237 5792 2427 5847 Matth.
2464 5809 2542 5859 nt,
2601 5792 2656 5847 8.
2730 5793 2751 5825 ³
2786 5790 2911 5847 Job.
2944 5806 3053 5856 xu,
3094 5784 3195 5845 25."
3262 5789 3428 5848 'Act.
