4200 6440
775 394 881 460 919

1964 397 2023 453 ὃ.
2060 395 2457 454 ANAS’I‘ASII
2498 396 2819 456 SINAITJ'I

3917 393 4020 456 92]

777 520 942 575 super
971 505 1235 574 ferebatur
1268 503 1519 573 Spiritus.
1567 504 1810 557 Testudo
1837 513 2043 566 autem,
2079 515 2338 575 tanquam
2370 509 2412 565 Λ
2442 508 2535 575 qui
2562 507 2739 576 ipsum
2764 523 2953 560 rursus
2983 517 3263 561 evomunt.
3295 506 3401 561 Sed
3433 521 3542 559 non
3572 521 3698 560 eum
3737 505 3832 575 qui
3863 504 4022 573 prius

776 596 1162 651 aversantibus
1185 604 1240 648 et
1266 594 1696 648 abhorrentilms
1726 597 1902 663 aquis,
1939 596 2059 662 ejus
2094 595 2337 665 iniquam

774 703 842 742 ex
881 688 1086 740 semine
1118 697 1175 741 et
1218 689 1363 740 llnxu
1400 688 1847 756 conceptionem,
1884 688 1936 739 in
1976 687 2116 739 hanc
2143 695 2340 741 terram

777 779 1099 833 amandatur
1134 789 1190 832 ct
1224 780 1333 832 illic
1370 796 1471 832 ova
1523 780 1740 849 pariens
1771 796 1833 832 ea
1868 781 2130 842 occultat,
2171 780 2224 833 in
2259 790 2339 850 ιγ

778 887 906 939 pum
936 887 1128 925 eorum
1167 872 1259 940 qni
1311 887 1501 925 revera
1548 888 1617 925 ex
1647 888 1785 940 aqua
1838 872 2182 941 baptismatis
2214 888 2344 925 ena-

781 972 897 1015 tant
943 979 1039 1031 per
1071 965 1269 1032 ipstun,
1313 963 1644 1017 intrinsecus
1703 972 1886 1017 autent
1929 964 2111 1018 adhuc.
2166 966 2346 1019 celant

780 1056 1081 1123 improbam
1113 1056 1341 1109 seminis
1389 1056 1822 1126 generationem,
1870 1067 1928 1110 et
1978 1067 2200 1125 propter
2241 1056 2345 1109 hu-

782 1163 999 1199 manum
1043 1147 1180 1199 forte
1226 1149 1492 1216 pudorem
1528 1164 1649 1202 eam
1698 1151 1846 1201 l'oras
1899 1164 2008 1200 non
2060 1147 2345 1202 emittunt.

780 1238 950 1291 Nemo
982 1245 1164 1291 autem
1209 1238 1437 1291 irrideat.
1474 1240 1717 1307 exempla
1763 1239 1829 1291 de
1878 1239 2154 1293 testudine
2182 1248 2240 1293 et
2262 1240 2349 1309 pi-

780 1330 986 1382 scibus.
1036 1332 1265 1384 audiens
1311 1332 1553 1384 divinam
1590 1332 1951 1398 Seripturam,
1980 1342 2037 1387 et
2073 1349 2345 1397 vermem,

779 1431 836 1475 et
879 1433 1191 1491 serpentem
1232 1438 1468 1483 :eneum,
1501 1424 1666 1492 830
1694 1432 1751 1474 et
1780 1423 1990 1476 leonem
2051 1438 2107 1477 ιιι
2140 1425 2349 1493 virgam

783 1516 1065 1568 nominare
1090 1513 1370 1568 Christum
1398 1533 1410 1566 :
1444 1515 1535 1583 qui
1562 1514 1748 1567 omnia
1779 1525 1885 1569 tam
1918 1516 2126 1585 abjecta
2159 1526 2216 1569 et
2246 1518 2351 1570 tui-

783 1608 1061 1669 scrabilia,
1096 1624 1262 1676 quam
1292 1608 1528 1661 maxima
1557 1607 1692 1661 feeit
1722 1609 1777 1661 in
1806 1609 2093 1676 sapientia.

853 1700 958 1753 Sed
1009 1700 1299 1753 redeamus
1329 1700 1395 1753 ad
1433 1700 1798 1769 propositum,
1850 1715 2039 1752 rursus
2074 1707 2353 1753 sumentes

783 1792 993 1844 dictum
1019 1792 1310 1847 Musaicum
1337 1810 1351 1856 ;
1389 1792 1526 1846 dicit
1547 1792 1717 1854 enim,
1749 1791 1819 1844 Et
1848 1792 1980 1843 dixit
2002 1791 2139 1843 Dim:
2168 1805 2185 1841 :
2218 1790 2351 1843 l'ro-

782 1885 978 1939 ducant
1003 1901 1155 1955 aqua!
1178 1886 1389 1955 rcptilia
1427 1889 1733 1939 animarum
1760 1886 2045 1937 virentium
2071 1886 2357 1937 secundum

782 1977 1180 2045 ﬁrmamentum
1206 1980 1338 2031 ca'li.
1364 1979 1430 2031 Et
1454 1979 1651 2046 factum
1684 1986 1759 2031 est
1787 1980 1880 2031 sic.
1907 1978 2152 2031 (lollocat
2182 1978 2358 2045 pisces

784 2077 909 2119 ante
957 2068 1231 2131 volucres,
1278 2069 1469 2121 dicens
1502 2067 1665 2121 nobis
1701 2068 1844 2120 Dens
1883 2066 2032 2136 quod
2068 2066 2358 2135 reptilibus

782 2168 839 2213 et
881 2177 1003 2230 qua:
1036 2162 1187 2215 humi
1240 2171 1296 2215 et
1340 2162 1393 2214 in
1432 2169 1578 2215 terra
1624 2172 1914 2215 versantur
1952 2160 2170 2223 animis,
2221 2160 2359 2214 littnt

782 2255 1040 2308 volucres
1087 2255 1209 2308 (εωιί
1272 2254 1524 2307 volantes
1575 2269 1741 2322 super
1797 2262 1999 2306 terrain
2052 2252 2357 2305 secundum

784 2345 1190 2399 ﬁrmamentqu
1241 2346 1400 2410 cwli;
1443 2355 1501 2400 et
1545 2345 1614 2398 ad
1671 2344 2032 2397 imitationem
2086 2343 2356 2407 omnium,

785 2431 1127 2499 spiritualem
1154 2435 1473 2500 angelorum
1500 2433 1803 2487 ostendunt
1825 2434 2012 2487 vitam.
2039 2432 2357 2502 Cujnsmodi

784 2533 871 2576 est
902 2523 992 2576 illa
1025 2524 1265 2578 volucris
1292 2540 1414 2593 qua:
1462 2526 1670 2579 volavit
1700 2541 1872 2594 usque
1902 2526 1970 2579 ad
1999 2528 2220 2580 tertium
2252 2542 2360 2581 co:-

781 2614 899 2668 Ium
922 2623 980 2669 et
1002 2614 1141 2669 dixit
1163 2632 1177 2668 :
1206 2615 1403 2671 Nostra
1424 2626 1601 2670 autem
1623 2619 1949 2671 conversatio
1977 2627 2052 2671 est
2076 2621 2129 2671 in
2157 2620 2295 2671 cmlis
2318 2620 2357 2669 ⁸⁸.

786 2709 894 2763 Et:
940 2708 1243 2762 Imitatorcs
1285 2712 1387 2763 mei
1417 2710 1485 2763 de.
1521 2719 1721 2764 caetero
1766 2719 1960 2773 estote,
2000 2712 2134 2764 sicut
2174 2720 2222 2763 et
2269 2728 2361 2780 ego

788 2802 983 2857 Christi
1027 2803 1069 2855 ".
1123 2802 1411 2867 Quomodo
1456 2811 1639 2855 autem
1706 2801 1926 2870 reptilia
1980 2812 2143 2856 vocat
2184 2802 2379 2871 pisces.

786 2893 881 2961 qui
931 2890 1135 2945 cadunt
1179 2893 1283 2945 sub
1324 2890 1782 2960 intelligentiam?
1811 2891 2023 2959 ltcpcrc
2059 2891 2205 2944 enim
2240 2906 2366 2959 pro-

788 2982 907 3053 prie
939 2982 1144 3037 dicitur
1193 2982 1263 3037 de
1313 2982 1383 3036 iis
1431 2998 1555 3052 qua:
1589 2982 1888 3035 trahuntur
1916 2990 1972 3035 et
2004 2992 2233 3051 serpunt
2266 2998 2365 3051 per

790 3085 1015 3139 terram,
1061 3085 1123 3130 ut
1172 3090 1419 3144 serpens.
1465 3075 1585 3140 Quo
1628 3073 1690 3128 lit
1754 3082 1816 3127 ut
1860 3074 1989 3128 hinc
2029 3075 2108 3129 sic
2154 3076 2365 3144 perspi-

2446 601 2778 665 inllexibilis,
2826 600 3021 654 didicit
3075 600 3248 669 magis
3302 615 3424 653 esse
3460 600 3745 667 benignus,
3771 600 4023 654 clemens

2442 703 2498 745 et
2524 693 2836 745 misericors
2858 704 2980 760 post
2996 693 3226 745 Crucem
3256 707 3421 758 quam
3446 690 3731 759 ligurahat.
3768 700 3825 743 et
3854 690 4021 741 trium

2442 788 2658 841 dierum
2699 786 3036 855 sepulturam
3066 803 3078 837 :
3110 785 3423 851 signiﬁcans
3472 802 3596 838 etnn
3627 784 3719 853 qui
3758 784 3874 836 ha-c
3904 792 4026 835 erat

2448 892 2727 947 passurus,
2765 894 2864 945 pro
2898 876 2965 929 iis
3007 875 3348 929 intercedere
3384 876 3479 942 qui
3519 884 3645 928 eum
3685 872 4025 941 cruciﬁgnnt

2447 977 2502 1021 et
2547 969 2706 1021 malis
2736 967 2996 1022 alliciunt.
3031 967 3333 1020 I'ucrorutn
3367 981 3588 1035 quoque
3620 964 3913 1017 Canticum
3948 964 4025 1013 in-

2448 1063 2600 1115 ducit
2644 1063 2757 1131 ipsa
2797 1074 2916 1117 cete
2964 1062 3133 1115 Deum
3164 1059 3510 1118 honoranlia,
3551 1075 3674 1109 cum
3702 1056 3838 1109 dicit
3877 1097 3890 1108 .
3926 1055 4024 1107 lle-

2450 1157 2821 1217 nedirite,ceta
2869 1166 2918 1207 et
2975 1155 3151 1208 omnia
3196 1170 3316 1221 qua:
3360 1161 3633 1205 moventur
3683 1156 3735 1202 iu
3797 1151 3952 1215 aquis
3982 1152 4025 1207 θ’,

2453 1250 2697 1303 videntia
2744 1266 2841 1301 eos
2888 1248 2982 1316 qui
3031 1247 3331 1316 peccahant
3364 1246 3643 1313 suscipere
3675 1242 4025 1314 prmdicatio-

2451 1355 2598 1399 nem,
2637 1348 2695 1392 et
2737 1341 2923 1391 statim
2970 1338 3191 1390 mutari.

2522 1428 2629 1483 Sed
2668 1445 2792 1483 cum
2834 1429 2901 1481 ad
2938 1429 3084 1481 hunc
3130 1427 3389 1482 dictionis
3436 1436 3751 1480 contextum
3786 1424 4029 1477 venisset

2454 1522 2725 1589 quispiam
2770 1536 2837 1573 ex
2867 1519 3108 1587 antiquis
3130 1518 3556 1587 expositoribus,
3589 1518 3788 1587 quaerit
3830 1532 4028 1585 quam-

2452 1616 2643 1667 obrem
2705 1614 2935 1682 inqwrat
2981 1612 3126 1665 Deus
3169 1622 3422 1680 tanquam
3466 1611 3743 1679 aliquibus
3774 1612 3921 1673 aliis,
3951 1610 4033 1664 eis

2450 1708 2651 1775 jnbens
2670 1715 2726 1760 et
2749 1706 2937 1759 dicens
2970 1703 3417 1772 :.i.lultipliccnlur
3443 1704 3717 1766 volucres;
3745 1720 3854 1756 non
3882 1702 4030 1755 enim

2456 1798 2521 1851 ad
2557 1796 2842 1850 voluerunt
2877 1810 3165 1865 personam
3198 1794 3390 1864 dirigit
3424 1800 3765 1855 sermonem,
3790 1795 3936 1847 sicut
3964 1793 4031 1847 ad

2459 1887 2656 1956 pisces.
2706 1885 2755 1938 Is
2794 1894 2976 1937 autem
3023 1900 3148 1939 cum
3186 1885 3299 1939 lucc
3339 1886 3646 1939 dubitasset
3678 1895 3734 1939 et
3778 1886 4029 1947 dixisset,

2457 1977 2681 2046 exponit
2733 1975 2880 2045 quod
2923 1992 3023 2029 nos
3063 1977 3192 2031 hinc
3237 1986 3491 2045 oporteat
3520 1978 3755 2041 discere,
3788 1977 3937 2045 quod
3970 1977 4035 2029 iis

2458 2070 2551 2138 qui
2593 2068 2956 2137 baptizantur,
3000 2075 3057 2120 et
3107 2067 3176 2119 iis
3210 2069 3445 2122 maxime
3488 2069 3582 2137 qui
3642 2069 3695 2121 in
3732 2068 4037 2121 virtutibus

2457 2162 2643 2216 ell'ecti
2678 2170 2806 2215 sunt
2846 2160 3132 2221 volucres,
3181 2176 3211 2212 a
3241 2162 3353 2214 Deo
3386 2161 3588 2213 dantur
3625 2162 3798 2215 sancti
3830 2160 4035 2229 angeli,

2458 2255 2553 2325 qui
2582 2270 2775 2308 cormn
2820 2270 3009 2308 curam
3055 2264 3247 2322 gerant
3276 2265 3333 2307 et
3367 2254 3690 2322 provideant
3718 2254 3785 2307 ad
3834 2254 4037 2307 illumi-

2457 2348 2763 2401 nationcm.
2792 2347 2871 2400 Ad
2896 2362 2993 2401 eos
3023 2346 3169 2399 enim
3191 2347 3404 2413 jussum
3429 2346 3617 2415 dirigit
3640 2345 3805 2407 Deus,
3833 2345 4039 2415 jubcns

2460 2452 2515 2495 et
2547 2440 2738 2495 dicens
2769 2448 2829 2493 ut
2860 2439 3295 2508 ιιιιιιιίιιιίοριιιιιι·
3337 2439 3623 2502 volucres;
3662 2438 3765 2492 hoc
3803 2448 3909 2501 est,
3942 2437 4037 2507 qui

2461 2530 2704 2584 euilestia
2754 2530 2973 2597 sapiunt
3002 2537 3059 2581 et
3094 2528 3323 2582 obeunt.
3359 2529 3477 2597 Ipse
3514 2545 3736 2597 quoque
3768 2530 4041 2582 Dominus

2462 2621 2623 2674 nobis
2668 2620 2830 2674 Iidem
2875 2620 3026 2681 facit,
3076 2630 3132 2675 et
3157 2620 3321 2675 docet
3352 2620 3572 2689 angelos
3616 2636 3738 2675 esse
3774 2622 4039 2676 custodes

2461 2728 2654 2764 eorum
2672 2712 2765 2777 qui
2790 2712 3027 2765 credunt
3058 2711 3112 2764 ia
3138 2712 3335 2780 ipsum.
3370 2712 3511 2764 Dicit
3531 2712 3679 2765 enim
3701 2712 4038 2781 quibusdam

2465 2802 2821 2856 inﬁdelibus:
2865 2802 3039 2855 I'itlete
3073 2820 3136 2855 ne
3167 2802 3469 2867 tlespiciatis
3514 2820 3680 2856 unum
3720 2819 3786 2856 ea:
3828 2804 4042 2871 pusillis

2463 2894 2576 2946 istis
2629 2896 2719 2962 qui
2743 2895 2959 2946 crmlnnt
2987 2896 3043 2946 in
3070 2910 3169 2947 me.
3200 2893 3326 2947 Dico
3358 2896 3495 2947 enim
3525 2895 3666 2948 vobis
3694 2896 3833 2964 quod
3862 2892 4044 2966 angeli

2463 3002 2641 3038 eorum
2682 2996 2930 3054 perpetuo
2972 2987 3233 3055 aspiciunt
3264 2987 3451 3055 [aciem
3485 2986 3664 3039 Patris
3698 2989 3798 3041 mei
3830 2990 3921 3056 qui
3967 2995 4045 3040 est

2465 3076 2519 3127 in
2562 3074 2699 3128 ca‘lis
2730 3076 2795 3128 '°.
2826 3077 3004 3145 Atque
3030 3077 3315 3131 sciendum
3341 3085 3427 3131 est
3448 3078 3670 3147 quidem
3702 3079 3850 3147 quod
3902 3079 4044 3132 nihil

789 3184 954 3223 cuuut
985 3168 1132 3238 quod
1160 3167 1449 3237 :enigmata
1486 3166 1732 3235 loquitur
1762 3165 1831 3219 de
1861 3165 2215 3228 animalibus,
2238 3182 2362 3235 qua:
2390 3178 2431 3235 ο
2464 3182 2531 3219 ex
2576 3167 2645 3220 iis
2668 3183 2789 3235 qua:
2831 3177 2960 3221 sunt
2992 3178 3173 3221 creata
3214 3183 3306 3221 sex
3335 3167 3553 3229 diebus,
3583 3168 3754 3221 Deum
3791 3169 4045 3222 invenie.

792 3261 1107 3315 referuntur
1132 3258 1201 3314 ad
1233 3258 1504 3313 homines.
1545 3257 1702 3313 Unde
1743 3257 1910 3311 etiam
1952 3257 2009 3311 in
2046 3256 2219 3310 libera
2264 3274 2361 3325 po-

793 3359 988 3405 testate
1018 3366 1181 3420 quam
1231 3350 1378 3404 Deus
1402 3349 1556 3403 dedit
1584 3348 1812 3413 Adamo,
1861 3357 1987 3402 ante
2016 3359 2211 3403 ca:tcra
2240 3348 2361 3402 ani-

793 3444 997 3498 mantia
1038 3452 1095 3497 ct
1139 3458 1337 3513 pecora
1370 3441 1551 3511 posuit
1575 3440 1776 3509 pisces,
1823 3440 2052 3493 dicens:
2087 3438 2155 3492 Et
2200 3440 2364 3508 impe-

792 3547 912 3590 rate
960 3537 1182 3605 piscibus
1226 3536 1390 3588 maris
1430 3550 1448 3587 :
1478 3533 1680 3587 deinde
1725 3532 1862 3586 dicit
1904 3548 1917 3584 :
1956 3531 2022 3584 Et
2071 3530 2362 3584 volucribus

793 3628 932 3693 caeli,
969 3628 1273 3685 etpmuibus
1315 3627 1603 3696 pecoribus,
1636 3633 1685 3677 et
1721 3625 1980 3677 universa:
2011 3633 2188 3685 terrm,
2218 3633 2266 3675 et
2298 3624 2363 3677 iis

794 3736 912 3791 qua:
950 3728 1160 3790 reptant
1187 3736 1344 3789 super
1372 3720 1569 3788 ipsum.
1605 3716 1718 3770 Illis
1748 3717 1897 3769 enim
1934 3724 2020 3769 est
2051 3714 2365 3769 dominatus

796 3821 853 3866 ct
891 3812 1182 3882 imperavit
1230 3810 1506 3865 secundus
1531 3809 1727 3869 Adam,
1757 3824 1856 3878 per
1878 3823 2009 3862 suos
2031 3808 2362 3877 piscatores;

795 3904 1047 3962 Christus
1096 3920 1313 3974 nempe,
1368 3903 1477 3957 illis
1526 3903 1622 3973 qui
1672 3902 1939 3957 sedebant
1991 3899 2046 3953 in
2094 3897 2365 3968 profundo

800 3997 1139 4068 ignorantia),
1193 3997 1248 4049 in
1284 3995 1525 4049 tenebris
1562 4002 1619 4049 et
1679 3995 1733 4048 in
1774 3994 1965 4047 mnbra
2010 3990 2203 4044 mortis
2238 4004 2367 4060 gen-

803 4091 959 4155 tium,
993 4091 1048 4144 in
1083 4104 1222 4158 quos
1246 4104 1440 4143 omnes
1470 4087 1737 4158 regnavit,
1775 4096 1832 4141 et
1878 4100 2111 4155 quorum
2145 4099 2237 4137 rex
2265 4082 2367 4136 luit

804 4182 857 4236 in
888 4183 1046 4251 aquis
1079 4181 1443 4251 baptismatis.

871 4274 940 4329 Et
974 4276 1092 4343 fecit
1122 4274 1261 4327 Deus
1287 4284 1393 4326 cete
1424 4290 1638 4339 magna,
1665 4280 1713 4324 et
1740 4286 1949 4324 onmem
1980 4270 2216 4321 animam
2243 4268 2366 4319 ani-

805 4367 1027 4420 malium
1069 4367 1334 4435 reptilinm
1362 4382 1479 4435 qua:
1510 4366 1871 4436 produxerunt
1902 4378 2055 4431 aqua!
2083 4362 2366 4415 secundum

801 4478 899 4513 .-:ua
939 4476 1156 4530 genera,
1206 4467 1254 4510 ct
1292 4475 1498 4511 onmem
1530 4457 1790 4512 volucrem
1841 4455 2047 4509 alatam
2084 4453 2368 4505 secundant

2471 3273 2590 3311 mus
2625 3257 2971 3311 benedixisse
3003 3258 3105 3311 nisi
3149 3257 3425 3310 hominem
3468 3268 3524 3311 et
3573 3275 3695 3326 quae
3734 3268 3860 3313 nata
3911 3269 4047 3313 sunt

2466 3372 2534 3409 ex
2577 3358 2753 3424 aquis.
2809 3355 3174 3421 Quamobrem
3230 3356 3300 3408 ab
3351 3354 3512 3408 initio
3550 3356 3771 3423 quando
3819 3356 4050 3408 luerunt

2466 3447 2671 3517 genita.
2696 3448 3022 3515 implebatur
3044 3446 3425 3516 propheticum
3463 3447 3742 3515 eloquium
3773 3446 3926 3515 quod
3957 3447 4049 3500 di-

2467 3538 2545 3591 cit
2578 3555 2590 3589 :
2626 3536 2735 3590 Vox
2766 3537 2977 3590 Daiuini
3020 3553 3179 3606 super
3207 3554 3375 3607 aquas
3408 3540 3473 3601 ",
3510 3553 3631 3607 qua:
3665 3538 3734 3591 ab
3765 3537 3887 3606 ipso
3915 3547 4049 3591 ante

2468 3630 2653 3683 omnia
2682 3629 2905 3682 luerunt
2936 3629 3259 3692 benedictae,
3286 3638 3345 3683 et
3383 3644 3448 3682 ea
3480 3629 3548 3683 de
3578 3644 3744 3683 causa
3780 3643 3960 3697 usque
3991 3630 4047 3682 in

2470 3721 2799 3775 hodiernum
2834 3720 3003 3782 diem,
3056 3728 3112 3773 et
3162 3734 3336 3788 usque
3384 3719 3453 3772 ad
3510 3720 4048 3773 consummationem

2470 3814 2677 3877 szecnli,
2725 3814 2933 3881 absque
2963 3813 3171 3867 semine
3196 3812 3419 3866 animas
3448 3820 3713 3881 generant
3742 3811 4050 3865 multorum

2469 3904 2689 3973 quidem
2713 3904 2965 3973 piscium,
2985 3918 3284 3972 paucarum
3310 3910 3491 3957 autem
3514 3903 3823 3965 volucrum,
3848 3918 4050 3973 nempe

2471 4004 2966 4066 ortygometrarum
3003 4005 3059 4048 et
3098 3995 3354 4059 aliarum,
3401 4011 3469 4049 ex
3518 3995 3721 4063 quibus
3753 3995 3887 4049 olim
3943 4012 4052 4049 nn-

2473 4089 2633 4142 tritus
2666 4087 2769 4141 fuit
2811 4087 2999 4141 Israel.
3032 4088 3101 4141 Et
3129 4086 3270 4142 forte
3314 4088 3573 4157 quoniam
3601 4087 3758 4142 valde
3809 4089 4053 4159 exiguus

2472 4180 2692 4234 futurus
2718 4190 2841 4235 erat
2882 4195 3147 4234 numerus
3182 4195 3375 4235 carum
3413 4180 3719 4243 volucrum,
3741 4180 4048 4248 justorum,

2472 4272 2714 4340 inquam.
2744 4286 2808 4324 ea
2839 4270 2909 4324 dc
2953 4285 3117 4324 causa
3162 4285 3354 4323 earum
3398 4285 3586 4323 curam
3636 4270 3807 4339 magis
3850 4286 4053 4339 gerens

2474 4363 2661 4426 Deus,
2698 4362 2854 4432 jubet
2912 4361 3117 4415 sanctis
3177 4361 3387 4431 angelis
3440 4361 3535 4430 qui
3595 4376 3785 4415 curant
3846 4372 4054 4431 gerunt

2475 4455 2751 4509 terrestris
2793 4463 3077 4507 creatura}.
3133 4453 3373 4507 l'olncrcs
3431 4453 3849 4523 multiplicemur
3888 4472 4055 4525 super

803 4567 963 4620 genus
991 4567 1166 4602 suum.
1200 4549 1269 4603 Et
1297 4549 1424 4602 vidit
1451 4556 1589 4601 Dens
1611 4549 1748 4618 quod
1782 4546 2024 4616 pulchra,
2042 4553 2089 4597 et
2106 4544 2368 4597 benedixit
2399 4530 2445 4587 ο
2461 4555 2693 4609 'tcrrant,
2719 4563 2839 4615 qtuc
2862 4562 2929 4600 ex
2954 4545 3110 4614 aquis
3135 4554 3266 4600 sunt
3283 4554 3553 4614 generatae
3574 4545 3658 4600 vel
3680 4545 3868 4614 potius
3890 4561 4056 4616 rege-

805 4660 866 4695 ca
916 4641 1055 4694 Dens
1089 4642 1265 4694 dicens
1306 4658 1323 4694 :
1363 4638 1589 4695 Crescite
1637 4648 1686 4692 et
1735 4637 2184 4708 multiplicamini,
2212 4645 2263 4687 et
2286 4650 2368 4687 re-

806 4732 942 4801 plete
970 4749 1136 4800 aquas
1166 4733 1220 4784 iu
1260 4734 1416 4795 mari,
1449 4741 1497 4784 et
1514 4732 1745 4784 volucres
1770 4730 2178 4800 multiplicantur
2206 4744 2368 4797 supra

807 4834 1026 4876 terram.
1076 4822 1242 4878 Jubet
1279 4823 1394 4876 ﬁeri
1449 4838 1640 4892 magna
1672 4832 1831 4877 cete:
1873 4836 2069 4890 nempe
2102 4820 2195 4874 Dei
2228 4835 2371 4888 prae-

807 4916 1081 4970 dicaturos
1128 4914 1425 4984 apostolos,
1469 4915 1565 4983 qui
1620 4914 2093 4967 conturbaverunt
2146 4910 2368 4981 quidem

806 5020 1002 5072 aquam
1060 5004 1247 5068 maris,
1305 5011 1366 5056 ut
1410 5003 1465 5055 in
1506 5004 1640 5057 Jona
1685 5003 1889 5056 factum
1919 5012 2003 5055 est
2042 5016 2140 5071 per
2189 5010 2365 5055 cetus.

806 5096 956 5162 Quos
993 5095 1179 5158 etiam,
1214 5110 1388 5165 equos
1434 5094 1660 5164 mystice
1712 5095 1851 5148 dixit
1897 5093 2151 5148 Habacuc
2199 5094 2242 5156 ⁸,
2273 5091 2368 5162 qui

808 5205 960 5243 mare
990 5186 1180 5242 mundi
1213 5188 1628 5257 perturbarunt,
1661 5198 1718 5241 et
1753 5188 1849 5257 qui
1887 5188 2054 5241 etiam
2089 5187 2369 5258 (tanquam

809 5278 855 5332 si
890 5288 1008 5333 cete
1049 5280 1256 5345 essent)
1294 5278 1527 5334 verbum
1573 5279 1912 5335 devorarunt
1953 5277 2367 5348 propheticum;

810 5384 1006 5438 nempe
1054 5370 1401 5440 peccantium
1446 5370 1851 5439 paenitentiam,
1885 5378 1942 5424 et
1970 5370 2214 5438 ipsorum
2242 5384 2370 5438 pro-

814 5459 962 5514 tinus
1012 5460 1567 5515 commiserationem.
1619 5460 1737 5515 Non
1794 5461 1998 5529 excipit
2053 5461 2199 5514 enim
2245 5476 2370 5513 eum

814 5551 906 5618 qui
941 5550 1104 5606 simul
1150 5562 1206 5606 et
1252 5560 1517 5615 mutatur,
1559 5559 1616 5606 et
1659 5552 1751 5605 cui
1797 5552 1960 5605 simul
2004 5551 2369 5615 condonatur,

816 5640 919 5694 nisi
968 5641 1134 5695 etiam
1183 5641 1439 5713 conjiciat
1467 5641 1523 5696 in
1568 5640 1920 5713 gravissimos
1957 5641 2249 5711 compedes
2276 5657 2374 5697 eos

887 5760 908 5790 ⁶
946 5756 1186 5843 Philipp.
1228 5772 1304 5821 ιιι,
1347 5756 1439 5813 20.
1518 5759 1535 5786 ⁷
1568 5757 1586 5811 l
1620 5758 1747 5812 Cor.
1788 5774 1862 5821 tv,
1907 5758 1988 5811 16.

824 5842 1006 5891 xxvtn,
1045 5842 1098 5882 ο.

2064 5755 2085 5785 ⁸
2107 5754 2303 5809 Hahae.
2354 5773 2428 5822 ιιι,
2460 5757 2544 5811 I5.

2471 4646 2695 4701 ncratze,
2721 4645 2775 4691 et
2799 4635 3007 4706 peccati
3032 4636 3182 4690 virus
3204 4652 3268 4689 ac
3291 4635 3542 4691 fauorem
3566 4636 3679 4689 illic
3700 4635 4053 4704 deposuere;

2472 4738 2529 4782 et
2561 4727 2627 4781 ad
2660 4728 2857 4782 canum
2892 4728 3157 4780 evolanta
3186 4725 3346 4780 [luxis
3364 4736 3421 4781 et
3446 4724 3807 4780 tenebricosis
3828 4726 4057 4780 etmul-

2477 4822 2549 4875 tis
2584 4818 3000 4888 tempestatibus
3044 4818 3262 4887 agitatis
3317 4817 3477 4886 aquis
3522 4818 3687 4888 hujus
3721 4817 3943 4882 mundi,
3982 4818 4055 4872 ad

2474 4929 2643 4983 aquas
2679 4928 2800 4982 quae
2829 4920 2960 4965 sunt
3002 4910 3170 4964 tirone
3196 4926 3261 4964 ac.
3290 4910 3516 4964 stabiles
3551 4920 3608 4964 et
3638 4911 3974 4979 tranquilla,
3999 4921 4060 4965 et

2474 5009 2641 5063 nullis
2680 5022 2959 5062 concussae
3011 5004 3291 5065 ﬂuctibus,
3346 5003 3402 5056 in
3444 5001 3679 5058 excelsis
3710 5016 3811 5070 per
3858 5017 4055 5057 aerem

2478 5095 2846 5166 ingredientes
2869 5094 2959 5148 ubi
2983 5102 3068 5148 est
3101 5093 3244 5147 situs
3264 5091 3354 5146 Sol
3368 5091 3618 5161 justitiaa,
3635 5091 3827 5161 etejus
3844 5094 4058 5162 conjux

2477 5186 2605 5241 luna
2644 5201 2859 5254 semper
2890 5185 3197 5239 illuminata
3222 5183 3543 5253 requiescit,
3574 5190 3633 5237 et
3660 5184 3877 5237 ratione
3908 5197 4060 5252 pra-

2477 5279 2606 5333 ditaa
2642 5278 2813 5332 stellae
2864 5277 3075 5333 cmlesti
3103 5276 3312 5330 lumine
3342 5276 3532 5330 orbem
3572 5284 3733 5329 terra:
3764 5273 4058 5328 deducunt

2477 5380 2534 5425 et
2558 5371 2854 5433 illustrant,
2875 5378 2931 5423 et
2950 5384 3092 5438 aqua
3118 5368 3418 5438 spiritualis
3435 5382 3558 5437 quae
3577 5373 3663 5421 est
3690 5380 3859 5434 supra
3879 5366 4058 5420 enatos

2478 5460 2684 5530 absque
2707 5460 2926 5515 silentio
2945 5462 3135 5516 laudat
3152 5475 3351 5515 nomen
3372 5458 3609 5513 Domini.
3638 5457 3810 5511 Multa
3833 5465 3891 5512 et
3924 5473 4060 5527 pro-

2478 5550 2645 5605 funda
2690 5551 2759 5605 de
2790 5552 2947 5621 aquis
2996 5552 3175 5607 oratio
3205 5551 3564 5605 annuntiatur
3595 5550 3652 5603 in
3690 5548 3877 5603 divina
3901 5548 4059 5605 Scri-

2479 5655 2639 5713 ptura
2661 5645 2975 5709 creationis,
3006 5660 3129 5715 qua:
3151 5644 3363 5713 aliquot
3388 5642 3622 5705 Steculis,
3651 5651 3709 5697 et
3728 5641 4057 5698 eielestibus

2629 5759 2799 5813 ’Dan.
2838 5774 2913 5823 ιιι,
2952 5758 3038 5814 79.
3155 5761 3195 5791 '°
3234 5757 3423 5813 Matth.
3465 5772 3615 5821 xvtn,
3646 5756 3728 5811 I0.
3814 5756 3853 5787 “
3900 5758 4053 5815 Psal.
