4200 6440
206 350 317 416 921

1315 361 1392 418 IN
1437 360 1982 420 HEXAEMERON.
2010 386 2076 395 -
2099 363 2248 420 LIB.
2268 365 2365 424 Vl.

3353 368 3460 431 9‘22

203 472 438 526 naturis
461 489 526 526 ac
559 473 836 528 mentibus
866 490 1006 543 opus
1035 475 1197 529 habet
1222 475 1288 530 ad
1319 486 1562 546 apertam
1591 491 1783 530 eorum
1817 483 1858 534 A
1889 492 2085 546 nempe
2121 478 2343 547 penitus
2383 481 2570 533 divism
2599 495 2627 532 a
2659 488 2844 533 sancta
2871 480 3164 534 Trinitate.
3210 480 3460 537 Fortasse

203 579 340 632 qua:
385 565 764 632 signiﬁcantur
801 568 1350 636 comprehensionem
1375 577 1432 620 et
1467 569 1792 622 declaratio—

203 671 366 717 nem,
391 667 448 708 ut
469 657 812 711 considerate
833 668 887 710 et
907 659 1042 710 citra
1068 659 1235 710 ullum
1258 675 1500 712 errorem
1523 659 1786 717 dit-auius.

204 753 618 807 convenienter
664 754 764 822 ipsi
821 770 1011 808 eorum
1047 770 1168 822 qnze
1223 764 1353 806 sunt
1401 754 1639 815 veritati,
1693 769 1790 822 per

204 860 382 914 quam
423 861 451 896 a
492 846 600 897 Deo
646 854 705 897 ut
753 855 936 898 essent
971 845 1110 897 facta
1145 854 1291 898 sunt.

283 933 536 1000 Quanam
581 952 711 1003 ergo
739 935 804 988 de
840 953 1001 990 causa
1035 937 1088 988 in
1121 954 1211 989 sex
1237 938 1452 990 dierum
1485 935 1787 998 creatione,

210 1027 412 1079 relicta
443 1037 527 1079 est
565 1027 728 1080 tacita
757 1037 812 1080 et
851 1043 1052 1080 arcana
1085 1044 1349 1096 aquarum
1398 1027 1570 1090 ratio;
1621 1035 1677 1079 et
1722 1027 1790 1079 de

208 1121 420 1186 spiritu
469 1129 523 1172 et
557 1119 679 1186 igne
716 1119 853 1171 ratio
890 1133 998 1171 non
1045 1128 1127 1172 est
1171 1119 1452 1172 enuntiata
1486 1134 1663 1186 neque
1695 1135 1791 1188 pu-

209 1208 421 1261 blicata
450 1208 727 1276 quomodo
755 1209 880 1262 coeli
927 1211 1133 1262 creatio
1170 1219 1224 1262 ct
1264 1219 1440 1271 teri-ie,
1475 1219 1528 1261 et
1581 1211 1790 1277 planta-

211 1317 363 1354 rum.
401 1311 458 1354 ct
488 1301 865 1361 lmninarium,
901 1310 954 1354 et
982 1303 1301 1354 hominum‘.’
1324 1301 1475 1367 Quid
1498 1304 1643 1356 enim
1670 1313 1790 1356 erat

207 1393 438 1446 diﬁicile
485 1393 630 1455 quod
683 1393 1001 1461 prohiberet
1029 1393 1344 1447 Creatorem
1391 1394 1577 1448 dicere
1615 1413 1625 1445 :
1672 1395 1789 1448 Fiat

208 1503 358 1552 aqua
399 1501 416 1536 :
452 1494 529 1546 et,
558 1483 677 1537 Fiat
729 1487 864 1555 ignis
898 1503 916 1538 :
946 1487 1087 1538 sicut
1122 1488 1286 1555 jussit
1335 1489 1388 1539 in
1427 1489 1631 1557 reliqua
1663 1490 1788 1542 uui-

206 1591 372 1628 versa
418 1577 712 1629 creatura?
760 1568 865 1630 Sed
900 1577 1133 1632 fortasse
1181 1595 1280 1632 nos
1310 1579 1568 1633 erudiens
1605 1581 1789 1633 divina

207 1669 500 1735 Scriptura
530 1678 770 1721 sanctam
799 1668 1125 1721 Trinitatem
1152 1685 1273 1722 esse
1303 1668 1624 1732 incrcalam,
1649 1669 1787 1721 inef-

207 1759 462 1824 fabilcni,
495 1761 562 1815 de
588 1761 674 1814 his
706 1761 880 1814 tribus
905 1762 1176 1815 creaturis
1208 1761 1424 1814 tacitam
1455 1770 1506 1813 et
1532 1776 1784 1813 arcanam

207 1852 440 1919 reliquit
464 1853 751 1916 rationem,
780 1853 832 1906 in
855 1854 1016 1914 libro,
1038 1855 1280 1922 inquam,
1307 1853 1561 1906 Mosaico.
1588 1853 1784 1917 Quam-

207 1945 404 1998 obrem
453 1955 508 1998 et
564 1946 742 2014 ignem
777 1954 834 2000 et
882 1961 1078 2014 aquam
1112 1955 1167 1999 et
1212 1947 1464 2015 Spiritum
1523 1944 1786 2014 ﬁngentes

206 2035 414 2088 divina:
441 2036 762 2105 Scriptum,
796 2037 1096 2107 symbolice
1119 2037 1286 2091 Deum
1313 2053 1432 2092 esse
1463 2037 1781 2106 pra'dieant.

206 2127 356 2197 Ergo
397 2138 458 2181 ct
489 2129 636 2196 quod
680 2130 751 2182 sit
803 2129 907 2182 sub
951 2129 1098 2182 omni
1148 2139 1402 2182 creatura
1454 2127 1506 2180 in
1554 2129 1783 2197 abyssis,

209 2218 474 2271 similiter
496 2219 662 2272 etiam
702 2235 870 2287 super
904 2231 1128 2282 terram,
1159 2229 1214 2273 et
1245 2220 1299 2272 in
1328 2219 1504 2281 crelis,
1536 2230 1588 2272 et
1620 2236 1784 2289 supra

209 2311 382 2363 caelos
403 2351 417 2371 ,
453 2309 720 2364 docemur
758 2312 934 2380 typice
966 2311 1208 2364 divinam
1238 2310 1534 2364 essentiam
1556 2326 1677 2364 esse
1705 2312 1787 2364 in-

208 2402 711 2470 circumscriptam,
753 2412 808 2456 et
856 2420 1075 2456 onmem
1129 2403 1416 2456 continere
1453 2413 1782 2457 creaturam.

209 2493 367 2558 Quod
399 2495 623 2562 quidem
646 2510 837 2549 rursus
859 2494 1204 2563 signiﬁcatur
1228 2510 1294 2548 ex
1322 2510 1390 2548 eo
1412 2495 1559 2563 quod
1586 2502 1785 2547 ventus

209 2588 448 2656 et-ignis
477 2587 548 2640 sit
582 2587 994 2656 inaspectabilis
1022 2595 1078 2640 et
1112 2587 1582 2641 incontrectabilis
1612 2586 1785 2640 subti-

209 2678 413 2746 lisque,
439 2688 495 2732 et
514 2695 712 2748 expers
729 2680 992 2742 materia,
1023 2688 1079 2733 et
1098 2681 1245 2733 omni
1275 2680 1489 2733 ratione
1512 2678 1779 2732 viviﬁcus.

278 2769 544 2823 Nonnulli
579 2777 760 2822 autem
796 2769 1211 2838 quadruplicem
1245 2784 1512 2838 aquarum
1551 2768 1777 2823 divisio-

210 2876 336 2914 nem
357 2900 372 2920 ,
400 2876 545 2921 eam,
573 2861 816 2929 inquam,
851 2877 972 2930 qua:
1002 2869 1087 2915 est
1114 2877 1280 2929 supra
1310 2861 1478 2914 cmlos
1507 2869 1564 2914 et
1599 2861 1780 2914 ﬁrma-

212 2961 486 3016 mentum,
524 2951 671 3020 quod
711 2961 794 3005 est
838 2968 902 3005 ex
930 2968 1094 3021 aqua,
1129 2968 1435 3022 aquamque
1467 2963 1780 3007 terrestrem

209 3051 265 3095 et
292 3041 716 3094 subterraneam
752 3058 872 3111 quae
896 3051 980 3095 est
1012 3041 1300 3096 tenebrosa
1342 3051 1398 3096 et
1451 3044 1658 3107 ultima,
1694 3043 1778 3096 di—

1891 572 2036 624 euim
2073 575 2105 626 ii
2135 583 2261 627 sunt
2287 573 2553 627 vulnerati
2592 573 3026 629 immedicabiles
3056 576 3146 645 qui
3179 575 3233 628 in
3272 575 3461 631 inferis

1891 663 2173 719 dormiunt
2204 680 2454 718 somnum
2487 667 2714 735 peccati,
2760 681 2996 734 quorum
3037 667 3178 718 Deus
3210 681 3317 719 non
3347 681 3462 718 am-

1891 757 2036 824 plius
2079 759 2390 811 meminerit
2432 774 2670 826 unquam
2716 775 2818 812 nec
2851 757 3111 818 omnino,
3140 768 3192 810 et
3230 757 3329 826 ips
3373 773 3462 811 rc-

1892 847 2032 915 pulsi
2079 859 2206 901 sunt
2237 864 2265 900 a
2305 862 2465 898 manu
2514 847 2634 914 ejus
2680 864 2779 901 nec
2813 857 3044 916 possunt
3082 861 3248 899 stare.
3279 845 3463 899 Pisces

1889 951 2090 1002 autem,
2125 941 2219 1008 qui
2248 939 2467 1008 quidem
2501 951 2628 993 sunt
2673 949 2986 1008 peccatores
3017 957 3029 992 :
3074 945 3202 992 sunt
3238 937 3461 1004 quidem

1891 1032 2030 1085 lucis
2052 1048 2118 1085 ex
2149 1041 2302 1100 parte
2330 1032 2512 1100 aliqua
2539 1031 2855 1100 participes,
2880 1041 2938 1082 ut
2965 1033 3058 1100 qui
3092 1032 3201 1084 sint
3235 1031 3290 1084 in
3322 1031 3462 1085 mari

1889 1130 1946 1173 et
1978 1138 2085 1173 non
2117 1124 2171 1176 in
2197 1123 2334 1176 locis
2367 1122 2778 1176 subterraneis:
2815 1131 2872 1175 et
2903 1121 3026 1174 ideo
3057 1123 3225 1175 etiam
3250 1137 3461 1176 conan-

1893 1223 1982 1267 tur
2018 1231 2180 1282 parva
2211 1233 2276 1267 ex
2301 1225 2455 1284 parte
2480 1215 2683 1268 imitari
2728 1216 3006 1273 volucres,
3042 1213 3213 1280 utqui
3252 1227 3465 1281 pennas

1890 1307 2126 1360 habeant
2161 1327 2172 1360 :
2213 1309 2315 1360 hoc
2353 1315 2458 1367 est,
2495 1323 2559 1360 ex
2607 1316 2760 1376 parte
2786 1308 3046 1375 pietatem
3078 1324 3089 1358 :
3121 1305 3266 1359 unde
3295 1307 3462 1360 etiam

1888 1397 2072 1448 volant
2120 1397 2174 1448 in
2225 1397 2385 1464 aquis
2419 1405 2676 1465 tanquam
2711 1397 2986 1451 volucres.
3037 1398 3110 1452 Ex
3164 1397 3232 1451 iis
3281 1407 3463 1451 autem

1887 1487 2054 1554 aliqui
2107 1488 2247 1540 vecti
2291 1503 2456 1556 super
2490 1503 2659 1556 aquas
2694 1500 2750 1541 et
2786 1497 3037 1540 natantes
3063 1530 3076 1551 ,
3121 1489 3291 1544 solem
3345 1487 3467 1543 lixis

1887 1581 2163 1649 aspiciunt
2207 1583 2404 1635 oculis.
2437 1582 2539 1647 Qui
2570 1590 2700 1636 sunt
2727 1592 2914 1636 autem
2957 1597 3025 1636 ex
3052 1582 3118 1634 iis
3143 1581 3462 1650 nequiores,

1885 1683 1942 1726 et
1973 1674 2093 1742 plus
2129 1675 2333 1727 habent
2364 1674 2627 1738 materia},
2675 1689 2799 1727 cum
2832 1689 2942 1727 non
2971 1674 3081 1726 sint
3111 1673 3461 1742 squanunati,

1890 1764 2098 1817 inferne
2142 1765 2344 1817 habent
2374 1773 2554 1817 ortum
2587 1779 2653 1817 ex
2677 1779 2897 1816 ccenosa
2929 1762 3192 1826 materia;
3223 1761 3313 1831 qui
3344 1761 3467 1830 qui-

1891 1856 2015 1910 dem
2044 1855 2179 1908 nihil
2226 1856 2448 1924 penitus
2471 1855 2676 1908 habent
2719 1854 2992 1907 bonorum
3032 1870 3288 1924 operum,
3321 1852 3464 1922 pigri

1891 1947 2183 2001 etdesides
2215 1956 2270 2001 et
2315 1947 2614 2001 diﬂiciliter
2643 1962 2702 2000 se
2733 1956 3017 1999 moventes
3049 1964 3061 1999 :
3094 1956 3149 1999 et
3181 1945 3342 1999 facile
3371 1959 3464 1998 ca-

1891 2041 2123 2109 piuntur
2151 2041 2217 2094 ad
2255 2049 2513 2104 mortem,
2539 2047 2748 2092 etsunt
2776 2038 2842 2092 ad
2879 2053 3034 2090 esum
3070 2037 3241 2090 noxii.
3278 2037 3319 2090 Α
3341 2035 3467 2104 qui-

1893 2134 1997 2186 bus
2032 2143 2084 2186 et
2115 2133 2396 2187 abstinere
2435 2140 2492 2186 et
2515 2147 2626 2184 non
2658 2131 2962 2193 abstinere,
3001 2143 3166 2182 verus
3191 2127 3460 2186 Israelita.

1890 2227 1984 2295 qui
2022 2241 2212 2279 sumus
2245 2241 2366 2287 nos,
2398 2227 2588 2294 jussus
2624 2233 2728 2277 est.
2765 2224 2891 2276 Han:
2931 2238 3032 2274 nos
3080 2221 3314 2290 quintus
3343 2219 3463 2273 dies

1891 2318 2053 2371 docet
2074 2317 2140 2370 de
2165 2317 2388 2370 Christo
2409 2325 2463 2369 ct
2493 2315 2758 2376 Ecclesia,
2786 2315 3034 2384 syinbola
3067 2324 3123 2367 et
3151 2314 3461 2382 aenigmata.

1891 2419 2017 2464 ante
2048 2409 2208 2462 nobis
2249 2407 2566 2477 signiﬁcans
2611 2407 2945 2476 principium
3006 2405 3349 2472 baptismatis
3405 2405 3462 2457 in

1889 2515 2000 2566 quo
2046 2499 2216 2550 creati
2259 2506 2388 2551 sunt
2416 2498 2661 2567 quinque
2710 2512 2907 2550 sensus
2950 2497 3203 2549 humame
3232 2503 3460 2555 naturae.

1889 2589 2068 2649 visus,
2114 2587 2355 2650 auditus,
2387 2599 2599 2657 gustus,
2635 2587 2888 2649 olfactus,
2923 2597 2979 2640 et
3009 2596 3207 2640 tactus.
3239 2586 3297 2639 In
3330 2585 3458 2648 hoc,

1888 2681 2105 2748 quinto,
2132 2679 2376 2747 inquam,
2408 2679 2497 2731 die
2521 2677 2727 2741 saeculi,
2763 2677 2817 2730 in
2845 2675 3142 2745 quinquies
3167 2675 3463 2730 millesimo

1888 2786 2035 2824 anno
2083 2769 2286 2823 factum
2317 2780 2402 2823 est
2432 2769 2600 2822 etiam
2630 2767 2910 2820 lavacrum
2959 2783 2988 2820 a
3033 2767 3325 2820 Salomone
3351 2765 3465 2820 filio

1889 2864 2080 2924 David,
2117 2863 2171 2915 in
2222 2863 2428 2930 templo
2471 2861 2566 2915 Dei
2606 2860 3022 2931 Hierosolymis,
3058 2861 3112 2913 in
3143 2867 3330 2928 typum
3369 2858 3465 2912 ba-

1888 2957 2164 3026 ptismatis
2210 2956 2473 3010 Ecclesia:
2519 2955 2724 3009 Christi
2775 2955 2894 3017 Dei,
2943 2953 3036 3006 ﬁlii
3075 2952 3265 3006 David.
3313 2950 3463 3017 Quo-

1889 3048 2054 3101 modo
2084 3048 2251 3101 etiam
2285 3061 2483 3099 rursus
2513 3045 2603 3098 illa
2629 3044 2804 3114 pelvis
2851 3045 2904 3096 in
2933 3059 3129 3112 magno
3156 3039 3461 3103 caenaculo,

211 3143 346 3186 cunt
380 3149 504 3187 esse
541 3142 726 3203 typum
773 3142 1010 3202 quatuor
1044 3133 1302 3186 ordinum
1335 3143 1654 3186 naturarum
1691 3149 1780 3187 ra-
1811 3170 1852 3226 (Ἰ
1888 3141 2046 3210 881
2068 3139 2392 3208 quintodic,
2425 3138 2736 3207 exemplum
2763 3137 2974 3190 habens
2999 3135 3258 3204 piscinze;
3296 3132 3466 3202 pedes

214 3225 361 3278 tione
388 3225 762 3293 pnedilarum.
787 3225 1066 3294 Aquarum
1096 3224 1320 3293 quidem
1346 3240 1467 3290 qua:
1505 3234 1588 3278 est
1617 3241 1780 3292 supra

213 3316 656 3378 ﬁrmamentum,
710 3332 830 3370 esse
872 3315 1164 3386 imaginem
1214 3317 1551 3370 Potestatum
1588 3333 1782 3386 super-

213 3407 518 3461 caelestium
558 3425 571 3459 :
608 3408 1010 3460 ﬁrmamentum
1046 3417 1248 3467 autem.
1282 3424 1472 3461 rursus
1497 3424 1617 3461 esse
1641 3424 1784 3479 sym-

214 3498 402 3552 boltln
445 3510 758 3553 sanctorum
808 3500 1160 3552 Iuminarium
1208 3499 1423 3552 ordinis
1471 3499 1776 3554 hominum.

213 3589 452 3644 Diversa:
499 3601 680 3644 autem
715 3601 1191 3660 aquae-terrestres
1227 3602 1356 3645 sunt
1386 3593 1500 3661 typi
1537 3593 1781 3646 diversa-

214 3699 336 3737 rum
380 3684 625 3752 gentium
671 3695 1016 3739 terrenarum
1054 3692 1111 3736 et
1154 3700 1262 3737 non
1307 3684 1778 3748 convenientium,

214 3774 433 3843 ﬁdeque
489 3775 810 3829 divisarum.
861 3776 1014 3844 Aqua
1058 3783 1242 3828 autem
1287 3776 1643 3829 subterranea
1700 3786 1784 3830 est

212 3866 522 3937 symbolum
567 3867 920 3921 adversarum
958 3867 1298 3920 Potestatum
1347 3882 1468 3936 qua:
1492 3875 1621 3920 sunt
1665 3881 1783 3919 om-

212 3957 347 4012 nino
383 3967 648 4027 separate
673 3974 703 4012 a
743 3959 931 4012 divino
961 3958 1108 4028 igne,
1156 3959 1388 4030 lueeqne
1437 3968 1494 4013 et
1544 3957 1780 4029 spiritu;

1889 3231 2283 3300 discipulorum
2303 3231 2538 3299 primum
2561 3227 2858 3297 baptizavit
2876 3243 2904 3280 a
2924 3225 3245 3280 Christozet
3260 3222 3463 3277 deinde

1887 3322 1967 3375 eis
1997 3322 2151 3375 dedit
2184 3337 2385 3390 corpus
2417 3329 2473 3374 et
2503 3319 2827 3388 sanguinem
2861 3317 2913 3370 in
2958 3314 3460 3385 participationem,

1887 3413 2107 3482 quando
2136 3413 2302 3467 etiam
2347 3412 2491 3465 facto
2524 3418 2859 3464 testamento
2882 3407 3134 3462 Christus
3170 3403 3459 3474 postridie,

1886 3513 2040 3558 sexto
2080 3504 2189 3564 die,
2240 3503 2391 3556 cruci
2449 3502 2640 3556 afﬁxus
2680 3501 2784 3554 fuit
2819 3500 2872 3552 in
2897 3497 3190 3566 Golgotha,
3221 3505 3275 3550 et
3298 3509 3461 3564 para-

1886 3596 2068 3650 disum
2115 3596 2311 3649 latroni
2340 3594 2576 3664 aperuit.
2623 3593 2700 3646 Ad
2747 3607 2907 3660 quem
2949 3606 3050 3642 nos
3077 3603 3321 3657 quoque,
3357 3601 3455 3640 sex

1883 3687 2122 3751 dierum,
2154 3696 2330 3749 sexto,
2361 3686 2584 3740 Christo
2605 3683 2915 3738 deducente
2947 3690 3002 3734 et
3028 3679 3267 3734 Verbum
3298 3676 3461 3730 nobis

1882 3776 2048 3831 dante
2079 3777 2135 3829 in
2169 3777 2453 3845 apertioue
2489 3775 2604 3828 oris
2626 3772 2805 3826 nostri
2840 3770 3150 3825 veniemus.
3210 3767 3311 3823 Cui
3339 3768 3457 3838 glo-

1881 3869 1960 3922 ria
1998 3869 2052 3921 in
2089 3869 2286 3922 saecula
2339 3867 2693 3921 saeculorum.
2726 3863 2924 3918 Amen.

229 4146 3421 4180 b————————————————————-——————————-——v————_—~

1372 4319 1721 4406 LIBER
1796 4319 2289 4406 SEXTUS.

1318 4529 1398 4569 DE
1431 4527 1630 4570 SEXTO
1675 4525 1878 4567 οινιιιι
1906 4523 2158 4567 ΟΡΠἺΟΙΙ
2197 4524 2326 4568 DIE.

279 4808 385 4877 Qui
419 4823 489 4862 ex
510 4805 822 4875 tranquillis
853 4805 1123 4875 portubus
1143 4803 1210 4859 ad
1241 4821 1531 4875 a-quoreos
1577 4820 1777 4861 cursus
1810 4811 1851 4863 D
1879 4821 1984 4874 que
2007 4805 2221 4859 dierum
2264 4818 2488 4857 cursum
2529 4800 2790 4856 celeriter
2842 4799 3140 4870 peregerit,
3196 4799 3449 4868 pervenit

213 4899 435 4970 scaphis
460 4898 577 4951 vias
604 4897 844 4950 marinas
877 4897 1199 4961 coniiciunt,
1228 4913 1354 4951 cum
1381 4898 1623 4966 aliquem
1647 4897 1780 4951 dex-

215 5005 358 5050 trum
403 5008 469 5047 ac
495 4991 801 5046 secundum
856 4999 1080 5043 ventum
1128 4988 1338 5044 fuerint
1387 4989 1594 5058 adepti,
1619 4998 1674 5043 et
1709 4989 1778 5044 ad

214 5085 472 5154 quintum
500 5090 557 5135 et
581 5089 796 5134 sextum
821 5079 966 5132 diem
986 5088 1170 5148 gratos
1200 5078 1516 5147 hilaresque
1549 5088 1781 5148 etaptos

214 5176 412 5230 fluctus
437 5173 706 5226 habentes
729 5171 783 5224 in
806 5186 992 5240 prora,
1010 5170 1355 5240 terribilique
1377 5186 1440 5224 ac
1462 5171 1780 5225 vehementi

213 5280 482 5336 aquarum
535 5263 743 5332 impetu
773 5277 994 5333 gressus
1027 5263 1236 5317 celeres
1292 5270 1349 5317 et
1381 5277 1576 5316 cursus
1621 5262 1781 5316 navis

213 5361 485 5424 peragunt
514 5369 527 5404 :
555 5352 885 5421 quibusdam
922 5351 1196 5421 plumbeis
1223 5360 1281 5405 et
1311 5350 1654 5420 gravissimis
1681 5352 1780 5404 bo-

212 5443 423 5498 lidibus
456 5442 694 5511 probant
719 5450 777 5496 et
821 5433 1122 5510 exquirunt
1151 5455 1421 5510 aquarum
1483 5443 1777 5511 profunda,

213 5534 284 5590 de
308 5533 402 5587 die
427 5533 481 5586 in
505 5532 650 5586 diem
675 5547 743 5587 ex
769 5533 1422 5603 incomprehensibilibus
1448 5541 1504 5585 et
1524 5532 1780 5586 ineflabi-

219 5623 369 5678 libus
387 5622 680 5692 profundis
696 5624 760 5678 ad
788 5624 1064 5678 levioraet
1084 5623 1141 5676 in
1160 5623 1453 5692 superﬁcie
1479 5625 1652 5693 magis
1678 5639 1778 5693 po-

222 5711 325 5766 sita
358 5711 653 5782 profunda,
708 5713 854 5767 etde
901 5723 1104 5767 extero
1157 5713 1224 5767 ad
1259 5713 1447 5768 littora
1493 5726 1780 5783 sperantes

222 5803 534 5874 pervenire.
561 5803 696 5860 Cum
712 5811 893 5861 autem
919 5806 1084 5876 hujus
1109 5805 1234 5862 libri
1262 5807 1463 5876 scapha
1484 5808 1592 5878 jam
1617 5808 1778 5876 quin-

1880 4897 1948 4950 ad
1985 4895 2220 4964 majores
2243 4909 2414 4961 aquas
2441 4901 2496 4946 et
2523 4891 2915 4954 profundiores
2943 4890 3116 4944 maris
3175 4889 3450 4958 gurgites,

1882 4988 1977 5057 qui
2021 4995 2150 5040 sunt
2199 5000 2388 5038 revera
2434 4983 2657 5037 obscuri
2712 4991 2768 5035 et
2826 4981 3445 5050 ineomprehensibiles.

1879 5079 2244 5146 Quamobrem
2278 5076 2584 5130 ferventius
2617 5082 2702 5127 est
2739 5073 3004 5142 precibus
3029 5070 3360 5125 excitandus
3391 5071 3448 5125 in

1877 5171 2092 5226 somnis
2121 5184 2286 5237 super
2303 5167 2587 5236 scapham,
2620 5173 2677 5218 et
2701 5163 3036 5219 iueervicali
3066 5162 3268 5216 mentis
3292 5161 3448 5230 prin-

1878 5264 2093 5332 cipalis,
2130 5261 2482 5329 requiescens
2515 5258 2661 5310 Deus
2687 5256 2952 5318 Verbum,
3009 5255 3104 5324 qui
3130 5254 3446 5322 apprehen-

1879 5355 1957 5410 sis
1990 5355 2161 5408 clavis
2205 5352 2406 5407 mentis
2437 5359 2493 5404 et
2523 5350 2745 5419 lingum,
2786 5358 3047 5417 tanquam
3087 5347 3307 5401 duobus
3359 5354 3446 5400 te-

1881 5445 2139 5500 monibus
2167 5443 2421 5498 animalis
2444 5451 2646 5495 nostrze
2679 5440 2920 5508 scaphaz,
2974 5437 3284 5493 contrarios
3316 5436 3443 5507 qui-

1879 5537 2003 5590 dem
2033 5534 2262 5604 spiritus
2283 5541 2338 5587 et
2369 5532 2764 5602 intelligentias
2789 5531 3062 5600 increpet,
3105 5543 3208 5583 suo
3255 5538 3439 5584 autem

1877 5625 2082 5678 lumine
2113 5622 2447 5693 profundum
2492 5625 2711 5689 (nempe
2762 5615 3151 5689 ignorantiam)
3188 5617 3442 5688 proposi-

1881 5724 2060 5770 tarum
2098 5731 2371 5784 aquarum
2391 5713 2687 5773 illuminet,
2711 5712 2778 5765 ad
2813 5712 2916 5764 hoc
2957 5726 2990 5763 ιι
3027 5725 3057 5763 a
3095 5709 3207 5764 Deo
3256 5707 3439 5778 inspi-

1881 5809 1987 5863 rati
2016 5805 2349 5877 aspiciamus
2366 5813 2422 5861 et
2452 5805 2704 5860 dicamus
2738 5819 2752 5858 :
2786 5801 3028 5859 Curnam
3061 5801 3206 5858 Deus
3231 5800 3326 5872 qui
3350 5815 3439 5855 sa-
