4186 6442
769 389 871 449 923

1950 395 2007 451 S.
2074 390 2467 451 ANASTASII
2505 393 2825 452 SlNAl'l‘E

3911 382 4019 451 92‘.

771 504 1110 572 pientissime
1151 515 1208 558 et
1259 522 1421 573 supra
1464 507 1792 576 sapientiam
1859 508 1990 562 fecit
2034 511 2216 562 omnia
2256 508 2556 579 (inAlcge
2621 520 2870 563 statuens
2955 510 3043 562 illa
3101 508 3275 560 multa
3350 523 3529 561 crassa
3605 514 3658 558 et
3725 504 3789 557 ad
3858 522 4021 560 exse-

770 596 956 662 primo
984 597 1269 649 dielucem
1294 596 1640 665 fabricatus),
1674 613 1781 650 non
1815 599 2000 651 statim
2022 599 2186 651 etiam
2208 615 2333 651 cum

770 704 838 741 eo
865 698 950 742 est
984 688 1289 741 fabricatus
1319 690 1503 742 cmmia
1540 706 1659 758 qua:
1689 700 1819 742 sunt
1853 706 1915 743 ex
1951 692 2093 749 lucc,
2142 705 2335 757 nempe

772 779 1105 831 luminaria:
1140 779 1234 831 sed
1295 779 1361 832 iis
1416 781 1620 833 relictis
1646 797 1767 850 qua:
1816 792 1945 835 sunt
1971 799 2033 833 ex
2060 783 2178 834 luce
2211 800 2337 851 pro—

771 878 977 931 creata,
1014 871 1309 923 transiitad
1335 888 1526 940 aquas,
1564 872 1706 926 facto
1738 891 1803 926 ex
1842 874 1923 927 eis
1963 876 2341 927 firmamento“!

773 960 980 1014 Deinde
1008 978 1132 1015 ctnn
1174 962 1382 1015 fixisset
1417 964 1823 1016 firmamentum
1846 1004 1859 1026 ,
1911 981 1976 1015 ne
2002 964 2081 1015 sic
2117 965 2340 1031 quidem

771 1053 1033 1121 adimplet
1061 1064 1316 1107 ornatmn
1350 1072 1537 1107 eorum
1570 1071 1692 1122 qua:
1715 1066 1843 1108 sunt
1874 1057 1924 1108 iu
1954 1057 2073 1122 ipso
2105 1057 2342 1109 lumina—

774 1144 916 1197 rium
958 1162 969 1196 :
1008 1144 1101 1198 sed
1134 1162 1201 1199 eo
1231 1162 1450 1215 quoque
1488 1148 1683 1199 relicto
1737 1148 2083 1216 imperfecto,
2148 1152 2344 1205 transit

774 1252 968 1289 rursus
996 1239 1161 1291 tertio
1186 1239 1272 1290 die
1298 1238 1364 1290 ad
1399 1255 1591 1306 aquas,
1617 1255 1709 1292 eas
1732 1254 2069 1307 congregans
2102 1257 2129 1293 a
2174 1250 2340 1295 terra.

772 1329 840 1384 Et
872 1346 1065 1383 rursus
1100 1346 1223 1382 cum
1253 1346 1359 1382 non
1387 1331 1453 1382 ad
1486 1331 1706 1398 plenum
1764 1332 2083 1399 perfecisset
2124 1349 2185 1386 ea
2226 1350 2346 1398 quze

772 1431 903 1473 sunt
935 1421 1115 1489 genita
1137 1437 1201 1474 ex
1223 1422 1456 1490 aquiset
1496 1424 1547 1474 in
1594 1422 1771 1490 aquis,
1833 1440 2030 1493 nempu
2084 1426 2263 1493 pisces
2290 1435 2347 1478 et

774 1521 916 1574 cete,
947 1514 1013 1565 iis
1049 1530 1271 1582 quoque
1300 1516 1505 1567 relictis
1537 1516 1938 1584 semiperfeetis
1968 1527 2022 1570 et
2058 1534 2165 1571 non
2197 1518 2348 1585 geni-

776 1601 999 1663 talibus,
1036 1604 1255 1655 transiit
1282 1604 1346 1655 ad
1383 1613 1608 1661 terram.
1634 1605 1863 1657 dicens:
1897 1607 2164 1659 tierminet
2204 1618 2345 1659 terra

773 1695 990 1747 herbam
1018 1704 1064 1747 et
1090 1694 1287 1763 lignum
1317 1694 1630 1763 frugiferum
1660 1697 1683 1747 Ξ)
1727 1697 1803 1749 l‘lo
1835 1707 2014 1749 alitem
2051 1698 2213 1761 facto,
2250 1716 2349 1751 cur

776 1803 886 1839 non
905 1788 1091 1840 statim
1122 1788 1245 1843 facit
1280 1787 1444 1841 etiam
1477 1789 1776 1841 animantia
1813 1789 1963 1841 exire
1997 1807 2027 1842 c
2083 1800 2249 1849 terra.
2290 1800 2347 1842 et

2437 602 2715 670 quendum
2761 613 2815 655 et
2877 601 3206 670 portandum
3254 598 3495 652 diflicilia
3530 608 3818 667 pra-cepta.
3886 615 4017 651 cum

2440 693 2661 744 aerilms
2723 692 2886 743 iniuis
2939 700 2995 744 et
3055 689 3555 744 exsecrationibus.
3605 706 3701 755 pro
3731 689 3812 741 eis
3846 689 4016 741 crete-

2441 784 2603 836 stium
2631 784 2831 836 nullam
2870 782 3125 851 promisit
3173 780 3697 841 remunerationem,
3732 780 3827 832 sed
3890 795 4017 831 ιιιιι-

2442 893 2571 929 ncra
2615 886 2853 938 terrena,
2890 875 3224 934 fertilitatcs,
3259 875 3650 941 etcorporales
3694 872 4016 932 felicitates.

2441 978 2495 1019 ct
2520 968 2641 1021 lake
2666 979 2821 1021 teme
2855 969 3284 1036 possessionem,
3321 978 3378 1020 et
3424 982 3541 1034 qurc
3583 966 3882 1018 interircrt
3920 965 4017 1018 bo-

2443 1073 2664 1119 norum,
2698 1058 2976 1110 fructuum
3012 1057 3443 1127 perceptionem.
3489 1054 3627 1107 llinc
3686 1064 3738 1107 ct
3790 1064 4019 1121 propter

2445 1151 2577 1213 lucc,
2614 1160 2814 1203 terram
2839 1151 2960 1218 jure
3002 1150 3360 1218 intelligimus
3384 1147 3645 1215 populum
3672 1146 4014 1205 Judmorum,

2446 1244 2605 1311 utqui
2640 1242 3067 1311 tcrreuasapiat,
3097 1252 3153 1296 et
3176 1258 3283 1295 non
3319 1239 4015 1293 habeatconversationem

2442 1335 2491 1386 in
2510 1332 2664 1387 cudis
2696 1334 2757 1386 ".

2518 1428 2812 1496 Propterea
2846 1427 2958 1480 haec
3006 1442 3106 1479 nos
3139 1424 3343 1478 docens
3374 1425 3516 1478 Deus
3555 1423 3607 1475 in
3650 1438 3740 1474 sex
3790 1420 4013 1474 dierum

2446 1517 2635 1570 nmudi
2658 1517 2963 1577 crcatieue,
3004 1533 3113 1570 non
3146 1516 3307 1569 simul
3335 1515 3566 1583 perfecit
3594 1529 3782 1582 aquas.
3811 1524 3866 1565 et
3892 1530 4016 1581 qua:

2445 1618 2565 1661 orta
2600 1618 2729 1661 sunt
2761 1625 2825 1661 ex
2864 1609 3023 1676 aquis
3054 1625 3067 1659 :
3095 1624 3271 1677 neque
3306 1622 3499 1660 rursus
3530 1607 3583 1659 in
3644 1621 3752 1657 uno
3782 1605 3872 1658 die
3904 1615 4017 1656 ter-

2448 1718 2559 1753 ram
2595 1701 2902 1759 exornavit.
2930 1709 2985 1753 et
3018 1715 3139 1768 qua:
3166 1715 3230 1752 ex
3264 1715 3325 1752 ea
3352 1706 3741 1767 processerunt
3777 1697 4023 1749 animan-

2448 1794 2521 1847 tia
2553 1803 2609 1846 et
2670 1795 2816 1863 ligna
2862 1791 3562 1857 fructifera.Quamobrem
3601 1790 3735 1843 mihi
3793 1789 4018 1858 quidem

776 1882 940 1943 feras,
966 1890 1022 1932 et
1058 1879 1273 1947 reptilia
1309 1898 1321 1931 :
1362 1881 1455 1933 sed
1493 1880 1680 1932 siueus
1726 1880 2100 1949 imperfectam
2129 1899 2251 1950 qmc
2289 1884 2346 1935 fit
2382 1862 2420 1912 υ
2452 1885 2671 1937 videtur
2704 1884 2850 1952 quod
2879 1883 3146 1943 t'telestia,
3189 1882 3376 1934 divina
3399 1882 3521 1934 luce
3554 1891 3711 1934 antea
3744 1890 3905 1933 erant
3952 1880 4021 1931 il-

776 1988 840 2025 ex
876 1984 1016 2027 terra
1039 1973 1327 2033 fabricam,
1383 1989 1574 2025 rursus
1612 1973 1753 2027 redit
1808 1974 1873 2026 ad
1920 1976 2342 2035 firmamentum.

775 2075 831 2118 et
875 2065 1004 2118 facit
1034 2074 1233 2134 quarto
1264 2066 1352 2117 die
1387 2065 1575 2118 stellas
1608 2076 1665 2118 ct
1717 2065 1828 2117 duo
1890 2067 2179 2120 luminaria
2236 2085 2247 2119 :
2294 2079 2349 2122 et

778 2157 929 2210 illinc
959 2174 1151 2210 rursus
1182 2159 1483 2210 revertitur
1513 2158 1578 2209 ad
1622 2175 1791 2223 aquas
1818 2159 1905 2210 die
1931 2161 2149 2227 quinto,
2181 2177 2245 2213 ex
2269 2162 2350 2214 eis

777 2246 1019 2316 perfecta
1057 2246 1287 2314 piscium
1317 2256 1371 2300 ct
1404 2247 1690 2299 volucrum
1723 2249 2120 2313 generatione?

851 2337 1053 2389 Deinde
1079 2337 1157 2390 sic
1182 2346 1336 2390 sexto
1384 2337 1474 2390 die
1507 2354 1761 2390 reversus
1792 2348 1877 2391 est
1906 2340 1972 2392 ad
2024 2349 2246 2402 terram,
2288 2340 2353 2393 iis

780 2429 1022 2498 impletis
1050 2446 1173 2498 qua:
1198 2440 1326 2482 sunt
1355 2448 1420 2482 ex
1450 2432 1563 2499 ipsa
1599 2449 1611 2483 :
1652 2438 1847 2499 netupe
1875 2431 2272 2493 animantibus,
2298 2440 2354 2485 ct

774 2523 1062 2593 jumentis,
1098 2532 1153 2575 ct
1184 2523 1497 2590 reptilibus,
1532 2532 1586 2575 et
1617 2524 1768 2585 feris,
1808 2533 1859 2576 et
1890 2525 2135 2578 homine.

849 2615 970 2680 Quo
997 2616 1055 2667 fit
1079 2625 1137 2668 ut
1162 2616 1289 2668 hinc
1318 2616 1665 2679 ostendatur,
1716 2617 1925 2686 primos
1974 2618 2198 2685 quidem
2244 2628 2357 2672 tres

783 2722 905 2759 esse
932 2706 1379 2775 imperfect-arum
1416 2718 1795 2760 creaturarum
1819 2718 2173 2777 susceptores
2201 2726 2212 2760 :
2247 2718 2359 2763 tres

786 2808 967 2851 autem
997 2799 1222 2852 ultimos
1250 2800 1471 2869 (nempe
1503 2810 1762 2868 quartum
1791 2810 1847 2854 et
1871 2802 2127 2869 quintmn
2148 2811 2205 2856 et
2232 2818 2360 2856 sex-

790 2888 943 2955 tum)
979 2902 1277 2944 exornasse
1311 2900 1365 2944 et
1406 2892 1739 2960 adimplcssc
1798 2894 2113 2945 universam
2169 2893 2361 2946 tnundi

790 2989 1123 3040 creaturam,
1157 2997 1255 3049 per
1290 2982 1457 3034 trium
1492 2982 1708 3035 dierum
1730 2982 2011 3036 Christum
2053 2984 2146 3052 qni
2203 2984 2364 3047 dicit,

791 3070 961 3125 Hodie
986 3080 1169 3125 clerus
1187 3074 1326 3137 furia
1369 3077 1541 3145 signa,
1568 3079 1721 3129 tertio
1769 3087 1941 3129 autem
1971 3079 2053 3129 die
2102 3077 2367 3145 perﬁciar,

2448 1977 2711 2028 luminata
2740 1994 2753 2028 :
2777 1992 2900 2028 cum
2936 1984 3117 2027 autem
3146 1989 3312 2041 super
3336 1984 3537 2025 terram
3572 1973 3763 2025 fuisset
3788 1987 4023 2037 compti-

2448 2079 2586 2121 situs
2617 2069 2707 2121 Sol
2736 2067 2829 2136 qui
2869 2068 3231 2136 intelligentia
3274 2066 3583 2133 percipitur
3616 2069 3833 2134 (nempe
3858 2064 4020 2117 Chri-

2448 2162 2608 2227 stus)
2669 2170 2723 2212 et
2766 2175 2987 2212 sursunt
3045 2167 3405 2226 assumptus.
3469 2172 3744 2226 supernus
3802 2171 4023 2225 quoque

2452 2254 2693 2306 mundus
2752 2252 2991 2319 amplius
3047 2251 3151 2303 fuit
3205 2249 3545 2303 illuminatns
3585 2258 3640 2301 et
3692 2249 4022 2301 illustratus.

2450 2344 2833 2412 Congruenter
2866 2357 2996 2407 ergo
3026 2341 3092 2393 iis
3116 2358 3237 2409 qum
3280 2342 3435 2408 jussu
3473 2340 3611 2391 fiunt
3643 2338 4025 2391 exornationi-

2454 2438 2579 2497 hus,
2618 2447 2673 2489 ct
2703 2436 3084 2504 spiritualilms
3114 2432 3447 2502 profectibus
3475 2432 3717 2486 etelestis
3749 2441 3801 2483 et
3847 2441 4024 2483 terre-

2457 2528 2587 2580 stris
2619 2536 2675 2579 et
2710 2526 2934 2578 marina:
2960 2535 3245 2583 creaturze,
3301 2522 3715 2591 intelligendum
3748 2531 3833 2573 est
3893 2521 4025 2588 Opi-

2460 2620 2614 2674 fiecm
2644 2620 2696 2671 in
2724 2634 2785 2671 ea
2824 2633 2945 2685 qua:
2980 2627 3107 2670 tunc
3155 2617 3257 2669 fuit
3306 2632 3399 2670 sex
3454 2614 3668 2667 dierum
3724 2614 4029 2672 ert-alioue.

2462 2729 2607 2765 ιιιιιιι·
2638 2728 2703 2763 ex
2724 2719 2875 2779 parte
2900 2710 2952 2762 iu
2976 2709 3134 2777 aquis
3164 2707 3404 2776 operari,
3437 2706 3637 2759 deinde
3667 2706 3735 2757 ah
3756 2706 3823 2757 iis
3851 2714 4031 2756 trans-

2462 2809 2543 2859 ire
2584 2805 2649 2858 ad
2688 2807 3093 2856 firmamentum
3129 2811 3225 2853 :ct
3280 2816 3471 2853 rursus
3494 2798 3735 2867 perfecte
3764 2808 4033 2850 exornato

2467 2899 2831 2955 firmamento.
2873 2895 3105 2947 transire
3138 2893 3203 2946 ad
3245 2902 3449 2945 terram
3487 2900 3579 2943 :et
3618 2906 3742 2941 cum
3794 2905 3858 2941 ea
3889 2898 4035 2941 esset

2467 2988 2872 3057 setuiperfecta,
2909 2984 3207 3053 procedere
3248 2982 3314 3035 ad
3346 2996 3516 3050 aquas
3555 2998 3566 3033 :
3612 2978 3813 3031 deinde
3859 2982 4038 3046 perl‘e-

2470 3091 2555 3136 cte
2579 3081 2951 3135 absolventcm
2981 3080 3406 3135 firmamentum,
3434 3084 3491 3127 et
3513 3073 3882 3126 Ecclesiarum
3906 3084 4039 3138 gen-

793 3161 1087 3216 dominans
1132 3164 1452 3217 etelestibus
1502 3165 1715 3219 ratione
1764 3167 2006 3236 pneditis
2060 3168 2256 3231 stellis,
2305 3179 2362 3223 ct
2395 3203 2441 3262 ε
2473 3176 2607 3228 tium
2659 3182 2833 3227 cmtus
2878 3170 3313 3229 heuediccutem,
3369 3177 3423 3220 et
3485 3173 3766 3235 postremo
3833 3173 4038 3215 terram

798 3257 1160 3310 terrestribus
1186 3260 1654 3313 etsubterraneis.
1695 3260 1923 3315 Plenum
1944 3263 2091 3316 enim
2131 3262 2236 3316 fttit
2259 3279 2368 3317 cm-

798 3348 912 3401 lum
941 3356 997 3401 et
1025 3358 1169 3401 terra
1194 3358 1248 3402 et
1298 3366 1448 3403 mare
1474 3350 1649 3419 gloria
1681 3352 1821 3421 ejus.
1862 3352 2093 3418 Quando
2126 3355 2273 3408 enim
2313 3354 2372 3409 il-

798 3441 941 3494 luxit
971 3442 1133 3494 solet
1174 3442 1328 3502 luna.
1358 3445 1542 3497 statim
1597 3455 1862 3499 exornata
1911 3457 1997 3501 est
2027 3458 2083 3501 et
2133 3458 2275 3502 terra
2317 3457 2373 3502 et

801 3548 974 3585 mare.
1004 3532 1135 3586 Nam
1186 3544 1242 3586 ct
1284 3544 1409 3587 ante
1444 3535 1756 3589 universam
1816 3548 2127 3591 creaturam
2187 3548 2372 3592 mente

798 3626 1118 3694 concipitet
1155 3637 1304 3680 creat
1335 3630 1592 3683 etelestes
1635 3640 1693 3683 et
1738 3632 2019 3700 angelicas
2061 3633 2372 3686 Potestatcs

800 3731 922 3784 qua:
959 3732 1058 3769 nos
1085 3717 1416 3771 illuminant.
1456 3719 1738 3772 Secundus
1780 3731 1964 3773 autem
2012 3730 2269 3789 procreat
2307 3738 2373 3775 ac

800 3817 1029 3875 generat
1056 3824 1321 3876 aquarum
1356 3811 1835 3878 congregatioues,
1880 3828 2076 3881 nempe
2124 3814 2370 3881 gentium

800 3913 991 3966 aquas,
1019 3914 1142 3966 qua:
1163 3898 1315 3965 prius
1337 3909 1497 3952 erant
1527 3899 1685 3953 fluxa:
1722 3910 1778 3954 et
1804 3900 2112 3963 instabiles,
2145 3910 2201 3955 et
2230 3903 2371 3955 ιιιιιι-

804 3988 876 4041 tis
904 3990 1118 4058 agitata:
1150 3989 1430 4053 fluctibus,
1462 4004 1519 4043 et
1548 3992 1717 4045 celeri
1751 4009 1916 4045 cursu
1948 3993 2273 4046 ferebantur
2308 3994 2374 4048 ad

805 4080 1198 4134 idololatriam.
1247 4080 1495 4137 Tertium
1552 4091 1739 4136 autem
1792 4100 1990 4138 rursus
2036 4083 2282 4137 visitavit
2318 4094 2374 4140 et.

803 4172 948 4225 diem
998 4151 1279 4240 Spiritus:
1310 4174 1529 4241 quando
1587 4174 1830 4243 ingressa
1879 4174 2044 4229 fuerit
2088 4176 2374 4245 plenitudo

805 4265 1073 4335 gentium.
1104 4266 1365 4334 Respexit
1392 4268 1540 4319 enim
1575 4268 1717 4321 Deus
1742 4278 2025 4322 creaturas
2048 4270 2238 4323 mundi
2276 4271 2372 4323 :ad

806 4372 977 4424 aquas
1000 4356 1217 4409 Graecas
1238 4356 1455 4426 (nempe
1484 4358 1741 4427 gentiles)
1773 4359 2073 4414 ostendens
2092 4360 2175 4414 eis
2195 4362 2374 4414 lucem

806 4446 1009 4501 divina:
1046 4449 1381 4517 cognitionis
1430 4448 1487 4502 in
1516 4449 1697 4517 primo
1736 4451 1825 4503 die
1879 4452 2205 4505 s:eculi.8etl
2256 4469 2374 4505 cum

2472 3282 2693 3337 quoque
2746 3262 2911 3317 Israel
2965 3270 3379 3315 convertentem
3450 3257 3505 3311 in
3560 3254 4039 3310 consummatione

2471 3360 2821 3417 szcculorum,
2861 3358 2914 3409 in
2944 3353 3284 3424 plenitudine
3317 3368 3412 3406 sex
3466 3351 3682 3406 dierum
3713 3349 4040 3403 creationis.

2474 3454 2529 3507 Si
2551 3463 2734 3506 autem
2757 3449 3019 3509 auditori,
3042 3458 3101 3502 ut
3127 3446 3219 3515 qui
3247 3462 3355 3499 non
3380 3445 3451 3499 sit
3472 3442 4040 3514 mysteriisinitiatus.

2473 3562 2581 3599 non
2630 3546 2842 3613 placeat
2871 3539 3017 3609 quod
3056 3538 3259 3591 dicitur
3298 3554 3310 3588 :
3346 3534 3435 3588 die
3464 3534 3595 3587 mihi
3652 3543 3708 3586 tu
3756 3546 3922 3600 quam
3970 3531 4045 3584 ob

2472 3652 2713 3697 causam,
2749 3649 2873 3687 cum
2904 3632 3047 3684 Deus
3073 3644 3181 3682 non
3226 3627 3390 3679 simul
3418 3625 3664 3695 singulas
3715 3622 4048 3676 absolvisset

2474 3735 2780 3785 creaturas,
2806 3732 2938 3776 tunc
2964 3720 3159 3773 transit
3198 3717 3263 3770 ad
3304 3717 3465 3769 aliam
3494 3732 3507 3766 :
3544 3713 3637 3768 sed
3685 3714 3927 3782 priorem
3960 3727 4048 3765 re-

2474 3820 2727 3887 linquens
2756 3813 3153 3883 imperfectam,
3186 3824 3381 3862 rursus
3442 3807 3609 3860 rediit
3639 3806 3705 3859 ad
3767 3805 4048 3873 priorem?

2476 3909 2771 3961 Sinautem
2806 3904 2900 3958 tibi
2941 3902 3109 3963 fideli,
3149 3900 3253 3954 fide
3282 3900 3445 3969 digna
3479 3907 3535 3952 et
3604 3894 3899 3950 credibilia
3960 3892 4047 3943 vi-

2473 4002 2677 4055 dentur
2700 4013 2822 4067 quae
2849 3996 3114 4052 dicuntur
3145 4010 3160 4043 :
3184 3994 3291 4045 huc
3324 3991 3529 4045 inclina
3558 4005 3746 4042 aurem
3775 3996 3951 4050 tuam,
3989 3996 4047 4039 et

2475 4091 2611 4145 mihi
2637 4089 2878 4141 aninmm
2908 4086 3131 4138 adverte
3165 4100 3177 4134 :
3214 4092 3272 4136 et
3318 4080 3535 4134 videbis
3589 4080 3643 4133 in
3692 4078 3877 4131 carnis
3918 4091 4048 4130 sus-

2475 4191 2646 4249 cepta:
2679 4178 3087 4247 dispensatione
3112 4177 3282 4229 Deum
3334 4173 3575 4226 Verbum
3637 4171 3831 4225 eodem
3878 4169 4049 4223 modo

2478 4289 2673 4327 novam
2717 4286 2937 4342 quoque
2987 4284 3141 4322 suam
3208 4277 3517 4320 creaturam
3579 4263 3958 4317 οοιιεῑτιιιὶδςο
3994 4272 4049 4316 et

2475 4366 2790 4434 perfecisse.
2820 4362 2893 4416 lis
2922 4362 3068 4414 enim
3096 4360 3189 4428 qui
3221 4358 3274 4410 in
3307 4372 3366 4410 se
3403 4355 3609 4409 habent
3640 4355 3821 4408 lucem
3856 4352 4051 4422 cogni-

2477 4457 2663 4516 tionis,
2706 4466 2789 4508 est
2823 4456 3015 4521 utique
3043 4450 3396 4520 perspicuum
3426 4447 3574 4517 quod
3600 4448 3823 4513 antiqua
3854 4444 4049 4498 mundi

807 4539 976 4593 Deum
998 4543 1377 4610 cognovissent,
1408 4559 1512 4595 non
1542 4544 1673 4595 sicut
1704 4541 1868 4595 Deum
1900 4543 2270 4611 gloriﬁcnruut
2304 4545 2369 4607 “,
2406 4557 2448 4610 ο
2475 4549 2682 4602 ercatio
2715 4555 2835 4601 crat
2860 4544 3231 4603 adumbratio,
3258 4552 3446 4611 typum
3477 4539 3690 4593 habens
3745 4538 4050 4601 Ecclesia‘;

810 4641 872 4685 ut
908 4642 1143 4687 testatur
1168 4634 1389 4695 Paulus.
1431 4634 1625 4688 dicens
1668 4634 1817 4703 quod
1874 4636 1940 4687 ad
1988 4647 2375 4703 argumentum

809 4724 907 4777 Dei
940 4724 1270 4793 cognitionis
1300 4724 1452 4777 dedit
1490 4725 1634 4777 Deus
1656 4725 1981 4794 sapientiam
2016 4726 2069 4777 in
2097 4725 2289 4789 initiis,
2324 4736 2381 4779 et

811 4816 1179 4885 cognitionem
1208 4818 1275 4870 de
1304 4817 1410 4870 situ
1444 4816 1591 4878 cmli,
1618 4824 1673 4870 et
1706 4816 2012 4877 stellarum,
2053 4826 2107 4869 et
2142 4818 2294 4876 solis.
2325 4828 2378 4871 et

813 4908 977 4972 lunae,
1008 4917 1064 4963 et
1098 4910 1317 4978 plantis,
1345 4919 1401 4964 et
1436 4909 1788 4971 animalibus,
1824 4918 1878 4961 et
1943 4909 2292 4977 corporibus.
2322 4920 2381 4964 ct

816 5000 1027 5071 ﬁguris.
1062 5003 1327 5067 Quoniam
1362 5019 1492 5071 ergo
1529 5018 1670 5070 aqua
1715 5002 1959 5072 gentium
1988 5017 2095 5054 non
2127 5005 2383 5070 cognovit

817 5096 1101 5164 sapientia:
1144 5096 1460 5149 effectorem
1493 5138 1507 5157 .
1546 5097 1692 5149 Deus
1740 5111 1861 5149 eam
1920 5096 2237 5164 relinquens
2280 5098 2384 5149 im-

815 5186 1117 5258 perfectam
1146 5197 1203 5242 et
1236 5204 1345 5242 non
1401 5188 1719 5258 genitalem,
1774 5189 2011 5242 accessit
2050 5188 2116 5240 ad
2156 5197 2379 5249 terram.

820 5280 956 5334 dans
985 5295 1082 5349 per
1113 5281 1385 5334 Abraham
1416 5280 1631 5349 signum
1664 5280 2130 5334 circumcisiouis.
2179 5280 2383 5334 Etideo

819 5368 984 5439 hujus
996 5370 1135 5439 signi
1157 5380 1429 5425 terrenam
1449 5371 1705 5440 promisit
1723 5370 2056 5433 mercedem,
2081 5380 2137 5423 et
2154 5370 2387 5423 Abrahae

823 5469 883 5516 et
924 5462 1132 5521 lsraeli.
1166 5462 1358 5517 dicens
1396 5479 1453 5517 se
1475 5464 1558 5517 eis
1582 5462 1717 5517 dare
1761 5462 1814 5516 in
1846 5462 2253 5531 possessionem
2280 5472 2388 5515 ter-

824 5568 943 5607 ram
993 5553 1269 5608 terrestris
1309 5555 1613 5608 Palzestinze
1674 5552 2078 5623 promissionis.
2121 5551 2389 5606 Similiter

825 5646 989 5701 etiam
1014 5647 1215 5716 populo
1247 5646 1547 5701 Israelitico
1570 5647 1665 5715 qui
1698 5646 1830 5701 exiit
1855 5661 1919 5701 ex
1954 5644 2208 5715 IEgypto,
2239 5646 2387 5701 Deus

966 5818 1121 5875 ltotn.
1155 5837 1190 5885 ι,
1218 5819 1304 5875 ⁵21.
1387 5825 1427 5853 ’⁸
1462 5808 1693 5890 t’bilipp.
1721 5838 1796 5885 Ill,
1828 5825 1913 5875 “.‘tl.

1998 5822 2032 5851 "
2059 5822 2156 5875 lsa.
2212 5839 2280 5880 Ix.
2323 5822 2432 5880 1.2

2481 4656 2665 4711 quam.
2698 4640 2741 4692 si
2756 4648 2842 4692 aut
2871 4636 3164 4706 quemdam
3189 4634 3382 4688 orbem
3408 4642 3568 4687 terra:
3596 4646 3792 4685 creans
3812 4640 3867 4685 et
3918 4646 4055 4684 eon-

2483 4743 2703 4787 struens
2764 4734 2905 4783 flens
2953 4729 3193 4782 Verbum
3254 4727 3421 4779 homo
3466 4724 3675 4783 factus,
3729 4720 3927 4789 incipit
3986 4736 4056 4775 ex

2484 4824 2641 4890 aquis
2663 4820 2981 4888 gentilibus.
3012 4827 3073 4871 nt
3097 4818 3189 4885 qui
3220 4817 3272 4869 in
3292 4816 3513 4883 regione.
3537 4814 3781 4883 gentium
3801 4822 4057 4866 versatus

2485 4915 2558 4967 sit
2590 4915 2642 4965 iu
2676 4912 2968 4966 Nazareth.
3004 4910 3075 4963 De
3104 4909 3307 4977 quibus
3350 4906 3483 4959 dicit
3512 4904 3779 4973 propheta
3835 4902 4010 4955 Isaias
4039 4920 4053 4955 :

2487 5007 2647 5059 Terra
2668 5003 2903 5057 Zebulon
2940 5011 2987 5053 et
3020 5011 3161 5052 terra
3186 4998 3510 5067 Nephtalim.
3535 4998 3620 5049 via
3681 4996 3869 5052 maris,
3906 4993 4055 5047 Gali-

2490 5099 2587 5151 Ι(ιά
2638 5097 2893 5165 gentium,
2923 5093 3146 5162 populus
3178 5092 3268 5161 qui
3313 5090 3512 5144 vivebat
3548 5091 3601 5141 iu
3645 5087 3873 5139 tenebris
3924 5088 4057 5139 vidit

2492 5188 2658 5239 lucem
2698 5200 2945 5254 niagnam
2970 5181 3033 5238 ¹⁶.
3060 5182 3151 5235 Sic
3183 5180 3329 5234 enim
3348 5179 3573 5232 Simeon
3606 5191 3829 5246 quoque
3861 5184 4059 5242 gentes

2490 5278 2661 5347 priori
2694 5278 2815 5330 loco
2857 5275 3061 5345 posuit,
3106 5283 3163 5327 et
3197 5271 3397 5326 deinde
3424 5270 3707 5329 lsraelem,
3747 5267 3946 5320 dicens
3990 5267 4058 5320 de

2484 5372 2705 5425 Christo
2742 5387 2754 5421 :
2796 5367 2989 5422 Lumen
3023 5367 3092 5420 ad
3116 5364 3482 5419 reuelationem
3507 5362 3761 5431 gentium,
3819 5359 4054 5413 deinde:

2488 5471 2536 5513 et
2590 5461 2817 5530 gloriam
2852 5457 3012 5527 plebis
3047 5467 3152 5510 tare
3205 5454 3379 5508 Israel
3428 5452 3490 5503 ¹⁸.
3533 5450 3777 5504 Transiit
3815 5448 3968 5503 enim
4031 5464 4056 5502 ε

2488 5550 2757 5606 Nazaretli
2793 5550 3036 5620 gentium
3064 5546 3251 5610 maris,
3272 5554 3329 5599 et
3355 5544 3508 5599 venit
3538 5542 3978 5612 Hierosolymam
4006 5542 4059 5596 in

2492 5645 2790 5699 Bethleem.
2823 5652 2879 5696 et
2909 5641 2985 5695 ibi
3016 5647 3180 5695 natus
3207 5646 3311 5701 est,
3339 5645 3395 5692 et
3426 5637 3619 5691 relicta
3654 5634 3987 5705 imperfecta
4007 5642 4061 5688 et

2533 5824 2572 5852 ”
2606 5822 2735 5874 Luc.
2771 5836 2824 5884 ιι,
2859 5818 2946 5871 52.
