4186 6442
195 340 296 400 9'25

1300 345 1377 405 IN
1414 344 1962 405 IIEXAEMERON.
1997 371 2067 384 -
2101 348 2249 408 LIB.
2290 351 2386 408 VI.

3348 348 3455 412 926

197 457 523 526 mlrugilera
580 469 727 514 terra
791 462 980 523 Israel,
1029 459 1182 515 venit
1237 477 1433 516 rursus
1479 462 1546 516 ad
1601 468 1846 532 aquasA
1876 476 1998 518 sunt
2028 469 2081 519 hi
2106 468 2348 536 quisicut
2366 468 2526 520 nubes
2565 467 2768 529 volant,
2794 476 2841 517 rt
2860 476 3117 535 tanquam
3138 466 3454 519 columbm"

196 551 453 615 gentiles.
486 554 700 607 vocatis
726 561 853 607 ante
877 569 1070 607 onmcs
1098 552 1265 623 Magis
1286 594 1301 615 ,
1327 564 1383 607 et
1413 554 1693 622 prolectus
1716 554 1771 607 in

194 644 490 716 .ILgyptum
546 650 611 702 ad
648 650 963 704 barbaricas
989 651 1095 705 Nili
1132 666 1324 720 aquas.
1380 650 1485 703 Sed
1517 666 1642 703 eum
1679 665 1773 703 eas

196 738 449 792 noitdum
510 752 894 810 congregasset
951 743 1004 795 in
1053 758 1217 797 unam
1263 744 1769 813 congregationem,

198 829 367 883 rediit
393 830 447 883 in
468 841 672 885 terram
695 832 860 886 Israel
885 832 1032 885 unde
1053 832 1286 895 exierat,
1304 833 1556 899 exiguam
1577 846 1771 899 quam-

194 922 319 975 dam
354 923 607 985 herbam,
638 932 693 977 et
724 926 953 978 arbores
981 924 1197 993 aliquas
1222 923 1518 993 frugiferas
1549 922 1770 993 (nempe

192 1029 325 1067 suos
350 1013 679 1091 discipulos,
715 1026 771 1069 et
803 1015 1073 1069 Joannem
1110 1014 1433 1083 Baptistam,
1460 1022 1516 1067 et
1543 1013 1767 1081 Josepb,

190 1117 243 1157 et
275 1096 668 1178 Niopmedum,
703 1116 759 1161 et
808 1122 1015 1176 paucos
1044 1106 1384 1177 bujusmodi)
1421 1104 1723 1160 ostendens
1754 1123 1765 1157 :

188 1210 243 1250 et
286 1199 481 1253 statim
525 1201 723 1255 relicto
753 1201 904 1254 cultu
945 1200 1180 1255 Iudaico
1224 1200 1439 1255 accedit
1469 1214 1661 1251 rursus
1699 1198 1766 1251 ad

190 1292 403 1346 ﬂuenta
429 1293 689 1347 .lordams
723 1293 814 1348 Sol
844 1294 1091 1361 justitizc,
1122 1308 1318 1348 creans
1343 1294 1529 1347 lumen
1589 1292 1767 1360 bapti-

187 1385 407 1437 smatis.
474 1385 785 1440 Deindeita
840 1385 1119 1439 benedicit
1170 1394 1226 1439 et
1274 1384 1577 1455 perducere
1638 1382 1770 1437 fecit

186 1492 392 1544 aquas,
425 1486 484 1529 et
531 1476 796 1549 deinceps
848 1478 1001 1533 venit
1041 1478 1206 1532 etiam
1254 1477 1322 1531 ad
1367 1488 1567 1532 terram
1606 1495 1619 1530 :
1663 1477 1769 1529 hoc

187 1577 298 1629 est,
336 1585 532 1622 curam
556 1586 756 1639 gerens
785 1570 1023 1631 Israclis,
1093 1580 1150 1624 et
1182 1569 1409 1625 morbos
1442 1584 1637 1629 eorum
1670 1583 1769 1621 cu-

186 1675 339 1714 rans.
381 1661 444 1713 Ει
482 1677 678 1715 rursus
709 1677 739 1714 a
764 1668 907 1714 terra
938 1660 1219 1729 prolectus
1250 1669 1336 1715 est
1361 1660 1428 1715 ad
1454 1660 1709 1729 abyssum
1750 1675 1764 1711 :

184 1766 391 1819 nempe
416 1768 445 1804 a
468 1766 661 1812 cruce.
696 1759 758 1805 ut
792 1752 1115 1821 prmdicaret
1138 1752 1430 1821 spiritibus
1463 1749 1561 1819 qui
1606 1758 1767 1803 erant

1882 572 2006 608 eum
2048 557 2215 625 pullis
2244 556 2399 609 suis?
2430 555 2519 609 ll:e
2563 566 2693 610 sunt
2730 557 2986 610 volucres
3010 574 3131 625 qua:
3167 557 3457 626 rapiuntur

1883 650 1935 701 in
1978 651 2217 702 nubilms
2240 650 2445 702 obviam
2474 649 2693 702 Domino
2720 652 2774 702 in
2811 665 2985 701 acrem
3010 651 3078 702 ¹⁰.
3124 652 3199 703 De
3252 649 3456 718 quibus

1878 741 2045 793 etiam
2103 742 2319 795 dicebat
2355 759 2365 794 :
2404 742 2499 795 l'lu'
2557 754 2629 793 est
2673 759 2884 811 corpus,
2922 742 3118 809 inquit,
3158 759 3253 792 seu
3286 740 3449 793 cada-

1881 849 1975 885 ver
1998 834 2183 893 (latro,
2211 834 2482 901 inquam),
2531 848 2727 901 nempe
2762 835 2813 886 in
2857 833 3143 891 I‘aradiso,
3178 832 3287 885 illic
3330 849 3456 884 eon-

1877 926 2236 994 gregalmntur
2264 928 2429 978 etiam
2490 924 2763 995 equilia",
2812 941 2933 987 qum
2984 924 3451 993 supplanlalorem

1880 1028 2127 1072 nostrum
2162 1028 2473 1087 serpentem
2518 1020 2622 1073 sub
2658 1018 2891 1089 pedibus
2942 1019 3307 1073 sulloearunt.
3348 1018 3451 1072 Ant

1880 1128 2070 1165 rursus
2101 1111 2193 1165 ubi
2220 1123 2500 1165 mortuum
2531 1122 2613 1165 est
2645 1121 2895 1165 sanctum
2929 1115 3049 1180 ejus
3094 1127 3317 1180 corpus,
3344 1110 3455 1162 illic

1878 1218 1978 1255 nos
2007 1205 2378 1272 congregavit.
2407 1213 2466 1256 ut
2494 1205 2667 1257 simus
2692 1207 2815 1273 ejus
2843 1204 3165 1272 participes.
3194 1204 3250 1258 In
3280 1205 3452 1258 altum

1876 1293 2022 1346 enim
2049 1295 2101 1347 in
2125 1310 2289 1347 cruce
2314 1295 2567 1347 sublatus
2598 1297 2955 1365 congregavit
2981 1296 3239 1365 gentiles,
3284 1307 3339 1350 et
3386 1312 3454 1349 ex

1876 1400 2016 1453 aqua
2058 1385 2270 1454 genitas
2303 1386 2549 1455 gentium
2604 1386 2874 1449 volucres,
2914 1399 2971 1440 ut
2995 1388 3115 1457 ejus
3143 1388 3453 1456 passionem

1877 1477 2164 1531 imitentur
2179 1488 2236 1531 et
2267 1494 2512 1540 crucem.
2540 1478 2645 1533 Sed
2673 1496 2796 1533 eum
2831 1495 3003 1548 aquas
3031 1481 3211 1549 abyssi
3244 1480 3451 1535 subiis-

1873 1582 1977 1634 sct,
2012 1587 2200 1625 secum
2228 1571 2356 1627 fecit
2384 1572 2605 1627 evolare
2638 1589 2704 1626 ex
2756 1573 2916 1642 aquis
2939 1573 3322 1627 subterraneis
3352 1589 3452 1625 vo—

1872 1664 2045 1717 lucria
2072 1664 2165 1717 illa
2190 1680 2420 1734 corpora
2459 1666 2808 1724 Sanctorum.
2844 1665 2938 1735 qui
2978 1665 3345 1729 dormierant,
3393 1673 3454 1720 et

1873 1765 2257 1810 ευττριοτιιιιι.

186 1841 240 1893 in
272 1843 603 1896 rarceribus
625 1843 1363 1907 inlerorum,remissionem.
1379 1843 1545 1913 882
1563 1842 1765 1897 Deinde

1944 1849 2050 1903 Sed
2080 1857 2253 1903 restat
2282 1858 2343 1903 ut
2370 1849 2633 1919 deinceps
2694 1849 2872 1919 ipsum
2902 1848 3166 1903 dictionis
3199 1847 3417 1916 Scriptn

184 1950 313 1985 «τιιιιι
354 1935 778 2000 resurresisset,
826 1953 858 1991 e
902 1946 1050 1990 terra
1084 1952 1340 1991 reversus
1364 1945 1451 1991 est
1478 1936 1545 1990 ad
1584 1936 1767 1991 ﬁrma-

184 2036 444 2080 mentum
476 2028 543 2081 ad
579 2028 772 2094 Deum,
810 2038 866 2082 et
890 2027 1045 2084 illinc
1078 2045 1273 2083 rursus
1296 2028 1482 2083 cll'ecit
1508 2037 1567 2082 ut
1614 2045 1769 2098 aqua:

180 2121 439 2189 gentium
483 2122 745 2176 animalia
780 2122 1175 2192 producerent,
1201 2140 1270 2177 ex
1315 2123 1427 2177 alto
1463 2138 1628 2193 super
1674 2139 1770 2177 eas

181 2216 395 2269 emisso
417 2224 679 2285 tanquam
716 2216 935 2272 vivilico
959 2226 1152 2271 sancto
1183 2216 1414 2286 Spiritu.

256 2310 395 2375 Qua:
408 2311 634 2379 quidem
653 2326 758 2365 non
784 2312 1077 2365 cessabunt
1098 2325 1264 2379 super
1279 2312 1486 2380 seipsas
1496 2325 1767 2380 generare

181 2412 241 2454 et
254 2417 590 2471 regenerarc
609 2404 753 2472 ipsas
762 2413 954 2473 gentes
973 2418 1095 2472 qum
1108 2403 1260 2473 prius
1274 2411 1436 2458 erant
1450 2402 1696 2471 reptiles,
1711 2410 1768 2456 ct

183 2511 340 2549 nunc
354 2496 513 2550 facta:
531 2497 826 2550 suntalata:
839 2496 1113 2558 volucres,
1131 2496 1309 2550 donec
1331 2494 1619 2565 plenitudo
1636 2510 1768 2563 gen-

186 2589 329 2639 tium
358 2586 609 2655 ingressa
648 2587 721 2641 sit
748 2586 974 2640 omnino
1004 2586 1057 2639 in
1082 2585 1439 2655 paradisum:
1468 2594 1525 2639 ct
1551 2594 1681 2639 tunc
1696 2584 1766 2639 de

182 2690 394 2733 (αξιοι-ι)
411 2678 945 2748 perliciturverbnm
964 2678 1082 2741 Dei,
1107 2677 1255 2747 quod
1270 2676 1488 2732 dicitde
1506 2676 1767 2731 animali-

182 2771 293 2826 bus
327 2772 586 2826 Israelis:
616 2771 882 2825 Producat
904 2780 1049 2825 terra
1080 2773 1323 2825 animum
1352 2773 1628 2825 viventem.
1653 2771 1765 2825 Re—

180 2876 275 2919 ete
294 2863 475 2917 dixit:
502 2865 741 2917 animum
770 2865 1045 2918 viventem.
1088 2864 1189 2918 Est
1214 2864 1362 2919 enim
1401 2880 1546 2919 unus
1573 2864 1760 2919 Israel.

181 2957 241 3011 In
275 2956 584 3027 gentilibus
612 2966 798 3010 autem
830 2955 1335 3011 innumerabilibus
1353 2956 1614 3025 gentibus
1643 2972 1764 3026 quze

180 3065 249 3103 ex
293 3049 509 3105 nostris
539 3050 699 3119 aquis
731 3057 1145 3118 processerunt,
1201 3065 1312 3104 non
1347 3049 1487 3104 dicit
1521 3050 1759 3104 animam

1872 1956 1945 1994 rzc
1972 1949 2287 1995 contextum
2323 1943 2654 2011 aperiamus.
2686 1941 2754 1996 Et
2794 1943 2924 1995 dixit
2964 1942 3102 1995 Deus
3133 1958 3150 1995 :
3182 1942 3453 1995 I’roducat

1873 2042 2015 2086 terra
2054 2051 2289 2086 nmmum
2339 2038 2591 2087 viventem
2643 2035 2929 2089 secrmdum
2981 2050 3165 2102 genus,
3215 2035 3451 2103 quadru»

1870 2124 2019 2192 pelles
2043 2134 2089 2177 et
2123 2126 2335 2193 reptiliu
2364 2136 2410 2177 et
2439 2126 2628 2178 bestias
2650 2136 2805 2180 terrm
2846 2127 3129 2179 secundum
3152 2142 3335 2195 genus.
3379 2124 3453 2179 Et

1869 2218 2062 2286 factum
2086 2226 2159 2269 cst
2196 2221 2295 2271 itu.
2347 2218 2403 2271 In
2431 2218 2572 2273 duos
2606 2231 2796 2288 partus
2829 2228 2885 2273 et
2921 2222 3308 2289 generationes
3362 2218 3449 2272 di-

1868 2310 1999 2363 visit
2030 2311 2174 2363 Dcus
2199 2326 2421 2364 omnem
2457 2312 2732 2366 viventem
2760 2313 3124 2365 animantium
3159 2312 3244 2379 (ex
3279 2324 3448 2373 terra,

1870 2400 2116 2470 inquam,
2162 2410 2220 2454 et
2266 2415 2333 2453 ex
2388 2400 2549 2470 mari)
2578 2402 2671 2469 qui
2720 2417 2784 2455 ex
2833 2401 3053 2455 duabus
3096 2401 3447 2463 mulieribus,

1867 2508 2066 2562 nempe
2094 2492 2189 2547 Lia
2226 2502 2282 2545 et
2312 2494 2573 2557 Rachcle,
2620 2503 2716 2548 aut
2754 2510 2820 2547 ex
2853 2494 2985 2548 Sara
3012 2505 3068 2548 et
3133 2493 3280 2561 Agar
3311 2493 3452 2547 duos

1866 2584 2161 2638 constituit
2192 2586 2352 2647 lilios,
2376 2601 2574 2655 nempe
2627 2585 2767 2639 duos
2799 2586 3053 2654 populos,
3094 2584 3351 2641 videlicet
3380 2601 3449 2639 es

1865 2678 2140 2746 gentibus.
2199 2678 2318 2743 Quo
2366 2679 2423 2732 lit
2471 2688 2529 2733 ut
2571 2680 2718 2748 quod
2751 2696 2779 2733 a
2812 2680 2925 2734 Deo
2949 2689 3079 2734 tunc
3103 2679 3311 2734 dictum
3345 2679 3451 2734 Re-

1865 2770 2068 2836 beccm,
2104 2772 2587 2826 eonveniatctiam
2627 2773 2815 2827 dicere
2849 2782 3120 2827 creatura:
3146 2788 3267 2843 qua:
3328 2786 3449 2826 cer-

1864 2862 2057 2916 nitur:
2094 2862 2225 2917 Dua:
2262 2874 2439 2933 gentes
2466 2874 2516 2917 et
2538 2864 2640 2917 duo
2680 2864 2861 2933 populi
2895 2881 2959 2918 ex
2980 2874 3029 2918 te
3078 2865 3444 2934 cgredientur,

1863 2961 1913 3006 et
1946 2953 2171 3025 papulus
2194 2954 2447 3022 populum
2476 2955 2763 3024 superabit,
2800 2962 2849 3007 ct
2902 2954 3079 3019 maior
3106 2954 3295 3007 serviet
3350 2953 3452 3007 mi-

1865 3046 1983 3098 nori
2015 3045 2081 3098 η.
2134 3044 2483 3100 Snntantem
2522 3044 2737 3099 scilicet
2802 3045 3011 3115 majora
3050 3052 3107 3097 et
3161 3044 3451 3113 insigniter

180 3144 494 3208 viventem,
522 3143 617 3197 sed
650 3145 865 3197 animas
906 3142 1362 3197 innumerabiles.
1391 3142 1537 3197 Dicit
1561 3142 1708 3197 enim
1742 3158 1755 3195 :
1791 3170 1833 3229 ϐ
1867 3135 2094 3190 fortiora
2133 3152 2255 3206 qua:
2301 3153 2368 3191 ex
2411 3146 2557 3191 terra
2612 3145 2743 3191 nata
2799 3144 2927 3191 sunt
2960 3136 3220 3191 animalia
3272 3146 3329 3190 et
3353 3136 3448 3205 ju-

184 3234 498 3289 Producant
534 3251 686 3305 σφωε
737 3235 949 3305 reptilia
983 3237 1288 3290 animarum
1309 3236 1614 3298 viventium,
1659 3248 1763 3287 nec

182 3341 248 3378 ea
282 3326 491 3389 solum,
532 3324 627 3378 sed
666 3324 833 3379 etiam
863 3325 1120 3379 volucres
1170 3324 1420 3379 volantes
1454 3338 1623 3392 super
1662 3333 1766 3377 ter-

186 3433 307 3470 ram
341 3416 661 3471 secundum
683 3415 1093 3472 ﬁrmamentum
1113 3415 1260 3471 caeli.
1288 3414 1365 3469 Es
1398 3414 1487 3469 his
1518 3414 1764 3469 volucri-

184 3510 295 3565 bus
324 3518 446 3564 erat
464 3510 667 3563 Paulus
693 3509 786 3563 ille
820 3508 1153 3577 baptizatus,
1203 3516 1260 3562 et
1280 3508 1375 3576 qui
1406 3522 1475 3561 ex
1498 3522 1639 3577 aqua
1666 3523 1765 3561 va-

187 3603 291 3657 luit
309 3602 500 3656 volare
518 3600 585 3656 ad
610 3601 833 3656 tertium
862 3600 1085 3665 cmlum,
1109 3608 1165 3654 et
1186 3615 1379 3653 rursus
1409 3600 1563 3654 illinc
1580 3608 1765 3653 trans-

187 3690 272 3744 ire
307 3690 363 3743 in
417 3689 751 3759 paradisum.
785 3689 1067 3760 Ejusmodi
1096 3689 1335 3745 volucris
1378 3697 1498 3744 erat
1552 3688 1766 3758 Philip-

187 3796 317 3851 pus,
352 3780 451 3850 qui
486 3780 680 3835 volans
713 3795 814 3850 per
851 3794 1061 3843 acrem,
1094 3789 1152 3835 et
1170 3781 1401 3835 veniens
1440 3780 1507 3835 ad
1555 3779 1767 3837 Canda-

185 3887 309 3927 eem
347 3870 685 3940 Ethiopem,
742 3872 923 3941 ipsum
966 3871 1268 3940 baptizavit
1325 3887 1491 3941 super
1513 3886 1711 3941 aquam
1750 3891 1763 3928 :

185 3975 243 4018 ct
266 3978 370 4033 per
394 3961 730 4026 columbam,
768 3977 969 4032 nempe
1004 3960 1295 4031 Spiritum,
1326 3962 1569 4032 seipsum
1630 3962 1766 4017 ell‘e-

184 4058 265 4111 cit
325 4055 608 4109 volucrem
650 4054 714 4108 ¹⁶.
777 4054 1059 4125 Ejusmodi
1113 4054 1361 4109 volucris
1415 4054 1766 4110 desiderabat

186 4150 310 4203 ﬁeri
343 4148 421 4201 illi
442 4148 537 4217 qui
561 4146 781 4202 dicebat
812 4165 825 4201 :
852 4146 981 4212 Quis
1029 4148 1176 4201 dabit
1228 4148 1356 4202 mihi
1398 4163 1600 4217 pennas
1631 4148 1765 4201 sicut

184 4241 469 4303 columbrr,
502 4256 624 4310 qum
662 4240 949 4295 descendit
972 4241 1027 4294 in
1049 4240 1368 4305 Iordanem,
1401 4249 1451 4294 et
1480 4240 1667 4295 volabo
1715 4249 1762 4294 et

184 4337 518 4405 requiescam
556 4332 598 4364 "
642 4332 695 4386 in
727 4333 815 4385 illa
862 4333 1054 4402 requie
1098 4333 1407 4387 cmlestium
1472 4334 1760 4388 volucrum

186 4441 283 4479 ses
317 4424 437 4478 alas
468 4422 830 4477 habentium?
865 4422 949 4477 Ad
976 4423 1074 4478 has
1125 4424 1381 4478 volucres
1425 4423 1667 4478 evolavit
1695 4439 1759 4477 ex

1866 3236 2052 3281 menta
2075 3238 2133 3281 et
2156 3228 2367 3291 bestiae,
2388 3242 2553 3298 quam
2585 3229 2765 3298 pisces
2790 3228 3015 3294 marini,
3045 3236 3101 3283 et
3124 3242 3293 3297 super
3324 3241 3449 3279 om-

1864 3320 1951 3374 nia
1984 3320 2256 3374 volucres.
2304 3318 2461 3386 Quod
2511 3320 2558 3374 si
2599 3335 2663 3373 ea
2691 3336 2811 3390 quae
2855 3320 3116 3374 dicuntur
3169 3319 3374 3388 rejieis,
3413 3333 3449 3373 ο

1864 3410 2107 3475 auditor,
2133 3419 2339 3481 utqua:
2377 3427 2489 3465 non
2530 3412 2641 3467 sint
2676 3411 2987 3482 probabilia
3014 3452 3028 3475 ,
3099 3409 3231 3480 quid
3275 3409 3447 3465 facies

1865 3511 1959 3558 aut
1986 3502 2139 3557 dices
2169 3518 2295 3557 cum
2330 3503 2519 3559 videas
2557 3516 2680 3574 qua:
2703 3519 2770 3558 ex
2794 3504 2957 3573 aquis
3002 3512 3123 3557 orta
3152 3509 3284 3556 sunt
3324 3500 3445 3555 ani-

1865 3595 2028 3649 malia
2061 3595 2415 3664 praeripuisse
2453 3612 2571 3650 eam
2597 3612 2720 3666 qua:
2776 3612 2806 3651 a
2843 3596 2956 3649 Deo
2999 3596 3164 3650 datur
3210 3593 3443 3649 benedi-

1864 3688 2303 3743 ctionem?Nam
2347 3689 2627 3759 quomodo
2673 3690 2844 3745 Jacob
2880 3689 3171 3760 prazripuit
3217 3687 3448 3745 benedi-

1865 3780 2105 3834 ctionem
2143 3781 2325 3835 Esau?
2349 3782 2611 3851 quoniam
2645 3782 2787 3836 alter
2836 3782 3065 3851 quidem
3097 3788 3221 3836 erat
3270 3794 3443 3835 vena-

1865 3878 1973 3935 tor,
2000 3879 2056 3926 et
2086 3880 2343 3941 tanquam
2372 3888 2403 3926 e
2433 3880 2582 3927 terra
2615 3882 2801 3926 ortmn
2842 3872 3082 3927 habebat
3117 3880 3174 3926 et
3211 3885 3445 3942 genera-

1864 3964 2095 4029 tionem,
2120 3974 2176 4019 et
2196 3964 2364 4018 vitam
2400 3980 2565 4034 quam
2596 3964 2829 4035 degebat
2855 3964 3021 4019 simul
3060 3979 3187 4017 cum
3216 3962 3355 4018 leris
3385 3962 3440 4016 in

1862 4071 1994 4126 agro
2022 4066 2078 4110 et
2108 4071 2233 4110 eum
2291 4055 2582 4126 reptilibus
2618 4072 2633 4109 :
2676 4054 2824 4109 unde
2879 4054 3043 4109 etiam
3066 4095 3079 4117 ,
3108 4052 3304 4116 Edem,
3339 4051 3445 4107 hoc

1861 4157 1967 4211 est,
2000 4148 2180 4213 rufus,
2231 4148 2336 4203 fuit
2360 4148 2503 4203 Esau
2541 4148 2994 4218 cognominatus;
3034 4146 3204 4202 Jacob
3233 4155 3440 4208 autem,

1860 4243 1955 4315 qni
2002 4242 2166 4298 simul
2208 4258 2332 4297 cum
2370 4242 2779 4305 benedictione,
2835 4243 2956 4313 ejus
3007 4256 3229 4311 quoque
3261 4239 3445 4309 rapuit

1862 4336 2373 4407 primogenituram,
2405 4348 2531 4387 cum
2581 4331 2860 4386 evolasset
2891 4330 2945 4383 in
3001 4342 3270 4397 aquarum
3327 4326 3444 4380 Me-

1861 4430 2244 4501 sopotamiam,
2279 4426 2392 4481 illic
2443 4425 2499 4480 in
2537 4424 2703 4495 aquis
2759 4422 2979 4493 peperit
3012 4422 3066 4475 in
3126 4420 3291 4475 domo
3319 4419 3440 4474 Dei.

184 4519 407 4572 riviﬂca
435 4532 574 4587 aqua
606 4531 730 4586 qum
784 4515 942 4569 lluin
990 4531 1057 4570 ex
1088 4516 1260 4571 latere
1306 4517 1523 4570 Domini
1557 4516 1759 4571 inloco
1791 4517 1833 4571 υ
1862 4524 2055 4580 Bethel
2086 4524 2234 4578 enim
2260 4522 2663 4588 interpretatur
2681 4516 2925 4586 Spiritus
2951 4515 3073 4577 Dei,
3106 4513 3255 4568 unde
3274 4513 3443 4568 etiam

182 4610 457 4667 Calvaria:
476 4650 491 4674 ,
524 4609 702 4678 prima
733 4608 980 4663 omnium
1005 4608 1253 4664 volucris
1276 4650 1291 4671 ,
1322 4619 1547 4664 sanctus
1585 4610 1727 4664 latro
1748 4653 1761 4676 ,

185 4717 315 4756 cum
334 4716 463 4770 rege
479 4701 770 4754 volucrum
784 4699 1008 4755 Christo
1022 4716 1219 4770 magna
1234 4701 1453 4770 Aquila,
1467 4716 1565 4771 per
1581 4717 1763 4757 aerem

185 4796 388 4849 volans
411 4794 468 4847 in
491 4792 831 4863 paradisum.
887 4794 963 4848 De
995 4792 1205 4849 Christi
1263 4795 1583 4849 volucribus
1633 4796 1768 4850 dicit

186 4888 358 4942 etiam
412 4883 879 4957 Psalmographus
926 4903 938 4939 :
973 4885 1188 4950 Passer,
1217 4902 1416 4956 nempe
1446 4888 1607 4951 latro,
1669 4903 1765 4943 seu

190 4979 393 5049 aliquis
413 4978 578 5042 alius,
598 4979 795 5032 invenit
830 4979 928 5033 sibi
956 4978 1242 5049 proprium
1266 4979 1457 5033 nidum
1504 4979 1638 5051 ligni
1668 4996 1767 5051 pa-

192 5070 365 5125 radisi
397 5087 412 5123 :
450 5079 647 5125 turtur.
668 5086 867 5141 nempe
881 5071 1146 5133 Ecclesia,
1167 5087 1291 5141 quae
1318 5072 1431 5125 sola
1458 5088 1630 5127 unum
1663 5089 1765 5128 no-

191 5165 272 5218 vit
298 5164 594 5233 conjugem
616 5162 919 5228 Christum,
951 5179 1074 5234 qua:
1092 5164 1259 5218 vitam
1288 5164 1458 5234 magis
1490 5174 1639 5220 amat
1676 5181 1766 5221 so-

190 5254 433 5310 litariam
456 5271 621 5325 quam
648 5255 962 5323 delicatam,
1001 5256 1224 5311 mollem
1258 5266 1315 5311 et
1345 5256 1720 5312 ell‘eminatam
1748 5275 1761 5311 :

190 5349 289 5402 sibi
318 5348 539 5411 nidum,
575 5364 776 5418 nempe
806 5364 1034 5418 regnum
1088 5348 1391 5414 caelorum;
1433 5349 1520 5402 ubi
1546 5358 1767 5420 reponat

192 5435 372 5507 pullos
394 5452 519 5489 suos
542 5436 605 5489 “.
637 5434 785 5502 Quas
807 5436 1031 5506 quidem
1055 5445 1324 5492 exeuntes
1374 5437 1444 5491 de
1474 5439 1636 5509 aquis
1668 5454 1767 5491 vo-

189 5531 378 5587 lucres
398 5537 633 5600 stupens
664 5545 889 5600 quoque
932 5530 1123 5594 Isaias,
1152 5530 1427 5585 clamabat
1474 5547 1487 5583 :
1536 5529 1768 5596 Quinam

266 5738 312 5769 "
347 5738 471 5792 Act.
516 5751 630 5795 vni,
656 5735 729 5790 26
751 5750 904 5805 seqq.
984 5738 1025 5769 "
1062 5737 1312 5803 I’sa|.t.|v,
1343 5738 1396 5793 7.

194 5825 339 5873 mv,
358 5807 452 5861 28.
532 5806 575 5838 ”
598 5806 738 5861 Gen.
761 5822 882 5873 xxv,
898 5806 991 5888 (Ξῖ).

1479 5738 1520 5771 ⁸⁸
1555 5736 1698 5794 Psal.
1729 5755 1949 5808 Lxxxlu,
1992 5738 2039 5795 ι.

1861 4614 2075 4683 accepit
2108 4610 2311 4667 Rachel
2351 4628 2363 4663 :
2399 4609 2605 4664 Rachel
2657 4617 2841 4664 autem
2866 4606 3035 4661 etiam
3088 4605 3297 4659 dicitur
3338 4604 3445 4659 Do-

1863 4720 1991 4759 mus
2015 4704 2133 4758 Dei.
2168 4702 2286 4771 lpsa
2333 4700 2482 4755 enim
2516 4709 2638 4755 erat
2662 4710 2821 4772 typus
2864 4698 3125 4754 Ecclesia:
3155 4713 3279 4768 quae
3332 4697 3445 4753 exl-

1864 4794 1961 4848 stit
1982 4810 2051 4849 ex
2084 4791 2363 4863 gentibus,
2395 4791 2450 4845 in
2482 4807 2591 4861 qua
2620 4789 2719 4845 Dei
2770 4789 3012 4859 Spiritus
3046 4796 3295 4843 amanter
3320 4785 3441 4841 vcl-

1864 4886 1946 4939 uti
1999 4882 2360 4953 requiescens
2417 4881 2731 4952 (propterea
2794 4881 2944 4951 quod
2994 4896 3115 4934 eam
3174 4879 3439 4949 peperit),

1868 4978 2048 5034 fertur
2103 4990 2269 5046 super
2316 4990 2512 5045 aquam
2560 4973 2968 5044 Mesopotamiae
3008 4973 3258 5027 omnium
3311 4987 3446 5042 gen-

1871 5071 2033 5125 tium.
2072 5067 2315 5123 Adverte
2342 5076 2526 5121 autem
2558 5066 2707 5137 quod
2750 5065 2952 5121 Rachel
2986 5080 3230 5136 quoque,
3281 5073 3445 5136 typus

1870 5173 1927 5218 et
1969 5162 2139 5233 ﬁgura
2195 5160 2364 5230 (sicut
2404 5167 2461 5213 et
2492 5156 2767 5225 Rebecca)
2821 5158 2942 5229 ejus
2972 5171 3097 5227 qua:
3144 5153 3444 5225 aliquando

1872 5256 1978 5311 fuit
2004 5253 2211 5310 sterilis
2232 5253 2475 5324 gentium
2503 5252 2785 5314 Ecclesiae,
2809 5265 2932 5305 cum
2974 5259 3121 5306 esset
3146 5263 3312 5316 super
3333 5255 3446 5302 ter-

1873 5363 1990 5402 ram
2054 5361 2325 5415 aquarum
2372 5342 2795 5413 Mesopotamia,
2861 5341 2976 5395 illic
3032 5340 3309 5409 desponsa
3338 5336 3445 5391 fuit

1870 5440 2020 5495 Isaac
2046 5455 2061 5493 :
2092 5447 2151 5493 et
2173 5439 2359 5492 statim
2386 5446 2648 5507 tanquam
2684 5434 2916 5505 pulchra
2941 5442 2998 5489 et
3020 5432 3220 5487 alacris
3246 5446 3441 5501 aquam

1872 5529 2166 5585 ell'undens
2188 5528 2424 5600 piscina,
2459 5528 2669 5600 potavit
2694 5524 2951 5581 inlidelcs
3003 5524 3245 5665 iamelos
3271 5521 3447 5592 patris

2122 5740 2162 5771 "
2188 5738 2290 5794 lsa.
2319 5753 2407 5802 Ls,
2438 5736 2490 5791 8.
2569 5736 2658 5792 ³⁸1
2691 5736 2885 5793 Thess.
2918 5752 2992 5804 Iv,
3024 5735 3108 5791 l6.
3184 5733 3227 5766 ’ί
3251 5730 3449 5797 Matth,
