4186 6442
773 407 871 469 99.7

1966 398 2025 454 S.
2069 389 2463 453 ANASTASII
2525 396 2851 458 SINAIT/E

3918 404 4023 465 928

772 523 1038 591 gentium,
1088 518 1358 573 Abraham
1393 516 1539 569 enim
1580 515 1975 580 interpretatur
2030 519 2180 578 pater
2218 524 2340 578 gen-
2367 504 2416 561 Α
2444 516 2619 580 ipsum
2663 525 2746 569 est
2782 517 3066 584 plenitudo
3097 517 3337 570 fidelittm
3371 536 3382 569 :
3421 519 3563 585 quod
3616 530 3959 580 unguentum
3996 537 4024 574 a

774 617 927 679 tium,
958 614 1009 666 in
1046 613 1271 681 figuram
1315 610 1406 663 Dei
1434 617 1483 660 et
1515 607 1690 660 I’atris
1721 609 1987 672 gentium.

845 703 1198 759 Multifariam
1240 718 1371 767 ergo
1411 710 1466 753 et
1509 700 1697 752 multis
1738 698 1914 751 modis
1975 696 2340 758 ostendimus,

773 816 892 867 qua:
939 812 1005 849 ex
1040 796 1200 864 aquis
1252 793 1475 862 quidem
1526 804 1686 845 enata
1745 800 1872 844 sunt
1906 790 2186 853 animalia,
2223 806 2341 842 esse

775 891 1003 954 liguram
1045 886 1288 954 gentium
1346 901 1467 950 quzc
1504 884 1726 935 fuerunt
1758 882 2055 949 aliquando
2104 882 2156 933 in
2213 896 2341 948 pro-

772 982 944 1034 fundo
975 978 1317 1049 ignorantiae.
1360 976 1725 1040 Quamobrem
1760 983 1817 1027 et
1863 989 2054 1026 eorum
2105 974 2343 1041 piscato-

771 1071 1060 1125 reseﬂ‘ecit
1087 1070 1345 1122 Christus
1376 1084 1504 1120 suos
1555 1065 1878 1133 discipulos.
1931 1065 2207 1118 Ilabemus
2247 1080 2343 1116 att-

774 1174 881 1217 tetn
911 1163 1071 1215 aliam
1094 1178 1316 1229 quoqtte
1360 1158 1723 1212 lirmissitnam
1758 1165 1813 1209 et
1849 1157 2004 1209 valde
2038 1157 2341 1210 admirabi—

774 1259 877 1309 lem
921 1254 1324 1322 probationem,
1373 1268 1493 1320 quae
1550 1252 1713 1305 etiam
1744 1250 1903 1302 valde
1958 1249 2244 1300 ineredulo
2290 1259 2346 1301 et

772 1347 1122 1401 contentioso
1186 1343 1513 1414 persuadeat
1561 1343 1705 1411 quod
1756 1356 1877 1409 qua:
1940 1348 2067 1392 sunt
2125 1357 2153 1393 a
2198 1351 2344 1394 terra

771 1447 892 1491 orla
946 1437 1202 1490 animalia
1239 1435 1425 1488 ferunt
1467 1443 1676 1486 certum
1724 1442 1782 1483 et
1804 1430 1983 1483 CVltlt‘i
2012 1440 2119 1483 tem
2155 1440 2341 1500 typum

774 1530 959 1599 pepuli
989 1528 1600 1591 .Itnlmorum.Qua:nam
1633 1533 1816 1576 autem
1852 1532 2022 1576 estea
2055 1524 2347 1590 probatio?

775 1623 906 1675 Ilico
940 1619 1086 1688 quod
1123 1636 1151 1672 a
1184 1630 1327 1673 terra
1352 1620 1571 1687 genitus
1601 1616 1795 1677 Adam,
1829 1623 1934 1675 est,
1962 1615 2106 1682 quod
2136 1615 2203 1666 ad
2226 1632 2346 1667 car-

773 1727 896 1763 nem
923 1710 1140 1772 attinet,
1175 1720 1439 1774 cognatus
1477 1710 1690 1761 illarutn
1721 1720 1751 1757 e
1786 1714 1932 1756 terra
1965 1716 2211 1759 ortarum
2252 1706 2348 1758 be-

772 1803 1023 1866 stiarum,
1056 1811 1111 1855 et
1143 1802 1442 1870 reptilinm.
1483 1802 1646 1855 Sesto
1681 1804 1827 1856 enim
1856 1802 1966 1866 die,
2003 1811 2059 1855 et
2101 1803 2238 1870 ipse,
2292 1810 2348 1854 et

774 1894 880 1948 illa:
903 1904 1030 1949 sunt
1052 1904 1270 1955 creatze,
1302 1912 1409 1947 non
1434 1904 1616 1947 autem
1641 1896 1839 1948 marini
1870 1896 2068 1963 pisces,
2096 1894 2189 1962 qui
2215 1894 2345 1947 facti

773 1995 904 2039 sttut
927 1987 1015 2040 die
1045 1987 1261 2055 quinto.
1282 1986 1572 2051 Quomodo
1598 1987 1765 2041 etiam
1788 1986 2042 2039 Christus
2069 1986 2348 2039 secundus

773 2082 965 2143 Adam,
998 2093 1263 2150 cognatus
1289 2081 1630 2141 Judzcorum,
1665 2079 1811 2148 quod
1860 2080 1925 2132 ad
1954 2095 2177 2133 carnem
2218 2080 2348 2132 atti-

775 2182 887 2236 net,
912 2182 996 2227 est
1026 2190 1092 2228 ex
1122 2175 1423 2226 mansuetis
1455 2174 1561 2226 illis
1581 2173 1773 2227 bestiis
1812 2184 1868 2226 et
1900 2172 2193 2241 reptilihus
2235 2189 2346 2225 non

771 2265 1079 2325 venenatis,
1099 2281 1207 2318 non
1227 2274 1408 2319 autem
1424 2281 1489 2317 ex
1510 2266 1691 2329 nobis,
1704 2281 1898 2333 nempe
1910 2263 2346 2333 gentibus.QuOd

773 2370 999 2412 anteme
1031 2367 1172 2411 terra
1203 2358 1270 2411 sit
1299 2357 1543 2425 gentium
1570 2373 1744 2423 genus
1784 2357 2123 2421 .Iud:eorum,
2160 2372 2223 2408 ev
2265 2357 2350 2410 his

772 2450 1107 2505 ostenditur.
1137 2448 1435 2502 Didisceris
1463 2456 1648 2501 autem
1675 2447 1838 2500 etiant
1874 2462 1939 2499 ex
1970 2448 2103 2516 ipsis
2127 2447 2307 2499 verbis
2331 2466 2344 2501 :

774 2542 1042 2595 Producat
1066 2551 1208 2593 terra
1234 2539 1616 2606 quadrupedes.
1645 2539 1916 2603 Quoniam
1943 2538 1996 2591 in
2022 2546 2224 2591 terram
2252 2539 2348 2589 de-

775 2634 1020 2701 spiciunt
1076 2642 1130 2684 et
1163 2641 1382 2684 terrena
1427 2638 1715 2697 appetunt,
1742 2644 1839 2681 eos
1877 2628 1943 2680 ad
1978 2636 2141 2680 terra:
2195 2628 2351 2694 lingit

777 2724 1091 2793 imaginem,
1131 2732 1188 2775 ιιι
1217 2722 1310 2790 qui
1340 2721 1605 2788 resipiant
1640 2721 2003 2789 impietatem,
2034 2730 2089 2774 et
2116 2721 2349 2773 Incredi-

778 2822 945 2867 tatem
992 2815 1329 2880 acceperint,
1385 2822 1545 2865 terra:
1612 2812 2351 2881 latitudinem.I’rophetice

777 2916 960 2959 autem
995 2907 1247 2974 przedicit
1273 2921 1491 2974 quoque
1513 2904 1690 2957 Moses
1727 2904 1794 2957 de
1822 2920 2013 2957 eorum
2051 2904 2263 2956 furioso
2294 2913 2351 2956 et

775 2998 964 3052 Iethali
990 3013 1222 3060 veneno,
1254 3014 1350 3051 eos
1383 2998 1490 3049 alta
1517 3012 1650 3049 voce
1675 3011 1877 3048 vocans
1924 2997 2138 3064 reptilia
2176 3006 2230 3049 et
2261 2997 2353 3048 be-

777 3091 931 3144 stias.
957 3090 1228 3143 Praeterea
1256 3098 1507 3143 recenset
1542 3088 1707 3142 etiam
1759 3088 2004 3144 illorum.
2047 3090 2167 3156 ejus
2204 3089 2348 3157 quod

2448 606 2558 659 Deo
2585 607 2768 673 jussus
2801 610 3071 661 condicere
3104 612 3148 639 ³⁵
3191 628 3200 659 :
3234 611 3500 662 calamum
3548 611 3769 678 quidem
3805 613 4025 678 accepit

2444 708 2670 761 eterra,
2710 702 2989 769 myrrham
3038 712 3219 753 autem
3266 721 3295 752 e
3335 702 3492 754 mari.
3531 702 3593 755 Et
3628 702 3856 755 fortasse
3894 720 4020 770 pro-

2448 803 2631 860 pterea
2666 792 2918 845 Christus
2942 808 3161 861 quoque.
3197 809 3293 858 per
3333 794 3600 844 calamum
3626 809 3654 841 e.
3688 804 3830 845 terra
3872 793 4025 858 geni-

2448 893 2637 937 tumet
2662 886 2944 953 spongiam
2979 886 3265 939 marinam.
3292 895 3436 936 aceto
3454 887 3499 915 ’θ
3522 894 3706 953 potato
3737 884 3787 934 in
3822 898 4022 943 cruce;

2449 978 2550 1031 hoc
2575 987 2679 1039 est,
2707 978 2900 1029 mortis
2934 986 3114 1043 gustat
3138 976 3518 1029 acerbitatem.
3551 977 3682 1029 Nam
3729 977 3849 1026 dna-
3880 990 4022 1043 quo-

2446 1084 2551 1136 que
2591 1078 2780 1135 gentes
2806 1069 3222 1127 (Romanorum,
3274 1068 3513 1134 inquam,
3542 1075 3598 1117 rt
3642 1066 4019 1129 llehr:eorum)

2445 1177 2569 1212 eum
2597 1171 2769 1213 morte
2788 1160 3213 1212 eotulemnaruut
3248 1178 3259 1211 :
3286 1173 3517 1225 quorqu
3557 1166 3713 1227 typus
3737 1156 4019 1209 fuitetiam

2448 1269 2543 1319 par
2584 1253 2877 1311 latronum,
2930 1268 3126 1318 nempe
3171 1264 3219 1304 cl
3279 1253 3396 1317 eius
3446 1250 3539 1319 qui
3599 1260 3682 1303 est
3713 1251 3898 1302 salvus
3928 1266 4024 1319 per

2450 1344 2654 1406 fidem,
2709 1357 2764 1398 et
2821 1345 2992 1398 Judaei
3045 1345 3138 1412 qui
3201 1346 3343 1412 perit
3400 1361 3495 1412 per
3554 1343 4017 1395 itu-rmlulilat-tn.

2453 1438 2661 1489 llursus
2693 1447 2874 1489 autem
2908 1437 3162 1489 audimus
3191 1438 3357 1489 Ileum
3382 1436 3511 1489 .‘losi
3540 1437 3845 1502 juhenteut.
3883 1451 4021 1503 pon-

2450 1528 2612 1581 lilieis
2653 1527 2884 1580 Aarouis
2936 1527 3173 1579 tunicata
3228 1535 3519 1578 contem-re
3563 1540 3627 1577 ex
3654 1541 3899 1593 purpura
3936 1540 4023 1576 re-

2450 1628 2613 1672 torta.
2652 1620 2899 1688 Purpura
2935 1627 3115 1671 autem
3174 1626 3387 1670 constat
3418 1632 3483 1669 ex
3524 1616 3743 1668 duobus
3772 1616 4022 1668 animali-

2451 1711 2553 1764 bus
2589 1729 2601 1764 :
2633 1729 2697 1765 cx
2724 1728 2926 1771 verme,
2984 1711 3223 1780 inquam,
3257 1725 3287 1760 e
3320 1720 3460 1761 terra
3492 1709 3696 1772 genito,
3745 1717 3797 1759 et
3840 1717 4023 1759 ostreo

2452 1805 2684 1858 marino.
2737 1805 3029 1873 Propterea
3058 1820 3185 1869 ergo
3237 1818 3427 1855 rursus
3464 1801 3575 1853 duo
3607 1801 3790 1870 populi
3820 1801 3874 1852 in
3902 1817 4023 1868 pas-

2450 1900 2604 1953 sione
2665 1898 2943 1950 Christum
3008 1898 3304 1949 induerunt
3369 1894 3651 1962 chlamyde
3713 1908 4020 1961 purpurea;

2451 2001 2577 2043 ante
2603 1989 3135 2056 signiticautesquod
3176 1997 3422 2050 regnaret
3452 2002 3620 2054 super
3651 1985 3792 2038 duos
3848 2001 4023 2053 popu-

2451 2083 2532 2135 los
2547 2081 2694 2134 earni
2724 2081 2886 2132 unius
2907 2080 3145 2132 emit-stis
3185 2080 3327 2130 lieus
3360 2077 3618 2130 Verbum.
3656 2074 3811 2139 Quod
3834 2085 4020 2142 aperte

2448 2173 2613 2241 883
2671 2173 2826 2240 pritts
2867 2172 3252 2224 describelmut
3295 2170 3472 2223 czetet'i
3531 2184 3749 2236 quoque
3809 2168 4023 2219 colores

2450 2264 2679 2316 aliarum
2715 2265 2970 2325 vestium,
3002 2265 3093 2331 qui
3127 2280 3250 2315 eum
3287 2278 3524 2330 purpura
3565 2263 3617 2314 itt
3653 2262 3888 2314 Aaronis
3939 2269 3995 2312 tu

2451 2355 2572 2408 uiea
2605 2366 2734 2409 tunc
2788 2364 3175 2409 contexuntur.
3220 2355 3349 2407 t\am
3392 2354 3587 2423 byssns
3630 2353 3851 2421 quidem
3902 2368 4025 2420 qua:

2452 2455 2574 2521 plus
2602 2466 2763 2520 quant
2825 2448 2913 2500 nix
2947 2446 3198 2512 refulget,
3237 2445 3478 2497 ostendit
3534 2445 3837 2513 symbolum
3890 2442 4025 2496 lucis

2450 2562 2570 2615 quae
2603 2541 2849 2611 procedit
2874 2556 2937 2593 cv
2969 2540 3091 2591 lure
3133 2539 3224 2591 Dei
3279 2538 3440 2590 V'crhi
3481 2556 3492 2589 :
3529 2546 3794 2590 retortum
3842 2546 4023 2589 autem

2451 2636 2737 2691 coccinqu
2789 2634 2894 2686 fert
2931 2631 3215 2699 imaginem
3248 2630 3449 2687 carnis,
3482 2644 3605 2681 cum
3648 2629 3836 2696 pueris
3878 2629 4022 2681 enim

2452 2725 2929 2782 comntunicarunt
2963 2723 3112 2776 carni
3141 2734 3196 2775 et
3237 2721 3509 2790 sanguini.
3545 2719 3887 2790 llyaeintbus
3933 2736 4027 2772 au-

2452 2827 2561 2871 tem
2608 2833 2729 2885 qum
2778 2814 3005 2874 dicitur,
3056 2821 3139 2865 est
3184 2812 3439 2865 similiter
3482 2812 3685 2865 coloris
3731 2811 4022 2865 cmlestis:

2453 2910 2808 2979 quamobrem
2842 2921 2965 2957 eum
2989 2920 3208 2973 quoque
3236 2904 3475 2957 colorem
3499 2903 3708 2955 aerium
3740 2904 4027 2955 nominant

2453 3003 2546 3071 qui
2578 3002 2815 3054 serieeos
2842 3000 3055 3051 colores
3088 3005 3515 3066 persequuntur.
3580 2995 3895 3049 Invenimus
3927 3010 4023 3047 au-

2455 3104 2561 3147 tem
2597 3094 2779 3161 Magos
2812 3107 3030 3161 quoque
3090 3104 3214 3144 cum
3256 3104 3393 3142 auro
3426 3105 3456 3141 e
3493 3097 3637 3141 terra
3700 3099 3849 3147 nato,
3885 3103 4028 3157 myr-

777 3195 863 3239 cst
893 3184 1089 3236 melius
1145 3183 1567 3251 ignorationem,
1619 3182 1812 3233 dicens
1838 3197 1901 3233 ea
1933 3183 2206 3249 juntenta.
2242 3181 2348 3232 Sed
2379 3199 2424 3261 ρ
2457 3194 2609 3237 rltam
2640 3184 2803 3237 etiaat
2831 3181 3095 3233 marinam
3144 3179 3408 3232 obtulisse
3451 3178 3693 3232 Christo.
3741 3178 4027 3243 Quomodo

779 3278 925 3345 quod
977 3277 1047 3329 ab
1101 3277 1357 3329 Ilahacuc
1401 3275 1670 3344 propheta
1707 3274 1912 3327 dicitur
1955 3274 2023 3327 de
2074 3274 2296 3326 Christo
2335 3291 2348 3326 :

778 3369 842 3421 In
893 3369 1062 3422 medio
1098 3370 1318 3420 duorum
1371 3367 1687 3419 mtimalimu
1733 3367 2056 3433 cognosceris
2075 3367 2142 3429 ”,
2180 3366 2231 3418 id
2264 3382 2353 3418 sa-

779 3458 998 3527 pientes
1034 3459 1222 3511 Patres
1256 3457 1539 3525 aceipiunt
1562 3456 1630 3509 de
1663 3456 1878 3508 duobus
1921 3456 2138 3524 populis
2165 3472 2177 3507 :
2209 3455 2353 3507 Duo—

780 3567 899 3602 rum
944 3550 1282 3608 animalium,
1329 3549 1482 3618 quasi
1520 3548 1691 3609 dicas,
1750 3549 1912 3601 unius
1954 3549 2139 3617 populi
2184 3559 2356 3602 terre-

780 3640 931 3697 stris,
954 3639 1181 3691 alterius
1203 3638 1422 3691 marini.
1450 3638 1514 3689 Et
1532 3638 1690 3705 plane
1714 3638 1820 3690 hoc.
1840 3639 1999 3690 modo
2021 3639 2209 3698 Evam,
2234 3654 2355 3705 qua:

779 3738 866 3783 est
899 3729 1067 3798 figura
1109 3729 1370 3783 Ecclesia:
1394 3729 1602 3782 Christi
1630 3746 1693 3783 ex
1727 3731 2005 3799 gentibus.
2062 3732 2206 3784 Deus
2246 3747 2355 3784 non

782 3816 913 3868 fecit
938 3831 1004 3868 ex
1034 3824 1178 3869 terra
1209 3816 1354 3869 unde
1389 3817 1543 3869 tinxit
1570 3818 1765 3881 Adam,
1809 3820 2071 3887 quoniam
2106 3820 2355 3874 Ecclesia

782 3923 892 3960 nou
921 3916 1006 3960 est
1027 3915 1278 3975 cognata,
1314 3908 1409 3961 sed
1435 3908 1641 3962 diversi
1678 3910 1895 3978 generis
1920 3912 2251 3981 hospesque,
2299 3922 2356 3967 et

782 3997 960 4051 aliena
993 4015 1022 4051 a
1054 3998 1278 4061 Iudaeis,
1306 3999 1397 4067 qui
1431 4016 1540 4052 non
1575 4009 1702 4053 sunt
1729 4001 2015 4055 benedicta
2052 4002 2308 4056 animalia
2340 4021 2352 4056 :

786 4098 846 4142 ut
879 4106 999 4157 qute
1029 4090 1101 4142 sit
1135 4107 1198 4142 ex
1222 4091 1512 4159 reptililuts
1540 4102 1596 4145 et
1646 4092 1963 4146 volucribus
2013 4095 2182 4148 maris
2234 4111 2357 4164 qua:

783 4194 1115 4252 acceperunt
1142 4186 1235 4237 Dei
1267 4186 1729 4239 benedictionem.

854 4274 1010 4338 Quod
1041 4277 1085 4328 si
1111 4276 1276 4328 alacri
1306 4287 1361 4329 et
1385 4280 1590 4344 patenti
1616 4279 1801 4332 animo
1834 4280 1901 4333 iis
1930 4298 2050 4350 qua:
2095 4282 2357 4337 dicuntur

787 4382 950 4419 aures
974 4367 1238 4434 prtebeas,
1268 4384 1300 4419 o
1322 4367 1709 4438 auditor,qu:e
1733 4370 1802 4424 de
1838 4372 1924 4425 bis
1945 4373 2164 4427 duobus
2186 4391 2359 4444 popu-

787 4457 857 4511 lis
889 4448 1150 4511 dicuntur
1188 4460 1277 4527 (de
1310 4462 1582 4524 terrestri,
1609 4463 1856 4532 inquam,
1889 4474 1946 4518 et
1977 4467 2234 4535 marino),
2256 4469 2353 4522 tibi

788 4550 1038 4618 probabo
1080 4561 1135 4604 et
1174 4569 1239 4604 ex
1277 4554 1572 4621 graphicis,
1619 4564 1675 4608 et
1712 4556 1945 4611 diversis
1990 4568 2100 4612 tam
2143 4560 2357 4616 Veteris
2390 4535 2433 4589 θ

787 4657 951 4708 quam
974 4643 1108 4696 Novi
1137 4643 1473 4699 Testamenti
1511 4645 2095 4704 demonstrationibus.
2136 4651 2353 4705 Etenim

791 4732 1006 4786 sullitus
1060 4750 1154 4787 seu
1202 4736 1509 4801 incensum,
1574 4738 1720 4808 quod
1769 4741 1933 4809 jussit
1980 4741 2126 4796 Deus
2171 4743 2359 4799 Mosen

791 4824 1062 4879 conficere
1100 4828 1427 4897 (significans
1464 4834 1720 4886 unionem
1746 4842 1801 4887 et
1820 4833 2137 4889 Judamrum
2155 4846 2211 4889 et
2232 4852 2363 4906 gen-

794 4915 929 4970 tiqu
964 4918 1329 4984 credentium,
1358 4940 1493 4991 quas
1524 4925 1669 4980 Deus
1710 4935 1795 4981 est
1831 4928 2097 4983 odoratus
2144 4942 2199 4984 et
2234 4932 2358 4985 fuc-

795 5020 926 5064 runt
946 5012 995 5065 ei
1024 5012 1077 5065 in
1106 5013 1330 5069 odorem
1362 5019 1816 5087 suaveolentem),
1849 5022 1966 5092 lege
1989 5024 2278 5080 constituit
2299 5036 2362 5081 ut

792 5104 913 5173 ejus
941 5107 1266 5173 compositio
1290 5107 1445 5162 fieret
1464 5125 1529 5163 ex
1564 5119 1709 5166 terra
1738 5125 1790 5167 et
1822 5115 1975 5167 mari.
1997 5114 2179 5171 Staete
2211 5118 2359 5173 enim

793 5204 979 5250 ortum
1036 5197 1200 5252 habet
1252 5216 1318 5255 ex
1383 5211 1549 5266 terra,
1608 5220 1751 5275 onyx
1810 5215 1993 5261 autem
2045 5219 2258 5265 constat
2294 5228 2361 5266 ex

796 5286 959 5340 mari.
980 5285 1243 5343 Similiter
1267 5293 1430 5345 etiam
1454 5292 1614 5348 Mosis
1631 5306 1970 5365 unguentum
1992 5300 2159 5367 (quod
2182 5300 2359 5371 ipsum

796 5393 1015 5446 quoque
1045 5379 1184 5434 duos
1202 5383 1808 5456 significabatpopulos)
1845 5404 1910 5442 ex
1976 5390 2177 5446 dilecto
2224 5393 2361 5448 Filio

797 5472 1022 5524 omnino
1058 5474 1313 5537 effusum,
1350 5480 1735 5534 convenienter
1784 5482 1834 5535 ei
1882 5482 1975 5550 qui
2032 5483 2215 5539 dicit:
2252 5485 2359 5540 Uu-

798 5570 1045 5615 auentum
1074 5565 1287 5633 effusum
1311 5566 1553 5622 “dilecti
1579 5570 1682 5623 mei
1722 5589 1733 5622 :
1772 5586 1837 5625 ex
1866 5571 1987 5641 ipso
2009 5575 2153 5629 enim
2184 5583 2239 5629 et
2264 5592 2360 5645 per

869 5767 917 5799 ”
936 5766 1131 5825 llabac.
1163 5788 1237 5835 Ill,
1266 5776 1320 5828 Ξ.

1396 5774 1440 5803 ’⁸
1466 5773 1623 5831 Cant.
1673 5775 1712 5841 l,
1769 5778 1819 5831 Ξ.

803 5849 879 5902 xt,
926 5839 978 5894 8.

1900 5781 1943 5813 "
1967 5780 2137 5836 Exod.
2184 5799 2306 5846 xu.
2329 5783 2417 5839 25.

2455 3276 2584 3328 olim
2612 3289 2829 3344 quoque
2860 3272 2971 3325 duo
2997 3273 3070 3325 illi
3110 3272 3343 3324 duorum
3391 3271 3717 3340 populorum
3757 3270 3894 3340 typi,
3937 3270 4028 3323 Jo—

2456 3367 2587 3435 seplt
2615 3374 2671 3419 et
2708 3362 3059 3425 Nicodetuus,
3086 3360 3304 3415 duobus
3345 3364 3682 3415 aromatihus
3734 3361 4025 3429 (terrestri,

2456 3457 2698 3522 inquam,
2734 3454 2872 3513 aloe,
2899 3462 2954 3506 ct
2998 3451 3206 3505 marina
3260 3451 3502 3523 myrrha)
3531 3452 3716 3506 Iesum
3762 3452 4030 3521 sepelien-

2456 3549 2586 3601 dum
2622 3547 2994 3600 involverunt.

2524 3640 2661 3694 Cum
2695 3656 2761 3693 ex
2796 3640 2985 3692 multis
3014 3654 3145 3707 ergo
3174 3638 3603 3707 probationibus
3631 3638 4031 3707 periphrastice

2456 3733 2839 3791 didicerimus.
2866 3728 3078 3783 marina
3107 3738 3163 3783 et
3187 3744 3217 3782 e
3250 3739 3396 3783 terra
3429 3742 3549 3783 nata
3586 3730 3886 3783 animantia
3915 3745 4029 3783 esse

2456 3826 2772 3893 evidentem
2813 3832 2999 3894 typum
3032 3823 3267 3876 duorum
3302 3823 3658 3892 populorum;
3692 3837 3920 3875 necesse
3950 3828 4031 3873 est

2456 3919 2621 3971 etiam
2655 3917 2839 3969 dicere
2876 3927 3099 3983 prepter
3128 3930 3269 3983 quas
3303 3929 3497 3968 causas
3532 3929 3658 3982 grex
3695 3922 3843 3966 terra
3878 3913 4031 3982 geni-

2461 4022 2547 4066 tus
2590 4012 2953 4065 animantium
3000 4008 3234 4077 (populi,
3267 4007 3509 4074 inquam,
3544 4006 3732 4072 Israel)
3779 4021 3889 4058 non
3931 4004 4031 4056 fuit

2458 4104 2736 4173 particeps
2763 4102 2915 4171 paris
2940 4097 3352 4153 benedictionis
3381 4098 3541 4163 cujus
3567 4097 3750 4165 pisces
3778 4096 4031 4164 gentiles,

2457 4207 2513 4251 ct
2551 4212 2671 4265 qua!
2714 4205 2841 4250 sunt
2879 4211 2943 4247 ex
2981 4193 3063 4247 eis
3097 4193 3371 4245 volucres.
3407 4191 3473 4244 Et
3509 4190 3746 4257 primum
3784 4188 4029 4254 quidem,

2458 4302 2750 4360 propterea
2774 4287 2921 4358 quod
2955 4302 3062 4339 non
3094 4294 3224 4339 sunt
3253 4281 3509 4353 baptizati
3534 4322 3548 4343 ,
3583 4290 3779 4334 et-non
3808 4278 4033 4333 fuerunt

2458 4381 2812 4451 congenerati
2870 4394 2995 4433 cum
3054 4391 3192 4445 aqua
3246 4383 3302 4429 ct
3354 4373 3549 4443 spiritu
3604 4371 3696 4441 qui
3753 4371 4033 4424 ferebatur

2461 4491 2628 4544 super
2666 4487 2862 4542 aquam
2895 4488 2908 4523 :
2940 4468 3181 4523 secunda
3210 4474 3393 4519 autem
3427 4478 3592 4519 causa
3619 4472 3845 4532 propter
3869 4478 4031 4532 quant

2460 4566 2658 4638 privati
2715 4572 2843 4617 sunt
2888 4560 3307 4622 benedictione;
3360 4556 3621 4627 quoniam
3670 4556 3724 4609 in
3777 4556 3861 4609 eis
3912 4566 4035 4609 erat

2460 4670 2717 4725 serpens,
2752 4655 2880 4709 Eva:
2922 4652 3028 4722 (vel
3074 4651 3257 4719 potius
3295 4658 3499 4703 sanetae
3538 4648 3819 4716 Ecclesiae)
3862 4647 4035 4701 hostis

2461 4759 2516 4804 et
2547 4748 2861 4809 insidiator,
2889 4753 2944 4798 et
2973 4743 3193 4797 futurus
3225 4749 3344 4796 erat
3377 4741 3649 4794 obnoxius
3682 4740 3759 4793 illi
3797 4741 4033 4795 terribili

2461 4840 2665 4895 Christi
2713 4836 3106 4893 exsecrationi.
3157 4834 3470 4888 Invenimus
3518 4841 3698 4885 autem
3756 4832 3927 4885 Deum
3976 4834 4029 4886 in

2464 4932 2725 4985 universa
2755 4929 3040 4997 Scriptura
3072 4926 3226 4997 legis,
3258 4940 3380 4979 cum
3411 4940 3505 4977 ore
3536 4923 3763 4993 proprio
3792 4924 4029 4993 aliquem

2465 5023 2860 5084 benedixisset,
2879 5031 2935 5075 et
2954 5035 3078 5075 eum
3102 5027 3292 5089 postea
3313 5027 3463 5073 esset
3478 5023 3819 5081 exsecratus;
3848 5017 4032 5071 nescio

2466 5133 2535 5170 an
2564 5131 2675 5171 non
2703 5130 2826 5168 cum
2862 5114 3043 5182 aliqua
3069 5110 3425 5165 distinctione
3450 5107 3667 5163 dederit
3690 5107 4028 5163 benedictio-

2465 5222 2592 5261 nem
2633 5223 2647 5259 :
2681 5204 2959 5275 quomodo
3001 5203 3056 5256 in
3101 5202 3300 5256 Israele
3332 5199 3468 5254 dicit
3497 5210 3553 5254 et
3585 5198 3880 5254 Salomone
3920 5217 3935 5252 τ
3975 5198 4029 5253 Si

2467 5297 2816 5352 wstodieritis
2847 5301 3105 5366 prtrcepta
3133 5309 3251 5347 mea
3282 5301 3333 5345 et
3355 5276 3765 5362 justiﬁeationes
3798 5308 3944 5346 mea:
3964 5293 4027 5344 ¹’.

2466 5390 2795 5445 Przesciebat
2825 5387 2973 5442 enim
3010 5387 3256 5440 futurum
3291 5392 3351 5438 ut
3387 5392 3620 5453 uterque
3666 5384 3746 5453 (et
3798 5384 4029 5438 maxime

2465 5483 2668 5552 Israel)
2699 5483 2915 5537 divinas
2940 5482 3090 5551 leges
3128 5488 3274 5535 esset
3301 5479 3611 5533 aboliturus
3638 5486 3695 5532 et
3719 5486 4028 5549 transgres-

2464 5593 2658 5641 surus,
2690 5587 2745 5631 et
2777 5574 2996 5629 futurus
3025 5579 3175 5628 esset
3202 5570 3477 5627 obnoxius
3507 5571 3614 5625 illis
3649 5568 4027 5625 innumerabi-

2518 5783 2561 5816 "
2597 5780 2735 5836 I‘sal.
2775 5794 2953 5843 ιιι-ιιι,
2982 5777 3084 5843 22;
3137 5776 3323 5832 Matth.
3376 5789 3535 5839 xxvtt,
3586 5774 3673 5829 48.
3780 5774 3829 5807 ’⁷
3871 5772 4024 5827 Deut.
