4186 6442
814 403 913 467 931

2000 400 2060 455 S.
2104 393 2495 454 ANASTASII
2537 395 2603 453 Sl
2617 394 2709 453 ΝΛ
2724 392 2861 451 lT/E

3946 394 4045 455 93?.

811 518 961 571 dicta
998 524 1084 570 est
1118 511 1437 585 pluraliter;
1472 512 1738 574 divinam,
1772 511 1992 580 inquam
2011 551 2026 571 ,
2067 509 2383 579 signiﬁcans
2414 511 2453 563 A
2483 524 2619 566 mus,
2649 507 2897 574 quoniam
2920 506 3199 558 videbimus
3224 520 3341 555 cum
3370 505 3501 556 sicut
3528 515 3601 557 cst
3620 505 3687 558 ³⁸.
3712 504 3876 559 Vides
3904 508 4047 574 quod

811 610 1174 669 Trinitatem,
1223 605 1415 660 dicens
1465 606 1517 659 in
1572 606 1687 657 sola
1740 604 1978 657 hominis
2030 602 2305 655 creatione
2358 617 2371 651 :

813 700 1092 755 Faciamus
1135 701 1400 752 hominem
1447 696 1515 749 ad
1559 696 1845 765 imaginem
1892 705 1939 747 et
1976 694 2376 747 similitudinem

814 798 1085 854 nostram;
1122 788 1350 857 perinde
1389 801 1452 840 ac
1492 786 1671 840 tribus
1708 785 1941 839 diversis
1987 784 2238 854 personis
2276 784 2377 836 ho-

814 883 1048 945 minum,
1082 882 1130 934 si
1170 882 1243 935 ita
1282 880 1445 933 liceat
1483 879 1689 942 dicere,
1726 895 1791 931 ex
1831 879 2109 931 communi
2147 877 2377 930 consilio

811 983 869 1028 et
904 988 1175 1028 consensu
1220 970 1673 1025 construentihus
1713 970 1949 1038 aliquam
1992 969 2281 1038 imaginem
2323 978 2378 1021 et

812 1066 1200 1128 simulacrum,
1237 1071 1296 1117 et
1335 1077 1660 1131 unaquaque
1702 1060 1935 1115 faciente
1986 1061 2039 1113 in
2085 1060 2377 1114 simulacro

812 1160 1050 1228 aliquam
1096 1157 1372 1225 propriam
1415 1153 1831 1207 similitudinem
1870 1152 2099 1222 elﬁgiem
2139 1162 2195 1205 et
2236 1154 2375 1220 ligu-

812 1268 946 1315 ram,
981 1260 1041 1304 nt
1080 1252 1153 1305 sit
1192 1250 1243 1303 iti
1286 1265 1349 1301 ea
1392 1248 1446 1301 id
1490 1247 1635 1317 quod
1677 1247 1913 1305 videtur,
1943 1244 2284 1313 eorporalins
2319 1254 2374 1298 et

809 1344 1070 1398 crassius.
1100 1344 1253 1403 Erat,
1282 1341 1523 1410 inquam,
1550 1341 1773 1393 alterius
1810 1339 2029 1407 quidem
2071 1355 2136 1391 ei.
2174 1338 2375 1391 divinis

810 1433 1117 1487 artiﬁcibus
1169 1433 1435 1495 altitudo,
1506 1433 1733 1485 alterius
1781 1444 1962 1483 autem
2015 1431 2278 1491 tatitudo,
2323 1438 2379 1481 et

812 1523 1038 1576 alterius
1070 1523 1435 1591 profunditas.
1462 1523 1552 1574 Sic
1581 1523 1726 1574 enim
1756 1531 1839 1575 est
1869 1523 2088 1590 proprie
2120 1524 2297 1592 imago
2323 1530 2379 1575 et

811 1615 1163 1667 simulacrum
1193 1614 1259 1666 ad
1292 1612 1674 1675 imitationem,
1702 1612 1953 1679 ﬁguram,
1977 1622 2033 1666 et
2058 1614 2371 1681 imaginem,

810 1705 1154 1758 diversorum
1205 1703 1476 1756 artiﬁcum
1534 1701 1709 1771 ipsius
1759 1702 1922 1755 unius
1972 1713 2029 1756 et
2076 1702 2375 1755 individuze.

813 1798 978 1850 unius
1020 1807 1076 1850 et
1117 1795 1289 1848 solius
1328 1794 1424 1847 Dei
1464 1795 1715 1847 essentia:
1761 1801 1816 1845 et
1865 1802 2070 1847 natura:
2118 1810 2132 1846 :
2180 1794 2375 1847 anima:

2484 607 2607 666 post
2639 608 2885 651 sanetum
2922 597 3187 665 baptisma
3222 595 3358 648 dicit
3400 596 3563 648 vitam
3595 612 3715 663 qua:
3746 612 3812 650 ex
3846 598 4049 652 virtute

2484 690 2662 757 agitur
2701 704 2963 758 generare
3005 689 3151 758 quod
3193 696 3277 741 est
3314 689 3378 740 ad
3425 687 3860 741 similitudinem.
3892 690 4048 754 Quod

2484 782 2702 849 quidem
2731 782 2775 836 si
2806 782 2971 837 fuerit
2998 783 3398 835 manifestatum
3428 781 3481 834 in
3508 780 3695 839 corde,
3720 782 3873 835 illum
3901 785 4051 836 vide-

2486 874 2614 926 bitis
2646 875 2698 926 in
2732 874 2849 942 ipso
2882 874 2930 927 ei
2969 872 3308 926 conformato
3340 881 3396 924 et
3427 873 3747 935 assimilato,
3779 884 4049 941 quantum

2484 966 2627 1032 capit
2650 974 2705 1017 et
2732 974 2911 1033 potest
2938 965 3120 1016 homo.

2556 1054 2707 1107 [inde
2738 1057 2902 1108 etiam
2932 1056 3035 1109 hoc
3067 1057 3275 1124 accepit
3302 1055 3522 1124 quidam
3554 1071 3619 1109 ex
3646 1057 3890 1111 externis
3918 1058 4051 1111 insi—

2489 1146 2767 1215 pientibus
2794 1150 3134 1217 philosophis
3163 1164 3227 1201 cx
3278 1159 3459 1201 nostra
3504 1149 3691 1202 divina
3742 1152 4046 1218 Scriptura,

2488 1233 3101 1304 dicensphilosophiam
3140 1252 3259 1289 esse
3301 1238 3878 1292 Deoassimilationem
3915 1259 4049 1309 quo.

2486 1325 2552 1377 ad
2587 1328 2706 1393 ejus
2741 1328 2854 1379 ﬁeri
2892 1339 3073 1397 potest
3106 1330 3172 1381 ab
3207 1329 3456 1390 homine,
3488 1347 3611 1383 cum
3656 1331 3794 1384 hanc
3836 1350 4045 1385 sacram

2484 1416 2772 1470 Mosaieam
2808 1421 3109 1487 aspexisset
3144 1422 3478 1489 Seripturani
3513 1438 3633 1489 qua:
3666 1424 3827 1485 dicit,
3862 1424 4050 1476 Facia-

2485 1520 2600 1555 mus
2625 1506 2879 1557 hominem
2910 1508 2979 1557 ad
3004 1509 3282 1576 imaginem
3306 1519 3351 1560 et
3372 1510 3766 1564 similitudinem
3789 1524 4045 1575 nostram,

2484 1602 2531 1645 et
2553 1596 2769 1663 imperet
2801 1597 3018 1664 piscibus
3048 1601 3232 1662 maris,
3251 1611 3299 1651 et
3328 1601 3615 1655 volucribus
3641 1606 3774 1666 ca'li,
3801 1615 3849 1656 et
3879 1610 4049 1659 omni-

2485 1685 2577 1738 bus
2621 1688 2888 1755 reptilibus
2934 1706 3049 1759 qua:
3098 1702 3283 1759 repunt
3326 1710 3482 1762 super
3527 1702 3747 1747 terram.
3793 1699 3929 1750 Cum
3980 1698 4047 1750 ad

2487 1777 2632 1830 hunc
2679 1781 2858 1834 locum
2905 1782 3336 1850 pervenerimus.
3368 1797 3677 1854 opportune
3717 1789 3879 1840 nobis
3919 1799 4051 1841 sunt

811 1889 1055 1958 quidem,
1076 1886 1143 1939 ad
1172 1887 1463 1955 imaginem
1489 1885 1582 1938 Dei
1611 1894 1665 1936 et
1692 1884 1889 1945 Patris,
1909 1885 2186 1953 quomodo
2212 1886 2375 1938 etiam
2414 1866 2453 1919 Β

2414 1866 2453 1919 Β
2487 1871 2753 1925 laudanda
2792 1888 2855 1926 ac
2897 1874 3224 1928 celebranda
3261 1878 3662 1945 sapientissima
3696 1890 3750 1932 et
3786 1881 4048 1935 illustris-

813 1982 967 2049 prius
993 1979 1400 2031 nominavimus
1426 1977 1479 2028 in
1507 1976 1723 2029 duobus
1750 1977 1908 2027 libris
1936 1992 2077 2044 quos
2103 1976 2378 2029 edidimus

811 2072 879 2124 de
924 2070 1337 2124 constructione
1390 2068 1629 2120 hominis
1683 2084 1697 2119 :
1744 2068 1993 2120 llationis
2021 2077 2226 2129 autem,
2278 2083 2374 2120 seu

811 2161 966 2215 verbi
1019 2160 1262 2220 interni,
1311 2158 1457 2226 quod
1516 2156 1779 2210 describit
1829 2172 1892 2209 ac
1943 2156 2150 2225 ellingit
2208 2158 2375 2209 Deum

811 2254 1049 2309 Verbum
1090 2269 1117 2305 a
1158 2253 1267 2305 Deo
1307 2251 1585 2318 genitum;
1632 2250 1831 2302 mentis
1872 2257 2078 2310 autem,
2112 2264 2233 2317 qua:
2272 2248 2380 2301 fert

813 2346 1103 2413 imaginem
1157 2343 1332 2396 sancti
1390 2342 1648 2410 Spiritus.
1693 2340 1828 2393 Cum
1883 2355 1983 2393 nos
2034 2346 2217 2391 autem
2272 2338 2377 2391 ali-

811 2436 1031 2506 quando
1077 2435 1217 2487 hanc
1255 2450 1442 2486 vocem
1486 2433 1862 2501 proferremns
1904 2431 2047 2500 apud
2085 2429 2375 2499 quemdam

812 2544 878 2580 ιν(
924 2527 1204 2589 -Ιιειπιείε,
1250 2527 1433 2579 multa:
1483 2524 1650 2595 884
1700 2526 1846 2577 enim
1895 2533 1951 2577 et
1997 2537 2377 2592 szepcnuincro

811 2633 935 2670 cum
979 2632 1169 2669 eorum
1211 2631 1408 2685 genere
1449 2628 1581 2669 orta:
1624 2615 1782 2667 nobis
1823 2624 1953 2668 sunt
1987 2614 2377 2668 controversia:

811 2722 874 2759 ac
923 2705 1394 2759 contradictiones
1449 2706 1637 2774 (plane
1688 2704 2151 2773 extemporales),
2186 2714 2375 2757 contra

811 2798 952 2851 dixit
1000 2797 1319 2867 improbus,
1370 2814 1548 2865 regem
1594 2797 1829 2865 aliquem
1877 2796 1952 2863 (et
1994 2798 2037 2849 si
2087 2797 2159 2850 sit
2203 2795 2374 2863 solus)

813 2905 973 2957 posse
1009 2890 1194 2943 dicere
1236 2890 1367 2943 illtid
1402 2908 1414 2941 ε
1458 2889 1771 2952 Faciamus;
1813 2898 1870 2942 et
1908 2888 2063 2949 illud,
2094 2888 2373 2941 Jussimus.

811 2984 947 3036 Cum
982 2994 1163 3036 autem
1201 2997 1303 3035 nos
1336 2983 1775 3034 oceurrisscinns
1807 2992 1864 3036 ct
1894 2980 2224 3034 dixissemus
2259 2996 2271 3031 :
2311 2978 2377 3032 Et

812 3090 912 3127 cur
944 3086 1069 3127 ante
1108 3073 1441 3127 creationem
1474 3072 1714 3125 hominis
1737 3088 1842 3124 non
1874 3072 2121 3125 cernitur
2147 3072 2290 3124 Dens
2320 3070 2374 3122 in

812 3167 995 3234 aliqua
1035 3165 1139 3217 alia
1183 3165 1543 3231 (quaecunque.
1579 3178 1641 3215 ea
1673 3163 1766 3231 sit)
1802 3171 2053 3215 creatura
2090 3177 2222 3215 usus
2253 3177 2376 3215 esse

816 3258 920 3310 hoe
940 3257 1130 3315 verbo,
1163 3255 1472 3317 Faciamus;
1491 3266 1547 3307 et
1566 3254 1768 3307 dixisse
1793 3253 1894 3307 nisi
1918 3254 1972 3306 in
1996 3254 2114 3306 solo
2137 3253 2375 3315 homine,

814 3358 871 3405 et
898 3366 1090 3403 rursus
1125 3348 1177 3401 in
1213 3348 1441 3401 muliere
1471 3364 1591 3415 quae
1624 3356 1810 3414 postea
1840 3346 1944 3399 fuit
1968 3346 2131 3408 facta,
2159 3345 2379 3413 quando

815 3442 981 3503 dixit,
1014 3439 1293 3493 Faciamus
1333 3441 1377 3490 ei
1422 3440 1747 3507 adjutorium
1783 3454 1799 3490 :
1829 3438 1894 3489 ad
1932 3438 2044 3490 htec
2080 3437 2227 3488 nulla
2261 3444 2380 3489 erat

816 3548 921 3587 vox
950 3532 1158 3595 Judtei,
1191 3546 1367 3599 neque
1404 3544 1594 3581 rursus
1629 3528 2014 3582 contradictio.
2048 3526 2187 3581 Fieri
2231 3528 2377 3580 enirn

817 3638 925 3676 non
970 3630 1152 3690 potest
1192 3632 1252 3673 ut
1292 3621 1363 3673 sit
1402 3620 1569 3677 homo
1612 3618 1677 3672 ad
1719 3619 2004 3687 imaginem
2050 3634 2239 3671 eorum
2286 3618 2379 3686 qui

818 3716 1035 3768 dicunt:
1072 3714 1345 3767 Faciamus
1375 3715 1632 3764 hominem
1661 3712 1729 3763 ad
1756 3713 2035 3779 imaginem
2067 3720 2113 3762 ct
2135 3711 2383 3763 similitu-

818 3806 994 3859 dinem
1024 3816 1291 3868 nostram;
1325 3802 1425 3857 nisi
1455 3805 1587 3856 ferat
1622 3802 1675 3856 in
1705 3818 1762 3855 se.
1795 3804 2030 3871 aliquam
2060 3804 2221 3856 aliam
2257 3819 2382 3871 pro-

820 3897 995 3966 priam
1038 3896 1265 3965 ﬁguram
1309 3903 1404 3948 aut
1447 3894 1675 3961 elligiem
1719 3893 2147 3962 uniuscujusque
2186 3892 2380 3945 horum

819 3984 1113 4040 a:tiﬁcum.
1150 3985 1304 4039 Unde
1342 3984 1393 4036 id
1430 3984 1650 4051 quidem
1685 3983 1829 4051 quod
1874 3992 1958 4037 est
1989 3982 2057 4036 ad
2094 3983 2379 4051 imaginem

821 4075 1141 4135 Trinitatis,
1183 4074 1237 4125 in
1280 4073 1515 4126 essentia
1557 4072 1892 4140 incorporea:
1932 4081 1990 4125 et
2031 4071 2383 4140 intelligentis

819 4176 877 4222 et
918 4167 1162 4220 materia:
1204 4165 1445 4234 expertis
1486 4175 1541 4217 et
1583 4163 2151 4232 incomprehensibilis
2189 4164 2382 4217 animm

822 4266 1056 4321 nostrae;
1108 4272 1298 4309 omnes
1367 4251 1616 4309 homines
1669 4255 1930 4308 habemus
1982 4255 2255 4309 similiter.
2326 4255 2381 4309 ld

821 4356 1005 4401 autem
1035 4346 1180 4415 quod
1211 4355 1294 4399 est
1322 4346 1391 4398 ad
1419 4345 1833 4409 similitudinem,
1861 4345 1898 4398 ii
1930 4346 2029 4398 soli
2060 4346 2262 4399 habent
2287 4345 2381 4415 qui

822 4439 1036 4508 seipsos
1072 4446 1393 4492 recrearnnt
1425 4453 1487 4489 ea
1517 4437 1641 4490 vita:
1673 4436 2015 4490 institutione
2048 4452 2168 4505 quae
2201 4447 2286 4490 est
2315 4452 2381 4490 ex

2486 1964 2621 2016 sima
2662 1980 2691 2017 a
2737 1966 2847 2018 Deo
2889 1967 3014 2020 data
3056 1969 3384 2023 sanctissimi
3434 1970 3673 2040 Spiritus
3718 1973 3965 2041 eloquia,
3995 1985 4052 2027 et

2484 2057 2783 2111 dicendum
2818 2079 2829 2112 :
2864 2060 3099 2114 Lucerna
3132 2063 3341 2130 pedibus
3378 2063 3634 2118 Ecclesia:
3669 2080 3860 2118 revera
3891 2075 4051 2119 estet

2486 2148 2589 2210 (ex,
2621 2149 2796 2203 lumen
2829 2154 3026 2205 semitis
3051 2157 3091 2185 ³⁸
3121 2154 3342 2208 nostris.
3371 2154 3673 2209 Audiamus
3702 2156 3849 2208 enim
3885 2174 4050 2224 quam

2486 2258 2677 2310 magna
2724 2255 2780 2299 et
2822 2261 2986 2313 quain
3035 2247 3477 2316 inexpugnabilia
3523 2249 3669 2301 Deus
3713 2249 3841 2301 hinc
3891 2251 4053 2303 nobis

2484 2337 2784 2390 confecerit
2824 2353 2973 2391 arma
3014 2338 3278 2392 adversus
3316 2339 3535 2394 Judteos
3569 2349 3625 2394 et
3669 2341 3961 2400 Barbaros.
3996 2351 4052 2395 et

2485 2429 2878 2491 Saniaritanos,
2896 2430 2989 2497 qui
3019 2428 3339 2498 discerpunt
3360 2438 3413 2483 et
3441 2430 3679 2487 illudunt
3708 2432 3868 2486 ﬁdem
3890 2433 4051 2487 Chri-

2483 2522 2811 2584 stianorum,
2844 2529 2902 2574 ut
2930 2537 3051 2590 qua:
3077 2530 3188 2574 tres
3213 2520 3345 2574 deos
3378 2522 3542 2583 colat,
3571 2534 3808 2577 sanctam
3843 2538 3898 2577 et
3927 2542 4051 2592 quze

2484 2613 2645 2665 simul
2673 2612 2917 2681 ejusdem
2936 2613 3273 2666 sitessentite
3296 2611 3646 2667 Trinitatem.
3668 2614 3804 2667 Nam
3823 2633 3946 2669 cum
3973 2619 4052 2671 di-

2483 2712 2569 2756 cat
2584 2703 2866 2770 Scriptura
2883 2701 3020 2755 duas
3035 2717 3295 2770 personas
3315 2702 3549 2772 (Adami,
3570 2703 3811 2772 inquam,
3833 2716 3887 2759 et
3908 2705 4049 2774 lii-re)

2483 2808 2603 2846 esse
2631 2808 2797 2846 unum
2831 2799 3006 2845 solum
3034 2792 3313 2846 hominem
3347 2803 3402 2847 et
3431 2809 3540 2846 non
3574 2795 3733 2857 duos,
3766 2798 4052 2851 convinci-

2484 2900 2606 2937 mus
2631 2883 2975 2937 adversarios
2999 2883 3263 2945 veritatis,
3288 2884 3417 2953 quia
3447 2885 3523 2953 (in
3559 2887 3732 2940 tribus
3765 2889 4047 2959 Personis)

2482 2975 2703 3045 hymnis
2732 2981 2789 3028 et
2812 2975 3066 3028 laudibus
3095 2974 3403 3028 celebratur
3429 2976 3592 3040 Deus,
3621 2994 3759 3031 unus
3786 2990 3872 3034 est
3906 2983 4050 3035 Dens

2480 3074 2536 3121 et
2568 3081 2678 3120 non
2714 3074 2847 3128 tres,
2874 3075 3099 3134 propter
3126 3065 3372 3133 ejusdem
3404 3066 3565 3120 simul
3601 3069 3852 3124 essentia:
3887 3082 4051 3125 natu-

2484 3172 2598 3212 rain
2633 3175 2645 3210 :
2678 3157 2955 3226 quomodo
2986 3157 3150 3210 etiam
3183 3157 3237 3209 in
3266 3156 3474 3210 Adamo
3503 3169 3557 3211 et
3591 3159 3718 3212 Eva.
3751 3162 3883 3215 Nam
3922 3179 4052 3232 prc-

2483 3260 2601 3319 pter
2625 3248 3004 3317 cognationem
3031 3258 3089 3301 et
3111 3248 3360 3301 eamdem
3385 3249 3546 3302 simul
3574 3253 3894 3316 essentiam,
3916 3254 4045 3307 audi

2480 3340 2937 3409 quemadmodum
2966 3349 3024 3393 et
3049 3340 3197 3407 ipsos
3220 3338 3275 3391 in
3302 3340 3612 3393 universam
3638 3342 3831 3395 mundi
3859 3344 4050 3398 huma-

2480 3433 2738 3493 nitatem,
2786 3448 2953 3485 unum
3005 3432 3285 3484 hominem
3334 3431 3481 3485 Deus
3522 3432 3775 3485 nominet
3817 3433 4045 3500 dicens;

2480 3523 2760 3577 Faciamus
2807 3524 3065 3576 hominem
3111 3525 3179 3574 ad
3225 3522 3507 3591 imaginem
3555 3532 3603 3575 et
3645 3524 4047 3579 similitudinem

2482 3626 2738 3678 nostram,
2774 3625 2822 3668 et
2866 3618 3123 3684 imperent
3162 3630 3180 3667 :
3223 3614 3384 3676 duos,
3422 3630 3588 3667 unum
3631 3616 3823 3669 dicens
3868 3617 4047 3670 homi-

2482 3724 2625 3761 nem.
2658 3708 2724 3762 Et
2766 3723 2959 3761 rursus
2994 3706 3169 3759 dicit:
3202 3706 3270 3759 Et
3310 3706 3429 3775 fecit
3470 3705 3606 3759 Deus
3644 3708 3932 3773 hominem,
3979 3712 4050 3763 ad

2482 3800 2766 3865 imaginem
2790 3797 2887 3850 Dei
2912 3795 3029 3864 fecit
3053 3797 3228 3857 illum,
3254 3796 3546 3850 masculum
3572 3807 3619 3849 et
3644 3799 3896 3865 feminam
3926 3801 4047 3869 fecit

2481 3909 2587 3943 eos.
2618 3891 2756 3945 Ecce
2790 3892 2878 3943 hic
2905 3906 3123 3959 quoque
3150 3890 3311 3951 duos,
3343 3906 3510 3944 unum
3541 3891 3845 3945 nominavit
3870 3894 4051 3948 homi-

2483 3998 2629 4045 nem,
2654 3992 2714 4035 ut
2740 3982 2835 4035 tibi
2860 3996 3081 4050 quoque
3109 3998 3259 4035 arma
3292 3982 3530 4049 prteheat
3552 3982 3619 4036 ad
3642 3984 4046 4041 ostendendum

2482 4074 2627 4143 quod
2660 4075 2817 4127 Pater
2846 4082 2902 4127 et
2931 4072 3102 4127 Filius
3130 4074 3275 4141 (cum
3306 4074 3429 4128 dna:
3460 4076 3570 4127 sint
3600 4075 3920 4145 hypostascs
3952 4094 4048 4131 seu

2482 4171 2750 4231 personui)
2793 4162 2905 4216 sint
2945 4178 3090 4217 unus
3136 4163 3298 4217 Deus.
3326 4163 3480 4220 Unde
3525 4164 3690 4219 etiam
3733 4182 3859 4220 cum
3902 4176 4051 4221 esset

2482 4252 2627 4307 Deus
2673 4254 3000 4306 inducturus
3049 4253 3351 4318 diluvium,
3398 4255 3533 4309 dicit
3580 4256 3649 4309 ad
3696 4256 3810 4310 Noe.
3846 4275 3858 4309 :
3901 4257 4049 4311 Finis

2483 4344 2650 4398 omnis
2700 4346 2925 4398 hominis
2973 4346 3114 4398 venit
3164 4362 3343 4398 coram
3403 4362 3484 4399 me
3534 4363 3553 4399 .'
3600 4361 3729 4402 ecce
3775 4348 4051 4418 signiﬁcat

2484 4435 2769 4490 hominum
2809 4436 3241 4490 multitudinem.
3274 4436 3418 4490 Audi
3459 4453 3591 4506 ergo
3637 4454 3651 4491 :
3694 4446 3861 4491 totam
3905 4440 4051 4495 hanc

821 4530 1047 4590 virtute,
1084 4529 1175 4597 qni
1218 4529 1389 4581 Deum
1435 4528 1639 4581 habent
1679 4528 1731 4580 in
1773 4544 1830 4581 se
1873 4528 2289 4591 inhabitantem,
2325 4536 2381 4582 et
2410 4534 2456 4588 D
2483 4528 2893 4583 multitudinem
2925 4538 3084 4583 vocat
3114 4544 3281 4582 unum
3305 4529 3607 4593 hominem,
3629 4545 3823 4584 rursus
3854 4531 4050 4586 dicens

821 4621 993 4690 gratia
1013 4620 1420 4689 quodaminodo
1441 4629 1569 4672 sunt
1588 4620 1754 4673 veluti
1774 4619 2000 4682 Christi,
2020 4620 2074 4672 in
2095 4619 2382 4673 divinitate

821 4713 983 4767 simul
1033 4721 1088 4766 et
1130 4712 1489 4766 humanitate.
1536 4713 1832 4781 Propterea
1882 4721 1939 4765 et
1986 4712 2070 4765 bis
2116 4722 2173 4765 et
2213 4712 2379 4767 semel

821 4818 1101 4873 exponens
1126 4804 1311 4857 divina
1342 4804 1646 4873 Scriptura,
1679 4813 1731 4857 et
1758 4803 1980 4857 dicens:
2009 4803 2077 4857 Et
2102 4803 2220 4873 fecit
2244 4804 2382 4857 Deus

822 4894 1083 4946 hominem
1145 4894 1213 4947 ad
1256 4894 1559 4962 imaginem,
1594 4893 1667 4947 sit
1708 4909 1737 4946 a
1778 4894 1888 4947 Deo
1935 4902 2179 4947 creatum
2226 4902 2282 4947 et
2328 4893 2383 4946 in

825 4986 985 5039 nobis
1014 4986 1289 5049 naturale;
1327 4986 1458 5039 illttd
1492 4995 1696 5045 autent,
1740 4985 1820 5039 Ad
1848 4984 2267 5051 similitudinem,
2294 4995 2380 5040 est

823 5073 949 5128 vitae
972 5073 1333 5128 institutionis
1355 5090 1476 5143 quae
1500 5074 1670 5127 libera
1694 5074 1963 5128 electione
1987 5074 2305 5142 suscipitur,
2325 5084 2382 5129 et

824 5179 921 5234 per
949 5166 1113 5219 vitam
1144 5180 1265 5232 quae
1295 5180 1361 5218 ex
1390 5166 1593 5218 virtute
1625 5165 1803 5233 agitur
1832 5164 2109 5219 inducitur
2137 5171 2194 5217 et
2223 5179 2380 5218 assu~

826 5257 1010 5310 initur.
1046 5255 1343 5325 Propterea
1391 5255 1497 5309 hoc
1531 5272 1630 5309 nos
1671 5256 1874 5311 docens
1911 5255 2004 5326 qui
2049 5271 2173 5310 cum
2209 5256 2388 5309 Verbo

828 5347 970 5402 idem
1009 5347 1175 5401 habet
1209 5363 1405 5401 nomen
1447 5348 1732 5417 theologus
1764 5347 2020 5409 Joannes,
2056 5348 2211 5411 dicit,
2247 5348 2384 5401 scri-

825 5439 961 5494 bens
992 5440 1059 5494 ad
1093 5441 1307 5508 aliquos
1341 5458 1353 5492 :
1388 5439 1592 5503 Filioli,
1619 5457 1755 5493 nunc
1786 5440 1885 5509 ﬁlii
1920 5440 2015 5494 Dei
2052 5458 2260 5505 sumus,
2291 5455 2388 5509 per

826 5532 930 5586 hoc
956 5532 1247 5603 baptisma,
1272 5541 1323 5586 et
1353 5535 1583 5587 nondum
1613 5533 2005 5602 manifestatum
2035 5542 2108 5588 est
2136 5534 2262 5605 quid
2287 5535 2389 5587 eri-

895 5769 945 5805 ⁸⁸
966 5770 1157 5827 lJoaa.
1182 5789 1257 5840 ui,
1278 5774 1332 5829 2.
1411 5774 1451 5806 ³⁸
1476 5773 1615 5829 Psal.
1640 5791 1815 5839 cxviu,
1842 5775 1961 5831 l05.

2478 4619 2655 4673 eidem
2709 4619 2859 4682 Noe,
2900 4619 3087 4673 Delebo
3139 4622 3404 4674 hominem
3452 4637 3606 4690 quem
3650 4623 3763 4691 feci.
3811 4622 3867 4677 Si
3915 4640 4051 4695 ergo

2482 4710 2905 4765 innumerabilia
2940 4711 3225 4766 hominum
3262 4727 3620 4781 personarum
3660 4714 3831 4769 millia
3868 4731 4045 4771 unum

2481 4803 2617 4858 dicit
2678 4804 2953 4858 hominem
3021 4816 3248 4875 propter
3312 4815 3522 4860 natura:
3586 4806 4045 4873 similitudinem,

2482 4908 2688 4965 quanto
2713 4898 2884 4966 magis
2912 4906 3023 4951 tres
3045 4897 3348 4952 divinitatis
3375 4897 3638 4968 (ejusdem
3666 4898 3829 4953 simul
3856 4914 4047 4956 essen-

2488 4988 2607 5055 tne)
2649 5003 2894 5057 personae
2932 4988 3041 5042 dici
3082 4998 3312 5058 possunt
3348 5003 3490 5042 unus
3522 4988 3700 5043 Deus?
3731 4990 3799 5043 Et
3832 4990 3888 5044 in
3925 4993 4049 5046 aliis

2486 5080 2619 5133 locis
2647 5080 3139 5135 innumerabilibus
3168 5081 3414 5135 invenies
3436 5080 3677 5134 divinam
3705 5080 4048 5152 Scripturam

2489 5187 2653 5225 unam
2677 5173 2962 5226 nominare
2988 5173 3264 5227 hominem
3295 5181 3469 5227 totum
3499 5188 3671 5242 genus
3698 5174 4003 5229 humanum
4032 5194 4047 5230 :

2485 5270 2545 5315 ut
2578 5261 2798 5330 quando
2829 5278 3021 5316 rursus
3054 5263 3190 5317 dicit
3218 5270 3340 5331 post
3378 5262 3646 5316 diluvium
3677 5262 3749 5317 de
3784 5266 4048 5320 universo

2484 5367 2682 5423 genere
2713 5353 2953 5406 humano
2987 5371 2999 5404 :
3032 5352 3302 5422 Propensa
3336 5363 3410 5407 est
3441 5355 3689 5423 cogitatio
3715 5357 3948 5410 hominis
3982 5360 4049 5409 ad

2484 5444 2629 5498 mala
2665 5461 2697 5497 α
2721 5445 2998 5513 juventute
3031 5460 3128 5497 sna
3154 5445 3215 5497 δ’.
3247 5445 3315 5500 Et
3343 5461 3535 5501 rursus
3568 5465 3581 5500 :
3618 5447 3785 5501 homo
3822 5452 4047 5505 vanitati

2483 5536 2669 5590 similis
2713 5537 2881 5605 factus
2924 5546 2999 5590 est
3026 5536 3092 5591 ⁸³.
3129 5537 3195 5591 Et
3242 5555 3255 5592 :
3313 5538 3507 5605 Homo,
3538 5540 3670 5594 sicut
3719 5539 3899 5609 fenum
3941 5545 4045 5598 dies

2040 5775 2084 5807 ³²
2105 5774 2239 5830 Gen.
2265 5791 2374 5839 vui,
2397 5774 2485 5828 2|.
2541 5775 2585 5807 ³³
2606 5774 2745 5829 Psal.
2770 5790 2944 5837 exuit.
2969 5777 3023 5832 4.
