4186 6442
803 377 905 437 935

2017 369 2077 427 S.
2102 367 2501 429 ANASTASII
2540 367 2863 429 SINAIT/E

3947 370 4047 431 936

800 482 915 537 αιιί
936 481 1000 533 ”.
1036 482 1077 533 Δ
1123 488 1268 533 terra
1308 474 1458 530 enim
1506 488 1629 529 cum
1673 487 1842 526 carne
1886 473 2227 536 ascendens,
2272 474 2376 527 fuit
2405 482 2448 535 Α
2476 489 2634 543 super
2659 484 2877 527 terram.
2920 472 3090 527 Paulo
3142 482 3271 527 ante
3303 473 3524 542 quidem
3562 474 3826 528 Joannem
3858 483 3916 527 et
3946 473 4049 527 Pc-

798 575 1055 645 cognitns
1079 580 1137 624 et
1160 580 1491 640 conspectus
1515 566 1976 635 ail’rincipatihus
2001 575 2052 618 et
2084 566 2376 620 Potestati-

798 666 903 719 bus
930 677 1027 732 per
1053 661 1382 716 Ecelesiam.
1406 656 1632 721 Quando
1656 666 1840 709 autem
1868 657 2081 707 intrarit
2108 656 2375 725 plenitudo

798 755 1054 823 gentium,
1084 750 1426 819 subjicientur
1446 746 1491 775 "°
1520 748 1747 799 omnino
1788 744 1994 797 Christi
2037 744 2283 797 dominio
2320 754 2376 798 ct

793 849 1042 917 jumenta
1104 843 1226 903 illa,
1260 849 1317 894 et
1372 839 1563 893 bestia:
1620 854 1650 891 c
1708 849 1853 891 terra
1903 839 2101 904 genitae
2155 848 2212 891 et
2256 840 2375 906 ejus

797 945 1064 1005 cognatm,
1092 947 1288 1001 nempe
1310 932 1501 995 Israel,
1535 930 1602 983 de
1636 945 1746 997 quo
1782 929 1999 982 dicebat
2032 947 2041 980 :
2076 928 2222 981 Alias
2260 946 2374 981 oves

800 1030 961 1084 habeo
991 1044 1107 1098 qua:
1140 1043 1245 1080 non
1274 1036 1399 1079 sunt
1431 1028 1494 1077 de
1527 1026 1620 1077 hoc
1653 1022 1798 1085 ovili,
1829 1033 1876 1074 et
1910 1022 2031 1074 illas
2064 1038 2144 1074 me
2176 1029 2375 1091 Oportet

800 1125 1079 1184 adducere,
1108 1129 1156 1173 et
1187 1137 1360 1174 vocem
1387 1134 1560 1169 meum
1592 1117 1837 1178 audient;
1866 1124 1913 1166 et
1940 1115 2028 1181 [iet
2059 1131 2194 1166 unus
2224 1130 2372 1181 grex,

798 1233 933 1267 unus
968 1224 1151 1284 pastor
1172 1214 1235 1266 δι.
1266 1214 1331 1265 Ει
1360 1211 1441 1263 sic
1472 1210 1526 1263 in
1560 1209 1780 1263 Christo
1807 1207 2048 1268 eveniet,
2081 1218 2136 1259 et
2171 1206 2374 1285 intelli-

798 1314 957 1375 getur
986 1306 1055 1359 dc
1094 1306 1212 1373 ipso
1244 1312 1301 1356 ct
1327 1302 1396 1355 dc
1429 1303 1551 1370 ejus
1579 1301 1809 1369 conjuge
1845 1299 2111 1358 Ecclesia,
2146 1299 2197 1352 id
2228 1300 2374 1357 quod

796 1410 827 1447 a
859 1395 972 1448 Deo
998 1396 1290 1449 dicebatur
1318 1394 1385 1447 de
1414 1393 1630 1445 duobus
1665 1410 1676 1444 :
1710 1392 1975 1459 lmperent
2005 1426 2017 1460 θ
2043 1392 2225 1443 iscibus
2257 1409 2376 1443 ma-

798 1488 892 1549 ris,
915 1497 965 1540 et
991 1487 1286 1540 volucribus
1312 1486 1448 1549 ca'li,
1476 1494 1523 1536 et
1543 1485 1820 1555 jumentis,
1848 1492 1894 1533 et
1920 1485 2176 1535 universa'
2197 1492 2373 1543 terrm,

797 1608 867 1618 —
892 1597 925 1631 a
955 1579 1095 1632 mari
1124 1594 1285 1649 usque
1313 1579 1382 1630 ad
1412 1592 1579 1634 mare,
1608 1584 1657 1627 et
1689 1592 1720 1626 a
1746 1574 1918 1643 ﬂuviis
1948 1590 2110 1642 usque
2146 1574 2214 1626 ad
2242 1572 2374 1639 fines

798 1673 934 1725 orbis
960 1681 1117 1725 terra:
1144 1672 1204 1725 ".

865 1763 1124 1818 Carnales
1151 1772 1333 1815 autem
1381 1761 1477 1830 qui
1534 1759 1877 1829 corporalem
1917 1758 2157 1812 hominis
2216 1770 2373 1828 pote-

2478 573 2623 617 trum
2674 565 2916 617 medium
2948 564 3178 618 adduxit
3232 566 3435 627 oratio,
3481 565 3553 618 ad
3602 563 4049 634 persuadendum

2476 656 2714 709 auditori
2755 667 2815 710 ut
2862 658 3202 726 Scripturam
3238 657 3479 711 divinant
3511 657 3847 727 intelligeret
3881 656 4049 726 spiri-

2476 748 2722 811 tualitcr,
2762 760 2889 818 post
2922 750 3447 819 contemplationem
3494 765 3615 820 qua:
3667 750 3865 803 littera:
3914 763 4049 802 con-

2477 837 2650 889 venit.

2565 929 2720 995 Quod
2756 930 2799 983 si
2843 930 2908 983 ad
2959 932 3199 984 litteram
3244 932 3517 1000 progressi
3576 932 3689 984 illic
3724 946 4047 993 maneanus,

2475 1025 2754 1089 quomodo
2792 1024 2999 1093 poteris
3047 1026 3340 1079 ostendere
3391 1025 3844 1093 gloriosissimam
3903 1026 4049 1077 illam

2477 1113 2573 1166 Dei
2606 1124 2837 1168 matrem
2878 1132 3002 1168 esse
3040 1116 3107 1168 ad
3144 1117 3237 1169 Dei
3274 1117 3563 1181 imaginem
3620 1128 3675 1171 et
3726 1118 4049 1171 similitudi-

2476 1208 2636 1258 nem?
2674 1206 2775 1261 Ubi
2806 1208 2955 1260 enim
3017 1209 3307 1275 imperavit
3343 1208 3454 1271 illa,
3489 1219 3584 1261 aut
3638 1219 3718 1262 est
3768 1210 4051 1263 dominata

2477 1300 2675 1353 bestiis
2706 1302 3026 1364 sensilibus,
3083 1311 3179 1354 aut
3230 1301 3497 1371 piscibus.
3568 1313 3662 1354 aut
3711 1302 4049 1362 volucribus,

2476 1402 2571 1445 aut
2602 1393 2872 1446 universa:
2905 1404 3097 1455 terrae,
3136 1410 3255 1461 quin
3295 1409 3321 1444 a
3353 1394 3490 1447 facie
3530 1392 3761 1446 Herodis
3798 1394 4053 1463 migravit

2478 1482 2531 1536 in
2555 1483 2846 1553 Aigyptum
2867 1486 2888 1533 ‘.’
2923 1487 2988 1537 Iit
3016 1485 3141 1552 quis
3167 1485 3323 1552 (mibi
3359 1484 3468 1546 dic,
3500 1484 3704 1552 quaeso)
3730 1495 3826 1537 aut
3856 1501 3923 1537 ex
3960 1485 4028 1536 ho

2477 1576 2719 1629 minibus
2745 1586 2839 1629 aut
2862 1593 2925 1629 ex
2954 1577 3298 1630 daemonibus
3338 1576 3565 1629 audebit
3592 1576 3779 1630 dicere
3810 1578 3959 1645 quod
3991 1593 4050 1629 ea

2475 1683 2598 1733 qtne
2636 1677 2721 1720 est
2743 1668 2990 1736 ejusdem
3016 1668 3178 1720 simul
3212 1685 3336 1722 cum
3366 1668 3475 1721 Deo
3505 1668 3779 1729 essentne,
3813 1666 3959 1733 quod
3986 1667 4050 1719 ad

2476 1774 2697 1812 carnem
2730 1761 2949 1821 attinet,
2987 1778 3093 1813 non
3126 1760 3199 1813 sit
3234 1762 3300 1813 ad
3327 1760 3619 1829 imaginem
3650 1769 3707 1813 et
3732 1758 4052 1812 similitudi-

798 1866 995 1911 statem
1030 1854 1344 1923 intelligunt
1375 1853 1444 1906 de
1482 1851 1801 1905 carnalibus
1851 1851 2097 1919 piscibus
2128 1860 2185 1903 et
2226 1850 2376 1902 voln-
2409 1834 2448 1888 Β
2479 1869 2604 1905 nem
2636 1854 2757 1921 ejus
2791 1853 2884 1921 qui
2917 1862 3000 1905 est
3039 1854 3153 1922 ipsa
3202 1865 3397 1917 natus;
3462 1852 3740 1921 quomodo
3770 1860 3858 1905 est
3904 1852 4049 1904 enim

799 1949 1009 2008 cribus,
1035 1954 1093 2001 et
1120 1946 1379 1999 omnibus
1409 1942 1697 2012 jmnentis,
1740 1950 1796 1995 et
1823 1941 2038 2003 bestiis,
2074 1949 2129 1993 et
2164 1941 2375 2009 reptili-

798 2041 921 2103 bus,
956 2049 1014 2093 et
1039 2039 1299 2093 omnibus
1321 2053 1443 2105 qua:
1469 2044 1600 2088 sunt
1634 2050 1803 2103 supra
1836 2042 2038 2086 terrain
2064 2072 2079 2097 ,
2116 2048 2227 2085 non
2277 2048 2375 2101 po-

799 2141 988 2185 terunt
1048 2131 1211 2184 nobis
1259 2128 1557 2182 ostendere
1608 2128 1779 2179 ullum
1834 2126 2135 2187 hominem,
2175 2134 2374 2194 pra'ler

795 2226 1097 2285 Christum,
1130 2224 1224 2291 qui
1258 2224 1331 2276 sit
1357 2222 1422 2275 ad
1462 2221 1753 2289 imaginem
1814 2219 1931 2272 Dei.
1982 2218 2176 2271 Nullus
2225 2219 2373 2270 enim

796 2332 864 2371 ex
896 2316 963 2369 iis
990 2316 1083 2383 qui
1116 2330 1144 2367 a
1171 2314 1374 2367 saeculo
1408 2313 1520 2365 nati
1550 2319 1678 2363 sunt
1702 2325 1832 2376 (non
1869 2308 1995 2361 dico
2027 2325 2094 2359 ex
2130 2308 2372 2375 regibus,

796 2408 891 2461 sed
927 2422 1031 2461 nec
1054 2422 1121 2483 ex
1144 2405 1334 2475 justis)
1369 2414 1453 2457 est
1500 2403 1845 2465 dominatus,
1894 2410 2170 2471 potestate
2201 2400 2374 2469 impe-

797 2501 940 2552 rium
982 2498 1242 2557 habente.
1272 2495 1535 2549 omnibus
1569 2510 1690 2564 qua:
1718 2504 1847 2546 sunt
1872 2508 2040 2562 super
2066 2504 2288 2554 terrain,
2321 2502 2377 2545 et

795 2590 933 2643 mari
961 2587 1213 2649 :cliamsi
1238 2586 1470 2639 faciendi
1499 2585 1783 2645 miracula,
1803 2584 2287 2653 perspiciendique
2312 2600 2376 2638 ac

796 2679 1130 2750 pranlicendi
1170 2679 1490 2748 prophetica
1522 2678 1751 2730 omnino
1782 2685 1928 2730 esset
1962 2677 2226 2746 praeditus
2251 2694 2369 2746 gra-

794 2775 893 2829 tia.
924 2772 1198 2827 (Steterunt
1237 2786 1348 2824 non
1402 2771 1455 2824 in
1510 2768 1801 2839 ejiciendis
1823 2769 2133 2831 dannoniis,
2170 2785 2271 2824 nec
2319 2770 2375 2823 in

795 2866 966 2936 signis
992 2863 1262 2919 faciendis
1294 2862 1562 2917 Dominus
1593 2862 1788 2915 definit
1822 2862 2222 2930 perfectionem
2277 2862 2376 2914 ho-

796 2955 961 3008 minis
990 2954 1083 3022 qui
1109 2952 1283 3005 estad
1328 2952 1426 3005 Dei
1452 2952 1738 3020 imaginem
1774 2959 1822 3001 et
1855 2949 2279 3011 similitudinem,
2316 2957 2376 3002 ut

794 3048 1018 3118 quando
1044 3047 1178 3100 dicit
1207 3064 1219 3098 :
1254 3046 1437 3097 Dicent
1464 3045 1591 3096 mihi
1614 3048 1671 3095 in
1699 3043 1797 3096 illa
1829 3044 1914 3095 die
1945 3059 1962 3096 :
1995 3042 2239 3103 Domine,
2273 3061 2373 3097 an-

799 3156 906 3194 non
939 3141 992 3191 in
1012 3149 1101 3191 tuo
1132 3139 1344 3190 nomine
1364 3136 1563 3189 multas
1595 3138 1816 3188 virtutes
1844 3136 2106 3203 fecimus?
2139 3137 2372 3188 etdicam
2399 3164 2442 3221 ο

794 3231 867 3282 eis
902 3245 920 3281 .°
975 3227 1142 3281 Amen
1202 3227 1316 3278 dico
1386 3226 1527 3278 vobis
1563 3266 1578 3287 ,
1655 3241 1759 3276 non
1809 3225 1929 3277 novi
1983 3241 2072 3276 vos
2102 3225 2169 3279 ".
2237 3224 2367 3288 Sed,

792 3323 1042 3393 Diligite,
1082 3324 1296 3390 inquit,
1333 3321 1573 3373 inimicos
1623 3328 1842 3378 vestros,
1898 3328 1944 3370 et
1976 3319 2256 3371 benedicite
2305 3321 2369 3372 iis

794 3417 885 3485 qni
924 3430 1012 3467 vos
1048 3420 1427 3474 exsecrantur;
1468 3411 1754 3478 benefacite
1791 3411 1855 3462 iis
1893 3409 1984 3479 qui
2012 3410 2233 3462 oderunt
2257 3427 2367 3474 vos,

729 3508 736 3518 '
795 3518 843 3561 et
877 3514 1030 3559 orate
1060 3522 1156 3574 pro
1186 3506 1251 3558 iis
1287 3505 1375 3573 qui
1404 3503 1545 3556 vobis
1577 3502 1861 3562 insultant,
1900 3511 1958 3553 ut
2007 3504 2119 3555 sitis
2170 3503 2369 3557 similes

795 3598 975 3652 Patris
1004 3598 1164 3650 vestri
1196 3598 1284 3665 qui
1322 3606 1395 3649 est
1427 3598 1479 3648 in
1516 3596 1658 3649 ca'lis
1689 3595 1768 3658 ⁸⁸ς
1809 3596 1863 3649 iii
1889 3596 2093 3649 virtute
2129 3595 2369 3649 Charita-

798 3690 868 3743 tis
895 3690 1169 3743 definiens
1195 3704 1318 3741 esse
1350 3688 1416 3741 ad
1452 3688 1546 3741 Dei
1591 3687 2036 3741 similitudinem.
2082 3686 2369 3753 Quomodo

795 3784 963 3837 etiam
1012 3783 1127 3850 ipse
1177 3780 1435 3835 Christus
1484 3781 1715 3849 loquens
1763 3796 1861 3848 per
1895 3781 2144 3842 Paulum,
2175 3780 2367 3834 eadem

797 3888 930 3927 usus
954 3882 1041 3927 est
1066 3873 1251 3941 regula
1268 3881 1324 3927 et
1340 3872 1683 3935 definitione,
1707 3872 1929 3940 quando
1947 3871 2080 3926 dicit
2105 3889 2117 3923 :
2145 3872 2369 3925 Etiamsi

797 3966 992 4035 linguis
1013 3964 1283 4018 hominum
1307 3963 1518 4033 loquar,
1544 3972 1593 4015 et
1616 3964 1784 4017 sciam
1814 3965 2063 4032 mysteria
2091 3966 2292 4027 omnia,
2320 3972 2369 4015 et

795 4074 1002 4111 omnem
1030 4058 1403 4128 cognitionem,
1430 4065 1478 4108 et
1505 4072 1714 4108 onmem
1744 4056 1967 4108 habeam
1999 4055 2179 4122 fidem,
2205 4057 2281 4109 ita
2312 4064 2369 4108 ut

796 4155 998 4201 montes
1025 4146 1372 4214 transferam,
1396 4144 1528 4199 nihil
1560 4146 1687 4198 mihi
1716 4145 1924 4215 prodest
1952 4146 2019 4199 “.
2050 4144 2156 4200 Sed
2191 4147 2257 4200 de
2280 4147 2369 4201 bis

794 4241 1019 4311 quidem
1054 4240 1344 4294 hactenus.

864 4331 1164 4385 Videamus
1195 4338 1379 4383 autem
1420 4330 1586 4383 etiam
1616 4328 1749 4397 quid
1788 4342 1853 4383 ea
1900 4326 2213 4397 signiﬁcent
2244 4343 2367 4397 qua:

796 4422 936 4477 dicit
971 4422 1040 4476 de
1076 4421 1464 4476 benedictione
1494 4438 1506 4473 :
1536 4422 1602 4475 Et
1630 4424 1749 4491 fecit
1784 4420 1921 4474 Deus
1964 4422 2244 4484 hominem,
2296 4422 2366 4473 ad

2477 1955 2653 1997 mater
2690 1945 3002 2013 bujusmodi
3040 1944 3157 2005 lilii,
3210 1961 3317 1997 non
3369 1946 3552 1998 ferens
3602 1944 3656 1996 in
3689 1958 3745 1996 se
3782 1944 4051 2012 integram

2475 2042 2529 2084 et
2562 2033 2783 2085 illn‘sam
2822 2034 2964 2085 fetus
2995 2034 3079 2085 sui
3109 2033 3440 2102 imaginem?
3462 2032 3831 2097 Quamobrem
3863 2042 4049 2085 osten-

2474 2136 2597 2175 sum
2632 2132 2718 2176 est
2749 2124 2798 2175 ci
2839 2124 2930 2192 qui
2960 2134 3045 2176 est
3073 2124 3218 2176 lilius
3246 2123 3397 2192 pacis
3426 2125 3558 2191 (non
3606 2133 3787 2176 autem
3820 2124 4052 2176 effector

2477 2231 2784 2284 pugnarum
2839 2226 2894 2267 et
2921 2216 3315 2281 offensionum)
3355 2216 3502 2284 quod
3536 2227 3589 2270 ct
3629 2216 3921 2285 imperium
3972 2215 4054 2284 pi-

2477 2308 2650 2360 scium
2679 2309 2770 2376 qui
2804 2308 3087 2370 dicuntur,
3123 2318 3181 2360 et
3228 2313 3539 2373 volucrum,
3580 2320 3635 2363 et
3668 2311 4051 2379 jumentorum

2475 2401 2628 2453 solus
2659 2401 2750 2454 ille
2776 2400 3017 2469 possidet
3053 2400 3243 2453 dicens
3281 2418 3291 2451 :
3329 2399 3513 2453 Omnia
3550 2404 3674 2455 mihi
3707 2403 3904 2454 tradita
3931 2411 4051 2454 sunt

2478 2511 2508 2545 α
2542 2492 2702 2546 Patre
2734 2512 2843 2546 meo
2872 2494 2913 2523 ’⁵⁸
2957 2510 2968 2545 :
3006 2494 3073 2547 Ει
3106 2511 3119 2544 :
3152 2493 3289 2546 Data
3335 2503 3408 2545 est
3441 2495 3565 2545 mihi
3604 2496 3771 2547 omnis
3822 2505 4051 2564 potestas

2479 2586 2531 2637 in
2558 2585 2686 2636 cmlo
2716 2594 2763 2637 et
2790 2587 2842 2637 in
2882 2596 3023 2637 terra
3041 2584 3103 2655 ";
3122 2602 3199 2645 ci:
3227 2584 3389 2637 Pater
3415 2584 3585 2653 diligit
3624 2584 3842 2647 Filium,
3867 2597 3915 2639 et
3943 2605 4053 2640 ont-

2478 2679 2567 2731 nio
2603 2681 2649 2730 ei
2683 2680 2900 2730 tradidit
2928 2680 2981 2731 in
3012 2695 3201 2731 manus
3235 2679 3299 2730 ⁸⁸.
3335 2678 3549 2731 Dicitur
3585 2688 3767 2731 autem
3800 2695 4051 2750 accupere

2477 2788 2505 2823 ιι
2534 2771 2716 2830 l’atre,
2749 2780 2807 2823 ut
2838 2771 2929 2839 qui
2964 2772 3142 2825 factus
3172 2772 3245 2824 sit
3280 2771 3479 2835 homo;
3514 2787 3707 2825 rursus
3738 2782 3921 2826 autem
3957 2774 4053 2827 lio-

2475 2872 2707 2915 noratur
2735 2875 3010 2931 quatenus
3048 2870 3279 2931 apparet
3305 2863 3449 2917 sicut
3499 2863 3682 2927 Pater,
3738 2874 3795 2916 ut
3836 2865 3934 2933 qui
3982 2864 4053 2918 sit

2475 2955 2598 3023 ejus
2637 2953 2809 3006 Filius
2841 2954 3087 3020 ejusdem
3138 2954 3299 3007 simul
3335 2956 3495 3023 cujus
3524 2955 3638 3022 ipse
3664 2965 3747 3007 est
3774 2958 4049 3011 essentne.

2550 3045 2614 3097 Et
2640 3046 2773 3097 dixit
2812 3043 2967 3105 Deus,
3009 3043 3141 3095 Ecce
3176 3043 3291 3094 dedi
3322 3045 3460 3095 vobis
3495 3059 3699 3095 onmem
3732 3045 3947 3097 herbam
3974 3062 4050 3097 se-

2474 3138 2813 3199 minabilem,
2846 3138 3195 3189 scminantem
3239 3151 3413 3187 semen
3463 3136 3600 3204 quod
3644 3145 3718 3187 est
3757 3154 3916 3205 super
3940 3154 4052 3189 om-

2477 3247 2593 3283 nem
2626 3239 2825 3283 terram
2848 3246 2866 3282 :
2895 3239 2943 3281 et
2969 3245 3120 3281 omne
3148 3227 3349 3298 lignum
3383 3228 3521 3297 quod
3561 3230 3713 3281 habet
3746 3230 3799 3281 in
3847 3247 3902 3282 se
3940 3232 4050 3299 fru-

2476 3332 2617 3376 ctum
2645 3324 2882 3385 seminis,
2928 3322 3025 3374 erit
3058 3321 3198 3373 vobis
3223 3322 3276 3373 iu
3306 3321 3475 3372 cibum
3514 3322 3751 3374 omnibus
3785 3330 3833 3373 et
3877 3324 4050 3375 bestiis

2476 3424 2652 3479 terra,
2684 3425 2730 3467 et
2753 3414 2992 3466 omnibus
3021 3414 3315 3466 volucribus
3336 3412 3472 3476 coeli,
3497 3421 3545 3464 et
3576 3415 3718 3466 omni
3754 3417 3927 3484 rcptili
3971 3434 4054 3468 re-

2476 3508 2616 3575 penti
2640 3523 2800 3575 super
2823 3516 3020 3558 terram
3050 3507 3187 3574 quod
3218 3504 3367 3557 habet
3398 3506 3453 3557 in
3486 3520 3541 3557 se
3562 3508 3798 3560 animam
3830 3511 3979 3571 vitas,
4003 3518 4051 3560 et

2474 3595 2644 3646 omnis
2674 3593 2833 3646 herba
2884 3594 3065 3646 viridis
3096 3594 3193 3645 erit
3220 3593 3358 3645 vobis
3392 3595 3446 3646 iu
3489 3595 3681 3648 cibum.
3735 3597 3803 3649 Et
3849 3602 4050 3665 factum

2476 3694 2548 3738 est
2577 3687 2673 3738 ita.
2700 3686 2767 3739 Et
2794 3686 2919 3739 vidit
2944 3685 3082 3738 Deus
3117 3687 3293 3737 omnia
3327 3701 3647 3757 qua'cunqne
3671 3688 3811 3757 fecit,
3845 3703 3891 3743 et
3940 3708 4052 3745 ecce

2475 3779 2627 3833 valde
2662 3780 2917 3850 pulchra.‘
2941 3780 3010 3832 Et
3052 3780 3254 3849 factum
3295 3788 3368 3833 est
3397 3796 3575 3849 vesper
3604 3797 3621 3834 :
3650 3792 3697 3833 et
3736 3783 3936 3851 factum
3976 3797 4049 3839 est

2476 3887 2633 3924 mane
2680 3873 2789 3923 dies
2829 3881 3029 3924 sextus.
3081 3872 3379 3940 llucusque
3429 3872 3565 3925 dicit
3617 3888 3848 3942 magnus
3902 3876 4048 3931 inter

2474 3962 2837 4032 philosophos
2860 3971 2916 4015 et
2940 3963 3195 4017 doctores
3228 3962 3677 4033 Olyinpiodorus,
3713 3980 3835 4019 esse
3882 3967 4045 4023 linem

2475 4053 2695 4107 scnsilis
2747 4053 3069 4107 creationis.
3125 4050 3356 4118 Quando
3399 4062 3584 4106 autem
3630 4054 3787 4117 dicit,
3842 4056 4048 4125 inquit,

2475 4145 2761 4215 Scriptura
2788 4146 2842 4199 in
2878 4145 3049 4215 ﬁgura
3073 4144 3273 4214 epilogi
3293 4160 3390 4199 seu
3420 4145 3771 4214 repetitionis
3806 4164 3819 4198 :
3847 4148 3946 4201 llic
3971 4158 4046 4202 est

2475 4234 2603 4289 liber
2626 4238 2981 4306 generationis
3011 4236 3128 4289 cwli
3153 4245 3202 4288 et
3231 4245 3387 4289 terra:
3407 4276 3421 4299 ,
3472 4244 3529 4289 et
3559 4246 3757 4292 cetera
3792 4254 3917 4307 qua:
3952 4255 4044 4294 se-

2472 4337 2719 4397 quuntur
2753 4328 2822 4383 de
2855 4343 2995 4383 nova
3023 4328 3079 4381 in
3105 4327 3327 4382 Christo
3360 4337 3639 4393 creatura,
3668 4330 3937 4386 describit
3981 4348 4046 4388 ac

2471 4421 2858 4491 prmsignilicat
2885 4436 2950 4475 ea
2996 4436 3119 4489 qua:
3144 4419 3551 4489 posterioribus
3586 4422 3933 4491 temporibus
3987 4425 4043 4478 in

795 4512 892 4567 Dei
930 4515 1219 4583 imaginem
1269 4513 1387 4581 fecit
1428 4512 1605 4575 illum,
1650 4513 1753 4567 hoc
1783 4521 1866 4566 est
1888 4554 1902 4575 ,
1933 4512 2138 4567 Christi
2171 4513 2365 4583 imagi-
2398 4522 2442 4576 ι)
2470 4512 2716 4567 Ecclesia
2746 4512 2910 4567 linem
2933 4520 3285 4580 acceperunt.
3332 4510 3505 4577 Quam
3533 4514 3698 4566 etiam
3733 4515 4042 4569 secundum

795 4620 921 4659 nem
947 4613 1004 4658 et
1029 4604 1550 4673 przefigurationem.
1590 4604 1968 4672 Compositnm
2016 4604 2147 4657 fecit
2184 4604 2364 4657 homi-

794 4710 958 4749 nem:
994 4696 1280 4748 mortalem
1336 4703 1395 4749 et
1433 4696 1822 4757 immortalem,
1869 4694 2257 4763 aspectabilem
2309 4704 2367 4749 et

797 4801 907 4840 non
941 4786 1357 4853 aspcetabilem,
1404 4786 1650 4839 interitui
1689 4786 1987 4840 obnoxium
2023 4796 2079 4840 et
2114 4786 2169 4839 in
2198 4802 2363 4855 quem

792 4892 903 4932 non
934 4878 1083 4932 cadit
1116 4878 1392 4939 interitus,
1420 4878 1715 4931 Masculum
1738 4887 1787 4930 et
1814 4879 2067 4946 feminam
2094 4879 2213 4947 fecit
2242 4896 2327 4932 eos
2346 4897 2364 4934 :

792 4967 898 5023 hoc
919 4968 1165 5037 quidem,
1191 4977 1484 5038 propterea
1524 4969 1670 5038 quod
1700 4968 1772 5023 sit
1802 4970 1956 5023 laxus
1991 4978 2046 5023 et
2079 4970 2281 5035 mollis,
2311 4980 2368 5025 ct

789 5066 857 5123 ad
886 5067 1171 5121 interitum
1220 5066 1382 5120 facile
1434 5067 1796 5121 dissolubilis.
1847 5066 1917 5119 Et
1972 5066 2231 5119 benedixit
2278 5080 2363 5118 eos

790 5160 931 5214 Dens
966 5161 1142 5212 dicens
1174 5176 1191 5211 :
1224 5158 1471 5221 Crescite,
1520 5169 1569 5212 et
1602 5158 2051 5229 multiplicamini,
2079 5167 2129 5211 et
2167 5159 2361 5229 replete

791 5251 1279 5316 terram,videlieet
1297 5268 1396 5318 per
1419 5252 1650 5305 filiorum
1674 5251 2133 5321 procreationem,
2155 5266 2359 5305 maseuo

788 5342 828 5398 li
853 5351 910 5397 et
938 5342 1173 5396 feminai.
1200 5343 1265 5397 Et
1306 5345 1653 5397 dominamini
1688 5345 1754 5407 ei,
1790 5352 1838 5396 et
1862 5344 2119 5414 imperate
2139 5346 2362 5414 piscibus

789 5435 977 5497 maris,
1020 5445 1068 5488 et
1101 5434 1395 5489 volucribus
1440 5434 1577 5498 cceli,
1624 5445 1673 5487 et
1723 5436 1959 5489 omnibus
1995 5437 2277 5505 jumentis,
2306 5444 2354 5488 et

788 5525 1046 5579 universa
1093 5534 1269 5587 terrm,
1319 5536 1367 5578 et
1427 5526 1665 5578 omnibus
1732 5525 2002 5595 reptilibus
2061 5524 2354 5592 repentibus

868 5674 912 5708 "
949 5675 1092 5730 Psal.
1130 5691 1249 5730 ms
1276 5715 1291 5738 ,
1335 5676 1422 5728 Η.
1529 5674 1574 5705 ⁸⁸
1614 5676 1770 5729 Rom.
1820 5692 1906 5735 XI,
1941 5675 2032 5729 25.

789 5745 839 5776 “
865 5744 1053 5798 Matth.
1082 5761 1169 5810 iv,
1203 5748 1305 5811 44,
1366 5746 1435 5799 itii
1466 5762 1480 5806 ;
1544 5745 1677 5798 Luc.
1734 5762 1780 5799 vi
1804 5787 1817 5809 ,
1847 5747 1948 5807 27,
2012 5745 2099 5801 28.

789 5816 838 5849 ⁸³
878 5814 1036 5870 Joan.
1070 5832 1149 5879 nt,
1185 5815 1274 5870 35.
1366 5818 1411 5848 δ’
1437 5814 1601 5869 llcbr.
1627 5833 1686 5875 ιι,
1720 5816 1771 5869 5.

2145 5677 2188 5707 "
2227 5678 2384 5730 Joan.
2430 5692 2498 5739 κ,
2556 5675 2641 5728 16.

2208 5748 2253 5778 ⁸⁵
2298 5748 2313 5800 |
2355 5746 2481 5801 Cor.
2517 5762 2639 5810 xm,
2670 5746 2724 5801 2.

2469 4605 2662 4660 orbem
2700 4614 2862 4659 terra:
2914 4604 3164 4657 nominat
3209 4606 3593 4659 sanctissimus
3624 4606 3927 4675 Apostolus
3958 4608 4042 4663 di-

2466 4713 2598 4752 cens
2636 4716 2648 4750 :
2678 4696 2793 4751 Non
2830 4699 2969 4751 enim
3012 4696 3214 4767 angelis
3261 4697 3476 4767 subjecit
3510 4697 3648 4751 Dens
3679 4701 3856 4753 orbem
3882 4712 4040 4756 terra

2466 4793 2703 4859 futurum
2723 4790 2905 4860 dequo
2926 4789 3188 4858 loquimur
3216 4789 3294 4851 ";
3325 4790 3516 4843 orbem
3548 4798 3709 4845 terrae
3741 4794 4039 4851 nominans

2467 4881 2791 4944 Ecclesiam,
2841 4890 3130 4950 propterea
3161 4880 3308 4948 quod
3354 4894 3383 4931 a
3435 4880 3599 4933 Petro
3632 4880 3860 4950 quidem
3891 4895 4038 4940 esset

2466 4972 2768 5035 fundanda,
2798 4972 2869 5024 ab
2914 4972 3033 5040 ipso
3063 4982 3247 5024 autem
3295 4971 3627 5024 excitanda:
3675 4973 3820 5027 sicut
3866 4976 4033 5031 etiam

2464 5066 2784 5121 nominabat
2816 5080 3010 5119 novant
3042 5079 3165 5133 qtae
3201 5074 3329 5117 tunc
3363 5064 3644 5132 inceperat
3689 5066 3945 5135 produci.
3976 5068 4034 5124 Si

2463 5158 2611 5214 enim
2648 5174 2749 5227 per
2774 5172 2861 5211 res
2896 5172 3090 5210 omnes
3118 5171 3256 5224 quas
3301 5165 3359 5209 et
3404 5158 3811 5226 contemplatus
3852 5171 3940 5215 est
3978 5170 4035 5216 et

2462 5248 2771 5304 construxit
2804 5247 2980 5301 Moses
3014 5248 3067 5300 in
3110 5256 3297 5301 monte
3332 5246 3505 5309 Sinai,
3548 5247 3809 5303 Ecclesiae
3844 5259 4031 5321 typum

2462 5342 2616 5411 prius
2648 5339 2997 5393 describebat
3027 5339 3247 5408 (nempe
3262 5346 3319 5391 et
3346 5354 3444 5408 per
3470 5348 3719 5393 sanctum
3753 5339 4033 5395 Taberna-

2460 5432 2668 5494 enlum,
2705 5439 2761 5484 et
2795 5428 2981 5483 omnia
2998 5444 3121 5498 qua:
3148 5440 3304 5482 erant
3332 5428 3386 5482 in
3420 5430 3557 5498 ipso,
3591 5439 3647 5482 et
3668 5444 3893 5485 omnem
3914 5431 4031 5485 cul-

2463 5533 2578 5577 tuin
2619 5521 2897 5592 legalem),

3370 5670 3415 5702 ⁸³
3448 5669 3635 5724 Matth.
3678 5685 3775 5734 vn,
3805 5669 3899 5735 22,
3934 5668 4024 5724 95.

3393 5740 3437 5771 δ’
3464 5741 3658 5796 Matth.
3688 5756 3855 5797 sum
3880 5780 3896 5809 ,
3935 5742 4018 5797 18.

2755 5674 2797 5707 ⁸⁸
2834 5674 2975 5730 l’sal.
3032 5688 3174 5734 ωιιι,
3223 5669 3275 5724 8.

2850 5746 2894 5777 ⁵⁸
2920 5745 3056 5799 Luc.
3102 5759 3133 5795 ι
3152 5779 3166 5806 ,
3197 5740 3288 5795 εξ.
