4186 6442
166 407 269 469 937

171 519 245 585 μὴ
266 515 578 584 θαυμάσῃς.
599 515 761 585 φησὶν
781 516 810 568 ὁ
828 516 919 567 αὐ-

166 609 256 669 τὸς
281 609 453 669 πολὺς
486 608 555 660 τὰ
587 608 706 660 θεῖα
726 606 923 674 Ὀλυμ-

166 699 455 767 πιόὸωρος,
496 702 543 749 εξ
586 697 696 747 τῶν
741 713 922 765 πραγ-

171 791 362 857 μάτων
440 789 921 859 προκατεσκεύαζε

168 884 264 932 xz".
313 881 719 949 προδιέγραφεν
736 922 749 943 ,
801 878 924 932 ὀνο⁶

172 977 498 1043 μασθέντων
563 976 770 1027 τούτων
831 976 925 1027 καὶ

168 1073 298 1134 τοὺς
330 1072 523 1138 λόγους
544 1073 608 1124 ἐκ
639 1072 773 1124 9εοῦ
807 1072 924 1124 ἐδέ-

169 1164 338 1229 ξατο,
393 1164 807 1232 αἰνιγματωδῶς
864 1180 922 1215 τε

170 1256 265 1307 καὶ
319 1256 608 1317 σκοτεινῶς
655 1259 749 1307 καὶ
789 1256 926 1305 ἀπο-

170 1346 422 1416 κρύφως.
452 1346 625 1398 Τοῦτο
655 1347 764 1416 γὰρ
808 1348 929 1415 ἐπή-

174 1460 370 1509 μαινεν
413 1443 471 1493 ἐν
500 1441 577 1509 τῷ
606 1442 721 1510 ὄρει
765 1441 824 1493 τό
868 1455 927 1491 τε

170 1534 371 1601 γνόφος
403 1534 496 1586 καὶ
527 1536 554 1586 ὁ
586 1534 743 1601 ζὸξος
779 1534 870 1585 καὶ
895 1534 928 1599 ἡ

170 1626 373 1676 (Malia
397 1665 412 1685 ,
451 1625 558 1676 τῶν
615 1624 931 1693 μυστηρίων

168 1714 279 1766 τῶν
329 1714 677 1782 λαλουμένων
728 1731 785 1766 τε
832 1715 925 1766 καὶ

169 1808 435 1861 διατυπου
444 1807 619 1877 μένων
635 1807 695 1859 τὸ
712 1805 923 1874 ἄδηλον,

168 1899 319 1962 ὅπως
344 1901 420 1968 μὴ
447 1899 707 1968 μαθόντες
729 1897 777 1947 οἱ
801 1896 931 1948 Ἰου-

168 1990 314 2042 δαῖοι
370 1994 467 2054 τὴν
528 1988 608 2049 εἰς
668 1987 816 2055 ἡμᾶς
861 1986 932 2038 τὰ

168 2079 299 2144 ἔθνη
325 2076 626 2144 μέλλουσαν
657 2075 760 2127 ὑπὸ
791 2074 926 2127 Θεοῦ

164 2168 425 2236 γενέσθαι
469 2169 794 2237 ἐπισκοπὴν,
829 2168 927 2219 αὺ-

164 2262 277 2314 τῶν
309 2262 365 2314 δὲ
388 2261 797 2329 ὲγκατὰλειψιν,
830 2264 926 2331 ἐμ-

168 2354 427 2422 πρήσωςι
463 2351 664 2420 βίϐλον,
691 2352 784 2403 καὶ
826 2350 930 2419 μά-

166 2443 327 2494 λιστα
362 2441 732 2511 προκειμένης
771 2439 929 2491 Γενέ-

169 2551 332 2594 σεως,
360 2533 457 2584 καὶ
490 2533 723 2600 μεγίστη
747 2529 929 2583 ἐντεῦ-

168 2624 259 2677 θεν
278 2628 343 2695 τῇ
364 2623 604 2691 Χριττόῦ
633 2622 930 2693 Ἐκκλησία

170 2714 346 2786 βλᾶὗη
366 2732 427 2766 τε
453 2717 549 2767 καὶ
579 2714 748 2783 ζημία
770 2715 930 2782 γένη-

167 2827 279 2862 ται.
330 2810 611 2861 Ἀνανεύει
647 2809 703 2861 δὲ
732 2811 760 2860 ὁ
797 2808 927 2860 πολ-

168 2899 329 2959 λάκις
354 2902 689 2971 προῤῥηοεὶς
717 2900 929 2968 φιλόσο-

169 3012 271 3062 φος
312 2996 342 3045 ὁ
388 2996 488 3063 τὴν
536 2994 929 3063 Ἀλεξανδρέων

166 3090 280 3150 τοῖς
302 3087 487 3153 λόγοις
515 3086 926 3154 καταφωτίσας,

165 3178 245 3242 ὡς
274 3180 482 3248 ταύτης
500 3180 767 3241 διάκονος,
792 3178 930 3248 πρὸς

1235 406 1315 464 ΙΝ
1357 403 1904 464 ΗΕΧΑΕΜΕΒΟΝ.
1941 429 2007 439 --
2041 408 2187 466 LIB.
2230 410 2363 467 VII.

3316 419 3421 485 938

994 529 1064 568 ne
1106 514 1352 576 mireris,
1398 513 1580 579 inquit
1629 512 1741 580 ipse

1852 514 1906 567 τὸ
1934 515 2097 582 φάναι
2126 517 2184 571 ἐν
2205 516 2455 570 παντελεῖ
2472 518 2601 572 ἀθα·
2671 520 2743 575 ab
2821 523 3045 579 interitu
3114 527 3420 581 remotione

996 606 1049 659 in
1088 604 1256 658 rebus
1289 604 1491 657 divinis
1524 604 1745 672 pr.-ecla-

995 716 1090 753 rus
1122 698 1562 769 Olympiodorus,
1586 698 1630 751 si
1656 713 1745 751 re-

997 806 1114 843 rum
1160 790 1562 843 nominatarmn
1612 803 1748 858 quas

996 894 1155 937 antea
1236 881 1603 934 'eonstruebat
1688 889 1746 934 et

997 978 1374 1039 describebat,
1424 994 1453 1030 ει
1504 978 1615 1030 Deo
1653 992 1747 1029 ac-

997 1072 1145 1140 cepit
1183 1070 1456 1129 rationes,
1490 1069 1749 1137 :enigma-

1001 1165 1127 1227 tice,
1159 1164 1416 1223 obscure,
1445 1172 1500 1217 et
1520 1177 1745 1215 arcane.

1000 1259 1114 1311 lloe
1188 1258 1333 1311 enim
1406 1256 1753 1323 significabat

1000 1366 1121 1420 quae
1140 1350 1329 1404 eratin
1362 1358 1547 1401 monte
1577 1349 1751 1417 caligo

1001 1455 1055 1497 et
1081 1442 1319 1511 procella
1344 1484 1357 1502 .
1401 1456 1596 1508 nempe
1638 1456 1746 1494 non

1001 1548 1121 1585 esse
1158 1531 1447 1584 manifesta
1495 1530 1752 1600 mysteria

1002 1638 1123 1690 qua:
1167 1621 1495 1674 dicebantur
1526 1631 1580 1673 et
1623 1620 1757 1690 ligu-

997 1712 1280 1773 rabantur,
1311 1726 1382 1765 ne
1411 1710 1454 1763 si
1493 1710 1748 1764 rescivis-

998 1811 1120 1856 sent
1135 1802 1329 1866 Judmi,
1349 1803 1515 1855 nostri
1532 1802 1750 1869 (nempe

1001 1894 1277 1963 gentium)
1334 1892 1703 1946 visitationem
1733 1932 1746 1955 ,

1003 1985 1088 2039 sui
1128 1994 1307 2039 autem
1346 1983 1750 2046 descrtioncm,

996 2075 1201 2127 librum
1254 2073 1392 2143 legis
1458 2073 1750 2127 combure-
1785 2076 1825 2130 Β

1000 2172 1123 2217 rent
1144 2206 1156 2224 ,
1186 2171 1243 2217 et
1277 2162 1509 2216 maxime
1545 2177 1746 2231 propo-

1000 2258 1118 2312 sitze
1186 2258 1449 2321 Genesis,
1509 2268 1565 2311 et
1618 2257 1749 2310 hinc

1000 2351 1296 2404 maximum
1359 2351 1619 2403 damnum
1692 2358 1749 2403 et

999 2444 1391 2499 detrimentum
1471 2445 1748 2512 acciperet

1002 2540 1262 2594 Ecclesia.
1313 2536 1749 2607 Contemplando

1000 2641 1182 2684 autem
1259 2645 1402 2698 ειερο
1472 2643 1540 2681 eo
1609 2627 1752 2681 redit

1001 2721 1296 2789 praedictus
1392 2719 1755 2788 philosophus

1000 2812 1094 2880 qui
1172 2810 1560 2864 Alexandriam
1638 2811 1753 2863 suis

1002 2901 1297 2955 illustravit
1337 2899 1491 2953 libris
1534 2898 1753 2968 (utqui

999 3002 1147 3044 esset
1171 2992 1292 3059 ejus
1330 2989 1650 3059 diaconus),
1691 2996 1752 3041 ut

1000 3083 1147 3138 dicat
1189 3084 1243 3137 in
1282 3083 1521 3153 perfecta
1557 3092 1614 3135 et
1650 3082 1751 3136 ab-

1002 3178 1179 3232 soluta
1232 3177 1647 3231 immortalitate
1696 3183 1754 3229 et

1850 605 2010 675 νασεᾳ
2061 624 2120 659 τε
2177 608 2271 660 καὶ
2318 606 2599 681 ἀφθαρσίᾳ
2671 624 2917 670 creatum
2958 633 3078 674 esse
3107 618 3418 683 hominem,

1848 698 2129 764 γεγονέναι
2205 698 2297 751 τὸν
2373 699 2599 770 ἄνθρω-

1849 795 2089 863 πον(1).

1850 907 2290 961 benerlietioncm
2314 949 2327 970 ,
2363 915 2419 960 et
2455 908 2761 962 masculum
2796 918 2850 962 et
2880 908 3140 963 feminam
3165 950 3178 969 ,
3229 920 3283 962 et
3334 909 3422 964 be-

1853 998 2078 1053 stiarum
2134 1001 2544 1069 generationem
2570 1042 2583 1065 ,
2629 1017 2929 1069 earumque
2959 1019 3113 1056 csum
3144 1004 3428 1071 proferens

1855 1091 1921 1143 ad
1954 1092 2356 1145 ostendendum
2388 1092 2692 1147 interitum.
2747 1094 2967 1148 Etenim
3022 1096 3318 1152 i:t\':l(‘l‘t2ln.
3348 1096 3429 1149 in-

1854 1184 1991 1251 quit,
2024 1199 2215 1236 eorum
2237 1185 2328 1252 qui
2356 1184 2708 1252 baptizantur
2731 1185 2784 1237 ir.
2811 1184 3033 1240 Christo
3055 1187 3218 1241 habet
3243 1204 3428 1241 veram

1854 1282 1909 1325 et
1943 1272 2240 1341 perfectam
2265 1273 2605 1325 ablutionem
2637 1272 2797 1340 primi
2823 1276 3062 1341 parentis
3090 1276 3259 1327 Adam
3290 1290 3432 1343 (qua:

1856 1362 1919 1415 ad
1955 1378 2054 1414 nos
2084 1363 2358 1431 pervenit)
2396 1360 2779 1431 abnegationis
2811 1372 2866 1415 ct
2914 1364 3145 1430 peccati.
3198 1364 3429 1431 Propter

1856 1469 2020 1522 quam
2069 1462 2219 1505 certe
2285 1468 2503 1507 causam
2556 1454 2793 1508 infantes
2839 1455 3062 1523 quidam
3112 1456 3427 1515 illuminati,

1858 1558 1983 1597 cum
2015 1543 2126 1596 sint
2158 1542 2227 1595 ab
2269 1544 2420 1596 omni
2472 1544 3036 1613 (eujusmodicunqnc
3075 1562 3139 1599 ea
3192 1547 3286 1612 sit)
3328 1547 3434 1598 ini-

1861 1635 2070 1703 quitate
2104 1642 2159 1688 et
2189 1645 2415 1703 peccato
2447 1635 2664 1697 mundi,
2712 1644 2767 1688 et
2809 1637 3062 1704 spiritum
3094 1638 3428 1703 acceperint,

1862 1724 2223 1779 ethristum
2270 1725 2383 1777 sint
2432 1724 2650 1787 induti;
2684 1739 2828 1791 sarpe
2878 1725 2934 1777 in
2983 1725 3098 1793 ipsa
3155 1725 3286 1776 hora
3338 1735 3434 1778 aut

1858 1827 1983 1885 post
2035 1817 2368 1885 baptismum
2421 1815 2697 1868 decedunt
2748 1816 2883 1869 nulli
2934 1817 3107 1884 culpae
3155 1826 3250 1870 aut
3297 1816 3435 1868 vitio

1862 1907 2072 1968 allines,
2106 1906 2202 1959 sed
2229 1907 2427 1965 sancti.
2465 1914 2525 1958 ut
2561 1914 2797 1959 testatur
2829 1906 3047 1959 Paulus.
3082 1906 3320 1959 Necesse
3349 1916 3435 1960 est

1860 1998 2009 2052 enim
2046 1998 2096 2050 in
2129 1998 2215 2051 bis
2243 1999 2476 2050 alterum
2511 1997 2699 2050 dicere
2742 2011 2809 2049 ex
2847 1996 3065 2049 duolms
3096 2013 3109 2047 :
3153 2006 3247 2048 aut
3286 1999 3434 2063 quod

1855 2106 1966 2144 non
2018 2100 2147 2145 sunt
2201 2090 2418 2144 liberati
2455 2105 2555 2158 per
2615 2089 2948 2157 baptismum
3004 2099 3061 2142 et
3102 2089 3367 2158 Spiritum
3404 2108 3434 2144 ει

1857 2182 2016 2250 primi
2046 2181 2290 2251 parentis
2317 2179 2448 2233 Adzn
2492 2188 2719 2248 peccato
2763 2187 2819 2233 et
2852 2179 3218 2248 abnegatione
3253 2180 3423 2247 (quod

1855 2273 1990 2325 nulli
2030 2287 2272 2341 unquam
2312 2271 2526 2325 venerit
2562 2271 2618 2324 in
2651 2273 2935 2333 mentem).
2976 2280 3069 2324 aut
3095 2271 3240 2339 quod
3290 2272 3429 2326 libe-

1855 2364 1981 2428 rati,
2019 2364 2217 2431 injuste
2243 2363 2297 2417 in
2329 2372 2562 2417 mortem
2602 2363 2959 2422 reciderunt;
3004 2374 3099 2415 aut
3128 2364 3274 2431 quod
3311 2366 3429 2417 fuc-

1857 2466 1985 2508 runt
2012 2456 2234 2523 quidem
2278 2454 2524 2516 liberati,
2560 2452 2655 2507 sed
2698 2452 2766 2507 ad
2807 2453 3229 2507 similitudinem
3261 2455 3425 2522 primi

1855 2544 1939 2596 sui
1967 2543 2211 2613 parentis
2229 2541 2423 2596 Adami
2452 2551 2508 2595 et
2537 2541 2683 2601 Evae.
2711 2541 2887 2595 induti
2917 2558 3153 2611 corpore
3184 2542 3424 2605 mortali,

1853 2648 1976 2686 cum
2009 2649 2107 2699 per
2140 2643 2373 2686 mortem
2422 2630 2489 2684 ad
2532 2632 2698 2684 vitam
2752 2632 3033 2685 meliorem
3067 2634 3424 2696 accesserint,

1855 2722 2108 2775 interitui
2163 2737 2270 2775 non
2310 2722 2549 2775 obnoxia
2575 2730 2633 2775 et
2679 2720 3008 2775 immortalia
3043 2731 3175 2776 tunc
3229 2740 3283 2776 ιιι
3338 2740 3428 2777 re.-

1855 2811 2200 2864 surreetione
2223 2826 2322 2864 sua
2348 2810 2617 2878 recipient
2646 2824 2898 2878 corpora,
2931 2827 3077 2864 nunc
3103 2812 3327 2869 mortui.
3360 2828 3430 2864 ne

1859 2901 2168 2955 immortale
2203 2913 2260 2955 et
2286 2910 2552 2955 aeternum
2578 2902 2650 2955 sit
2680 2911 2736 2955 et
2775 2902 3000 2962 malum,
3036 2909 3097 2953 ut
3128 2902 3262 2954 dii-it
3289 2902 3429 2957 diri-

1858 3006 1965 3045 nus
1991 2990 2290 3061 Gregorius
2324 3008 2337 3042 :
2376 2990 2480 3043 hoc
2516 3000 2620 3053 est,
2652 3005 2722 3043 ne
2755 3000 3022 3058 perpetuo
3052 2991 3225 3045 simus
3257 2991 3309 3044 in
3343 2992 3430 3046 in-

1861 3082 2027 3136 teritu
2057 3099 2071 3146 ;
2126 3080 2222 3135 sed
2257 3081 2310 3134 in
2341 3079 2564 3135 Christo
2599 3080 2900 3135 induantur
2932 3080 3432 3150 incorruptionem,

1860 3172 1949 3227 cui
1974 3172 2147 3242 gloria
2174 3180 2229 3226 et
2254 3171 2501 3242 potentia
2524 3171 2577 3225 in
2615 3173 2814 3226 saecula
2844 3171 3191 3227 steculorum.
3235 3174 3431 3227 Amen.

171 3324 3394 3350 MM

1253 3434 1364 3521 LI
1391 3432 1611 3519 BER
1686 3430 2316 3519 SEPTIMUS.

1105 3617 1185 3658 DE
1222 3616 1299 3659 IIS
1330 3616 1474 3669 ρυλε
1501 3615 1803 3658 ιτυειιυητ
1830 3613 1983 3658 Ροετ
2030 3614 2286 3656 SEXTUM
2320 3612 2505 3656 DIEII.

235 3787 305 3841 Et
336 3789 626 3856 perlectum
667 3788 765 3856 {uit
797 3786 985 3841 cretum
1029 3795 1078 3839 et
1107 3794 1251 3840 terra
1277 3795 1324 3839 et
1353 3788 1628 3839 universus
1661 3803 1751 3838 or-
1777 3798 1819 3853 ο
1852 3787 2129 3849 volucres,
2156 3796 2213 3841 et
2245 3801 2368 3856 quae
2416 3788 2471 3840 in
2515 3788 2599 3843 eis
2648 3786 2791 3844 facta
2817 3794 2903 3845 est
2958 3790 3427 3850 benedictionem.

166 3886 327 3931 nutus
352 3893 557 3937 eorum,
585 3886 633 3930 et
660 3879 875 3947 perfecit
899 3876 1039 3930 Deus
1063 3879 1118 3929 in
1142 3878 1225 3929 die
1252 3884 1397 3930 sexto
1436 3892 1596 3945 opera
1631 3892 1748 3945 quas

166 3970 309 4036 fecit,
349 3976 399 4021 et
426 3968 617 4038 quierit
643 3970 726 4022 die
749 3969 969 4037 septimo
1005 3968 1067 4021 ab
1101 3967 1338 4020 omnibus
1366 3969 1605 4037 operibus
1631 3981 1749 4036 quae

164 4062 307 4127 fecit.
344 4059 452 4112 Per
487 4059 603 4113 inec
645 4059 793 4113 enim
842 4058 1104 4121 ostendit,
1154 4067 1210 4112 et
1255 4073 1356 4111 nos
1389 4058 1551 4111 docet
1600 4058 1747 4111 Scri-

165 4162 355 4220 ptura.
390 4148 540 4218 quod
573 4149 820 4218 quaedam
850 4150 957 4202 alia
990 4149 1234 4218 posthzec
1255 4159 1313 4202 et
1342 4149 1473 4202 fecit
1499 4158 1554 4202 et
1593 4149 1742 4212 facit,

160 4243 308 4296 inut
335 4250 573 4294 testatur
602 4241 816 4301 dicens,
851 4239 1015 4293 Pater
1046 4255 1190 4292 meus
1218 4239 1370 4291 modo
1393 4247 1668 4306 cperatur,
1695 4247 1745 4289 et

160 4349 255 4403 ego
286 4347 503 4402 operor.
533 4331 679 4385 lline
728 4330 864 4384 moti
896 4330 1117 4399 quidam
1161 4344 1229 4383 ex
1262 4328 1503 4397 antiquis
1527 4327 1746 4396 exposi-

158 4424 408 4486 toribus,
440 4438 641 4492 nempe
670 4437 738 4477 ex
763 4437 832 4476 eo
862 4422 1009 4491 quod
1037 4420 1275 4474 dixerint
1301 4422 1470 4474 Deum
1496 4434 1743 4474 cessasse

159 4512 249 4567 die
281 4512 549 4580 septimo,
584 4518 1044 4579 praaoceuparunt
1090 4508 1275 4562 dicere
1300 4508 1447 4576 quod
1501 4506 1745 4560 ostendit

159 4606 279 4657 fore
310 4611 375 4655 ut
410 4602 466 4654 in
497 4601 735 4669 septimo
767 4600 967 4654 saeculo
994 4601 1123 4669 (hoc
1153 4608 1259 4661 est,
1297 4599 1350 4652 in
1382 4600 1614 4668 septimo
1640 4611 1741 4651 an-

158 4707 363 4747 norum
418 4691 751 4759 millenario)
799 4690 893 4743 ﬁat
943 4691 1135 4744 mundi
1168 4689 1574 4744 consummatio
1615 4705 1628 4740 :
1680 4688 1738 4742 In

158 4783 424 4854 singulis,
455 4782 654 4849 inquit,
680 4781 883 4835 diebus
899 4782 1202 4836 ereationis
1238 4781 1369 4835 fecit
1389 4795 1580 4848 Opera,
1613 4778 1737 4832 die-

157 4888 281 4927 rum
308 4885 549 4924 numero
572 4871 761 4939 paria:
802 4885 1003 4939 nempe
1044 4871 1098 4923 in
1157 4870 1341 4939 primo
1370 4868 1594 4938 quidem
1646 4867 1739 4922 die

156 4972 284 5033 post
319 4961 599 5030 simplicia
633 4963 908 5015 elementa
929 5001 944 5024 ,
980 4977 1120 5030 opus
1142 4977 1311 5015 unum
1339 4960 1485 5028 quod
1508 4969 1596 5014 est
1621 4959 1734 5013 lux.

156 5054 213 5108 In
241 5054 504 5108 secundo
533 5060 742 5115 autem,
779 5053 891 5107 duo
938 5069 951 5103 :
979 5068 1177 5120 nempe
1226 5053 1658 5113 ﬁrmamentum,
1680 5057 1739 5103 et

1852 3876 2021 3931 Sexto
2041 3876 2154 3939 die,
2186 3892 2281 3931 sex
2324 3895 2337 3931 :
2365 3892 2488 3947 qua:
2529 3888 2679 3943 sunt,
2708 3894 2776 3934 ex
2833 3891 2980 3936 terra
3011 3884 3337 3946 animantia.
3368 3896 3427 3942 et

1851 3967 2020 4020 homo
2042 3975 2099 4021 et
2126 3966 2349 4027 femina,
2381 3976 2439 4021 et
2471 3983 2595 4037 qum
2618 3977 2705 4024 est
2731 3970 2782 4024 ei
2814 3972 3060 4027 exhibita
3080 3974 3425 4039 benedictio.

1847 4065 2041 4125 etquae
2066 4056 2171 4109 fuit
2202 4058 2285 4110 eis
2309 4057 2435 4112 data
2454 4067 2717 4127 potestas,
2744 4071 2799 4114 et
2821 4062 2997 4118 cibus.

1920 4146 1977 4200 In
2002 4147 2090 4200 his
2119 4148 2290 4211 enim,
2339 4149 2598 4217 inquiunt
2645 4153 3014 4221 expositores,
3063 4170 3161 4211 sex
3201 4156 3421 4214 diebus.

1848 4235 1976 4288 licet
2000 4235 2189 4289 videre
2214 4235 2269 4291 in
2300 4250 2495 4291 eorum
2526 4239 2761 4307 singulis
2796 4242 3165 4311 symbolicum
3197 4246 3420 4314 aliquod

1846 4325 2077 4379 evidens
2125 4325 2393 4380 indicium
2443 4342 2628 4381 rerum
2671 4345 2796 4397 qua:
2831 4346 2863 4384 a
2909 4331 3020 4387 Deo
3066 4333 3223 4388 facta:
3268 4348 3418 4391 sunt.

1853 4414 1988 4469 Nam
2037 4415 2095 4468 in
2120 4415 2300 4483 primo
2340 4414 2452 4479 die,
2495 4417 2774 4486 separatio
2808 4420 2950 4473 lucis
2978 4428 3035 4474 et
3069 4422 3419 4477 tenebrarum

1845 4504 2118 4574 signiﬁcat
2168 4505 2317 4558 illam
2377 4506 2786 4574 separationem
2820 4523 3015 4563 eorum
3057 4512 3345 4579 quierant
3387 4533 3420 4566 α

1846 4597 2045 4649 dextris
2086 4605 2137 4648 et
2172 4598 2401 4650 sinistris
2436 4596 2667 4663 Christi,
2715 4615 2913 4670 nempe
2961 4613 3318 4671 peccatorum
3362 4617 3419 4660 et

1840 4687 2117 4757 jnstorum
2141 4705 2154 4739 :
2193 4687 2339 4742 unde
2378 4688 2544 4742 etiam
2573 4690 2629 4742 in
2657 4691 2916 4745 tenebras
2934 4694 3238 4750 exteriores
3260 4697 3421 4765 jubet

1847 4778 2002 4832 abire
2026 4794 2125 4833 eos
2161 4780 2257 4849 qui
2287 4787 2450 4833 erant
2475 4795 2504 4833 a
2530 4781 2796 4835 sinistris.
2824 4782 3099 4839 Similiter
3135 4796 3193 4841 et
3218 4802 3419 4842 secun-

1842 4870 1915 4922 do
1933 4868 2024 4922 die
2056 4884 2256 4938 aquam
2287 4870 2509 4938 quidem
2571 4871 2772 4939 partim
2803 4873 2859 4927 in
2899 4876 3071 4929 ctelos
3112 4891 3235 4933 esse
3287 4880 3391 4932 sub

1845 4960 2032 5021 latam,
2061 4960 2264 5027 partim
2285 4968 2468 5013 autem
2490 4976 2687 5015 rursus
2708 4963 3055 5017 amandatam
3077 4966 3131 5018 in
3160 4966 3415 5021 tenebras

1844 5051 2061 5120 abyssi;
2103 5051 2266 5106 docet
2304 5066 2405 5105 nos
2434 5067 2558 5120 qua:
2616 5052 2803 5107 futura
2865 5056 2979 5107 sint
3037 5055 3107 5109 de
3135 5056 3303 5125 justis
3355 5070 3413 5112 et

156 5144 494 5200 divisionem
532 5158 802 5211 aquarum
853 5152 963 5196 tam
1012 5157 1136 5211 qua:
1169 5149 1304 5196 sunt
1346 5156 1536 5211 supra,
1568 5156 1733 5210 quam
1774 5124 1816 5177 ι)
1843 5141 2234 5209 peccatoribus
2290 5156 2358 5195 ex
2392 5141 2558 5195 nobis
2604 5143 2658 5196 in
2700 5124 3200 5199 consummatione.
3235 5146 3411 5201 Mani-

155 5251 279 5305 qua:
306 5234 477 5288 infra.
502 5232 692 5287 Tertio
722 5234 838 5295 die,
866 5236 970 5288 tria
1000 5250 1013 5286 :
1049 5235 1531 5303 congregationem
1559 5247 1735 5301 aquae,

155 5337 211 5379 et
237 5335 405 5379 terra:
432 5322 825 5386 detectionem,
859 5334 915 5378 et
949 5325 1230 5379 fructuum
1262 5339 1329 5378 ex
1367 5339 1433 5377 ea
1460 5323 1740 5393 germina-

156 5416 394 5469 tionern.
420 5412 650 5478 Quarto,
691 5423 932 5484 quatuor
972 5432 985 5468 :
1018 5417 1229 5478 stellas,
1281 5424 1339 5470 et
1362 5417 1629 5477 solem,et
1656 5415 1743 5468 lu-

159 5517 311 5565 nam,
339 5510 400 5555 et
420 5514 616 5554 eorum
650 5504 982 5571 posituram.
1006 5503 1235 5569 Quinto,
1264 5518 1462 5557 rursus
1492 5503 1740 5573 quinque

158 5608 327 5664 opera
350 5610 363 5645 :
390 5608 589 5661 nempe
613 5594 860 5663 quinque
876 5610 1094 5659 sensus,
1117 5604 1175 5649 et
1190 5595 1371 5664 pisces
1391 5602 1447 5649 et
1464 5596 1738 5665 iumenta,

229 5728 304 5797 (l)
336 5727 540 5788 Grabe,
562 5725 806 5796 Spicilcg.
837 5737 876 5780 t.
902 5728 967 5792 ll,
1002 5743 1053 5796 p.
1083 5727 1209 5781 246.

455 5820 728 5879 Parnm"
772 5819 885 5878 Gn.
930 5820 1033 5879 LX
1051 5821 1098 5879 Χ
1115 5819 1194 5877 ΧΙ
1210 5820 1255 5878 Χ
1274 5862 1288 5877 .

1843 5230 2043 5284 festius
2063 5242 2247 5285 autem
2272 5245 2374 5285 nos
2409 5230 2575 5286 docet
2614 5233 2734 5288 dies
2776 5236 2977 5288 tertius
3027 5238 3296 5290 rationem
3330 5253 3418 5290 re-

1845 5321 2234 5387 surrectionis,
2269 5338 2368 5390 per
2409 5322 2517 5379 hoc
2566 5324 2715 5394 quod
2765 5325 2905 5380 dixit
2929 5328 2977 5380 is
3006 5329 3099 5396 qui
3130 5337 3261 5382 tunc
3293 5339 3418 5385 erat

1843 5410 2097 5476 Creator,
2131 5422 2323 5484 postea
2346 5424 2532 5469 autem
2558 5416 2779 5470 futurus
2800 5426 2886 5470 est
2904 5418 3071 5488 judex
3092 5437 3103 5469 :
3127 5417 3419 5489 Congrege-

1844 5511 1931 5585 tu;
1954 5521 2095 5574 aqua
2119 5522 2237 5576 qua
2258 5515 2333 5560 est
2352 5509 2445 5561 sub
2474 5508 2621 5572 caelo,
2659 5510 2715 5562 in
2742 5512 3199 5579 congregationem
3228 5527 3413 5572 unum.

1845 5595 1900 5649 in
1919 5595 2154 5666 judicio.
2189 5598 2256 5651 Et
2287 5599 2458 5654 tertio
2520 5599 2631 5665 die,
2658 5616 2782 5669 qua:
2814 5609 2901 5654 est
2931 5617 2996 5655 ex
3026 5612 3193 5664 terra,
3230 5602 3415 5657 herbe:

2895 5826 2969 5884 30
