4186 6442
722 369 824 429 93:)

2008 360 2405 420 ANASTASII
2448 358 2769 421 SINAlT/E

3858 366 3962 429 940

720 488 775 527 et
807 477 1067 527 arlmrum
1102 472 1433 540 germinatio
1471 486 1534 523 ac
1580 468 1895 539 productio,
1922 466 2169 520 ostendit
2206 482 2291 517 re-
2324 476 2366 527 Α
2398 482 2505 519 non
2540 467 2717 521 solum
2762 466 2831 520 de
2880 468 3166 521 vocatione
3192 470 3471 535 Gentium,
3529 472 3623 525 sed
3681 476 3849 527 etiam
3893 477 3962 531 de

720 564 1150 619 surrcctionem.
1204 563 1490 628 Quomodo
1561 564 1729 613 etiam
1788 560 1991 611 clamat
2053 556 2285 609 Paulus:

718 658 876 711 'l‘uuc
906 654 1055 707 enim
1096 653 1311 707 fruetus
1339 667 1568 721 operum
1618 660 1675 705 et
1713 651 1987 704 factorum
2028 648 2292 702 uniuscu—

714 750 915 818 jusque
964 762 1089 801 cum
1123 746 1206 799 eis
1234 752 1424 813 surget
1458 760 1488 797 e
1536 753 1700 796 terra.
1737 742 1893 807 Quod
1944 748 2128 794 autem
2157 740 2293 793 dicit

717 838 998 897 Christus,
1028 835 1251 903 quodin
1272 836 1652 888 resurrectione
1683 832 1955 903 fulgebunt
1994 833 2129 901 justi
2175 841 2293 884 tan-

720 946 879 997 quam
918 926 998 979 sol
1030 926 1100 987 “,
1135 926 1505 979 ascendentes
1525 926 1579 978 in
1607 926 1754 979 nube
1783 926 1851 980 ad
1882 926 2073 986 cados,
2105 932 2293 992 aperte

722 1018 1155 1073 ostenditetiam
1202 1027 1434 1086 quartus
1463 1017 1582 1070 dies
1616 1032 1716 1086 per
1774 1033 1894 1070 eam
1950 1030 2114 1084 quam
2149 1015 2295 1068 Deus

721 1110 777 1163 in
819 1110 937 1177 ipsa
965 1108 1098 1161 fecit
1129 1107 1239 1160 diei
1273 1123 1302 1160 a
1334 1116 1493 1160 nocte.
1517 1110 1889 1176 separatione.
1919 1106 2025 1160 Sed
2060 1114 2115 1159 et
2144 1103 2292 1173 quod

721 1216 751 1253 a
791 1200 906 1253 Deo
939 1199 1150 1253 dictum
1187 1207 1273 1253 est
1300 1198 1354 1250 in
1377 1198 1572 1265 quinto
1616 1199 1741 1251 die:
1784 1197 2090 1250 Producant
2144 1212 2297 1265 aqua:

723 1290 936 1360 reptilia
980 1290 1283 1342 animarum
1331 1289 1636 1351 viventium,
1686 1296 1734 1339 et
1776 1286 2013 1340 volucres
2059 1285 2296 1339 volantes

718 1398 876 1450 super
901 1393 1125 1441 terram,
1150 1378 1448 1431 admodum
1482 1379 1731 1448 apposite
1768 1378 1821 1432 id
1851 1377 2021 1443 magis
2048 1376 2298 1431 videmus

721 1472 838 1525 ﬁeri
867 1471 919 1524 in
971 1471 1386 1523 resurrectione
1446 1479 1813 1531 mortuorum,
1864 1470 2089 1537 quando
2133 1469 2167 1521 ii
2205 1468 2298 1536 qui

718 1562 1018 1631 aliquando
1063 1561 1118 1614 in
1161 1561 1296 1612 mari
1328 1560 1549 1613 fuerant
1591 1559 1843 1612 suffocati
1884 1570 1940 1612 et
1974 1560 2223 1611 det-orati
2272 1574 2301 1612 a

719 1654 985 1723 piscibus,
1010 1662 1308 1719 resurgunt
1328 1650 1598 1702 habentes
1623 1650 1836 1703 animas
1856 1651 2108 1703 viventes
2134 1659 2187 1702 et
2210 1650 2304 1705 im.

720 1744 975 1798 mortalia
997 1757 1343 1809 corporazcx
1368 1742 1573 1808 quibus
1604 1742 1694 1794 alii
1730 1742 1954 1809 quidem
1990 1741 2125 1794 ﬁunt
2146 1741 2303 1791 volu-

719 1833 922 1886 cresin
942 1832 1143 1885 cmluin
1175 1831 1441 1883 volantes.
1463 1831 1518 1883 In
1547 1832 1637 1884 die
1674 1842 1858 1883 autem
1888 1841 2045 1884 sexto
2065 1832 2155 1883 alii
2179 1832 2301 1899 qui-

718 1926 844 1978 dem
862 1925 1123 1977 dixerunt
1146 1923 1387 1976 hominis
1407 1938 1436 1975 e
1458 1932 1600 1975 terra
1620 1923 2003 1975 formationem
2022 1940 2141 1976 esse
2160 1940 2303 1992 sym—

720 2017 905 2069 bolum
954 2012 1378 2068 resurrecuonis
1433 2023 1778 2066 mortuorum
1824 2026 2120 2079 corporum
2162 2030 2175 2065 :
2211 2014 2303 2066 alii

717 2116 902 2159 autem
939 2104 1380 2173 prtwreatiouem
1420 2103 1763 2155 diversarum
1793 2104 2302 2163 hestiarum,etvo-

718 2200 959 2256 lucrum,
978 2205 1035 2249 et
1053 2195 1496 2262 quadrupedum,
1510 2206 1565 2247 et
1581 2196 1960 2263 jumentorum
1982 2212 1997 2257 ;
2016 2196 2233 2264 reptilia
2248 2204 2303 2248 et

720 2288 948 2348 bestias,
968 2294 1024 2338 et
1052 2285 1555 2351 dicenteshimpios
1581 2286 1818 2353 gentiles
1867 2302 1881 2338 :
1908 2286 2302 2354 quadrupedes

720 2386 908 2430 autem
936 2383 991 2426 et
1018 2376 1269 2443 jumcuta
1297 2390 1421 2440 qua:
1456 2383 1591 2427 sunt
1641 2373 1868 2441 quidem
1914 2374 2199 2427 immunda
2245 2381 2303 2427 et

717 2466 785 2518 ad
839 2477 997 2516 esum
1035 2478 1145 2514 non
1175 2472 1301 2529 apta
1330 2503 1345 2525 ,
1378 2479 1575 2515 eormn
1621 2464 1716 2531 qui
1765 2462 1872 2515 lide
1925 2463 2119 2515 vivunt
2172 2479 2299 2516 cum

719 2562 948 2623 peccato
985 2569 999 2581 ·
1050 2552 1255 2606 munda
1304 2562 1489 2606 autem
1547 2553 1754 2607 habere
1830 2552 2061 2622 ﬁguram
2122 2554 2302 2623 justo-

722 2663 862 2700 I'lllll.

793 2738 908 2796 llis.
954 2736 1214 2805 inquiunt
1272 2737 1628 2804 interpretes,
1674 2735 1759 2791 sic
1810 2751 1872 2790 se
1941 2734 2297 2801 habentibus,

723 2839 897 2884 restat
922 2831 1154 2882 omnino
1178 2829 1476 2881 dicendum
1511 2827 1579 2881 de
1614 2827 1703 2880 die
1752 2827 2014 2896 septimo,
2052 2828 2199 2896 quod
2252 2828 2300 2883 is

724 2921 963 2973 latenter
991 2932 1042 2973 e'
1069 2919 1289 2972 occulte
1339 2920 1503 2973 faciat
1555 2918 1804 2972 futurum
1846 2934 2101 2987 regnum.
2160 2918 2297 2973 Nam

723 3007 1005 3074 quomodo
1038 3007 1092 3059 in
1142 3005 1378 3074 singulis
1403 3006 1603 3060 diebus
1650 3006 2015 3061 hebdomadis
2042 3023 2137 3063 sex
2176 3009 2298 3063 die-

725 3114 872 3159 rum,
895 3096 1001 3150 fuit
1023 3097 1247 3165 aliquod
1272 3099 1488 3165 signum
1518 3088 1966 3163 resurrectionis,
1993 3109 2049 3154 et
2078 3100 2292 3167 mundi,
2321 3120 2366 3180 ο

722 3199 780 3243 et
814 3189 1097 3242 hominum
1133 3187 1548 3256 generationis;
1587 3188 1660 3241 ita
1682 3189 1925 3242 etiamin
1956 3206 2287 3259 unoquoque

726 3278 1034 3332 millenario
1086 3292 1181 3330 sex
1249 3277 1481 3329 millium
1541 3291 1811 3331 annorum
1862 3280 2294 3346 praeteritorum,

726 3369 829 3422 fuit
866 3368 1089 3436 aliquod
1124 3368 1436 3437 symbolum
1471 3377 1528 3421 et
1564 3377 1727 3438 typus
1772 3370 2195 3424 resurrectionis
2241 3380 2297 3425 et

727 3458 994 3511 transitus
1022 3467 1292 3510 creaturae
1325 3457 1394 3511 ad
1447 3457 1500 3510 id
1525 3457 1671 3525 quod
1696 3466 1779 3511 est
1814 3458 2047 3518 melius.
2098 3474 2296 3528 nempe

727 3545 793 3599 ad
821 3545 1298 3613 incorruptionem
1335 3556 1393 3598 et
1416 3545 1676 3599 interitus
1694 3547 2054 3600 cmotionem.
2082 3548 2296 3601 Ducen-

726 3636 923 3691 tesimo
987 3636 1211 3705 quidem
1268 3645 1327 3691 et
1390 3635 1674 3690 tricesimo
1729 3652 1876 3691 anno
1932 3638 2097 3707 primi
2148 3639 2296 3703 diei,

726 3728 946 3797 genitus
1004 3726 1137 3781 Seth
1196 3727 1312 3797 (qui
1369 3727 1788 3796 interpretatur,
1847 3730 2069 3801 positus)
2129 3732 2295 3786 habet

726 3817 1019 3887 imaginem
1044 3825 1100 3870 et
1151 3816 1576 3871 similitudinem
1619 3833 1784 3887 quam
1820 3820 1890 3873 ab
1930 3819 2088 3875 initio
2112 3838 2141 3875 a
2185 3824 2296 3878 Deo

725 3919 1009 3978 acceptam
1036 3907 1211 3962 Adam
1260 3908 1581 3963 obscuravit
1626 3925 1725 3978 per
1774 3914 2293 3980 transgressionem,

727 4005 788 4051 ut
816 4012 1009 4051 sumus
1049 3996 1226 4049 lusius
1272 3995 1553 4049 ostensuri
1590 4010 1714 4048 cum
1751 3995 2024 4050 fuerimus
2069 3998 2127 4051 in
2161 3999 2298 4054 locis

726 4086 819 4155 qui
845 4094 1285 4153 consequuntur.
1315 4084 1608 4138 Millesimo
1635 4094 1821 4139 autem
1849 4087 2296 4156 quingentesimo

727 4190 876 4228 anno
910 4173 997 4240 (ad
1018 4188 1304 4242 vesperam
1333 4172 1593 4226 tendente
1616 4173 1848 4228 meridie
1876 4174 2085 4242 saeculi)
2116 4186 2297 4231 trans-

726 4264 872 4317 latus
898 4270 983 4317 est
1014 4263 1203 4316 Enoeh
1234 4263 1330 4332 qui
1375 4262 1480 4316 fuit
1505 4262 1765 4331 primitiae
1798 4272 1854 4317 et
1894 4265 2067 4334 ﬁgura
2111 4266 2293 4320 homi-

725 4368 858 4405 num
882 4352 949 4406 ad
977 4353 1175 4407 melius
1202 4353 1579 4407 translationis
1607 4362 1663 4405 et
1694 4353 2135 4410 reformationis:
2167 4372 2293 4412 nam

2392 558 2543 610 exitu
2593 574 2621 610 e
2666 557 2890 621 mundo,
2938 568 2995 612 et
3043 559 3295 627 ingressu
3340 577 3593 627 superruo
3618 564 3956 619 Jerusalem:

2392 646 2649 712 quoniam
2680 646 2877 700 rubum
2912 658 2967 700 et
2995 649 3283 716 ignescens
3314 666 3462 705 mare
3488 652 3629 720 ignis
3658 656 3961 720 ﬂuviatilis,

2398 748 2592 788 omnes
2621 736 2915 789 transimus
2946 738 3059 789 veri
3091 738 3373 806 spiritales
3398 740 3686 794 Israeliue:
3714 746 3807 811 qui
3832 760 3967 799 vero

2398 824 2561 879 factis
2616 827 2904 881 imitantur
2956 828 3261 899 Egyptios,
3317 832 3439 900 igne
3502 833 3959 903 submerguntur.

2396 918 2576 972 Ilabes
2626 920 2793 972 etiam
2858 919 3151 973 dimidium
3234 924 3413 992 quinti
3487 924 3597 976 diei
3638 944 3651 977 :
3696 942 3784 979 res
3817 929 3965 980 enim

2394 1023 2517 1075 qua:
2571 1017 2697 1061 sunt
2737 1009 2791 1062 in
2845 1011 3087 1074 smeulo,
3121 1021 3251 1065 sunt
3301 1015 3639 1082 exemplaria
3691 1017 3970 1069 constitu-

2398 1100 2565 1153 tionis
2610 1116 2862 1171 superna:
2908 1102 3235 1168 Jerusalem,
3288 1105 3382 1157 ubi
3428 1107 3483 1157 in
3530 1106 3727 1159 Sancta
3754 1117 3972 1159 sancto-

2400 1209 2520 1245 rum
2552 1195 2759 1247 introiit
2813 1196 2878 1246 ".
2919 1195 3233 1249 Prmeursor
3280 1196 3555 1259 Christus,
3616 1215 3780 1267 quem
3815 1200 3973 1268 prius

2400 1283 2693 1354 descripsit
2723 1300 2788 1339 ae
2811 1287 3179 1355 pra-ﬁguravit
3223 1304 3348 1343 arca
3395 1292 3660 1360 templum
3700 1293 3971 1361 ingressa,

2401 1374 2621 1442 quando
2643 1375 2872 1428 chorum
2903 1376 3059 1429 duxit
3096 1388 3154 1432 et
3188 1380 3408 1433 saltavit
3463 1382 3514 1434 in
3550 1392 3737 1452 typum
3765 1383 3973 1436 Christi

2405 1466 2572 1518 David
2625 1468 2928 1520 exsultans.
2982 1470 3255 1533 Quoniam
3303 1488 3424 1540 qua:
3472 1476 3712 1542 perierat
3757 1476 3975 1528 ratione

2405 1556 2629 1623 pnedita
2659 1557 2897 1611 hominis
2925 1574 3073 1622 arca,
3114 1562 3167 1614 in
3197 1563 3389 1631 primis
3446 1567 3747 1633 repositum
3796 1566 3978 1618 fuerat

2406 1646 2501 1699 Dei
2535 1646 2972 1708 Testamentum,
3000 1658 3085 1702 est
3133 1651 3353 1707 inventa
3400 1663 3455 1708 et
3482 1655 3715 1709 liberata
3752 1671 3781 1708 a
3817 1655 3981 1707 mali-

2407 1737 2525 1804 guis
2552 1738 2875 1807 alienigenis
2890 1741 2981 1807 qui
3007 1756 3127 1794 eam
3148 1742 3471 1811 redegerant
3496 1747 3549 1799 in
3576 1748 3975 1815 captivitatem.

2410 1828 2533 1881 llaec
2566 1839 2747 1881 autem
2770 1830 2951 1883 omnia
2977 1847 3098 1898 qua:
3133 1832 3281 1886 dicta
3321 1844 3450 1887 sunt
3493 1838 3739 1905 quinque
3770 1837 3976 1890 indicia

2408 1917 2463 1969 in
2501 1919 2747 1986 quinque
2789 1921 3128 1975 meridicbus
3169 1923 3414 1991 quinque
3446 1922 3659 1977 dierum
3688 1942 3785 1980 seu
3822 1926 3979 1979 mille

2406 2023 2675 2061 annorum
2712 2010 2921 2070 seculi,
2946 2027 3055 2065 non
3100 2013 3277 2065 solum
3306 2022 3437 2066 sunt
3479 2016 3723 2084 symbola
3781 2019 3977 2071 mundi

2406 2099 2785 2152 translationis
2813 2101 2878 2155 ad
2913 2102 3131 2165 melius,
3153 2111 3211 2157 et
3257 2103 3729 2173 incorruptionem
3784 2107 3982 2160 interi-

2408 2198 2602 2255 tusque
2645 2190 3008 2244 remotionem
3036 2209 3049 2243 :
3081 2192 3176 2246 sed
3202 2194 3368 2246 etiam
3412 2194 3587 2261 ipsius
3624 2193 3833 2246 Christi
3881 2209 3981 2262 ap-

2405 2277 2698 2344 paritionis
2750 2279 3103 2347 hominisque
3152 2282 3527 2351 susceptionis
3580 2293 3638 2337 et
3684 2283 3975 2336 Ecclesiae.

2405 2366 2632 2421 Meridie
2664 2369 2813 2422 enim
2845 2378 2903 2422 et
2929 2386 3160 2439 vespere
3205 2374 3346 2426 sexti
3380 2373 3515 2436 diei,
3546 2388 3641 2427 seu
3678 2374 3984 2442 quinquies

2407 2458 2701 2511 millesimo
2732 2467 2790 2512 et
2812 2460 3262 2528 quingentesimo
3292 2478 3436 2515 anno
3460 2462 3777 2516 incarnatus
3809 2478 3983 2531 appa-

2404 2548 2516 2601 ruit
2546 2566 2557 2600 :
2593 2548 3044 2618 quandoquidem
3076 2552 3143 2604 ad
3176 2567 3461 2621 vesperam
3497 2554 3636 2606 sexti
3671 2553 3781 2606 diei
3809 2554 3866 2606 in
3894 2553 3979 2607 sui

2405 2646 2591 2709 typum
2623 2639 2881 2693 formavit
2901 2640 3096 2696 Adam.
3124 2642 3191 2696 Et
3222 2643 3346 2697 ideo
3380 2644 3630 2697 nonnulli
3661 2645 3983 2713 conjectan-

2402 2736 2486 2781 ter
2507 2728 2768 2783 dixerunt
2830 2730 2977 2799 quod
3009 2748 3237 2801 vespere
3285 2746 3341 2787 et
3382 2734 3613 2787 dimidio
3674 2734 3814 2788 sexti
3865 2734 3980 2789 diei

2404 2817 2465 2872 ﬁt
2504 2821 2861 2885 resurrectio,
2928 2838 3091 2892 quam
3156 2824 3471 2894 signiﬁcant
3528 2841 3623 2879 sex
3660 2825 3977 2893 vespertina

2402 2911 2760 2978 crepuscula;
2795 2912 2966 2979 utqui
3014 2912 3165 2982 digni
3194 2915 3307 2968 sint
3339 2915 3586 2968 haeredes
3619 2914 3773 2980 regni
3804 2913 3981 2967 (πιο-

2402 3016 2545 3053 rum.
2581 3001 2699 3065 Quo
2733 3002 2979 3069 quidem,
3004 3002 3207 3071 inquit,
3249 3009 3484 3074 septimo
3512 3005 3624 3066 die.
3658 3014 3979 3059 extremum

2401 3092 2647 3144 omnium
2670 3108 2793 3160 qua-
2819 3094 3050 3151 creavit.
3087 3094 3442 3148 incﬂ‘abiliter
3469 3104 3524 3148 ct
3568 3096 3800 3165 mystice
3838 3110 3980 3149 con-

2398 3181 2604 3235 struxit
2651 3182 2796 3235 Deus
2851 3183 3115 3246 Verbum,
3149 3185 3295 3239 sicut
3322 3200 3423 3239 nos
3457 3186 3620 3239 docet
3666 3186 3783 3254 ipse
3832 3186 3979 3240 Deus

2398 3272 2666 3335 Verbum,
2702 3272 2934 3327 dicens:
2970 3273 3172 3335 Venite,
3204 3276 3457 3330 benedicti
3485 3277 3662 3329 Putris
3700 3277 3825 3339 mei,
3860 3292 3975 3330 esse

2399 3362 2631 3415 Itwredes
2653 3365 2833 3432 parati
2872 3365 3009 3417 vobis
3038 3368 3184 3435 regni
3223 3384 3255 3420 a
3299 3370 3670 3421 constitutione
3689 3370 3874 3421 mundi
3904 3369 3978 3422 ".

2399 3451 2531 3505 Nam
2551 3454 2834 3521 quomodo
2862 3464 3176 3510 creaturam
3211 3458 3486 3521 condidit,
3521 3469 3656 3512 tunc
3684 3458 3856 3511 etiam
3881 3475 3981 3528 pa-

2404 3548 2549 3602 ravit
2574 3564 2826 3618 regnum.

2469 3633 2582 3689 lloc
2626 3644 2711 3690 est
2765 3639 2914 3691 enim
2949 3639 3273 3693 vicesimum
3330 3639 3636 3695 secundum
3668 3640 3764 3694 Dei
3810 3656 3977 3710 opus.

2397 3727 2593 3797 viginti
2641 3728 2787 3782 enim
2837 3730 2950 3783 duo
2976 3746 3144 3800 opera
3184 3731 3385 3786 fecisse
3438 3733 3610 3787 Deum
3655 3730 3871 3791 dicunt.
3920 3742 3980 3785 et

2397 3819 2714 3874 Judzeorum
2741 3830 2798 3875 et
2815 3820 3259 3877 Christianorum
3293 3823 3651 3891 interpretes.
3676 3822 3755 3878 Ex
3771 3822 3981 3892 quibus

2399 3911 2623 3979 quidem
2650 3911 2845 3980 viginti
2878 3922 2936 3966 et
2963 3929 3133 3966 unum
3172 3914 3286 3983 jam
3316 3915 3482 3983 paulo
3520 3923 3648 3969 ante
3677 3927 3978 3967 enumera-

2398 4002 2580 4055 vimus
2612 4002 2755 4056 facta
2784 4003 2838 4056 in
2874 4017 2969 4056 sex
3021 4003 3241 4059 diebus.
3272 4006 3612 4060 V'ieesimum
3658 4014 3845 4061 autem
3891 4020 3981 4061 se-

2397 4091 2640 4145 cundum
2682 4100 2768 4145 est
2818 4092 2989 4146 futuri
3040 4094 3226 4147 saeculi
3277 4106 3532 4164 paratum
3597 4110 3853 4164 regnum,
3920 4104 3977 4150 et

2399 4183 2706 4253 spiritualis
2740 4184 3158 4253 contemplatio.
3196 4186 3497 4255 Propterea
3528 4186 3723 4256 viginti
3752 4201 3978 4256 quoque

2398 4274 2620 4328 duobus
2650 4274 2811 4328 libris
2842 4283 3133 4330 enumerat
3159 4291 3324 4330 omne
3380 4275 3553 4332 Vetus
3590 4292 3752 4332 suum
3785 4277 3829 4331 Τ
3832 4287 3981 4332 esta-

2400 4377 2671 4421 mentum.
2709 4365 2816 4420 Sed
2842 4382 3022 4436 neque
3056 4370 3213 4421 novit
3234 4368 3623 4437 quamobrem,
3661 4383 3844 4437 neque
3874 4368 3980 4422 scit

726 4444 913 4501 Enoch
950 4444 1349 4514 interpretatur
1393 4445 1685 4497 innovatio.
1738 4444 1895 4500 Unde
1936 4446 2174 4514 septimo
2201 4446 2292 4502 die
2328 4477 2372 4532 D
2403 4456 2729 4528 mysterium
2764 4458 3015 4512 vicesimi
3046 4459 3275 4513 secundi
3308 4461 3549 4515 numeri.
3596 4459 3784 4528 Neque
3827 4459 3981 4529 cogi-

724 4534 1072 4603 signiﬁcante
1119 4532 1560 4597 translationem,
1600 4535 1695 4602 qui
1747 4534 1852 4589 fuit
1900 4537 2170 4604 septimus
2222 4538 2293 4592 ab
2400 4558 2479 4603 ιθι
2530 4549 2677 4617 quod
2714 4550 3014 4604 vicesimus
3058 4552 3283 4620 quidem
3320 4556 3601 4606 ἠιηηει-υε
3643 4560 3859 4607 constat
3912 4567 3980 4606 ει

727 4626 957 4691 Adamo,
981 4626 1087 4679 fuit
1108 4626 1429 4679 translatus.
1466 4625 1557 4679 Bis
1591 4625 1886 4679 millesimo
1915 4635 2098 4680 autem
2131 4628 2298 4698 quin.

725 4716 1031 4782 geritesimo
1085 4730 1254 4779 anno,
1309 4714 1456 4784 quod
1511 4722 1597 4770 est
1653 4715 1947 4771 dimidium
1994 4720 2145 4773 tertii
2179 4720 2293 4775 diei

725 4807 932 4869 saeculi,
968 4806 1109 4861 facta
1128 4815 1212 4861 est
1233 4805 1428 4860 mundi
1478 4806 1795 4860 rcformatio
1839 4817 1965 4876 post
2018 4809 2293 4867 diluvium

725 4912 823 4966 per
846 4896 979 4949 Noe.
1002 4896 1135 4950 Nam
1153 4896 1267 4951 Noe
1286 4911 1506 4965 quoque
1546 4896 1943 4966 interpretatur
1963 4900 2290 4967 reformatio.

726 4986 994 5041 Similiter
1041 4995 1098 5040 et
1149 4995 1231 5040 ter
1285 4987 1578 5041 millesimo
1622 4988 2067 5058 quingentesima
2125 5006 2293 5057 anno,

726 5077 872 5145 quod
896 5076 1122 5145 quidem
1170 5085 1254 5130 est
1297 5076 1588 5131 dimidium
1631 5079 1812 5147 quarti
1859 5079 1990 5143 diei,
2047 5085 2295 5151 generati

728 5177 859 5222 sunt
882 5170 992 5222 duo
1013 5168 1227 5237 pepuli,
1256 5167 1421 5221 Israel
1455 5176 1512 5222 et
1543 5168 1716 5223 frater
1744 5170 1885 5239 ejus.
1909 5170 2067 5237 Quod
2107 5174 2152 5227 si
2190 5174 2296 5230 hoc

726 5277 838 5317 non
868 5261 1114 5315 admittis
1146 5260 1199 5314 in
1231 5262 1446 5329 signum
1478 5263 1929 5327 resurrectionis,
1961 5265 2104 5320 scias
2151 5267 2299 5337 quod

727 5350 923 5404 eodem
958 5361 1156 5419 quarto
1189 5351 1282 5405 die
1309 5365 1566 5419 egressus
1587 5361 1673 5406 est
1731 5352 1901 5407 Israel
1944 5369 2011 5409 ex
2041 5355 2299 5427 Egypto,

728 5451 785 5495 et
812 5442 1093 5512 ingressus
1120 5450 1206 5495 est
1244 5442 1301 5495 in
1337 5450 1539 5496 terram
1590 5446 1992 5513 promissionis.
2016 5448 2175 5505 Nunc
2197 5465 2305 5543 au-

729 5541 838 5584 tem
869 5532 1080 5585 exitum
1113 5548 1178 5586 ex
1200 5531 1434 5603 Egypto
1463 5532 1907 5604 interpretantur
1940 5531 2297 5612 interpretes,

2400 4639 2619 4693 duobus
2647 4640 2908 4709 perfectis
2928 4644 3179 4698 numeris
3214 4659 3312 4697 seu
3362 4644 3631 4708 denariis,
3657 4644 3981 4714 signiﬁcans

2397 4730 2678 4785 Christum
2713 4749 2779 4785 ex
2820 4732 3042 4789 duobus
3075 4734 3335 4803 perfectis
3377 4735 3746 4804 compositum
3772 4736 3863 4805 (ex
3893 4735 3980 4789 di-

2400 4822 2652 4886 vinitate,
2680 4824 2927 4892 inquam,
2978 4834 3034 4878 et
3074 4827 3439 4894 humanitate)
3476 4826 3589 4880 duo
3642 4835 3980 4882 testamenta

2400 4916 2720 4983 scripsisse;
2787 4917 3110 4981 Mosaicum,
3168 4918 3430 4987 inquam,
3497 4918 3869 4988 Decalogum,
3920 4927 3984 4972 et

2404 5005 2784 5074 Evangelium.
2813 5007 2903 5062 Sic
2918 5008 3066 5062 enim
3084 5008 3347 5077 impletur
3365 5008 3665 5063 vicesimus
3690 5006 3979 5063 secundus

2405 5112 2672 5151 numerus
2697 5114 2763 5152 ex
2798 5100 3019 5155 duobus
3045 5101 3327 5169 decalogis
3350 5112 3407 5156 et
3434 5100 3657 5155 duabus
3695 5101 3979 5179 essentiis,

2403 5202 2600 5257 nempe
2623 5189 2915 5245 divinitate
2955 5203 3013 5247 et
3042 5193 3407 5249 humanitate.
3454 5193 3729 5260 Quoniam
3790 5204 3979 5248 autem

2400 5278 2564 5347 887
2610 5282 2865 5347 pervenit
2891 5284 3071 5337 oratio
3100 5283 3168 5337 ad
3203 5298 3268 5337 ea
3313 5299 3439 5353 qua:
3466 5292 3598 5338 sunt
3631 5283 3871 5338 dicenda
3907 5281 3981 5337 de

2398 5368 2589 5436 quiete
2623 5379 2677 5422 et
2701 5374 3187 5427 consummatione
3242 5374 3464 5444 septimi
3512 5375 3649 5438 diei,
3703 5389 3820 5429 non
3868 5373 3983 5429 erit

2396 5456 2663 5523 alienum,
2692 5459 2740 5513 si
2766 5462 2982 5531 aliquas
3005 5463 3213 5519 Christi
3239 5480 3406 5520 voces
3428 5481 3569 5535 quas
3585 5465 3729 5519 dixit
3750 5464 3822 5520 de
3839 5479 3981 5519 con-

2398 5552 2798 5618 summatione,
2826 5553 2882 5609 in
2910 5556 3155 5611 medium
3207 5555 3575 5613 adducamus.
3609 5557 3747 5613 Nam
3788 5556 3846 5612 in
3874 5570 3979 5615 na-

800 5710 844 5737 "
880 5710 1068 5764 Matth.
1090 5728 1204 5775 xm,
1236 5712 1322 5766 i3.
1400 5715 1442 5746 "
1475 5713 1642 5769 Hebr.
1676 5732 1748 5779 ix,
1788 5716 1871 5769 l2.
1949 5719 1995 5751 ”
2021 5717 2211 5774 Matth.
2250 5739 2375 5789 xxv,
2404 5725 2487 5782 3i.
