4186 6442
162 373 258 436 911

1261 380 1342 440 ΙΝ
1382 379 1928 442 HEXAEMERON.
1948 406 2017 417 —
2038 384 2187 447 LIB.
2226 389 2361 450 VII.

3312 400 3418 463 942

165 486 354 539 rabola
409 487 634 556 quidem
695 488 886 543 decem
924 487 1210 557 Virginum
1267 488 1407 544 dixit
1454 492 1522 522 "'
1551 491 1730 545 media
1763 496 1805 550 Α
1836 492 1995 545 armis
2020 510 2163 563 quos
2212 495 2351 549 dixit
2383 496 2528 551 Deus
2559 495 2694 562 Noe,
2721 512 2845 552 eum
2878 499 2916 554 ii
2962 515 3071 556 non
3100 501 3211 559 sint
3243 506 3405 576 ﬁniti,

1836 590 1892 635 et
1921 583 1990 638 de
2020 586 2272 655 plurimis
2302 587 2426 641 aliis
2460 588 2716 643 similiter
2759 605 2775 655 ;

160 582 325 628 nocte
358 575 603 644 seipsum
624 586 881 644 tanquam
910 590 1173 644 sponsum
1191 590 1222 629 e
1252 578 1393 631 ctelo
1415 588 1731 632 venturum.

158 662 341 716 Media
373 681 479 718 uox
522 675 704 718 autem
744 675 1002 719 censetur
1044 676 1240 734 quarta
1291 683 1419 735 pars
1472 669 1651 723 noctis
1679 678 1735 723 et

157 752 306 805 dici:
362 754 428 805 Et
460 754 657 821 factum
696 764 794 815 est,
846 753 1046 823 inquit,
1070 756 1307 821 vesper;
1346 765 1395 808 et
1434 757 1633 825 factum
1659 770 1735 811 est

157 859 320 895 utam
343 844 452 895 dies
491 861 647 897 tutus.
682 845 809 898 Dies
836 854 1024 898 autem
1079 847 1283 899 Christi
1316 847 1483 901 habet
1520 859 1735 919 tempus

157 933 312 986 mille
338 951 636 996 annorum,
673 945 733 989 ut
758 938 869 1005 iam
924 938 999 991 sit
1055 939 1236 991 Inedia
1280 954 1389 991 nox
1445 942 1734 1008 praesentis

154 1023 269 1077 diei
325 1025 544 1093 septimi
600 1025 1017 1081 dueentesimus
1082 1029 1577 1099 quinquagesimus
1634 1050 1732 1086 an-

154 1130 286 1168 nus.
310 1114 467 1180 Quod
504 1116 727 1183 quidem
759 1118 1029 1171 Dominus
1082 1134 1277 1172 rursus
1309 1122 1471 1174 tacite
1520 1124 1731 1191 signiti-

152 1216 264 1264 cat.
289 1207 484 1260 dicens
505 1225 517 1258 ε
535 1206 661 1271 Quis
683 1217 757 1259 est
776 1223 907 1277 ergo
917 1208 1092 1274 ﬁdelis
1123 1220 1170 1261 et
1192 1211 1419 1277 prudens
1443 1212 1532 1263 ille
1552 1230 1730 1266 servus

152 1312 311 1363 quem
344 1313 463 1349 cum
494 1300 691 1349 venerit
718 1298 972 1350 Dominus
1020 1300 1155 1366 ejus,
1190 1302 1447 1354 invenerit
1501 1305 1730 1372 vigilan-

152 1393 259 1438 tem
290 1386 315 1436 ?
341 1388 506 1439 Amen
531 1388 644 1438 dico
673 1389 832 1448 vobis,
865 1389 1005 1456 quod
1028 1406 1187 1457 super
1214 1393 1394 1444 omnia
1445 1394 1580 1448 bona
1624 1413 1721 1448 sua

150 1478 435 1528 constituet
475 1493 592 1529 eum
612 1494 629 1530 .'
650 1486 697 1530 et
737 1479 781 1530 si
812 1480 867 1530 in
892 1481 1119 1532 secunda
1151 1491 1197 1533 et
1230 1484 1388 1535 tertia
1436 1486 1615 1553 vigilia
1642 1504 1730 1539 ve-

152 1568 291 1619 nerit
317 1576 364 1619 et
384 1569 460 1619 sic
480 1569 760 1631 invenerit,
793 1568 1084 1621 bealusillc
1113 1587 1293 1622 servus
1329 1573 1396 1626 ⁵³.
1433 1576 1569 1627 (ium
1619 1577 1731 1630 sint

148 1672 282 1726 ergo
340 1667 579 1725 quatuor
613 1658 793 1711 noctis
822 1660 1042 1727 vigilize,
1083 1676 1183 1713 cur
1225 1678 1333 1715 non
1364 1664 1499 1717 dicit
1541 1667 1728 1719 Donni-

148 1763 277 1809 nus,
315 1748 466 1815 quod
501 1751 666 1803 etiam
696 1750 872 1815 prima
901 1750 1124 1819 vigilia;
1156 1752 1252 1804 sed
1284 1768 1407 1806 cum
1444 1757 1727 1811 nominas-

146 1845 232 1889 set
256 1837 558 1890 secundam
615 1844 673 1890 et
724 1837 983 1903 tertiam,
1048 1842 1316 1908 prmtcriit
1381 1847 1614 1913 primam
1672 1860 1727 1903 ct

148 1937 408 1996 quartam
439 1927 463 1977 ’ἒ

213 2099 588 2166 Quamobrem
607 2102 799 2156 media:
821 2106 967 2159 nocti
990 2124 1182 2163 rursus
1198 2112 1461 2167 convenit
1479 2114 1723 2169 secunda

143 2200 202 2244 et
241 2192 406 2243 tertia
455 2192 640 2259 vigilia
684 2210 696 2245 :
739 2195 984 2262 perfecta
1030 2200 1259 2254 enimet
1293 2204 1453 2270 plena
1484 2221 1591 2258 nox
1639 2216 1727 2261 est

141 2279 622 2347 qningentcsimus
668 2296 847 2337 annus
894 2286 1025 2339 diei.
1082 2288 1201 2342 Nox
1266 2300 1451 2346 autem
1497 2296 1724 2350 dimidia

140 2380 225 2422 est
254 2386 440 2423 annus
467 2372 883 2429 dueentesimns
918 2379 1428 2451 quinquagesimus.
1460 2384 1724 2441 Similiter

139 2459 308 2513 etiam
357 2462 825 2529 complementum
866 2469 1124 2523 secunda:
1165 2471 1383 2539 vigilim,
1424 2485 1479 2528 et
1520 2479 1724 2545 princi-

140 2550 296 2618 pium
355 2552 533 2605 tcrtia:
591 2553 810 2622 vigiliae,
862 2567 946 2609 est
1001 2556 1146 2612 idem
1196 2560 1613 2618 ducentesintus
1667 2577 1723 2621 ct

139 2641 633 2710 quinquagesimus
694 2660 891 2700 annus.
968 2647 1094 2702 "me
1146 2662 1329 2706 autem
1392 2654 1722 2724 interpretes

139 2733 411 2787 dixerunt
437 2749 536 2802 per
564 2738 939 2804 conjecturam
976 2741 1042 2794 ad
1094 2744 1262 2797 animi
1300 2749 1716 2815 rccreationem,

138 2837 250 2875 non
290 2829 479 2875 autem
533 2823 843 2879 deﬁniendo
887 2846 899 2881 :
937 2844 1116 2898 neque
1180 2833 1327 2886 enim
1396 2835 1719 2905 ignorarunt

136 2928 265 2965 eum
295 2912 395 2981 qui
423 2913 563 2966 dixit
596 2931 610 2967 :
644 2914 718 2967 De
752 2917 834 2969 die
862 2918 956 2971 illo
990 2930 1039 2973 et
1072 2923 1204 2975 hora
1240 2941 1393 2978 nemo
1431 2930 1589 2990 novit,
1628 2946 1718 2981 nec

136 3001 319 3069 angeli
375 3001 475 3054 Dei
499 3003 564 3056 “.
606 3002 878 3064 Caeterqu
912 3008 1075 3072 Deus,
1104 3010 1393 3080 inquiunt,
1427 3016 1718 3071 abscondit

136 3090 319 3158 ipsum
371 3091 518 3145 diem
557 3102 615 3147 et
651 3094 877 3160 horam;
946 3110 1178 3166 possunt
1219 3111 1403 3156 autem
1473 3113 1714 3175 tempora

133 3182 416 3251 conjicere
469 3182 504 3235 ii
553 3184 646 3251 qui
704 3183 908 3239 habent
961 3199 1208 3243 sanctum
1265 3191 1553 3260 Spiritum,
1619 3195 1713 3264 qui

133 3267 423 3336 cognoscit
454 3269 617 3321 etiam
658 3271 919 3338 profunda
952 3275 1044 3328 Dei
1085 3278 1151 3330 ".
1195 3277 1531 3349 Coniieimus
1558 3297 1711 3353 ergo,

134 3356 425 3425 inquiunt,
477 3373 541 3411 ex
582 3361 751 3415 rebus
796 3372 851 3416 et
905 3366 1088 3420 verbis
1138 3368 1233 3421 Dei
1285 3379 1339 3422 et
1392 3372 1710 3441 Scripturaa,

132 3463 253 3515 quae
284 3448 357 3502 de
400 3453 875 3506 consummatione
922 3455 1068 3510 dicta
1126 3467 1254 3511 sunt
1290 3461 1631 3529 :enigmatice
1656 3472 1713 3517 ct

131 3541 391 3601 occulte;
426 3539 523 3593 sed
555 3557 746 3595 verum
792 3544 999 3598 exitum
1040 3556 1095 3600 et
1136 3547 1299 3603 ﬁnem
1336 3552 1519 3605 sacculi
1559 3552 1711 3607 solus

129 3629 234 3681 scit
269 3628 506 3682 Creator
538 3639 847 3700 temporqu
888 3644 943 3687 ct
976 3638 1387 3694 universorum.
1434 3641 1705 3707 Quoniam

127 3730 317 3771 autem
383 3718 523 3772 nihil
583 3731 668 3774 est
713 3723 853 3776 adeo
909 3726 1217 3795 jucundum
1274 3730 1615 3798 hominibus,
1652 3746 1709 3788 et

126 3809 370 3862 maxime
412 3809 468 3861 in
507 3811 711 3878 quibus
742 3813 955 3869 habitat
977 3816 1244 3872 fascinum
1272 3819 1511 3887 invidiae,
1540 3833 1704 3893 atque

123 3898 461 3952 maledicere
487 3909 542 3951 et
560 3900 737 3955 aliena
760 3915 1033 3972 evertere,
1057 3908 1110 3960 in
1136 3909 1434 3977 perniciem
1460 3920 1518 3965 et
1549 3929 1705 3967 ever-

122 3991 337 4045 sionem
393 3991 714 4046 auditorum
752 4012 765 4047 :
797 4003 854 4048 et
906 4006 1058 4059 sunt,
1122 4006 1179 4051 ut
1237 4008 1323 4052 est
1375 4003 1700 4068 verisimile,

122 4081 379 4135 nonnulli
411 4082 799 4150 reprehensuri
831 4088 1103 4141 calculum
1131 4099 1494 4146 etnumerum
1526 4109 1700 4148 anno-

122 4190 241 4228 rum
270 4189 417 4243 quos
444 4175 682 4229 diximus
704 4176 759 4229 in
796 4192 891 4230 sex
915 4180 1248 4247 vespertinis
1277 4185 1620 4251 crcpusculis
1645 4196 1701 4239 et

119 4266 469 4318 meridiebus
519 4281 789 4320 annorum
846 4268 1301 4335 millenariorum,
1360 4273 1552 4341 paucis
1583 4274 1698 4327 for-

119 4364 261 4409 tasse
289 4355 458 4408 annis
489 4354 879 4412 deﬁcientibus
903 4370 999 4413 aut
1021 4359 1189 4413 etiam
1222 4361 1692 4430 redundantibus;

116 4446 181 4499 ad
203 4462 305 4500 eos
334 4447 561 4514 quidem
595 4448 691 4516 qui
719 4459 850 4504 sunt
876 4450 1027 4518 digni
1057 4462 1116 4505 ut
1150 4452 1454 4508 reddantur
1487 4457 1696 4510 certio-
1726 4461 1770 4517 D

118 4551 224 4599 res,
252 4536 396 4589 illud
437 4538 857 4605 respondemus,
888 4540 1032 4609 quod
1079 4541 1245 4610 hujus
1273 4543 1352 4595 rei
1380 4559 1543 4598 causa
1572 4554 1692 4599 orta

115 4634 197 4679 est
237 4642 309 4679 ex
358 4627 425 4679 iis
450 4627 542 4695 qui
574 4627 745 4681 certis
789 4629 1132 4698 temporibus
1169 4632 1322 4687 fuere
1358 4633 1693 4705 chronogra-

115 4716 229 4783 phi,
259 4715 361 4785 qui
398 4716 454 4768 in
483 4717 826 4771 numerando
856 4734 965 4772 non
984 4732 1402 4777 consenserunt.
1436 4723 1691 4780 Secundo

117 4812 302 4857 autem
338 4812 428 4857 est
456 4803 764 4868 sciendum,
787 4807 933 4872 quod
950 4808 1113 4861 aliter
1135 4821 1452 4878 computant
1473 4812 1687 4868 Hebraei

113 4905 342 4954 annum,
376 4900 436 4945 et
475 4892 636 4946 aliter
678 4893 938 4949 Romanae
968 4896 1226 4953 Ecclesia:
1265 4901 1528 4967 traditio;
1561 4917 1686 4956 nam

113 4981 187 5034 illi
241 4980 501 5050 quidem,
566 4990 942 5039 trecentorum
992 4988 1389 5058 quinquaginta
1452 5000 1688 5059 quatuor

112 5066 287 5119 solum
332 5065 552 5121 dierum
597 5083 803 5124 annum
850 5085 1166 5132 numerant.
1213 5076 1486 5132 Caeterum
1541 5083 1686 5150 quod

111 5157 356 5213 Ecclesia
397 5173 509 5212 non
532 5168 719 5215 exacte
755 5162 1054 5231 aliquando
1082 5166 1357 5223 invenerit
1392 5187 1683 5228 numerum

110 5249 163 5304 in
183 5248 611 5320 quadringentis
635 5253 816 5317 annis,
852 5255 1057 5325 quibus
1102 5257 1240 5311 dixit
1271 5258 1417 5315 Deus
1448 5261 1683 5320 Abrahae

108 5520 547 5591 quadringentos
614 5537 825 5591 annos,
912 5534 970 5580 et
1044 5528 1113 5583 de
1194 5539 1415 5586 centum
1490 5536 1679 5606 viginti

180 5746 254 5812 (l)
278 5749 479 5816 Grabc,
514 5753 760 5825 Spicileg.
792 5765 922 5811 tom.
949 5756 1013 5821 ll,
1040 5775 1093 5829 ιι.
1129 5761 1245 5815 195.

1908 674 2021 729 Καὶ
2056 677 2117 728 τὸ
2168 677 2242 747 μὴ
2280 679 2490 731 κεῖσθαι
2534 680 2590 733 δὲ

1838 766 1931 817 ἐπὶ
1968 767 2065 835 τῆς
2113 767 2342 836 ἑϐδόμης
2378 769 2589 839 ἡμέρας

1838 856 1958 908 κατ’
2009 857 2226 926 ἰσότητα
2272 857 2379 910 τῶν
2415 860 2590 912 ἄλλων

1838 951 1870 1017 ἡ
1880 951 2059 1019 μερῶν
2088 952 2148 1003 τὸ
2174 967 2187 980 ·
2216 953 2321 1004 Καὶ
2352 952 2589 1021 ἐγένετο

1836 1041 2061 1110 ἑσπέρα
2147 1043 2246 1096 καὶ
2350 1045 2589 1114 ἐγένετο

1834 1135 2018 1199 πρῳῒ,
2096 1134 2364 1203 σύμϐολόν
2439 1138 2588 1190 ἐστιν

1833 1226 2060 1296 ἐναργὲς
2100 1228 2199 1297 τῆς
2232 1229 2289 1280 ὲν
2320 1228 2458 1297 αὐτῇ
2498 1245 2588 1296 γε-

1834 1318 2067 1388 νομένης
2118 1319 2427 1381 συντελείας
2480 1322 2587 1390 πρὸ

1833 1410 1931 1476 τῆς
1986 1426 2049 1460 συ
2058 1407 2433 1477 μπληρὼσεως
2493 1412 2586 1462 αὺ-

1832 1499 1961 1567 τῆς,
2001 1498 2075 1562 ὣς
2119 1516 2282 1568 φασιν
2317 1502 2366 1552 οῑ
2410 1501 2585 1554 Πατέο

1836 1607 1947 1659 ρες,
1993 1592 2086 1643 καὶ
2120 1592 2354 1660 μάλιστα
2378 1593 2430 1645 οἱ
2458 1596 2583 1663 περὶ

1830 1683 1922 1734 τὸν
1966 1684 2110 1750 ἱερὸν
2154 1686 2449 1755 Κλήμεντα
2488 1688 2580 1739 καὶ

1833 1774 2115 1844 Εἰρηναῖον
2131 1815 2146 1839 ,
2172 1778 2266 1828 καὶ
2299 1777 2580 1831 Ἰουστῖνον

1827 1865 1919 1918 τὸν
1952 1867 2203 1935 μάρτυρα
2227 1868 2319 1919 καὶ
2364 1868 2581 1934 φιλόσο-

1830 1974 1950 2025 φον,
1989 1959 2137 2020 ὅστις
2183 1958 2303 2010 λίαν
2329 1975 2387 2011 τε
2419 1960 2582 2029 ὑπερ·

1830 2048 2011 2115 σὸφως
2092 2050 2171 2111 εἰς
2252 2048 2345 2101 τὸν
2422 2048 2580 2101 ἕκτον

1829 2141 2296 2210 ὑπομνηματίζων
2338 2141 2438 2210 τῆς
2483 2142 2578 2194 ἕκ-

1825 2251 1922 2302 της
1953 2235 2164 2303 ἡμέρας
2199 2234 2456 2303 ἀριθμὸν,
2480 2232 2578 2304 τὴν

1825 2325 2016 2394 νοερὰν
2042 2323 2136 2376 τοῦ
2157 2323 2445 2394 ἀνθρώπου
2474 2324 2577 2392 tiu-

1824 2416 1947 2484 χὴν.
1974 2418 2069 2469 καὶ
2091 2415 2193 2478 τὰς
2213 2416 2378 2467 πέντε
2408 2414 2575 2468 αὐτοῦ

1823 2506 2146 2577 αἱσθητιχὰς
2234 2506 2516 2575 αἰσθήσεις
2559 2523 2574 2539 ⁸

1820 2598 1968 2666 λέγει
2013 2598 2124 2668 γὰρ
2178 2596 2239 2662 εξ
2283 2597 2424 2669 ima
2477 2599 2576 2668 τῆς

1820 2691 1986 2758 ἕκτης
2022 2689 2261 2761 ἡμέρας.
2294 2689 2459 2743 Ὅθεν
2481 2691 2575 2744 καὶ

1820 2779 1992 2832 πολλὰ
2011 2778 2297 2842 διεξελθὼν
2320 2782 2451 2848 περὶ
2478 2778 2573 2832 τοῦ

1820 2871 1978 2924 ἕκτου
2043 2870 2280 2941 ἀριθμοῦ
2312 2910 2329 2931 .
2395 2870 2574 2925 πάντα

1819 2961 1954 3031 φησὶ
2003 2960 2071 3013 τὰ
2134 2960 2238 3014 ὑπὸ
2291 2959 2429 3013 Θεοῦ
2472 2962 2570 3031 613-

1822 3055 2219 3126 μιουργηθέντα
2238 3054 2441 3124 ἑξαχῶς
2456 3055 2571 3108 δαι-

1742 3145 1784 3200 C
1819 3145 2028 3217 ρεῐσθαι
2052 3162 2067 3176 ο
2117 3146 2394 3198 τουτέστιν
2415 3184 2432 3209 ,
2486 3146 2567 3207 εἰς

1816 3240 1977 3310 νοερὰ
2024 3240 2118 3292 καὶ
2166 3239 2415 3293 ἀθάνατα
2464 3233 2566 3292 οἷοί

1814 3333 1953 3385 εἰσιν
1978 3333 2029 3384 οι
2056 3330 2280 3398 ἄγγελοι
2313 3346 2330 3363 ο
2364 3331 2457 3384 καὶ
2486 3333 2566 3393 εἰς

1812 3422 2005 3491 λογικὰ
2086 3421 2301 3492 θνητὰ,
2370 3423 2565 3485 οἵτινές

1811 3518 1952 3569 εἰσιν
1997 3515 2049 3569 οἱ
2096 3496 2370 3583 ἂνθρωποι
2405 3532 2420 3545 ο
2470 3515 2563 3569 καὶ

1810 3608 1891 3668 εἰς
1914 3605 2210 3675 αἰσθητικά
2248 3605 2448 3672 ἄλογα,
2474 3600 2563 3659 οἷά

1809 3699 1912 3748 εἰσι
1938 3697 2006 3748 τὰ
2026 3698 2221 3764 κτήνη,
2247 3697 2343 3749 καὶ
2373 3696 2443 3749 τὰ
2466 3712 2561 3748 πε-

1805 3788 1978 3846 τεινὰ.
2011 3788 2106 3839 καὶ
2134 3788 2181 3839 οἱ
2218 3785 2429 3855 ἰχθύεςο
2466 3787 2560 3841 καὶ

1806 3878 1885 3938 εἰς
1928 3876 2235 3945 ἑκπορευτὰ
2290 3892 2559 3945 μεταστα-

1803 3966 1933 4018 τικὰ
1952 3966 2272 4034 ἀναίσθητα.
2303 3960 2393 4019 οἷά
2419 3968 2557 4019 εἰσιν

1801 4059 1849 4109 οἱ
1882 4059 2073 4117 ἄνεμοι
2101 4061 2196 4110 καὶ
2228 4059 2282 4110 αἱ
2311 4058 2552 4127 νεφέλαι,

1801 4147 1898 4198 καὶ
1951 4149 2021 4200 τὰ
2083 4145 2291 4211 ὕδατα,
2346 4149 2441 4200 καὶ
2503 4150 2553 4200 οι

1799 4238 2029 4306 ἀστέρες
2055 4252 2072 4268 ⁶
2109 4239 2206 4290 καὶ
2261 4239 2342 4301 τις
2382 4238 2554 4310 αὐξη-

1796 4314 1925 4383 me
1948 4330 2326 4399 ἀμετάστατα,
2343 4326 2431 4386 οἷά
2445 4334 2553 4385 εισι

1798 4424 1867 4478 τὰ
1905 4424 2131 4494 δένδραο
2160 4426 2257 4479 καὶ
2284 4427 2364 4489 εἰς
2393 4427 2551 4480 ἀναί-

1804 4514 1975 4585 σθητα
2030 4517 2380 4583 ἀμετάστατα
2402 4555 2419 4580 ,
2462 4511 2554 4570 οἷά

1800 4610 1905 4661 εισι
1930 4608 2001 4660 τὰ
2020 4608 2121 4678 ὅρη
2149 4608 2246 4661 καὶ
2267 4610 2302 4679 ἡ
2329 4609 2421 4678 γῆ,
2456 4613 2551 4663 καὶ

1797 4704 1866 4755 τὰ
1908 4702 2155 4757 τοιαῦτα.
2212 4704 2399 4758 Πάντα
2440 4703 2550 4777 γὰρ

1795 4796 1864 4849 τὰ
1895 4794 2172 4866 κτίσματα
2193 4796 2289 4850 τοῦ
2316 4796 2452 4851 Θεοῦ
2490 4800 2547 4850 ὲν

1794 4887 2009 4958 οὐρανῷ
2038 4888 2131 4941 καὶ
2153 4889 2249 4942 ἰπὶ
2266 4891 2391 4959 γῆς,
2416 4892 2543 4961 μιᾶς

1794 4995 1938 5040 τινος
1965 4978 2172 5033 τούτων
2193 4980 2303 5033 τῶν
2329 4980 2387 5048 ἒξ
2422 4981 2539 5034 δια-

1797 5073 1997 5127 πολῶν
2042 5075 2303 5141 ἅπτεται,
2338 5076 2431 5129 καὶ
2484 5078 2543 5129 ἐν

1795 5168 1989 5232 αὑταῖς
2029 5170 2384 5241 περιώρισταν
2415 5173 2474 5241 (1
2500 5175 2539 5243 ).

2662 690 2718 735 et
2760 681 2906 749 quod
2942 683 2995 737 in
3039 686 3273 755 septimo
3319 688 3411 745 die

2662 788 2770 826 non
2805 790 2960 843 mque
2992 785 3152 845 atque
3189 781 3243 833 in
3284 782 3410 837 aliis

2662 866 2857 923 diebus
2915 870 3122 925 dictum
3170 875 3289 929 sit:
3338 876 3408 930 Et

2661 960 2858 1028 factum
2882 974 2955 1016 est
2978 982 3155 1033 vesper
3175 972 3222 1019 et
3255 988 3408 1024 mane

2659 1052 2768 1105 dies
2817 1072 2981 1119 unus,
3028 1074 3148 1113 esse
3188 1062 3412 1115 evidens

2658 1142 2873 1208 signum
2899 1147 3017 1212 ejus
3048 1164 3171 1216 qua:
3205 1150 3257 1203 in
3291 1153 3409 1219 ipso

2658 1226 2798 1281 facta
2844 1243 2927 1283 cst
2980 1240 3409 1293 consummatio-

2656 1320 2744 1373 nis
2782 1330 2839 1374 ct
2880 1326 3289 1394 eoluplcmcnti,
3327 1333 3410 1385 di-

2657 1421 2789 1465 cunt
2846 1419 3020 1470 sancti
3073 1419 3293 1487 Patres,
3351 1437 3409 1480 et

2655 1505 2891 1561 maxime
2910 1521 3132 1566 sanctus
3149 1514 3406 1574 Clemens

2653 1603 2708 1647 et
2756 1596 3018 1662 Irenzcus,
3054 1613 3111 1656 et
3154 1604 3405 1663 Justinus

2656 1698 2861 1759 martyr
2901 1702 2956 1745 ct
3006 1695 3400 1767 philosophus,

2654 1778 2747 1845 qui
2786 1780 3105 1839 doctissime
3155 1790 3403 1847 scribens

2652 1870 3121 1933 Commentarium
3182 1895 3401 1941 sextum

2652 1964 2790 2016 sexti
2832 1965 2974 2031 diei,
3007 1968 3141 2025 dicit
3186 1984 3401 2030 sextum

2652 2068 2946 2110 numerum
3008 2075 3131 2115 esse
3192 2064 3401 2120 intelli-

2649 2159 2866 2214 gentem
2886 2150 3123 2209 hominis
3137 2159 3398 2222 animum.

2647 2248 2704 2292 et
2730 2242 2977 2310 quinque
2998 2246 3120 2313 ejus
3152 2252 3398 2323 sentien-

2650 2340 2731 2385 tes
2772 2348 2985 2390 sensus.
3035 2338 3190 2396 Unde
3229 2344 3398 2401 etiam

2647 2438 2771 2477 cum
2824 2428 2995 2483 multa
3044 2431 3399 2492 disseruisset

2647 2513 2716 2568 de
2761 2526 2915 2571 sexto
2950 2535 3218 2587 numero,
3260 2525 3399 2583 dicit

2646 2608 2829 2663 omnia
2870 2626 2994 2678 quae
3034 2628 3064 2667 a
3109 2615 3222 2670 Deo
3268 2630 3398 2674 sunt

2647 2697 2912 2757 fabricata
3012 2710 3398 2777 scseuplieiter

2645 2788 2816 2845 dividi
2859 2808 2875 2845 :
2930 2793 2986 2848 in
3054 2811 3143 2850 res
3189 2798 3399 2855 intem--

2644 2890 2836 2948 gentes
2903 2895 2961 2938 et
3016 2886 3357 2945 immortales
3374 2931 3393 2957 ,

2642 2973 2949 3040 cuiusmodi
3002 2988 3131 3032 sunt
3172 2983 3352 3049 angeli
3374 3023 3390 3042 .

2639 3069 2695 3114 et
2716 3062 2770 3117 in
2792 3079 2879 3118 res
2894 3067 3106 3124 ratione
3133 3073 3393 3140 praditas

2639 3155 2918 3219 mortales,
2935 3159 3243 3227 cuiusmodi
3262 3175 3393 3218 sunt

2638 3242 2919 3311 homines;
2959 3258 3016 3303 et
3042 3250 3097 3304 iu
3142 3267 3232 3308 res
3260 3269 3391 3311 sen-

2640 3334 2837 3390 tientes
2862 3338 3089 3394 rationis
3110 3351 3388 3412 expertes.

2634 3427 2940 3494 cuiusmodi
2972 3441 3103 3487 sunt
3135 3436 3385 3504 iumenta

2632 3522 2690 3570 et
2720 3517 2972 3573 volucres
2993 3532 3050 3575 et
3083 3522 3301 3591 pisces;
3329 3537 3387 3581 et

2633 3604 2689 3659 in
2745 3621 2836 3661 res
2886 3610 3226 3678 prodeuntes
3263 3630 3385 3671 mo-

2632 3704 2844 3761 ventes,
2878 3708 2935 3754 et
2955 3701 3269 3771 insensiles,
3290 3722 3385 3761 cu-

2626 3788 2865 3857 iusmodi
2927 3803 3057 3847 sunt
3105 3798 3287 3861 venti,
3326 3807 3386 3855 et

2630 3880 2864 3945 nebulae.
2887 3893 2944 3937 et
2965 3896 3216 3953 aqum,et
3247 3891 3381 3945 stel-

2630 3969 2733 4035 he;
2770 3982 2827 4026 et
2873 3973 2928 4028 in
2972 3991 3061 4031 res
3107 3994 3229 4046 qua:
3276 3996 3379 4035 au-

2627 4069 2827 4128 gentur
2852 4072 2909 4117 et
2927 4080 3051 4133 qua:
3071 4068 3235 4124 etiam
3263 4087 3382 4126 mo-

2627 4160 2862 4215 ventur,
2904 4156 3212 4224 cuiusmodi
3246 4170 3378 4217 sunt

2627 4241 2881 4303 arbores;
2908 4254 2966 4299 ct
2993 4245 3048 4300 in
3077 4264 3166 4302 res
3192 4249 3378 4306 insen-

2625 4330 2755 4385 siles
2772 4348 2896 4402 qua:
2925 4350 3033 4390 non
3058 4352 3372 4409 moventur,

2626 4431 2685 4477 ut
2720 4434 2850 4479 sunt
2877 4435 3092 4485 montes
3116 4439 3172 4486 et
3206 4442 3370 4499 terra.

2621 4522 2680 4570 et
2710 4530 2833 4585 quae
2870 4529 3001 4574 sunt
3032 4521 3371 4592 huiusmodi.

2620 4604 2827 4663 Omnes
2861 4612 3011 4667 enim
3050 4630 3139 4669 res
3180 4631 3211 4670 a
3257 4618 3371 4674 Deo

2619 4707 2815 4754 creatae
2838 4701 2893 4754 in
2926 4704 3067 4758 cmlo
3089 4714 3147 4760 et
3175 4707 3231 4761 in
3256 4718 3368 4764 ter-

2620 4806 2702 4856 ra,
2727 4802 2959 4864 tangunt
2986 4814 3149 4852 unam
3174 4811 3232 4857 et
3260 4803 3364 4857 ali-

2616 4895 2779 4949 quam
2812 4900 2880 4939 ex
2921 4887 3009 4941 his
3050 4889 3362 4948 distinctio.

2614 4975 2800 5041 nibus,
2813 4987 3011 5035 etsunt
3027 4983 3109 5036 eis
3123 4983 3363 5043 deﬁnita

2614 5079 2678 5120 ac
2694 5066 3145 5141 circumscripta.

1860 5278 2097 5335 Adverte
2132 5292 2315 5336 autem
2371 5290 2429 5338 tu
2469 5285 2563 5354 qui
2605 5287 2701 5344 Dei
2744 5290 2973 5359 pulchra
2997 5292 3249 5351 facientis
3273 5315 3361 5356 res

110 5338 161 5393 in
211 5342 546 5396 servitutem
603 5357 725 5397 esse
791 5345 1152 5415 redigendum
1205 5359 1263 5404 et
1330 5350 1680 5420 aﬂligendum

110 5428 362 5454 I-_.-I-._.
399 5431 465 5454 ,ι
510 5430 761 5454 l'_._.22_
808 5436 1053 5454 ___-__e,,__
1343 5442 1396 5454 n,
1438 5442 1477 5454 -η
1617 5446 1650 5454 ..

1787 5365 2048 5435 pulchras
2076 5369 2414 5433 consideras,
2453 5338 2513 5425 ut
2544 5338 2843 5444 cognoscas
2883 5380 3028 5446 quod
3076 5381 3191 5450 ipse
3218 5402 3359 5454 quo-

109 5428 365 5485 Israclem
397 5431 468 5485 ab
492 5430 783 5502 Egyptiis,
801 5436 1060 5504 quoniam
1083 5455 1192 5493 non
1213 5442 1685 5515 serviitzEgyptiis
1786 5428 1900 5523 que
1921 5471 2016 5510 sex
2046 5458 2260 5512 dierum
2309 5428 2573 5518 creatura:
2611 5428 3357 5536 ‘opiie;

1787 5547 2025 5615 quodam
2052 5549 2215 5603 modo
2244 5568 2311 5605 ex
2340 5568 2574 5609 numero
2592 5558 2848 5622 senario;
2887 5576 3082 5633 nempe
3102 5580 3167 5620 ex
3188 5581 3357 5621 carae

172 5635 238 5667 ⁸⁸⁸
267 5634 459 5691 Matth.
496 5653 621 5700 xxv,
656 5638 708 5693 6.
790 5640 837 5671 ⁵³
869 5641 1225 5709 Matth.xxlv,
1254 5648 1451 5716 46-48;
1479 5651 1610 5706 Luc.
1656 5661 1857 5727 xu,37,
1880 5663 1966 5718 58.
2045 5665 2089 5695 ”
2114 5665 2303 5720 Matth.
2348 5684 2490 5733 xxiv,
2520 5671 2609 5723 56.
2688 5673 2733 5704 "
2773 5673 2789 5727 Ι
2831 5673 2956 5729 Cor.
2999 5693 3053 5742 η,
3096 5678 3160 5731 10
