4186 6442
729 389 832 453 ςιτι

1934 387 1993 445 S.
2038 383 2428 443 ANAS’I‘ASII
2471 384 2793 444 SINAITE

3862 387 3963 449 ςιιι

726 514 846 567 qme
894 504 1100 550 constat
1146 510 1209 548 ex
1268 505 1504 565 quatuor
1541 494 1850 557 elementis,
1888 502 1942 547 et
1972 509 2037 546 ex
2087 492 2294 546 intelli-
2328 499 2367 553 Α
2398 501 2547 545 sexta
2613 495 2744 546 hora
2807 493 3051 563 ejusdem
3114 496 3404 551 millenarii
3454 506 3509 551 et
3551 498 3783 568 septima
3831 498 3961 551 hora

725 595 883 654 gente
913 587 1113 648 anima,
1157 594 1213 641 et
1261 603 1326 639 ex
1359 584 1664 639 divinitate.
1721 585 1863 652 Ergo
1902 584 1947 637 si
1988 585 2165 636 omnia
2204 600 2295 652 per

725 682 894 746 ipsum
931 688 978 729 et
1013 680 1066 731 in
1100 679 1272 747 ipsum
1327 677 1593 729 tendentia
1625 685 1807 729 creata
1845 682 1991 735 sunt,
2034 682 2143 725 tam
2178 690 2295 742 (Ill!!!

722 779 841 819 sunt
870 770 923 820 in
941 768 1080 821 caelis
1109 784 1265 837 quam
1284 782 1400 837 qua:
1426 767 1479 818 in
1502 775 1666 827 terra,
1700 773 1759 817 ut
1781 765 1980 817 clamat
2001 763 2203 816 Paulus
2224 763 2290 825 ⁸η,

724 858 948 909 onmiuo
1002 858 1311 925 significant
1357 857 1451 925 qui
1486 864 1569 908 cst
1622 856 1675 908 in
1722 854 1841 923 ipso
1894 853 2196 915 senarimn,
2239 860 2295 905 ct

720 964 845 1000 eum
881 948 1149 1017 significat
1184 949 1363 1001 omnis
1401 962 1666 1001 nmnerus
1701 946 1956 999 senarius
1990 946 2081 1017 qui
2121 952 2204 999 est
2238 945 2291 996 in

722 1040 905 1094 Veteri
932 1051 988 1095 et
1023 1041 1174 1094 Novo
1205 1040 1581 1094 Testamento.

788 1131 1156 1195 Quamobrem
1182 1139 1241 1183 ut
1266 1130 1410 1199 quod
1435 1130 1690 1182 Christus
1717 1129 1899 1181 omnia
1928 1129 2206 1181 contineat
2235 1135 2291 1180 et

721 1220 981 1274 omnibus
1007 1219 1343 1283 dominetur,
1402 1228 1693 1287 propterea
1733 1220 1912 1272 sexies
1946 1218 2290 1271 millenarius

722 1327 984 1364 innnerus
1029 1320 1113 1365 est
1152 1313 1333 1364 unitas
1389 1311 1570 1363 omnis
1608 1310 1802 1364 calculi
1853 1320 1909 1364 et
1951 1312 2161 1363 numeri
2196 1311 2289 1369 qui

719 1402 924 1454 dicitur
971 1402 1022 1455 iu
1073 1403 1294 1464 litteris,
1343 1403 1727 1471 unitatumque
1764 1410 1817 1454 et
1859 1402 2196 1456 bin‘riorum
2236 1413 2292 1457 et

722 1491 1112 1554 ternariorum,
1156 1503 1212 1543 et
1251 1494 1302 1545 in
1335 1494 1611 1545 creaturis
1650 1492 2008 1545 terrestribus
2040 1503 2094 1546 et
2122 1492 2291 1545 subli-

721 1582 899 1634 mibus
935 1584 1183 1636 continet
1237 1600 1454 1635 munem
1518 1582 1842 1635 numerandi
1896 1583 2181 1636 scientiam
2234 1591 2291 1635 et

719 1674 1103 1742 quantitatem,
1140 1690 1263 1725 ctttn
1291 1674 1361 1726 sit
1388 1674 1726 1743 significans.
1765 1674 1830 1726 lit
1879 1674 1979 1725 hac
2020 1673 2087 1725 de
2124 1688 2287 1725 causa

718 1771 874 1815 sexto
898 1763 988 1814 die
1005 1763 1182 1815 factus
1210 1771 1293 1815 est
1324 1764 1533 1829 prinms
1585 1761 1777 1823 Adam,
1820 1770 1878 1812 ut
1913 1760 2006 1827 qui
2041 1760 2290 1828 praeﬁgu-

2398 578 2738 633 hebdomada
2760 622 2774 645 ,
2823 592 2877 635 et
2904 593 3054 637 sexta
3078 583 3211 636 hora
3252 584 3387 636 sexti
3429 587 3560 650 diei,
3586 603 3747 655 quam
3778 596 3963 655 aperte

2398 670 2764 737 pra-figuravit
2812 684 2868 728 et
2921 675 3210 745 descripsit
3260 677 3418 730 nobis
3463 678 3528 730 ad
3592 683 3963 732 enarrandum

2396 763 2709 829 propositus
2742 776 2929 819 sextus
2958 767 3078 821 dies
3102 768 3400 821 creationis
3439 785 3530 822 sex
3559 769 3774 822 dierum
3803 789 3817 833 ;
3842 788 3967 824 nam

2395 850 2439 903 si
2479 853 2604 920 quis
2626 853 2757 907 velit
2780 864 3036 924 tanquam
3063 856 3115 909 in
3150 858 3330 911 medio
3365 859 3561 912 horutn
3585 860 3818 913 dueruzn
3846 861 3965 914 die-

2395 955 2517 993 rum
2564 942 2914 998 eonsiderare
2962 947 3170 1015 (illius,
3235 950 3478 1017 inquam,
3530 952 3665 1003 sexti
3725 953 3859 1015 diei,
3915 962 3965 1006 et

2394 1030 2544 1085 illius
2599 1033 2653 1085 in
2697 1048 2808 1101 quo
2837 1036 3113 1089 secundus
3154 1036 3325 1091 Adam
3363 1038 3614 1093 Christus
3658 1041 3964 1094 voluntarie

2394 1133 2585 1186 passus
2635 1129 2719 1174 est
2775 1124 3147 1192 passionem),
3199 1129 3439 1181 inveniet
3481 1145 3577 1182 eos
3620 1146 3738 1183 esse
3795 1132 3963 1185 velati

2392 1211 2652 1276 quasdam
2681 1212 2799 1265 sine
2826 1213 3147 1269 discrimine
3172 1217 3278 1269 sibi
3309 1218 3705 1286 respondentes
3731 1230 3787 1273 et
3818 1224 3964 1291 ejus-

2392 1302 2515 1355 tlcm
2540 1313 2748 1358 natoue
2773 1304 2909 1359 duas
2933 1307 3197 1377 imagines
3230 1324 3288 1363 se
3323 1310 3469 1363 inter
3497 1327 3553 1364 se
3597 1312 3876 1367 imitantes
3912 1323 3964 1367 et

2392 1408 2492 1462 per
2518 1408 2605 1446 res
2628 1394 2772 1447 inter
2798 1410 2854 1449 se
2881 1396 3237 1452 assimilatas.
3270 1400 3336 1453 Et
3360 1401 3469 1467 jam
3506 1402 3726 1469 quidem
3752 1403 3873 1455 fuse
3898 1405 3963 1457 de

2394 1483 2479 1536 his
2509 1500 2540 1537 a
2571 1484 2731 1538 nobis
2764 1486 2970 1540 dictum
3016 1495 3101 1541 est
3142 1489 3195 1542 in
3245 1491 3471 1560 mystica
3503 1494 3963 1560 contemplatione

2392 1575 2711 1629 salutarium
2742 1578 2946 1631 Christi
2995 1578 3092 1631 Dei
3134 1584 3308 1635 nostri
3353 1583 3666 1651 passionum
3697 1585 3750 1637 in
3787 1587 3964 1638 Eum-

2391 1664 2553 1730 gclio,
2591 1678 2647 1721 et
2701 1669 2831 1722 illuc
2877 1671 3301 1725 transmittimus
3352 1674 3597 1727 discendi
3655 1679 3962 1731 studiosum

2392 1757 2721 1811 auditorem.
2748 1760 3012 1814 Similiter
3038 1762 3297 1829 quoniant
3320 1771 3467 1818 totus
3493 1783 3692 1835 scopas
3720 1779 3776 1822 et
3805 1771 3963 1822 insti-

722 1861 866 1904 raret
899 1852 1188 1919 imaginem
1218 1851 1627 1903 imlividnarum
1670 1848 1906 1917 partium
1957 1846 2161 1900 Christi
2196 1844 2289 1913 qui
2326 1820 2364 1873 Β
2397 1855 2574 1901 ιυῑιιιιι
2607 1850 2769 1919 hujus
2795 1854 2981 1920 operis
3025 1863 3109 1907 est
3146 1864 3203 1907 ut
3247 1857 3604 1910 ostendamus
3649 1861 3795 1927 quod
3846 1862 3965 1914 uni-

719 1953 803 1997 est
829 1958 919 1995 sex
952 1944 1190 2004 diermu,
1244 1941 1335 2010 qui
1386 1950 1467 1994 est
1505 1941 1780 1995 Secundus
1822 1939 2017 2002 Adam,
2054 1938 2146 2007 qui
2172 1937 2295 2005 qui-

718 2036 843 2087 dem
869 2043 1024 2087 sexto
1047 2035 1136 2087 die
1152 2034 1337 2087 szeculi
1366 2047 1531 2100 super
1555 2042 1754 2084 terram
1785 2031 1889 2083 fuit
1918 2039 1975 2083 et
1998 2030 2249 2097 apparuit
2277 2046 2290 2091 ;

719 2139 926 2194 nempe
962 2141 1107 2178 anno
1145 2124 1442 2193 quinquies
1488 2123 1781 2176 millesimo
1828 2120 2289 2189 quingentesimo,

717 2220 809 2286 qui
841 2227 925 2272 est
955 2217 1213 2270 tneridies
1245 2225 1301 2267 et
1324 2230 1569 2282 vespera,
1594 2225 1650 2268 et
1682 2222 1847 2266 sexta:
1880 2213 2027 2265 hora:
2056 2212 2290 2274 medius,

719 2311 978 2363 videlicet
1002 2321 1167 2362 sexta!
1200 2308 1527 2376 quantitatis
1554 2305 1760 2359 sicculi.

786 2399 1154 2465 Quamobrem
1192 2414 1254 2450 ea
1292 2398 1359 2449 de.
1398 2412 1564 2449 causa
1613 2410 1839 2463 vespere
1883 2404 2039 2447 sexto
2084 2392 2196 2446 diei
2237 2394 2291 2445 in

719 2493 880 2545 horto
908 2501 965 2545 et
1011 2490 1262 2558 paradiso
1308 2488 1482 2542 factus
1521 2496 1601 2541 est
1650 2483 1822 2540 Adam
1861 2501 1924 2538 cx
1966 2494 2110 2538 terra
2138 2494 2193 2537 ct
2224 2500 2291 2536 ex

717 2583 903 2635 divina
934 2580 1298 2635 insufllationc
1334 2581 1431 2646 (ex
1454 2587 1672 2639 natura,
1703 2579 1949 2645 inquam,
1972 2575 2292 2644 aspectabili

716 2684 772 2726 et
804 2690 925 2742 qua:
968 2688 1074 2725 non
1120 2671 1265 2724 cadit
1307 2670 1411 2723 sub
1460 2669 1777 2738 aspectum)
1828 2665 2182 2736 prmfigurans
2229 2683 2293 2721 ac

720 2764 873 2831 prius
922 2761 1245 2815 describens
1294 2758 1575 2813 Christum
1641 2756 2026 2824 aspectabilem
2069 2764 2125 2809 et
2181 2771 2292 2808 non

717 2853 1142 2924 aspectabiletn;
1184 2866 1305 2920 qua:
1338 2850 1473 2904 hora
1512 2856 1662 2902 sexta
1715 2848 1770 2900 iu
1830 2863 1928 2900 sua
1972 2846 2208 2915 imagine
2239 2856 2293 2900 et

722 2945 997 3007 Ecclesia),
1026 2944 1180 2996 visus
1210 2950 1294 2995 est
1320 2941 1554 2994 Abrahae
1583 2940 1636 2991 in
1670 2953 1884 3006 quercu
1931 2937 2194 3000 Mambrc,
2235 2945 2293 2990 et

720 3035 832 3089 illic
855 3034 984 3087 fecit
1012 3032 1343 3087 sacrificium
1383 3030 1538 3083 vituli
1595 3028 1710 3096 (qui
1746 3034 1977 3080 mortem
2003 3026 2125 3095 ejus
2151 3042 2291 3094 pne-

2396 1951 2554 1991 versa
2583 1953 2678 1991 sex
2714 1939 2927 1994 dierum
2991 1953 3097 1995 tam
3157 1943 3211 1995 in
3275 1944 3432 1997 ctelis
3497 1961 3658 2012 quam
3705 1947 3759 1998 in
3802 1951 3964 2004 terris

2394 2030 2620 2093 creatio,
2652 2033 2961 2101 pra-figurat
2990 2049 3052 2086 ac
3094 2034 3361 2087 describit
3396 2035 3491 2088 Dei
3525 2037 3678 2089 verbi
3712 2038 3963 2092 incarna-

2396 2118 2598 2173 tionem
2635 2130 2689 2175 ct
2716 2122 3012 2176 Ecelesiam
3039 2142 3050 2176 :
3080 2140 3306 2178 necesse
3339 2134 3425 2179 est
3461 2126 3529 2179 de
3572 2140 3770 2181 caetero
3806 2140 3865 2182 ut
3901 2147 3965 2185 ex

2394 2211 2581 2263 multis
2614 2227 2784 2280 pauca
2811 2214 3148 2268 adducamus
3177 2216 3388 2283 antiqui
3428 2217 3577 2270 illius
3602 2217 3735 2281 diei,
3769 2236 3963 2287 quem-

2394 2301 2687 2354 admodum
2762 2306 3112 2373 pr:etigurant
3186 2322 3249 2359 ac
3322 2308 3603 2360 ascribunt
3692 2310 3965 2366 salutares

2391 2391 2593 2447 Christi
2635 2394 2919 2463 passiones
2942 2413 3077 2463 quas
3101 2412 3295 2465 passus
3313 2407 3396 2451 est
3420 2408 3573 2451 sexto
3596 2398 3705 2460 die,
3734 2408 3788 2453 et
3830 2418 3964 2470 quo-

2395 2484 2558 2537 modo
2587 2486 2756 2539 Adam
2786 2503 2815 2539 a
2857 2487 2968 2539 Deo
2994 2487 3169 2541 factus
3198 2487 3357 2541 liberi
3395 2488 3625 2550 arbitrii,
3654 2492 3963 2547 voluntarie

2392 2583 2447 2627 et
2475 2590 2583 2628 non
2615 2591 2680 2629 ex
2717 2576 2893 2644 aliqua
2920 2581 3248 2631 necessitate
3272 2593 3462 2645 passus
3482 2588 3585 2642 est,
3616 2579 3689 2633 ita
3715 2581 3889 2634 libere
3911 2592 3964 2635 et

2393 2668 2706 2721 voluntarie
2760 2669 3021 2723 Dominus
3083 2671 3253 2723 subiit
3315 2673 3648 2739 passionem.
3728 2673 3963 2730 Attende

2392 2753 2557 2805 etiam
2604 2770 2667 2806 ea
2706 2771 2826 2822 quze
2862 2765 2989 2809 sunt
3030 2756 3300 2820 dicenda,
3336 2767 3389 2812 et
3432 2759 3644 2813 videbis
3692 2763 3835 2816 sexti
3888 2772 3965 2834 ty-

2395 2858 2492 2909 pos
2545 2844 2956 2913 pnetigurantes
2994 2862 3056 2901 ac
3088 2847 3469 2903 deseribentes
3516 2852 3828 2907 veritatem.
3885 2856 3963 2908 Ab

2391 2949 2510 2995 esu,
2542 2934 2711 2987 Adam
2748 2951 2939 3003 passus
2981 2947 3066 2990 est
3096 2939 3266 3008 888
3294 2949 3558 3004 mortem;
3607 2944 3962 3009 quamobrerr

2391 3023 2643 3078 Christus
2680 3042 2898 3094 quoque
2947 3042 3072 3080 cum
3122 3030 3452 3083 surrexisset
3490 3021 3559 3085 ab
3615 3049 3712 3086 esu
3772 3048 3962 3097 emnze,

719 3126 1049 3195 figurabat),
1071 3133 1129 3177 et
1156 3123 1264 3175 eihi
1293 3120 1517 3174 humani
1555 3119 1660 3171 fuit
1696 3118 1989 3186 particeps,
2027 3131 2153 3169 eum
2180 3132 2289 3169 non
2317 3134 2361 3193 ο
2395 3116 2543 3168 venit
2574 3116 2639 3168 ad
2674 3117 2979 3184 passionem
3029 3128 3083 3171 ct
3143 3130 3397 3173 mortem.
3451 3123 3551 3176 Per
3580 3122 3747 3176 Evam
3775 3140 3967 3194 passas

718 3231 871 3269 suam
920 3215 1296 3284 prmtigurans,
1340 3212 1434 3265 sed
1486 3210 1665 3264 Sarrae
1707 3209 1869 3263 solvit
1916 3207 2283 3272 sterilitatem,

720 3320 917 3373 nempe
948 3304 1233 3367 Eeclesim;
1262 3302 1401 3371 parit
1429 3301 1577 3355 enim
1607 3316 1716 3354 non
1739 3315 1930 3361 unum,
1966 3299 2060 3353 sed
2083 3299 2289 3351 multos

719 3393 931 3448 lsaacos
959 3412 970 3446 :
994 3404 1051 3448 et
1085 3395 1138 3447 in
1192 3393 1550 3446 tabernaculo
1594 3391 1697 3444 fuit
1736 3390 1947 3460 typice;
1992 3389 2103 3444 illic
2139 3388 2285 3442 enim

717 3483 883 3538 etiam
938 3484 1183 3538 ambulat
1222 3482 1277 3536 in
1332 3482 1578 3537 Ecclesia
1630 3481 1747 3534 Dei.
1795 3480 2051 3534 Meridies
2102 3488 2286 3532 autem

723 3590 913 3627 rursus
935 3582 989 3627 et
1021 3588 1246 3642 vespera
1266 3580 1461 3626 eratet
1488 3572 1621 3623 hora
1648 3580 1817 3632 sexta,
1846 3569 2066 3637 quando
2085 3568 2286 3637 Joseph

722 3664 774 3716 in
836 3661 1039 3715 Christi
1082 3660 1377 3728 imaginem
1445 3673 1677 3727 pransus
1722 3658 1884 3710 simul
1931 3672 2054 3710 cum
2106 3657 2291 3710 fratri-

722 3754 843 3815 lms,
872 3759 929 3806 et
961 3750 1165 3805 Christi
1218 3739 1423 3803 Pascha
1475 3748 1874 3802 admirabiliter
1918 3746 2289 3816 pnefigttravit

720 3859 784 3897 ac
827 3841 1142 3910 descripsit,
1196 3850 1253 3893 et
1292 3850 1423 3894 tunc
1464 3840 1762 3892 cisternam
1820 3837 2108 3896 habitavit,
2162 3845 2287 3890 ante

723 3928 973 3981 indicans
1009 3942 1073 3981 ac
1120 3926 1436 3996 significans
1488 3925 1769 3979 Christum
1820 3925 1914 3993 qui
1969 3935 2094 3993 post
2141 3925 2287 3978 illam

721 4032 933 4071 orenam
956 4016 1245 4083 jaciendus
1265 4024 1386 4069 erat
1416 4015 1471 4069 in
1501 4016 1792 4068 cisternam
1838 4015 2098 4083 sepulcri.
2144 4015 2289 4068 llora

721 4116 871 4160 sexta
904 4116 1024 4159 erat
1056 4107 1223 4159 etiam
1257 4106 1477 4175 quando
1498 4106 1641 4158 Ruth
1675 4105 1763 4157 illa
1785 4105 2103 4158 admiranda
2136 4105 2290 4173 (tan-

718 4212 883 4266 quam
934 4196 1177 4250 formosa
1222 4195 1494 4263 Ecclesia)
1545 4211 1671 4250 cum
1718 4194 1786 4249 ad
1835 4196 2010 4263 ipsum
2045 4195 2188 4248 Booz
2234 4195 2286 4247 in

720 4306 871 4359 agro,
902 4298 1159 4357 tanquam
1200 4288 1266 4343 ad
1295 4288 1574 4343 Christum
1618 4287 2132 4356 appropinquasset,
2159 4301 2288 4339 esu-

724 4381 870 4433 riens
904 4380 974 4433 ab
1011 4394 1079 4432 eo
1117 4386 1204 4433 est
1256 4379 1483 4439 nutrita,
1527 4387 1583 4431 et
1618 4380 1738 4446 ejus
1782 4377 1923 4430 facta
1952 4385 2036 4429 est
2066 4377 2284 4441 eonjux.

2387 3217 2472 3262 cst
2529 3206 2733 3267 Adam;
2794 3206 3051 3259 similiter
3098 3208 3263 3262 etiam
3312 3210 3567 3264 Christus
3632 3228 3829 3281 passus
3886 3224 3967 3266 est

2387 3305 2615 3365 propter
2676 3295 2998 3350 Ecclesiam.
3047 3297 3135 3361 Et,
3180 3307 3236 3351 ut
3304 3302 3492 3368 paucis
3546 3301 3745 3364 dicam,
3792 3319 3972 3358 comt-

2387 3386 2470 3441 dit
2528 3385 2723 3445 Adam,
2776 3383 2937 3452 fugit,
2991 3386 3155 3438 latuit
3220 3387 3273 3440 in
3319 3389 3532 3455 horto;
3570 3392 3969 3459 quaesitus,in-

2386 3487 2584 3532 ventus
2602 3476 3001 3530 condemnatus
3032 3476 3136 3530 fuit
3174 3495 3188 3529 :
3225 3479 3481 3533 similiter
3515 3482 3682 3534 etiam
3710 3482 3967 3536 Christus

2388 3565 2627 3619 comedit
2679 3579 2927 3628 caenam,
2978 3565 3293 3621 voluntarie
3365 3568 3503 3637 fugit
3570 3570 3624 3623 in
3716 3583 3961 3627 montem

2387 3653 2667 3707 Olivarum
2695 3663 2974 3715 oraturus,
3001 3654 3161 3707 latuit
3188 3655 3242 3708 in
3266 3664 3392 3709 orto
3422 3662 3682 3714 torrentis
3703 3660 3924 3715 Cedron
3948 3680 3964 3727 ;

2388 3745 2653 3815 quaas‘tus
2699 3754 2785 3799 est
2838 3760 2869 3797 a
2928 3745 3133 3799 Judieis
3188 3755 3244 3800 et
3307 3747 3567 3801 inventus
3628 3758 3715 3802 est
3750 3765 3781 3803 a
3827 3751 3965 3805 Juda

2391 3837 2607 3905 signum
2637 3836 2803 3890 dante
2844 3836 3365 3905 osculutn;ejeetus
3412 3848 3498 3893 est
3547 3840 3699 3894 illinc
3747 3842 3967 3898 vinctus

2392 3927 2448 3979 in
2509 3927 2670 3979 horto
2714 3926 2859 3980 sicut
2908 3926 3078 3981 Adam
3137 3944 3201 3982 ex
3252 3930 3526 3998 paradiso,
3564 3931 3880 4001 probroque
3911 3946 3966 3988 et

2390 4015 2687 4083 ignominia
2742 4026 2827 4070 cst
2880 4018 3111 4071 allectus
3168 4018 3375 4086 lignum
3418 4028 3641 4086 portans
3688 4019 3961 4084 humeris,

2387 4111 2443 4156 et
2494 4102 2670 4157 factus
2710 4106 3017 4158 exsecratio
3052 4120 3116 4158 ac
3146 4106 3524 4173 maledictum,
3566 4107 3965 4165 condemnatus

2387 4201 2472 4245 est
2494 4202 2717 4261 propter
2739 4210 2865 4247 eum
2884 4195 2977 4263 qui
2996 4194 3176 4248 fuerat
3203 4195 3623 4259 condemnatus,
3649 4197 3965 4253 dicentibus

2391 4282 2458 4335 iis
2479 4283 2572 4351 qui
2604 4294 3012 4338 convenerant:
3038 4284 3242 4354 Dignus
3266 4294 3341 4338 est
3370 4296 3538 4339 morte
3567 4287 3632 4338 ⁸⁷.
3683 4288 3749 4340 Et
3778 4305 3965 4357 egres—

2389 4386 2484 4424 sus
2532 4379 2684 4424 extra
2727 4372 3056 4435 Jerusalem,
3099 4385 3352 4428 mortuus
3383 4385 3468 4428 est
3516 4386 3739 4444 propter
3772 4389 3961 4446 proto-

720 4467 891 4533 Quam
920 4467 1151 4536 pulchre
1180 4466 1392 4520 imitata
1414 4466 1638 4535 gentilis
1666 4465 1754 4518 illa
1783 4464 2044 4527 Ecclesia,
2070 4465 2288 4533 sapien-

2392 4460 2624 4527 plastum
2643 4461 2736 4530 qui
2757 4471 2986 4515 ntortem
3005 4462 3355 4526 subicrat,cx
3378 4463 3541 4516 horto
3561 4480 3840 4530 egressus.
3867 4468 3963 4521 Est

722 4558 930 4611 tissima
975 4556 1338 4611 Samaritana.
1376 4571 1499 4625 qua:
1533 4570 1788 4624 quaerens
1827 4555 2289 4624 quemadmodum

723 4650 866 4702 Deus
886 4650 957 4702 sit
981 4648 1312 4707 adorandus.
1330 4656 1482 4701 sexta
1511 4647 1643 4700 hora
1665 4647 1731 4700 ad
1754 4646 2035 4700 Christum
2059 4646 2291 4700 accessit

718 4737 1043 4807 jampridem
1078 4737 1358 4791 sedentem
1392 4752 1557 4805 super
1582 4746 1806 4805 puteum
1842 4736 2066 4803 piscina:
2108 4745 2163 4790 et
2208 4737 2289 4789 la-

722 4828 892 4887 vacri,
926 4827 1149 4895 quando
1172 4842 1294 4881 eam
1321 4826 1574 4880 liberavit
1607 4841 1635 4879 a
1674 4827 1938 4880 servitute
1964 4835 2021 4880 et
2045 4826 2114 4879 ab
2147 4841 2288 4893 aqua

720 4917 943 4971 ferenda
990 4915 1319 4985 alienigenis
1367 4916 1697 4978 simulacris,
1745 4932 1840 4969 seu
1878 4932 1907 4968 a
1941 4914 2191 4968 sudando
2232 4923 2289 4967 et

723 5006 1021 5060 laborando
1057 5006 1110 5058 in
1142 5006 1210 5059 iis
1233 5021 1354 5074 qua:
1399 5004 1467 5058 ad
1515 5021 1612 5059 eos
1661 5005 1978 5073 pertinent;
2025 5008 2167 5058 sicut
2200 5005 2288 5059 illa

721 5109 917 5161 aquam
948 5094 1156 5147 ferebat
1183 5094 1563 5148 Samaritanis.
1596 5094 1703 5148 llas
1735 5104 1919 5148 autem
1965 5111 2157 5147 omnes
2194 5110 2289 5147 ve-

721 5199 910 5251 speras
936 5193 1099 5238 setae
1148 5185 1294 5237 hora!
1344 5184 1472 5237 facit
1518 5183 1796 5246 Christus,
1846 5194 2071 5253 pr0pter
2136 5184 2292 5238 illum

724 5275 999 5327 hominem
1047 5275 1140 5344 qui
1203 5275 1255 5327 in
1302 5274 1554 5342 paradiso
1596 5290 1824 5328 eversus
1874 5273 2050 5328 fuerat
2100 5274 2154 5329 in
2194 5275 2286 5329 illa

722 5378 947 5432 vespera
985 5366 1037 5417 in
1066 5365 1158 5417 illo
1190 5364 1457 5432 paradiso.
1490 5366 1621 5418 Nam
1643 5374 1865 5434 propter
1892 5366 2286 5433 protoplastum

722 5451 915 5513 Adam,
948 5452 1001 5504 in
1024 5463 1203 5505 ortum
1230 5450 1494 5520 Colgotha
1525 5468 1621 5506 seu
1657 5452 1938 5513 Calvariae,
1983 5470 2208 5522 vespere
2232 5465 2289 5508 et

725 5552 872 5594 serta
902 5542 1035 5595 hora
1073 5542 1125 5594 in
1156 5557 1373 5595 erucem
1402 5543 1645 5595 ascendit
1682 5552 1835 5595 sexto
1870 5544 1959 5595 die
1995 5544 2201 5599 seculi.
2233 5546 2285 5598 in

797 5718 840 5748 ³⁴
874 5718 1077 5773 (Ῐιιῖιιςκ.
1118 5740 1151 5782 t,
1197 5721 1272 5772 lii.

1354 5724 1393 5751 ³⁷
1434 5722 1617 5773 Εῐιιιῑιε.
1670 5739 1807 5775 χχιι.
1852 5724 1938 5775 ιῖςί,

2386 4549 2659 4617 proditus,
2699 4560 2755 4604 et
2788 4550 2843 4603 in
2876 4551 3100 4604 hortum
3149 4561 3235 4606 est
3270 4553 3571 4621 ingressus,
3614 4564 3669 4607 et
3710 4555 3766 4608 in
3813 4558 3964 4625 ligno

2383 4639 2678 4694 crucifixus
2710 4648 2935 4709 propter
2964 4642 3242 4695 hominem
3274 4643 3369 4712 qui
3410 4642 3661 4712 proditus
3697 4644 3881 4701 fuerat
3908 4649 3961 4701 in

2384 4730 2568 4795 horto,
2586 4743 2642 4784 et
2661 4731 2939 4799 ingressus
2958 4742 3079 4786 erat
3096 4733 3151 4787 in
3172 4733 3392 4787 hortum
3421 4736 3609 4789 mundi
3634 4747 3692 4789 ut
3709 4752 3951 4793 vescere-

2386 4827 2477 4873 tur
2531 4820 2789 4873 omnibus
2850 4830 3110 4891 tanquam
3159 4823 3409 4879 oleribus
3451 4825 3565 4879 feni
3606 4843 3619 4879 :
3662 4826 3771 4881 fuit
3810 4829 3960 4883 enim

2386 4911 2559 4965 instar
2603 4912 2792 4967 bestiae
2833 4923 2889 4967 et
2934 4929 3134 4985 expers
3188 4916 3417 4970 rationis
3468 4927 3590 4986 post
3647 4930 3959 4988 peceatum.

2388 5001 2541 5057 Unde
2576 5003 2771 5057 hortus
2818 5004 2923 5059 fttit
2966 5004 3021 5059 in
3060 5005 3343 5071 Calvaria,
3398 5009 3491 5062 ubi
3535 5009 3706 5063 Adam
3742 5012 3962 5082 jacebat

2387 5103 2658 5147 mortuus.
2698 5094 2831 5148 Illuc
2864 5110 2989 5149 cum
3030 5096 3272 5151 venisset
3313 5096 3589 5164 Christus,
3631 5100 3884 5169 pendens
3908 5104 3962 5157 in

2386 5184 2556 5253 ligno,
2594 5185 2792 5239 latroni
2832 5188 3051 5255 aperuit
3088 5189 3445 5258 paradisum;
3497 5199 3666 5245 noctu
3708 5191 3967 5247 Christus

2390 5275 2631 5329 comedit
2694 5275 2899 5330 Pascha
2948 5286 3075 5331 ante
3100 5280 3431 5347 passionem,
3479 5282 3741 5350 quoniam
3793 5283 3875 5337 sic
3911 5295 3967 5338 et

2393 5375 2556 5418 noctu
2602 5366 2843 5420 comedit
2882 5366 3076 5430 Adam,
3104 5378 3158 5422 et
3197 5379 3282 5423 est
3326 5369 3599 5439 proditus,
3642 5373 3964 5443 priusquam

2392 5456 2567 5524 aperti
2592 5468 2774 5509 essent
2795 5457 2914 5525 ejus
2937 5458 3104 5512 oculi.

2464 5545 2589 5598 Tria
2616 5545 2759 5613 ligna
2798 5558 2958 5602 erant
3003 5547 3058 5601 in
3097 5549 3386 5617 paradiso:
3419 5565 3588 5604 unum
3636 5552 3863 5621 quidem
3904 5568 3964 5605 ut
