4186 6442
162 376 267 441 9ιό
1265 382 1343 440 IN
1388 380 1815 440 llEXAEMElb

1765 381 1932 440 ltUN.
1956 408 2021 419 ··-
2046 384 2191 441 Llll.
2235 386 2362 442 Vll.
3312 388 3418 450 9‘6

162 495 484 540 vesceretur
517 490 719 550 homo;
752 486 856 541 alia
891 496 1072 541 autem
1104 488 1235 551 duo,
1264 491 1499 545 alterum
1521 493 1745 561 quidem
1776 496 1819 550 Α
1846 506 2133 546 excessum
2159 508 2173 555 ;
2204 492 2409 546 Christi
2452 507 2703 560 soporem
2740 491 2794 544 in
2833 506 2999 547 cruce
3024 534 3039 555 ,
3065 494 3207 549 latus
3248 497 3425 549 nuda-

163 578 375 645 lignum
406 578 553 640 vitze,
601 578 837 633 alterum
885 592 1068 634 autem
1126 581 1337 650 lignum
1379 584 1749 653 cognoscendi
1854 589 1968 634 tum
2021 583 2087 636 ad
2142 582 2619 646 vulnerationem;
2675 582 3032 637 nudationem
3092 596 3216 654 post
3270 602 3425 641 esum

164 671 378 722 bonum
424 679 479 722 et
519 671 759 725 malum:
818 682 1107 742 propterea
1165 676 1265 729 tria
1319 693 1539 746 quoque
1603 678 1751 746 ligna
1852 672 2067 737 Adami,
2098 684 2153 727 et
2178 672 2537 728 nudatiunem
2564 684 2689 742 post
2725 689 2940 729 cmnam
2970 673 3215 729 Christi:
3250 686 3430 733 vestes

164 762 381 812 conlisa
409 771 540 814 sunt
565 762 618 814 in
641 762 802 816 horto
830 765 1097 833 Colgotha
1121 782 1218 819 seu
1252 767 1546 831 Calvarizn;
1582 785 1751 823 unmn
1852 762 1999 815 enim
2037 765 2187 816 ωίιιὶι
2210 782 2224 827 ς
2246 764 2611 833 ντοάίιίοηοιη
2648 780 2747 832 Ροι·
2778 773 3117 832 εειΊιῡηιοηΙ,
3163 776 3219 819 ει
3244 768 3429 835 ιιι-θεη-

164 851 396 919 quidem
437 852 644 919 lignum
688 855 918 908 latronis
950 857 1043 923 qui
1089 857 1193 910 l‘uit
1238 868 1510 924 servatus,
1554 869 1614 913 ut
1655 876 1754 929 per
1854 854 2062 907 tionem
2104 869 2199 922 per
2229 855 2399 907 lilium
2427 853 2632 923 vipera:
2665 854 3027 923 discipulum;
3062 870 3345 924 veSperam
3375 860 3428 911 in

166 945 347 1013 ipsum
374 947 742 1013 percipiatuus
772 964 880 1001 non
913 949 1250 1002 dillluentem
1279 950 1517 1004 fructum
1544 952 1756 1005 theolo-
1852 961 1960 1013 qua
1990 960 2049 997 SC
2078 944 2423 998 abscondit“!
2470 960 2502 997 τι
2532 944 2645 997 Ποο
2675 946 3016 1012 Promittis".
3044 952 3100 998 οι
3145 959 3430 1013 vesperam

166 1036 292 1103 giae,
327 1037 472 1089 sicut
506 1037 594 1089 ille
628 1038 1043 1106 paradisum,et
1081 1056 1148 1095 eo
1173 1053 1460 1097 vescentes
1484 1044 1751 1107 hetemur,
1853 1036 1909 1090 in
1957 1053 2063 1106 qua
2121 1036 2265 1089 Deus
2302 1035 2495 1090 Adami
2555 1043 2721 1104 caput
2768 1035 3079 1090 Calvarium
3121 1037 3431 1106 subjectum

168 1142 280 1180 non
342 1130 512 1182 semel
567 1130 662 1183 sed
718 1145 936 1199 semper
977 1148 1105 1186 cum
1169 1134 1543 1190 comedentes,
1606 1137 1753 1189 Crux
1853 1137 2172 1181 exsecratur
2203 1136 2262 1180 ut.
2297 1126 2436 1181 lerat
2477 1128 2664 1197 spinas
2716 1141 2843 1180 cum
2878 1128 3117 1189 tribulis,
3163 1137 3221 1182 et
3245 1127 3432 1196 spinas

168 1218 377 1270 Christi
414 1228 499 1271 est
534 1220 742 1289 lignum
786 1220 930 1283 vitae,
979 1221 1033 1272 in
1073 1221 1266 1290 quoin
1307 1223 1475 1275 altum
1506 1224 1755 1276 sublatus
1856 1221 1910 1274 in
1933 1220 2113 1288 capite
2142 1219 2397 1282 Christi;
2444 1218 2729 1272 tristitiam
2775 1217 2829 1270 in
2869 1217 3152 1285 pariendis
3198 1216 3346 1281 liliis,
3377 1226 3436 1269 et

170 1305 277 1358 fuit
321 1308 515 1361 botrus
554 1321 828 1373 maturus,
870 1320 926 1363 et
965 1311 1071 1363 vita
1113 1322 1301 1365 nostra
1334 1323 1460 1366 ante
1492 1329 1593 1365 nos
1638 1313 1750 1366 visa
1857 1312 2135 1366 tristitiam
2182 1310 2607 1365 conturbantcm
2635 1309 2842 1364 Christi
2882 1309 3120 1362 animam
3154 1324 3318 1377 usque
3364 1307 3434 1360 ad

169 1408 256 1449 est
281 1413 573 1465 suspensa,
607 1401 764 1468 cujus
800 1401 1003 1454 virtute
1034 1403 1191 1455 multi
1239 1403 1404 1457 etiam
1445 1419 1512 1456 ex
1554 1420 1752 1457 monu-
1854 1413 2077 1458 mortem
2108 1405 2153 1436 “
2185 1404 2483 1467 ;sndorem
2538 1403 2664 1473 pani
2724 1403 3023 1456 immistmn
3060 1415 3185 1454 eum
3221 1401 3431 1459 labore.

172 1490 401 1551 mentis,
453 1491 733 1555 vivilicati,
789 1500 919 1545 sunt
976 1494 1220 1547 excitati.
1273 1494 1506 1563 Lignum
1568 1505 1751 1549 autem
1854 1497 2116 1550 sudorem
2164 1505 2420 1565 tauquam
2471 1510 2695 1565 grumos
2721 1504 2815 1548 aut
2866 1501 3052 1561 guttas
3110 1494 3431 1561 sanguinis;

172 1582 550 1647 cognoscendi
588 1583 793 1637 bonum
829 1594 886 1636 et
916 1585 1141 1648 malum,
1173 1586 1276 1638 l'uit
1317 1602 1451 1639 crux
1500 1586 1754 1655 blasphe-
1855 1587 2228 1655 rhomplueam
2251 1588 2629 1639 obstruentem
2654 1583 3439 1650 ingressumEdem,etrhom-

175 1672 404 1734 mantis,
448 1690 571 1742 qua:
616 1674 668 1727 in
702 1676 906 1729 bonum
954 1678 1175 1746 quidem
1224 1677 1302 1730 illi
1332 1678 1435 1731 lixa
1473 1677 1678 1741 fuerat,
1706 1680 1750 1733 si
1855 1679 2066 1748 plueam
2095 1678 2435 1747 aperientem
2464 1679 2609 1730 latus
2637 1676 2861 1731 Christi.
2910 1674 3022 1727 Nec
3074 1675 3189 1727 haec
3232 1675 3433 1735 solum,

174 1760 480 1827 voluisset;
520 1764 572 1817 in
604 1765 806 1818 malum
836 1778 1019 1819 autem
1049 1768 1127 1821 illi
1171 1768 1359 1831 cessit,
1390 1783 1516 1822 cum
1548 1778 1750 1823 temere
1792 1831 1823 1835 ﬂ
1854 1772 1951 1823 sed
2007 1772 2172 1824 etiam
2218 1770 2455 1823 duorum
2501 1767 2767 1835 quasdam
2828 1766 3225 1820 similitudines
3277 1783 3289 1816 :
3323 1766 3436 1818 illic

174 1850 246 1903 ab
274 1851 495 1920 ingrato
538 1854 723 1909 animo
770 1856 1010 1926 linguam
1048 1859 1406 1923 cxtettdissct,
1450 1867 1506 1912 et
1534 1875 1635 1927 pro
1659 1860 1753 1915 Dei
1791 1831 1831 1884 Β
1857 1860 2136 1913 diabolum
2167 1869 2221 1912 ct
2252 1831 2585 1927 serpentem,
2620 1857 2712 1910 hic
2769 1857 3002 1910 Pilatum
3032 1864 3088 1909 et
3128 1856 3433 1923 Caipbam;

180 1939 501 1994 laudatione
560 1943 732 1997 Deum
795 1945 1255 2014 blasphemasset,
1291 1960 1348 2002 et
1424 1949 1757 2004 comedisset
1859 1952 1989 2006 hinc
2022 1960 2077 2005 et
2104 1951 2233 2005 hinc
2256 1950 2524 2005 Adamum
2546 1958 2602 2002 et
2630 1949 2818 2010 Evam,
2846 1957 2902 2001 et
2929 1947 3170 2001 medium
3195 1948 3435 2016 lignum;

181 2039 416 2081 mortem
444 2030 511 2083 ad
554 2032 857 2089 interitum.
896 2035 1032 2089 Tres
1064 2038 1143 2090 rei
1176 2046 1480 2107 peccarunt
1516 2040 1571 2093 in
1596 2056 1758 2109 para-
1857 2056 1913 2098 et
1971 2046 2059 2098 hic
2111 2045 2582 2112 blasphemantem
2638 2042 2769 2096 hinc
2828 2040 3133 2105 latronem;
3178 2050 3235 2093 ct
3286 2040 3437 2092 illine

179 2117 324 2179 diso,
370 2118 565 2183 Adam,
607 2132 662 2182 ct
704 2123 835 2186 Eva,
886 2132 944 2178 et
987 2141 1234 2194 serpens,
1281 2142 1348 2180 ex
1398 2128 1601 2196 quibus
1647 2130 1759 2183 duo

1858 2138 2048 2201 alium,
2097 2137 2266 2190 Deum
2316 2134 2652 2197 laudantem,
2691 2143 2748 2189 ct
2787 2133 3028 2186 medium
3080 2134 3309 2199 lignum,
3341 2130 3435 2185 sed

180 2208 409 2274 quidem
439 2220 567 2264 sunt
595 2215 820 2277 servati,
851 2231 993 2270 unus
1018 2226 1201 2270 autem
1238 2218 1402 2285 periit
1429 2220 1493 2272 ".
1518 2221 1653 2275 Cum
1684 2221 1759 2275 ita

1858 2230 2071 2293 crucis;
2105 2239 2162 2281 et
2212 2228 2594 2281 indumentum
2633 2227 2746 2280 illic
2771 2227 2846 2278 ἐκ
2898 2226 3022 2288 licu,
3058 2233 3115 2277 et
3146 2224 3233 2276 hic
3259 2224 3438 2277 ‘indu-

182 2311 482 2369 propterea
515 2312 625 2357 tres
650 2305 730 2358 rei
755 2306 1061 2375 penderent
1098 2309 1155 2362 in
1192 2308 1439 2364 Calvaria
1477 2312 1762 2381 (nomina-

1860 2330 2104 2375 mcntum
2127 2335 2193 2371 ex
2218 2318 2418 2381 linteo;
2444 2327 2501 2370 et
2524 2326 2655 2369 tunc
2675 2316 2941 2384 quietem.
2967 2324 3023 2368 et
3043 2314 3438 2368 sablnitisnmm

184 2391 351 2446 batur
418 2395 565 2447 enim
615 2398 783 2449 etiam
843 2397 1134 2464 Dominus,
1204 2412 1493 2470 peccatum,
1544 2406 1760 2461 etiamsi

1861 2413 1951 2466 hic
1982 2411 2286 2481 perfectum
2313 2427 2325 2461 :
2348 2409 2488 2461 duas
2508 2409 2654 2462 enim
2683 2406 2897 2475 quietes
2925 2405 3189 2457 docemur
3210 2421 3274 2457 ex
3298 2405 3439 2456 libro

185 2492 417 2551 propter
447 2485 626 2551 ipsum
663 2503 772 2540 non
806 2498 953 2542 esset
978 2506 1107 2543 reus
1143 2506 1207 2543 ac
1246 2492 1668 2559 condctnnatus,
1705 2506 1761 2550 ct

1861 2503 2147 2573 proposito
2183 2501 2276 2569 qui
2319 2499 2525 2552 dicitur
2575 2497 2843 2550 Mosaicus
2882 2514 2895 2549 :
2943 2496 3006 2548 Et
3044 2495 3258 2563 perfecit
3300 2493 3437 2546 Deus

184 2590 310 2626 cum
357 2590 467 2627 non
516 2585 684 2639 esset,
727 2578 903 2631 solum
943 2580 1174 2633 haberet
1212 2583 1360 2650 quod
1409 2585 1757 2655 diceretur),

1860 2596 1915 2647 in
1940 2597 2034 2646 hoc
2057 2594 2141 2645 die
2164 2609 2321 2661 opera
2338 2609 2434 2643 sua
2460 2605 2576 2659 qua?
2603 2590 2743 2657 fecit.
2769 2587 3031 2653 Quaedam
3051 2595 3233 2639 autem
3256 2601 3440 2639 exem-

188 2680 333 2719 “nus
392 2665 534 2719 ¹²ῑ¹¹⁰
579 2668 845 2737 ingratus.
892 2686 1018 2724 cum
1066 2681 1215 2725 055οι
1257 2682 1415 2742 Ullus
1458 2676 1662 2730 (“9le
1708 2689 1764 2731 εἰ
1863 2686 2032 2755 pluria
2071 2684 2296 2746 habent,
2347 2695 2465 2749 qua?
2509 2681 2626 2749 fecit
2666 2679 2801 2732 Deus
2847 2693 3005 2745 super
3043 2687 3262 2729 terram.
3320 2676 3443 2730 llzce

183 2759 468 2825 serpentis
494 2769 550 2813 ct
580 2759 735 2814 Juda:
772 2762 865 2830 qui
897 2777 955 2815 se
990 2762 1046 2816 in
1066 2763 1215 2831 ligno
1240 2767 1550 2830 sull'ocavit,
1576 2769 1760 2836 periit.

1861 2785 1947 2830 est
1974 2776 2148 2844 prima
2168 2776 2348 2842 quies,
2372 2773 2499 2825 amli
2531 2772 2694 2825 etiam
2720 2770 3041 2824 secundam.
3073 2768 3267 2822 Statim
3293 2769 3438 2821 enim

186 2849 323 2901 Nam
361 2851 645 2917 quomodo
695 2853 963 2921 scriptum
1010 2863 1094 2908 est
1139 2857 1287 2925 quod
1328 2856 1458 2911 dolo
1499 2859 1765 2929 deceptus

1863 2867 2040 2920 dicit:
2074 2866 2140 2919 Et
2182 2866 2374 2935 quievit
2427 2863 2565 2916 Deus
2602 2865 2658 2915 in
2701 2864 2783 2915 die
2828 2864 3046 2930 septimo
3095 2863 3159 2915 ab
3205 2863 3440 2916 omnibus

184 2956 271 2994 ναι
297 2940 497 2998 Adam.
519 2943 594 2995 ita
620 2942 787 2996 etiam
811 2945 983 2999 .ludas
1012 2949 1204 3000 osculo
1234 2956 1292 3001 ct
1321 2949 1449 3003 dolo
1477 2951 1601 3005 fecit
1632 2970 1763 3022 pro-
1864 2958 2100 3026 operibus
2117 2958 2222 3008 suis
2238 2970 2357 3024 qua:
2378 2954 2804 3023 [ecit;bcncdi:rit
2828 2953 2965 3006 Deus
2993 2954 3441 3021 dirmsrptimum,

186 3032 463 3086 ditionem
499 3051 513 3085 :
544 3042 600 3087 et
633 3036 911 3102 quomodo
940 3031 1150 3092 dictum
1189 3049 1273 3094 est
1318 3043 1464 3110 quod
1512 3044 1766 3102 diabolus
1866 3058 1914 3101 et
1946 3046 2296 3113 sanctiﬁmcit
2332 3062 2471 3107 eum,
2506 3046 2755 3113 quoniam
2778 3047 2830 3096 in
2856 3061 2914 3095 eo
2949 3045 3143 3112 quievit
3183 3043 3247 3094 ub
3271 3044 3441 3097 omni-

185 3124 475 3192 iugressus
497 3135 581 3179 est
600 3129 1022 3196 serpentem,ita
1044 3130 1209 3183 etiam
1234 3134 1496 3201 scriptum
1519 3137 1762 3205 estquod
1792 3154 1833 3209 ς
1870 3142 1961 3193 bus
2004 3139 2245 3208 operibus
2273 3138 2383 3189 suis
2425 3152 2542 3205 qua:
2592 3145 2819 3204 coeperat
2869 3134 3022 3186 Deus.
3055 3133 3112 3185 Si
3138 3148 3269 3196 ergo
3299 3133 3445 3187 Deus

187 3213 305 3281 ipse
341 3213 575 3269 Satanas
603 3216 832 3271 intravit
863 3219 919 3271 in
955 3235 1051 3273 cor
1077 3220 1232 3275 Judae
1254 3222 1511 3293 discipuli
1538 3224 1762 3281 Christi.
1866 3229 2079 3299 quievit
2115 3227 2170 3280 iu
2200 3227 2290 3279 die
2326 3224 2564 3294 septimo
2605 3223 2674 3276 ab
2714 3221 2976 3275 oinnibns
3032 3220 3294 3287 operibus
3330 3219 3445 3271 suis

189 3304 315 3358 Fllil
375 3316 559 3360 autem
608 3308 909 3376 aliquando
957 3327 1179 3380 quoque
1232 3314 1462 3368 Satanas
1509 3317 1563 3370 in
1610 3320 1768 3375 melis
1866 3338 1990 3391 qua:
2020 3321 2169 3382 fecit,
2216 3316 2494 3387 quomodo
2540 3314 2678 3369 dicit
2715 3323 2902 3383 postea
2938 3312 3084 3382 quod
3131 3312 3274 3364 licus
3312 3311 3443 3362 oriri

187 3396 504 3465 discipulus
528 3397 737 3453 Christi
793 3416 920 3455 eum
967 3405 1182 3458 caeteris
1224 3407 1434 3460 sanctis
1477 3407 1769 3478 discipulis
1869 3415 1989 3483 fecit
2054 3412 2239 3465 adhuc
2299 3425 2362 3461 ex
2412 3416 2555 3459 terra
2594 3421 2748 3458 omne
2792 3404 2992 3473 lignum
3057 3403 3328 3471 pulchrum
3376 3401 3445 3453 ad

188 3499 353 3553 (cum
383 3491 933 3561 angelicisdinquam,
962 3495 1330 3565 Virtutibus);
1356 3499 1451 3553 sed
1484 3511 1602 3554 erat
1627 3519 1770 3558 unus
1867 3501 2145 3556 videndum
2190 3506 2239 3551 et
2294 3499 2487 3551 bonum
2544 3495 2615 3548 ad
2646 3494 3042 3553 comedendum,
3089 3500 3138 3544 ct
3186 3490 3445 3559 plurumi

186 3596 252 3631 cx
283 3580 660 3648 principibus.
706 3583 782 3634 De
811 3598 879 3636 eo
904 3584 1053 3638 enim
1080 3585 1289 3640 dictum
1319 3596 1443 3641 est:
1474 3588 1568 3643 Vos
1593 3600 1769 3645 autem
1870 3589 2201 3659 paradisum,
2224 3596 2271 3639 et
2317 3585 2474 3652 ﬁnxit
2516 3583 2653 3638 Deus
2703 3599 2764 3636 cx
2827 3591 2972 3634 terra
3021 3596 3201 3634 omnes
3256 3579 3445 3632 bestius

184 3675 322 3725 sicut
364 3674 601 3727 homines
634 3675 951 3739 moriemini,
990 3686 1038 3729 et
1072 3688 1329 3747 tauquam
1357 3695 1493 3734 unus
1522 3683 1587 3734 de
1619 3685 1770 3751 prin-
1870 3680 2010 3749 agri,
2035 3686 2085 3731 et
2104 3692 2280 3731 omnes
2301 3676 2535 3728 volucres
2569 3674 2723 3727 cwli?
2750 3674 2824 3728 De
2848 3672 3069 3727 Christo
3092 3686 3223 3739 ergo
3254 3685 3448 3723 rursus

188 3765 390 3833 cipibus
435 3767 632 3819 cadetis
680 3768 745 3819 ".
795 3767 1161 3833 Quamobrem
1199 3770 1370 3825 Judas
1401 3788 1619 3841 quoque
1651 3783 1772 3828 erat
1869 3783 1954 3828 est
1989 3769 2428 3840 intelligendum.
2478 3769 2694 3823 Etenim
2734 3769 2787 3821 in
2816 3776 2972 3820 sexto
3002 3766 3090 3819 die
3138 3765 3350 3834 quievit
3378 3764 3447 3817 ab

192 3871 340 3908 uanius
368 3871 435 3908 ex
469 3856 701 3909 summis
722 3856 1035 3925 discipulis;
1088 3859 1234 3914 inter
1273 3876 1415 3929 quos
1459 3862 1513 3915 ei
1548 3877 1771 3931 quoque
1870 3862 2129 3918 omnibus
2169 3860 2433 3929 operibus
2481 3859 2598 3913 suis
2648 3874 2769 3927 quze
2817 3858 2949 3912 fecit
2994 3872 3163 3925 super
3206 3865 3445 3918 terram,

189 3947 474 4000 creditum
504 3948 634 4001 etin
662 3964 858 4002 manus
879 3950 1067 4003 datum
1103 3950 1283 4004 fuerat
1310 3952 1672 4021 marsupium.
1704 3954 1773 4009 Et
1872 3968 2035 4008 carne
2064 3967 2163 4020 pro
2200 3951 2362 4005 nobis
2397 3958 2670 4003 mortuus.
2712 3948 2853 4002 Cum
2899 3956 3083 4001 autem
3131 3956 3279 3999 esset
3318 3962 3448 4014 pro-

192 4053 260 4090 ne
305 4036 501 4090 eadem
533 4038 782 4093 dicamus
810 4055 932 4108 qua:
988 4042 1086 4108 (ut
1115 4041 1323 4096 dictum
1367 4043 1491 4112 est)
1535 4044 1773 4099 diximus
1874 4044 2049 4097 fectus
2077 4043 2142 4095 ad
2177 4040 2515 4110 spiritusqui
2541 4048 2699 4093 erant
2723 4040 2777 4092 in
2816 4053 3041 4092 carcere
3078 4037 3299 4098 inferni,
3340 4037 3450 4088 illic

193 4128 249 4180 in
282 4127 513 4197 mystica
543 4130 862 4198 passionum
902 4128 1106 4183 Christi
1156 4132 1641 4199 contemplatione,
1676 4135 1770 4203 qui
1873 4134 2004 4189 fecit
2034 4133 2220 4187 omnia
2255 4148 2422 4200 opera
2459 4132 2543 4185 sui
2582 4131 2855 4185 adventus
2884 4145 3004 4199 quze
3039 4136 3302 4196 cmpcrat.
3340 4126 3452 4177 lloo

194 4219 450 4273 studiose
498 4220 731 4273 audiunt
763 4235 892 4274 eum
933 4221 1027 4289 qui
1072 4221 1229 4291 jubet
1267 4229 1323 4275 et
1351 4222 1488 4277 dicit
1521 4242 1533 4276 :
1563 4222 1773 4279 Scrute—
1872 4234 1959 4282 est
1989 4226 2148 4296 quies
2181 4224 2443 4279 secunda.
2486 4224 2659 4289 Quem
2702 4222 2928 4292 quidem
2969 4220 3115 4273 diem
3155 4219 3448 4286 septimum

193 4310 330 4364 mini
373 4307 761 4378 Scriptaras“,
796 4312 1073 4379 accipiant
1121 4314 1177 4364 in
1210 4326 1406 4367 manus
1448 4312 1621 4369 libros
1648 4315 1773 4370 caeli
1876 4318 1977 4387 (ut
2004 4315 2100 4385 qui
2124 4315 2197 4369 sit
2219 4316 2504 4379 creatum)
2539 4312 2798 4367 salutaris
2822 4320 2877 4365 et
2901 4319 3127 4364 sanctus
3149 4308 3448 4369 benedixit,

194 4416 252 4457 et
280 4415 463 4466 terrae,
489 4412 546 4456 et
577 4403 744 4457 alium
770 4403 865 4471 qui
899 4402 1037 4456 dicit
1062 4422 1074 4456 :
1096 4403 1249 4456 Liber
1277 4406 1628 4473 generationis
1650 4405 1774 4459 Iesu
1875 4405 2135 4475 quoniam
2159 4402 2213 4457 in
2236 4419 2303 4457 eo
2328 4402 2538 4471 quievit
2570 4401 2639 4455 ab
2664 4400 2924 4455 omnibus
2944 4398 3205 4468 operibus
3234 4397 3368 4451 suis.
3392 4396 3449 4450 lu

196 4497 395 4552 Christi
424 4496 778 4560 “,creatoris
802 4496 928 4550 costi
957 4506 1014 4550 et
1040 4503 1218 4559 terrae,
1253 4504 1309 4550 et
1343 4496 1455 4551 illic
1484 4496 1777 4566 diligenter
1806 4478 1854 4537 ί)
1877 4512 1945 4552 eo
1970 4496 2112 4550 facta
2135 4503 2220 4549 est
2251 4494 2402 4549 salus
2434 4493 2503 4547 iis
2539 4493 2633 4561 qui
2677 4501 2837 4547 erant
2863 4490 2966 4545 sub
3005 4498 3172 4551 terra,
3210 4488 3354 4541 sicut
3383 4486 3451 4539 iis

200 4594 526 4658 reputantes
558 4603 682 4656 qua:
720 4587 774 4640 in
811 4588 914 4642 hoc
962 4587 1053 4641 die
1083 4587 1239 4642 [θοι-ἰε
1274 4596 1403 4643 sunt
1434 4589 1488 4643 in
1524 4589 1778 4658 paradiso
1876 4587 1971 4657 qui
2000 4592 2160 4641 erant
2185 4599 2351 4653 super
2383 4592 2607 4638 terram.
2642 4584 2701 4637 ln
2725 4599 2793 4638 eo
2823 4580 3041 4651 spoliati
3071 4588 3201 4633 sunt
3230 4576 3450 4632 inferni.

199 4692 451 4750 tempore
492 4681 655 4749 primi
705 4680 922 4744 Adami,
963 4688 1020 4733 et
1052 4695 1175 4747 qua:
1217 4680 1356 4734 faeta
1410 4689 1539 4734 sunt
1588 4682 1642 4734 in
1685 4681 1779 4736 illo
1878 4679 1938 4735 lu
1968 4694 2035 4733 eo
2067 4677 2337 4731 liberatus
2364 4686 2451 4731 est
2480 4674 2726 4728 Adamus
2775 4688 2841 4726 ex
2887 4671 3245 4725 tiimroribus.
3285 4668 3341 4721 ln
3385 4683 3453 4720 eo

200 4781 359 4827 sexto
414 4770 505 4825 die
548 4772 603 4825 in
648 4771 906 4839 passione
957 4770 1183 4824 secundi
1233 4769 1451 4833 Adami,
1501 4771 1784 4826 invenient
1880 4770 2295 4825 dominatuscst
2318 4766 2572 4821 Christus
2610 4763 2842 4818 mortuis
2863 4760 3268 4816 sicutetvivis.
3299 4758 3453 4811 Tune

200 4864 483 4933 sigillatim
504 4871 562 4917 et
587 4864 726 4917 citra
755 4862 1033 4917 defectum
1060 4862 1247 4918 omnia
1273 4863 1438 4916 simili
1472 4863 1637 4916 modo
1660 4878 1784 4918 esse
1885 4878 1915 4915 a
1942 4875 2106 4915 cruce
2133 4857 2437 4912 ambulavit
2463 4856 2518 4909 in
2542 4853 2791 4917 vestigiis
2821 4851 3027 4922 abyssi.
3046 4851 3293 4918 Cumque
3326 4850 3457 4901 illuc

203 4957 256 5010 in
282 4955 557 5024 utrisque,
619 4955 792 5009 Adam
838 4955 1099 5024 primum,
1149 4964 1207 5010 et
1255 4955 1426 5009 Adam
1474 4952 1777 5008 secundum
1883 4950 2279 5013 descendisset,
2317 4957 2447 5002 tunc
2470 4948 2521 5001 ei
2558 4954 2707 5000 metu
2738 4952 2938 5013 apertae
2964 4949 3280 5009 suntporta:
3309 4954 3455 4991 mor-

202 5047 429 5100 hortum
475 5044 737 5114 paradisi,
795 5053 852 5099 et
883 5045 1106 5099 hortum
1153 5046 1209 5099 in
1247 5060 1360 5115 quo
1403 5054 1656 5099 versatus
1696 5055 1781 5100 est
1884 5043 1976 5106 tis,
2013 5050 2145 5095 tunc
2168 5050 2400 5095 mortem
2424 5049 2510 5093 est
2527 5045 2827 5099 scrutatus,
2847 5045 2977 5089 tunc
3000 5030 3241 5100 alligavit
3275 5038 3455 5099 tyran-

200 5138 481 5193 Cbristus.
513 5138 629 5191 lilic
654 5137 1108 5201 inohedientiam,
1144 5145 1200 5191 et
1237 5137 1328 5192 hic
1351 5136 1502 5191 auris
1526 5148 1781 5206 amputa-
1885 5147 2038 5194 num,
2077 5144 2209 5185 tunc
2236 5129 2466 5200 perfecit
2486 5144 2654 5197 opera
2682 5142 2778 5181 sua
2812 5134 3035 5193 propter
3067 5136 3190 5189 qua:
3215 5120 3453 5173 advene-

204 5230 435 5291 tionem,
460 5228 607 5282 illam
629 5228 853 5297 quidem
873 5244 973 5296 per
991 5229 1411 5297 protoplastum,
1440 5228 1581 5282 hanc
1597 5238 1780 5282 autem
1882 5230 1985 5276 rat.
2016 5221 2075 5276 In
2104 5221 2212 5275 hoc
2247 5220 2337 5274 die
2362 5218 2597 5288 septimo
2634 5214 2901 5285 requievit
2935 5214 3005 5267 ab
3032 5211 3287 5265 omnibus
3319 5224 3449 5276 ope.

204 5334 306 5387 per
326 5333 455 5373 eum
484 5318 580 5385 qui
615 5325 767 5372 tenet
797 5318 1032 5386 primam
1066 5318 1292 5383 sedem;
1321 5318 1468 5386 ligna
1493 5332 1616 5386 quae
1651 5325 1781 5372 sunt
1881 5317 2034 5371 ribus
2062 5316 2198 5378 suis,
2249 5330 2375 5368 cum
2420 5311 2807 5367 resurrexissct
2835 5324 2944 5363 uno
2977 5308 3361 5368 Sabbatornm,
3400 5317 3456 5359 et

208 5408 262 5462 in
293 5407 577 5476 parr'iiso,
622 5414 680 5460 et
724 5406 870 5475 ligna
893 5423 1017 5476 qua:
1046 5409 1101 5461 in
1142 5406 1429 5477 Colgotha,
1467 5422 1563 5460 seu
1596 5406 1785 5461 Calva-
1879 5422 2006 5461 eum
2031 5404 2422 5468 benedixisset,
2452 5402 2711 5471 quoniam
2749 5410 2906 5453 sexto
2933 5397 3154 5466 quidem
3194 5395 3285 5448 die
3328 5408 3453 5459 per-

209 5495 327 5561 ria;
361 5510 519 5550 esum
546 5495 601 5549 in
637 5495 912 5564 paradiso,
932 5505 990 5551 et
1022 5512 1180 5551 esum
1218 5497 1272 5551 in
1315 5510 1471 5551 coma
1505 5495 1731 5566 mystica
1768 5512 1782 5557 ;
1881 5496 2012 5550 fecit
2040 5495 2227 5549 omnia
2258 5508 2427 5563 opera
2451 5507 2547 5545 sua
2584 5505 2707 5558 qum
2737 5495 2894 5542 erant
2916 5483 3252 5544 creationis;
3294 5480 3454 5549 quie-

211 5584 409 5641 Adami
439 5600 697 5657 soporem
717 5586 1082 5643 adducentem
1120 5586 1178 5642 in
1211 5588 1470 5643 exstasim
1504 5596 1561 5641 et
1585 5588 1786 5643 mentis
1880 5586 2186 5639 scitautcm
2215 5584 2269 5638 in
2288 5584 2521 5653 septimo
2547 5581 2639 5635 die
2677 5578 2883 5640 surculi,
2920 5576 2991 5629 ab
3026 5573 3286 5630 omnibus
3318 5584 3456 5635 ope-

284 5763 330 5796 "
363 5764 404 5819 ll
428 5763 554 5817 Cor.
594 5766 757 5824 v,‘2l.
838 5770 879 5794 τ’*
916 5766 1055 5819 Psal.
1094 5782 1266 5825 l\'X\l,
1298 5767 1346 5815 7.
1428 5768 1469 5788 “‘
1508 5767 1530 5812 .l
1560 5784 1656 5816 m't.
1707 5782 1754 5819 ν,
1788 5765 1875 5816 πῖι,

1428 5768 1469 5788 “⁶
1508 5767 1530 5812 .l
1560 5784 1656 5816 κνι.
1707 5782 1754 5819 ν.
1788 5765 1875 5816 πῖδ.
1956 5766 1993 5792 "‘
2044 5762 2227 5813 Matth
2268 5777 2300 5813 ι.
2348 5759 2392 5812 Ι.
2471 5759 2512 5788 ⁸⁸
2546 5755 2734 5810 .‘lttllh.
2768 5769 2910 5804 \‘Xt-‘I.
2947 5751 3034 5803 38.
