4186 6442
744 391 841 454 947

1940 386 1999 444 S.
2042 384 2435 443 ANAS’I‘ASII
2469 379 2808 451 SINAITJS

3884 373 3987 438 9-l8

746 496 902 549 ribus
924 494 1037 547 suis
1071 496 1302 559 (nempe
1341 488 1780 559 prmdicationis.)
1819 503 1939 556 quae
1973 489 2139 556 cmpit
2170 489 2315 541 Deus
2347 496 2384 547 Α
2418 489 2785 557 impietatem.
2817 489 2947 542 Nam
2978 504 3022 542 sn
3078 491 3440 559 corporaliter
3473 489 3842 557 intelligamus
3891 484 3986 537 Del

744 586 924 640 facere
955 584 1009 635 in
1047 589 1203 635 sexto
1238 581 1327 634 die
1368 580 1577 644 smculi,
1622 579 1714 648 qui
1745 578 1965 648 quidem
1996 589 2081 631 est
2105 587 2161 630 et
2193 578 2315 630 finis

742 679 800 724 et
842 669 1175 738 principium
1220 668 1505 734 utriusque
1538 667 1855 721 creationis.
1910 667 1983 719 De
2015 674 2214 718 caetero
2247 680 2314 718 ne

744 777 802 814 se
831 762 1039 828 jacteut
1069 769 1122 813 ct
1149 774 1371 827 magnos
1392 759 1620 829 spiritus
1649 760 1962 828 concipiant
1998 760 2316 813 adoratores

744 852 987 915 Sabbati,
1012 864 1068 907 et
1090 853 1308 907 Sabbati
1338 865 1621 909 voratores
1646 853 1839 907 Juda:i.
1866 855 1981 908 Non
2007 856 2152 909 enim
2184 854 2314 907 illud

746 943 1045 997 Sabbatum
1084 945 1361 998 benedixit
1401 947 1546 1000 Deus
1594 947 1739 1014 quod
1792 955 1911 999 erat
1946 948 1999 999 in
2044 946 2317 1014 principio

745 1036 1042 1088 creationis
1071 1052 1082 1086 :
1115 1050 1223 1088 non
1268 1037 1415 1089 enim
1467 1039 1518 1089 iu
1572 1052 1639 1091 eo
1686 1038 1901 1106 quievit
1945 1038 2015 1089 ab
2055 1037 2318 1089 omnibus

746 1126 1008 1191 operibus
1076 1124 1209 1179 suis.
1277 1125 1333 1179 Si
1385 1134 1564 1179 autem
1612 1127 1664 1180 in
1704 1144 1772 1181 co
1805 1144 1914 1180 non
1959 1127 2193 1194 quievit,
2234 1136 2318 1180 est

747 1215 1097 1282 perspicuum
1135 1216 1282 1283 quod
1314 1218 1365 1269 ei
1410 1232 1515 1270 non
1561 1218 1862 1277 benedixit.
1906 1217 2121 1271 etiamsi
2158 1217 2229 1269 ob
2253 1232 2317 1270 ea

746 1321 865 1372 qu:e
890 1308 1151 1360 dicuntur
1175 1307 1443 1361 irascatur
1472 1309 1695 1361 Judzeus
1738 1308 1931 1362 dicens
1961 1308 2106 1377 quod
2137 1309 2190 1360 in
2223 1308 2319 1361 illo

747 1395 834 1449 die
862 1399 1096 1465 septimo
1114 1400 1257 1451 Deus
1280 1400 1491 1467 quievit
1519 1400 1588 1453 ab
1615 1400 1873 1453 omnibus
1899 1400 2158 1469 operibus
2181 1400 2315 1453 suis.

748 1485 886 1538 Eum
903 1497 1084 1541 autem
1107 1489 1310 1543 refellit
1332 1500 1387 1543 ct
1412 1491 1461 1543 ei
1489 1506 1552 1543 os
1574 1492 1814 1544 obstruit
1831 1491 2014 1544 divina
2039 1491 2318 1559 Scriptura

750 1577 940 1631 dicens
985 1580 1133 1648 quod
1170 1591 1291 1650 post
1329 1584 1621 1651 septimum
1658 1583 1803 1636 diem
1851 1583 1994 1635 Deus
2035 1585 2165 1635 oriri
2201 1584 2318 1651 fecit

750 1685 778 1720 ε
805 1679 947 1723 terra
978 1688 1132 1723 omne
1168 1673 1368 1741 lignum
1396 1674 1694 1740 pulchrum,
1722 1683 1769 1725 et
1806 1675 2071 1743 plantavit
2095 1678 2320 1742 paradi-

749 1777 888 1823 sum,
932 1770 989 1813 ct
1023 1763 1176 1816 liuxit
1204 1779 1234 1816 e
1276 1773 1423 1817 terra
1465 1765 1669 1818 bestias
1707 1774 1764 1817 et
1790 1767 2037 1835 jumeuta
2069 1774 2125 1819 et
2159 1768 2317 1819 volu-

749 1865 891 1913 cres,
926 1860 981 1903 et
1012 1852 1163 1905 dedit
1188 1852 1396 1906 Adamo
1427 1855 1764 1916 mandatum,
1794 1864 1848 1907 et
1882 1855 2079 1908 fecitci
2112 1860 2317 1909 tunicas

751 1939 1015 2008 pellicem,
1064 1950 1122 1995 et
1181 1944 1376 1996 statuit
1435 1944 1719 1998 Cherubin
1788 1946 1854 1999 ad
1896 1949 2318 2003 custodiendum

753 2032 1088 2099 paradisum,
1130 2045 1186 2088 et
1222 2035 1353 2089 fecit
1382 2052 1567 2090 arcqu
1609 2052 1769 2090 suum
1806 2039 1862 2090 in
1897 2040 2160 2092 nubibus.
2203 2041 2319 2095 Alia

751 2139 971 2191 quoque
1002 2127 1234 2193 plurima
1275 2142 1441 2194 opera
1480 2130 1725 2181 cernitur
1782 2129 1978 2184 fecisse
2017 2132 2160 2185 Deus
2201 2140 2324 2201 post

752 2214 1069 2281 septimum,
1099 2217 1243 2270 sicut
1286 2217 1397 2269 dixi
1442 2219 1604 2285 paulo
1633 2228 1779 2271 ante.
1829 2220 1895 2272 Et
1937 2222 2196 2287 quoniam
2222 2223 2322 2275 .lu-

750 2303 994 2358 daeorum
1028 2308 1207 2374 magni
1239 2319 1368 2361 sunt
1407 2309 1637 2377 spiritus
1675 2317 1733 2363 et
1780 2327 1973 2379 magna
2010 2314 2321 2381 arrogantia

750 2393 1041 2447 adversum
1087 2412 1189 2450 nos
1231 2397 1299 2451 de
1337 2399 1499 2467 vulgo
1521 2400 1728 2467 jactato
1752 2410 1809 2454 et
1844 2401 2099 2455 helluone
2127 2418 2321 2457 eorum

752 2483 991 2538 Sabbato
1036 2504 1050 2538 :
1095 2487 1311 2541 discant
1360 2490 1595 2557 imperiti
1654 2490 1801 2559 quod
1849 2507 1959 2546 non
2011 2494 2325 2549 invenimus

752 2574 922 2628 Deum
988 2576 1165 2631 cuivis
1220 2580 1296 2632 rei
1349 2579 1718 2644 benedixisse,
1774 2593 1831 2636 ct
1893 2599 2083 2638 rursus
2134 2595 2323 2653 postea

750 2679 1076 2719 conversum
1113 2683 1233 2720 eam
1260 2668 1389 2722 odio
1430 2671 1687 2725 habuisse
1722 2680 1778 2726 et
1813 2684 2159 2729 exsecratum
2201 2691 2323 2730 esse

753 2756 937 2823 (sicut
975 2765 1032 2810 et
1056 2758 1167 2812 dixi
1208 2760 1359 2825 alibi,
1404 2769 1459 2815 ct
1496 2762 1638 2815 sicut
1685 2764 1853 2817 etiam
1898 2780 2091 2820 sumus
2123 2766 2323 2821 dicturi

753 2844 810 2898 in
837 2860 996 2914 paena
1019 2848 1269 2916 Adami).
1308 2849 1362 2904 Si
1388 2862 1572 2906 autem
1614 2855 1800 2908 sensili
1840 2856 1970 2911 huic
1991 2858 2103 2912 dici
2142 2870 2326 2915 vestro

751 2935 969 2989 sublato
1018 2937 1301 2992 benedixit
1355 2950 1413 2995 et
1458 2957 1584 2996 eum
1630 2945 2013 3010 sanctificavit,
2049 2950 2326 3017 quomodo

752 3035 995 3081 vestrum
1030 3028 1140 3082 diei
1173 3029 1395 3085 Sabbati
1430 3034 1639 3088 cultum
1682 3035 1936 3091 dissolvit
1964 3048 2020 3093 et
2061 3041 2324 3094 extermi-

2419 590 2692 648 praecepta
2742 596 2865 648 quae
2924 581 3201 635 mandavit
3252 598 3361 635 non
3412 581 3592 635 facere
3629 581 3681 632 in
3720 578 3987 636 Sabbato,

2416 674 2548 744 quid
2576 672 2791 725 ιτοιιῐοῑι
2819 673 2887 726 ad
2930 674 3034 727 hoc
3062 683 3121 727 ιιι
3147 677 3259 729 Deo
3282 676 3494 744 placeat
3545 673 3723 742 ignem
3758 670 3992 724 omnino

2418 783 2525 819 non
2558 764 2866 818 accendere
2898 766 2951 818 in
2999 766 3261 829 Sabbato,
3305 766 3401 819 sed
3453 765 3652 833 degere
3716 762 3770 815 in
3834 772 3991 813 tene-

2420 856 2570 909 bris?
2601 855 2742 920 Quid
2773 864 2957 909 autem
3007 857 3234 925 prodest
3289 856 3529 908 otiosum
3560 868 3681 907 esse
3716 851 3990 904 camelqu

2418 956 2474 1001 et
2497 948 2714 1000 asinum
2760 956 2817 1001 ct
2875 948 3075 1000 bovem
3131 957 3376 1000 vestrum
3436 947 3491 999 in
3538 938 3990 1005 Sabbato?Quid

2418 1051 2600 1095 autem
2640 1041 2987 1107 Deumjuvat
3023 1042 3067 1093 si
3100 1041 3324 1095 Judarus
3360 1041 3463 1093 iter
3496 1053 3604 1091 non
3646 1033 3993 1104 ingrediatur

2419 1132 2507 1185 dic
2531 1131 2797 1185 Sabbati?
2830 1131 2935 1185 Sed
2978 1132 3093 1185 lucc
3135 1132 3321 1185 omnia
3388 1130 3769 1199 intelliguntur
3830 1126 3993 1195 spiri-

2424 1224 2717 1278 tualiteret
2747 1224 3145 1292 adimplcntur.
3177 1223 3311 1277 Nam
3344 1224 3387 1275 si
3431 1221 3553 1275 dies
3606 1219 3877 1287 septimus
3907 1233 3995 1269 es-

2420 1322 2503 1368 set
2537 1315 2798 1367 omnibus
2822 1313 3025 1367 diebus
3072 1314 3424 1382 prmstantior
3468 1320 3524 1365 et
3578 1308 3991 1369 ltonorabilior,

2365 1454 2374 1461 .
2420 1424 2522 1461 cur
2566 1407 2733 1476 jussit
2776 1406 2922 1458 Deus
2966 1403 3294 1457 circumcidi
3323 1402 3414 1455 die
3446 1412 3645 1455 octavo
3673 1410 3729 1455 ct
3754 1415 3865 1452 non
3900 1416 3990 1451 se-

2422 1498 2635 1567 ptimo?
2694 1498 2811 1551 Non
2865 1496 3037 1550 habet
3086 1497 3234 1550 enim
3294 1497 3378 1549 lex
3430 1494 3655 1549 .ludaica
3686 1492 3992 1561 quidquam

2421 1591 2845 1644 circumcisione
2870 1590 3041 1658 magis
3071 1590 3467 1642 necessarium.
3501 1586 3556 1639 Si
3596 1601 3740 1638 ιιιιιις
3794 1596 3996 1651 corpo-

2422 1689 2533 1741 rale
2549 1688 2712 1755 jussit
2735 1688 2880 1740 Deus
2914 1703 3022 1739 non
3050 1686 3241 1739 tollere
3295 1686 3348 1738 in
3389 1685 3631 1738 Sabbato
3656 1724 3669 1745 ,
3708 1679 3995 1751 quomodo

2424 1778 2478 1830 in
2532 1776 2754 1831 Jericho
2798 1784 3011 1844 septem
3067 1776 3332 1844 deinceps
3374 1773 3493 1828 dies
3551 1784 3701 1828 totus
3754 1771 3999 1841 populus

2422 1867 2608 1928 Israel,
2671 1876 2897 1935 portans
2944 1882 3145 1919 currus
3188 1881 3319 1919 suos
3367 1873 3425 1918 et
3467 1879 3593 1917 vasa
3651 1878 3747 1915 sua
3784 1860 3998 1932 [melius

2421 1956 2596 2026 armall
2655 1958 3008 2011 circumvivit
3059 1958 3386 2012 civitatem?
3441 1956 3498 2010 Si
3554 1955 3907 2024 corporalem
3941 1963 3998 2007 et

2423 2047 2681 2101 sensilem
2708 2048 2891 2116 ignem
2920 2048 3089 2117 jussit
3117 2048 3261 2101 Deus
3288 2062 3399 2100 non
3438 2044 3743 2101 accendere
3776 2043 3831 2095 in
3862 2040 4000 2095 Sab-

2423 2138 2550 2191 bato
2571 2178 2585 2201 ,
2616 2138 2895 2207 quomodo
2915 2147 3039 2207 post
3061 2139 3262 2207 legem.
3285 2153 3410 2191 cum
3451 2135 3694 2189 venisset
3717 2133 3899 2186 Moses
3930 2130 3998 2183 ad

2425 2230 2728 2284 faciendam
2761 2231 3177 2300 Scenopegiam,
3212 2246 3312 2284 seu
3365 2230 3564 2282 festum
3600 2223 3998 2280 tabernaculo-

2425 2338 2569 2383 rum,
2600 2321 2665 2374 ad
2721 2321 3015 2375 duodecim
3045 2321 3310 2390 deinceps
3367 2320 3487 2373 dies
3530 2318 3813 2386 accipiens
3843 2314 4000 2368 obla-

2425 2412 2602 2466 tiones
2627 2421 2682 2464 et
2712 2411 2983 2465 sacrificia
3017 2412 3370 2465 tribunorum
3397 2409 3694 2463 duodecim
3720 2407 3997 2466 tribuum,

2424 2502 2653 2570 singulis
2674 2502 2872 2556 diebus
2920 2504 3101 2572 ignem
3135 2503 3392 2558 accendit
3436 2510 3493 2556 et
3531 2500 3735 2554 obtulit
3781 2496 4000 2551 sacriﬁ-

2424 2590 2546 2642 eia?
2575 2588 2693 2643 Non
2720 2604 2875 2658 ergo,
2908 2605 2942 2643 ο
2988 2589 3198 2651 Judace,
3241 2605 3353 2643 non
3391 2589 3557 2654 (sicut
3599 2596 3654 2640 tu
3682 2584 3998 2645 existimas)

2426 2680 2708 2733 benedixit
2741 2678 2884 2734 Deus
2904 2682 3178 2751 corporali
3203 2681 3467 2742 Sabbato,
3488 2679 3632 2749 quod
3662 2677 3914 2747 pneterit
3947 2685 4003 2728 et

2426 2774 2642 2843 peritt-t
2658 2790 2781 2827 non
2804 2776 3043 2844 amplius
3069 2785 3317 2845 apparet.
3343 2776 3531 2843 Neque
3554 2772 3793 2827 camelos
3813 2778 3871 2824 et
3895 2771 4003 2823 asi-

2426 2881 2525 2917 nos
2544 2874 2597 2917 et
2620 2866 2799 2919 mulos
2818 2865 2983 2934 jussit
3012 2865 3312 2921 Sabbatum
3332 2881 3520 2933 agere;
3538 2860 3744 2932 alioqui
3770 2875 3876 2914 nec
3891 2859 4003 2912 cir-

2425 2955 2739 3008 cumciderc
2781 2955 3050 3030 iussisset.
3068 2963 3265 3009 octavo
3309 2955 3640 3021 diezncque
3694 2949 3792 3003 tibi
3819 2949 3999 3016 legem

2426 3046 2614 3097 statuit
2635 3044 2703 3097 de
2719 3060 2888 3098 onere
2912 3044 3212 3113 corporali;
3234 3059 3359 3097 nam
3376 3053 3433 3097 et
3454 3041 3693 3095 Sabbato
3726 3051 4000 3107 puerpera

754 3118 939 3172 navit?
960 3118 1251 3184 Quomodo
1278 3131 1520 3177 vestrum
1562 3125 1865 3180 Sabbatmu
1892 3138 1976 3183 est
2003 3140 2321 3185 exsecratus
2348 3159 2390 3216 ρ
2429 3133 2569 3185 tollit
2589 3132 2855 3186 infantem
2876 3148 3040 3202 quem
3071 3134 3235 3196 lavet,
3262 3142 3318 3186 et
3341 3140 3397 3185 tu
3418 3141 3608 3201 portas
3642 3128 3816 3216 tilium
3842 3136 3999 3179 tuum

753 3221 813 3266 et
838 3212 967 3266 odio
990 3215 1161 3284 889
1180 3215 1391 3277 habuit.
1423 3219 1616 3273 dicens
1640 3220 1797 3272 vobis
1821 3236 1918 3288 per
1949 3221 2272 3289 prophetam
2303 3238 2317 3274 :

751 3302 1065 3357 Neomem'as
1102 3317 1300 3360 vestras
1341 3319 1389 3361 et
1419 3307 1649 3363 Sabbato
1692 3311 1848 3363 adivit
1887 3312 2069 3364 animo
2098 3327 2214 3364 mea
2234 3312 2323 3364 “‘.

753 3393 864 3447 Res
891 3393 1002 3447 Deo
1031 3409 1195 3452 exosa
1248 3399 1526 3467 quomodo
1561 3409 1740 3469 potest
1778 3416 1898 3455 esse
1938 3402 2162 3455 sancta?
2201 3402 2328 3455 Dies

756 3486 868 3540 Deo
890 3503 1087 3543 exosus
1111 3505 1402 3557 quamnam
1430 3491 1525 3545 Dei
1557 3491 1758 3559 accipit
1781 3492 2263 3545 benedictionem?

727 3562 734 3572 ’
825 3578 1059 3634 Pulchre
1092 3590 1274 3634 autem
1301 3590 1357 3635 ct
1388 3581 1502 3635 Deo
1530 3582 1928 3636 convenienter
1965 3582 2143 3635 dixit:
2181 3582 2323 3636 Sab-

754 3667 878 3720 bata
900 3679 1072 3723 vestra
1102 3671 1210 3724 odit
1239 3671 1384 3725 Deus
1409 3672 1710 3748 utprolana
1736 3680 1791 3725 et
1820 3673 2033 3740 iniqua.
2078 3673 2186 3728 Sed
2213 3690 2323 3730 non

755 3754 997 3811 Sabbata
1022 3768 1212 3814 nostra
1236 3760 1545 3830 spiritualia
1579 3761 1776 3831 rcjecit
1805 3762 1951 3816 Deus
1986 3773 2081 3817 aut
2103 3774 2189 3818 est
2221 3782 2320 3819 ex-

756 3856 1027 3902 secratus.
1053 3849 1189 3903 Nam
1216 3850 1315 3904 tibi
1356 3852 1579 3920 quidem
1608 3852 1800 3906 Iudaeo
1822 3852 2000 3922 legem
2027 3856 2155 3909 tulit
2175 3857 2323 3910 Deus

757 3938 827 3992 de
850 3941 965 3993 otio
1003 3956 1067 3994 ac
1095 3942 1404 3998 cessatione
1459 3944 1569 3998 diei
1613 3943 1863 4007 Sabbati,
1889 3947 1956 4000 ad
1986 3948 2327 4002 convincen-

760 4030 886 4085 dam
940 4042 1088 4087 tuam
1134 4035 1205 4087 ab
1234 4049 1303 4088 eo
1349 4035 1718 4092 defectionem
1771 4048 1829 4094 et
1860 4039 2237 4108 iniquitatem,
2266 4050 2328 4095 ut

760 4124 855 4191 qui
885 4125 1171 4192 praesciret
1209 4126 1325 4180 fore
1352 4135 1415 4181 ut
1444 4129 1565 4198 ejus
1592 4138 1865 4198 praecepta
1897 4147 2013 4185 non
2062 4132 2327 4187 observa-

759 4229 850 4268 res
876 4225 933 4269 et
968 4215 1110 4269 idola
1133 4218 1368 4281 celeres,
1401 4227 1463 4272 ut
1511 4234 1638 4274 cum
1692 4220 1909 4276 videret
1963 4223 2109 4277 Deus
2139 4224 2327 4277 colen-

760 4314 869 4360 tem
903 4306 1071 4370 idola,
1121 4317 1179 4362 et
1224 4308 1425 4364 deinde
1476 4311 1653 4366 otium
1708 4322 1961 4382 agentem
1993 4314 2237 4369 Sabbato
2271 4326 2328 4371 et

755 4396 897 4450 nihil
927 4406 1354 4465 operantem,ex
1381 4410 1434 4456 te
1466 4402 1877 4457 sciscitaretur:
1910 4405 2141 4474 Propter
2158 4422 2323 4475 quam

2427 3232 2484 3275 et
2511 3221 2677 3274 filiam
2708 3229 2857 3275 tuam
2900 3222 2954 3275 in
3003 3222 3253 3276 humeris
3284 3221 3430 3284 tuis;
3465 3218 3611 3289 quod
3651 3215 3880 3288 quidem
3918 3229 4002 3269 εει

2426 3327 2568 3365 onus
2586 3313 2829 3376 carnale,
2862 3320 2920 3366 et
2943 3327 3055 3365 non
3084 3313 3395 3381 spirituale.

2496 3402 2692 3457 Jussus
2723 3418 2786 3456 es
2813 3411 2998 3456 autem
3047 3417 3157 3455 non
3188 3400 3372 3455 facere
3419 3415 3572 3453 omne
3629 3413 3758 3467 opus
3788 3394 3999 3461 servile,

2427 3492 2521 3546 sed
2548 3507 2891 3561 quaecunque
2924 3498 3056 3545 sunt
3088 3491 3287 3545 anima:
3315 3498 3372 3545 et
3402 3489 3738 3559 pertinentia
3768 3486 3837 3539 ad
3884 3485 4004 3539 ani-

2428 3599 2592 3638 mam.
2621 3583 2899 3637 Adesdum
2922 3597 3079 3653 ergo,
3111 3593 3168 3636 et
3212 3583 3279 3637 ad
3313 3598 3398 3636 me
3445 3582 3599 3635 disce
3630 3576 4002 3650 quemadmo-

2426 3674 2557 3728 dum
2582 3683 2731 3728 recte
2769 3683 2826 3727 et
2847 3674 2960 3727 Deo
2986 3674 3389 3727 convenienter
3411 3678 3668 3740 oporteat
3694 3677 3749 3723 te
3792 3665 4005 3720 Sabbao

2428 3774 2543 3820 tum
2561 3780 2758 3834 agere;
2788 3774 2846 3820 et
2867 3766 3164 3834 septimum
3188 3775 3342 3818 tuum
3360 3762 3508 3817 diem
3550 3762 3681 3833 (hoc
3708 3767 3796 3815 est
3834 3757 4000 3827 quie-

2429 3858 2560 3925 tem)
2589 3858 2771 3912 facere
2806 3858 3055 3927 quietum
3101 3857 3172 3910 ab
3216 3855 3481 3909 omnibus
3522 3853 3791 3924 operibus
3828 3851 3944 3905 tuis
3974 3866 4003 3902 a

2429 3947 2597 4001 rebus
2648 3946 2718 4001 ad
2768 3946 2980 4001 victum
3027 3944 3464 4016 pertinentibus.
3530 3944 3635 3998 Sex
3698 3941 3843 4003 dies,
3906 3956 4007 4009 per

2428 4040 2671 4110 quinque
2706 4053 2899 4092 sensus
2928 4046 2987 4091 et
3013 4035 3383 4090 immortalem
3419 4033 3662 4088 animam
3694 4040 3846 4086 recte
3871 4047 4008 4100 ope.

2430 4144 2575 4182 rare.
2622 4126 2803 4183 Credo
2835 4125 3059 4181 Christo
3106 4124 3199 4193 qui
3254 4131 3411 4178 sexto
3464 4122 3555 4178 die
3603 4121 3789 4177 saeculi
3835 4120 4008 4174 homo

2429 4221 2608 4275 factus
2637 4226 2743 4279 est,
2782 4219 2877 4286 qui
2918 4216 3213 4285 septimum
3252 4215 3479 4270 Sabbati
3506 4214 3734 4283 legalem
3793 4214 4006 4268 cultum

2429 4309 2692 4368 abolevit.
2726 4306 3079 4374 otiosumque
3112 4303 3357 4359 reddidit
3402 4311 3459 4357 et
3522 4301 3862 4357 inefﬁcacem
3885 4343 3901 4365 ,
3952 4312 4009 4356 et

2429 4400 2691 4455 exstinxit
2726 4399 2905 4467 ignem
2956 4397 3133 4466 ipsius
3168 4395 3451 4459 sacriﬁcii,
3472 4404 3529 4449 et
3556 4395 3724 4465 jussit
3754 4408 3865 4447 non
3892 4410 4009 4447 am-

756 4503 977 4544 causam
1018 4492 1261 4558 quiescis
1314 4492 1555 4547 Sabbato
1583 4495 1723 4548 nihil
1755 4498 2036 4564 operans?
2083 4497 2183 4552 Cui
2218 4514 2319 4552 ne-
2361 4482 2408 4538 1)
2432 4493 2578 4561 plius
2595 4488 2868 4558 ejusmodi
2903 4489 3085 4558 ignem
3141 4486 3450 4542 accendere
3486 4485 3576 4539 die
3606 4484 3860 4547 Sabbati,
3908 4486 4004 4539 sed

757 4593 911 4632 cosse
939 4579 1169 4634 habebis
1184 4582 1394 4645 dicere,
1422 4584 1570 4652 quod
1604 4599 1699 4638 sex
1721 4585 1921 4641 diebus
1944 4587 2158 4642 creavit
2181 4589 2328 4645 Deus

756 4668 957 4722 coelum
987 4678 1044 4722 et
1082 4679 1281 4725 terram
1302 4682 1358 4726 et
1389 4675 1576 4728 omnia
1607 4692 1728 4745 qua:
1757 4677 1810 4730 in
1837 4678 1920 4731 eis
1946 4688 2096 4741 sunt,
2148 4680 2328 4748 septi-

760 4774 849 4811 mo
880 4768 1064 4813 autem
1121 4761 1211 4815 die
1242 4762 1468 4818 Sabbati
1520 4767 1732 4834 quievit
1781 4769 1851 4821 ab
1901 4769 2161 4824 onmibus
2190 4786 2326 4840 ope-

759 4846 913 4901 ribus
964 4849 1100 4904 suis.
1159 4851 1243 4904 Ad
1290 4868 1412 4920 qua:
1474 4856 1703 4911 omnino
1766 4858 2124 4926 respondebit
2182 4859 2327 4915 filius

762 4946 891 4991 tuus
917 4938 1145 4994 dicens:
1181 4942 1250 4995 Et
1279 4943 1328 4996 si
1363 4956 1448 4998 est
1472 4946 1621 5001 Deus
1656 4958 1878 5002 creator
1903 4950 2027 5004 εαξιί
2074 4959 2132 5004 et
2167 4959 2327 5006 terra:

758 5037 814 5081 et
840 5029 1086 5083 omnium
1113 5048 1237 5100 qtue
1257 5032 1310 5085 in
1341 5035 1425 5088 eis
1450 5045 1598 5099 sunt,
1619 5045 1905 5106 oporteret
1935 5047 1987 5091 te
2011 5040 2184 5107 magis
2201 5055 2328 5093 eum

760 5119 993 5174 adorare
1019 5131 1077 5174 et
1109 5124 1292 5179 colere
1314 5134 1375 5179 ut
1392 5126 1736 5192 Creatorem,
1764 5140 1822 5185 et
1866 5145 1979 5185 non
2020 5141 2327 5187 creaturas.

762 5209 887 5264 Haec
911 5220 997 5265 est
1018 5227 1184 5267 causa
1237 5225 1294 5269 et
1323 5218 1564 5281 occasio,
1606 5228 1668 5272 ut
1717 5219 1913 5274 dicunt
1965 5221 2326 5290 interpretes,

761 5309 989 5369 propter
1013 5318 1178 5371 quam
1206 5304 1349 5359 Deus
1388 5308 1565 5377 legem
1616 5310 1742 5364 tulit
1787 5310 1997 5366 Iudaeis
2041 5312 2249 5366 acriter
2273 5321 2331 5366 et

761 5402 887 5443 cum
956 5389 1120 5444 minis
1170 5398 1231 5445 ut
1282 5406 1569 5450 cessarent
1615 5404 1672 5450 et
1731 5398 1909 5451 otium
1967 5408 2196 5467 agerent
2238 5398 2331 5452 die

764 5475 1019 5542 Sabbati;
1054 5489 1116 5533 ut
1138 5480 1209 5535 de
1258 5497 1327 5536 eo
1358 5494 1668 5549 narrantes,
1696 5494 1754 5539 et
1792 5487 2121 5555 rogantibus
2147 5487 2328 5541 inter-

766 5577 1066 5636 pretantes,
1098 5571 1446 5629 inveniantur
1469 5591 1565 5629 ore
1594 5578 1819 5647 proprio
1871 5593 2028 5635 suam
2060 5592 2324 5633 accusare

839 5741 1022 5796 “'lsa.
1047 5760 1083 5807 ι,
1120 5746 1201 5800 ll.
1282 5750 1325 5777 ‘-‘
1357 5748 1509 5802 Joan.
1542 5766 1647 5813 λιν,
1684 5754 1733 5801 (ὅ.

2434 4584 2696 4651 deinceps
2728 4580 2969 4635 otiosum
3017 4595 3140 4633 esse
3190 4588 3347 4632 tuum
3399 4578 3620 4641 bovem,
3655 4586 3713 4631 et
3752 4578 4005 4646 jumenta

2434 4684 2547 4736 tua,
2576 4672 2681 4724 hoc
2700 4679 2805 4732 est,
2832 4685 2940 4724 non
2961 4669 3201 4738 amplius
3226 4667 3541 4722 sacrificare
3566 4668 3678 4721 Deo
3694 4666 4006 4720 luelluinum

2433 4761 2799 4825 sacriﬁcium;
2838 4760 2931 4814 sed
2978 4760 3093 4814 Deo
3121 4759 3438 4813 sacrificare
3490 4758 3758 4812 rationale
3788 4758 4006 4812 εδει-ἰῆς

2432 4858 2581 4911 cium
2606 4856 2805 4919 laudis,
2832 4864 2889 4908 et
2917 4870 3018 4924 pro
3045 4855 3169 4924 igne
3218 4853 3409 4908 sensili
3442 4854 3555 4907 Deo
3591 4853 3838 4907 divinam
3883 4868 4013 4906 suc-

2433 4949 2668 5003 cendere
2687 4946 3190 5001 illuminationem:
3225 4960 3405 5014 neque
3445 4953 3667 5014 portare
3695 4960 3842 4998 onus
3891 4959 4012 4997 car-

2429 5038 2574 5099 nale,
2607 5051 2787 5105 neque
2816 5036 3057 5090 animam
3084 5035 3361 5104 subjicere
3386 5036 3504 5089 suis
3536 5034 4005 5104 appetitionibus:

2428 5141 2608 5196 neque
2642 5125 2855 5196 ingredi
2901 5125 2955 5179 in
2989 5126 3096 5179 hac
3124 5125 3212 5178 via
3265 5140 3463 5194 aspera
3504 5140 3671 5194 quam
3718 5123 4017 5193 prohibuit

2428 5215 2523 5286 qui
2548 5216 2719 5270 dixit:
2757 5216 2871 5286 Ego
2898 5232 3014 5269 sum
3040 5217 3125 5270 via
3149 5216 3217 5268 ⁸³.
3257 5216 3557 5270 ῡθοωιθτο
3594 5216 3795 5268 recede
3834 5228 3868 5267 a
3914 5222 4012 5266 tuo

2434 5307 2525 5361 die
2578 5308 2834 5377 septimo,
2890 5317 2948 5361 et
2971 5306 3197 5376 perveni
3253 5305 3321 5359 ad
3364 5314 3623 5359 octavum
3657 5313 3715 5358 et
3761 5303 4008 5373 primum

2433 5397 2661 5461 Christi,
2692 5406 2755 5451 ut
2808 5396 3150 5467 spiritualem
3202 5395 3443 5465 accipias
3485 5394 4007 5454 circumcisionem,

2434 5485 2490 5541 in
2514 5487 2774 5541 sensibus
2804 5487 2916 5540 tuis
2950 5494 3197 5540 sanctam
3234 5484 3517 5554 accipiens
3548 5483 3911 5546 Trinitatem,
3954 5490 4011 5536 et

2432 5578 2663 5633 effectus
2693 5578 2923 5648 pulcher
2981 5578 3317 5632 oetonarius.
3346 5575 3453 5631 Sed
3521 5575 3637 5630 haec
3684 5572 3914 5643 quidem
3940 5570 4007 5626 ad
