4186 6442
185 413 292 473 919

1293 404 1367 464 IN
1415 408 2049 468 ΗΕΧΑΕΜΕΗΟΝ.οι⁵
2080 413 2222 470 LIB.
2268 413 2394 471 VH.

3340 409 3445 468 950

184 523 438 579 Judaeum
482 531 706 590 propter
755 521 876 589 eius
915 517 1236 588 iactantiam
1287 527 1343 570 et
1383 518 1769 586 gloriationetn
1801 527 1841 580 Λ
1872 522 2037 576 cedes
2085 523 2138 574 in
2173 531 2418 589 tempore
2457 531 2703 590 portatus
2752 521 2806 574 in
2843 523 3179 589 sepulcrum,
3245 520 3449 573 vadens

186 615 255 667 de
287 613 535 666 Sabbato
559 611 856 680 corporali,
884 609 977 677 qui
1005 610 1114 661 huc
1139 623 1310 675 usque
1344 609 1634 676 pulchrqu
1659 623 1765 660 non

187 706 347 758 novit
399 703 819 755 sabbatismum.
873 699 1175 753 Sahhatum
1217 700 1363 752 enim
1397 698 1770 750 sabbatisnms

186 808 241 852 et
279 797 508 864 requies
544 804 649 855 cst,
688 810 816 846 vera
877 793 1086 860 peccati
1121 792 1420 859 depositio,
1478 806 1642 858 quam
1668 807 1768 856 ego

187 887 594 956 ﬁdelisjubeor
619 901 800 953 agere,
834 895 888 936 et
916 884 1117 936 festum
1171 883 1459 936 celebrare
1499 881 1552 934 in
1583 882 1771 948 requie

187 989 241 1032 et
273 979 328 1030 in
358 976 771 1043 adempletione
801 975 927 1026 vita:
967 989 1122 1026 metu.
1181 973 1239 1025 In
1273 989 1382 1040 quo
1413 971 1658 1024 Sahbato
1686 985 1769 1022 mc

191 1070 356 1137 jubet
389 1069 534 1120 Deus
560 1081 668 1118 non
707 1067 900 1117 tollere
933 1080 1074 1117 onus
1109 1064 1344 1132 peccati,
1407 1072 1465 1117 et
1500 1061 1773 1115 sarcinam

192 1163 360 1225 hujus
393 1159 600 1212 szeculi.
632 1159 705 1211 De
733 1158 936 1225 quibus
961 1155 1508 1223 dicebatquispiam:
1546 1152 1775 1204 Peccuta

192 1268 312 1303 mea
351 1265 695 1317 supergressa
721 1257 842 1300 sunt
891 1256 1049 1315 caput
1102 1262 1300 1306 meum,
1353 1255 1609 1312 ιαηιιηιιηι
1645 1259 1776 1294 οηιιε

192 1357 354 1411 grave
376 1348 607 1409 gravata
643 1349 764 1391 sunt
802 1353 959 1405 super
995 1353 1077 1387 me
1098 1336 1164 1386 “.
1200 1335 1571 1400 Quamobrem
1609 1333 1777 1402 jube-

194 1451 322 1488 mur
355 1448 538 1501 neque
571 1430 876 1484 accendere
917 1431 1096 1497 ignem
1137 1431 1190 1481 in
1229 1445 1297 1482 eo
1337 1429 1598 1487 Sabbato,
1627 1442 1776 1479 mor-

195 1527 267 1578 tis
285 1566 297 1585 ,
317 1525 426 1576 hoc
449 1523 897 1589 estexstinguere
921 1536 1141 1573 omnem
1164 1521 1416 1574 ardorem
1436 1519 1776 1588 cupiditatis,

194 1624 245 1666 et
272 1615 381 1665 tela
414 1612 637 1680 maligni
696 1612 861 1679 ignita
896 1611 938 1641 "
976 1625 1100 1678 qua:
1151 1611 1493 1678 compellunt
1523 1610 1589 1662 ad
1630 1609 1782 1661 flam-

197 1721 344 1757 mam
409 1715 693 1757 aeternam.
737 1702 906 1754 l‘orro
960 1712 1142 1755 autem
1186 1702 1330 1753 Deus
1377 1715 1477 1753 nos
1523 1699 1780 1769 prohibet

199 1797 308 1847 iter
342 1793 558 1860 ingredi
593 1793 647 1845 in
677 1791 941 1850 Sabhato,
968 1799 1340 1859 congruenter
1369 1791 1417 1843 ei
1469 1792 1562 1858 qui
1611 1790 1776 1844 dicit:

1870 613 1937 665 ad
1980 623 2164 680 patres
2197 623 2342 672 tuos,
2368 613 2611 664 nutritus
2639 614 2692 664 in
2751 619 3038 664 senectute
3066 613 3236 675 bona;
3272 610 3445 677 septi-

1871 719 1960 756 mo
1979 705 2124 756 enim
2178 703 2266 755 die
2291 701 2555 755 Dominus
2579 704 2646 755 ab
2681 701 2946 772 operibus
2974 701 3089 754 suis
3118 700 3450 770 evangelicis

1871 793 2150 862 quievitin
2181 796 2471 863 sepulcro;
2499 801 2553 846 et
2592 795 2857 863 deinceps
2894 801 3214 846 constanter
3250 807 3446 859 exspe-

1873 895 1988 938 ctes
2005 895 2259 937 octavum
2279 926 2293 944 .
2312 902 2340 938 a
2366 886 2644 954 sepulcro,
2677 887 2921 954 inquam,
2943 883 3404 937 resurrectionem
3434 923 3446 936 .

1875 976 1961 1029 die
1987 977 2132 1028 enim
2162 987 2355 1027 octavo
2393 977 2657 1029 Dominus
2708 978 2949 1030 surrexit
2975 994 3004 1030 a
3055 974 3306 1028 mortuis.

1948 1068 2042 1121 llis
2067 1079 2121 1119 et
2149 1069 2464 1136 Itujusmodi
2521 1070 2687 1120 rebus
2749 1069 2843 1121 Dei
2895 1067 3207 1122 celebrabis
3247 1066 3452 1120 Sabbu-

1880 1167 2018 1210 tum.
2049 1159 2185 1211 lluic
2227 1173 2352 1210 vere
2397 1157 2638 1211 Sabhato
2678 1160 2980 1222 benedixit,
3012 1172 3068 1214 et
3118 1160 3170 1212 id
3209 1156 3455 1211 sanctifi-

1879 1250 2022 1302 eavit
2054 1251 2216 1303 Deus.
2246 1249 2422 1316 Atque
2455 1250 2549 1301 tibi
2587 1251 2812 1317 quidem
2841 1252 2933 1318 qui
2979 1266 3038 1303 es
3066 1250 3292 1304 Judteus
3325 1265 3450 1302 car-

1878 1338 2577 1400 naliter:utvidetur,est
2625 1341 2936 1392 necessaria
2990 1339 3212 1393 Sabbati
3261 1340 3454 1393 obser-

1879 1429 2050 1488 vatio,
2109 1437 2168 1480 ut
2206 1443 2327 1495 qua:
2379 1428 2451 1481 sit
2501 1429 2677 1496 posita
2710 1430 2774 1481 ad
2813 1430 3250 1483 cunvincendam
3303 1440 3453 1483 tuam

1883 1519 2253 1585 iniquitatem,
2289 1527 2348 1571 ut
2389 1519 2502 1572 dixi
2545 1520 2710 1587 paulo
2758 1531 2905 1572 ante.
2951 1521 3078 1573 Mihi
3120 1531 3301 1574 autem
3358 1522 3451 1588 qui

1882 1622 2001 1658 smn
2039 1606 2212 1658 fidelis
2244 1615 2295 1659 ct
2337 1607 2429 1675 qui
2487 1607 2728 1675 perfecte
2759 1609 2962 1660 recessi
3014 1625 3042 1660 a
3073 1610 3226 1661 cultu
3280 1608 3458 1661 idolo-

1883 1713 2028 1757 rum,
2088 1697 2313 1749 minime
2350 1713 2490 1764 opus
2525 1705 2611 1750 est
2656 1699 2757 1751 hoc
2802 1699 3100 1751 multorum
3152 1714 3455 1767 coquorum

1884 1788 2241 1849 sabbatismo,
2289 1785 2341 1838 in
2386 1802 2497 1853 quo
2545 1788 2734 1841 asinus
2793 1798 2921 1842 tuus
2973 1798 3030 1842 et
3088 1790 3350 1852 camelus,
3402 1797 3456 1843 et

199 1881 274 1933 Ab
302 1882 450 1932 omni
483 1882 567 1932 via
598 1879 740 1931 mala
773 1879 1011 1946 prohibui
1035 1880 1190 1947 pedes
1216 1896 1355 1931 meos
1383 1881 1448 1931 “.
1472 1879 1637 1932 .lubet
1664 1894 1768 1930 au-
1807 1870 1844 1926 Β
1874 1880 2025 1932 canis
2065 1888 2243 1932 tecum
2271 1887 2441 1945 agunt
2471 1877 2793 1941 Sabbatum,
2820 1889 2879 1932 ut
2900 1881 2992 1947 qui
3020 1880 3096 1934 sis
3143 1896 3342 1948 expers
3372 1897 3459 1934 ra--

200 1982 310 2024 tem
345 1970 653 2023 Sabbatum
681 1983 866 2036 agere,
912 1969 1200 2038 ligareque
1261 1980 1315 2022 et
1364 1973 1416 2022 in
1451 1971 1567 2023 otio
1603 1968 1781 2020 conti-

202 2074 334 2112 nere
356 2058 576 2110 asinum
602 2066 658 2109 et
680 2058 895 2116 bovem,
923 2058 1026 2109 hoc
1057 2067 1141 2110 est
1171 2057 1528 2123 voluptatem,
1564 2065 1619 2107 et
1645 2056 1780 2108 iram

201 2160 255 2202 et
288 2157 522 2201 caeteras
553 2147 783 2199 rationis
811 2156 1068 2214 expertes
1098 2147 1265 2198 animi
1307 2146 1776 2214 perturbationes.

201 2244 306 2299 Sed
361 2251 420 2296 et
472 2252 632 2297 terrae
655 2242 814 2310 jubet
851 2257 972 2294 esse
1002 2241 1399 2294 sabbatismum
1439 2250 1495 2292 et
1533 2240 1780 2306 requiem

202 2353 265 2390 ac
293 2338 500 2397 otium,
529 2343 585 2388 et
611 2348 792 2401 neque
834 2333 1113 2386 seminare
1151 2348 1251 2384 nec
1283 2347 1470 2384 semen
1497 2331 1782 2397 suscipere

198 2445 296 2482 eos
339 2443 550 2495 easque
589 2425 682 2494 qui
716 2434 770 2476 et
799 2437 920 2491 quze
967 2431 1198 2490 possunt
1249 2435 1510 2472 exercere
1557 2418 1786 2486 virgini-

201 2530 372 2573 tatem
403 2519 579 2586 ipsius
609 2517 813 2570 carnis.
872 2514 1134 2577 Quoniam
1187 2514 1276 2580 qui
1309 2515 1535 2564 seminat
1568 2513 1623 2564 in
1671 2519 1786 2563 ter-

202 2626 317 2663 ram
351 2608 565 2668 carnis,
600 2623 662 2659 ea:
687 2623 848 2659 carne
893 2613 1050 2657 metet
1082 2607 1123 2634 ⁸⁷
1161 2605 1573 2672 corruptionem
1604 2617 1669 2654 ac
1705 2601 1786 2654 in-

202 2702 455 2754 teritum.
514 2697 747 2750 Maxime
815 2705 999 2748 autem
1053 2696 1299 2748 ouminm
1346 2695 1501 2764 jubet
1525 2695 1687 2748 nobis
1726 2704 1785 2747 ut

202 2792 503 2861 quiescere
551 2787 822 2840 faciamus
873 2785 1130 2839 ancillam
1172 2796 1416 2839 nostram
1465 2795 1524 2839 et
1565 2800 1784 2838 servum

204 2894 466 2937 nostrum
493 2881 583 2934 die
614 2879 877 2934 Sabbati:
908 2879 1012 2932 hoc
1048 2887 1156 2940 est,
1179 2880 1421 2931 animam
1453 2886 1698 2931 nostram
1731 2889 1787 2932 et

206 2986 418 3040 corpus
441 2979 690 3023 nostrum
723 2984 830 3022 non
864 2968 1074 3021 servire
1100 2968 1341 3036 principi
1383 2968 1547 3036 hujus
1576 2969 1784 3031 saeculi,

207 3061 304 3116 sed
329 3073 459 3115 esse
489 3059 543 3111 in
580 3057 838 3111 libertate
866 3065 925 3110 et
942 3066 1216 3110 remotum
1245 3055 1315 3110 ab
1349 3056 1517 3110 animi
1545 3058 1788 3111 motibus

206 3167 274 3206 ac
299 3148 838 3219 perturbationibus.

280 3242 421 3297 Nam
485 3249 692 3309 septem
757 3238 877 3292 dies
930 3238 1243 3308 signiﬁcant
1308 3249 1518 3310 septem
1565 3251 1788 3296 nostras

209 3341 426 3392 states,
468 3345 567 3398 per
611 3344 748 3398 quas
789 3330 916 3382 vita!
949 3331 1234 3398 praesentis
1290 3332 1396 3385 iter
1443 3332 1789 3402 ingredimur

212 3423 691 3493 utperveniamus
739 3421 808 3475 ad
840 3432 1093 3475 octavum
1121 3424 1266 3476 diem
1307 3425 1362 3478 in
1415 3441 1529 3494 quo
1556 3441 1664 3479 non
1704 3434 1790 3478 est

212 3514 460 3568 servitus
490 3520 585 3564 aut
619 3511 824 3572 cultus,
875 3511 1042 3563 vitam
1083 3527 1280 3580 nempe
1325 3513 1589 3566 futuram.
1639 3514 1791 3578 Quo—

212 3603 365 3657 niam
388 3601 721 3655 sacrificium
758 3611 853 3654 aut
900 3601 1061 3655 latria
1118 3603 1339 3671 (nempe
1384 3604 1479 3657 Dei
1527 3603 1788 3673 servitus)

211 3701 325 3748 nan
357 3693 595 3760 amplius
622 3691 858 3746 oll‘ertur
907 3693 1021 3747 Deo
1051 3710 1151 3762 pro
1205 3695 1466 3762 peccatis.
1513 3695 1646 3749 Nam
1678 3695 1791 3763 pri-

214 3800 341 3838 mus
389 3785 510 3838 dies
533 3792 620 3838 est
673 3784 922 3843 infantis.
954 3794 1014 3839 ut
1062 3785 1394 3853 baptismate
1441 3788 1626 3841 statim
1667 3789 1791 3842 illu-

214 3877 518 3937 minemur,
559 3875 650 3928 lux
668 3875 813 3928 enim
847 3875 988 3929 facta
1014 3884 1099 3929 est
1131 3876 1307 3943 primo
1325 3876 1437 3929 die.
1476 3877 1787 3942 Secundus,

214 3977 349 4022 aetas
384 3969 563 4033 pueri,
613 3976 675 4020 ut
729 3967 918 4020 verbis
972 3967 1382 4020 conformemur
1431 3968 1787 4032 cmlestibus;

215 4057 468 4111 secundo
523 4056 671 4110 enim
708 4055 913 4109 factum
957 4064 1044 4109 est
1081 4057 1507 4110 ﬁrmamentum.
1545 4057 1786 4121 Tertius,

217 4146 609 4207 adolescentis,
642 4155 701 4199 ut
727 4146 982 4200 castitate
1017 4147 1360 4200 exsiccemus
1388 4149 1483 4215 qui
1533 4156 1664 4202 tunc
1693 4164 1791 4202 ex-

218 4239 370 4292 sistit
401 4239 686 4290 humorem
725 4237 893 4290 animi
946 4246 1216 4299 motuum,
1269 4246 1326 4290 et
1351 4237 1650 4291 aﬂ‘cctuum
1695 4238 1789 4306 qui

219 4335 557 4389 moventur;
592 4326 756 4378 tertio
778 4326 926 4378 enim
951 4325 1041 4377 die
1084 4325 1228 4378 Deus
1281 4325 1546 4379 discrevit
1578 4326 1789 4381 aridam

218 4417 289 4470 ab
323 4416 573 4470 humida.
601 4415 858 4481 Quartus,
890 4423 976 4468 est
1005 4416 1265 4484 juvenis:
1291 4425 1354 4470 ut
1397 4417 1636 4473 virtutes
1656 4434 1793 4488 qua-

1883 1971 2067 2024 tionis.
2096 1970 2388 2022 Existimas
2419 1968 2566 2021 enim
2606 1969 2752 2036 quod
2799 1970 2958 2032 Deus,
2980 1971 3147 2039 utqui
3174 1972 3459 2024 laborave-

1885 2061 1955 2113 rit
1987 2060 2041 2110 in
2077 2058 2342 2125 operibus
2376 2073 2469 2109 sex
2499 2057 2714 2110 dierum
2767 2058 2923 2112 factae
2946 2060 3014 2112 ab
3065 2074 3134 2111 eo
3165 2069 3452 2123 creaturaz,

1883 2156 1938 2200 et
1983 2147 2133 2199 velut
2172 2147 2484 2199 imbecillus
2534 2146 2822 2216 fessusque
2873 2148 2945 2201 sit
2997 2149 3269 2212 redditus,
3299 2166 3362 2203 ea
3390 2150 3458 2203 de

1884 2255 2047 2292 causa
2089 2238 2371 2291 benedixit
2393 2238 2503 2291 diei
2527 2239 2786 2305 septimo,
2821 2249 2882 2294 ut
2907 2241 3001 2309 qui
3036 2242 3089 2293 in
3130 2257 3198 2295 eo
3233 2257 3461 2310 accepe-

1887 2328 1956 2380 rit
2013 2327 2262 2394 requicm
2318 2337 2375 2378 ct
2418 2326 2802 2379 remissionem
2836 2344 2903 2380 ex
2949 2330 3159 2382 labore.
3203 2329 3309 2382 Sed
3349 2345 3456 2382 non

1887 2418 1960 2471 ita
1989 2417 2176 2471 habet.
2206 2416 2348 2470 Audi
2395 2417 2542 2470 enim
2597 2417 2928 2486 PrOphetam
2959 2419 3269 2473 dicentem:
3323 2421 3457 2472 Dens

1887 2524 2107 2577 magnus
2139 2518 2187 2559 et
2217 2507 2365 2574 fortis
2399 2523 2501 2559 non
2543 2508 2754 2570 esuriet,
2790 2525 2955 2578 neque
2983 2512 3081 2562 erit
3122 2512 3350 2578 defessus
3390 2509 3455 2563 ".

1886 2600 1981 2653 Die
2003 2614 2136 2668 ergo
2155 2601 2392 2668 septimo
2418 2600 2710 2668 quiescere
2745 2599 2874 2654 facit
2899 2616 2963 2655 ac
3013 2601 3204 2668 implet
3245 2610 3462 2655 creatu-

1888 2707 2002 2746 ram
2041 2691 2257 2760 Opifex,
2308 2699 2368 2744 ut
2419 2691 2677 2745 ostendat
2731 2692 3034 2746 increatam
3086 2691 3456 2745 Trinitatem:

1888 2793 2097 2853 septem
2126 2785 2273 2837 enim
2296 2791 2352 2838 et
2383 2793 2496 2838 tres
2525 2785 2664 2838 fiunt
2701 2783 2913 2838 decem.
2949 2783 3220 2837 Denarius
3271 2793 3458 2838 autem

1889 2890 2158 2930 numerus
2184 2885 2270 2929 est
2293 2875 2388 2945 qui
2415 2874 2667 2930 continet
2688 2885 2745 2929 et
2780 2875 2971 2944 implet
3003 2890 3198 2930 omnes
3261 2891 3460 2929 nume-

1891 2981 2004 3028 ros,
2042 2975 2101 3020 ut
2139 2965 2399 3020 dixerunt
2417 2967 2513 3036 qui
2559 2974 2689 3021 sunt
2715 2967 2920 3021 exculti
2947 2965 3258 3035 disciplinis
3284 2966 3459 3020 arith-

1892 3058 2126 3112 meticis.
2151 3058 2326 3112 Porro
2358 3066 2542 3113 autem
2566 3067 2796 3128 quartus
2839 3072 3058 3127 quoque
3099 3073 3293 3111 rursus
3340 3073 3448 3110 nu-

1813 3189 1856 3245 C
1892 3165 2097 3208 merus.
2119 3148 2214 3218 qui
2235 3156 2320 3202 est
2337 3149 2628 3218 quartiseu
2654 3149 2813 3218 primi
2844 3147 3072 3216 perfecti
3095 3147 3463 3216 diei,quando

1890 3242 1968 3296 sol
1995 3240 2174 3295 factus
2218 3248 2338 3305 est,
2368 3248 2453 3296 est
2501 3239 2781 3309 perfectus
2811 3249 2868 3293 et
2921 3240 3148 3294 minime
3187 3239 3460 3305 defectus,

1889 3333 2164 3388 decimum
2233 3334 2380 3388 enim
2454 3347 2746 3386 numerum
2816 3332 3064 3386 continet
3132 3341 3188 3386 et
3250 3333 3460 3401 implet.

1888 3421 2055 3492 890
2086 3421 2332 3487 Quatuor
2361 3421 2508 3475 enim
2557 3430 2614 3476 et
2649 3428 2760 3475 tres
2786 3421 2879 3490 qui
2920 3421 3070 3489 ipsos
3120 3421 3463 3490 pmccduat,

1889 3522 1944 3567 et
1981 3513 2091 3566 duo
2121 3513 2212 3581 qui
2243 3522 2516 3567 suntante
2541 3513 2710 3581 ipsos,
2736 3520 2792 3566 et
2819 3513 3001 3566 unitas
3043 3528 3164 3581 quae
3191 3528 3287 3566 eos
3316 3528 3461 3581 prte-

1890 3600 2054 3664 cedit,
2089 3602 2369 3656 invenitur
2405 3603 2680 3670 perfectus
2729 3601 3014 3655 denarius.
3053 3602 3171 3656 Jam
3222 3617 3353 3656 vero
3396 3602 3464 3655 ab

1892 3692 2101 3747 unitate
2153 3708 2376 3762 quoque
2430 3693 2666 3747 virtutes
2715 3709 2890 3763 usque
2952 3694 3018 3748 ad
3079 3695 3459 3763 quaternium.

1890 3783 2132 3838 elliciunt
2158 3784 2520 3853 quantitatem
2549 3784 2758 3837 denarii
2786 3803 2798 3837 :
2828 3799 2972 3838 unus
3007 3784 3158 3838 enim
3194 3794 3250 3837 et
3273 3784 3381 3838 duo
3411 3795 3466 3836 et

1892 3883 2027 3937 tres,
2058 3884 2186 3928 sunt
2220 3891 2343 3929 ses:
2384 3885 2441 3930 et
2473 3882 2711 3945 quatuor
2758 3873 3006 3928 eﬂiciunt
3056 3873 3271 3928 decem.
3308 3871 3464 3937 Quo-

1892 3967 2056 4020 modo
2095 3968 2244 4020 enim
2292 3968 2475 4021 omnis
2525 3975 2804 4029 creatura,
2835 3966 2907 4018 ita
2934 3966 3099 4018 etiam
3140 3980 3333 4018 onmes
3359 3980 3464 4016 nu-

1893 4061 2051 4123 meri,
2077 4058 2401 4112 describunt
2429 4056 2482 4111 id
2509 4056 2655 4126 quod
2681 4066 2767 4110 est
2794 4058 2846 4110 in
2870 4056 3093 4110 Christo
3118 4056 3463 4125 mysterium.

1893 4153 1990 4207 Est
2018 4150 2169 4204 enim
2196 4150 2399 4210 unitas,
2433 4157 2491 4202 ut
2513 4148 2609 4217 qui
2644 4149 2860 4200 unicam
2904 4147 3106 4200 habeat
3130 4161 3418 4215 personam
3447 4163 3461 4210 ;

1891 4251 1977 4297 est
2010 4239 2284 4301 binarius,
2312 4239 2405 4308 qui
2433 4239 2504 4292 sit
2540 4238 2824 4306 perfectus
2870 4237 2924 4290 in
2953 4236 3246 4290 divinitate
3277 4245 3328 4289 et
3357 4236 3464 4290 hu-

1893 4331 2188 4393 manitate;
2217 4329 2456 4391 trinitas,
2487 4336 2549 4380 ut
2579 4328 2671 4396 qui
2697 4328 2768 4380 sit
2822 4328 2877 4380 in
2919 4326 3125 4390 anima,
3151 4340 3384 4394 corpore
3405 4333 3463 4379 et

1893 4421 2209 4484 divinitate;
2231 4418 2645 4488 quaternarius,
2677 4429 2736 4472 ut
2760 4418 2855 4486 qui
2873 4433 2940 4472 ex
2960 4428 3200 4485 quatuor
3223 4418 3465 4472 elemen-

221 4516 350 4560 ιυοι·
383 4515 643 4574 tanquam
688 4515 836 4560 astra
876 4505 1043 4566 feras.
1093 4514 1150 4559 el
1176 4521 1443 4574 appareas
1478 4507 1534 4560 in
1586 4509 1790 4562 mundo
1824 4513 1868 4570 D
1899 4512 1970 4567 tis
2017 4512 2296 4566 hominem
2344 4509 2650 4572 renovarit;
2674 4509 2984 4578 quinarius,
3024 4509 3118 4577 qui
3181 4523 3308 4562 cum
3335 4523 3464 4562 cor-

222 4610 488 4666 tanquam
538 4598 846 4662 luminare;
889 4598 972 4650 sol
1025 4599 1175 4652 enim
1226 4599 1404 4654 factus
1452 4610 1537 4654 est
1597 4610 1796 4670 quarto

218 4692 333 4744 die.
388 4689 663 4754 Quintus,
719 4697 806 4742 est
861 4696 1038 4743 status
1094 4689 1290 4743 media:
1332 4704 1429 4744 seu
1492 4693 1798 4746 consisten-

221 4783 292 4836 tis
337 4782 557 4843 :etatis,
605 4789 665 4834 ut
727 4780 912 4833 frenes
950 4781 1198 4849 quinque
1254 4789 1344 4834 tua
1384 4797 1643 4835 sensuum
1678 4783 1797 4836 ani-

220 4875 408 4935 malia,
442 4888 511 4925 ne
547 4873 613 4926 ad
639 4881 929 4941 peccatum
978 4872 1267 4937 exsiliunt;
1299 4873 1496 4940 quinto
1524 4875 1674 4926 enim
1703 4874 1793 4928 die

219 4968 364 5019 facta
417 4971 549 5017 sunt
587 4963 866 5016 animalia.
897 4962 1116 5025 Sextus,
1177 4970 1264 5016 est
1319 4963 1662 5017 honorabilis
1704 4979 1790 5018 se-

218 5061 439 5116 nectus,
471 5061 532 5105 ut
557 5062 813 5122 tanquam
837 5067 998 5105 verus
1035 5053 1199 5105 homo
1232 5053 1445 5107 ratione
1489 5053 1700 5108 firmam
1725 5070 1789 5108 ac

219 5142 479 5197 stabilem
504 5141 703 5195 reddas
751 5141 1045 5209 imaginem
1091 5158 1216 5210 quae
1250 5151 1371 5196 erat
1400 5143 1468 5196 ab
1501 5143 1682 5206 initio,
1734 5153 1790 5198 et

219 5231 474 5300 corporis
513 5231 689 5282 lutum
729 5228 973 5298 efﬁngas,
1017 5241 1073 5284 et
1104 5246 1402 5300 componas
1453 5233 1786 5297 virtutibus;

219 5329 377 5375 sexto
401 5320 550 5373 enim
593 5319 770 5373 factus
790 5328 876 5374 est
899 5320 1085 5373 homo.
1119 5320 1398 5389 Septimus
1432 5332 1513 5376 est
1542 5324 1792 5393 decrepi-

219 5421 287 5465 t:e
319 5410 527 5471 atatis,
564 5425 760 5476 nempe
781 5425 915 5464 cana
953 5414 1314 5477 conscientia,
1367 5416 1657 5484 gravisque
1691 5417 1791 5469 ho-

220 5512 377 5559 nesta
411 5518 475 5556 ac
498 5501 586 5570 pia
617 5502 744 5556 vita:
771 5503 994 5571 agendae
1029 5505 1189 5569 ratio,
1234 5514 1293 5558 ut
1319 5515 1477 5560 terra:
1505 5522 1603 5575 per
1639 5523 1788 5559 mor-

221 5605 332 5646 tem
398 5600 733 5662 provocetur
770 5593 1009 5662 requies,
1059 5596 1280 5663 quando
1335 5605 1590 5665 tanquam
1642 5597 1790 5649 albe-

220 5699 385 5741 scens
413 5684 562 5750 spica
586 5692 644 5737 et
696 5693 954 5754 tanquam
1003 5694 1277 5739 maturum
1324 5686 1658 5741 frumentum
1702 5704 1787 5740 re-

297 5792 340 5819 “
376 5792 520 5846 Psal.
554 5809 752 5859 sum,
923 5798 965 5828 ⁸³
998 5797 1196 5866 Ephcs.
1237 5816 1305 5861 \I,
1350 5800 1427 5851 l6.

1509 5802 1552 5827 “
1588 5801 1725 5853 Psal.
1754 5818 1932 5864 cxvm,
1982 5799 2096 5854 101.

1895 4617 2048 4672 pore,
2069 4600 2216 4670 quod
2245 4608 2460 4654 constat
2483 4615 2549 4653 ex
2574 4608 2814 4668 quatuor
2844 4599 3156 4659 elementis,
3186 4598 3466 4652 renovari:

1893 4693 2062 4748 etiam
2112 4691 2352 4746 animam
2404 4706 2526 4759 qua:
2581 4699 2665 4745 est
2713 4691 2781 4744 ad
2840 4690 3164 4760 imaginem;
3216 4690 3467 4744 senarius

1893 4791 2100 4845 autem,
2128 4791 2189 4834 ut
2216 4782 2310 4851 qui
2335 4789 2489 4834 sexto
2517 4781 2629 4844 die,
2659 4780 2866 4834 mundo
2908 4780 3254 4850 apparuerit;
3286 4787 3467 4848 septe-

1894 4875 2102 4936 narius,
2129 4883 2190 4928 ut
2237 4873 2330 4942 qui
2379 4887 2480 4926 nos
2529 4871 2719 4925 fecerit
2768 4871 3115 4939 requiescere
3161 4884 3193 4922 a
3225 4867 3466 4923 Sabbato

1894 4964 2030 5034 legis
2049 5006 2062 5028 ,
2080 4964 2418 5024 octonarius,
2439 4971 2664 5031 propter
2684 4959 2938 5030 baptismi
2957 4959 3461 5024 circumcisionem;

1896 5053 2234 5107 novenarius
2300 5061 2524 5112 autem,
2588 5060 2649 5103 ut
2707 5049 2799 5117 qui
2861 5049 2913 5101 in
2969 5049 3143 5102 tribus
3190 5047 3464 5102 similibus

1896 5141 2212 5212 praedicarit
2240 5139 2559 5210 mysterium
2616 5137 2931 5191 Trinitatis:
2978 5151 3178 5204 nempe
3227 5135 3460 5190 naturali

1894 5233 2124 5299 scripto,
2152 5240 2207 5284 et
2230 5230 2496 5299 mystico:
2533 5239 2616 5284 ter
2675 5237 2856 5282 autem
2910 5236 3044 5290 tres,
3068 5236 3197 5281 sunt
3235 5242 3460 5290 novem;

1899 5323 2169 5376 denarius
2208 5332 2416 5383 autem,
2470 5330 2531 5374 ut
2586 5319 2864 5388 perfectus
2898 5329 2954 5373 et
3001 5319 3285 5388 plenitudo
3326 5317 3464 5384 legis

1897 5411 2302 5479 Decalogi,qui
2355 5419 2441 5464 est
2493 5419 2617 5461 ante
2668 5411 2865 5463 saecula
2905 5409 3140 5462 Verbum
3192 5415 3249 5459 et
3292 5406 3464 5460 Filius

1900 5505 2014 5556 Dei.
2049 5502 2151 5570 Ipsi
2188 5501 2361 5569 gloria
2414 5509 2467 5553 et
2499 5499 2740 5569 potentia
2766 5498 2819 5552 in
2859 5499 3056 5553 saecula
3107 5497 3458 5550 szeculornm.

1897 5595 2084 5647 Amen.

2177 5800 2218 5826 "
2242 5799 2414 5853 Galat.
2463 5815 2534 5864 vt,
2564 5801 2615 5852 8.
2694 5798 2737 5826 “
2763 5797 2866 5851 lsa.
2895 5813 2947 5862 ν,
2980 5796 3070 5849 97.
