4186 6442
726 377 823 441 951

957 504 1234 545 ωυδυωι
1294 505 1458 549 ιιιιιιι
1496 509 1577 550 VII
1625 508 2080 550 CON'I‘IVL'A'I'IU.

791 648 869 702 De
902 650 997 703 Dei
1041 654 1251 705 nomine
1315 655 1600 724 duplimto,
1635 672 1682 711 et
1716 676 1889 711 rerum
1952 659 2229 712 Crentione

1406 727 1621 795 dttplici_

794 852 889 905 llic
909 853 1038 906 liber
1053 859 1407 923 generationis
1440 860 1554 912 cteli
1603 870 1650 912 et
1683 871 1857 922 terrw,
1888 860 2101 929 quando
2127 860 2294 927 fartus

724 954 798 995 est
832 946 940 997 dies
977 950 1028 998 in
1062 965 1165 1015 quo
1200 951 1316 1015 fecit
1356 950 1490 1003 Dens
1542 952 1727 1003 uelum
1776 962 1824 1003 rt
1868 961 2087 1003 terram.
2119 952 2296 1003 Aures

724 1044 934 1089 attente
959 1040 1169 1104 aperiat
1192 1039 1457 1101 Ecclesia,
1483 1059 1578 1094 cor
1602 1043 1815 1104 dilatet,
1841 1052 1896 1095 et
1925 1040 2125 1093 tuentis
2166 1055 2290 1091 ocn-

724 1127 806 1179 los
854 1128 1139 1181 evidenter
1192 1131 1461 1193 intendat,
1510 1142 1567 1186 et
1624 1134 1804 1201 pulset
1836 1134 2039 1185 ostium
2075 1132 2118 1161 ‘9
2149 1130 2293 1198 apud

722 1232 818 1269 cos
842 1219 932 1283 qui
957 1228 1146 1273 tenent
1179 1222 1363 1275 claves
1396 1224 1759 1287 cognitionis,
1798 1224 2027 1276 dicens:
2083 1223 2296 1291 Aperite

725 1309 846 1359 mihi
923 1320 1101 1375 portus
1156 1313 1377 1381 jnstitia:
1411 1316 1456 1345 "°
1488 1314 1801 1368 divinorum
1848 1322 1905 1367 et
1966 1329 2294 1367 arcanorum

722 1401 1131 1468 tny‘teriorum,
1182 1412 1241 1455 ut
1264 1420 1357 1457 cas
1390 1406 1669 1473 ingressus
1712 1406 1805 1458 Dei
1855 1407 2089 1474 populus
2124 1405 2295 1474 possit

722 1492 908 1558 aliquo
960 1494 1120 1546 nnnlo
1170 1495 1475 1563 intelligere
1524 1496 1883 1563 qnarnobreln
1930 1507 2057 1550 ante
2102 1515 2131 1549 a
2182 1498 2295 1549 Deo

727 1584 922 1636 factam
964 1602 994 1639 c
1031 1593 1177 1638 terra
1240 1588 1479 1642 hominis
1533 1590 2005 1642 constructionem
2058 1589 2292 1656 simplici

725 1674 961 1740 quodam
1016 1676 1236 1729 nomine
1300 1677 1484 1729 divina
1547 1679 1830 1745 Scriptura
1890 1686 2045 1731 vocat
2091 1687 2150 1731 et
2200 1694 2295 1747 ap-

726 1763 892 1829 pellat
940 1766 1214 1831 opiliet-m.
1266 1781 1462 1833 mnnpc
1520 1768 1732 1829 Deum,
1789 1769 1839 1821 ei
1893 1769 2102 1822 nomini
2167 1770 2294 1822 nul-

1922 381 1980 436 S.
2021 374 2417 436 ANASTASII
2458 376 2784 433 SlN.—\1T;E

3869 377 3971 437 9:52

2474 487 2773 554 Propterea
2800 502 2932 555 ergo
2966 487 3105 540 duos
3136 486 3265 541 fecit
3287 488 3551 542 caelos":
3587 490 3819 542 alterum
3851 488 3965 556 qui-

2402 576 2527 629 dem
2559 578 2815 645 supcrius
2844 577 2991 644 quod
3016 578 3176 630 habet
3205 579 3501 632 essentiam
3528 580 3670 647 apud
3719 579 3974 631 homines

2399 685 2508 721 non
2540 670 2929 736 aspectabilem
2962 672 3229 738 planeque
3273 671 3697 725 inenarrabilem
3729 679 3784 723 et
3818 670 3967 722 inex-

2401 761 2735 827 plicabilem,
2764 763 2816 815 in
2852 771 3038 832 typum
3064 773 3119 816 ct
3147 764 3440 832 imaginem
3474 763 3890 831 inaspeclahilis
3922 774 3972 814 ct

2401 850 2805 920 inexplicabilis
2854 854 3109 906 essentia:
3144 855 3264 921 ejus
3296 853 3638 916 divinitatis;
3665 852 3970 904 secundum

2398 953 2582 996 autem
2637 946 2836 998 nulum
2896 962 2926 998 e
2978 954 3125 998 terra
3177 945 3422 1003 sustulit,
3455 954 3508 997 et
3561 945 3739 1011 ipsum
3792 943 3972 1009 posuit

2398 1035 2820 1103 aspectabile,et
2847 1037 3023 1104 ipsum
3058 1036 3800 1103 appellavitlirmmncntuln,
3822 1034 3875 1084 in
3912 1034 3969 1083 ti-

2399 1142 2589 1193 guram
2617 1143 2679 1180 ac
2707 1136 2893 1198 typum
2913 1127 3097 1180 carnis
3115 1128 3234 1195 ejus
3254 1126 3812 1192 ininiaculaue,quam
3846 1124 3965 1191 qni-

2397 1220 2520 1271 dt'lll
2546 1235 2574 1271 a
2609 1230 2753 1273 terra
2800 1230 3081 1287 acceptam
3114 1235 3331 1273 sursum
3358 1219 3601 1271 sustulit.
3646 1219 3740 1271 Est
3786 1226 3969 1270 autem

2399 1310 2834 1377 horumqnoqne
2866 1308 3102 1362 duOrnm
3134 1308 3402 1361 caelorum
3452 1305 3781 1360 intermedia
3820 1322 3962 1372 aqua

2397 1402 2538 1459 viva.
2565 1401 2632 1454 ad
2659 1402 2948 1469 imaginem
2965 1409 3021 1454 et
3052 1411 3238 1471 typum
3276 1396 3730 1452 sancta-.vivificzc
3756 1396 3966 1450 Christi

2397 1491 2616 1550 animae,
2648 1507 2769 1560 qua:
2812 1500 2896 1543 est
2926 1490 3130 1554 Inedia,
3186 1499 3245 1543 ut
3295 1504 3487 1543 rursus
3511 1488 3643 1542 dicit
3682 1487 3970 1555 theologus

2398 1580 2723 1652 Gregorius,
2755 1584 2897 1636 inter
2913 1583 3262 1635 divinitatem
3302 1588 3358 1634 ct
3392 1580 3579 1633 carnis
3634 1577 3965 1631 crassitudi-

2399 1690 2545 1727 nem.
2576 1675 2945 1739 Quamobrem
2980 1674 3259 1742 superiori
3309 1671 3532 1740 quidem
3559 1670 3700 1724 coslo
3741 1668 3971 1723 inferior

2398 1775 2482 1818 cst
2505 1766 2621 1819 ba‘c
2652 1780 2833 1834 aqua;
2866 1765 2969 1819 hoe
2986 1774 3091 1826 est,
3122 1763 3393 1816 minorem
3430 1762 3523 1814 Dei
3572 1760 3737 1814 Verbi
3778 1774 3966 1812 essen-

726 1857 829 1907 lam
889 1856 1094 1908 addc-ns
1158 1831 1612 1924 compositionem
1663 1868 1757 1912 aut
1812 1861 2185 1925 additioneln,
2238 1871 2297 1914 ut
2328 1831 2371 1885 Β
2406 1858 2533 1909 liam
2580 1831 3050 1926 fert‘intclligcns
3112 1855 3293 1909 anima
3336 1864 3393 1906 ct
3439 1853 3651 1906 ratione
3702 1851 3966 1920 praedita:

722 1946 943 2012 quando
975 1946 1143 1999 dicit:
1178 1947 1238 1999 In
1277 1950 1535 2015 principio
1561 1950 1678 2015 fecit
1724 1950 1862 2002 Dens
1894 1952 2081 2003 cu'lum
2108 1962 2157 2003 et
2186 1961 2295 2004 ter-

725 2054 859 2088 1‘.t.lt.
902 2038 1173 2091 lftrnrsus
1203 2039 1497 2106 deinceps:
1538 2041 1602 2093 Iz't
1639 2042 1772 2093 dixit
1803 2041 1957 2095 Deus.
1997 2044 2097 2095 Et:
2130 2044 2297 2111 Sepu-

725 2130 860 2180 raeit
907 2129 1039 2181 Deus
1078 2132 1443 2183 intermedium
1476 2130 1638 2194 luris;
1675 2133 1816 2186 facto
1860 2145 2040 2187 autem
2073 2137 2295 2191 homine

724 2224 927 2289 dzsplici
962 2224 1206 2291 (quiest,
1262 2226 1505 2293 inquam,
1539 2228 1887 2295 compositus
1923 2245 1990 2281 ex
2029 2239 2176 2283 terra
2237 2242 2295 2285 et

725 2312 909 2364 divina
942 2314 1352 2382 insulilationc),
1390 2317 1574 2369 statim
1624 2317 1903 2385 Scriptura
1929 2321 2293 2387 compositum

724 2416 945 2468 quoque
979 2410 1034 2455 et
1065 2403 1267 2471 duplex
1303 2405 1432 2458 fecit
1459 2421 1657 2459 nomen
1692 2410 1925 2475 opitieis,
1947 2424 2073 2461 eum
2105 2411 2296 2479 appel-

726 2493 844 2542 lans
877 2491 1165 2544 hominum
1196 2502 1251 2546 et
1282 2494 1473 2557 Deum,
1504 2494 1668 2563 idque
1695 2512 1803 2549 non
1832 2498 2020 2561 semel,
2060 2514 2160 2553 nec
2188 2499 2292 2563 bis,

723 2596 827 2634 nec
859 2582 1084 2649 septies.
1118 2584 1211 2637 sed
1251 2584 1305 2636 in
1349 2586 1744 2651 septemdecim
1793 2589 2071 2655 capitibus
2100 2589 2296 2644 ordine

725 2683 779 2724 rt
814 2672 1076 2740 deinceps
1124 2674 1300 2742 ipsum
1345 2676 1653 2728 nominavit
1685 2676 1855 2729 Deum
1892 2687 1949 2731 ct
1981 2678 2294 2741 Dominum,

729 2752 984 2828 tanquam
1031 2761 1446 2815 continuatione
1497 2762 1886 2830 duplicationis
1918 2774 1977 2818 ct
2007 2766 2295 2833 compositi

726 2851 964 2903 Lmniuis
1020 2850 1228 2919 Spiritu
1260 2862 1447 2904 sancto
1478 2868 1577 2905 nos
1603 2852 1809 2907 docens
1847 2863 1906 2906 et
1938 2854 2158 2909 dicens:
2185 2856 2295 2911 Co-

724 2940 970 3002 gnoscitc
994 2938 1139 3007 quod
1175 2939 1271 3005 qui
1301 2940 1431 2992 olim
1464 2948 1592 2991 ante
1611 2942 1810 2993 saecula
1841 2942 2070 3010 simplex
2090 2953 2209 2996 erat
2239 2953 2296 2996 et

728 3030 1146 3096 incompositus,
1164 3029 1267 3081 sibi
1301 3038 1622 3082 constructo
1647 3030 1888 3085 lmmano
1916 3033 2292 3098 tabernaculo,

724 3114 777 3169 ei
808 3116 1029 3168 unietur
1065 3116 1117 3167 in
1172 3117 1450 3185 hypostasi
1507 3118 1562 3170 in
1594 3120 1997 3185 posterioribus
2028 3125 2292 3191 tempori-

726 3205 850 3267 bus,
885 3216 942 3259 et
986 3207 1077 3258 lict
1131 3210 1466 3277 compositus
1507 3212 1602 3279 qui
1658 3222 1926 3266 eratante
1971 3214 2203 3282 simplex
2232 3224 2290 3269 et

728 3296 1145 3364 incompositus,
1178 3302 1537 3368 compositam
1597 3313 1819 3370 portans
1865 3305 2287 3372 appellationem

725 3404 820 3454 per
882 3388 1355 3452 incarnationem,
1412 3400 1473 3444 ut
1520 3393 1615 3460 qui
1671 3394 1980 3461 appelletur
2030 3396 2290 3451 Christus

698 3476 897 3553 .licus.
929 3477 1034 3530 hoc
1074 3489 1157 3532 est
1210 3480 1353 3534 Deus
1384 3489 1440 3534 et
1475 3482 1657 3536 homo.
1686 3484 1860 3548 Quem
1892 3486 2120 3553 pulchre
2160 3504 2287 3543 cum

723 3572 997 3635 palpasset
1029 3578 1086 3622 et
1122 3568 1354 3623 dixisset
1375 3570 1634 3634 Thomas,
1662 3583 1720 3627 et
1750 3575 1805 3627 in
1827 3591 1895 3628 eo
1923 3578 2290 3645 perSpcxisset

722 3657 954 3710 duarum
978 3669 1302 3712 naturarum
1333 3664 1796 3731 conjugationem,
1847 3667 2174 3721 exclamavit
2205 3670 2290 3723 di-

723 3763 890 3801 cens:
942 3747 1197 3801 Dominus
1225 3749 1365 3804 Dens
1394 3763 1444 3804 et
1497 3753 1631 3806 Dens
1664 3772 1806 3808 mens
1835 3758 1897 3810 ⁷³.
1928 3759 2085 3823 Quod
2118 3761 2164 3814 si
2195 3762 2292 3814 ad—

727 3853 918 3891 tersus
966 3854 1028 3895 ca
1084 3856 1207 3908 qum
1262 3842 1409 3895 dicta
1474 3854 1603 3897 sunt
1656 3848 1991 3902 contradicit
2035 3850 2287 3916 Judaeus,

723 3927 952 3980 admitto
978 3930 1509 3996 contradictionem;
1542 3935 1638 3988 sed
1679 3936 1746 3989 ad
1789 3952 1933 4002 eam,
1956 3942 2291 3996 contrariam

724 4032 918 4070 moveo
962 4018 1396 4074 dubitationem:
1431 4039 1626 4092 nempe
1676 4034 1736 4078 ut
1786 4027 1902 4095 ipse
1962 4030 2096 4084 mihi
2143 4032 2293 4087 dicat

722 4109 974 4175 quamob
1003 4111 1462 4179 causamOpilicis
1495 4130 1593 4167 seu
1627 4114 1914 4172 Creatoris
1946 4135 2147 4176 nomen
2179 4139 2291 4178 non

725 4200 1024 4267 duplicavit
1045 4200 1234 4254 divina
1263 4203 1548 4272 Scriptura
1578 4204 1753 4260 donec
1773 4217 1994 4263 creatus
2043 4188 2147 4266 fuit
2190 4214 2291 4268 bo-

727 4307 815 4343 mo
847 4291 1047 4358 duplex
1078 4310 1106 4344 ει
1131 4293 1241 4345 Deo
1270 4293 1501 4347 ell'cctus
1521 4334 1537 4357 ,
1589 4312 1787 4366 nempe
1826 4308 1882 4353 et
1909 4304 2210 4360 materialis
2237 4314 2294 4361 et

724 4397 919 4447 expers
951 4383 1191 4436 materia:
1214 4424 1226 4441 .
1257 4386 1508 4439 mortalis
1533 4395 1592 4440 et
1638 4388 1984 4453 immortalis,
2016 4398 2295 4451 terrestris

2398 1964 2583 2003 crasso
2606 1959 2788 2003 autem
2809 1959 2864 2002 ct
2887 1948 3035 2017 quod
3080 1956 3359 2016 spectatur
3394 1945 3738 1997 ﬁrmamento
3766 1952 3853 1996 est
3877 1958 3969 1995 sn-

2401 2037 2584 2104 perior
2631 2045 2687 2089 et
2714 2037 3080 2104 praestantior,
3133 2036 3273 2088 sicut
3307 2033 3472 2086 etiam
3508 2032 3645 2084 alias
3676 2032 3790 2084 luce
3820 2030 3971 2083 dixi:

2398 2126 2682 2178 sciendum
2718 2134 2803 2178 est
2845 2126 2992 2178 enim
3023 2125 3169 2193 quod
3220 2124 3420 2177 uelum
3456 2123 3602 2190 quod
3637 2122 3883 2181 videtur,
3920 2131 3973 2174 et

2397 2218 2598 2270 etelum
2616 2217 2763 2286 quod
2803 2227 2887 2271 est
2925 2233 3092 2286 supra
3135 2232 3335 2284 aquam
3379 2215 3526 2282 quod
3562 2230 3670 2266 non
3722 2212 3969 2274 videtur,

2396 2307 2604 2361 habent
2666 2309 3087 2377 inseparabilem
3146 2317 3204 2361 et
3252 2306 3590 2359 individuam
3645 2304 3968 2366 essentiam,

2395 2400 2675 2467 quomodo
2698 2416 2802 2452 una
2826 2398 3032 2453 Christi
3058 2414 3180 2467 quae
3201 2407 3286 2451 est
3307 2397 3611 2465 composita
3636 2394 3967 2464 hypostssis,

2397 2501 2456 2542 ut
2479 2506 2599 2557 qua:
2632 2491 2705 2543 sit
2734 2505 2801 2543 ex
2849 2490 3070 2543 duobus
3116 2505 3241 2556 qua:
3269 2489 3473 2542 cadunt
3501 2486 3606 2540 sub
3642 2497 3966 2555 aspectum;

2394 2590 2448 2633 et
2471 2597 2536 2635 cx
2571 2598 2680 2634 uno
2706 2581 2852 2649 quod
2885 2580 3034 2635 cadit
3061 2580 3283 2648 (nempe
3312 2583 3572 2647 corpore)
3606 2594 3620 2641 ;
3665 2577 3972 2645 inaspecta-

2395 2671 2523 2725 bilis
2554 2672 2702 2725 enim
2744 2680 2831 2724 est
2889 2672 3034 2724 Deus
3088 2670 3352 2732 Verbum,
3402 2678 3458 2723 et
3487 2668 3711 2727 anima;
3768 2683 3973 2735 corpus

2394 2772 2579 2817 autem
2632 2772 2717 2815 est
2781 2760 3137 2829 aspectabile.
3200 2768 3261 2813 ut
3315 2775 3507 2814 verum
3559 2760 3711 2813 dicat
3766 2759 3971 2813 l'aulus

2394 2855 2620 2907 dicens:
2647 2853 2835 2907 Omnia
2864 2853 2916 2903 in
2944 2851 3151 2906 Christo
3174 2861 3296 2905 sunt
3328 2852 3567 2913 condita,
3596 2861 3645 2903 et
3700 2866 3826 2919 qua’
3852 2857 3970 2903 sunt

2393 2962 2551 3013 super
2576 2954 2778 2997 terram
2808 2956 2853 2996 et
2882 2960 2998 3013 qua:
3029 2946 3082 2997 in
3114 2944 3280 3006 aclis,
3325 2953 3374 2995 ct
3428 2943 3649 2995 visibilia
3677 2951 3727 2994 ct
3785 2943 3970 2994 inrisi-

2393 3036 2519 3088 bilin
2550 3036 2617 3086 "‘.
2650 3034 2770 3099 Quo
2796 3034 2855 3086 ﬁt
2887 3043 2949 3087 ιιι
2981 3042 3275 3102 propterea
3305 3032 3419 3085 sint
3444 3046 3664 3099 quoque
3712 3031 3840 3084 dua:
3867 3041 3973 3084 ter-

2342 3164 2356 3177 .
2394 3142 2487 3187 rae,
2518 3141 2582 3179 ea
2616 3141 2737 3194 quae
2757 3124 2904 3178 cadit
2937 3125 3039 3177 sub
3072 3132 3353 3192 aspectum
3378 3134 3435 3176 ct
3456 3138 3655 3191 eaquze
3671 3138 3781 3176 non
3801 3121 3968 3181 cadit,

2343 3198 2357 3213 ⁸
2390 3231 2512 3285 quae
2528 3227 2613 3269 est
2637 3215 2779 3284 apud
2802 3231 2905 3269 nos
2924 3215 3203 3268 scilicctet
3220 3229 3342 3282 qua:
3356 3223 3442 3267 est
3470 3212 3855 3267 inhabitabilis
3876 3222 3969 3266 aut

2390 3306 2713 3376 paradisus;
2742 3315 2799 3360 ct
2818 3308 2929 3358 duo
2957 3304 3238 3367 animalia,
3258 3304 3484 3373 angelus
3504 3314 3563 3359 et
3599 3305 3786 3365 homo,
3814 3319 3971 3372 aspe-

2390 3398 2625 3461 ctabile;
2659 3397 2783 3451 dua:
2832 3413 3008 3465 aquae,
3060 3396 3350 3449 manifesta
3388 3407 3445 3450 et
3472 3411 3581 3449 non
3629 3395 3968 3459 manifesta;

2388 3487 2500 3541 duo
2524 3488 2773 3556 spiritus,
2806 3501 3007 3555 nempe
3031 3486 3338 3555 spiritualis
3370 3494 3427 3539 et
3468 3486 3714 3545 divinus.
3739 3498 3799 3540 et
3837 3502 3970 3539 vcn-

2390 3587 2515 3643 tus;
2562 3579 2767 3647 duplex
2788 3578 2949 3647 ignis.
2989 3592 3188 3645 nempe
3219 3577 3523 3632 materialis
3558 3588 3615 3630 et
3646 3592 3754 3630 non
3797 3587 3973 3631 mate-

2392 3668 2800 3738 rialis;duplex
2831 3669 2945 3731 lux,
2998 3683 3062 3722 ea
3091 3684 3216 3738 qua:
3270 3668 3419 3722 cadit
3460 3668 3563 3721 sub
3607 3676 3891 3735 aspectum
3917 3676 3973 3721 et

2389 3779 2455 3817 ea
2483 3779 2606 3831 qua:
2643 3778 2754 3816 non
2815 3762 2998 3825 cadit;
3049 3761 3163 3814 duo
3218 3776 3420 3830 genera
3476 3759 3884 3812 animationum
3916 3767 3975 3813 et

2391 3853 2681 3907 mobilium
2730 3861 3101 3921 potestatum;
3154 3852 3387 3905 mortale
3419 3851 3661 3919 (dicatur
3708 3849 3861 3904 cnim
3916 3857 3975 3905 et

2391 3945 2485 4014 qui
2518 3944 2669 3998 estin
2700 3943 2931 3997 rationis
2956 3942 3278 4011 expertibus
3308 3941 3681 3995 animantibus
3717 3939 3971 4008 spiritus.

2392 4036 2573 4089 anima
2633 4051 2733 4104 per
2756 4034 3015 4100 abusum)
3050 4042 3108 4087 et
3140 4033 3289 4102 quod
3325 4043 3411 4086 est
3443 4033 3498 4086 in
3548 4032 3711 4085 nobis
3736 4033 3971 4085 immor-

2395 4124 2522 4178 talc.
2571 4124 2818 4192 Duplieia
2880 4122 3203 4183 animantia,
3269 4121 3561 4175 terrestria
3609 4129 3667 4174 et
3721 4120 3971 4185 marina;

2392 4213 2597 4282 duplex
2616 4222 2701 4267 est
2748 4212 2859 4265 vita
2919 4210 3241 4279 temporalis
3274 4217 3331 4263 et
3358 4218 3603 4270 reterna;
3657 4209 3863 4276 duplex
3881 4223 3976 4278 ge-

2395 4305 2630 4369 neratio,
2685 4319 2753 4357 ex
2788 4301 3012 4363 femina,
3042 4310 3098 4353 et
3128 4315 3194 4353 ex
3224 4299 3462 4352 mortuis
3492 4315 3507 4363 ;
3538 4297 3744 4367 duplex
3787 4297 3975 4366 bapti-

2392 4412 2510 4450 sma
2540 4410 2637 4465 per
2659 4408 2859 4462 aquam
2892 4401 2949 4445 et
2975 4391 3263 4460 spiritum;
3295 4390 3501 4458 duplex
3538 4389 3806 4457 cognitio,
3833 4403 3976 4456 pne-

722 4482 779 4523 νι
804 4471 1063 4535 cmlestis,
1106 4482 1165 4525 ιιι
1193 4472 1329 4527 dicit
1352 4475 1573 4530 divinus
1597 4478 1650 4531 in
1669 4480 1942 4549 theologia
1970 4482 2286 4554 Gregorius,
2322 4483 2367 4538 ι)
2391 4501 2519 4539 sens
2545 4496 2601 4539 et
2616 4484 2835 4548 futura;
2860 4482 3102 4551 duplicia
3118 4481 3284 4543 bona.
3306 4479 3629 4548 temporalia
3657 4487 3971 4541 etrctema;

723 4571 780 4613 et
808 4560 971 4613 rebus
992 4570 1048 4613 ct
1074 4563 1289 4625 verbis,
1328 4564 1422 4618 Dei
1462 4566 1649 4632 Verbi,
1712 4570 1806 4639 qui
1852 4573 2147 4642 aliquando
2193 4577 2295 4633 fuit

725 4651 981 4718 simplex,
1013 4655 1469 4721 compositionem
1500 4669 1558 4713 ct
1599 4660 2059 4731 incarnationem,
2091 4667 2147 4721 in
2196 4669 2295 4723 ho.-

727 4738 872 4790 ιιιῐειο
896 4739 1051 4807 prius
1076 4739 1353 4795 describat
1379 4742 1685 4813 Scriptura.
1709 4748 2077 4814 Quamobrem
2116 4754 2293 4823 ipsum

725 4845 942 4896 quoque
964 4845 1127 4898 quam
1152 4833 1375 4900 angelos
1402 4834 1530 4889 fecit
1553 4836 1695 4890 Deus
1722 4839 1790 4892 ad
1816 4856 1971 4895 suam
1998 4843 2292 4914 imaginem

725 4930 781 4970 et
815 4919 1230 4975 similitudinem
1268 4924 1491 4979 dicens:
1519 4925 1711 4982 Omnia
1743 4933 1883 4985 enim
1915 4950 2008 5000 per
2043 4937 2214 5005 ipsum
2238 4949 2288 4991 ct

724 5010 778 5059 ia
816 5008 927 5076 ipso
962 5009 1102 5076 facta
1131 5023 1251 5065 sunt
1283 5015 1353 5077 "',
1385 5015 1687 5071 discutiens
1711 5020 1831 5089 ejus
1856 5023 2288 5082 incarnationem

727 5099 1295 5169 egnnpositionemque
1347 5114 1404 5158 et
1454 5106 1949 5176 combinationem;
2000 5112 2175 5180 duas,
2205 5117 2290 5171 in-

728 5202 912 5254 quam,
946 5189 1253 5246 individuas
1292 5192 1497 5248 Christi
1530 5200 1797 5253 essentias
1837 5218 1849 5254 :
1884 5218 2079 5273 nempe
2106 5216 2162 5259 et
2204 5208 2289 5261 in-

727 5280 1249 5350 aspectabilemejns
1274 5284 1603 5351 divinitatis,
1639 5299 1695 5343 et
1727 5294 2113 5360 aspcctabilem
2134 5298 2291 5353 abeo

728 5367 1023 5423 individua:
1061 5372 1182 5440 ejus
1209 5373 1597 5443 humanitatis;
1622 5381 1878 5437 universa
1906 5392 2014 5439 tam
2046 5400 2292 5457 aspecta-

732 5458 828 5511 blli
858 5476 1022 5528 quam
1055 5477 1163 5515 non
1184 5468 1503 5533 aspectabili
1527 5482 1777 5527 creatura
1792 5485 1979 5544 aperte
1996 5495 2121 5532 cum
2143 5480 2294 5535 ciliu-

735 5559 893 5616 gente
917 5561 973 5603 et
994 5553 1112 5620 ejus
1130 5556 1470 5624 exprimente
1502 5561 1818 5632 imaginem.

806 5660 854 5689 “
877 5661 1065 5741 glattli.
1092 5679 1201 5741 ‘yll,
1226 5666 1273 5717 7.

743 5737 842 5782 ιιιι.
877 5737 926 5780 5.

1350 5669 1396 5698 ⁷⁸
1431 5672 1569 5724 Ι¹δτιΙ.
1604 5692 1763 5732 lxv“,
1804 5680 1878 5733 ιιι,

1004 5734 1046 5757 ⁷³
1086 5733 1292 5787 Coloss.
1353 5754 1386 5789 ι.
1438 5741 1519 5792 tu,

1957 5683 1998 5713 τ’
2028 5683 2181 5737 .loan.
2210 5702 2296 5749 vv,
2327 5688 2413 5739 ‘38.

2397 4577 2520 4631 dua:
2545 4576 2711 4643 leges,
2737 4576 2943 4642 scripta
2969 4582 3025 4626 et
3054 4571 3361 4642 spiritualis
3391 4587 3405 4635 ;
3447 4569 3560 4623 duo
3590 4568 3973 4630 Testamenta,

2393 4665 2504 4719 duo
2591 4663 2801 4733 populi.
2880 4662 3010 4716 Duae
3094 4659 3444 4714 narrationes
3533 4660 3977 4712 eonstructiouis

2392 4756 2606 4817 Adami,
2646 4770 2754 4808 una
2806 4753 3062 4822 simplex,
3127 4750 3372 4806 secunda
3403 4765 3591 4804 crassa
3631 4759 3689 4804 et
3746 4759 3977 4804 terrena

2393 4847 2560 4900 veluti
2583 4845 2779 4913 dupla:
2812 4852 3102 4913 postquam
3136 4841 3323 4896 statim
3351 4839 3600 4910 duplicat
3620 4855 3708 4894 res
3727 4841 3979 4910 prophe-

2392 4949 2443 4993 ta
2469 4939 2669 4999 Moscs,
2694 4937 2781 4991 vel
2813 4937 2998 5005 potius
3022 4933 3116 5004 qui
3163 4932 3412 5002 loquitur
3458 4932 3514 4987 in
3560 4931 3681 5002 ipso
3705 4933 3975 5002 angelus;

2391 5040 2451 5083 ut
2480 5044 2602 5098 qua:
2618 5029 2728 5082 sint
2754 5026 3003 5097 symbolo
3040 5025 3274 5079 duarum
3297 5023 3506 5078 Christi
3535 5024 3972 5091 proprietatum.

2391 5118 2545 5174 Unde
2584 5118 2750 5171 etiam
2783 5118 2960 5186 ipsum
2990 5114 3233 5170 ostendit
3258 5113 3537 5182 duplicem
3562 5113 3975 5181 plantatorem;

2391 5211 2592 5280 duplex
2626 5211 2857 5279 lignum,
2885 5208 3086 5262 sensile
3104 5217 3159 5261 et
3184 5205 3237 5259 id
3270 5204 3416 5273 quod
3448 5204 3597 5258 cadit
3623 5204 3729 5257 sub
3756 5205 3958 5259 intelli-

2399 5301 2672 5370 gentiam:
2739 5299 2881 5352 duos
2945 5312 3176 5353 narrans
3228 5311 3497 5365 aquarum
3549 5294 3770 5357 ﬂuvios,
3823 5296 3974 5351 duas

2400 5393 2662 5460 quasdam
2701 5390 3091 5459 plantationes,
3127 5389 3264 5442 duas
3318 5387 3603 5440 volucrum
3652 5388 3978 5454 generatio-

2402 5499 2532 5536 nes:
2562 5481 2838 5549 duplicem
2860 5481 3164 5549 posituram
3192 5478 3435 5532 hominis
3458 5477 3514 5530 in
3546 5476 3789 5544 paradisi
3815 5494 3830 5530 :
3857 5477 3975 5533 duo

2401 5590 2525 5626 eum
2548 5572 2756 5626 Adamo
2782 5570 3075 5639 colloquia,
3114 5584 3281 5623 ιιιιιιιιι
3319 5566 3639 5620 animalium
3690 5575 3747 5619 et
3794 5582 3974 5622 unum

2494 5689 2536 5716 τε
2556 5686 2762 5739 “ﬁlms.
2788 5701 2823 5747 ,9
2862 5686 2940 5737 με.
3044 5685 3090 5715 τι
3131 5684 3186 5733 S.
3208 5681 3400 5734 'I'hom.
3427 5697 3439 5732 ι
3465 5687 3631 5749 part.,
3659 5691 3857 5747 qnzcst.
3888 5685 3979 5748 93,
