4186 6442
177 420 279 482 933

1286 412 1359 471 lN
1404 406 1953 471 ΗΕΧΑΕΜΕΚΟΝ.
1986 410 2221 468 —Llll.
2259 412 2390 470 Vll.

3333 408 3440 472 954

178 532 306 581 vita:
351 528 481 593 (hoc
516 526 825 591 cst,l:2va:);
873 533 929 576 et
971 523 1113 575 duos
1161 537 1391 574 narrans
1425 522 1479 573 in
1524 533 1593 570 eo
1627 516 1765 570 ami-
1793 516 1839 570 Δ
1865 517 2273 585 contemplator
2314 528 2372 571 et
2420 519 2723 588 inspector.
2775 518 3008 584 Quando
3055 528 3261 584 autem,
3311 534 3438 572 eum

178 630 334 671 etus:
363 634 536 670 unum
566 632 632 669 es
654 615 821 679 foliis,
863 613 1267 681 signilicantem
1323 609 1582 663 subtilem
1617 617 1760 675 (qua:

178 722 240 759 ex
280 705 475 757 radice
520 714 750 772 paterna
817 701 1090 771 procedit)
1148 699 1308 753 Verbi
1371 698 1758 757 divinitatem;

179 798 420 850 alterum
449 812 516 849 ex
553 796 783 865 pellieea
807 794 992 848 tunica
1023 794 1147 862 ejus
1174 807 1298 861 qua!
1344 789 1579 860 peperit,
1624 788 1764 841 duas

180 887 440 939 mulieris
499 886 865 946 narrationes,
915 883 1056 936 duos
1112 882 1231 950 ejus
1265 881 1547 933 fructuum
1588 877 1765 931 :duas

180 980 509 1031 animalium
556 978 935 1037 formationes,
1011 977 1149 1028 duas
1191 973 1295 1025 viri
1340 970 1759 1040 appellationes.

185 1070 350 1123 Prius
373 1070 525 1121 enim
553 1070 821 1121 formatus
855 1067 1173 1120 nominatur
1208 1066 1397 1127 homo,
1444 1073 1637 1131 postea
1669 1078 1766 1114 no-

183 1163 541 1214 minatusest
594 1160 787 1217 Adam.
821 1158 924 1210 hoc
977 1167 1080 1219 est,
1122 1165 1269 1209 terra
1322 1153 1763 1219 sanguinolenta.

183 1251 461 1304 Similiter
514 1253 681 1303 ctiam
700 1250 842 1302 duas
886 1248 1136 1301 mulieris
1176 1246 1605 1314 appellationes:
1660 1244 1768 1311 pri-

182 1357 339 1393 mum
381 1340 532 1394 enim
574 1341 849 1408 appellata
897 1349 981 1392 est
1030 1338 1263 1401 nmlier;
1307 1336 1507 1389 deinde
1554 1344 1764 1405 postea,

186 1434 322 1491 l-Lva,
358 1433 468 1485 hoc
495 1441 602 1494 est,
636 1436 765 1485 rita.
797 1430 920 1484 Non
968 1431 1148 1483 solum
1180 1439 1365 1482 autem
1402 1428 1647 1490 Christo,
1671 1426 1767 1480 sed

180 1522 353 1575 etiam
402 1521 623 1574 duabus
675 1520 939 1573 Eeelesiis
974 1518 1316 1572 conveniunt
1374 1517 1626 1584 duplices
1682 1530 1769 1567 res

183 1614 672 1682 Scripturarquas
722 1627 871 1665 nunc
913 1610 1116 1664 adduxi
1165 1619 1391 1679 propter
1434 1609 1770 1677 duplicatio—

181 1719 311 1756 nem
340 1702 587 1755 nominis
617 1701 836 1755 Domini
863 1701 956 1768 qui
988 1700 1143 1769 prius
1178 1699 1569 1753 nominabatur
1589 1698 1768 1751 Deus:

180 1795 413 1861 quando
445 1804 631 1847 autem
664 1794 842 1846 factus
864 1793 970 1845 fuit
1007 1793 1194 1853 homo,
1228 1792 1412 1845 statim
1458 1790 1771 1858 appellatus

1868 624 1968 677 per
2004 625 2225 663 carnem
2272 610 2607 675 advenisset,
2661 621 2958 682 tyrannum
3018 611 3303 666 inimicum
3338 626 3440 665 no-

1869 708 2045 753 strum
2101 702 2404 769 percussit;
2453 703 2677 770 quando
2726 712 2958 757 mortem
3002 713 3180 757 morte
3228 704 3439 757 alfecit:

1869 793 2093 861 quando
2141 811 2242 848 nos
2290 811 2319 848 a
2372 794 2683 849 themomnn
2736 812 2899 850 manu
2937 796 3173 858 avulsit;
3221 795 3443 863 quando

1868 884 2058 937 docuit
2104 876 2302 953 impios
2349 886 2440 940 Dei
2488 886 2890 955 cognitionem;
2935 885 3157 955 quando
3190 897 3379 953 gentes
3412 901 3441 937 a

1870 975 2028 1027 Patre
2077 976 2293 1042 accepit
2349 975 2402 1029 in
2457 974 2871 1033 haereditatem;
2919 974 3143 1043 quando
3199 972 3446 1039 possedit

1871 1068 2007 1120 lines
2061 1075 2252 1131 teme;
2285 1069 2506 1134 quando
2549 1068 2869 1120 dominatus
2900 1077 2983 1120 est
3031 1083 3059 1119 a
3098 1065 3234 1118 mari
3272 1079 3445 1131 usque

1871 1160 1936 1211 ad
1987 1174 2135 1212 mare.
2178 1169 2235 1212 et
2281 1175 2311 1212 a
2348 1159 2529 1212 llttviis
2567 1175 2740 1227 usque
2781 1158 2849 1213 ad
2902 1160 3036 1212 lines
3063 1158 3216 1211 orbis
3245 1166 3442 1211 teme:

1875 1258 2007 1304 tunc
2054 1252 2321 1304 Dominus
2362 1259 2448 1304 est
2497 1253 2826 1319 appellatus,
2878 1260 2938 1303 ut
2984 1252 3078 1318 qni
3126 1249 3299 1302 nostri
3345 1248 3447 1299 do-

1874 1343 2180 1396 minaretur
2217 1342 2271 1395 in
2299 1358 2439 1410 quos
2475 1352 2636 1395 antea
2673 1342 2979 1397 dominium
3012 1340 3291 1393 obtinebat
3328 1339 3449 1391 dia-

1874 1433 2050 1486 bolus.
2092 1433 2257 1501 quue
2303 1434 2473 1487 David
2520 1443 2708 1502 aperte
2763 1435 3102 1503 prophetans
3150 1432 3203 1485 ei
3251 1432 3388 1483 dixit
3430 1446 3445 1483 :

1874 1524 2096 1578 Domine
2121 1525 2375 1578 Dominus
2399 1535 2593 1589 noster,
2620 1544 2781 1595 quant
2812 1526 3125 1579 admirabile
3148 1533 3222 1577 est
3262 1538 3450 1575 nomen

1874 1628 2021 1670 tuum
2053 1619 2105 1670 in
2147 1618 2388 1672 universa
2420 1629 2562 1671 terra
2599 1620 2687 1671 "2'
2719 1618 2980 1683 Quoniam
3027 1620 3090 1670 ab
3130 1625 3250 1670 ortu
3289 1628 3452 1683 usque

1876 1711 1944 1762 ad
1984 1727 2225 1762 occasum
2256 1711 2521 1764 laudabile
2544 1728 2731 1763 nomen
2766 1712 2976 1763 Domini
3003 1711 3071 1761 ³¹.
3107 1711 3176 1763 Et
3205 1726 3218 1761 :
3258 1704 3452 1762 Excel-

1874 1814 1962 1849 sus
1997 1813 2155 1866 super
2187 1814 2366 1851 omnes
2403 1809 2579 1865 gentes
2635 1798 2885 1850 Dominus
2915 1799 2962 1829 “
2982 1798 3161 1852 Jesus.
3195 1796 3262 1849 Et
3296 1813 3308 1846 :
3339 1794 3452 1847 Do-

181 1888 288 1938 luit
347 1895 410 1939 et
456 1886 722 1939 Dominus
781 1895 839 1938 et
885 1885 1055 1947 Deus,
1114 1884 1299 1938 carnis
1348 1892 1619 1950 suscepta:
1671 1880 1764 1934 Dei

1878 1892 2044 1943 minus
2078 1892 2337 1959 regnavit,
2373 1891 2611 1942 decorem
2655 1889 2869 1941 indutus
2912 1897 2987 1941 est
3022 1886 3229 1947 carnis,
3281 1886 3453 1938 induit

188 1978 355 2031 Verbi
386 1977 866 2045 dispensationem
915 1976 1203 2044 Scriptura
1252 1976 1547 2043 perspicue
1608 1975 1770 2027 nobis

182 2067 674 2135 pnesignilieante.
710 2066 845 2119 Nam
897 2065 1046 2133 quod
1073 2064 1141 2118 de
1185 2064 1439 2117 humanae
1462 2073 1673 2117 natura:
1699 2063 1769 2115 ab

180 2176 249 2210 νυ
273 2159 635 2226 susceptione
665 2158 970 2225 accipiatur
996 2157 1099 2209 hoc
1122 2170 1320 2208 nomen
1344 2154 1621 2217 Dominus,
1641 2155 1768 2208 andi

181 2250 359 2302 David
409 2248 726 2302 dicentem:
782 2246 1095 2300 Benedictus
1143 2250 1234 2316 qui
1281 2250 1418 2300 vertit
1457 2249 1510 2300 in
1561 2249 1771 2300 nomine

182 2343 401 2395 Domini
456 2340 595 2393 Deus
656 2340 935 2405 Dominus,
976 2348 1026 2391 et
1080 2340 1332 2408 apparuit
1382 2339 1527 2392 nobis
1588 2340 1656 2391 ⁷⁵.
1704 2339 1772 2392 Et

182 2446 423 2484 rursus:
452 2429 602 2483 Dixit
637 2429 890 2482 Dominus
924 2428 1148 2481 Domino
1172 2444 1284 2480 meo
1307 2444 1325 2481 :
1344 2428 1480 2482 Sede
1512 2446 1545 2480 a
1572 2429 1771 2479 dextris

181 2524 314 2574 meis
341 2521 414 2579 ⁷⁸,
470 2535 669 2588 nempe
714 2529 839 2589 post
893 2530 1207 2586 susceptam
1261 2535 1516 2581 carnem;
1577 2519 1770 2573 sedere

181 2614 338 2665 enim
363 2622 453 2665 est
478 2612 766 2679 proprium
797 2624 1118 2678 corporum.
1163 2608 1319 2663 Unde
1358 2609 1526 2663 etiam
1552 2609 1769 2663 Gabriel

181 2722 213 2757 e
240 2704 391 2759 emlo
435 2703 578 2755 hanc
623 2702 855 2755 deduxit
914 2701 1373 2769 appellationem,
1416 2700 1608 2753 dicens
1659 2701 1776 2768 glo-

185 2793 516 2847 riosissima:
543 2792 787 2859 Deipara:
810 2808 824 2843 :
850 2790 975 2849 Ave.
1005 2793 1183 2859 gratia
1220 2789 1400 2858 plena,
1428 2790 1680 2843 Dominus
1707 2799 1775 2843 te-

182 2904 306 2938 rum
335 2886 407 2937 ⁷¹.
439 2885 507 2937 Et
536 2884 814 2937 Cabrielis
838 2883 1088 2951 eoaugeli
1115 2882 1312 2935 dicunt
1336 2882 1649 2949 pastoribus
1677 2882 1771 2949 qui

181 2977 428 3030 erantin
462 2976 780 3029 Bethleem:
839 2974 1008 3027 Natus
1033 2982 1107 3025 est
1157 2975 1301 3026 nobis
1338 2972 1500 3042 891
1539 2970 1774 3027 Christus

186 3069 453 3122 boniinus
485 3070 538 3119 in
574 3067 789 3119 civitate
842 3065 1015 3119 David
1048 3065 1116 3117 ".
1149 3064 1289 3118 Cum
1341 3064 1545 3132 quibus
1596 3064 1773 3117 Elisa-

184 3160 347 3220 beth,
365 3166 428 3211 ut
448 3158 709 3227 praeclare
730 3172 828 3225 par
843 3155 1072 3225 angelis,
1086 3155 1265 3224 angeli
1291 3164 1485 3214 mater.
1501 3154 1641 3208 dixit
1656 3155 1771 3223 pari

184 3249 425 3318 angelis,
456 3256 514 3301 et
553 3263 675 3315 qua:
706 3258 827 3300 erat
875 3246 959 3300 vel
985 3246 1212 3315 angelus
1264 3246 1349 3298 vel
1387 3245 1771 3314 archangelus,

182 3351 241 3395 et
273 3340 446 3393 etiam
472 3353 641 3406 supra
671 3337 918 3407 angelos,
968 3338 1064 3391 Dei
1114 3337 1272 3391 matri
1301 3354 1314 3390 :
1354 3336 1422 3390 Et
1476 3338 1614 3389 unde
1650 3338 1776 3390 mihi

184 3436 284 3486 hoc
312 3439 372 3483 ut
409 3430 585 3484 veniat
619 3438 789 3482 mater
818 3428 1033 3481 homini
1077 3430 1176 3481 mei
1210 3429 1281 3481 ad
1310 3444 1391 3481 me
1447 3428 1535 3479 "?
1577 3428 1778 3482 Paulus

183 3533 381 3577 autem
432 3521 486 3575 id
538 3521 685 3590 quod
715 3520 924 3575 Christi
964 3520 1184 3573 Domini
1244 3528 1368 3573 erat
1420 3535 1773 3588 corporeum,

190 3615 453 3669 nominat
478 3611 976 3677 DominumzNon,
1026 3611 1228 3680 inquit,
1268 3613 1554 3665 hominum
1594 3612 1779 3682 gloria:

186 3704 584 3772 rruciﬁxissent
636 3705 703 3758 ⁸⁸.
755 3704 825 3758 Et
869 3703 925 3760 in
966 3703 1235 3757 descensu
1266 3703 1335 3757 ad
1380 3704 1607 3770 inferos,
1633 3716 1691 3761 et
1722 3706 1777 3761 in

187 3796 583 3865 assumptione
608 3795 677 3849 ad
707 3796 898 3859 ccelos,
933 3795 1225 3849 Dominum
1259 3794 1459 3849 fortem
1494 3806 1552 3851 et
1579 3806 1779 3865 poten-

192 3902 333 3950 tem,
354 3895 414 3940 et
436 3887 730 3941 Dominum
761 3887 1110 3940 exercituum
1148 3885 1431 3941 Christum
1467 3889 1646 3959 angeli
1681 3904 1781 3959 ap-

191 3978 499 4046 pellarunt.
526 3974 684 4041 Quod
718 3975 765 4029 si
799 3975 885 4028 vis
905 3975 1073 4029 etiam
1106 3990 1327 4030 causam
1353 3986 1580 4045 propter
1612 3994 1780 4047 quam

194 4070 347 4121 Dens
407 4065 729 4119 nominatus
759 4073 845 4119 est
897 4064 1164 4119 Dominus
1210 4074 1333 4134 post
1385 4067 1566 4120 carnis
1593 4083 1781 4122 susce-

190 4160 485 4230 ptionem,
518 4172 622 4227 ego
668 4155 723 4211 id
776 4156 876 4210 tibi
933 4156 1280 4211 conlidenter
1331 4158 1776 4229 interpretabor:

190 4252 519 4304 divinarum
545 4249 987 4317 Scripturarum,
1041 4256 1099 4302 et
1140 4263 1424 4305 sacrorum
1463 4266 1657 4305 earum
1695 4253 1782 4307 in-

193 4350 510 4411 terpretum
531 4340 743 4394 habens
762 4339 1107 4410 suffragium.
1132 4340 1544 4397 Celeberrimos
1566 4359 1697 4414 ergo
1728 4353 1784 4399 et

192 4446 397 4487 earum
418 4431 736 4484 divinarum
762 4439 939 4499 mysta
963 4433 1300 4500 apostolicus
1328 4433 1623 4504 Dionysius
1648 4437 1786 4491 dicit

1801 3206 1850 3266 C

1875 1982 2130 2035 Dominus
2189 1982 2490 2041 hominem.
2536 1980 2719 2034 crucis
2774 1980 3165 2048 fortitudinem,
3227 1985 3454 2046 propter

1875 2074 2054 2141 ipsum
2102 2073 2194 2141 qui
2238 2082 2356 2125 erat
2402 2072 2673 2130 inlirmus.
2707 2084 2753 2121 et
2785 2071 3062 2138 praecinxit
3107 2085 3162 2120 se
3193 2069 3259 2120 “.
3296 2069 3363 2122 Et
3389 2082 3454 2121 ea

1872 2166 1941 2218 de
1986 2180 2149 2218 causa
2204 2164 2496 2217 Dominum
2557 2164 2725 2215 Deum
2788 2162 3085 2229 appellavit
3140 2160 3453 2228 Scriptura,

1873 2256 2095 2325 quando
2141 2255 2345 2323 duplex
2400 2254 2488 2306 ille
2541 2254 2707 2305 homo
2756 2254 3097 2320 compositus
3129 2258 3212 2302 est
3241 2265 3306 2302 ex
3340 2250 3457 2303 luto

1873 2348 2056 2400 divina
2080 2347 2468 2400 insnlllatione.
2500 2344 2677 2397 Finxit
2722 2343 2892 2403 enim,
2926 2342 3127 2410 inquit.
3185 2340 3324 2392 Deus
3358 2342 3456 2392 ho-

1875 2439 2087 2498 minem,
2115 2436 2382 2505 pulverem
2402 2435 2660 2497 accipiens
2682 2441 2897 2492 eterra,
2928 2441 2976 2482 et
3000 2430 3281 2498 insumaeit
3301 2432 3356 2483 in
3384 2430 3459 2498 fa-

1871 2534 2001 2585 ciem
2018 2532 2131 2599 ejus
2155 2532 2401 2597 spiritum
2420 2530 2559 2590 vitm,
2588 2537 2636 2580 et
2667 2528 2837 2594 factus
2856 2533 2931 2578 est
2958 2529 3112 2578 homo
3142 2526 3197 2577 in
3217 2526 3457 2577 animam

1876 2624 2154 2677 viventem.
2190 2622 2397 2674 Vellem
2446 2634 2595 2673 nunc
2639 2634 2807 2672 carne
2862 2617 3000 2670 mihi
3054 2616 3248 2670 adesse
3280 2616 3459 2684 ipsum

1876 2713 2079 2765 Mosem
2115 2712 2280 2780 hujus
2332 2710 2460 2763 libri
2521 2709 2874 2778 scriptorem,
2911 2716 2968 2762 et
3002 2708 3181 2775 ipsum
3218 2706 3460 2762 interro-

1875 2819 2004 2872 gare
2051 2816 2275 2855 causam
2334 2798 2733 2869 duplicationis
2779 2797 3023 2851 nominis
3083 2797 3202 2857 Dei.
3250 2797 3296 2850 si
3348 2811 3462 2851 non

1876 2893 2060 2945 statim
2106 2891 2418 2955 exspuisset
2466 2891 2523 2942 in
2573 2890 2771 2943 faciem
2801 2888 3138 2957 impudentis
3168 2888 3463 2956 Synagcge

1875 2985 2212 3040 Judteorum.
2232 2984 2368 3050 Quis
2385 2983 2555 3044 enitn,
2571 2996 2779 3050 quaeso,
2796 2996 2902 3035 non
2927 2981 3197 3049 obstupui:
3210 2982 3269 3031 ri!
3291 2980 3461 3047 quod,

1878 3085 2007 3145 post
2052 3075 2520 3143 complementum
2578 3072 2855 3125 universa:
2904 3086 2998 3124 sex
3055 3071 3271 3123 dierum
3304 3084 3463 3122 crea—

1881 3167 2067 3229 tionis,
2090 3179 2214 3217 eum
2237 3164 2481 3218 venisset
2512 3162 2688 3216 Moses
2715 3161 2781 3214 ad
2812 3161 3127 3215 snnnnatim
3161 3160 3464 3214 faciendam

1881 3255 2296 3324 repetitionem,
2317 3254 2502 3307 statim
2530 3252 2742 3305 inducit
2775 3250 3210 3320 duplicationem
3240 3262 3296 3303 et
3316 3265 3467 3304 eom-

1878 3344 2209 3415 positionem
2234 3342 2477 3395 nominis
2494 3340 2615 3403 Dei,
2635 3339 2952 3408 signiﬁcans
2970 3338 3175 3393 Christi
3195 3346 3467 3405 suscepta:

1878 3437 2061 3490 carnis
2088 3434 2587 3504 dispensationem,
2624 3448 2821 3501 nempe
2848 3431 2996 3500 quod
3019 3438 3287 3485 venturus
3318 3437 3467 3483 esset

1880 3529 1948 3583 ad
1989 3528 2172 3581 omnia
2222 3528 2275 3581 in
2325 3540 2597 3580 summam
2646 3534 2703 3577 et
2742 3531 2910 3591 caput
2957 3521 3319 3576 instauranda
3375 3537 3467 3576 re-

1881 3618 2264 3687 novandaque,
2316 3625 2374 3671 et
2426 3631 2625 3671 novam
2678 3614 2985 3667 faciendam
3029 3622 3360 3675 creaturam,
3413 3619 3469 3666 et

1880 3722 2084 3761 novum
2125 3705 2432 3769 hominem,
2469 3713 2526 3758 et
2557 3719 2761 3756 novum
2790 3703 3013 3765 caelum,
3042 3712 3099 3755 et
3127 3717 3324 3756 novatn
3356 3710 3468 3755 tero

1880 3815 2022 3861 ram,
2041 3807 2096 3852 et
2125 3812 2266 3852 nova
2294 3796 2578 3856 animalia,
2605 3805 2661 3850 et
2698 3810 2871 3850 novas
2902 3794 3180 3851 volucres.
3210 3802 3266 3847 et
3297 3808 3471 3847 novos

1884 3892 2117 3952 fructus,
2157 3897 2215 3944 et
2261 3903 2436 3942 novos
2481 3887 2797 3957 paradisus;
2832 3894 2894 3940 et
2932 3900 3104 3939 novos
3152 3883 3369 3946 fluvios,
3413 3894 3469 3938 et

1883 3998 2087 4036 novum
2131 3980 2324 4034 orbem
2381 3988 2541 4033 terra:
2569 3977 2768 4044 ?Quod
2809 3977 3032 4046 quidem
3071 3984 3258 4045 aperte
3288 3976 3469 4030 sciens

1883 4073 2088 4128 Paulus
2117 4072 2339 4125 dicebat
2370 4068 2463 4123 :Si
2492 4086 2599 4138 qua
2620 4078 2695 4121 est
2726 4071 2778 4121 in
2804 4067 3013 4122 Christo
3037 4084 3171 4121 nova
3197 4077 3469 4130 creatura,

1883 4175 2058 4218 cetera
2093 4163 2486 4231 praztcrierunt,
2522 4176 2637 4213 ecce
2669 4160 2811 4228 facta
2855 4168 2978 4211 sunt
3010 4158 3192 4210 omnia
3239 4174 3374 4210 nova
3399 4158 3468 4213 ⁸⁸.

1884 4250 2038 4317 Quod
2070 4258 2253 4303 autem
2279 4249 2430 4302 omni
2480 4258 2711 4317 stupore
2764 4256 2821 4301 et
2849 4245 3213 4299 admiratione
3242 4245 3469 4315 dignum

1884 4352 1990 4407 est,
2025 4354 2081 4398 et
2112 4342 2245 4396 illud
2287 4340 2433 4409 quod
2463 4355 2562 4409 per
2590 4339 2901 4392 universam
2936 4350 3030 4391 sex
3060 4338 3277 4391 dierum
3313 4353 3473 4392 crea-

1887 4435 2093 4489 tionem
2138 4432 2376 4501 simplici
2419 4439 2474 4484 et
2522 4428 3153 4501 incomposito‘nomine
3176 4429 3470 4482 nominans

195 4525 252 4577 in
283 4521 695 4590 sapientissima
746 4536 844 4575 sua
900 4520 1218 4591 Theologia,
1242 4524 1387 4591 quod
1433 4525 1580 4579 Deus
1600 4526 1785 4583 Grzeee
1820 4548 1863 4602 ο
1892 4527 2171 4597 Scriptura
2207 4525 2393 4579 divina
2434 4522 2780 4584 Creatorem,
2808 4520 3112 4588 simplicem
3143 4533 3363 4587 quoque
3392 4519 3474 4571 in-

193 4614 409 4667 dicitur
432 4610 586 4672 Θεδς,
616 4625 683 4664 ex
718 4625 787 4664 eo
814 4610 961 4678 quod
991 4612 1173 4664 omnia
1197 4612 1412 4681 θεώρει,
1452 4614 1503 4668 id
1530 4626 1615 4670 est
1663 4635 1792 4672 con-

196 4704 506 4774 templatur
533 4711 589 4756 et
617 4700 850 4771 aspicit:
885 4702 1152 4756 Dominus
1177 4713 1386 4768 autem,
1444 4724 1639 4778 nempe
1676 4712 1791 4764 Κύο

196 4814 341 4866 μσς,
376 4810 444 4847 ex
473 4809 543 4847 eo
570 4792 718 4862 quod
757 4792 1036 4862 κυρξευει,
1068 4792 1122 4846 id
1150 4802 1234 4847 est
1277 4794 1544 4851 ditionem
1594 4800 1794 4856 habeat

197 4903 263 4941 ac
307 4886 652 4939 dominetur.
711 4882 916 4954 Κύριος
968 4884 1120 4938 enim
1164 4884 1372 4940 dicitur
1424 4892 1673 4957 potentia
1724 4878 1789 4947 ac

196 4974 553 5031 dominatio:
589 4977 793 5041 ἄκυρον
845 4974 1053 5027 dicitur
1108 4975 1258 5044 quod
1310 4987 1397 5031 est
1444 4980 1683 5034 otiosum
1733 4991 1791 5035 et

198 5087 314 5125 non
366 5068 534 5122 habet
585 5067 760 5121 robur
798 5083 861 5121 ac
907 5075 1261 5137 potestatem,
1310 5070 1406 5124 sed
1459 5086 1695 5127 vacuum
1732 5082 1790 5128 et

200 5164 372 5216 inane
410 5159 683 5212 redditur.

272 5252 452 5306 Recte
492 5263 627 5317 ergo
664 5258 899 5319 apteque
930 5260 987 5305 et
1013 5252 1433 5313 convenienter,
1470 5253 1525 5307 in
1557 5271 1659 5309 suo
1685 5256 1785 5311 ad-

201 5352 379 5395 ventu
429 5340 497 5393 ad
538 5339 794 5394 homines
835 5341 1058 5409 quando
1101 5357 1325 5397 carnem
1376 5346 1619 5414 suscepit
1649 5356 1700 5401 et
1735 5349 1789 5401 in

204 5444 360 5487 terra
393 5433 547 5486 visus
580 5439 665 5485 est
714 5432 860 5486 Deus
906 5433 1175 5498 Verbum,
1223 5441 1355 5490 tunc
1397 5437 1572 5490 etiam
1606 5439 1792 5508 appel-

205 5528 357 5580 latus
389 5533 476 5578 est
504 5523 774 5577 Dominus
806 5540 819 5576 :
855 5539 983 5578 nam
1018 5534 1180 5578 antea
1210 5526 1437 5595 quidem
1465 5530 1788 5584 nominaba-

208 5626 302 5671 tur
345 5614 479 5678 Θεὸς
506 5656 521 5677 ,
559 5624 620 5668 ut
660 5615 755 5684 qui
800 5624 946 5671 esset
995 5616 1184 5670 mundi
1216 5618 1496 5689 Θεωρητὴς
1527 5661 1541 5683 ,
1580 5620 1634 5673 id
1681 5630 1785 5686 est,

303 5726 356 5756 "
395 5726 537 5779 Psal.
575 5742 737 5788 cxvn,
762 5727 851 5780 26.

929 5729 975 5758 ""
1000 5729 1138 5781 l’sal.
1177 5746 1283 5795 etv,
1330 5731 1372 5782 l.

206 5797 249 5829 "
308 5795 451 5851 Psal.
490 5813 603 5859 \lll,
659 5797 701 5848 l.

779 5798 822 5826 "’
866 5798 1005 5852 l'sal.
1051 5814 1173 5858 mn.
1220 5801 1271 5855 5.
1350 5801 1393 5830 ⁸³
1436 5802 1567 5854 ibid.
1624 5805 1665 5855 ί.

1483 5733 1525 5760 ⁷⁷
1563 5732 1691 5786 Luc.
1739 5736 1868 5787 ι.ἓὸ

1743 5776 1887 5794 .,-.,.
2244 5776 2273 5782 ,.

1743 5806 1784 5834 ’⁸⁵
1834 5806 1976 5860 l‘sal.
2032 5818 2188 5864 \exn,
2240 5802 2283 5855 l.

1886 4618 2245 4687 compositam
2299 4622 2682 4670 creaturarum
2749 4611 2986 4665 faciebat
3046 4609 3468 4664 narrationem:

1882 4718 2172 4780 postquam
2194 4713 2381 4759 autem
2418 4718 2619 4757 nomen
2643 4699 2947 4771 duplicavit
2983 4696 3245 4766 Opilieis,
3287 4696 3471 4750 statim

1886 4801 1940 4854 in
1991 4797 2322 4867 repetitione
2369 4792 2781 4861 eonduplicavit
2815 4789 2983 4844 etiam
3016 4787 3156 4842 facta
3184 4800 3374 4855 opera,
3409 4786 3467 4839 in

1885 4891 1968 4945 eis
2017 4904 2127 4943 non
2179 4902 2355 4957 pauca
2404 4884 2613 4939 faciens
2665 4881 3075 4943 additamenta;
3136 4891 3236 4930 nos
3283 4885 3474 4945 aperte

1885 4983 2091 5037 docens
2132 4978 2452 5050 mysterium
2507 4989 2663 5027 novae
2716 4973 2771 5027 in
2824 4971 3048 5026 Christo
3100 4977 3376 5023 creaturae
3418 4978 3475 5019 et

1884 5071 2170 5128 Ecclesia).
2214 5070 2335 5124 Non
2387 5067 2568 5121 solum
2609 5064 2758 5118 enim
2795 5078 2961 5131 super
2986 5061 3203 5130 priores
3246 5074 3356 5120 res,
3390 5072 3476 5111 se-

1885 5164 2098 5219 cundas
2137 5159 2493 5229 multiplicat,
2531 5156 2628 5210 sed
2681 5156 2849 5209 etiam
2894 5167 3143 5221 magnam
3175 5157 3231 5204 et
3262 5150 3471 5203 incon).

1887 5255 2195 5326 parabilem
2223 5254 2276 5306 in
2304 5250 2549 5305 secunda
2578 5247 2860 5303 creatione
2896 5245 3058 5298 nobis
3091 5242 3335 5297 ostendit
3364 5242 3472 5295 dif-

1887 5348 2200 5403 ferentiam.
2227 5345 2362 5399 Nam
2397 5344 2452 5396 in
2492 5341 2661 5412 priori
2694 5339 2918 5408 quidem
2962 5335 3283 5390 narratione
3307 5333 3477 5389 Crea-

1892 5439 2081 5501 tionis,
2119 5436 2253 5490 dicit
2296 5434 2533 5489 herbam
2571 5442 2628 5487 et
2676 5431 2885 5499 lignum
2918 5427 3240 5497 frugiferum
3266 5439 3474 5479 eterra

1890 5530 2229 5601 gerininasse
2266 5528 2364 5592 ;in
2422 5524 2662 5581 secunda
2702 5532 2886 5578 autem
2939 5519 3093 5574 brevi
3146 5516 3477 5587 repetitione

1893 5624 2031 5677 dicit
2085 5619 2403 5691 paradisum
2460 5616 2784 5671 deliciarum
2832 5623 3072 5667 etmnne
3106 5611 3312 5680 lignum
3349 5609 3472 5677 pnl-

2552 5728 2595 5757 ⁷⁹
2623 5725 2755 5779 Luc.
2787 5725 2928 5787 1,57».
3044 5724 3089 5751 ⁸ο
3122 5721 3138 5776 l
3168 5720 3290 5774 Cor.
3332 5735 3388 5787 n,
3422 5720 3473 5774 8.

2552 5798 2669 5849 Dor.
2706 5814 2754 5849 v.
2826 5796 2909 5849 l7.

2866 5816 2909 5848 Ι.

1991 5733 2035 5762 7η
2067 5733 2081 5763 Ι
2112 5748 2177 5763 nn

2067 5731 2197 5784 Luc.
2244 5748 2298 5793 n,
2340 5731 2417 5784 ll.
2552 5731 2595 5757 ⁷⁹
2624 5731 2754 5779 Luc.

2067 5818 2188 5859 exn,
2240 5802 2283 5855 l.
2360 5802 2403 5830 ’“‘
2450 5799 2488 5851 ll
2539 5798 2669 5851 Cor.
2706 5814 2754 5859 v,
