4186 6442
760 408 867 469 955

1946 392 2005 449 S.
2045 384 2439 447 ANAS’I‘ASH
2482 388 2811 448 SlNAlTJS

3905 394 4009 455 956

761 515 957 565 chrum
996 508 1059 562 ad
1093 505 1410 565 videndum,
1458 513 1511 557 et
1544 505 1747 555 bonum
1775 500 1840 552 ad
1872 498 2226 556 vescendum.
2253 497 2325 549 li-
2359 499 2397 551 Λ
2429 497 2534 548 iota
2567 512 2729 549 unum
2766 509 2856 551 aut
2902 515 3035 565 apex
3079 516 3216 550 mins
3245 516 3411 554 saera)
3462 500 3759 569 Scriptura!
3784 510 3841 555 et
3876 501 4011 572 legis

762 615 1039 670 gnumqne
1070 598 1212 658 vitae,
1264 604 1321 648 et
1368 595 1610 663 plantam
1642 590 2087 644 immortalitatis.
2123 589 2332 641 llursus

764 691 977 759 primus
1017 695 1178 740 terra:
1219 685 1419 737 lluvius
1463 697 1530 735 ex
1574 680 1834 734 uniformi
1886 679 2036 731 fonte
2074 678 2333 745 irrigahat

769 790 933 834 totam
973 777 1167 831 faciem
1201 785 1359 828 terra:
1407 790 1419 825 :
1463 772 1704 827 secunda
1748 777 1930 823 autem
1970 768 2239 836 irrigatio,
2266 783 2331 820 ex

765 880 1007 939 quatuor
1057 867 1240 922 lluviis
1286 866 1477 918 orbem
1529 872 1687 917 terrm
1743 860 1993 927 irrigavit
2025 860 2089 913 ad
2124 862 2335 911 fructus

766 961 1040 1014 ferendos.
1061 959 1117 1011 In
1138 957 1416 1027 prioribus
1441 954 1771 1009 animalibus
1792 962 1934 1006 terra
1954 969 2060 1005 non
2082 953 2337 1021 produxit

768 1053 1051 1114 volucres;
1096 1048 1149 1102 in
1185 1048 1443 1101 secundis
1468 1056 1649 1099 autem
1679 1045 2049 1098 animantibus
2079 1042 2334 1095 animalia

768 1154 824 1199 et
855 1144 1103 1196 volucres
1125 1149 1327 1193 exorta:
1347 1148 1473 1191 sunt
1497 1152 1527 1189 e
1553 1145 1719 1188 terra.
1745 1136 1800 1189 In
1822 1134 1985 1203 priori
2018 1132 2335 1185 narratione

769 1233 1063 1290 creationis
1098 1231 1355 1290 hominis,
1403 1245 1511 1280 non
1550 1227 1800 1279 meminit
1844 1225 1993 1278 illius
2020 1223 2219 1275 divinae
2253 1238 2339 1274 sa—

772 1326 965 1377 lutaris
1010 1330 1067 1376 et
1113 1320 1341 1373 viviliea:
1394 1316 1813 1378 insulllationis;
1858 1314 2109 1368 meminit
2151 1323 2336 1366 autem

772 1415 826 1467 in
856 1411 1116 1467 secunda.
1150 1412 1205 1463 ln
1242 1408 1415 1476 prima
1472 1406 1751 1459 creatione
1789 1403 1923 1456 dicit
1949 1401 2095 1471 quin!
2121 1417 2336 1455 mascu-

770 1504 885 1557 lum
930 1512 985 1554 et
1024 1500 1279 1553 feminam
1312 1496 1443 1549 fecit
1467 1511 1562 1548 eos
1589 1512 1602 1557 ;
1647 1494 1699 1545 in
1727 1492 1969 1545 secunda
2011 1499 2193 1543 autem
2225 1490 2337 1541 l‘or-

770 1595 1012 1648 Inationc
1057 1589 1319 1650 hominis,
1375 1603 1496 1655 qum
1537 1585 1709 1637 tendit
1774 1584 1839 1636 ad
1884 1585 2188 1643 Christum,
2231 1597 2338 1633 nun

770 1685 905 1737 dicit
943 1681 1243 1735 masculum
1278 1687 1332 1730 et
1363 1677 1619 1729 feminam
1655 1692 1669 1739 ;
1719 1674 1853 1728 Nam
1883 1677 1935 1726 in
1981 1674 2186 1727 Christo
2214 1671 2340 1724 Jesu

770 1792 876 1828 non
904 1783 980 1826 est
1005 1771 1269 1826 masculus
1292 1777 1341 1821 et
1368 1769 1595 1836 femina;
1620 1776 1703 1819 est
1725 1767 1870 1819 enim
1899 1780 2039 1816 unus
2062 1764 2336 1825 Christus,

770 1874 828 1918 et
877 1872 965 1918 est
1012 1864 1133 1931 ejus
1181 1876 1284 1914 una
1328 1859 1622 1927 singularis
1662 1864 1718 1910 et
1749 1855 2034 1909 individua
2080 1869 2333 1923 persona.

773 1957 1015 2012 Primum
1040 1954 1225 2008 cibum
1248 1967 1593 2006 communem
1619 1949 1887 2018 iumentis
1905 1958 1961 2001 et
1982 1948 2173 2001 bestiis
2196 1948 2337 1999 Deus

770 2048 924 2102 dedit
952 2047 1195 2108 Adamo;
1221 2043 1522 2098 secundum
1554 2051 1737 2095 autem
1765 2040 2090 2093 rationalem
2124 2048 2179 2091 et
2206 2038 2341 2091 aliew

772 2158 903 2197 num
944 2143 1013 2195 ab
1043 2142 1192 2194 omni
1228 2151 1419 2194 natura
1460 2148 1684 2207 experte
1726 2137 1973 2190 rationis.
2008 2136 2190 2190 Prima
2220 2134 2339 2187 ani—

772 2236 976 2287 mantia
1015 2244 1071 2285 et
1098 2234 1342 2301 jumenta
1375 2233 1520 2284 Deus
1557 2246 1664 2282 non
1691 2228 1926 2288 vocavit,
1973 2226 2066 2280 sed
2100 2224 2337 2277 set-mula

770 2324 1001 2379 adduxit
1046 2325 1112 2376 ad
1162 2324 1478 2383 hominem,
1540 2329 1595 2372 et
1653 2319 1735 2372 eis
1782 2319 2002 2371 nomina
2056 2315 2336 2384 imposuit.

769 2416 1090 2477 Considera,
1133 2431 1339 2482 qmeso,
1370 2430 1432 2467 ea
1470 2413 1635 2465 etiam
1666 2427 1787 2479 qua:
1828 2409 2092 2476 deinceps
2143 2422 2338 2459 consc-

770 2516 1041 2575 quuntur.
1091 2507 1396 2573 Antequam
1440 2511 1740 2572 poneretur
1777 2501 1941 2553 homo
1970 2499 2025 2552 in
2060 2496 2339 2566 paradiso,

771 2614 883 2651 non
925 2596 1029 2650 fuit
1060 2595 1111 2650 ei
1155 2596 1483 2663 imperatum
1540 2602 1599 2645 ut
1646 2599 1993 2660 operaretur,
2050 2597 2106 2641 et
2156 2596 2341 2639 custo-

772 2690 918 2742 diret
948 2689 1091 2756 ligna
1126 2686 1310 2755 priora
1347 2684 1459 2738 cibi
1501 2683 1819 2752 pereuntis;
1864 2680 1960 2734 scd
2012 2680 2340 2745 imperatum

771 2787 859 2831 est
896 2786 957 2830 ut
1001 2774 1241 2829 secunda
1296 2773 1557 2841 paradisi,
1610 2771 1715 2825 sibi
1750 2769 2025 2824 manentis
2070 2769 2126 2821 in
2174 2768 2339 2819 vitam

772 2879 1056 2924 aeternam.
1083 2866 1243 2920 Prius
1278 2865 1441 2917 homo
1472 2873 1594 2917 erat
1619 2863 1770 2916 solus
1795 2870 1852 2915 et
1883 2861 2001 2914 sine
2037 2857 2339 2928 adiutorio;

774 2959 831 3012 in
879 2956 1118 3012 secunda
1161 2964 1344 3009 autem
1394 2954 1672 3007 creatione
1718 2960 1776 3006 et
1823 2951 2163 3011 narratione,
2225 2955 2345 3001 erat

774 3047 997 3118 quidem
1030 3048 1262 3116 simplex
1297 3056 1352 3100 et
1388 3044 1786 3112 incompositus
1817 3060 1830 3095 :
1866 3043 1920 3095 in
1960 3042 2131 3095 totius
2159 3048 2341 3093 autent

773 3128 1071 3195 creationis
1102 3137 1254 3192 brevi
1294 3136 1643 3205 repetitione,
1676 3143 1808 3188 tunc
1837 3133 1978 3187 facta
2011 3140 2096 3185 est
2119 3131 2341 3189 mulier,
2370 3162 2417 3223 C

772 3243 830 3285 et
864 3230 1041 3285 audiit
1083 3247 1096 3282 :
1142 3229 1210 3283 0s
1238 3245 1301 3281 ex
1327 3229 1523 3281 ossibus
1554 3226 1860 3295 spiritualis
1895 3224 2111 3286 Adami,
2140 3233 2189 3275 et
2217 3238 2343 3276 caro

774 3337 841 3375 es
884 3336 1045 3374 carne
1087 3320 1199 3389 ejus
1252 3320 1317 3371 ⁸⁷.
1377 3317 1532 3371 Tunc
1577 3315 1682 3369 fuit
1717 3315 1884 3368 etiam
1930 3313 2197 3368 aulilicata
2224 3326 2346 3379 qua!

777 3411 931 3480 prius
957 3419 1078 3464 erat
1106 3408 1410 3471 dissoluta;
1444 3415 1575 3460 tunc
1599 3408 1764 3459 etiam
1810 3405 2076 3459 :edilicata
2111 3413 2196 3458 est
2229 3418 2347 3454 mu-

777 3502 880 3556 lier
904 3504 1104 3571 conjux
1137 3500 1239 3554 viri
1284 3499 1367 3553 sui
1398 3500 1492 3567 qui
1522 3499 1675 3567 prius
1704 3506 1824 3551 erat
1851 3506 2158 3564 separatus.
2192 3494 2346 3547 Tunc

776 3593 945 3647 etiam
984 3601 1175 3645 vocata
1205 3599 1291 3643 est
1327 3588 1437 3642 vita
1470 3603 1590 3656 qua:
1614 3587 1767 3654 prius
1793 3595 1914 3638 erat
1944 3600 2093 3637 mors
2118 3583 2345 3644 ell‘ceta;

781 3691 913 3734 tunc
953 3679 1117 3733 etiam
1170 3676 1399 3731 adduxit
1429 3692 1549 3728 eam
1599 3676 1744 3729 Deus
1786 3673 1854 3728 ad
1907 3673 2174 3727 Adamum
2224 3686 2345 3738 qua:

780 3771 934 3841 prius
976 3771 1134 3838 longe
1174 3776 1326 3828 erat;
1360 3777 1490 3820 tunc
1529 3765 1754 3819 fuerunt
1784 3765 1896 3817 duo
1930 3764 1985 3816 in
2021 3778 2187 3817 carne
2215 3776 2343 3822 una,

778 3861 876 3930 qui
918 3861 1070 3928 prius
1114 3867 1273 3913 erant
1318 3858 1439 3919 dua:
1473 3872 1693 3910 carnes.
1742 3855 1886 3909 Nudi
1935 3862 2114 3916 erant,
2170 3852 2348 3905 donec

782 3953 835 4005 iu
878 3951 1116 4005 secunda
1167 3950 1447 4003 creatione
1494 3948 1625 4001 tecti
1674 3956 1804 3999 sunt
1857 3961 1888 3998 a
1935 3945 2084 4009 Deo;
2131 3944 2223 4011 qui
2294 3942 2346 3994 in

782 4042 1057 4111 principio
1104 4041 1233 4094 (ιωοὶ
1280 4049 1458 4101 erant,
1508 4039 1685 4091 visum
1751 4044 1942 4104 postea
1997 4042 2344 4101 receperunt.

780 4132 936 4197 Quod
971 4132 1014 4184 si
1064 4129 1498 4184 inobcdieutiam
1547 4136 1605 4181 ct
1641 4134 1952 4195 serpentem
1988 4136 2044 4178 et
2079 4125 2260 4177 eilmm
2294 4132 2351 4176 et

782 4230 1017 4277 mortem
1054 4230 1110 4276 et
1152 4221 1360 4274 exitum
1389 4235 1419 4273 e
1451 4218 1703 4288 paradiso
1739 4217 1875 4269 mihi
1911 4217 2095 4277 ell'ers,
2127 4233 2160 4267 o
2195 4213 2351 4266 audi-

784 4322 895 4375 tor,
943 4311 1073 4366 siste
1118 4311 1369 4381 gradum,
1421 4320 1478 4363 et
1514 4324 1584 4362 ne
1629 4307 1891 4371 festines;
1924 4315 1978 4360 et
2026 4305 2240 4358 videbis
2285 4320 2348 4357 ea

781 4417 907 4471 qua:
950 4401 1002 4454 in
1044 4401 1131 4455 his
1166 4408 1297 4453 sunt
1346 4399 1602 4462 dicenda,
1644 4414 1742 4467 per
1790 4398 2023 4450 nmltum
2055 4397 2109 4450 in
2159 4412 2217 4450 se
2249 4396 2347 4449 ha-

2435 604 2542 639 non
2589 590 2791 655 peribit
2833 590 2919 640 “‘P
2952 593 3083 654 Quzc
3111 590 3334 657 quidem
3373 593 3455 643 lex
3496 600 3551 643 et
3584 592 3869 660 Scriptura
3925 593 4009 645 in-

2436 686 2766 740 terpretalm,
2799 680 3018 747 scriptio
3063 690 3189 733 sunt
3224 682 3276 733 in
3324 682 3529 748 Spiritu
3582 690 3636 735 et
3672 698 3768 736 ore
3795 692 4006 742 sanet".

2436 768 2488 823 in
2530 771 2651 834 igne
2675 779 2728 822 et
2754 771 3009 838 caligine,
3045 782 3096 823 et
3131 773 3375 825 tenebris
3402 783 3457 826 et
3498 775 3758 841 procella.
3792 783 3847 826 et
3880 788 4004 826 eon-

2435 863 2712 924 cussioue,
2738 874 2793 916 et
2831 865 2882 915 in
2919 880 3055 917 sono
3091 866 3233 917 tuine
3267 866 3453 918 decies
3493 867 3639 918 mille
3664 868 4005 933 angelorum.

2437 952 2543 1005 Lex
2576 955 2725 1006 enim
2753 962 2835 1006 est
2860 964 3069 1015 saneta,
3103 965 3150 1008 et
3188 956 3394 1023 eloquia
3430 955 3637 1007 Domini
3676 956 3829 1007 valde
3872 957 4012 1023 igni-

2438 1053 2490 1096 ta
2512 1044 2578 1103 "',
2610 1059 2803 1110 nempe
2827 1061 3054 1097 accensa
3093 1046 3215 1107 igne.
3246 1046 3339 1112 qui
3372 1056 3491 1097 erat
3524 1046 3576 1098 in
3615 1055 3800 1097 monte
3836 1044 4010 1104 Sinai,

2436 1144 2493 1187 et
2525 1138 2603 1188 sic
2650 1138 2849 1189 tradita
2893 1135 3221 1189 :Concussio
3272 1138 3420 1189 enim
3465 1146 3513 1189 et
3569 1152 3668 1187 non
3708 1155 3758 1189 in
3789 1154 4011 1189 concus-

2437 1230 2581 1280 sione
2614 1228 2870 1280 Dominus
2896 1269 2910 1289 ,
2946 1229 3113 1295 caligo
3142 1238 3189 1281 et
3228 1246 3330 1281 non
3370 1230 3425 1281 in
3463 1229 3686 1295 caligine
3720 1228 4011 1280 Dominus:

2438 1318 2573 1385 ignis
2614 1319 2681 1377 ὀ,
2720 1327 2775 1369 et
2800 1319 2925 1370 illuc
2968 1320 3231 1371 Dominus
3264 1320 3356 1386 qui
3391 1320 3643 1387 loquitur
3694 1320 3865 1387 ignita
3901 1321 4012 1373 elo-

2438 1407 2566 1474 quia
2596 1408 2749 1469 Mosi,
2786 1413 2999 1462 annuas
3045 1410 3463 1471 inllammantia,
3520 1419 3574 1463 et
3630 1411 4013 1465 combureutia

2438 1514 2561 1566 qua:
2604 1510 2733 1552 sunt
2787 1502 2840 1553 in
2876 1502 2959 1554 eis
3011 1518 3195 1555 crassa
3239 1518 3301 1556 ac
3346 1513 3587 1556 terrena.

2517 1593 2653 1645 lline
2702 1604 2883 1645 autem
2920 1604 3146 1661 apparet
3170 1595 3316 1662 quod
3364 1596 3684 1665 hypostasin
3725 1598 3928 1654 habeat
3963 1609 4013 1652 et

2441 1684 2513 1737 sit
2558 1685 2650 1737 Dei
2699 1686 2965 1752 sapientia
3045 1686 3333 1750 Quomodo
3377 1690 3523 1741 enim
3559 1691 3706 1743 aliud
3747 1701 3831 1744 est
3868 1690 4013 1761 quod

2443 1774 2694 1837 ignescit,
2742 1785 2798 1828 ct
2847 1776 2995 1828 aliud
3032 1777 3177 1843 quod
3233 1788 3311 1830 est
3357 1794 3586 1845 corpore
3627 1781 3905 1843 ignitum:
3945 1783 4015 1835 ita

2441 1862 2607 1915 etiam
2657 1877 2723 1915 ex
2773 1863 3021 1932 analogia
3068 1879 3131 1917 ac
3168 1868 3553 1921 convenientia
3603 1868 3848 1938 intellige
3891 1886 4017 1923 vere

2438 1968 2559 2005 esse
2591 1952 2684 2005 Dei
2734 1953 2972 2021 eloquia,
3010 1965 3068 2009 et
3113 1972 3219 2009 non
3266 1957 3496 2011 dilfundi
3542 1959 3595 2011 in
3637 1976 3842 2013 aerem.
3901 1961 4015 2014 Non

2439 2041 2588 2093 enim
2614 2041 2754 2094 dixit
2782 2042 3140 2109 ignescentia,
3172 2046 3266 2099 sed
3295 2048 3486 2115 ignita,
3522 2064 3617 2100 seu
3651 2065 3844 2103 revera
3875 2066 4018 2118 pra:-

2440 2130 2678 2185 luecntia
2712 2151 2723 2184 :
2754 2143 2808 2185 et
2855 2147 3146 2202 propterea
3191 2138 3405 2190 dixerat
3430 2139 3597 2192 David
3646 2158 3657 2193 :
3704 2141 4018 2195 Mandatum

2440 2222 2653 2276 Domini
2688 2224 2919 2277 luridum
2970 2225 3281 2279 illuminaus
3328 2230 3502 2282 oculos
3528 2231 3594 2281 ".
3621 2231 3894 2298 Utrinque
3924 2248 4020 2286 au-

2443 2321 2549 2365 tem
2576 2313 2839 2375 lucidum,
2882 2331 3078 2383 nempe
3125 2317 3271 2383 quod
3316 2328 3371 2371 et
3404 2318 3473 2371 ab
3502 2321 3624 2387 igne
3658 2320 3963 2388 egreditur,
3991 2339 4018 2375 a

2448 2404 2657 2466 divina,
2702 2406 2947 2473 inquam,
2999 2418 3195 2460 natura
3242 2411 3337 2473 (est
3368 2411 3527 2463 enim.
3565 2410 3704 2465 Deus
3740 2414 3877 2480 ignis
3904 2430 4024 2465 con-

2442 2510 2651 2546 sumens
2670 2494 2737 2560 ")
2776 2504 2829 2545 et
2857 2510 2953 2561 per
2987 2495 3224 2549 Sina:qu
3264 2497 3442 2566 ignem
3478 2515 3670 2553 rursus
3702 2516 4018 2565 accensum.

2441 2591 2498 2635 et
2533 2584 2692 2652 igneo
2727 2584 2899 2653 digito
2923 2586 3212 2654 scriptum.
3251 2598 3307 2640 et
3335 2589 3508 2655 igneis
3550 2589 3753 2644 tabulis
3782 2593 4021 2661 impres-

2442 2688 2563 2726 sum
2598 2689 2660 2727 ac
2689 2674 2976 2743 figuratum
3011 2693 3023 2726 :
3062 2676 3156 2729 sed
3180 2686 3235 2729 et
3259 2676 3446 2730 datum
3474 2688 3598 2731 erat
3628 2679 3883 2733 indicans
3914 2682 4020 2749 igni

2442 2763 2677 2816 similem
2733 2775 2789 2819 et
2826 2765 3067 2818 lucidam
3121 2766 3287 2820 Musis
3338 2767 3557 2821 faciem.
3607 2769 3664 2822 In
3721 2787 3833 2837 quo
3885 2772 4019 2825 nihil

2441 2857 2525 2902 est
2574 2848 3044 2919 intempestivum,
3091 2854 3226 2906 nihil
3273 2855 3420 2922 quod
3469 2872 3629 2909 suum
3679 2874 3787 2911 non
3822 2859 4023 2913 habeat

2443 2954 2692 3009 scopum,
2730 2943 2870 2996 nihil
2921 2943 3040 2998 sine
3092 2948 3375 3015 mysterio.
3421 2948 3517 3002 Est
3555 2959 3738 3004 autem
3792 2951 4021 3021 dignum

2443 3032 2807 3088 admiratione
2831 3036 2999 3103 quod.
3026 3037 3249 3105 quando
3272 3038 3472 3107 duplex
3505 3040 3681 3095 factus
3706 3050 3791 3097 est
3825 3044 4017 3105 Adam,

2445 3124 2629 3177 Statim
2679 3124 2822 3177 Deus
2850 3134 2937 3178 est
2970 3129 3286 3183 nominatus
3316 3131 3584 3185 Dominus
3630 3141 3685 3185 et
3718 3132 3889 3196 Deus,
3925 3151 4020 3202 per

2446 3223 2616 3269 totam
2643 3216 2882 3284 paradisi
2913 3218 3077 3286 892
3113 3220 3396 3274 historiam
3434 3222 3641 3290 duplici
3676 3225 3903 3279 nomine
3930 3241 4017 3294 ap-

2447 3308 2685 3376 pellaute
2738 3308 3020 3377 Scriptura
3061 3309 3349 3378 Opiticem.
3401 3314 3468 3368 Et
3513 3316 3581 3368 de
3632 3315 3720 3369 his
3762 3329 4021 3385 prompto

2445 3404 2501 3449 ct
2536 3396 2702 3449 alacri
2736 3398 2921 3451 animo
2956 3398 3051 3451 tibi
3085 3399 3462 3468 phiIOSuphari
3495 3402 3761 3464 studiose,
3796 3404 4021 3459 minime

2445 3490 2769 3551 cunctabor,
2809 3499 2865 3542 et
2896 3501 3303 3559 consequenter
3336 3491 3540 3545 addere
3566 3493 3721 3547 initia
3754 3496 4020 3563 capitum.

2447 3576 2589 3629 Dicit
2610 3577 2756 3630 enim
2789 3595 2802 3630 :
2842 3577 2907 3630 Et
2938 3578 3197 3647 plantavit
3231 3577 3483 3631 Dominus
3514 3577 3652 3631 Dens
3710 3582 4022 3646 paradisum

2446 3667 2500 3719 in
2543 3668 2704 3720 Edem
2750 3669 2821 3720 ad
2883 3670 3155 3721 Orientem.
3197 3670 3263 3722 Et
3320 3686 3333 3721 :
3378 3668 3518 3723 Ferit
3565 3669 3821 3724 Dominus
3890 3672 4023 3725 Deus

2446 3760 2576 3810 oriri
2614 3775 2675 3810 e.r
2702 3767 2865 3810 terra.
2903 3760 2969 3812 Et
2998 3777 3009 3811 :
3050 3760 3259 3828 Accepit
3304 3760 3561 3813 Dominus
3596 3761 3732 3814 Deus
3761 3764 4024 3815 hominem

2448 3866 2599 3918 quem
2638 3848 2812 3915 ﬁnxit.
2856 3850 2921 3902 Et
2956 3867 2967 3900 :
3002 3849 3272 3902 )lluudavit
3314 3849 3567 3903 Dominus
3617 3850 3757 3904 Deus
3796 3852 4023 3905 Artamo.

2450 3941 2515 3992 Et
2548 3957 2559 3991 :
2594 3938 2736 3991 Dixit
2786 3938 3037 3992 Dominus
3066 3939 3199 3993 Deus
3247 3941 3459 3993 mulieri
3492 3940 3642 3995 :Cur
3686 3942 3783 3995 hoc
3822 3942 4028 4010 fecisti?

2448 4028 2511 4081 Et
2546 4046 2558 4079 :
2597 4028 2736 4079 Dixit
2773 4028 3019 4081 Dominus
3057 4028 3197 4082 Deus
3235 4031 3467 4097 serpenti
3496 4046 3512 4082 :
3541 4029 3679 4095 Quia
3714 4032 3808 4083 hoc
3838 4033 4022 4090 fecisti.

2451 4118 2518 4172 Et
2555 4137 2567 4171 :
2609 4118 2747 4171 Ferit
2803 4119 3056 4172 Dominus
3110 4118 3243 4172 Deus
3319 4120 3524 4173 Adumo
3578 4130 3625 4172 et
3678 4124 3833 4173 uxori
3892 4125 4025 4192 ejus.

2451 4211 2519 4264 Et
2546 4229 2557 4263 :
2599 4210 2739 4264 Dixit
2778 4210 3029 4263 Dominus
3063 4210 3232 4263 Deus:
3275 4209 3407 4263 Ecce
3434 4210 3603 4279 factus
3634 4219 3709 4263 est
3735 4212 3869 4265 sicut
3895 4229 4027 4266 unus

2450 4316 2512 4351 ex
2540 4301 2704 4352 nobis.
2738 4299 2804 4352 Et
2830 4316 2842 4351 :
2878 4299 3084 4365 Accepit
3125 4314 3243 4351 eum
3270 4297 3406 4350 Deus
3438 4313 3499 4349 ea:
3521 4300 3775 4367 paradiso
3803 4298 4028 4352 delicia-

2450 4408 2592 4453 rum,
2647 4392 2716 4444 ad
2761 4390 3089 4457 operandam
3136 4397 3337 4441 terram
3372 4406 3436 4442 ea:
3489 4406 3593 4458 qua
3641 4399 3885 4457 sumptus
3933 4401 4025 4443 est.

785 4493 917 4547 bere
961 4492 1153 4561 gratia:
1184 4500 1241 4545 et
1274 4490 1599 4558 elegantia:
1632 4490 1815 4543 adlmc
1856 4490 2004 4544 enim
2043 4499 2251 4544 stamus
2290 4488 2344 4540 in
2379 4501 2422 4556 ι)
2451 4481 2624 4535 Audis
2670 4480 2817 4549 quod
2858 4495 2924 4532 ex
2951 4494 3064 4547 quo
3098 4478 3345 4546 ingressa
3392 4487 3480 4532 est
3510 4480 3797 4547 (tanquam
3840 4478 4029 4533 divina

784 4584 969 4638 medio
992 4584 1313 4638 certamine.
1350 4582 1451 4647 Qui
1483 4590 1665 4635 autem
1692 4582 1911 4635 brevem
1938 4581 2236 4649 Scripturze
2267 4596 2351 4634 re-

783 4673 1107 4741 petitionem
1154 4688 1275 4741 qua:
1312 4682 1399 4725 est
1443 4680 1571 4740 post
1607 4687 1699 4724 sex
1735 4672 1874 4734 dies,
1928 4687 2037 4724 non
2074 4671 2353 4739 accipiunt

784 4765 839 4819 in
886 4773 1071 4834 typum
1120 4764 1394 4819 Ecclesiae.
1441 4763 1846 4817 convincuntur
1886 4763 1957 4816 ab
2000 4762 2067 4815 iis
2117 4777 2239 4831 quae
2295 4762 2350 4815 in

784 4872 850 4909 ea
889 4864 1020 4908 sum
1061 4854 1473 4916 additamentis,
1520 4854 1656 4908 nihil
1710 4855 1936 4908 omnino
1973 4855 2115 4908 seire
2174 4870 2240 4908 ex
2284 4854 2351 4907 iis

784 4960 906 5013 quae
939 4952 1126 5012 postea
1173 4944 1348 4997 fusius
1387 4945 1760 4997 ostendemus.
1813 4943 1936 4997 llaec
1980 4952 2162 4997 autem
2200 4958 2348 4996 nunc

789 5036 978 5105 paucis
1028 5034 1137 5088 dixi
1172 5034 1239 5088 de
1286 5035 1510 5088 nomine
1540 5035 1634 5089 Dei
1667 5035 1950 5102 duplicato
1984 5034 2037 5086 in
2070 5034 2221 5089 brevi
2259 5050 2348 5088 re-

791 5126 1051 5194 petitione
1079 5124 1147 5177 de
1190 5124 1411 5178 homine
1432 5125 1572 5178 laeta
1600 5141 1631 5178 a
1666 5125 1849 5189 Mose;
1882 5134 1941 5178 ut
1974 5126 2067 5194 qui
2100 5126 2347 5194 appella-

792 5227 881 5269 tus
914 5218 985 5269 sit
1014 5216 1279 5269 Dominus
1324 5216 1484 5274 Deus.
1517 5216 1740 5284 quando
1784 5216 1960 5269 factus
1986 5226 2070 5270 est
2104 5218 2268 5270 homo
2297 5225 2353 5270 et

790 5306 1075 5375 paradisus
1116 5317 1277 5377 typus
1315 5306 1589 5360 Ecclesia.
1633 5307 1820 5375 Neque
1853 5322 1920 5359 ex
1967 5308 2355 5376 insipientibus

788 5398 986 5451 audeat
1006 5397 1205 5466 aliquis
1226 5397 1409 5451 dicere
1455 5396 1601 5464 quod
1627 5413 1693 5451 ex
1716 5396 1952 5465 quadam
1980 5398 2353 5465 simplicitate,

786 5498 885 5544 aut
916 5488 1320 5557 intempestive,
1356 5497 1451 5540 aut
1473 5502 1541 5540 es
1575 5488 1810 5556 quadam
1837 5488 2073 5540 stultitia
2110 5488 2249 5541 facta
2276 5495 2358 5541 est

792 5579 905 5632 haec
954 5577 1165 5631 additio
1218 5576 1271 5629 iu
1330 5576 1549 5630 nomine
1591 5577 1800 5631 divino.
1834 5577 1916 5631 An
1962 5578 2175 5647 ignorat
2212 5577 2359 5645 quod

886 5696 928 5723 ”
971 5696 1147 5749 Galat.
1195 5712 1272 5751 ιιι.
1313 5693 1400 5747 ‘28.

793 5765 832 5794 "
878 5765 1012 5818 l‘sal.
1055 5782 1199 5826 \\'llt,
1238 5766 1289 5819 9.

1494 5695 1539 5724 "’
1577 5695 1711 5749 Gen.
1758 5713 1813 5757 ιι,
1853 5696 1940 5749 ‘25.

1369 5765 1411 5794 "
1452 5764 1606 5817 Deut.
1640 5782 1709 5823 Iv.
1751 5767 1839 5821 ﬁl.

2050 5696 2095 5727 "
2136 5696 2321 5749 Matth.
2366 5710 2417 5759 v,
2466 5693 2545 5747 l8.

2452 4573 2703 4643 quaedam
2755 4571 2971 4640 natura)
3006 4570 3193 4625 divina
3227 4569 3522 4625 insrrlllatio
3566 4571 3620 4624 in
3655 4579 3800 4625 terra
3835 4582 4028 4625 natum

2450 4678 2653 4733 corpus
2701 4662 2929 4723 Adami,
2967 4661 3150 4716 statim
3182 4660 3467 4729 Scriptura
3513 4675 3621 4713 non
3652 4660 3889 4729 simplici
3926 4677 4028 4714 no-

2452 4758 2600 4813 mine
2643 4758 2962 4828 appellavit,
3020 4756 3117 4812 sed
3170 4756 3382 4826 (utpote
3414 4755 3561 4823 quod
3607 4755 3866 4810 Christus
3916 4773 4028 4811 non

2448 4849 2625 4904 solum
2679 4857 2825 4902 esset
2866 4845 3029 4915 Deus)
3082 4846 3253 4899 Deum
3297 4856 3353 4899 et
3379 4844 3673 4898 Dominum
3710 4860 3839 4898 eum
3880 4862 4030 4900 eom-

2452 4940 2631 5009 posite
2682 4936 3006 5000 nominavit,
3065 4935 3342 5005 quomodo
3396 4936 3452 4989 in
3510 4935 3745 4989 sinceris
3789 4951 3856 4989 ac
3919 4953 4028 4991 non

2452 5030 2779 5085 adulteratis
2799 5029 3151 5097 antiquisque
3176 5028 3584 5096 exemplaribus
3606 5027 4030 5096 diligentissime

2455 5121 2684 5177 scrutati
2740 5119 3051 5173 invenimus
3083 5136 3095 5170 :
3136 5118 3223 5177 iis.
3249 5118 3496 5187 inquam,
3527 5133 3650 5187 qua:
3691 5128 3882 5173 notata
3913 5118 4031 5173 fue—

2458 5223 2582 5266 rant
2608 5228 2636 5266 a
2656 5210 2959 5270 Clemente.
2986 5218 3041 5265 et
3065 5210 3293 5276 lrenao,
3326 5218 3382 5264 et
3406 5211 3637 5265 Philone
3671 5210 4029 5280 philosOpho,

2452 5314 2509 5358 et
2546 5304 2614 5357 ab
2651 5318 2720 5357 eo
2764 5303 2857 5371 qui
2894 5302 3132 5371 llcxapla
3168 5303 3499 5370 composuit.
3534 5300 3909 5367 Quamobrem
3937 5320 4031 5357 sex

2455 5394 2679 5463 quidem
2718 5393 2933 5446 dierum
2985 5401 3322 5455 creaturam,
3370 5393 3514 5446 Deus
3560 5407 3687 5447 cum
3716 5403 3865 5447 esset
3901 5395 4033 5448 sim-

2455 5485 2604 5554 plex,
2660 5483 2995 5546 fabricatur;
3049 5499 3243 5537 novam
3296 5492 3479 5537 autem
3529 5498 3651 5551 qua:
3693 5495 3889 5553 postea
3930 5484 4032 5539 fuit

2459 5585 2770 5629 creaturam
2804 5574 2889 5643 (ut
2925 5574 3019 5643 qui
3050 5575 3226 5629 factus
3254 5584 3339 5629 est
3365 5574 3726 5645 compositus)
3764 5575 4032 5630 Dominus

2646 5694 2691 5724 "
2730 5692 2870 5749 Psal.
2917 5708 3046 5759 svn,
3086 5693 3174 5747 51.
3281 5692 3328 5725 ’⁸
3367 5692 3433 5746 lll
3473 5691 3607 5761 Reg.
3654 5707 3761 5755 xix,
3811 5691 3897 5757 ll,
3948 5691 4029 5745 l2.
