4186 6442
188 411 248 470 95

191 410 291 471 957
1251 412 1325 469 IN
1370 410 1915 470 IIEXAEMERQN.
1945 438 2013 446 --
2051 413 2196 472 LIB.
2238 416 2371 474 Vll.

3335 414 3442 476 953

187 535 241 578 et
281 525 461 587 Deus;
516 525 620 578 hoc
664 537 767 586 est.
807 529 950 580 Deus
994 535 1050 579 et
1091 526 1255 577 homo
1304 526 1556 579 Christus
1583 524 1762 580 Jesus.
1797 529 1839 581 Α
1867 527 2000 580 dixit
2042 547 2053 580 :
2090 527 2206 580 Fiat
2240 530 2333 580 hoc
2373 540 2466 582 aut
2494 528 2649 590 illud,
2684 527 2779 582 sed
2811 543 2912 581 suo
2947 543 3046 597 per
3073 542 3132 581 se
3164 536 3221 581 et
3251 526 3441 579 divino

187 616 391 669 Audiat
424 625 576 669 tanto
611 619 792 670 animo
831 618 1083 687 mysteria
1112 617 1203 669 Dei
1230 617 1484 675 viventis.
1517 626 1571 668 et
1594 615 1762 668 admi-

187 723 333 760 rare.
383 707 616 772 Quando
646 709 792 761 enim
836 709 969 762 exiit
1003 708 1173 762 Adam
1218 723 1283 760 ex
1331 707 1610 776 paradiso,
1641 722 1766 774 pro-

188 799 338 852 tinus
384 799 669 868 Scriptura
725 817 832 854 non
878 801 1187 869 composito
1218 801 1437 852 nomine
1473 798 1769 867 appellavit

188 891 509 953 Dominum,
551 891 644 942 sed
691 891 948 958 simplici.
992 891 1161 943 Nobis
1203 891 1349 943 enim
1406 903 1638 943 narrans
1687 890 1770 941 di-

187 981 398 1035 vinitus
423 981 688 1050 inspirata
717 983 940 1035 historia
979 992 1194 1051 partum
1224 983 1368 1038 Eva’.
1417 982 1551 1035 dicit
1587 982 1768 1033 statim

186 1084 312 1140 post
365 1074 574 1125 exitum
619 1088 649 1125 e
695 1074 950 1141 paradiso
1013 1093 1022 1125 :
1075 1072 1324 1143 Cognovit
1377 1083 1550 1125 autem
1599 1074 1768 1126 Adam

186 1179 410 1214 uxorem
459 1181 633 1226 suam,
689 1175 735 1215 et
773 1182 891 1217 cum
934 1167 1266 1229 concepisset,
1304 1167 1500 1233 peperit
1545 1162 1674 1216 Cain
1721 1171 1770 1214 et

185 1254 323 1305 dixit
355 1271 372 1305 :
395 1253 611 1306 Possedi
628 1256 887 1306 hominem
927 1271 1017 1323 per
1057 1253 1223 1306 Deum
1253 1255 1318 1306 ’³.
1355 1253 1526 1318 Quam
1555 1254 1624 1306 ob
1656 1269 1768 1306 rem

186 1355 398 1408 autem,
427 1362 461 1399 ο
494 1346 700 1411 Judzee,
735 1347 921 1399 divina
953 1346 1239 1415 Scriptura
1283 1363 1404 1414 qua:
1441 1347 1493 1399 in
1530 1357 1768 1415 septem-

187 1435 370 1488 decim
431 1437 705 1504 capitibus
749 1448 1175 1505 eonscqucnter,
1213 1438 1265 1490 in
1301 1439 1555 1507 paradiso
1598 1439 1768 1492 Deum

187 1527 399 1595 duplici
453 1528 674 1582 nomine
731 1530 1132 1591 nominaverat,
1183 1538 1238 1582 et
1305 1546 1429 1584 eum
1480 1530 1767 1583 Dominum

186 1630 241 1672 et
292 1620 466 1672 Deum
519 1621 914 1688 appellaverat,
955 1620 1138 1674 statim
1174 1629 1297 1690 post
1346 1622 1587 1674 hominis
1612 1638 1642 1675 e
1678 1638 1770 1690 pa-

189 1707 382 1760 radiso
411 1724 718 1776 egressum,
749 1709 928 1776 ipsum
976 1710 1146 1761 Deutn
1179 1709 1497 1776 appellavit,
1536 1709 1628 1763 sed
1661 1726 1768 1762 non

191 1800 491 1851 Dominum
544 1806 598 1852 et
644 1800 857 1853 Deum?
909 1799 977 1854 Ut
1011 1810 1068 1853 tu
1104 1800 1287 1852 discas
1333 1800 1478 1868 quod
1513 1800 1770 1853 Ecclesia:

186 1899 272 1944 cst
330 1890 590 1959 proprius
639 1892 905 1944 Dominus
951 1901 1009 1945 et
1061 1892 1225 1952 Deus,
1258 1901 1312 1944 et
1356 1907 1462 1944 non
1516 1892 1771 1943 similiter

185 1998 386 2035 eorum
435 1984 529 2052 qui
577 1993 706 2036 sunt
749 1993 902 2037 extra
948 1983 1271 2037 Ecclesiam.
1321 1983 1455 2036 Nam
1488 1983 1770 2036 hominum

186 2074 420 2142 quidem
455 2074 547 2140 qni
580 2084 710 2127 sunt
740 2084 916 2136 extra,
950 2075 1095 2127 Deus
1116 2086 1230 2139 est;
1264 2090 1459 2142 nempe
1487 2075 1635 2135 θεός,
1671 2075 1773 2127 hoc

187 2174 273 2216 est
305 2164 536 2234 θεατής,
567 2164 619 2217 id
650 2173 734 2218 est
770 2173 1080 2232 spectator;
1133 2165 1389 2218 Ecclesia:
1419 2174 1598 2218 autem
1634 2166 1775 2219 Deus

187 2265 272 2307 est
310 2265 367 2308 et
411 2265 690 2323 spectator
718 2265 775 2309 et
801 2257 1085 2318 Dominus,
1114 2257 1163 2310 ei
1204 2257 1513 2321 dominans,
1545 2259 1774 2326 ejusque

190 2357 386 2394 curam
425 2358 641 2411 gerens,
689 2358 920 2412 eamque
962 2345 1290 2414 suscipiens,
1347 2355 1528 2408 tuens,
1573 2362 1637 2399 ac
1677 2346 1774 2399 de-

191 2432 453 2485 fendens.
505 2432 660 2497 Quod
698 2433 742 2486 si
784 2433 950 2488 etiam
1004 2444 1126 2502 post
1169 2435 1552 2502 expulsionem
1583 2449 1646 2486 ex
1681 2449 1778 2500 pa-

194 2526 385 2578 radiso
439 2527 765 2580 nominatur
810 2528 864 2580 in
909 2527 1094 2580 divina
1159 2526 1445 2594 Scriptura
1494 2524 1776 2586 Dominus,

194 2616 470 2670 Dominus
524 2617 687 2679 Deus,
751 2633 818 2671 ne
891 2617 1149 2681 mireris;
1217 2616 1323 2669 erit
1375 2616 1521 2669 enim
1566 2625 1781 2683 tempus

193 2708 429 2776 quando
484 2709 650 2762 etiam
695 2707 763 2762 iis
813 2710 907 2777 qui
958 2717 1088 2762 sunt
1138 2717 1290 2761 extra
1340 2707 1641 2761 Ecclesiam
1686 2705 1785 2758 do-

197 2798 512 2850 minabitur
567 2813 664 2867 per
712 2798 1091 2865 Evangelium,
1131 2803 1177 2849 et
1229 2797 1349 2859 erit,
1379 2805 1440 2849 ιιι
1483 2796 1597 2864 ipse
1620 2795 1780 2859 dixit,

197 2905 367 2940 ustum
409 2888 565 2952 ovile,
615 2905 749 2941 unus
801 2898 986 2957 pastor
1033 2888 1100 2941 ".
1154 2887 1340 2954 Neque
1391 2902 1419 2939 a
1459 2902 1578 2939 mea
1620 2902 1783 2954 quam

198 2979 357 3045 prius
393 2977 509 3031 dixi
566 2977 765 3031 recedo
805 2978 1100 3040 sententia,
1133 2977 1296 3030 simul
1343 2992 1373 3029 a
1404 2975 1594 3030 Iudaeo
1631 2982 1687 3028 et
1717 2975 1785 3028 ab

199 3068 397 3120 invido
434 3067 558 3120 fidei
595 3069 688 3137 qui
723 3067 990 3121 adversus
1036 3068 1180 3120 hanc
1228 3082 1406 3120 meam
1455 3066 1787 3120 contradicit

200 3158 630 3226 intelligentiam
663 3159 886 3227 exigens
936 3167 995 3211 ut
1029 3157 1082 3210 in
1137 3172 1294 3211 camo
1340 3166 1396 3210 et
1438 3157 1594 3210 freno
1624 3157 1785 3211 nobis
1810 3175 1856 3234 ο

201 3249 355 3302 dicat
387 3250 750 3318 quamobrem
798 3258 925 3302 ante
968 3247 1262 3302 adventum
1311 3247 1508 3301 divina:
1545 3248 1785 3302 insuflla-

203 3339 380 3393 tionis
414 3339 484 3392 ad
515 3339 804 3397 Adamum.
852 3340 996 3392 Deus
1045 3354 1153 3392 non
1196 3338 1303 3392 fuit
1338 3339 1654 3393 nominatus
1677 3338 1784 3391 Do-

201 3430 397 3486 minus
444 3438 503 3485 et
541 3431 708 3493 Deus,
743 3431 838 3485 sed
878 3432 1053 3485 solum
1101 3431 1264 3484 Deus.

273 3517 388 3572 Sed
413 3527 763 3587 revertamur
795 3520 860 3573 ad
889 3520 1230 3589 propositum
1263 3519 1398 3572 :Hic
1420 3529 1492 3571 est
1529 3518 1657 3571 liber
1693 3535 1781 3587 ge-

204 3612 507 3664 nerationis
533 3621 580 3663 et
603 3619 777 3675 terrae,
806 3611 1017 3679 quando
1039 3611 1135 3679 fuit
1159 3611 1269 3663 dies
1288 3612 1342 3663 in
1366 3626 1467 3680 quo
1491 3610 1610 3678 fecit
1647 3611 1784 3663 Deus

202 3701 398 3756 cclum
436 3712 485 3754 et
529 3713 746 3755 terram.
781 3703 1046 3770 Exspecta
1072 3717 1286 3770 parum,
1318 3710 1375 3755 et
1412 3702 1606 3755 audies
1631 3717 1784 3754 eum.

202 3795 333 3848 dem
368 3795 700 3863 scriptorem
743 3794 946 3848 Mosem
995 3793 1298 3857 dicentem,
1335 3793 1419 3846 vel
1469 3793 1654 3860 potius
1684 3808 1784 3860 per

203 3901 334 3939 eum
379 3885 723 3953 loquentem,
775 3895 1025 3938 sanctum
1081 3884 1345 3953 Spiritum
1379 3901 1392 3936 ε
1425 3883 1521 3937 Hic
1548 3892 1621 3936 est
1658 3884 1786 3937 liber

205 3978 570 4046 generationis
613 3978 856 4037 hominis,
889 3992 990 4045 quo
1029 3977 1112 4028 die
1157 3976 1273 4043 fecit
1309 3975 1445 4028 Deus
1483 3976 1674 4038 Adam,
1717 3975 1787 4028 ad

205 4070 500 4137 imaginem
527 4067 623 4120 Dei
650 4069 771 4136 fecit
793 4084 948 4131 eum;
976 4067 1271 4120 masculum
1303 4077 1352 4119 et
1395 4069 1643 4134 feminam
1669 4069 1786 4136 fecit

207 4175 315 4221 eos,
351 4169 403 4211 et
425 4159 686 4211 benedixit
712 4159 803 4210 eis.
835 4157 1092 4222 Quaznam
1121 4158 1190 4210 sit
1213 4157 1521 4212 diﬂ‘erentia
1553 4159 1785 4213 duarum

206 4248 671 4317 appellationum,
714 4264 910 4316 nempe
945 4249 1073 4302 libri
1120 4250 1242 4303 caeli
1270 4259 1324 4303 et
1356 4259 1537 4311 terrae,
1563 4260 1618 4304 et
1660 4251 1784 4304 libri

209 4338 482 4400 hominis,
521 4339 750 4392 alterius
785 4338 855 4392 ab
887 4340 1086 4403 altera,
1120 4339 1368 4394 dicemus
1396 4339 1689 4395 discrimen
1733 4342 1787 4395 in

211 4429 284 4484 iis
326 4443 455 4498 quae
490 4439 910 4497 consequuntur
955 4445 1190 4499 :nempe
1232 4431 1378 4500 quod
1431 4431 1657 4485 omnino
1694 4449 1789 4486 ne-

1869 633 2035 686 Opcre
2092 619 2373 688 operando
2413 621 2711 676 secundam
2758 619 2890 672 fecit
2929 618 3264 672 creationem
3313 632 3444 686 pro-

1870 713 1987 780 prie
2023 720 2077 763 et
2122 727 2250 765 vere
2299 720 2354 764 et
2402 710 2540 764 citra
2582 713 2744 764 ullam
2798 709 3223 770 dubitationem,
3255 708 3441 766 divina

1870 803 2199 873 praedicente
2244 803 2529 872 Scriptura
2574 803 2666 856 Dei
2691 803 2852 858 Verbi
2887 803 3186 856 adventum
3212 811 3268 854 et
3301 816 3440 868 pra:-

1871 894 2101 946 scntiam
2139 909 2258 959 qua:
2291 894 2393 946 fuit
2435 910 2463 946 a
2503 894 2644 946 cmlo
2689 894 2740 951 in
2789 904 3016 955 terram,
3054 901 3110 946 et
3135 893 3188 945 in
3226 907 3289 944 ea
3321 907 3441 958 qua:

1870 993 1951 1037 est
1992 985 2044 1037 in
2073 984 2314 1036 secundo
2343 986 2536 1038 ordine
2573 994 2882 1039 creaturam
2914 984 3066 1038 brevi
3109 981 3440 1049 repetitione

1872 1089 1971 1126 nos
2009 1073 2241 1126 docente
2299 1073 2445 1141 quod
2493 1074 2771 1128 videbitur
2825 1075 2968 1127 Dens
3012 1074 3245 1128 deorum
3296 1069 3440 1140 apud

1872 1180 1972 1216 nos
2019 1179 2188 1232 super
2233 1173 2456 1223 terram,
2501 1173 2558 1217 et
2597 1181 2691 1233 per
2737 1180 2816 1226 se,
2865 1179 2964 1216 suo
3015 1179 3182 1232 Opere
3229 1171 3287 1216 et
3328 1161 3444 1215 suis

1873 1254 2129 1306 manibns
2182 1253 2543 1307 fabricabitnr
2601 1265 2796 1307 novatn
2847 1263 3181 1317 creaturam,
3235 1266 3439 1305 nOvum

1873 1346 2071 1401 C(Ellllll
2116 1355 2170 1399 Cl
2209 1361 2404 1399 ιιογειιιι
2461 1354 2692 1408 terram,
2742 1357 2798 1400 ει
2850 1361 3054 1399 1101⁷11111
3098 1361 3165 1398 ex
3219 1360 3328 1397 non
3357 1359 3442 1395 SC-

1873 1441 2080 1491 tninata
2117 1447 2263 1491 terra
2294 1455 2402 1491 non
2433 1439 2764 1491 seminatum
2790 1438 3094 1491 hominem.
3117 1437 3289 1502 Quem
3323 1436 3444 1503 qui—

1873 1529 1998 1583 dem
2041 1529 2198 1583 nobis
2249 1529 2403 1598 prius
2445 1529 2764 1597 significans
2807 1530 2991 1582 divina
3037 1529 3341 1596 Scriptura,
3389 1535 3444 1578 et

1874 1622 2119 1690 duplicat
2143 1631 2408 1675 creatura:
2421 1621 2730 1674 ethominis
2758 1622 3224 1674 constructionem
3249 1629 3304 1672 et
3325 1633 3446 1670 nar-

1877 1715 2164 1774 rationem,
2205 1713 2335 1764 hinc
2369 1727 2579 1780 ponens
2605 1713 2959 1781 principium,
2989 1721 3046 1764 et
3084 1711 3443 1764 fundamenta

1868 1805 2081 1872 jacicns
2113 1803 2316 1857 Christi
2355 1787 2634 1863 Ecclesiae,
2661 1812 2716 1856 et
2751 1802 2942 1856 dicens
2966 1799 3286 1869 prophetico
3316 1798 3448 1850 :llic

1873 1906 1948 1949 est
1989 1895 2118 1948 liber
2142 1897 2495 1965 generationis
2534 1894 2648 1947 caeli
2681 1905 2727 1946 et
2762 1903 2937 1949 terraz.
2967 1891 3178 1958 quando
3214 1890 3312 1957 fuit
3339 1888 3446 1939 dies

1874 2006 1979 2057 qua
2011 1988 2130 2055 fecit
2153 1987 2335 2040 ca'lum
2371 1995 2419 2039 et
2453 1996 2674 2046 terram,
2701 1993 2748 2037 et
2773 2000 2924 2036 omne
2944 1983 3106 2035 viride
3133 1983 3248 2050 agri
3277 1981 3449 2048 prius-

1875 2096 2034 2148 quam
2088 2081 2277 2131 oritur.
2317 2077 2430 2129 Non
2472 2079 2612 2128 enim
2647 2077 2781 2144 ptuit
2832 2074 3080 2125 Dominus
3120 2071 3261 2124 Deus
3292 2087 3450 2138 super

1879 2177 2098 2231 terram,
2129 2178 2176 2221 et
2209 2186 2310 2220 non
2349 2176 2463 2220 erat
2490 2170 2701 2236 operari
2741 2174 2981 2226 terram;
3012 2163 3126 2231 fons
3159 2169 3333 2214 autem
3365 2177 3452 2212 as-

1877 2263 2124 2314 cendebat
2160 2278 2185 2313 e
2215 2269 2380 2312 ttrra.
2421 2257 2487 2312 Et
2520 2259 2671 2326 ﬁnxit
2701 2257 2838 2309 Deus
2864 2256 3147 2314 hominem,
3190 2252 3448 2318 accipiens

1877 2353 2091 2403 humum
2118 2368 2145 2403 e
2183 2361 2349 2409 terra,
2375 2359 2422 2402 et
2462 2349 2740 2417 insuﬂlavit
2769 2347 2823 2399 in
2858 2347 3044 2414 faciem
3073 2344 3184 2412 ejus
3209 2342 3453 2409 spiritum

1880 2443 2017 2504 vitw,
2059 2451 2107 2493 et
2137 2443 2306 2508 [actus
2341 2450 2415 2494 est
2441 2440 2592 2491 homo
2616 2439 2670 2490 in
2701 2440 2938 2490 animam
2964 2437 3238 2488 viventem.
3263 2432 3452 2501 Magna

1879 2543 1963 2588 est
2014 2533 2066 2586 in
2122 2532 2310 2585 verbis
2360 2529 2655 2600 propositis
2702 2525 3031 2587 obscuritas,
3075 2533 3131 2577 et
3179 2533 3325 2576 totus
3363 2522 3455 2576 hic

1880 2627 2033 2680 locus
2070 2632 2155 2678 est
2182 2624 2337 2676 valde
2363 2624 2650 2682 obscurus,
2681 2635 2788 2673 non
2829 2619 3008 2670 solum
3050 2616 3196 2685 quod
3229 2614 3296 2668 ad
3336 2613 3453 2681 spi-

1883 2717 2136 2769 ritualcm
2188 2715 2386 2767 attinet
2425 2716 2547 2780 ejus
2589 2725 2909 2778 anagogen,
2957 2708 3051 2762 sed
3088 2707 3255 2760 etiam
3305 2703 3451 2773 quod

1883 2806 1950 2861 ad
1996 2805 2336 2873 corporalem
2380 2804 2500 2872 ejus
2549 2802 2835 2855 historiam
2877 2807 2980 2861 est,
3037 2796 3259 2866 cognitu
3311 2793 3455 2847 (11111-

1885 2897 2027 2951 cilis.
2071 2895 2292 2965 Ergo.si
2337 2895 2577 2956 videtur,
2606 2908 2733 2946 eum
2775 2891 3011 2960 primum
3055 2888 3356 2957 dirigamus
3390 2884 3459 2938 ad

1886 2989 2149 3057 majorem
2177 2987 2230 3040 in
2258 2985 2441 3040 littera
2476 2983 2804 3043 claritatem,
2835 2990 2891 3034 et
2922 2977 3123 3032 deinde
3146 2985 3460 3032 scrutemur

1890 3081 2175 3135 occultum
2213 3088 2276 3132 et
2308 3075 2648 3146 spiritualem
2690 3074 2810 3140 ejus
2860 3084 3102 3124 sensum.

1959 3173 2073 3225 lloc
2102 3180 2185 3224 est
2213 3186 2343 3238 ergo
2365 3167 2513 3236 quod
2543 3180 2645 3219 nos
2679 3164 2769 3217 hic
2791 3163 2952 3217 docet
2989 3159 3256 3231 propheta
3287 3157 3465 3212 Moses

1891 3272 2258 3331 congruenter
2302 3262 2500 3313 littera:
2537 3275 2550 3309 :
2585 3257 2678 3311 llic
2734 3263 2809 3307 est
2854 3253 2981 3306 liber
3020 3250 3369 3321 generationis
3414 3256 3464 3300 et

1891 3363 2064 3414 terrae,
2119 3351 2329 3416 quando
2385 3350 2482 3417 fuit
2524 3347 2632 3399 dies
2683 3361 2786 3413 quo
2828 3345 2945 3412 fecit
2988 3341 3127 3393 Deus
3180 3338 3365 3392 calum
3414 3344 3464 3390 et

1890 3455 2118 3507 terram;
2149 3444 2254 3496 hoc
2283 3453 2385 3502 est,
2416 3439 2595 3508 primo
2621 3437 2733 3499 die,
2759 3437 3071 3504 priusquam
3110 3440 3294 3484 uatum
3329 3436 3464 3482 esset

1890 3536 2102 3606 quodvis
2131 3534 2292 3587 viride
2318 3545 2475 3599 super
2504 3537 2726 3590 terram,
2751 3535 2799 3580 et
2831 3527 3137 3594 priusquam
3168 3529 3294 3575 nata
3332 3528 3465 3573 esset

1890 3629 2083 3696 quavis
2123 3625 2281 3677 herba
2325 3622 2462 3691 agri.
2492 3619 2739 3673 Nondum
2784 3618 2923 3669 enim
2967 3615 3178 3684 pluerat
3209 3612 3464 3665 Dominus

1890 3719 2028 3772 Deus
2070 3732 2227 3785 super
2257 3725 2477 3775 terram,
2529 3711 2780 3779 quoniam
2814 3710 2965 3762 homo
3008 3707 3239 3758 nondum
3295 3703 3464 3772 {actus

1889 3820 2026 3870 erat.
2074 3826 2164 3862 nec
2201 3807 2525 3876 operabatur
2553 3819 2710 3873 super
2737 3813 2972 3864 terram;
3011 3800 3124 3868 fons
3167 3807 3341 3851 autem
3377 3814 3465 3849 as-

1891 3903 2141 3956 cendebat
2166 3917 2323 3969 super
2347 3907 2567 3951 terram.
2608 3895 2710 3960 Qui
2741 3894 3000 3953 litteram,
3034 3903 3264 3957 eamque
3291 3887 3464 3942 solam

1894 3996 1984 4048 hic
2029 4000 2361 4062 sequuntur,
2403 3989 2496 4041 hic
2516 3987 2704 4040 falsam
2743 3977 3463 4038 adduenntdivinamScri-

1892 4095 2134 4153 ptnram.
2173 4082 2362 4148 Neque
2406 4077 2552 4130 enim
2581 4075 2806 4128 omnino
2852 4070 3163 4126 invenimus
3201 4067 3253 4120 in
3287 4067 3467 4135 primo

1893 4175 1982 4228 die
2025 4181 2150 4226 ante
2185 4172 2332 4223 olera
2373 4175 2429 4220 et
2477 4165 2678 4219 herbas
2724 4163 2777 4216 in
2831 4177 2924 4215 sex
2965 4157 3162 4212 diebus
3188 4154 3462 4209 nominari

1895 4263 2124 4324 fontem,
2160 4275 2335 4327 neque
2365 4256 2766 4326 irrigationem,
2798 4252 2892 4307 sed
2928 4264 3110 4318 neque
3138 4262 3335 4316 aquam
3360 4244 3466 4298 sub

1895 4363 2074 4415 terra;
2119 4349 2215 4404 sed
2253 4363 2470 4402 omnem
2505 4359 2770 4414 aquarum
2825 4349 3082 4395 naturam
3129 4352 3249 4392 esse
3299 4350 3464 4403 supra

1897 4451 2119 4496 terram.
2162 4438 2263 4494 Ubi
2301 4445 2483 4490 autem
2518 4441 2638 4488 erat
2681 4446 2843 4499 aqua,
2895 4445 3004 4483 non
3036 4435 3157 4482 erat
3196 4424 3463 4494 irrigatio,

210 4533 375 4574 eesse
415 4528 500 4573 est
537 4535 639 4573 nos
691 4522 875 4573 omnia
929 4537 1051 4590 qua:
1116 4530 1245 4575 sunt
1280 4522 1334 4576 in
1379 4521 1484 4577 hoc
1525 4523 1665 4576 libro
1705 4524 1782 4577 in-

1897 4548 1998 4587 nec
2034 4532 2281 4584 hanstus.
2334 4528 2410 4581 Ex
2445 4539 2684 4593 quanam
2717 4533 2902 4576 autem
2943 4528 3090 4572 terra
3134 4515 3467 4571 ascendebat

210 4609 470 4678 telligere
516 4609 584 4662 de
633 4608 718 4662 his
766 4609 1026 4673 duobus,
1063 4625 1260 4679 nempe
1315 4612 1514 4666 coelum
1567 4612 1788 4680 quidem

208 4715 336 4756 esse
364 4709 555 4770 typum
579 4699 806 4764 Christi,
839 4709 1039 4755 terram
1073 4711 1254 4755 autem
1282 4710 1467 4773 typum
1497 4705 1786 4769 Ecclesite;

210 4796 270 4841 et
305 4789 396 4842 sic
429 4787 693 4858 deinceps
745 4790 1059 4844 universam
1108 4806 1200 4845 sex
1242 4792 1456 4846 dierum
1482 4804 1789 4850 creaturam

211 4878 284 4933 ad
317 4893 420 4932 eos
455 4878 682 4942 referre,
726 4896 926 4948 nempe
959 4897 1146 4950 aquas,
1182 4883 1458 4954 abyssum,
1490 4893 1546 4938 et
1588 4885 1788 4950 lucem,

213 4976 272 5020 et
306 4966 566 5030 herbam,
604 4978 661 5022 et
703 4970 954 5034 arbores,
992 4980 1048 5025 et
1081 4972 1511 5037 firmamentum,
1545 4984 1598 5029 et
1635 4977 1798 5030 lumi-

216 5058 404 5118 naria,
438 5066 497 5111 et
537 5059 812 5125 animalia,
849 5072 905 5115 et
933 5063 1205 5129 volucres,
1248 5074 1302 5118 et
1337 5065 1706 5136 irrigationes,
1742 5076 1798 5120 et

215 5158 428 5202 cetera
457 5148 678 5211 omnia;
715 5159 771 5203 et
795 5150 874 5204 sic
902 5151 1163 5219 impletur
1182 5154 1466 5223 eloquium
1490 5157 1635 5225 quod
1663 5157 1797 5211 dicit

215 5237 413 5291 omnia
468 5253 567 5307 per
592 5238 870 5294 Christum
904 5251 960 5294 et
994 5242 1047 5295 in
1072 5242 1293 5297 Christo
1323 5259 1443 5298 esse
1475 5247 1694 5301 condita
1726 5249 1791 5300 ".

218 5328 322 5384 Est
363 5339 550 5383 autem
593 5338 799 5385 attente
844 5332 1392 5388 animadvertendum
1425 5335 1595 5404 quod,
1629 5353 1659 5391 a
1689 5354 1798 5407 quo

218 5419 314 5474 die
350 5419 422 5473 ad
461 5421 752 5490 imaginem
797 5423 972 5478 factus
1010 5435 1094 5479 est
1143 5427 1308 5480 homo
1350 5427 1569 5497 (nempe
1609 5440 1798 5498 proto-

221 5521 394 5582 typus
422 5509 624 5566 Christi
669 5521 829 5582 typus
868 5513 1086 5584 Adam),
1131 5531 1241 5570 non
1271 5525 1356 5574 est
1381 5518 1617 5587 amplius
1655 5521 1800 5576 Deus

221 5599 441 5670 aliquid
492 5600 790 5658 fabricatus
836 5619 935 5673 per
969 5606 1227 5675 iussum:
1270 5623 1448 5677 neque
1482 5609 1549 5663 de
1595 5621 1795 5665 caetero

301 5778 350 5808 ’³
389 5777 523 5832 Gen.
569 5794 642 5844 iv,
690 5780 735 5833 1.

812 5780 857 5810 ⁸⁸
895 5781 1049 5837 Joan.
1090 5799 1142 5848 ι,
1191 5783 1270 5837 16.
1320 5784 1396 5818 ""
1434 5785 1644 5840 Coloss.
1687 5802 1723 5852 ι,
1779 5787 1862 5841 16.

1893 4631 1950 4676 et
1982 4620 2241 4689 irrigabat
2274 4616 2627 4686 superiorem
2655 4611 2907 4667 terram?
2938 4610 3084 4662 Duas
3116 4608 3262 4662 enim
3291 4616 3468 4660 terras

1895 4711 2185 4782 signiﬁcat,
2227 4709 2418 4762 dicens
2447 4706 2593 4775 quod
2634 4703 2755 4757 fons
2796 4699 3130 4754 ascendebat
3160 4697 3369 4751 inferne
3399 4711 3466 4750 ex

1895 4813 2062 4866 terra,
2108 4812 2164 4856 et
2204 4801 2469 4870 irrigabat
2513 4798 2825 4850 universam
2871 4792 3065 4846 faciem
3114 4798 3294 4843 term.
3328 4787 3467 4843 Cum

1892 4900 2076 4945 autem
2119 4889 2364 4943 nondum
2394 4894 2580 4942 essent
2623 4884 2859 4944 fructus,
2898 4894 3077 4949 neque
3116 4878 3334 4947 plantas,
3365 4892 3466 4930 ne-

1892 4999 1997 5052 que
2047 4981 2328 5042 animalia,
2394 4991 2571 5046 neque
2617 4975 2893 5034 volucres,
2958 4986 3136 5039 neque
3191 4968 3465 5038 agricolae,

1891 5089 2070 5141 neque
2119 5073 2344 5126 omnino
2391 5068 2682 5131 homines;
2719 5065 2979 5134 quidnam
3036 5061 3300 5129 irrigabat
3346 5059 3469 5112 fons

1892 5164 1984 5218 ille
2021 5162 2236 5217 inferne
2280 5177 2346 5214 ex
2393 5156 2776 5213 subterraneis
2827 5154 2966 5209 locis
3018 5149 3369 5205 ascendens?
3411 5147 3466 5202 Si

1893 5254 2041 5308 enim
2078 5251 2342 5319 irrigabat
2375 5259 2543 5303 totam
2580 5248 2774 5302 faciem
2822 5253 3004 5306 terrae,
3035 5241 3158 5312 quis
3184 5248 3302 5293 erat
3338 5253 3469 5291 usus

1896 5345 2051 5399 illius
2097 5342 2245 5397 fluvii
2284 5341 2378 5409 qui
2413 5339 2808 5410 egrediebatur
2841 5351 2908 5389 ex
2937 5333 3108 5388 Edem
3140 5331 3202 5384 ad
3236 5328 3473 5393 irr-‘yan-

1896 5433 2026 5487 dum
2059 5432 2399 5502 paradisum.
2441 5428 2713 5498 siquidem
2756 5427 2814 5480 in
2861 5435 3008 5479 terra
3058 5431 3142 5477 est
3170 5421 3336 5474 etiam
3369 5433 3469 5488 pa-

1896 5522 2158 5576 radisus?
2214 5521 2356 5576 Audi
2400 5519 2548 5575 enim
2598 5516 2900 5586 Scriptura:
2963 5509 3465 5581 consequentiam:

1896 5614 1960 5670 1η
2013 5613 2270 5684 principio
2316 5628 2431 5666 cum
2474 5611 2676 5681 fecisset
2722 5607 2859 5662 Deus
2913 5603 3096 5658 caelum
3150 5608 3199 5657 et
3246 5609 3467 5665 terram,
