4186 6442
721 367 827 427 959

1908 366 1969 421 S.
2020 355 2412 418 ANAS'I‘ASII
2471 361 2793 421 SlNAleS

3882 376 3984 437 960

724 486 868 532 terra
903 490 1015 531 erat
1043 478 1317 532 invisibilis
1345 489 1393 532 et
1419 478 1788 546 incomposita,
1818 486 1865 529 et
1891 476 2113 528 tenebris
2141 475 2293 523 erant
2324 472 2372 529 Α
2402 469 2471 523 ad
2502 486 2642 540 opus
2687 473 3049 541 processisset
3080 474 3347 544 ejusmodi
3387 476 3515 530 boni
3548 477 3801 548 agricola:
3836 482 3984 548 agri-

720 587 881 639 super
912 571 1177 638 abyssum.
1216 570 1271 623 Si
1300 580 1480 624 autem
1511 570 1753 623 tenebrie
1775 576 1935 622 erant
1962 580 2126 634 super
2148 576 2300 617 crea-

725 673 926 724 turam,
980 677 1079 715 cur
1123 662 1384 731 irrigabat
1428 663 1481 715 in
1531 662 1817 716 tenebris?
1851 660 1918 713 l‘lt
1975 658 2021 712 si
2071 658 2299 726 spiritus

725 754 819 808 Dei
868 754 1150 807 ferebatur
1195 770 1359 822 super
1411 770 1646 823 aquam.
1697 755 1799 807 hoc
1841 760 1946 811 est,
2002 752 2299 803 vehemens

724 852 925 897 ventus
951 861 1071 896 eam
1100 844 1341 913 agitabat
1367 853 1423 897 et
1444 844 1827 898 commovebat
1853 842 2114 895 lluetibus
2144 840 2296 903 (ferri

724 936 872 987 enim
913 946 995 989 est
1022 936 1380 990 vehementer
1409 935 1974 1005 moveri),quomodo,
2003 948 2209 1001 quaeso,
2242 931 2295 985 in

724 1027 957 1095 caligine
989 1035 1044 1079 et
1085 1028 1330 1080 tenebris
1376 1038 1432 1082 et
1459 1037 1785 1095 tempestate
1815 1035 2007 1095 operta
2040 1026 2297 1080 ﬂuctibus

725 1117 939 1170 im‘erne
983 1118 1179 1171 obruta
1222 1120 1476 1172 universa
1515 1130 1682 1182 terra,
1716 1120 1785 1173 ab
1822 1120 2009 1186 aliquo
2036 1118 2184 1171 fonte
2212 1132 2296 1168 as-

722 1209 993 1262 cvmh-nte
1021 1227 1051 1263 c
1084 1219 1229 1264 terra
1255 1211 1623 1280 irrigabatur?
1652 1212 1910 1279 Nunquid
1942 1228 2076 1278 ergo
2098 1212 2296 1264 littera:

722 1298 1009 1352 historiam
1035 1319 1141 1354 non
1168 1304 1396 1355 (nitiiino
1416 1304 1813 1357 eoiieludentcs
1848 1305 1901 1355 in
1927 1303 2112 1355 divina
2149 1302 2297 1354 Scri-

720 1400 905 1457 ptura,
956 1409 1247 1461 possumus
1290 1396 1459 1448 etiam
1506 1412 1605 1465 per
1650 1410 1930 1463 anagngen
1986 1395 2293 1463 intelligere

724 1487 870 1537 hunc
904 1484 1109 1538 fontem
1158 1487 1254 1554 qui
1307 1487 1520 1541 inferne
1563 1489 1813 1542 ascendit
1842 1505 1871 1540 a
1901 1498 2070 1551 terra,
2114 1498 2169 1540 et
2199 1488 2292 1555 qui

720 1572 776 1625 in
821 1573 1052 1641 caligine
1084 1591 1147 1629 ac
1174 1577 1421 1630 tenebris
1459 1588 1513 1631 et
1552 1588 1873 1646 tempestate
1902 1579 2094 1645 irrigat
2125 1588 2291 1630 totam

719 1665 915 1718 faciem
959 1675 1153 1726 terrae,
1179 1668 1497 1733 humanam,
1544 1670 1792 1739 inquam,
1824 1686 2020 1738 aquam
2055 1685 2175 1737 qua:
2208 1676 2294 1722 est

717 1757 993 1810 contraria
1030 1759 1226 1825 pluvize
1259 1776 1380 1827 qua:
1413 1760 1652 1828 desuper
1678 1761 1965 1813 descendit
1990 1761 2043 1813 in
2079 1759 2292 1812 vellus?

2407 562 2643 624 cultura,
2671 573 2726 616 et
2755 563 2983 618 redditze
3011 575 3196 620 essent
3228 565 3499 634 frugiferm
3536 584 3656 636 qua:
3681 570 3749 622 ab
3779 570 3877 622 illo
3907 572 3985 624 ir-

2406 652 2593 719 rigata:
2614 664 2776 707 erant
2805 656 3002 723 plantie
3022 695 3036 719 ,
3070 658 3250 709 statim
3280 658 3446 711 infert
3477 659 3760 727 Scriptura
3791 662 3986 715 dicens

2405 755 2811 812 consequenter
2838 763 2850 797 :
2882 745 2948 799 Et
2975 748 3103 799 oriri
3139 746 3258 814 fecit
3301 748 3553 801 Dominus
3595 750 3735 803 Deus
3764 755 3938 804 adhuc
3960 770 3987 805 e

2406 844 2549 887 terra
2582 852 2734 887 omne
2759 836 2958 904 lignum
2993 838 3267 904 pulchrum
3299 841 3367 892 ad
3393 842 3688 904 ridendum,
3716 854 3763 895 et
3792 846 3986 897 bonum

2405 925 2475 976 ad
2501 927 2895 990 comedendum,
2938 937 2985 980 et
3034 929 3234 995 lignum
3274 933 3391 983 ritu:
3433 933 3485 984 in
3522 935 3690 984 medio
3722 938 3984 1002 paradisi,

2404 1029 2452 1071 et
2478 1019 2677 1086 lignum
2698 1020 2894 1071 sciendi
2918 1021 2970 1072 id
2991 1022 3128 1089 quod
3154 1028 3392 1090 cognosci
3421 1034 3587 1093 potest
3611 1028 3729 1080 boni
3753 1039 3801 1080 et
3832 1030 3983 1082 mali.

2402 1110 2541 1176 Quid
2570 1126 2701 1179 ergo
2743 1112 2810 1164 de
2839 1112 3056 1166 Christo
3082 1122 3137 1166 et
3168 1114 3435 1181 Ecclesia,
3480 1117 3674 1179 Adam,
3706 1133 3761 1173 et
3792 1137 3988 1175 onines

2401 1219 2522 1270 qua:
2555 1204 2707 1271 prius
2750 1183 2909 1256 dicte
2953 1215 3082 1258 sunt
3131 1208 3363 1274 plantas,
3396 1218 3453 1262 et
3484 1210 3733 1274 arbores,
3770 1223 3827 1264 σιι
3872 1214 3987 1263 frn-

2401 1300 2543 1353 ctus,
2569 1301 2624 1345 et
2651 1294 2968 1360 paradisum
3010 1306 3158 1349 recte
3192 1298 3581 1352 intellexerunt
3619 1311 3675 1353 et
3709 1303 3985 1371 interpre-

2404 1381 2499 1434 tati
2526 1392 2653 1435 sunt
2683 1386 3063 1451 expositores?
3089 1388 3348 1442 dixerunt
3374 1392 3487 1444 haec
3510 1394 3833 1460 prophetico
3861 1413 3984 1449 esse

2402 1477 2606 1544 scripta
2639 1492 2667 1530 a
2707 1476 2852 1530 Mosc
2894 1478 2963 1531 de
3013 1481 3171 1535 nobis
3219 1491 3273 1535 et
3314 1481 3554 1536 Christo.
3592 1485 3723 1538 Dico
3772 1496 3981 1550 autem,

2400 1584 2521 1637 quze
2555 1570 2621 1622 de
2648 1570 2902 1637 paradiso
2944 1571 3092 1625 dicta
3136 1582 3287 1637 sunt,
3319 1584 3374 1628 et
3408 1577 3642 1643 plantas.
3681 1588 3736 1631 ct
3765 1579 3983 1632 aninza-

2400 1660 2492 1722 lia,
2524 1663 2798 1723 volucres,
2831 1663 3054 1726 bestias,
3091 1674 3149 1716 et
3192 1682 3312 1733 qme
3344 1666 3608 1736 deinceps
3645 1684 3981 1739 sequuntur.

2400 1750 2494 1804 Sin
2524 1760 2707 1804 autem
2741 1753 3083 1807 contendunt
3110 1756 3255 1823 quod
3293 1758 3375 1810 hic
3410 1760 3641 1813 arbores
3668 1771 3724 1814 et
3758 1763 3980 1830 planlze,

715 1848 1254 1914 Qnainohrem,eum
1297 1851 1370 1904 sit
1399 1852 1604 1904 sterilis
1644 1858 1699 1904 et
1730 1850 1987 1905 infertilis
2033 1868 2173 1920 aqua
2205 1852 2291 1905 illa

2396 1849 2451 1893 et
2474 1842 2687 1894 fructus
2715 1857 2743 1894 e
2772 1851 2915 1895 terra
2939 1844 3189 1911 producti
3215 1854 3342 1898 sunt
3365 1847 3453 1901 die
3479 1850 3663 1912 tertio,
3688 1826 3981 1907 etsemina

717 1938 1102 2005 subterranea,
1154 1950 1211 1995 et
1238 1943 1376 1995 mala
1417 1952 1471 1997 et
1501 1942 1846 1995 tenebricoso
1875 1943 2143 2009 irrigatio,
2182 1957 2292 1994 non

717 2037 933 2095 poterat
981 2040 1125 2084 terra
1175 2034 1456 2100 particeps
1508 2035 1741 2086 rationis
1788 2036 2093 2102 producere
2129 2049 2292 2086 omne

714 2136 891 2184 genus
910 2121 1107 2181 viride,
1146 2139 1342 2191 nempe
1364 2134 1460 2176 attt
1492 2125 1730 2177 fructum
1755 2134 1847 2177 aut
1876 2125 2121 2178 herbam.
2150 2124 2295 2179 Deus

713 2210 860 2263 enim
911 2212 1271 2266 voluntariam
1324 2214 1560 2283 pluvium
1599 2217 1647 2246 "‘
1674 2216 1913 2283 desuper
1941 2232 2047 2268 non
2080 2218 2294 2283 pluerat

713 2319 779 2355 ex
830 2306 1058 2371 perenni
1096 2307 1246 2360 fonte
1282 2308 1446 2371 vitae;
1491 2324 1601 2361 non
1638 2320 1759 2361 erat
1800 2325 1890 2361 ros
1933 2326 1998 2363 ex
2029 2309 2289 2372 llermon,

712 2395 1073 2465 tibristnsqui
1097 2413 1163 2450 ex
1190 2399 1346 2452 l’atrc
1372 2399 1695 2463 descendit,
1730 2417 1907 2469 neque
1929 2401 2020 2468 qui
2057 2402 2292 2454 seminat

714 2486 781 2538 ad
819 2488 1208 2541 seminandum
1255 2490 1647 2557 Evangelium,
1688 2502 1745 2545 et
1788 2493 1954 2543 homo
2006 2509 2114 2545 non
2169 2500 2291 2545 erat

713 2578 1048 2642 apostolicus
1074 2579 1139 2631 ad
1168 2582 1505 2647 operandam
1529 2592 1725 2635 terram
1755 2599 1876 2650 qua:
1903 2592 1987 2635 est
2010 2582 2062 2635 in
2085 2584 2288 2636 anima.

783 2668 1031 2733 lntcllige
1062 2680 1347 2737 przetcrca,
1370 2690 1575 2739 quaeso.
1602 2674 1718 2725 Non
1752 2674 1888 2725 dixit
1911 2674 2098 2726 divina
2138 2672 2289 2726 Scri-

713 2767 872 2824 ptura
914 2762 1060 2828 quod
1093 2778 1199 2813 non
1225 2772 1344 2815 erat
1377 2764 1540 2816 homo
1576 2783 1587 2816 :
1619 2763 1672 2818 in
1715 2765 1808 2817 illo
1832 2766 1978 2817 enim
2003 2765 2093 2818 die
2126 2766 2292 2818 homo

714 2850 892 2900 factus
930 2850 1129 2904 fuerat.
1185 2852 1289 2905 Sed
1340 2869 1450 2905 non
1497 2864 1616 2907 erat
1672 2856 1943 2923 ejusmodi
1996 2856 2162 2909 homo
2196 2856 2288 2924 qui

716 2949 896 3005 posset
944 2942 1161 3008 operari
1196 2953 1251 2995 et
1289 2944 1472 2997 colere
1515 2953 1720 2998 terram
1776 2947 1992 2999 animaa.
2036 2947 2289 3001 Nondum

711 3030 860 3082 enim
902 3032 1112 3084 exierat
1154 3034 1317 3085 homo
1351 3036 1444 3102 qui
1477 3051 1507 3088 e
1542 3035 1683 3088 eielo
1721 3036 2028 3101 descendit,
2064 3038 2129 3089 ad
2162 3053 2292 3105 ope-

2394 1946 2516 1998 qua:
2558 1932 2942 2001 germinarunt
2988 1952 3000 1985 :
3038 1936 3350 1988 necessario
3395 1937 3581 1992 dicent
3625 1942 3772 2007 quod
3829 1958 3982 1996 com-

2396 2022 2579 2073 munis
2624 2023 2781 2075 cibus
2826 2023 3089 2085 hominis,
3127 2036 3175 2077 et
3223 2026 3537 2090 hrutorum,
3570 2041 3626 2083 et
3659 2033 3979 2096 volucrum,

2393 2121 2451 2164 et
2498 2113 2810 2179 reptilium,
2860 2124 2977 2167 erat
3026 2114 3239 2169 fructus
3289 2118 3421 2186 ligni
3460 2121 3615 2182 vine,
3655 2133 3710 2175 et
3759 2124 3981 2179 fructus

2394 2202 2523 2271 ligni
2557 2206 2921 2271 cognoscendi
2955 2207 3158 2259 bonum
3185 2220 3241 2261 et
3281 2213 3506 2264 malum.
3537 2214 3629 2266 Sic
3656 2216 3808 2267 enim
3838 2216 3982 2269 dixit

2394 2295 2538 2348 Dens
2581 2306 2734 2349 sexto
2774 2297 2861 2351 die
2901 2300 3108 2353 homini
3143 2319 3156 2354 :
3188 2301 3318 2354 Ecce
3353 2320 3445 2372 ego
3477 2307 3596 2357 dedi
3650 2308 3792 2360 nobis
3823 2325 3981 2362 omne

2395 2384 2597 2454 lignum
2624 2387 2760 2455 quod
2785 2388 2933 2440 habet
2966 2391 3018 2440 in
3048 2406 3103 2441 se
3131 2392 3362 2457 fructum
3387 2396 3599 2447 seminis
3624 2399 3979 2463 scminubilis,

2392 2479 2532 2530 vobis
2562 2480 2659 2530 erit
2706 2481 2759 2531 in
2808 2482 2975 2533 cibum
3010 2491 3058 2534 et
3108 2486 3346 2537 omnibus
3393 2487 3683 2541 volucribus
3731 2492 3869 2545 arli.
3920 2492 3979 2547 Si

2392 2583 2523 2634 ergo
2555 2568 2786 2621 Verbum
2820 2578 2875 2622 et
2901 2586 3083 2625 sermo
3112 2574 3323 2628 ltoinini
3350 2587 3434 2629 est
3467 2577 3518 2629 in
3540 2589 3831 2639 :etcrnum,
3858 2596 3982 2633 om-

2393 2658 2525 2710 nino
2558 2660 2600 2711 si
2637 2660 2800 2711 homo
2830 2677 2926 2728 per
2953 2662 3381 2718 inohedientimn
3408 2677 3491 2720 est
3518 2670 3764 2736 privatus
3794 2674 3980 2728 fructu

2392 2744 2523 2813 ligni
2553 2748 2698 2803 vita).
2729 2748 2913 2802 bestia:
2941 2759 2997 2802 et
3030 2752 3241 2820 reptilia
3289 2771 3355 2808 cx
3402 2772 3470 2809 eo
3497 2759 3887 2814 comederunt.
3922 2763 3977 2817 Si

2392 2846 2573 2889 autem
2606 2839 2990 2903 comederunt,
3020 2845 3294 2910 quomodo
3339 2861 3447 2900 non
3480 2850 3673 2904 vivunt
3714 2852 3770 2905 in
3819 2864 3982 2907 aeter-

2392 2942 2546 2989 num,
2578 2929 2673 2982 sed
2707 2930 2829 2999 plus
2862 2947 3024 3000 quam
3071 2934 3235 2989 homo
3265 2938 3547 3005 accipiunt
3580 2944 3891 3011 perfectum
3922 2957 3981 3001 et

2392 3019 2540 3072 omni
2587 3034 2654 3072 ex
2707 3032 2860 3089 parte
2909 3024 3223 3078 absolutum
3276 3028 3585 3093 interitum.
3632 3044 3688 3086 et
3738 3048 3978 3091 mortem

713 3121 940 3173 ramlam
984 3132 1041 3175 et
1091 3124 1377 3177 CtthlHlalll
1427 3126 1621 3179 anima:
1663 3134 1886 3188 terram,
1938 3136 1995 3179 et
2043 3127 2109 3180 ad
2137 3127 2289 3181 evel-

2396 3108 2808 3164 inevitabilem?
2840 3112 2946 3165 Sed
2990 3126 3046 3168 ct
3082 3116 3125 3170 si
3162 3120 3511 3184 posuerimus
3539 3137 3633 3176 cas
3658 3140 3768 3179 non
3804 3126 3979 3181 fuisse

714 3212 907 3265 lendas
953 3214 1140 3279 Spinas
1186 3224 1241 3267 et
1286 3217 1523 3269 tribulos
1562 3236 1573 3269 :
1632 3217 1699 3270 ad
1754 3218 2065 3271 faciendum
2109 3219 2286 3287 ipsum

714 3303 953 3354 fructum
993 3303 1044 3355 in
1080 3305 1325 3372 triginta,
1358 3315 1412 3357 et
1435 3308 1739 3375 sexaginta,
1763 3307 1926 3377 893
1953 3317 2009 3362 et
2041 3318 2284 3362 centum.

713 3393 983 3455 Quoniam
1018 3410 1149 3461 ergo
1177 3396 1419 3447 nondum
1445 3407 1777 3464 apparuerat
1804 3398 2115 3466 lmjusmodi
2144 3400 2287 3455 Deus

702 3484 880 3554 .Itmtm
900 3484 965 3537 ad
987 3484 1320 3552 operandam
1344 3494 1545 3538 terram
1574 3505 1585 3537 :
1609 3486 1733 3539 fons
1753 3496 1935 3541 autem
1962 3490 2051 3541 ille
2073 3490 2291 3543 subter-

716 3576 1158 3643 raneus(nempe
1190 3577 1422 3644 maligna
1464 3577 1732 3646 potestas)
1776 3578 2078 3632 inundabat
2107 3589 2163 3633 et
2209 3581 2286 3632 ir-

716 3665 929 3733 rigalmt
988 3674 1154 3718 totam
1208 3666 1402 3720 faciem
1465 3677 1682 3721 terras:
1745 3680 2038 3737 propterea
2100 3671 2286 3724 divina

715 3754 999 3823 Scriptura
1031 3757 1216 3809 statim
1260 3757 1470 3811 inducit
1508 3758 1810 3822 hominem,
1853 3761 2077 3828 liguram
2113 3761 2282 3814 homi-

714 3846 803 3899 nis
839 3847 1101 3907 coclestis,
1127 3848 1317 3901 dicens
1354 3867 1365 3901 :
1402 3848 1467 3901 Et
1486 3849 1642 3915 tinxit
1683 3850 1816 3903 Deus
1846 3853 2103 3905 hominem
2129 3856 2286 3904 Immo

717 3943 929 4003 accepta
975 3951 1002 3987 c
1047 3946 1213 3999 terra,
1257 3947 1307 3991 et
1342 3940 1622 4007 insuﬂlavit
1661 3941 1715 3992 in
1759 3942 1943 4009 faciem
1984 3943 2096 4010 ejus
2131 3945 2286 4010 spiri-

716 4034 830 4078 tum
872 4027 1012 4088 vilic,
1044 4036 1092 4079 et
1136 4027 1302 4094 [ιιι-ηαδ
1333 4037 1405 4079 est
1442 4030 1593 4081 homo
1643 4032 1694 4082 in
1731 4032 1968 4084 animum
1998 4034 2286 4097 viventem;

718 4114 887 4166 veluti
926 4115 1029 4167 hoc
1074 4115 1266 4169 dicens
1313 4118 1459 4186 quod
1506 4119 1735 4188 gratiam
1794 4121 2001 4174 habens
2042 4124 2285 4191 compri-

717 4202 931 4255 menda:
974 4219 1127 4272 aqum
1157 4206 1487 4260 adversaria:
1521 4207 1826 4275 potestatis,
1864 4209 2009 4263 Deus
2046 4211 2284 4264 Verbum

718 4292 884 4346 homo
932 4303 1078 4347 terra
1130 4297 1348 4362 genitus
1394 4297 1483 4351 lict
1531 4298 1806 4364 Christus,
1864 4317 1895 4354 a
1939 4301 2051 4355 Deo
2098 4302 2283 4357 fictum

714 4384 880 4438 sinml
929 4393 985 4438 et
1034 4402 1064 4439 a
1122 4388 1233 4440 Deo
1274 4388 1578 4456 plantatum
1626 4406 1884 4457 germen;
1945 4401 2007 4444 ut
2043 4408 2171 4446 cum
2210 4394 2283 4449 sit

2395 3201 2693 3270 participes
2722 3203 2853 3271 ligni
2897 3205 3022 3260 vita:
3050 3247 3064 3267 ,
3094 3217 3272 3261 tamen
3302 3218 3360 3262 ut
3384 3228 3506 3279 qua:
3530 3213 3697 3280 jussu:
3727 3217 3843 3270 sint
3872 3220 3979 3273 sibi

2395 3310 2519 3347 cum
2579 3295 2901 3350 hominibus
2946 3298 3149 3353 habere
3203 3303 3542 3366 societatem,
3568 3310 3798 3361 omnino
3848 3312 3979 3380 ipsa:

2394 3405 2613 3458 quoque
2637 3391 2841 3444 fuerint
2874 3392 3173 3462 participes
3201 3395 3332 3465 ligni
3372 3402 3739 3467 cognoscendi
3767 3404 3976 3460 bonum

2393 3493 2451 3536 et
2490 3484 2690 3536 malmn
2740 3501 2751 3534 :
2803 3492 2859 3537 et
2904 3486 3183 3552 quomodo
3230 3488 3343 3555 jam
3397 3491 3651 3545 nesciunt
3699 3510 3862 3563 a-que
3919 3506 3979 3551 ut

2397 3574 2561 3626 honio
2588 3574 2790 3627 bonum
2824 3583 2880 3628 et
2922 3577 3148 3639 malum,
3185 3579 3401 3646 reptilia
3428 3590 3485 3633 et
3515 3582 3703 3638 bestia:
3733 3596 3790 3639 et
3818 3589 3976 3642 volu—

2398 3668 2558 3717 cres?
2592 3666 2675 3717 Ab
2706 3666 2810 3718 hoc
2843 3681 2977 3735 ergo
3009 3682 3173 3721 sensu
3222 3683 3573 3726 recesserunt
3621 3676 3846 3742 plurimi
3892 3679 3976 3733 in-

2404 3766 2688 3824 terpretes,
2721 3767 2777 3808 et
2798 3757 3030 3809 maxime
3059 3767 3291 3821 veteres,
3316 3758 3550 3814 dicendo
3572 3778 3680 3816 non
3712 3767 3975 3822 sensilem

2395 3862 2516 3901 esse
2550 3848 2883 3914 paradisum,
2914 3858 2971 3901 et
3012 3863 3136 3915 qua:
3185 3858 3314 3902 sunt
3362 3849 3417 3903 in
3467 3852 3586 3920 ejus
3632 3856 3819 3909 medio
3865 3858 3978 3911 duo

2394 3938 2539 4007 ligna
2570 3940 2694 3992 vitae
2717 3939 3083 4007 cognitionis;
3110 3957 3176 3995 ne
3202 3947 3517 3998 necessario
3537 3946 3739 4001 faciant
3768 3949 3979 4007 bestias

2392 4038 2450 4083 et
2492 4030 2738 4099 jumcnta
2787 4032 3106 4084 societatem
3152 4033 3359 4088 habere
3405 4045 3463 4089 et
3494 4039 3979 4107 participationem

2392 4119 2525 4189 ligni
2562 4121 2687 4173 vita:
2729 4129 2784 4173 et
2828 4120 2959 4188 ligni
2994 4121 3342 4190 cognitionis.
3376 4125 3494 4179 Non
3538 4128 3686 4181 enim
3722 4130 3981 4188 distinxit

2393 4208 2536 4261 Deus
2567 4208 2711 4261 inter
2741 4208 2923 4261 cibum
2969 4209 3161 4263 Adami
3195 4221 3254 4265 et
3284 4213 3469 4268 cibum
3508 4216 3837 4284 brutorum;
3878 4223 3977 4276 sed

2391 4298 2651 4353 dediteis
2682 4300 3050 4354 communiter
3095 4316 3257 4356 omne
3302 4302 3510 4373 lignum
3553 4306 3885 4377 frugiferum
3919 4323 3980 4368 et

2391 4390 2629 4441 sativum
2679 4388 2732 4441 in
2782 4388 2989 4442 cibum.
3032 4389 3088 4444 Si
3127 4406 3259 4461 ergo
3306 4403 3493 4450 essent
3532 4399 3757 4453 sensilia
3816 4402 3981 4471 (dicit

714 4493 915 4545 genere
961 4479 1310 4547 conjunctus,
1353 4489 1499 4534 recte
1544 4481 1737 4550 irriget
1793 4498 1858 4536 ea
1900 4500 2022 4552 qua:
2063 4493 2193 4538 sunt
2249 4502 2281 4539 ε
2321 4487 2365 4543 1)
2390 4477 2665 4541 Clemens.
2696 4488 2753 4532 et
2786 4471 3001 4535 veteres
3026 4482 3120 4550 qui
3162 4497 3289 4536 cum
3320 4486 3496 4539 secuti
3531 4498 3661 4542 sunt
3695 4490 3981 4562 interpre-

718 4577 863 4621 terra
912 4573 1092 4636 genita
1135 4580 1190 4623 et
1240 4571 1321 4630 (ut
1349 4571 1529 4640 decet)
1573 4576 1786 4628 ratione
1836 4575 2125 4629 rationalia
2162 4592 2289 4646 ger-

716 4659 887 4720 mina,
924 4659 1089 4713 simili
1135 4662 1335 4715 similia
1383 4673 1669 4733 expurget,
1718 4675 1773 4719 ct
1818 4666 2056 4721 fructum
2093 4667 2251 4722 ferat.

787 4747 944 4813 Quod
984 4750 1025 4803 si
1062 4766 1171 4803 non
1204 4753 1397 4805 credas
1432 4753 1619 4806 verbis
1665 4771 1922 4824 tanquam
1956 4774 2063 4811 non
2095 4758 2294 4826 proba-

718 4837 924 4891 bilibus
946 4880 959 4903 ,
996 4840 1129 4908 quid
1157 4840 1308 4895 dices
1346 4843 1530 4897 statim
1573 4845 1804 4900 audiens
1838 4847 2007 4901 Deum
2039 4848 2292 4917 plantan-

720 4938 828 4982 lem
870 4945 994 4983 cum
1028 4948 1215 5001 opere,
1262 4934 1477 5003 plantas
1508 4952 1729 5005 quoque
1776 4949 2000 5007 propter
2042 4955 2177 5008 quas
2206 4942 2295 4995 vel

718 5020 897 5085 solas,
936 5023 1003 5075 ad
1049 5039 1241 5077 earum
1291 5027 1670 5095 operationem
1715 5028 2007 5097 agricolam
2043 5032 2296 5098 protinus

719 5113 874 5180 prius
909 5114 1066 5168 tinxit
1095 5131 1125 5169 e
1153 5118 1328 5171 terra?
1364 5119 1657 5188 Postquam
1692 5120 1840 5173 enim
1871 5121 2012 5175 dixit
2044 5122 2295 5192 Scriptu-

720 5222 778 5259 ra
815 5224 828 5258 :
864 5207 930 5261 Et
969 5210 1137 5276 [actus
1171 5221 1245 5264 est
1291 5214 1442 5266 homo
1483 5214 1537 5265 in
1581 5214 1818 5267 animant
1860 5216 2143 5275 viventem,
2186 5223 2294 5269 sla-

721 5297 819 5351 tim
847 5300 1135 5368 subjunxit
1159 5303 1291 5356 illud
1326 5322 1338 5355 :
1365 5312 1414 5356 et
1452 5303 1715 5374 plantavit
1749 5304 2001 5357 Dominus
2034 5304 2174 5358 Deus
2198 5323 2295 5375 pa-

720 5390 959 5443 radisum
985 5392 1039 5444 in
1066 5394 1211 5447 Eden
1233 5395 1303 5447 ad
1328 5397 1603 5459 orientem,
1626 5406 1672 5449 ct
1708 5397 1875 5465 posuit
1905 5396 2015 5449 illic
2034 5397 2296 5450 hominem

724 5494 874 5545 quem
900 5481 1041 5549 fecit,
1072 5491 1331 5551 tanquam
1374 5485 1428 5539 in
1474 5485 1541 5538 iis
1575 5501 1697 5553 quin
1724 5494 1882 5540 erant
1905 5486 2154 5550 colenda,
2180 5486 2297 5540 col-

724 5566 911 5622 locans
935 5572 1251 5640 agricolam.
1286 5575 1350 5629 Et
1392 5574 1515 5629 ideo
1540 5576 1693 5645 juxta
1729 5576 1839 5634 illa.
1868 5590 1993 5630 cum
2037 5583 2295 5645 tanquam

799 5752 844 5773 "‘
874 5751 1014 5805 Pani.
1052 5768 1214 5805 t.\\‘tt.
1260 5754 1335 5804 l‘l.

2389 4572 2494 4637 tes)
2529 4570 2791 4640 paradisi,
2837 4581 2895 4626 et
2935 4588 3059 4640 qua:
3093 4583 3224 4628 sunt
3266 4590 3463 4630 eorum
3498 4579 3831 4636 intermedia
3866 4585 3982 4641 duo

2388 4660 2555 4730 ligna,
2580 4663 2954 4727 invenientur,
2980 4663 3156 4729 aiunt,
3190 4666 3380 4721 bestiae
3404 4680 3461 4721 et
3496 4671 3712 4738 reptilia
3744 4674 3979 4731 homine

2391 4752 2803 4822 pnestantiora,
2851 4761 2913 4806 ut
2963 4770 3086 4822 quin
3127 4770 3239 4810 non
3281 4756 3394 4810 sint
3444 4759 3725 4827 prohibita
3768 4764 3843 4816 ab
3874 4782 3976 4819 esu

2392 4843 2632 4913 cujusvis
2675 4843 2808 4911 ligni
2834 4853 2890 4897 et
2917 4843 3151 4899 fructus.
3195 4844 3561 4911 Quamobrem
3606 4865 3675 4903 ex
3710 4852 3833 4919 ipso
3878 4854 3978 4908 Dei

2395 4935 2651 4987 mandato
2679 4934 2746 4988 de
2776 4936 3057 4988 conununi
3101 4935 3229 4989 cibo
3254 4951 3417 5005 quem
3444 4937 3601 4992 dedit
3632 4944 3983 4999 unanimiter

2396 5025 2606 5079 homini
2648 5033 2704 5078 ct
2751 5025 3009 5080 omnibus
3057 5027 3268 5087 bestiis.
3299 5027 3429 5083 licet
3460 5045 3794 5099 cognoscere
3824 5038 3978 5104 quod

2395 5130 2505 5168 non
2533 5124 2661 5169 sunt
2691 5114 2883 5168 eadem
2912 5115 3056 5184 ligna
3083 5131 3205 5185 quae
3234 5115 3374 5172 facta
3406 5130 3536 5173 sunt
3571 5122 3741 5176 tertio
3774 5124 3889 5183 die.
3922 5137 3982 5180 ct

2396 5222 2518 5273 qua:
2558 5206 2611 5259 in
2658 5205 2934 5273 paradiso.
2965 5207 3155 5260 Dicere
3183 5207 3331 5261 enim
3355 5209 3503 5277 quod
3529 5211 3797 5267 Dominus
3830 5217 3983 5270 Deus

2394 5297 2575 5351 adlmc
2607 5296 2741 5349 oriri
2767 5296 2901 5349 fecit
2923 5311 2955 5349 e
2987 5304 3133 5350 terra
3156 5313 3318 5352 oume
3349 5299 3556 5370 lignum
3582 5302 3882 5371 pulchrum
3909 5306 3981 5359 ad

2394 5385 2715 5449 videndum,
2744 5393 2801 5439 et
2824 5383 3032 5438 bonum
3059 5385 3128 5439 ad
3158 5387 3581 5452 comedendum,
3611 5406 3713 5460 per
3743 5392 3853 5448 hoc
3880 5395 3985 5449 ad-

2399 5476 2507 5530 huc
2534 5476 2694 5530 nobis
2736 5476 2981 5530 ostendit
3015 5475 3298 5547 Scriptura
3335 5480 3635 5536 secundam
3673 5485 3979 5552 quamdam

2398 5570 2732 5627 creationem
2761 5567 3202 5639 praestandorum
3237 5570 3529 5642 lignorum,
3563 5581 3661 5627 aut
3708 5590 3774 5631 ea
3805 5578 3981 5632 verba
