4186 6442
154 419 245 482 96!

1239 409 1320 467 ΙΝ
1360 401 1911 467 ΗΕΧΛΕΜΕΠΟΝ.
1938 425 2003 433 -
2032 401 2177 461 Llll.
2220 402 2351 463 VII.

151 544 266 584 esse
298 521 643 596 prophetiam
672 519 739 575 de
765 519 976 573 ratione
1009 517 1255 595 praditis
1279 517 1443 586 lignis
1474 530 1596 583 qua
1626 528 1718 565 ex-

1838 507 2228 575 Ιλοιιγὲἰουνεὺς,
2293 508 2385 560 καὶ
2447 507 2575 561 Ἰου-

152 619 340 674 tremis
371 615 713 685 temporibus
742 621 860 665 orta
906 618 1033 664 sunt
1070 610 1123 664 in
1158 609 1411 679 paradiso
1444 607 1717 662 Ecclesia.

150 712 213 765 Et
255 708 520 777 quoniam
566 714 651 759 est
692 704 948 771 frequens
977 711 1032 756 et
1078 701 1438 770 interpretattt
1491 697 1726 753 dillirilis

151 799 405 853 tractatio
432 798 500 851 de
530 796 803 865 paradiso,
832 805 888 848 et
918 810 1135 863 semper
1183 793 1351 847 dubia
1381 793 1523 862 apud
1551 792 1722 845 inter-

150 901 365 957 pretes,
412 888 699 940 videamus
762 902 957 939 rursus
1001 884 1463 954 quemadmodum
1520 883 1724 936 factum

150 981 217 1034 sit
252 978 350 1034 Dei
383 978 702 1033 mandatum
744 977 811 1031 de
844 979 1122 1032 communi
1149 992 1277 1042 esu;
1310 975 1511 1030 deinde
1546 974 1727 1028 disce-

151 1073 433 1141 ptabimus
463 1070 531 1122 de
559 1069 831 1138 paradiso.

216 1162 362 1215 Dicit
393 1176 526 1230 ergo
556 1161 698 1214 heus
728 1160 935 1214 Adamo
976 1158 1196 1227 quando
1224 1174 1350 1212 eum
1396 1157 1525 1211 fecit
1555 1176 1566 1210 :
1598 1158 1729 1211 Erre

148 1252 389 1304 dedimus
418 1251 557 1303 vobis
589 1266 797 1302 omnem
828 1250 1041 1302 herbam
1073 1248 1429 1302 seminabilcm
1462 1250 1731 1300 semiuiru-

152 1354 253 1394 tem
285 1358 486 1402 semen,
527 1356 644 1410 qum
689 1349 763 1393 est
803 1357 965 1408 supra
994 1357 1199 1393 omnem
1231 1348 1450 1399 terram,
1488 1348 1537 1391 et
1579 1355 1733 1391 omne

153 1434 354 1500 ﬁrmum
394 1433 532 1501 quod
553 1433 702 1485 habet
737 1433 790 1484 in
813 1434 980 1500 seipso
1010 1432 1237 1499 fructum
1264 1433 1475 1484 seminis
1501 1433 1733 1484 semina-

150 1526 267 1577 bilis
315 1526 455 1576 vobis
502 1525 600 1576 erit
644 1527 696 1576 in
736 1523 923 1585 ribum,
958 1533 1007 1576 et
1038 1524 1276 1575 omnibus
1305 1522 1594 1576 volucribus
1619 1521 1733 1574 (ιειὶ

150 1627 197 1668 et
227 1617 474 1668 omnibus
512 1616 684 1669 bestiis
723 1626 877 1668 terra'
908 1632 1024 1684 qum
1069 1616 1258 1668 habent
1302 1618 1356 1668 in
1395 1633 1449 1669 se
1487 1617 1731 1686 spiritum

151 1709 292 1766 rita',
320 1717 369 1759 et
403 1724 609 1760 omnem
634 1707 848 1759 herbam
887 1707 1101 1760 viridem
1136 1709 1190 1759 in
1227 1708 1416 1769 ribum,
1453 1717 1500 1759 et
1534 1709 1732 1776 factum

151 1804 225 1848 est
270 1798 370 1849 ita.
408 1795 466 1849 Si
493 1811 624 1864 ergo
651 1796 704 1848 in
736 1795 825 1848 his
850 1795 1009 1862 lignis
1042 1803 1171 1848 sunt
1199 1796 1362 1849 etiam
1399 1795 1542 1864 ligna
1574 1812 1733 1865 para-

150 1884 256 1939 disi
298 1886 520 1954 (nempe
549 1896 605 1939 ct
646 1886 852 1953 lignum
890 1884 1314 1939 immortalitatis
1341 1894 1395 1939 et
1427 1887 1550 1939 vitae
1573 1895 1736 1938 arter-

149 1988 234 2027 na
256 1972 640 2039 cognitionis),
668 1974 997 2028 miserabilis
1024 1983 1079 2028 et
1104 1975 1272 2030 miser
1292 1976 1439 2029 solus
1464 1984 1546 2030 est
1576 1976 1741 2029 homo

150 2064 241 2131 qui
283 2073 371 2117 est
401 2064 468 2116 ad
507 2065 600 2118 Dei
648 2065 938 2133 imaginem
983 2075 1039 2120 et
1074 2067 1509 2130 similitudinem,
1554 2075 1614 2120 ut
1644 2069 1737 2136 qui

148 2160 304 2212 solus
338 2160 411 2212 sit
457 2159 703 2228 privatus
735 2161 1012 2228 paradiso,
1045 2168 1099 2214 et
1133 2160 1466 2229 cognitione,
1514 2170 1569 2216 et
1612 2162 1737 2216 cibo

146 2250 277 2303 vita
325 2258 568 2303 aterna.
618 2249 854 2318 Serpens
899 2250 1045 2303 enim
1095 2251 1241 2319 aspis
1284 2260 1339 2304 et
1385 2254 1635 2320 scorpius
1680 2260 1737 2305 et

148 2341 307 2393 canis
355 2340 412 2393 in
479 2340 805 2394 hodiernum
858 2357 1031 2409 usque
1085 2342 1228 2396 diem
1282 2342 1540 2395 fruuntur
1585 2342 1733 2395 omni

148 2427 332 2481 fructu
382 2434 441 2480 et
489 2428 638 2480 omni
674 2428 820 2495 ligno
857 2444 1023 2497 super
1072 2432 1382 2484 universam
1429 2439 1631 2484 terram
1680 2438 1735 2482 et

150 2519 520 2585 paradisum:
556 2534 662 2571 non
712 2521 858 2572 etiitn
906 2521 1157 2575 exierunt
1206 2538 1272 2574 ex
1320 2537 1431 2589 quo
1480 2522 1734 2588 ingressa

149 2615 283 2659 sunt
305 2608 497 2660 bestia
520 2607 585 2660 ad
611 2606 875 2661 Adamum
908 2608 959 2662 in
985 2610 1257 2678 paradiso,
1286 2611 1379 2664 sed
1413 2611 1558 2663 intus
1583 2627 1736 2665 man-

150 2703 352 2749 serunt
402 2695 497 2748 illo
538 2711 789 2764 egresso,
838 2706 899 2749 ut.
933 2712 1054 2765 qua
1098 2713 1207 2751 non
1254 2697 1455 2752 fuerint
1497 2698 1735 2767 expulsa

150 2794 389 2854 propter
419 2786 701 2839 delictum.
732 2787 976 2856 Intelligo
998 2803 1129 2855 ergo
1153 2789 1323 2857 legem
1357 2789 1451 2842 Dei
1482 2788 1739 2857 spiritua-

149 2876 306 2939 liter,
343 2878 604 2945 quoniam
652 2876 738 2931 lex
782 2884 865 2930 est
907 2877 1223 2945 spiritualis.
1267 2889 1326 2933 ut
1368 2879 1565 2932 clamat
1594 2879 1737 2932 Pau-

149 2968 240 3020 lus
267 2967 317 2997 "
352 2966 598 3029 ;Littera
644 2969 784 3020 enim
827 2969 1008 3020 occidit
1044 2969 1109 3020 ”.
1156 2970 1345 3022 Restat
1369 2984 1502 3038 ergo
1549 2978 1609 3023 ut
1646 2968 1735 3037 (ne

150 3067 340 3111 morte
382 3057 684 3111 aflieiamur
727 3074 757 3111 a
807 3058 1010 3127 littera)
1061 3059 1336 3114 discamus
1383 3060 1475 3114 ubi
1523 3069 1739 3130 oportet

153 3150 552 3218 spiritualibus
587 3150 890 3219 spiritualia
931 3166 1269 3219 comparare,
1302 3168 1497 3219 nempe
1528 3153 1738 3206 litteras

151 3256 257 3309 per
290 3254 433 3309 quas
472 3240 715 3309 loquitur
758 3240 997 3308 Spiritus
1038 3250 1278 3305 sanctus,
1320 3258 1387 3296 ex
1428 3243 1629 3311 quibus
1655 3252 1738 3298 est

151 3345 425 3399 magnum
468 3341 526 3383 et
586 3330 919 3398 praecipuum
974 3340 1029 3384 et
1076 3332 1309 3385 maxime
1365 3348 1623 3386 arcanum
1669 3332 1737 3387 de

149 3421 422 3489 paradiso
448 3422 785 3491 mysterium.
812 3420 915 3486 Qui
940 3431 1122 3475 autem
1148 3424 1441 3476 carnaliter
1465 3433 1520 3477 et
1544 3439 1742 3478 secun-

148 3515 292 3567 dum
321 3527 548 3567 carnem
597 3513 856 3583 intelligis
888 3527 1209 3583 prasentem
1241 3515 1420 3570 locum
1470 3516 1538 3571 de
1580 3517 1742 3587 lignis

147 3612 208 3657 et
252 3602 554 3666 fructibus,
595 3602 683 3657 die
713 3604 847 3657 mihi
880 3621 1071 3658 rursus
1102 3607 1398 3674 quomodo,
1430 3623 1555 3661 cum
1596 3608 1740 3662 Deus

152 3708 334 3748 unum
378 3702 437 3747 et
482 3709 666 3762 parem
700 3694 959 3749 omnibus
993 3696 1309 3750 hominibus
1357 3704 1413 3750 et
1462 3694 1653 3751 bestiis
1682 3707 1739 3752 et

150 3783 487 3838 volucribus
512 3783 693 3836 cibum
720 3785 946 3852 jusserit
976 3784 1144 3853 (eum,
1176 3787 1419 3854 inquam,
1447 3787 1539 3855 qui
1564 3795 1650 3841 cst
1671 3803 1737 3841 ex

150 3874 373 3937 herbis,
412 3873 682 3941 virgultis.
719 3882 774 3926 et
802 3873 1136 3943 arboribus),
1167 3875 1259 3942 qui
1300 3874 1357 3927 fit
1382 3875 1526 3944 quod
1569 3877 1740 3931 multa

151 3962 463 4015 animantia
515 3977 621 4014 non
657 3971 955 4015 vescuntur
997 3963 1186 4017 herbis
1226 3965 1320 4018 sed
1362 3966 1641 4029 carnibus,
1678 3975 1739 4020 ut

148 4067 284 4120 qua
318 4052 434 4105 sint
464 4053 635 4121 magis
664 4052 990 4106 carnivora?
1028 4052 1314 4118 Quomodo
1345 4069 1561 4108 rursum
1596 4055 1740 4110 Deus

148 4143 251 4211 qui
279 4140 467 4196 omnis
503 4142 687 4197 herba
728 4151 785 4196 et
817 4144 1030 4197 arboris
1057 4160 1175 4213 qua
1202 4154 1285 4198 est
1320 4160 1486 4213 supra
1517 4154 1739 4211 terram,

148 4234 326 4288 nobis
344 4232 585 4287 fructum
610 4233 931 4301 permittens
952 4233 1260 4295 comedere,
1282 4233 1446 4289 eflicit
1466 4244 1529 4289 ut
1557 4236 1738 4289 multa

149 4325 351 4379 herba
381 4333 440 4378 et
471 4324 697 4377 arbores
738 4324 987 4393 plurima
1032 4340 1139 4378 non
1184 4326 1293 4378 sint
1327 4325 1641 4380 hominibus
1682 4334 1739 4380 et

154 4414 353 4467 brutis
380 4412 699 4474 esculenta,
741 4414 958 4481 sintque
1003 4428 1289 4466 venenosa
1319 4421 1375 4466 et
1409 4413 1740 4467 mortifera?

150 4505 315 4569 Quas
340 4516 452 4556 non
487 4501 664 4554 solum
689 4517 808 4560 nos.
837 4501 931 4555 sed
958 4502 1073 4570 ipsa
1102 4502 1265 4555 etiam
1293 4503 1521 4557 rationis
1546 4518 1741 4572 expers

150 4602 366 4647 natura
400 4592 578 4661 rejicit
603 4606 667 4645 ac
698 4600 935 4654 recusat,
969 4601 1025 4646 et
1051 4593 1155 4646 alia
1192 4594 1459 4663 ejusmodi
1493 4594 1741 4649 innante-

154 4684 365 4738 rabilia
393 4691 524 4737 sunt
553 4691 610 4737 et
636 4683 792 4737 nobis
823 4693 881 4739 et
922 4683 1123 4748 brutis,
1158 4692 1352 4738 natura
1388 4684 1612 4738 minime
1651 4700 1742 4738 cs-

151 4776 389 4828 culenta
432 4782 490 4826 et
521 4773 793 4827 lethifera.

232 4890 302 4942 Ol
336 4886 445 4956 μὲν
466 4880 559 4939 οὖν
580 4884 925 4956 ἀρχαιότεροι

152 4979 277 5032 τῶν
345 4976 689 5046 Ἑκκλησιῶν
722 4992 737 5008 ⁶
782 4976 929 5045 λέγω

1066 4887 1292 4941 Veteres
1319 4903 1450 4957 ergo
1476 4888 1746 4942 Ecclesia-

1001 4994 1120 5033 rum
1155 4980 1517 5049 interpretes,
1554 4980 1742 5044 Philo,

1826 604 2003 665 στῖνος
2038 605 2066 655 ὁ
2107 602 2319 674 μάρτυς
2354 602 2446 655 καὶ
2487 620 2575 671 φι-

1826 694 2072 760 λόσοφος,
2092 692 2453 756 Πανταίνετος
2477 693 2575 762 (le-

1824 802 1889 855 ge
1917 786 2240 853 [Ιὰνταινος)
2276 801 2332 836 τε
2364 785 2391 836 ὁ
2434 783 2579 835 Ἀλει-

1830 875 2108 947 ξακδρεὺς,
2162 877 2255 929 καὶ
2286 877 2516 944 Κλήμης
2550 874 2579 925 ὁ

1832 967 2219 1038 Στρωματεὺς.
2253 966 2346 1018 καὶ
2369 966 2418 1018 οἱ
2439 966 2575 1034 ἀμφ’

1830 1060 2050 1122 αὐτοὺς,
2083 1056 2467 1124 πνευματικῶς
2512 1055 2581 1106 τὰ

1832 1152 1959 1220 περὶ
1982 1149 2314 1218 παραδείσου
2342 1148 2580 1216 ἐοεωρή-

1833 1244 2003 1313 θησαν
2033 1244 2209 1313 (forte
2244 1241 2579 1311 ἐυεὼρησαν)

1832 1345 1909 1405 εἰς
1937 1342 2036 1412 τὴν
2072 1339 2309 1408 Χριστοῦ
2353 1337 2583 1407 Ἐκκλη-

1834 1437 1957 1489 σίαν
2016 1434 2421 1502 ἀναφερόμενα.
2496 1430 2586 1494 Ἐξ

1831 1524 1906 1582 ὧν
1930 1531 2069 1581 εἰσιν
2087 1528 2180 1578 καὶ
2194 1527 2243 1578 οἱ
2262 1526 2389 1595 περὶ
2408 1524 2586 1578 πάντα

1835 1622 2100 1687 adversae:
2140 1618 2233 1672 δύο
2282 1616 2582 1672 Καππαδό-

1834 1729 1927 1765 και
1964 1712 2276 1782 Γρηγόριοι,
2313 1711 2587 1773 Ἅπαντες

1838 1798 1983 1858 οὗτοι
2036 1803 2096 1867 ἐξ
2134 1800 2325 1855 αἰτιῶν
2367 1800 2585 1855 τοιῶνδε

1839 1899 2137 1965 φάσκοντες
2153 1891 2293 1948 εἶναι
2312 1895 2406 1948 καὶ
2423 1911 2586 1947 πνευ-

1840 1992 2070 2059 ματικόν
2126 2006 2249 2043 τινα
2313 1989 2543 2058 παράδει
2557 2016 2583 2031 ο

1838 2101 1929 2136 σον
1960 2084 2062 2152 (·).

3291 395 3395 458 962

2648 516 2703 560 et
2764 507 3009 562 Justinus
3069 520 3274 579 martyr
3341 521 3398 563 et

2647 601 3037 671 philosophus,
3078 614 3133 656 et
3181 604 3395 658 Panta-

2649 708 2752 747 nus
2825 693 3266 757 Alexandrinus,
3343 706 3399 749 ct

2647 783 2901 837 Clemens
2939 784 3277 839 Strumateus
3298 826 3311 849 ,
3344 794 3402 840 et

2650 892 2841 929 eorutn
2877 880 3098 933 assecla:
3139 882 3400 948 spiritua-

2649 964 2777 1018 liter
2799 978 2924 1021 sunt
2945 972 3300 1039 contemplati
3332 971 3402 1025 de

2652 1057 2855 1112 Christi
2892 1059 3133 1115 Ecclesia
3176 1079 3238 1115 ea
3280 1078 3403 1131 qua

2653 1152 2857 1221 scripta
2882 1163 3009 1205 sunt
3028 1154 3094 1207 de
3125 1153 3401 1223 paradiso.

2653 1248 2730 1302 Ex
2778 1250 2982 1318 quibus
3024 1259 3153 1303 sunt
3193 1250 3302 1303 duo
3348 1251 3403 1305 in

2657 1341 2823 1394 rebus
2857 1341 3114 1396 onmibus
3151 1341 3408 1395 doctissi-

2658 1434 2731 1485 mi
2792 1433 3142 1503 Cappadoces
3188 1436 3367 1505 Crcgu
3383 1466 3405 1477 -

2659 1524 2747 1579 rii.
2784 1525 2823 1578 li
2858 1542 3048 1579 onmes
3076 1526 3406 1594 quibusdam

2657 1615 2725 1671 de
2757 1618 2938 1671 causis
2982 1616 3240 1671 dicebant
3284 1631 3408 1670 esse

2658 1711 2822 1764 etiam
2840 1712 3075 1779 aliquem
3094 1710 3407 1781 paradisum

2659 1800 3012 1871 spiritualcu).

1906 2175 2169 2237 Primum,
2220 2172 2369 2242 quod
2405 2173 2450 2227 si
2482 2172 2653 2227 Adam
2703 2186 2814 2226 non
2847 2181 2965 2227 erat
3010 2173 3255 2228 interitui
3305 2174 3409 2227 ob-

150 5072 227 5139 δὴ
254 5068 442 5122 οἷλων
467 5069 497 5120 ὁ
524 5067 811 5135 φιλόσοφος
833 5069 926 5120 καὶ

152 5160 277 5212 τῶν
328 5158 650 5212 ἀποστόλων
694 5158 927 5226 ὁμόχρο-

154 5266 281 5311 νος,
306 5246 411 5300 καὶ
432 5246 651 5309 Παπίας
681 5248 709 5299 ὁ
739 5247 926 5310 πολὺς.

152 5344 186 5393 ὁ
237 5341 506 5394 Ἰωάννου
550 5336 646 5390 τοῦ
698 5340 931 5406 εὐαγγε-

154 5432 362 5489 λιστοῦ
395 5433 658 5503 φοιτητὴς
688 5433 718 5485 ὁ
760 5433 929 5501 Ἱερα-

156 5526 442 5595 πολίτης,
477 5525 765 5595 Eloqui/1;
807 5542 865 5579 τε
904 5529 933 5580 ὁ

237 5664 291 5694 ’⁷
325 5662 489 5716 Rom.
524 5676 620 5724 vn,
653 5661 738 5714 14.
813 5659 860 5691 ’⁸
890 5658 934 5713 ll
971 5661 1098 5714 Cor.
1131 5677 1208 5723 ιιι,
1236 5661 1289 5713 6.
1365 5661 1408 5692 ’⁸
1444 5662 1633 5714 Matth.
1672 5678 1758 5723 xv,
1798 5662 1881 5714 l7.

1003 5072 1222 5140 inquam
1238 5110 1255 5128 .
1302 5071 1664 5140 philosophus
1693 5078 1750 5125 et

1002 5172 1247 5231 tempore
1275 5162 1501 5231 aqualis
1530 5171 1751 5231 aposto-

1003 5257 1105 5321 lis,
1157 5266 1214 5311 et
1270 5257 1508 5311 celebris
1558 5257 1753 5324 Papias

1004 5347 1443 5417 Hierapolitanus
1462 5388 1477 5407 .
1527 5347 1754 5402 Joannis

1003 5440 1349 5507 evangelista:
1409 5438 1752 5507 discipulus,

1004 5536 1061 5582 et
1087 5528 1321 5582 lrenaus
1348 5528 1750 5598 Lugdunensis,

1840 2266 2035 2319 noxius
2067 2264 2289 2332 quando
2334 2263 2511 2317 factus
2561 2271 2666 2325 est,
2719 2264 3069 2333 perspicuum
3118 2266 3267 2332 quod
3302 2281 3410 2321 non

1839 2356 1942 2409 fuit
1974 2355 2250 2423 particeps
2293 2354 2537 2407 alimenti
2586 2353 2867 2406 terrestris
2912 2363 2968 2407 et
3014 2354 3066 2405 in
3116 2356 3261 2421 quod
3319 2371 3412 2409 ca-

1772 2477 1787 2498 ,
1839 2447 1921 2502 dit
1950 2446 2225 2500 interitus.
2257 2445 2414 2509 Quod
2457 2444 2501 2498 si
2529 2451 2744 2512 poterat
2795 2459 2917 2497 esse
2963 2445 3238 2512 particeps
3263 2446 3415 2498 cibo-

1842 2553 1963 2590 rum
1998 2536 2302 2598 sensilium,
2330 2546 2416 2589 est
2450 2536 2616 2589 etiam
2646 2535 2994 2604 perspicumn
3021 2537 3166 2604 quod
3204 2537 3259 2589 in
3288 2552 3414 2591 eum

1841 2628 2001 2682 cadat
2029 2628 2307 2681 interitus.
2323 2625 2611 2695 (Quidquid
2655 2625 2802 2679 enim
2833 2628 2997 2678 intrat
3027 2643 3119 2695 per
3152 2644 3209 2680 os
3237 2645 3416 2681 rursus

1841 2720 2137 2771 excernitur
2162 2717 2253 2786 ".)
2284 2716 2341 2769 Si
2371 2726 2555 2769 autem
2604 2717 2657 2770 in
2692 2731 2819 2769 eum
2864 2716 3095 2769 cadebat
3139 2718 3414 2780 interitus,

1841 2810 2068 2863 omnino
2115 2817 2234 2862 erat
2276 2808 2443 2862 etiam
2476 2806 2760 2871 mortalis;
2791 2806 2836 2859 si
2874 2817 3057 2860 autem
3088 2817 3307 2863 creatus
3332 2818 3414 2862 est

1842 2899 2111 2959 mortalis,
2148 2915 2258 2952 non
2296 2898 2486 2965 utique
2516 2897 2659 2951 facta
2691 2904 2778 2951 est
2804 2912 2955 2951 mors
2975 2913 3073 2966 per
3097 2898 3421 2954 inobedien—

1845 2990 1973 3044 tiam
2004 3006 2017 3041 ε
2048 2998 2215 3056 atque
2258 2987 2375 3040 hac
2399 2986 2621 3055 quidem
2650 2995 2734 3039 est
2756 2986 2932 3055 prima
2958 3002 3121 3041 causa
3154 2988 3421 3059 interpre-

1765 3086 1808 3143 C
1845 3089 1980 3135 tum.
2012 3078 2267 3134 Secunda
2289 3087 2471 3132 autem
2499 3086 2585 3131 est
2615 3077 2863 3131 mulieris
2891 3077 3097 3147 absque
3120 3080 3270 3134 exitu
3298 3096 3422 3149 per-

1845 3172 2078 3227 mansio.
2105 3170 2289 3224 Tertia
2313 3184 2468 3233 vero,
2496 3168 2859 3222 animantium
2886 3184 3008 3237 qua
3031 3184 3154 3223 cum
3180 3184 3244 3224 ea
3270 3186 3422 3224 man-

1844 3270 2030 3317 serant
2075 3261 2129 3314 iu
2177 3260 2453 3329 paradiso.
2492 3259 2717 3324 Quarta,
2758 3260 2907 3328 prior
2939 3262 3250 3314 communis
3293 3275 3422 3316 esas

1844 3353 2092 3408 ciborum
2121 3352 2405 3405 hominum
2435 3358 2492 3403 et
2522 3350 2831 3403 brutorum.
2868 3351 3090 3414 Quinta,
3124 3350 3270 3419 quod
3302 3351 3420 3405 fieri

1841 3458 1951 3497 non
1977 3449 2194 3511 poterat
2222 3447 2283 3494 ut
2320 3454 2486 3493 unus.
2513 3440 2677 3493 homo
2707 3440 2916 3494 coleret
2957 3450 3066 3494 tam
3097 3442 3419 3496 immensam

1841 3530 2083 3601 paradisi
2126 3529 2582 3598 magnitudinem,
2632 3527 2726 3581 ubi
2773 3529 3000 3597 quidem
3048 3539 3198 3583 certe
3242 3530 3421 3585 abun-

1844 3621 2030 3675 dantia
2061 3622 2182 3690 ejus
2217 3618 2553 3688 irrigationis
2580 3617 2850 3671 dividitur
2894 3619 2949 3672 in
2977 3626 3215 3688 quatuor
3245 3620 3420 3673 initia.

1843 3713 1985 3780 Quid
2016 3720 2199 3766 autem
2222 3724 2364 3780 Opus
2385 3717 2505 3763 erat
2528 3710 2776 3779 operari,
2810 3725 2935 3763 cum
2963 3726 3106 3779 saepe
3131 3726 3237 3765 una
3260 3712 3422 3765 arbor

1845 3815 1903 3861 et
1934 3807 2105 3859 altera
2152 3803 2203 3857 ei
2251 3801 2524 3856 sufﬁceret
2554 3802 2623 3855 ad
2656 3803 3013 3855 alimentum?
3038 3802 3180 3867 Quid
3227 3814 3413 3857 autem

1846 3912 1987 3966 opus
2014 3904 2136 3950 erat
2162 3895 2325 3948 etiam
2348 3892 2649 3952 custodire.
2671 3907 2797 3946 cum
2821 3907 2931 3945 non
2960 3893 3148 3960 plures
3169 3894 3423 3949 adessent

1846 3988 2099 4042 homines
2128 3984 2372 4037 nondum
2406 3983 2588 4047 fures;
2620 3991 2676 4036 et
2720 3998 2913 4038 onmes
2950 3984 3136 4039 bestia
3179 3995 3237 4040 et
3265 3987 3424 4040 volu-

1846 4095 1967 4133 cres
2010 4078 2063 4132 ei
2112 4085 2298 4131 essent
2346 4075 2626 4144 subjecta,
2661 4082 2719 4127 et
2752 4075 2872 4143 ejus
2916 4076 3086 4129 verbo
3132 4079 3427 4145 parerent?

1845 4170 1957 4225 Nec
1982 4170 2089 4223 hoc
2120 4169 2321 4229 solum,
2357 4165 2451 4220 sed
2482 4164 2647 4219 etiam
2675 4180 2796 4233 qua
2822 4180 2852 4219 a
2881 4166 2993 4220 Deo
3021 4166 3167 4221 dicta
3195 4176 3251 4221 et
3283 4168 3424 4222 facta

1767 4270 1815 4329 ι)
1841 4262 2043 4319 suntin
2065 4257 2353 4330 paradiso?
2385 4256 2432 4310 si
2477 4255 2543 4309 ad
2596 4254 2855 4319 litteram,
2887 4257 3179 4324 inquiunt,
3227 4256 3428 4311 intelli-

1838 4368 2067 4425 gamus,
2132 4348 2438 4403 incidemus
2497 4346 2552 4400 in
2616 4346 3047 4399 innumerabiles
3114 4346 3324 4417 Scyllas
3370 4357 3428 4400 et

1838 4439 2157 4512 Charybdes
2178 4446 2233 4492 et
2254 4433 2693 4505 labyrinthorum
2742 4433 3068 4502 pracipitia.
3098 4433 3235 4487 Cum
3283 4434 3429 4488 Deus

1839 4533 2040 4588 caelum
2065 4539 2121 4584 et
2144 4537 2343 4582 terram
2368 4525 2594 4593 impleat
2616 4525 2748 4578 citra
2775 4525 2938 4577 ullam
2964 4524 3429 4593 circumscriptio-

1842 4629 2056 4685 nem,et
2071 4618 2211 4673 adsit
2229 4616 2522 4684 ubique,et
2545 4615 2792 4683 sitsupra
2817 4614 3431 4678 universitatem,etnc.

1843 4729 1952 4784 que
1971 4718 2278 4771 moveatur,
2303 4720 2483 4777 neque
2507 4706 2879 4769 contineatur,
2905 4721 3082 4775 neque
3110 4715 3425 4773 transmect,

1845 4819 2025 4874 neque
2082 4798 2383 4855 descendat
2429 4813 2531 4852 nec
2594 4797 2883 4862 ascendat;
2931 4798 3208 4865 quomodo
3254 4800 3431 4854 audiit

1847 4896 2018 4951 Adam
2073 4894 2195 4961 ejus
2241 4904 2433 4944 vocem
2482 4888 2737 4958 ingressi,
2784 4887 2951 4957 894
2995 4896 3051 4940 et
3098 4889 3432 4944 ambulantis

1849 5000 2078 5056 vespere
2106 4983 2160 5037 in
2187 4980 2480 5052 paradiso?
2502 4978 2787 5044 Quomodo
2816 4980 2954 5033 vidit
2980 4980 3157 5048 ipsum
3196 4980 3334 5034 facie
3360 4981 3429 5035 ad

1852 5078 2068 5140 faciem,
2124 5074 2311 5143 idque,
2367 5071 2641 5139 inquiunt,
2700 5085 2826 5125 cum
2883 5070 3030 5125 dicat
3081 5070 3364 5140 Scriptura
3413 5087 3430 5126 :

1852 5168 2017 5223 Nemo
2049 5165 2216 5218 Deum
2249 5163 2379 5217 vidit
2411 5176 2647 5229 unquam
2672 5162 2714 5222 ¹,
2765 5175 2942 5228 neque
2982 5158 3078 5213 Dei
3110 5174 3298 5212 vocem
3328 5173 3431 5211 au-

1853 5260 1977 5314 diit.
2005 5256 2177 5311 Porro
2209 5261 2391 5308 autem
2430 5251 2545 5320 ipse
2586 5265 2807 5319 quoque
2840 5251 3016 5303 Moses
3041 5249 3134 5314 qui
3164 5265 3228 5302 ea
3270 5250 3434 5305 nobis

1856 5355 2041 5402 narrat
2068 5345 2134 5399 de
2163 5343 2434 5412 paradiso,
2459 5349 2693 5394 testatur
2717 5340 2888 5393 Deum
2917 5337 3021 5407 ipsi
3046 5337 3249 5392 dixisse
3277 5356 3289 5391 :
3314 5337 3433 5392 Non

1854 5437 2042 5493 videbit
2069 5436 2221 5486 homo
2246 5433 2431 5501 [aciem
2466 5449 2637 5486 meam
2680 5442 2728 5483 et
2757 5431 2888 5483 vivet
2920 5434 2961 5483 ’.
2991 5431 3108 5485 Jam
3135 5444 3267 5485 vero
3296 5430 3437 5484 divi-

1857 5545 1961 5583 nus
1993 5542 2213 5595 quoque
2238 5524 2440 5577 Paulus
2483 5533 2664 5593 raptus
2701 5524 2753 5575 in
2785 5525 2996 5575 tertium
3042 5523 3227 5577 mlum
3256 5532 3313 5577 ct
3342 5537 3440 5592 pa-

1960 5663 1975 5692 ¹
2011 5661 2166 5713 .Ioan.
2201 5677 2236 5714 ι.
2290 5660 2370 5710 i8.
2449 5662 2466 5690 ²
2498 5658 2667 5711 ιςωι.
2706 5673 2888 5717 nam,
2923 5658 3010 5708 Ξυ.

244 5778 321 5850 (⁸)
354 5775 413 5828 S.
440 5775 639 5829 Joann.
670 5773 918 5828 Damasc.
962 5772 1298 5842 Leqniniaua‘
1327 5775 1449 5829 edit.
1490 5784 1525 5827 ι.
1576 5776 1616 5839 l,
1646 5790 1698 5843 p.
1750 5776 1864 5833 ΓΗ,
1898 5776 1947 5827 in
1983 5774 2145 5826 Neris.
