4186 6442
730 366 838 426 963

1938 355 2000 414 S.
2039 353 2437 413 ANAS'I‘ASII
2478 355 2649 413 SINA
2663 355 2803 413 ΙῊΞ

3882 364 3982 424 964

732 472 995 531 radisum,
1033 476 1094 521 ut
1136 476 1284 521 recte
1316 464 1613 533 inspiceret
1646 460 1882 531 paradisi
1914 460 2077 513 verba
2120 462 2304 531 ineﬂ'a-
2333 468 2376 520 Α
2408 460 2474 514 Et
2490 463 2624 513 dixit
2645 461 2812 515 Deus:
2833 459 2950 514 Fiat
2978 480 3140 532 aqua.
3164 465 3371 529 Alii,ex
3396 466 3604 536 quibus
3630 477 3762 522 sunt
3784 466 3982 533 Persae,

729 562 856 615 ltitia
889 561 931 622 ⁸,
973 574 1098 611 eum
1146 557 1257 611 illic
1298 557 1466 609 Deum
1511 553 1819 622 quaesiisset
1848 551 2059 614 videre,
2094 562 2149 605 et
2194 568 2301 604 non

729 662 875 706 esset
918 650 1338 719 contemplatus,
1387 662 1643 699 reversus
1689 653 1774 698 est
1809 644 1999 697 dicens
2042 643 2110 696 de
2145 645 2298 696 Deo:

731 746 895 809 Quem
945 744 1122 797 nullus
1167 743 1435 794 hominum
1471 743 1615 802 vidit,
1659 756 1825 808 neque
1867 749 2031 808 potest
2062 740 2232 791 videre
2262 740 2300 789 ⁸.

730 836 799 889 Et
820 837 863 889 si
891 836 1006 889 inec
1030 835 1100 886 ita
1127 849 1184 887 se
1209 833 1433 894 habent,
1464 843 1523 884 ut
1548 841 1699 884 certe
1740 831 1964 894 habent,
1990 830 2121 899 quid
2154 831 2306 883 dein-

730 941 861 993 ceps
888 940 1032 992 ages,
1064 939 1097 977 ο
1128 923 1396 983 Israelita,
1429 921 1519 989 qui
1548 921 1821 988 corporali
1850 936 2014 973 sensu
2051 919 2307 982 intelligis

730 1031 795 1068 ea
842 1030 963 1083 qua:
1004 1014 1265 1067 dicuntur
1311 1013 1378 1065 dc
1426 1011 1700 1080 paradiso,
1731 1026 1855 1063 cum
1901 1011 2131 1063 audies:
2164 1011 2306 1062 Deus

733 1106 1125 1173 incorporeus,
1154 1114 1210 1157 et
1242 1104 1421 1156 carnis
1446 1118 1643 1171 expers
1672 1102 1912 1154 materia:
1934 1111 1988 1154 et
2019 1101 2223 1166 ἣρω-ξιξ,
2252 1109 2305 1152 et

731 1196 971 1249 sonitum
1025 1196 1223 1264 pedum
1269 1194 1398 1247 fecit
1450 1195 1502 1246 in
1552 1193 1840 1262 paradiso?
1883 1193 2168 1256 Quomodo
2209 1191 2303 1260 qui

733 1299 885 1341 caret
936 1288 1187 1339 manibus
1233 1286 1437 1339 dicitur
1490 1286 1725 1352 propriis
1775 1285 2028 1337 manibus
2080 1286 2304 1337 humum

736 1380 1097 1448 prehendisse
1123 1387 1179 1430 ct
1223 1378 1441 1431 [iusisse
1470 1378 1779 1430 hominem?
1805 1377 2092 1441 Quomodo
2121 1377 2309 1429 lateris

736 1468 927 1522 Adami
976 1467 1103 1521 fecit
1135 1469 1490 1529 cxcisionem,
1528 1478 1583 1520 et
1631 1467 1876 1518 innlieris
1903 1466 2195 1519 tedilieium
2227 1468 2307 1519 [ει-

736 1558 979 1613 bricatus
1003 1568 1089 1612 est
1113 1559 1508 1626 incorporeus?
1533 1558 1643 1611 Nec
1665 1558 1767 1610 hoc
1792 1559 1991 1618 solum,
2022 1557 2116 1609 sed
2139 1557 2305 1609 etiam

734 1643 840 1697 fuit
871 1646 1216 1705 hortulanus,
1245 1655 1299 1697 et
1326 1660 1436 1698 sum
1466 1654 1729 1697 crcaturre
1757 1644 2109 1709 administer;
2143 1645 2308 1698 boves

734 1746 791 1793 et
818 1753 965 1798 oves,
1005 1737 1207 1790 bestias
1238 1747 1294 1790 et
1323 1738 1569 1805 jumenta
1598 1736 1662 1789 ad
1694 1736 1960 1789 Adamum
1998 1737 2302 1799 adducens;

2411 568 2533 603 cum
2572 552 2857 604 sororibus
2886 561 2941 604 et
2976 555 3244 607 matribus
3278 565 3672 611 contraxerunt
3701 559 3984 612 matrimo-

2412 644 2586 702 nium,
2620 652 2908 711 propterea
2944 645 3094 711 quod
3144 648 3317 700 nostri
3367 649 3527 717 primi
3563 662 3821 718 parentes
3852 666 3983 705 con-

2405 734 2772 801 jungerentur
2800 749 2923 786 cmn
2956 736 3071 787 suis
3108 737 3375 790 matribus
3416 749 3473 792 et
3512 740 3815 793 sororibus.
3852 740 3985 795 Sunt

2410 823 2574 873 etiam
2614 822 2861 890 quaedam
2912 824 3148 876 haereses
3188 841 3308 893 qua:
3349 826 3518 878 Deum
3548 837 3811 879 accusant
3840 828 3981 895 quod

2412 929 2519 965 non
2556 914 2901 982 prohibuerit
2944 932 3008 967 ne
3056 916 3329 981 malignus
3358 916 3521 969 Evam
3568 917 3863 969 scduceret
3894 933 3986 985 per

2412 1014 2746 1072 serpentem.
2780 1006 2898 1058 Alia
2930 1015 3111 1058 autem
3146 1023 3337 1060 rursus
3367 1008 3592 1061 hmrcsis
3618 1008 3867 1061 decrevit
3898 1008 3984 1062 be-

2409 1095 2636 1147 stiarum
2662 1111 2883 1163 quoque
2911 1097 3121 1148 animas
3154 1112 3274 1149 esse
3320 1098 3531 1151 ratione
3558 1098 3838 1167 praeditas,
3868 1116 3985 1167 qua:

2408 1197 2638 1254 possunt
2666 1188 2973 1242 orationem
3003 1189 3196 1241 audire
3227 1199 3282 1241 ct
3312 1191 3585 1253 excolere,
3618 1206 3743 1245 Cum
3774 1191 3981 1245 audiis-

2409 1285 2492 1329 Set
2525 1278 2689 1329 Deum
2737 1278 3155 1331 hencdiccntem
3187 1279 3506 1333 volucribus
3539 1291 3594 1335 et
3629 1284 3899 1350 piscibus,
3932 1291 3985 1335 et

2407 1379 2780 1421 exsecrantem
2810 1380 3143 1437 serpentem,
3165 1379 3221 1422 et
3241 1369 3603 1423 adducentem
3628 1372 3693 1424 ad
3716 1372 3981 1424 Adamutn

2410 1459 2613 1511 bestias
2648 1470 2701 1512 et
2735 1461 2990 1513 volucres
3033 1470 3086 1512 ct
3127 1461 3399 1528 juntcnta,
3452 1469 3511 1512 ut
3546 1460 3683 1513 sciat
3723 1461 3981 1530 quidnam

2408 1564 2473 1600 ea
2520 1550 2783 1601 innninet.
2821 1548 2928 1601 llas
2973 1550 3156 1618 itaque
3187 1558 3242 1603 et
3272 1550 3405 1603 alias
3429 1551 3693 1619 plurimas
3726 1552 3983 1613 haereses,

2409 1654 2530 1705 qua:
2561 1650 2917 1706 stnnpserunt
2950 1640 3294 1692 occasionem
3339 1655 3407 1693 ex
3454 1642 3753 1710 Scriptura:
3804 1643 3983 1697 verbis

2409 1730 2477 1781 de
2512 1731 2789 1797 paradiso,
2824 1730 3175 1785 admirabiles
3226 1747 3364 1800 quos
3415 1732 3569 1800 prius
3614 1733 3854 1786 diximus
3901 1733 3981 1786 in-

736 1837 796 1881 ut
837 1844 899 1881 ea
952 1828 1230 1895 sigillatim
1276 1835 1519 1887 vocaret,
1569 1825 1661 1894 qui
1712 1828 1894 1877 omnia
1946 1829 2305 1893 cognoscehat

2411 1829 2682 1889 terpretes
2721 1823 2970 1876 volentes
3000 1835 3271 1886 evertere,
3306 1824 3360 1877 in
3398 1839 3608 1878 sacram
3646 1825 3981 1893 Scripturam

734 1927 860 1971 ante
890 1934 1082 1971 eorum
1117 1927 1322 1970 ortmn.
1365 1920 1612 1980 Quonam
1657 1924 1840 1967 autem
1890 1930 1986 1968 ore
2021 1925 2079 1968 et
2118 1916 2305 1978 labris,

734 2010 827 2076 qui
848 2027 911 2062 ea
939 2025 1046 2061 non
1071 2009 1301 2070 ferebat,
1325 2007 1490 2074 utqui
1518 2007 1587 2059 sit
1614 2008 1995 2074 incorporeus,
2013 2007 2308 2059 insulhavit

736 2098 791 2153 in
822 2101 1015 2153 faciem
1054 2099 1293 2152 hominis
1322 2098 1571 2166 spiritum
1618 2097 1782 2149 vita}?
1810 2097 1941 2150 Nam
1976 2098 2020 2149 si
2058 2107 2186 2151 tunc
2223 2098 2308 2150 in-

733 2201 1057 2256 corporatns
1092 2198 1148 2243 et
1181 2191 1414 2242 humana
1448 2189 1618 2241 forma
1647 2188 1907 2255 przeditns
1949 2190 2143 2242 fuisset
2168 2190 2311 2243 Deus

738 2281 994 2342 Verbum,
1024 2294 1364 2346 nequaquam
1417 2279 1469 2330 in
1531 2276 1794 2330 extremis
1857 2279 2197 2345 temporibus
2240 2294 2306 2331 ex

735 2378 924 2423 sancta
952 2370 1169 2435 Virgine
1198 2384 1419 2421 carnem
1454 2367 1787 2435 suscepisset
1811 2367 1976 2419 homo
2004 2367 2197 2421 lactus.

807 2460 969 2512 ὐοεν
1005 2459 1095 2511 διὰ
1137 2458 1338 2519 ταύτας
1390 2457 1487 2517 τὰς

733 2549 1149 2618 ἀκαταλήπτους
1306 2549 1485 2607 αἰτίας

734 2643 1120 2713 πνευματικῶς
1193 2643 1487 2712 νοήσαντες

735 2735 914 2787 πάντα
982 2734 1051 2786 τὰ
1123 2733 1253 2802 περὶ
1310 2749 1487 2801 παρα-

732 2825 913 2878 δεισου
942 2827 991 2877 οἱ
1024 2823 1485 2894 μνημονευοέντες

733 2916 1037 2986 ἐξηγηταὶ,
1102 2915 1345 2981 ἔφασαν,
1402 2916 1483 2967 ὅτι

734 3003 980 3072 διάφοροι
1004 3002 1241 3071 αἱρέσεις
1267 2998 1486 3069 ἐτέχθη-

739 3112 839 3147 σαν
863 3094 968 3147 ὑπό
997 3110 1158 3145 τινων
1180 3092 1483 3160 ἀνθρώπων

737 3186 1014 3254 σαρκικῶς
1041 3182 1388 3235 ἀκουσάντων
1415 3181 1484 3234 τὰ

738 3282 868 3349 περὶ
921 3277 1057 3330 θεοῦ
1098 3279 1193 3329 καὶ
1228 3275 1485 3345 παραδεί-

735 3386 831 3422 σου
861 3371 918 3421 ὲν
951 3372 1019 3438 τῇ
1066 3367 1280 3436 γενέσει
1332 3365 1486 3432 λεγόο

738 3478 902 3532 μενα·
925 3463 973 3514 οἱ
1007 3462 1105 3529 μὲν
1129 3460 1485 3528 σωματόμορ-

736 3571 837 3623 φον
859 3555 950 3606 τὸν
971 3552 1126 3613 θεὸν,
1150 3552 1271 3603 κατ’
1301 3551 1485 3603 εἰκόνα

736 3648 832 3701 καὶ
877 3645 1136 3714 ὁμοίωσιν
1171 3644 1360 3713 ὑλικὴν
1391 3642 1484 3696 τοῦ

736 3736 1024 3805 ἀνθρώπου
1039 3734 1482 3802 δογματίσαντεςο

736 3830 785 3880 οἱ
838 3829 894 3880 δὲ
950 3828 1208 3897 μεγίστας
1266 3826 1489 3894 εὐχαρι-

738 3918 889 3981 στίας
913 3918 988 3986 τῷ
1025 3919 1145 3986 ὕφει
1184 3917 1487 3986 προσάξειν·

736 4026 859 4072 τες,
914 4008 991 4071 ὡς
1045 4008 1132 4060 διὰ
1183 4008 1283 4075 τῆς
1322 4005 1486 4058 αὐτοῦ

738 4097 1047 4167 συμϐουλῆς
1091 4097 1185 4149 καὶ
1237 4096 1335 4165 τῆς
1383 4112 1486 4146 πα-

738 4190 1018 4259 ραόάσεως
1047 4188 1148 4256 τῆς
1184 4188 1486 4256 γενομένης

734 4277 1084 4346 γεννηθέντος
1110 4277 1232 4329 ὅλου
1263 4275 1357 4328 τοῦ
1390 4277 1483 4327 ἀν-

735 4366 970 4434 θρώπων
1019 4367 1228 4434 γένους,
1288 4367 1485 4429 οἵτινες

734 4464 830 4515 καὶ
851 4464 1060 4528 Ὀφῖι-αι
1077 4464 1299 4526 δικαίως
1318 4479 1484 4532 προσ·

732 4556 1110 4626 αγορεύονται.
1194 4558 1481 4625 Μαιθιχαῖοι

733 4647 811 4707 δὲ.
856 4645 991 4716 ὁμοῦ
1038 4664 1101 4700 τε
1133 4648 1227 4700 καὶ
1254 4648 1478 4714 ἄνδρες,

698 4784 699 4787 η
734 4741 829 4791 καὶ
857 4741 1136 4806 γυναῖκες,
1173 4741 1369 4809 γυμνοὶ
1423 4742 1480 4792 ἐν

733 4834 855 4892 ταῖς
878 4830 1191 4899 ἐκκλησίαις
1224 4832 1481 4898 συνάγον-

733 4936 825 4972 ται
890 4920 1028 4973 κατὰ
1101 4921 1332 4989 μίμησιν
1386 4924 1478 4976 τοῦ

745 5010 913 5081 ’Δδέιμ
940 5012 1037 5063 καὶ
1066 5010 1165 5081 τῆς
1186 5011 1326 5077 Elia;
1350 5014 1411 5083 (l
1436 5015 1477 5082 ).

1632 2457 1784 2510 Unde
1809 2467 2030 2525 propter
2051 2457 2146 2510 has
2173 2473 2306 2511 cau-

1558 2560 1646 2598 sas
1689 2546 2269 2614 incomprehensibiles
2290 2589 2304 2611 ,

1559 2637 1739 2689 omnia
1778 2653 1900 2706 qua:
1939 2638 2007 2691 de
2052 2640 2307 2692 Paradiso

1558 2732 1705 2784 dicta
1756 2741 1885 2784 sunt
1948 2732 2308 2800 spiritualiter

1558 2824 1925 2893 intelligentcs
1979 2827 2307 2895 interpretes

1556 2933 1789 2986 quorum
1899 2920 2251 2973 meminimus
2287 2959 2303 2983 ,

1556 3010 1814 3064 dixerunt
1863 3012 2007 3080 quod
2071 3011 2306 3066 diversa:

1556 3109 1695 3154 nata:
1717 3110 1847 3155 sunt
1868 3102 2104 3155 luercses
2124 3118 2153 3155 a
2179 3103 2307 3171 qui-

1557 3191 1785 3245 busdam
1827 3194 2145 3249 hominibus
2165 3235 2178 3258 ,
2209 3196 2305 3263 qui

1556 3286 1850 3339 carnaliter
1870 3286 2164 3340 audierunt
2188 3303 2308 3357 qure

1557 3374 1624 3427 de
1669 3376 1780 3428 Deo
1822 3385 1878 3431 et
1921 3377 2176 3445 paradiso
2219 3379 2306 3431 di-

1557 3470 1759 3514 cuntur
1806 3462 1859 3514 in
1900 3462 2097 3515 Genesi
2127 3501 2141 3523 ,
2186 3463 2309 3516 aliis

1559 3552 1778 3622 quidem
1939 3554 2308 3607 statuentihus

1558 3644 1732 3697 Deum
1803 3643 2007 3698 habere
2076 3644 2305 3698 formam

1559 3736 1847 3803 corporis,
1930 3736 2051 3788 aliis
2122 3745 2303 3790 autem

1562 3825 1801 3893 serpenti
1877 3841 2099 3895 magnas
2176 3828 2310 3881 οπρ-

1562 3927 1746 3969 rentes
1792 3917 2088 3984 gratiarum
2134 3918 2305 3971 actio-

1559 4027 1678 4073 nes,
1695 4019 1883 4079 utpote
1904 4011 2048 4079 quod
2071 4027 2167 4080 per
2187 4013 2306 4082 ejus

1557 4104 1846 4158 consilium
1868 4113 1923 4157 et
1946 4104 2138 4157 factam
2170 4120 2306 4174 pra--

1561 4194 1950 4246 varicationem
2034 4209 2099 4247 ex
2180 4210 2303 4248 tnu-

1559 4281 1688 4335 liere
1710 4283 1779 4334 sit
1794 4291 2110 4350 generatum
2130 4290 2301 4337 totum

1555 4387 1727 4441 genus
1793 4373 2091 4426 humanum
2117 4390 2132 4439 ;
2206 4375 2301 4443 qui

2411 1912 2478 1963 de
2527 1923 2724 1965 caetero
2774 1914 2965 1965 oculos
3014 1914 3379 1981 spiritualiter
3424 1913 3801 1975 intendentcs,
3846 1914 3983 1967 sicut

2405 2003 2564 2069 jubet
2605 2004 2827 2066 Paulus,
2855 2003 3222 2056 decreverunt
3253 2004 3394 2057 duos
3435 2005 3697 2072 quosdam
3728 2018 3853 2057 esse
3896 2019 3985 2071 pa-

2411 2093 2644 2155 radisos,
2672 2094 2816 2147 sicut
2844 2103 2898 2147 ct
2920 2094 3230 2162 Dionysius,
3256 2095 3595 2163 spiritualcm
3624 2106 3681 2150 ct
3704 2096 3981 2158 sensilem,

2412 2190 2727 2235 terrestrem
2773 2193 2830 2236 et
2859 2185 3159 2247 cmlcstem,
3209 2185 3302 2253 qui
3353 2184 3598 2238 cernitur
3636 2195 3691 2238 et
3744 2185 3839 2253 qui
3901 2184 3981 2236 in-

2410 2276 2695 2343 telligitur,
2729 2277 2871 2329 sicut
2892 2278 3053 2331 etiam
3085 2287 3167 2331 est
3194 2278 3448 2330 Christus
3475 2277 3716 2331 cmlestis
3739 2277 3903 2330 simul
3928 2284 3981 2329 et

2410 2371 2711 2434 terrestris,
2756 2382 3125 2441 congruenter
3162 2384 3289 2442 typo
3322 2373 3556 2426 duarum
3589 2372 3977 2432 Eeclesiarum,

2410 2468 2664 2525 terreme,
2702 2462 2946 2531 inquam,
2980 2473 3036 2517 et
3067 2465 3307 2517 ccelestis
3337 2464 3575 2517 civitatis
3620 2462 3835 2515 Domini
3878 2462 3983 2515 vir-

2410 2562 2609 2619 tutum,
2654 2555 2746 2607 ubi
2791 2564 2875 2608 est
2914 2555 3080 2609 etiam
3117 2557 3359 2611 secunda
3383 2565 3439 2609 et
3462 2556 3645 2608 verior
3677 2563 3822 2607 terra
3854 2570 3979 2623 pro-

2411 2645 2708 2709 missionis,
2749 2647 2900 2715 regio
2931 2647 3256 2710 viventium,
3286 2657 3338 2701 et
3388 2646 3700 2700 mansiones
3726 2646 3978 2698 taberna-

2407 2739 2532 2792 cula
2554 2749 2758 2793 acterna
2785 2750 2842 2794 et
2868 2757 2990 2809 qua:
3016 2743 3220 2795 nullam
3250 2741 3454 2795 habent
3474 2740 3905 2801 successionem,
3928 2748 3981 2792 et

2410 2838 2556 2883 terra
2593 2830 2808 2883 mitium
2854 2831 3096 2884 secunda
3125 2842 3181 2885 et
3208 2832 3263 2884 in
3287 2847 3450 2899 quam
3480 2846 3589 2884 non
3618 2829 3764 2883 cadit
3796 2829 3983 2882 interi-

2408 2928 2518 2984 tus,
2551 2938 2673 2990 quae
2701 2922 2865 2975 habet
2898 2922 3123 2975 arbores
3162 2932 3219 2976 et
3246 2936 3417 2990 aquas
3444 2920 3689 2973 interitui
3726 2935 3838 2973 non
3886 2918 3982 2971 ob-

2409 3012 2621 3075 noxias,
2654 3021 2709 3065 et
2738 3013 2953 3081 plantas
2981 3028 3101 3080 qua:
3144 3028 3253 3065 non
3287 3020 3657 3066 marcescunt.
3682 3019 3738 3063 et
3767 3010 3982 3063 fructus

2333 3137 2375 3195 ο
2409 3114 2631 3170 semper
2658 3103 3049 3171 germinantcs,
3080 3101 3173 3169 qui
3210 3117 3239 3154 a
3285 3101 3513 3170 perenni
3546 3100 3695 3154 fonte
3728 3100 3856 3153 vita:
3888 3116 3979 3169 pe-

2409 3191 2654 3244 renniter
2689 3192 3004 3261 irrigantur,
3030 3200 3085 3246 et
3117 3193 3169 3245 in
3204 3194 3399 3245 saecula
3431 3192 3758 3245 seculorum
3803 3193 3984 3259 quoti-

2406 3279 2496 3333 die
2545 3281 2859 3345 ﬂorescunt,
2903 3291 2959 3336 et
3010 3299 3225 3351 semper
3262 3291 3515 3337 crescunt
3565 3282 3619 3335 in
3666 3282 3887 3343 melius,
3930 3292 3984 3334 et

2409 3386 2690 3439 nunquam
2721 3382 2936 3425 cessant
2964 3376 3228 3439 prolicere
3262 3383 3317 3427 et
3348 3373 3536 3443 augeri
3579 3383 3635 3428 et
3675 3373 3902 3426 formari
3929 3375 3981 3426 in

2410 3459 2461 3512 id
2506 3461 2652 3529 quod
2696 3471 2783 3515 est
2815 3463 3014 3515 melius
3045 3471 3099 3516 et
3141 3464 3415 3532 superius,
3445 3471 3501 3517 et
3533 3464 3627 3532 qui
3666 3472 3797 3516 sunt
3827 3466 3981 3532 plan—

2410 3553 2504 3604 tati
2537 3562 2593 3606 ct
2625 3552 2876 3606 collocati
2909 3554 2963 3607 in
3002 3553 3165 3607 domo
3196 3555 3312 3619 Dei,
3342 3564 3398 3608 et
3423 3555 3616 3608 ﬂorent
3648 3555 3701 3608 in
3729 3556 3983 3623 supernis

2405 3643 2527 3711 ejus
2561 3643 2751 3707 atriis;
2790 3644 3096 3712 cujnsmodi
3142 3657 3271 3699 sunt
3314 3646 3456 3699 cedri
3505 3646 3747 3700 cmlestis
3772 3646 3981 3708 Libani.

2408 3750 2539 3802 quos
2585 3733 2850 3802 plantavit
2895 3734 3114 3804 (nempe
3161 3736 3529 3804 intelligentes
3561 3738 3809 3805 naturas)
3848 3736 3980 3791 Uni-

2406 3824 2649 3892 gcnitus,
2686 3839 2813 3876 cum
2858 3825 3060 3892 quibus
3099 3825 3208 3877 illic
3235 3826 3521 3892 nidiﬁcavit
3565 3841 3805 3894 passeres
3855 3842 3981 3880 sau-

2407 3930 2620 3972 elarum
2653 3920 2983 3983 animarum,
3034 3928 3082 3972 et
3126 3922 3347 3983 lierodii,
3384 3936 3579 3990 nempe
3615 3921 3848 3979 Christi.
3888 3924 3981 3975 do-

2407 4025 2520 4060 mus
2545 4009 2651 4061 dua:
2669 4020 2740 4062 est
2769 4027 2949 4063 eorum
2968 4011 3008 4073 ',
3038 4022 3263 4079 propter
3285 4026 3423 4079 quos
3442 4012 3587 4064 solos
3601 4022 3819 4080 pratum
3848 4012 3980 4066 illud

2404 4105 2550 4172 quod
2586 4122 2694 4159 non
2741 4107 3116 4175 corrumpitur
3162 4122 3263 4161 nec
3293 4107 3550 4170 senescit,
3586 4107 3901 4177 intelligens
3926 4118 3981 4162 et

2404 4208 2601 4261 expers
2646 4196 2918 4259 materiae,
2968 4196 3233 4263 plantavit
3280 4204 3337 4248 et
3382 4196 3691 4249 constituit.
3744 4197 3823 4251 De
3870 4215 3980 4267 quo

2405 4283 2611 4338 dictum
2655 4295 2739 4339 est
2771 4302 2783 4338 :
2817 4283 2881 4337 Et
2921 4285 3181 4353 plantavit
3214 4284 3465 4338 Dominus
3495 4284 3633 4338 Deus
3666 4288 3979 4355 paradisum

2404 4377 2458 4428 in
2491 4375 2653 4429 Edam
2682 4377 2751 4428 ad
2778 4379 3065 4440 orientem,
3101 4385 3149 4429 et
3179 4377 3351 4445 posuit
3391 4376 3502 4430 illic
3533 4377 3796 4430 hominem
3826 4394 3981 4448 quem

1555 4462 1778 4529 quidem
1852 4464 2050 4516 merito
2130 4465 2296 4517 etiam
2332 4468 2375 4524 ﬂ
2404 4465 2543 4532 (erit.
2592 4466 2659 4519 Et
2700 4466 3096 4535 interpretatur
3142 4468 3364 4535 quidem
3422 4465 3609 4529 Edem,
3653 4470 3980 4537 ignoscentes

1553 4554 1901 4621 appellantur
1948 4554 2163 4622 Ophiue
2179 4596 2192 4617 ,
2248 4557 2301 4609 id

1555 4644 1607 4697 id
1638 4654 1742 4709 est,
1770 4645 2107 4715 Serpentini.
2132 4648 2304 4701 Mani-

1553 4738 1689 4791 chzei
1714 4746 1898 4791 autem
1932 4739 2093 4793 simul
2119 4750 2174 4793 et
2197 4740 2301 4795 viri

1551 4843 1608 4886 et
1628 4834 1889 4888 mulieres
1916 4835 2049 4888 nudi
2076 4850 2303 4905 congre-

1553 4933 1752 4995 gantur
1786 4926 1842 4980 in
1891 4928 2007 4981 suis
2051 4929 2302 4982 ecclesiis

1553 5016 1619 5069 ad
1681 5018 2040 5072 imitationem
2105 5018 2298 5073 Adami

1551 5118 1606 5163 et
1637 5110 1779 5165 Evze.

806 5192 908 5246 Alii
941 5205 1121 5249 autem
1159 5196 1457 5251 increatam
1506 5199 1647 5269 ignis
1677 5200 1980 5257 adorarunt
2022 5213 2299 5269 naturam,

732 5291 1022 5351 propterea
1054 5288 1198 5353 quod
1230 5289 1673 5356 nulla_in!’eratur
1697 5292 1840 5361 ignis
1869 5296 2074 5347 mentio
2098 5295 2153 5347 in
2180 5295 2301 5348 uni-

731 5381 887 5424 vertsa
931 5388 1026 5425 sex
1060 5374 1274 5429 dierum
1319 5378 1617 5431 creatione.
1647 5381 1753 5434 Alii
1782 5397 1977 5450 aquam
2009 5384 2301 5439 coluerunt

732 5470 990 5529 tanquam
1040 5462 1356 5531 increatam,
1399 5471 1660 5537 quoniam
1707 5486 1814 5525 non
1859 5473 2125 5541 scriptum
2155 5484 2239 5528 est
2282 5493 2294 5526 :

802 5597 822 5625 ⁸
852 5594 893 5647 ΙΙ
928 5595 1156 5658 Conso,
1194 5598 1307 5654 2-4.
1385 5601 1406 5632 ⁸
1440 5602 1457 5655 l
1490 5602 1629 5657 Tim.
1672 5620 1742 5667 vi,
1782 5606 1861 5659 l6.

809 5709 883 5770 tl)
913 5710 964 5759 ἃ.
1013 5708 1216 5763 Joann.
1245 5714 1490 5769 Damnst.
1532 5716 1638 5768 loro
1673 5720 1759 5770 rit.

1940 5607 1960 5636 '
2008 5606 2147 5661 l‘sal.
2181 5622 2289 5667 cm,
2324 5607 2407 5667 l6,
2446 5608 2526 5661 l8.

2401 4565 2495 4608 aut
2524 4558 2943 4625 sanguinolenta:
2975 4559 3193 4611 deliriw.
3243 4558 3311 4612 Ut
3353 4568 3537 4611 autem
3577 4559 3715 4613 dicit
3761 4562 3981 4629 priscos

2397 4649 2638 4711 Judteus,
2658 4651 2824 4705 Edem
2846 4653 3263 4721 interpretatur,
3284 4654 3634 4723 inﬂammatio
3653 4655 3977 4710 carbonum:

2398 4741 2545 4807 quod
2572 4743 2795 4810 quidem
2827 4744 3123 4797 admodum
3166 4752 3291 4813 apte
3322 4744 3459 4798 dicit
3486 4749 3743 4800 convenit
3772 4745 3844 4799 de
3878 4762 3976 4815 pa-

2399 4832 2582 4886 radiso
2624 4834 2917 4902 spirituali,
2953 4846 3008 4889 et
3050 4836 3294 4889 materiae
3340 4845 3586 4904 experte,
3617 4844 3674 4890 et
3705 4837 3977 4906 angelico,

2400 4929 2456 4974 et
2480 4920 2805 4991 intelligenti
2838 4940 2850 4975 :
2885 4921 2988 4987 Qui
3021 4924 3146 4993 facit
3172 4924 3343 4986 enim,
3374 4923 3574 4991 inquit,
3605 4924 3823 4993 angelos
3854 4941 3978 4978 suos

2401 5012 2639 5079 spiritus,
2672 5020 2722 5064 et
2747 5013 3012 5066 ministros
3053 5014 3166 5083 ejus
3203 5016 3480 5084 ﬂammam
3514 5014 3649 5083 ignis
3678 5014 3721 5069 ⁸.
3749 5014 3832 5069 Ad
3863 5018 3978 5085 spi-

2400 5106 2616 5160 ritualis
2644 5117 2827 5162 autem
2870 5109 3106 5178 paradisi
3138 5110 3404 5163 rationem
3431 5124 3490 5163 se
3518 5110 3752 5163 maxime
3776 5112 3978 5165 contir-

2404 5209 2628 5252 marunt
2652 5198 3010 5270 interpretes,
3031 5201 3369 5255 adducentes
3391 5210 3584 5256 testem
3604 5202 3975 5265 Ezechielem.

2400 5300 2455 5345 et
2487 5292 2654 5345 Deum
2682 5292 2775 5360 qui
2808 5292 2861 5345 in
2899 5292 3017 5362 ipso
3046 5292 3397 5361 loquebatur,
3433 5291 3531 5346 ubi
3572 5292 3793 5346 videtur
3831 5293 3979 5349 Deus

2400 5385 2560 5439 nobis
2582 5385 2922 5455 aenigmatice
2947 5388 3209 5450 revelare,
3238 5371 3382 5456 apud
3409 5387 3588 5457 ipsum
3624 5387 3973 5456 prophetam,

2400 5475 2603 5530 diaboli
2632 5492 2664 5530 e
2700 5480 2841 5530 cmlo
2873 5493 3083 5543 casum,
3118 5479 3199 5533 sic
3228 5478 3454 5532 dicens:
3485 5476 3553 5532 Et
3584 5486 3662 5539 tu,
3696 5476 3779 5543 ﬁli
3809 5478 3977 5533 homi-

2606 5609 2625 5637 ‘
2660 5608 2793 5662 ibid.
2831 5609 2881 5662 4.
