4186 6442
142 347 262 411 965

1225 353 1306 413 IN
1342 352 1970 414 HEXAEMERON.—
2002 351 2147 409 LIB.
2190 350 2325 411 VII.

3308 356 3417 417 966

142 463 260 523 nis,
310 462 487 531 accipe
539 462 969 517 lamentationem
995 482 1151 534 super
1188 467 1474 535 principem
1516 466 1657 535 Tyri,
1693 475 1740 517 et
1774 475 1815 525 Α
1849 463 2053 515 bonum
2082 461 2518 515 Cherubicorttm
2551 462 2604 514 itt
2642 467 2841 513 terram
2883 471 2966 515 est
3008 463 3290 532 projectus
3322 467 3422 521 iste

138 556 236 607 dic
272 557 320 607 ei
348 572 365 607 :
389 555 513 609 Ila'c
551 558 675 610 dicit
693 556 945 611 Dominus
973 574 989 609 :
1026 557 1099 610 Tu
1128 557 1459 626 signaculum
1494 558 1741 611 similitu-

137 645 291 696 dinis
333 655 382 697 et
422 662 617 699 corona
659 646 1062 714 pulcltriludiuis
1085 648 1138 700 in
1161 647 1358 700 deliciis
1391 648 1627 716 paradisi
1651 646 1742 700 Dei

139 746 435 802 generatus
466 753 519 789 es
552 738 596 788 ⁷.
634 737 764 791 Erat
825 738 973 791 enim
1036 738 1238 806 impius
1297 741 1556 813 princeps
1612 738 1737 808 Tyri

136 833 199 877 ct
249 824 539 879 idnlolatra
578 827 632 879 itt
673 827 871 881 diebus
907 828 1221 882 Ezechielis
1255 830 1555 898 prophetas.
1602 830 1740 884 Dicit

136 916 298 968 enim
334 918 515 985 ipsum
549 918 854 987 principem
891 919 1145 972 indtttttttt
1180 920 1470 973 duodecim
1509 920 1739 989 insigni-

138 1007 255 1059 bus
286 1008 553 1077 pretiosis
581 1009 875 1078 lapidibus,
907 1020 1175 1079 potestate
1199 1011 1340 1064 forte
1368 1027 1733 1080 supernorum

134 1102 446 1154 virtutum.
495 1103 565 1155 Et
615 1104 798 1156 statim
853 1113 976 1171 post
1019 1102 1402 1156 indumentum
1458 1103 1733 1170 lapidum.

136 1195 458 1263 subjungit,
495 1195 687 1248 dicens
716 1212 729 1246 :
758 1195 800 1247 Α
832 1211 933 1263 quo
961 1194 1046 1246 die
1073 1202 1280 1246 creatus
1305 1209 1357 1245 es
1390 1209 1505 1245 cum
1539 1193 1736 1247 Cheru-

133 1284 272 1346 bim,
303 1285 426 1336 dedi
454 1295 503 1337 te
528 1286 579 1337 in
613 1297 785 1338 monte
813 1294 995 1337 sancto
1027 1284 1121 1336 Dei
1152 1284 1194 1339 ⁸.
1224 1283 1326 1336 hoc
1354 1294 1437 1337 est
1476 1284 1529 1336 in
1572 1285 1734 1336 caelo.

136 1374 235 1427 Sic
266 1376 420 1429 enim
456 1375 592 1429 dicit
620 1385 1026 1444 consequenter
1054 1392 1066 1427 :
1098 1373 1260 1427 Fuisti
1304 1376 1357 1428 in
1394 1375 1563 1428 medio
1600 1374 1735 1442 lapi-

133 1470 269 1521 dum
316 1472 593 1539 igneorum
634 1472 677 1534 ’,
713 1487 910 1539 nempe
943 1473 1339 1524 llantmantium
1372 1472 1492 1538 ejus
1528 1470 1732 1523 intelli-

134 1560 399 1624 gentium
436 1560 732 1620 Virtutum,
763 1562 1159 1613 convenienter
1196 1562 1244 1614 ei
1287 1561 1380 1628 qui
1419 1560 1597 1613 dicit:
1630 1560 1732 1624 Qui

134 1648 273 1714 facit
325 1651 542 1715 angelos
585 1652 833 1719 spiritus,
878 1661 927 1704 et
974 1654 1240 1703 ministros
1289 1668 1407 1703 suos
1456 1654 1728 1720 ﬂammam

135 1739 304 1805 ignis.
332 1739 639 1793 Audiamus
668 1750 722 1793 et
752 1757 874 1810 qure
900 1742 1162 1809 deinceps
1187 1752 1495 1809 sequuntur
1523 1761 1535 1795 :
1563 1744 1602 1796 Α
1628 1760 1728 1811 quo

1845 553 1938 622 qtti
1962 551 2168 605 dicitur
2198 552 2455 621 princeps
2478 551 2602 621 Tyri
2633 551 2839 621 :Tyrus
2862 562 3043 606 autent
3068 552 3255 608 Graece
3280 555 3421 608 diei-

1845 654 1935 697 tur
1964 644 2162 713 κράτος
2194 644 2289 695 καὶ
2331 643 2477 711 ὄρος,
2518 641 2570 693 id
2618 653 2702 696 est
2733 643 2971 711 polentia
3014 652 3062 694 et
3099 660 3267 697 mons.
3299 645 3420 710 Qtto

1843 737 1903 789 lit
1951 745 2010 788 ut
2041 734 2170 787 hinc
2200 750 2267 787 ex
2302 733 2369 787 iis
2400 748 2523 801 qua:
2563 733 2707 786 dicta
2743 744 2869 786 sunt
2896 733 3195 796 Ezechieli,
3230 745 3417 804 aperte

1841 826 2007 880 liceat
2046 840 2375 895 cognoscere
2430 822 2576 891 qttod
2606 838 2796 876 ontnes
2820 824 3009 878 Patres
3033 824 3128 894 qui
3160 825 3419 879 dixerunt

1840 931 1964 968 cum
2000 915 2185 969 sensili
2217 928 2337 967 esse
2364 912 2600 980 aliquem
2635 912 2947 980 paradisum
2989 914 3332 983 spiritualem
3362 924 3418 968 et

1839 1005 1981 1075 ligna
2009 1005 2337 1076 spiritualia,
2372 1004 2424 1056 id
2455 1003 2716 1055 dixerunt
2749 1013 3043 1070 sequentes
3067 1004 3253 1058 divina
3296 1005 3418 1075 ejus

1841 1100 2124 1168 propheta:
2162 1096 2330 1150 verba
2369 1112 2381 1146 :
2414 1110 2477 1147 ex
2513 1094 2715 1162 quibus
2746 1103 2874 1147 sunt
2906 1095 3071 1148 etiam
3116 1098 3414 1165 sapientis-

1842 1189 1963 1242 simi
2011 1187 2285 1258 Gregorii,
2332 1185 2425 1254 qni
2458 1185 2648 1238 dicunt
2689 1185 2912 1253 plantas
2955 1201 3078 1239 esse
3124 1188 3411 1255 quasdam,

1838 1280 2353 1349 contemplationes,
2385 1286 2446 1330 ut
2478 1278 2631 1344 ponit
2656 1293 2850 1329 eorum
2886 1278 3052 1347 895
3079 1281 3415 1347 contetnpla~

1837 1372 1932 1425 tio.
1980 1371 2239 1437 Quaenam
2287 1377 2470 1422 autem
2502 1376 2621 1419 erat
2655 1366 2906 1437 Gregorii
2942 1369 3245 1437 spiritualis
3277 1384 3412 1422 con-

1838 1466 2139 1532 templatio,
2185 1462 2288 1515 nisi
2322 1462 2411 1514 illa
2459 1458 2698 1526 Spiritus
2740 1460 2912 1513 sancti
2944 1461 3308 1514 illttminatio?
3336 1461 3413 1514 De

1834 1572 1940 1624 qua
1990 1553 2453 1622 contemplatione
2489 1550 2626 1602 dicit
2669 1550 2932 1624 Dominus
2974 1568 2985 1603 :
3025 1551 3175 1604 Beati
3218 1554 3411 1604 mundo

1832 1646 2009 1705 corde,
2037 1646 2283 1712 quoniam
2324 1645 2422 1711 ipsi
2450 1641 2612 1693 Deum
2642 1638 2885 1691 ridebunt
2921 1642 2984 1693 ".

1908 1734 2043 1801 Ὅρα
2062 1734 2169 1801 γὰρ
2185 1732 2382 1798 ὃτιούχ
2399 1729 2585 1787 ἁπλῶς
2729 1729 2865 1782 Vide
2918 1729 3064 1783 enim
3112 1730 3257 1798 qttod
3299 1745 3407 1785 non

133 1830 222 1880 die
263 1840 481 1884 creatus
525 1849 597 1894 es,
634 1850 899 1903 quousque
933 1836 1155 1887 inveula.‘
1185 1845 1304 1886 sunt
1339 1836 1644 1903 iniquitates
1676 1837 1717 1888 in

1834 1827 2157 1895 παράδεισος
2185 1823 2401 1890 λέγεται
2429 1822 2585 1883 οὗτος
2657 1821 2905 1875 absolute
2938 1823 3143 1875 dicitur
3183 1823 3404 1891 paradi-

135 1927 186 1970 le
219 1920 290 1972 ".
330 1920 461 1975 llaec
504 1925 727 1991 proprie
775 1925 829 1978 in
860 1924 1139 1978 diabolum
1189 1926 1332 1979 dieta
1365 1940 1492 1979 sunt
1522 1944 1550 1979 a
1582 1928 1723 1989 Deo;

132 2024 429 2077 nunquam
475 2012 622 2065 enim
665 2014 738 2066 ita
780 2015 915 2068 vixit
949 2017 1204 2084 princeps
1238 2018 1362 2086 Tyri
1404 2027 1463 2069 ut
1505 2019 1556 2070 itt
1601 2034 1725 2071 eum

131 2114 246 2151 ttott
294 2100 525 2156 caderet
565 2103 683 2156 vitii
734 2104 885 2158 labes
931 2115 986 2159 et
1022 2108 1168 2174 jnsta
1202 2109 1580 2176 reprehensio.
1630 2110 1724 2164 Ille

130 2188 283 2240 enim
317 2200 443 2243 erat
476 2192 697 2260 itnpius,
733 2203 787 2246 et
813 2194 956 2249 filius
990 2196 1284 2263 itnpiorunt
1329 2207 1413 2250 est
1450 2209 1721 2253 mortuus.

130 2276 239 2330 Sed
278 2296 389 2333 nec
428 2282 531 2334 fttit
561 2283 613 2336 in
642 2284 822 2336 medio
849 2286 1147 2339 carbonum
1173 2299 1228 2341 et
1255 2290 1494 2356 lapidum
1532 2292 1721 2357 igneo-

130 2385 280 2432 rntn,
315 2374 468 2425 sicut
509 2374 823 2429 audivimus
850 2376 917 2429 de
950 2378 1198 2447 principe
1228 2379 1389 2447 hujus
1418 2382 1621 2434 saeculi.
1657 2382 1722 2435 Et

127 2458 430 2529 subiungit
456 2461 599 2516 Deus
626 2464 694 2516 de
729 2480 797 2517 eo
825 2464 1016 2519 dicens
1043 2485 1054 2518 :
1081 2469 1120 2520 Α
1156 2468 1493 2520 multitudine
1523 2487 1722 2524 merca-

128 2558 265 2602 tura:
301 2552 388 2612 ";
427 2552 668 2623 intelligo
720 2556 1131 2610 multitudinem
1183 2558 1516 2626 cognitionis
1545 2569 1601 2613 et
1634 2576 1720 2614 sa-

128 2640 382 2708 pientiai,
412 2660 575 2712 quam
605 2657 764 2700 antea
797 2657 1053 2717 tanquam
1090 2663 1338 2701 summus
1382 2649 1639 2717 princeps
1663 2658 1720 2704 et

127 2728 237 2782 dux
274 2732 563 2786 exercitus
602 2736 914 2803 possidebat
959 2737 1233 2791 diabolus.
1284 2739 1386 2790 Per
1415 2755 1578 2807 quattt
1622 2756 1718 2793 co-

124 2821 442 2887 gnitionem
470 2824 653 2893 lapsus
675 2826 730 2880 in
766 2828 1079 2896 superbiam
1105 2829 1183 2881 sic
1205 2830 1465 2898 cogitavit
1486 2831 1711 2884 dicens:

110 2911 342 2965 .I’onam
382 2916 625 2969 thronum
674 2935 846 2971 meum
888 2936 1046 2987 super
1088 2920 1269 2979 nubes.
1314 2929 1364 2972 et
1408 2937 1499 2973 ero
1525 2922 1715 2975 similis

123 3000 407 3055 Altissimo
436 3004 498 3057 ".
528 3006 894 3071 Quamobrem
925 3022 1117 3061 rursus
1148 3008 1199 3061 itt
1226 3023 1352 3061 eum
1384 3010 1715 3064 vociferatur

1830 1921 1858 1970 ὁ
1915 1917 2066 1987 παρὰ
2130 1915 2209 1984 τῷ
2274 1917 2529 1983 προφήτῃ
2564 1954 2579 1975 .
2654 1928 2767 1970 sus.
2806 1916 2965 1982 isqui
2992 1925 3078 1967 est
3103 1914 3246 1981 apud
3277 1929 3405 1982 pro-

1828 2009 1963 2062 ἀλλὰ
1987 2007 2312 2075 παράδεισος
2335 2004 2491 2058 θεοῦ.
2525 2004 2582 2057 '0
2656 2004 2910 2069 phetam;
2961 2003 3055 2057 sed
3113 2004 3407 2073 paradisus

1825 2099 1882 2151 δὲ
1902 2097 2193 2158 Μωσαῖκὸς
2222 2094 2577 2162 παράδεισος,
2653 2093 2770 2147 Dei.
2800 2094 3070 2147 Mosaicus
3091 2104 3274 2147 autem
3303 2110 3403 2163 pa-

1826 2189 1886 2240 οὐ
1917 2188 2218 2254 θεώνυμος,
2244 2185 2357 2237 ἀλλ’
2390 2183 2578 2244 ἁπλῶς
2652 2184 2864 2237 radisus
2902 2200 3011 2236 non
3047 2192 3133 2237 est
3163 2185 3405 2253 scriptus

1825 2281 2169 2347 παράδεισος.
2211 2278 2372 2329 ὐοεν
2411 2279 2505 2327 καὶ
2548 2276 2578 2326 ὁ
2649 2292 2714 2329 ex
2761 2276 2855 2328 Dei
2892 2278 3137 2339 nomine,
3174 2276 3269 2328 sed
3300 2274 3401 2328 alt-

1824 2370 2158 2421 κατὰπάντα
2180 2366 2321 2427 θεῖος
2346 2364 2578 2433 ’Λμδρό·
2650 2371 2829 2422 solute
2882 2371 3193 2438 paradisus.
3246 2370 3399 2425 Unde

1823 2479 1977 2522 σιος,
2035 2460 2132 2511 καὶ
2206 2458 2490 2519 ἰουστίνος
2545 2459 2575 2510 ό
2646 2462 2815 2513 etiam
2848 2460 3073 2513 divinus
3116 2461 3171 2513 in
3205 2461 3400 2513 omni-

1822 2553 2118 2621 θεόληπτος
2198 2552 2446 2621 μάρτυς,
2516 2551 2574 2601 ἐν

1818 2646 1932 2705 τοῖ;
1979 2646 2057 2706 είς
2096 2642 2196 2710 τὴν
2239 2641 2575 2709 Ἕξαήμερον

1819 2734 2000 2787 αὐτῶν
2079 2734 2433 2802 ὑπομνήμασι
2503 2732 2569 2783 τὰ

1821 2840 1889 2875 πε
1897 2823 1952 2892 ρὶ
1987 2823 2320 2893 παραδείσου
2348 2821 2423 2873 διε
2433 2819 2570 2883 eam.

1815 2933 1929 2980 τες,
1965 2916 2103 2987 μετὰ
2143 2918 2205 2968 τὸ
2242 2918 2415 2967 εἰπεῖν
2444 2916 2570 2983 περὶ

1815 3008 1926 3058 τῶν
1995 3006 2273 3076 αἰσθητῶν
2335 3006 2569 3074 δένδρων

124 3107 223 3159 per
250 3093 431 3147 verba
461 3110 583 3163 quae
618 3109 1034 3166 consequuntur
1058 3098 1310 3152 Ezechiel
1334 3108 1389 3152 et
1425 3091 1598 3165 Deus,
1626 3100 1713 3155 di-

1834 3100 1913 3150 εαὶ
1932 3098 2161 3157 ὑδάτων.
2185 3097 2280 3149 καὶ
2305 3096 2567 3165 γηγενοῦς

124 3198 255 3236 cens
280 3201 293 3235 :
320 3183 394 3236 Et
422 3188 666 3253 peccasti,
689 3196 736 3239 et
756 3189 1021 3241 sauciatus
1044 3206 1096 3242 es
1122 3206 1154 3241 a
1184 3200 1358 3242 monte
1385 3189 1481 3242 Dei
1510 3190 1585 3255 ";
1612 3190 1717 3245 hoc

124 3282 207 3325 est
252 3272 512 3343 dejectus
542 3291 603 3329 es
635 3276 705 3329 ab
747 3278 1039 3331 altitudine
1082 3278 1178 3332 Dei
1230 3279 1377 3341 coeli,
1430 3280 1535 3333 hoc
1567 3281 1713 3333 enint

124 3371 309 3423 statim
365 3370 546 3423 innuit
587 3371 925 3442 subjungens
950 3390 962 3425 :
989 3372 1057 3426 Et
1089 3374 1307 3427 adduxit
1343 3385 1392 3425 le
1436 3373 1713 3428 Cherubim

124 3479 187 3516 ea:
217 3463 489 3533 lapidibus
523 3466 687 3535 igneis
722 3466 785 3518 “.
813 3466 942 3518 Mihi
971 3466 1189 3518 videtur
1218 3464 1365 3533 quod
1416 3466 1560 3519 Deus
1592 3468 1712 3535 jus-

124 3552 259 3606 serit
282 3553 455 3608 alicui
492 3555 946 3623 praestantissimo
975 3564 1031 3609 et
1072 3554 1618 3624 magnificentissimo
1647 3572 1713 3609 ex

123 3645 453 3712 Cheruhim,
479 3662 538 3704 ut
568 3667 720 3705 reum
745 3652 1021 3721 accipiens
1041 3652 1320 3705 diabolunt
1343 3652 1410 3705 de
1433 3668 1498 3705 eo
1521 3668 1710 3720 punias

125 3749 373 3793 sumeret
403 3757 417 3791 :
445 3740 541 3808 qui
583 3756 709 3793 eum
760 3741 951 3794 eduxit
996 3756 1027 3794 e
1071 3740 1253 3792 medio
1285 3740 1708 3808 intelligentium

125 3828 511 3891 exercituum,
554 3836 611 3882 et
642 3844 768 3883 eum
821 3829 1020 3898 dejeeit
1063 3845 1095 3883 e
1143 3830 1303 3883 emlo.
1345 3830 1706 3895 Quamohrem

124 3920 345 3978 dicebat
369 3922 629 3976 Christus
660 3940 673 3975 :
708 3922 824 3976 Vidi
856 3922 1118 3978 Satanam
1153 3925 1424 3976 cadentem
1452 3935 1706 3990 tanquam

127 4012 302 4081 fulgur
336 4029 365 4065 e
411 4012 538 4066 culo
570 4014 635 4065 ¹⁸.
668 4013 970 4067 Audiamus
997 4013 1161 4067 etiam
1197 4029 1319 4082 qua:
1349 4027 1660 4082 sequuntur
1689 4032 1704 4069 :

125 4102 257 4157 dicit
288 4102 444 4158 enim
471 4102 734 4173 deinceps
757 4114 813 4157 et
850 4114 1254 4173 consequenter
1281 4122 1293 4156 :
1321 4102 1600 4157 Sublatum
1630 4113 1707 4156 est

125 4208 210 4244 cor
240 4202 396 4247 tuum
424 4203 637 4263 propter
664 4195 1106 4264 pulchritudinem
1137 4203 1283 4247 tuam
1302 4211 1321 4258 ;
1343 4203 1593 4263 corrupta
1631 4203 1707 4247 est

124 4284 337 4337 scientia
371 4294 468 4337 tua
501 4301 619 4337 cum
648 4284 1035 4353 pulchritudine
1073 4294 1166 4337 tua
1214 4285 1278 4337 ".
1328 4284 1703 4338 Pulchritudi-

124 4389 244 4426 nem
292 4374 470 4437 enim,
525 4374 711 4428 forma:
762 4374 896 4428 dicit
941 4374 1345 4435 excellentiam,
1394 4391 1502 4441 qua
1552 4375 1703 4443 prius

1820 3190 2146 3258 παραδείσου
2165 3191 2488 3259 παρήγαγον
2509 3189 2566 3239 ἐν

1822 3278 1969 3347 μέσῳ
1998 3278 2065 3330 τὰ
2100 3276 2440 3347 προκείμενα
2471 3275 2568 3328 τοῦ

1818 3370 1962 3423 θείου
2002 3368 2261 3438 Ἰεζεκιὴλ
2295 3368 2425 3438 περὶ
2462 3386 2567 3420 παι

1820 3463 2065 3533 ραὸείσου
2098 3462 2353 3531 οὐρανίου
2391 3461 2455 3529 pi;
2466 3478 2568 3527 μα·

1813 3572 1915 3617 τα.
1949 3557 2044 3608 καὶ
2084 3554 2282 3623 πολλὴν
2326 3553 2569 3616 ἐξέτασιν

1813 3645 1907 3695 καὶ
1964 3642 2197 3712 Θεωρίαν
2251 3640 2455 3707 λεπτὴν
2510 3642 2567 3689 ὲν

1813 3734 1996 3795 αὐτοῖς
2019 3732 2406 3795 διεξελθόντες.
2432 3732 2565 3796 ἐπή-

1810 3840 1980 3891 γαγον
2018 3824 2287 3891 λέγοντες,
2330 3822 2405 3883 ὡς
2441 3822 2559 3873 aio-

1810 3914 1994 3984 κιστόν
2032 3929 2092 3964 τε
2140 3913 2234 3965 καὶ
2270 3910 2558 3977 θεοστυγὲς

1807 4002 1868 4053 τὸ
1889 4003 2139 4069 φάσκειν,
2175 4001 2207 4071 ἢ
2231 4002 2291 4052 τὸ
2312 4001 2446 4061 ὅλως
2480 4002 2558 4062 είς

1807 4091 2017 4144 ἔννοιαν
2074 4091 2262 4144 λαϐεῖν
2303 4090 2404 4160 τὴν
2456 4108 2557 4158 μα-

1806 4186 2005 4255 καρίαν
2030 4203 2087 4237 τε
2124 4186 2220 4237 καὶ⁸
2248 4201 2559 4255 προσκυνη-

1802 4279 1902 4346 τὴν
1931 4276 2027 4329 τοῦ
2058 4275 2194 4328 Θεοῦ
2233 4276 2395 4342 λόγου
2436 4275 2552 4327 θεό-

1803 4384 1940 4435 τητα
1964 4367 2060 4419 σὺν
2076 4365 2152 4434 τῷ
2173 4364 2365 4431 δικαίῳ
2385 4364 2553 4434 λῃστῇ

125 4471 385 4532 tanquam
443 4464 638 4532 igneus
685 4472 742 4518 et
793 4464 1021 4528 lucifer,
1070 4464 1357 4516 fruebatur
1410 4463 1698 4528 diabolus,

1840 4460 1885 4517 ίς
1920 4456 2143 4525 ρευστόν
2168 4472 2223 4507 τε
2250 4456 2341 4506 καὶ
2370 4453 2555 4505 ὑλικὸν

123 4552 412 4607 scientiam
462 4563 645 4607 autem
689 4570 961 4624 magnam,
1005 4554 1372 4623 cognitionem
1406 4555 1700 4625 mysterio-

124 4657 238 4698 rum
269 4655 327 4699 et
356 4644 663 4714 sapientiai.
697 4645 797 4699 llic
840 4646 1025 4714 itaque
1071 4645 1336 4699 discimus
1397 4646 1542 4715 quod
1586 4647 1699 4700 ele-

124 4736 315 4802 gantia:
342 4745 403 4790 et
432 4736 649 4791 decoris
673 4736 1020 4805 splendorem
1047 4752 1208 4805 quem
1241 4738 1394 4806 prius
1425 4737 1699 4792 habebant

125 4822 401 4880 daemones
423 4833 479 4879 et
505 4841 696 4879 eorum
727 4826 1002 4895 princeps,
1030 4841 1373 4895 nequaquam
1408 4826 1572 4879 hodie
1604 4827 1701 4881 ha-

124 4915 269 4971 bent.
302 4919 372 4974 Et
418 4934 597 4988 neque
629 4920 870 4989 priorem
912 4920 1118 4975 habent
1159 4920 1481 4989 sapientiam
1515 4930 1571 4975 et
1600 4938 1695 4975 co-

126 5010 444 5077 gnitionem.
507 5010 648 5064 Audi
699 5012 810 5081 jam
878 5011 1000 5080 ejus
1058 5002 1403 5080 praeclarum
1460 5014 1697 5082 desuper

126 5114 304 5155 casum
349 5117 418 5156 ex
460 5102 555 5156 illo
600 5101 694 5155 Dei
743 5103 1000 5171 paradiso
1036 5101 1381 5163 deliciarum,
1418 5114 1474 5157 et
1510 5116 1694 5160 monte

126 5191 364 5256 cmlcsti;
412 5192 496 5246 sic
525 5193 672 5246 enim
717 5192 851 5248 dicit
886 5195 941 5247 in
965 5195 1032 5248 iis
1066 5210 1189 5263 qua:
1231 5204 1649 5261 consequuntur
1678 5211 1692 5248 :

124 5278 340 5349 PrOpter
373 5282 765 5337 multitudinem
811 5294 1143 5354 peccatorum
1174 5292 1386 5338 tuorum
1415 5286 1611 5354 projeci
1650 5296 1699 5339 te

126 5370 175 5423 in
213 5381 415 5427 terram
444 5375 505 5426 ".
544 5374 686 5429 Ecce
715 5384 902 5445 aperte
936 5376 1249 5430 audivimus
1274 5374 1421 5444 quod
1452 5391 1518 5430 ex
1562 5392 1699 5445 quo-

126 5459 242 5515 dam
280 5466 502 5520 excelso
530 5466 785 5536 paradiso
815 5466 1139 5523 deliciarum
1172 5476 1230 5520 et
1261 5467 1544 5537 igneorum
1576 5482 1697 5522 car-

212 5598 233 5627 '
264 5598 466 5654 Each.
494 5614 681 5662 xm",
709 5599 796 5663 12,
828 5600 910 5653 15.
1017 5599 1040 5632 ⁸
1069 5600 1202 5655 ibid.
1238 5601 1323 5656 14.
1426 5602 1448 5632 ⁸
1480 5600 1615 5654 ibid.

128 5681 300 5725 uvtu.
342 5668 429 5722 Ιϐ.
509 5668 553 5699 ’⁸
594 5670 727 5725 ibid.
807 5670 850 5701 "
882 5670 1014 5724 Luc.
1059 5686 1112 5733 ι,
1149 5671 1228 5725 l8.

191 5758 263 5821 ll)
286 5758 341 5815 S.
367 5758 563 5815 Joann.
596 5759 842 5815 Damasc.
875 5758 986 5812 loco
1012 5760 1100 5812 cit.

1725 5602 1769 5632 ⁸⁸
1803 5598 1936 5653 ibid.
1986 5599 2073 5652 iii.

1328 5672 1370 5702 "
1402 5670 1602 5726 Ezech.
1636 5686 1821 5732 xxvut,
1863 5670 1947 5723 l7.

1801 4548 2123 4618 παράδεισον
2147 4545 2409 4598 εἰσελθεῖν
2437 4544 2489 4612 (Ι
2513 4546 2550 4612 ).

1870 4824 1981 4876 Καὶ
2025 4824 2110 4885 τίς
2162 4823 2311 4887 ἄξιος
2362 4824 2551 4892 μισθὸς

1800 4916 1897 4983 τῆς
1939 4912 2144 4979 σεπτῆς
2192 4912 2409 4981 ἐκείνης
2457 4914 2552 4965 καὶ

1803 5004 2145 5075 θεοπρεποῦς
2218 5006 2510 5074 ὁμολογίας
2531 5046 2547 5071 ,

1806 5096 2002 5165 ροῖκὼν
2025 5096 2123 5147 καὶ
2145 5096 2439 5166 ὁπωρικῶν
2459 5097 2550 5149 καὶ

1803 5188 2089 5256 σταφυλῶν
2113 5227 2129 5251 ,
2213 5190 2306 5241 καὶ
2387 5189 2550 5243 σύκον

1798 5282 2159 5352 ἐφθαρμένων
2227 5283 2429 5353 βρῶσιν
2475 5285 2551 5347 ὡς

1802 5373 1991 5442 μισθὸν
2017 5373 2437 5425 ἁνταποὸοὖνται
2470 5374 2551 5445 τῷ

1797 5465 2009 5536 λῃστῇς
2069 5462 2168 5525 Τίς
2222 5462 2280 5515 δὲ
2338 5462 2544 5530 πάλιν,

2152 5601 2190 5633 ¹¹
2228 5596 2363 5652 ibid.
2399 5596 2484 5651 Ni.

2026 5670 2067 5701 ⁸⁷
2100 5668 2237 5723 ibid.
2276 5667 2361 5721 l8.

2650 2550 2753 2602 bus
2782 2550 3126 2609 Ambrosius,
3148 2558 3205 2602 et
3224 2549 3400 2603 Justi-

2647 2659 2754 2697 nus
2776 2655 2982 2713 martyr
3014 2659 3044 2696 a
3077 2645 3190 2697 Deo
3220 2642 3398 2713 inspi-

2646 2740 2827 2794 ratus,
2859 2733 2912 2785 in
2941 2734 3059 2785 suis
3096 2734 3149 2785 in
3184 2732 3399 2787 llexaeo

2645 2840 2730 2877 me
2739 2840 2837 2876 ron
2867 2824 3300 2886 commentariis,
3331 2839 3397 2877 ea

2644 2927 3044 2986 persequentes
3088 2933 3213 2984 quae
3246 2916 3393 2971 dicta

2645 3016 2775 3061 sunt
2808 3008 2877 3061 de
2914 3007 3206 3077 paradiso,
3241 3016 3396 3076 post-

2644 3115 2808 3168 quam
2839 3100 3100 3154 (Iixerunt
3127 3100 3195 3154 de
3219 3100 3400 3153 sensi-

2642 3193 2789 3245 Iihus
2821 3192 3118 3245 arboribus
3141 3201 3199 3246 et
3234 3190 3397 3259 aquis

2640 3292 2697 3335 et
2724 3284 3026 3345 fructibus,
3057 3291 3113 3335 et
3136 3281 3397 3350 paradiso

2642 3386 2673 3425 e
2714 3383 2859 3427 terra
2892 3371 3099 3441 genito,
3126 3371 3181 3424 in
3211 3370 3395 3424 medio

2642 3462 2995 3516 adduxerunt
3013 3461 3295 3530 proposita
3310 3460 3395 3515 di-

2643 3553 2753 3606 vini
2792 3552 3099 3606 Ezechielis
3128 3550 3297 3605 verbs
3322 3549 3393 3604 de

2640 3640 2897 3708 paradiso
2932 3639 3182 3702 caelesti;
3213 3653 3391 3707 eaqtte

2640 3730 2914 3799 persecuti
2939 3772 2953 3793 ,
3012 3744 3264 3797 magnam
3332 3734 3391 3779 et

2637 3816 2894 3869 subtilem
2918 3816 2985 3869 de
3014 3816 3082 3869 iis
3109 3815 3391 3868 examina-

2641 3907 2844 3959 tionem
2870 3914 2927 3959 et
2964 3904 3388 3973 contemplatio-

2635 4012 2759 4050 nem
2805 3997 3251 4066 subjunxerunt,
3300 3995 3388 4049 di-

2631 4095 2821 4140 centes
2866 4086 3012 4155 qnod
3056 4086 3129 4139 sit
3180 4085 3384 4154 turpis-

2630 4178 2829 4231 simum
2884 4185 2941 4231 et
2980 4177 3091 4230 Deo
3140 4175 3379 4229 invisum

2629 4266 2817 4320 dicere
2843 4275 2939 4320 aut
2975 4267 3203 4319 omnino
3231 4265 3383 4334 cogi-

2631 4371 2748 4415 tare
2800 4360 3015 4413 beatam
3053 4367 3110 4412 et
3142 4358 3380 4411 adoran-

2627 4454 2752 4508 dam
2784 4452 2886 4524 Dei.
2917 4450 3082 4504 Verbi
3118 4450 3379 4503 divinita-

2628 4550 2737 4596 tem
2792 4556 2916 4593 cum
2963 4541 3114 4607 justo
3168 4538 3378 4592 latrone

2626 4630 2837 4699 ingredi
2865 4630 2919 4683 itt
2947 4630 3153 4683 fluxum
3185 4640 3241 4682 et
3265 4642 3379 4681 nta-

2625 4720 2871 4773 tcrialem
2898 4719 3233 4788 paradisum.

2694 4814 2763 4868 Et
2795 4827 3046 4882 quzenam
3086 4821 3172 4866 est
3211 4811 3374 4879 digna

2623 4921 2839 4959 merces
2872 4905 3020 4957 illius
3046 4901 3375 4956 venerandae

2620 5008 2677 5055 et
2708 5016 2829 5070 qua:
2856 4999 3028 5053 Deum
3053 4999 3213 5052 decet
3240 5011 3375 5050 con-

2622 5088 2882 5143 fessionis
2896 5127 2910 5151 ,
2960 5087 3231 5140 malorum
3275 5101 3373 5154 pu-

2621 5184 2899 5246 nicornm,
2930 5196 3219 5252 pyrorum,
3241 5195 3372 5232 uva-

2622 5294 2740 5334 rum
2767 5286 2826 5332 et
2857 5276 3059 5331 ficuum
3082 5281 3372 5341 corrupta-

2623 5386 2743 5425 rum
2836 5384 3035 5432 esum,
3107 5374 3367 5434 tanquam

2621 5461 2933 5519 mercedem
2956 5499 2972 5525 ,
3013 5456 3247 5513 reddere
3289 5455 3367 5510 la-

2566 5599 2610 5629 "
2642 5597 2743 5651 lsa.
2781 5612 2887 5661 ιιν,
2926 5596 3007 5652 ιιι.
3089 5593 3132 5625 ⁸³
3163 5588 3365 5646 Ezech.

2442 5667 2485 5699 “
2510 5667 2697 5724 Matth.
2729 5682 2781 5731 ν,
2814 5667 2867 5722 8.
