4186 6442
778 398 880 459 967

772 510 980 579 φασὶν,
1036 508 1160 561 νοῦν
1212 505 1351 577 ἔχων
1409 506 1526 559 Θεό-

774 621 967 675 φρονα,
987 601 1150 667 λέξει,
1176 603 1233 654 ὲν
1261 600 1493 655 σικυκλά
1505 630 1524 640 -

772 716 886 759 τοις
914 698 1170 766 σκαπάνῃ
1194 696 1286 748 καὶ
1306 694 1523 747 πελέκει

772 785 1209 856 χειμαζομένοις.
1234 786 1312 844 εἰς
1331 786 1527 852 πτῆσιν

774 879 867 931 τὸν
890 874 1289 947 οὖρινοδρόμον
1316 878 1526 930 Παῦλον

780 969 1166 1039 μετενεχθῆναι
1197 984 1210 997 ·
1264 970 1358 1021 καὶ
1388 971 1530 1039 ἅπερ

776 1063 897 1114 οὔτε
936 1063 993 1112 ἐν
1027 1060 1102 1129 τῷ
1136 1060 1373 1130 δευτέρῳ
1406 1061 1529 1114 οὕτε

778 1153 945 1220 τρίτῳ
1003 1151 1267 1221 οὖραινῷ.Δ
1315 1154 1527 1221 irim“

782 1246 1000 1315 ῥήματι
1049 1237 1211 1313 εὗρε,
1253 1244 1423 1297 ταῦτα
1473 1246 1529 1297 ὲν

782 1332 1019 1402 (uiperae
1035 1332 1242 1403 ἀρούρῃ
1255 1336 1428 1403 γεηρᾷ
1445 1353 1531 1404 μου

786 1425 1207 1492 σταγωγηοῆναι
1241 1427 1297 1489 ἐξ
1332 1428 1534 1495 ἀκράν-

782 1513 875 1566 τνῦ
926 1516 1016 1567 καὶ
1066 1516 1212 1567 θείου
1264 1517 1533 1587 στόματος

1961 388 2022 444 S.
2072 374 2468 441 ANASTASII
2529 375 2853 435 SINAITAS

3930 384 4029 444 968

1599 504 1788 558 troni?
1825 502 1960 570 Quis
2011 511 2195 556 autem
2230 514 2351 552 rur-
2380 497 2424 552 A
2455 500 2676 567 quidem
2711 509 2835 567 apte
2866 496 3163 551 admodum
3210 500 3469 553 convenit
3503 500 3555 553 in
3587 500 3788 554 Chriin
3823 502 3874 553 in
3927 517 4031 553 ra:-

1597 612 1692 651 sus
1718 640 1731 661 ,
1771 596 2029 664 inquiunt
2055 636 2067 657 ,
2107 605 2342 648 mentem

1599 688 1807 743 habens
1821 687 2004 741 divina
2020 688 2347 757 sapientem,

1600 781 1801 833 dixerit
1865 780 1919 834 in
1982 778 2348 833 eueuIIu-rarii

1603 876 1826 944 regione
1867 890 1929 928 ac
1980 876 2161 929 securi
2199 875 2353 944 (qua:

1602 971 1943 1024 conveniunt
1963 971 2279 1035 olitoribus)
2300 969 2353 1022 in

1603 1064 2009 1117 cmloscursmn
2028 1063 2353 1129 dirigentem

1602 1153 1669 1206 ad
1705 1156 1983 1217 volatum,
2037 1154 2349 1207 traductum

1605 1260 1726 1299 esse
1747 1247 1997 1309 Paulum,
2028 1254 2083 1298 el
2116 1262 2236 1314 quae
2259 1261 2357 1297 ne-

1606 1352 1711 1403 que
1732 1336 1783 1389 in
1806 1336 2070 1397 sccumlo,
2094 1350 2271 1405 neque
2297 1336 2350 1388 in

1608 1429 1770 1481 tertio
1800 1429 1938 1483 rmlo
1956 1445 2036 1481 ve.
2054 1429 2120 1482 ba
2149 1430 2359 1483 invenit.

1609 1524 1934 1585 inell‘abilia,
1960 1540 2023 1577 ea
2051 1524 2103 1576 in
2127 1536 2349 1578 terreno

784 1603 1019 1672 Χριστοῦ
1053 1606 1111 1674 (1
1140 1606 1156 1674 )
1182 1622 1198 1670 ;
1608 1630 1739 1680 agro
1768 1616 1924 1683 aquis
1950 1616 2173 1683 irrigato
2205 1632 2342 1685 mys-

1611 1708 1715 1759 tiee.
1782 1722 1904 1761 esse
1978 1708 2266 1762 enuntiata
2328 1724 2356 1761 a

1607 1812 1745 1864 puro
1829 1806 1885 1851 et
1970 1796 2159 1851 diIino
2255 1814 2351 1852 ore

1604 1887 1806 1941 Christi
1827 1930 1842 1952 ,

785 2003 841 2046 et
886 2010 1031 2047 nunc
1083 2010 1249 2061 super
1285 2006 1489 2049 terram
1522 1998 1575 2051 in
1608 2000 1786 2054 hortis
1832 2001 2111 2057 custodire
2136 2020 2200 2058 ea
2240 2019 2361 2072 qua:

788 2092 917 2133 sunt
964 2084 1268 2136 excelsiora
1316 2086 1573 2140 omnibus
1626 2090 1880 2155 supernis
1928 2091 2251 2153 virtutibus,
2310 2103 2366 2146 et

790 2173 899 2224 Deo
926 2175 1321 2241 propinquiora
1353 2192 1516 2243 quam
1547 2180 2000 2245 praestantissima
2021 2182 2366 2236 CherubiIn?

790 2261 896 2314 Sed
929 2263 994 2315 de
1030 2264 1116 2316 his
1144 2264 1368 2331 quidem
1396 2268 1550 2328 satis;
1585 2268 1929 2323 redeundum
1967 2281 2053 2325 est
2080 2284 2263 2325 autem
2297 2274 2363 2327 ad

789 2351 1078 2406 Mosaieam
1107 2354 1416 2418 historiam,
1443 2366 1497 2409 ct
1530 2359 1993 2413 considerandum
2023 2372 2110 2415 est
2138 2362 2205 2415 de
2238 2378 2368 2430 pro-

792 2443 1007 2508 positis.
1051 2443 1185 2497 Nam
1216 2445 1329 2498 illic
1366 2462 1612 2514 quoque,
1641 2457 1701 2501 ut
1736 2449 1998 2511 arbitror,
2023 2452 2155 2505 licet
2183 2453 2369 2505 ridere.

792 2533 860 2585 iis
884 2533 976 2601 qui
1006 2533 1212 2588 habent
1242 2536 1419 2589 lucem
1443 2538 1644 2592 divina!
1668 2540 2027 2608 cognitionis,
2054 2560 2118 2596 ea
2152 2561 2272 2610 quae
2291 2544 2373 2597 di-

791 2631 996 2676 cuntur
1032 2624 1100 2676 de
1143 2624 1393 2692 utrisque
1428 2626 1515 2679 his
1559 2629 1826 2694 paradisis
1855 2647 1867 2682 :
1899 2647 2097 2699 nempe
2131 2648 2372 2699 quanam

794 2725 956 2767 utens
1010 2717 1406 2784 consequentia
1463 2718 1700 2785 primum
1753 2720 1914 2773 nobis
1952 2731 2209 2789 tanquam
2258 2724 2374 2790 pri-

795 2820 943 2857 mu'n
978 2817 1161 2859 narrat
1191 2807 1556 2875 spiritualem.
1578 2810 1721 2863 sicut
1742 2812 1907 2864 etiam
1928 2812 2040 2880 jam
2067 2813 2374 2880 priusdixi,

797 2903 858 2945 ut
886 2894 1109 2961 quando
1139 2896 1309 2959 dicit;
1353 2896 1418 2949 Et
1452 2897 1716 2965 plantavit
1761 2898 2017 2952 Dominus
2043 2900 2180 2952 Dens
2212 2919 2376 2967 paru-

796 2984 967 3037 disum
999 2986 1052 3036 in
1089 2985 1254 3038 Edent
1281 2988 1351 3038 ad
1383 2985 1647 3041 Orientem
1676 3007 1693 3042 :
1722 3006 1829 3042 non
1856 2991 2173 3044 inuenimus
2193 3001 2377 3046 autem

798 3074 854 3126 in
879 3082 1025 3127 terra
1056 3075 1239 3127 locum
1268 3076 1361 3143 qui
1390 3078 1709 3131 nominatur
1738 3079 1931 3141 Edem,
1961 3090 2017 3132 et
2038 3097 2145 3134 non
2167 3083 2379 3151 signiti-

2457 590 2568 641 lum
2597 590 3051 658 assumptionem.
3081 590 3212 644 Nam
3248 590 3299 642 in
3335 601 3606 644 terrenam
3631 608 3850 661 quoque
3879 593 4034 647 Jeru-

2456 680 2646 741 salem,
2676 689 2963 747 postquam
2999 691 3159 732 natus
3195 679 3291 731 fuit
3330 680 3381 732 in
3421 680 3724 743 Bethleem,
3757 683 4033 750 ingressus

2454 778 2538 821 est
2566 770 2654 821 dIe
2679 770 3117 838 quadragesimo.

2529 862 2697 914 Nobis
2745 873 2925 916 autem
2980 865 3527 919 lueedicentihusde
3572 865 3827 935 paradiso
3877 867 4036 934 spiri-

2459 954 2611 1014 tuali,
2643 970 2709 1007 ne
2741 956 3008 1022 glorietur
3036 957 3299 1010 incurvus
3332 958 3869 1026 Origenestauquan.
3893 971 4033 1010 recte

2458 1047 2719 1099 sentiens.
2765 1048 2880 1116 Ipse
2912 1048 3057 1100 enim
3090 1050 3369 1116 anagogiis
3401 1061 3453 1104 et
3495 1050 3875 1118 spiritualibus
3906 1065 4033 1101 eon-

2460 1134 2906 1202 templationtbus
2943 1152 3073 1188 usus
3111 1138 3545 1205 inexplebiliter,
3597 1154 3787 1191 omnes
3817 1155 3940 1206 qum
3986 1138 4034 1189 in

2462 1241 2555 1276 sex
2586 1224 2783 1276 diebus
2816 1227 2969 1279 factm
3001 1238 3148 1287 sunt,
3173 1229 3695 1281 creaturasdeduxit
3724 1245 3819 1295 per
3840 1229 4039 1293 allego-

2461 1314 2595 1366 riam
2636 1313 2700 1366 ad
2732 1313 3007 1369 fabulosus
3038 1317 3350 1385 tropo-dias,
3377 1335 3552 1385 neque
3579 1320 3775 1371 eo-lum
3817 1318 4033 1373 sensile.

2460 1421 2637 1474 neque
2688 1415 2911 1469 terram,
2955 1424 3132 1475 neque
3182 1424 3372 1476 aquas,
3417 1425 3595 1477 neque
3653 1410 3865 1478 plantas
3914 1423 4035 1458 vere

2462 1496 2693 1564 plantas,
2755 1513 2931 1565 neq-Ie
2966 1500 3171 1559 stellas,
3214 1517 3339 1554 vere
3366 1500 3551 1553 stellas
3606 1516 3781 1569 neque
3832 1501 4034 1567 aliquid

2461 1588 2609 1639 aliud
2641 1590 3033 1641 convenienter
3058 1591 3252 1644 littera:
3276 1591 3604 1659 intelligens,
3625 1609 3730 1645 non
3764 1594 4036 1652 tenebras,

2463 1694 2569 1731 non
2601 1679 2799 1738 lucem.
2834 1696 2939 1733 non
2966 1681 3241 1751 abyssum,
3280 1699 3386 1735 non
3412 1684 3690 1751 spiritum.
3714 1699 3821 1735 non
3859 1683 4039 1736 firma-

2467 1779 2729 1822 mentum.
2757 1772 2879 1834 Quo
2917 1770 2976 1824 lit
3018 1781 3075 1823 ut
3110 1773 3177 1825 de
3208 1784 3408 1827 czelero
3450 1790 3671 1827 necesse
3705 1775 3903 1827 habeat
3940 1774 4039 1827 Ee-

2393 1857 2433 1910 Β
2466 1861 2653 1921 elesia,
2677 1859 2824 1927 quod
2855 1862 3051 1915 attinet
3076 1862 3142 1915 ad
3169 1879 3337 1930 nugas
3366 1872 3420 1915 et
3445 1863 3750 1916 doctrinam
3769 1864 4040 1932 Origenis,

2459 1951 2688 2003 credere
2724 1950 2816 2003 Dei
2857 1966 2979 2003 esse
3006 1962 3289 2004 creaturas
3338 1952 3601 2005 mundum
3646 1954 3738 2020 qui
3769 1953 4038 2006 cernitur.

2458 2034 2827 2101 Quamobrem
2856 2038 2980 2105 jure
3010 2054 3230 2106 quoque
3264 2040 3552 2105 Origenem
3584 2042 3840 2108 synodica
3876 2041 4044 2109 depo-

2463 2142 2600 2179 nens
2628 2128 2902 2181 sententia
2934 2130 3143 2196 rejeeit.
3175 2130 3471 2197 Oportebat
3499 2129 3643 2182 enim
3672 2131 3907 2197 primum
3949 2131 4043 2183 ad-

2465 2219 2683 2272 mittere
2721 2219 3007 2272 historiam
3042 2236 3162 2288 quze
3185 2222 3437 2273 convenit
3468 2222 3663 2274 litterae
3694 2222 3929 2276 :deinde
3956 2224 4044 2278 ubi

2465 2320 2682 2378 Oportet
2712 2311 3011 2379 procedere
3044 2312 3109 2365 ad
3163 2328 3448 2380 anagogas.
3484 2314 3713 2382 Propter
3749 2315 3889 2368 hane
3921 2330 4045 2367 eau-

2467 2419 2583 2456 sam
2623 2404 2769 2473 (dico
2802 2415 2983 2457 autem
3008 2416 3232 2473 propter
3264 2407 3481 2458 inanem
3526 2407 3766 2459 laborem
3796 2408 4047 2473 (trigeuis

2468 2495 2561 2563 qui
2588 2495 2901 2549 universam
2944 2511 3037 2548 sex
3072 2495 3284 2549 dierum
3321 2509 3625 2551 creaturam
3653 2499 3718 2550 ad
3744 2499 4045 2553 fabulosam

2470 2584 2698 2637 deduxit
2733 2585 3069 2651 allegoriam,
3104 2592 3160 2639 et
3196 2600 3397 2654 corpus
3430 2601 3597 2640 sacra:
3622 2586 3927 2656 Scriptum:
3954 2588 4055 2640 im-

2472 2672 2703 2726 Inutavit
2727 2682 2783 2725 et
2808 2672 3104 2743 alleravit.)

2546 2787 2609 2836 Οἱ
2641 2785 2896 2855 νεώτεροι
2918 2785 3026 2836 τῶν
3049 2785 3225 2838 Πατέ-

2479 2898 2607 2951 porr
2633 2880 2775 2946 λέγω
2798 2881 2884 2949 δὴ,
2912 2880 2960 2931 οἱ
2986 2880 3110 2949 περὶ
3132 2880 3223 2931 τὸν

2478 2974 2619 3026 Osi-3v
2658 2973 2965 3035 Βασίλειον,
3013 2973 3106 3023 καὶ
3134 2972 3226 3023 τὸν

2482 3064 2717 3135 Χριστοῦ
2762 3065 3005 3133 ποταμὸν
3046 3065 3226 3131 Ἰωάν-

798 3174 886 3216 cet
918 3165 985 3216 ad
1015 3164 1286 3218 orientem
1321 3182 1416 3219 seu
1451 3175 1630 3231 terrae,
1665 3185 1759 3222 seu
1781 3172 1927 3235 emli,
1957 3171 2052 3225 dat
2086 3173 2247 3226 nobis
2283 3174 2376 3228 ali-

2482 3175 2578 3226 νην
2644 3157 2735 3208 τὸν
2804 3155 3225 3224 Χρυσὸστομον,

799 3270 963 3322 quam
1013 3255 1471 3323 signiﬁcationem
1500 3257 1569 3311 de
1602 3275 1839 3327 superna
1888 3262 2123 3325 oriente,
2153 3264 2247 3316 ubi
2293 3274 2379 3317 est

802 3346 964 3398 Pater
992 3346 1261 3399 luminum
1299 3357 1354 3401 ct
1387 3349 1478 3401 lux
1517 3350 1852 3413 viventium,
1886 3360 1942 3404 et
1979 3353 2126 3420 quod
2153 3354 2225 3406 sit
2265 3355 2380 3408 illic

799 3435 1070 3503 ejusmodi
1102 3437 1411 3503 paradisus,
1467 3438 1608 3492 adeo
1640 3453 1696 3493 ιιι
1730 3440 1798 3493 de
1826 3441 2100 3510 spirituali
2144 3444 2379 3513 loquens

803 3522 1081 3589 paradiso,
1110 3540 1290 3592 neque.
1330 3526 1397 3578 de
1432 3526 1629 3595 lignis,
1658 3544 1837 3597 neque
1873 3528 1942 3583 de
1969 3532 2151 3599 aquis,
2198 3549 2379 3601 neque

803 3612 871 3665 de
902 3612 1200 3679 lapidibus,
1230 3630 1412 3683 neque
1435 3618 1503 3670 de
1544 3627 1688 3671 terra
1723 3661 1737 3681 ,
1779 3636 1959 3688 neque
1993 3621 2062 3675 de
2094 3637 2251 3683 auro,
2284 3640 2382 3678 ne-

803 3719 911 3771 quc
936 3704 1005 3757 de
1028 3704 1176 3767 cibo,
1199 3721 1379 3775 neque
1403 3707 1470 3760 de
1495 3709 1838 3777 regionibus,
1860 3726 2040 3779 neque
2059 3711 2127 3765 de
2154 3712 2379 3777 ﬁnibus,

806 3809 985 3861 neque
1019 3795 1087 3848 de
1120 3796 1227 3849 ulla
1277 3813 1334 3849 re
1380 3798 1486 3850 alia
1514 3814 1635 3866 qua:
1677 3801 1751 3853 sit
1807 3801 1861 3853 in
1898 3816 1987 3865 eo,
2043 3804 2378 3858 meminerit.

808 3883 946 3937 Illud
969 3894 1183 3949 autem,
1227 3886 1292 3939 Et
1351 3892 1525 3956 posuit
1555 3891 1665 3944 illic
1694 3893 1954 3946 hominem
1999 3910 2151 3959 quem
2204 3894 2380 3962 ﬁnxit,

808 3990 1005 4044 nempe
1041 3976 1096 4030 in
1152 3978 1412 4046 paradiso
1445 3981 1655 4034 cmlesti
1694 3983 1853 4048 dixit,
1920 3986 2263 4054 prophetiam
2315 3987 2383 4041 de

808 4064 948 4118 facta
972 4065 1023 4117 in
1044 4067 1307 4121 extremis
1324 4070 1666 4138 temporibus
1684 4073 1737 4125 in
1765 4072 1986 4128 Christo
2008 4077 2385 4145 assumptione

811 4152 867 4206 in
896 4155 1068 4208 caslos
1114 4155 1368 4211 humanae
1398 4170 1631 4214 naturte.
1668 4161 1822 4227 Quod
1879 4164 1924 4217 si
1974 4174 2234 4235 tanquam
2271 4167 2383 4235 jam

812 4246 1178 4312 praeteritum,
1211 4248 1266 4301 id
1296 4250 1442 4317 quod
1478 4250 1727 4306 futurum
1758 4263 1863 4317 est,
1913 4255 2049 4309 dicit
2076 4257 2381 4325 propheta;

814 4335 1004 4401 habes,
1032 4337 1209 4407 inquit
1241 4356 1469 4410 magnus
1521 4343 1865 4409 Ambrosius,
1904 4345 1974 4399 de
2002 4363 2069 4401 eo
2122 4347 2387 4416 plurimas

814 4425 871 4479 in
898 4426 1181 4496 Scriptura
1226 4432 1597 4498 probationes,
1640 4443 1700 4488 ut
1760 4438 1981 4505 quando
2015 4438 2151 4492 dicit
2192 4458 2205 4493 :
2243 4438 2386 4492 Puer

2482 3251 2755 3319 Θεόδωρόν
2784 3267 2841 3301 τε
2871 3250 2961 3301 τὸν
3000 3251 3230 3303 ἐλεεινὸν

2481 3344 2647 3405 ὅντως
2679 3341 2976 3408 Ἀντιοχέα.
3012 3342 3107 3393 καὶ
3139 3341 3227 3392 Σε-

2482 3436 2650 3506 ϐἧρον
2694 3436 2785 3488 τὸν
2828 3434 3185 3504 Γαϐαλεωτὴν
3213 3474 3228 3497 ,

2485 3528 2741 3581 scaeam
2774 3539 2833 3578 τε
2866 3526 2956 3577 τὸν
2998 3525 3231 3593 Ἐμεση-

2483 3619 2611 3680 νῶν,
2656 3619 2749 3669 καὶ
2788 3616 2878 3669 τὸν
2917 3617 3095 3685 λόγοις
3139 3617 3233 3670 καὶ

2485 3709 2667 3777 ἔργοις
2770 3711 3232 3781 τρισμακάριστον

2496 3803 2831 3869 Ἐπιφάνιον,
2872 3802 3142 3873 Κύριλλόν
3175 3817 3234 3853 τε

2483 3899 2575 3952 τὸν
2595 3897 2964 3969 Θεοφάντορι,
2990 3898 3085 3950 καὶ
3106 3896 3233 3949 Θεό-

2487 3992 2667 4060 φιλον·
2706 3992 2905 4062 μᾶλλον
2932 3986 3077 4045 οὗτοι
3102 3990 3236 4043 πάν-

2485 4103 2575 4149 τες
2618 4085 2759 4138 κατά
2799 4085 2860 4138 τὸ
2894 4085 3127 4155 γράμμα
3167 4083 3234 4136 τὰ

3379 2788 3735 2843 Reeentiores
3817 2789 4008 2843 Patres
4031 2832 4048 2854 ,

3299 2879 3541 2942 divinus,
3598 2881 3855 2949 inquam,
3903 2882 4017 2935 Basi

3302 2972 3440 3034 lius,
3491 2982 3546 3025 et
3595 2972 3800 3027 Christi
3854 2973 4054 3029 ﬂuvius

3300 3065 3540 3120 Joannes
3591 3067 4051 3137 Chrysostonms,

3302 3168 3357 3212 et
3387 3159 3709 3213 Theodorus
3733 3162 4055 3214 vere‘mira-

3304 3250 3432 3304 bilis
3462 3252 3861 3315 Autiocltenus,
3890 3263 3947 3307 et
3967 3254 4058 3307 Sc-

3303 3360 3468 3398 verus
3490 3344 3837 3407 Cabaleotes,
3872 3356 3929 3400 et
3951 3347 4058 3403 Eu-

3303 3436 3488 3490 sebius
3509 3436 3823 3499 Emisenus,
3853 3447 3910 3491 et
3933 3453 4060 3491 ver-

3306 3526 3389 3580 bis
3418 3537 3473 3581 ct
3496 3527 3656 3583 factis
3705 3529 4062 3583 beatissimus

3304 3615 3684 3685 Epiphanius.
3723 3627 3781 3672 et
3830 3618 3927 3673 Dei
3973 3620 4060 3672 in-

3308 3718 3518 3779 terpres
3540 3709 3778 3781 Cyrillus
3797 3722 3855 3765 et
3876 3711 4061 3766 Theo-

3307 3804 3532 3872 philus,
3595 3806 3632 3859 ii
3701 3821 3900 3859 onmes
3961 3822 4060 3860 sua

3303 3898 3507 3966 scripta
3577 3897 3644 3950 de
3702 3912 3797 3952 sex
3860 3898 4062 3952 diebus

3305 3999 3680 4059 exposuerunt
3740 4006 4061 4061 congruen-

3309 4093 3392 4137 ter
3420 4084 3617 4137 litter:e
3640 4122 3654 4143 ,
3703 4084 3892 4135 missis
3921 4084 4060 4136 alle—

2487 4178 2890 4248 συγγράμματσ
3030 4174 3237 4228 ἑαυτῶν
3310 4173 3480 4243 goriis
3512 4185 3567 4227 et
3596 4174 3879 4243 anagogis.

2488 4268 2615 4337 περὶ
2650 4269 2747 4336 τῆς
2783 4263 3130 4333 ’Ἐξαημέρου
3175 4262 3450 4328 ἐξέθεντο,
3481 4262 3578 4324 τὰς
3609 4261 3941 4333 ἀλληγορίας
3975 4264 4067 4317 καὶ

2484 4355 2773 4425 ἁναγωγὰς
2802 4356 3069 4426 ἀφέμενοι
3092 4354 3159 4425 (2
3174 4353 3215 4414 ).

2557 4445 2788 4514 Propter
2816 4444 3132 4506 inanem,ut
3155 4441 3305 4511 prius
3328 4440 3480 4507 dixi,
3519 4438 4064 4511 Origenislaborem,

816 4526 975 4571 natus
999 4528 1073 4571 est
1107 4521 1251 4574 nobis
1271 4523 1334 4575 ".
1363 4524 1462 4577 Et:
1496 4525 1760 4579 Fuderunt
1810 4546 1999 4583 ntanus
2049 4546 2192 4583 nicas
2220 4541 2268 4583 et
2298 4548 2386 4601 pe-
2416 4513 2461 4569 θ
2491 4535 2591 4604 ipsi
2623 4513 2843 4604 quoque
2868 4533 3165 4587 aﬂ'erentes
3194 4532 3299 4586 lidc
3336 4531 3685 4600 dignissimas
3706 4533 4067 4602 probationes

817 4610 905 4662 des
936 4627 1073 4664 meos
1087 4612 1155 4665 ”.
1173 4613 1237 4666 Et
1264 4632 1276 4666 :
1306 4614 1450 4667 Dixit
1475 4617 1727 4671 Dominus
1755 4620 1980 4673 Domino
2008 4639 2121 4675 meo
2144 4640 2161 4675 :
2185 4620 2320 4676 Sede
2353 4642 2385 4678 α

819 4700 1015 4753 dextris
1034 4704 1301 4759 meis".l'lt
1322 4724 1334 4758 :
1357 4707 1616 4761 Dederunt
1634 4712 1687 4762 in
1704 4728 1877 4765 escam
1896 4730 2070 4766 meam
2083 4714 2156 4783 fel
2168 4717 2234 4777 ”,
2252 4725 2385 4779 ctc.,

820 4796 877 4841 et
905 4805 1026 4859 quae
1056 4801 1186 4845 sunt
1211 4793 1546 4862 huiusmodi.
1584 4799 1755 4855 [tecte
1788 4812 1973 4856 autem
2003 4803 2213 4860 dictum
2259 4815 2341 4860 est
2372 4823 2386 4860 :

827 4877 1081 4948 Exposuit
1122 4883 1231 4936 illic
1262 4886 1523 4941 hominem
1572 4907 1726 4958 quem
1772 4892 1927 4959 ﬁnxit
1962 4910 2169 4962 :quem
2204 4898 2390 4965 posuit

823 4969 1079 5023 ha'redem
1103 4976 1547 5040 universorum",
1581 4979 1882 5036 Christum.
1903 4983 2057 5037 Unde
2091 4985 2303 5040 llebrzei
2324 5002 2391 5040 ex

825 5055 969 5111 libro
995 5060 1089 5127 qui
1124 5076 1233 5115 non
1262 5072 1348 5117 est
1370 5066 1627 5121 redactus
1650 5069 1706 5121 in
1730 5068 2030 5135 Canonem,
2053 5074 2147 5140 qui
2171 5073 2393 5141 quidem

825 5146 1032 5201 dicitur
1062 5150 1472 5208 Testamentum
1507 5159 1991 5226 protoplastorum,
2022 5162 2216 5216 dicunt
2258 5181 2395 5234 qua-

826 5238 1134 5309 dragesima
1156 5242 1246 5297 die
1280 5244 1587 5314 ingressum
1604 5264 1725 5303 esse
1746 5249 1916 5304 Adam
1951 5253 2006 5306 in
2038 5255 2391 5323 paradisum;

827 5329 972 5383 sicut
1002 5330 1167 5383 etiam
1201 5332 1422 5389 videtur
1470 5336 1688 5390 cuidam
1724 5339 1991 5395 historico
2052 5343 2392 5415 chronogra-

829 5418 939 5487 pho
975 5420 1270 5491 Pyrrhoni,
1316 5433 1375 5479 et
1412 5424 1740 5494 quihusdam
1779 5431 2207 5500 expositoribus.
2236 5434 2391 5501 Quod

907 5557 949 5587 "
977 5555 1080 5611 lsa.
1116 5571 1191 5618 Ix,
1225 5556 1279 5611 6.
1355 5560 1400 5591 ²⁶
1430 5561 1576 5616 Psal.
1607 5580 1715 5629 xxI,
1750 5566 1771 5619 l
1821 5607 1836 5621 .

906 5668 980 5739 (Ι)
1007 5669 1182 5725 Crahe
1209 5670 1453 5745 Spirileg.
1481 5684 1517 5729 t.
1542 5677 1607 5743 ll,
1632 5677 1754 5733 ειε.

1914 5568 1954 5600 ¹¹
1996 5567 2139 5623 Psal.
2168 5587 2274 5635 cui,
2310 5574 2357 5631 l.

2440 5575 2484 5607 "
2521 5573 2641 5630 Psal
2654 5613 2666 5628 .
2694 5588 2890 5633 LXVIII,
2911 5572 3000 5626 ἓξ.

2482 4635 2540 4679 et
2567 4624 3064 4679 demonstrationes
3112 4625 3181 4676 de
3230 4622 3415 4675 sensili
3462 4622 3713 4692 paradiso
3753 4624 3849 4691 qui
3881 4627 4065 4678 statim

2486 4716 2738 4783 sequitur
2771 4722 2894 4782 post
2928 4730 3054 4767 eum
3088 4728 3249 4781 quem
3268 4713 3507 4766 diximus
3527 4714 3889 4782 Spiritualem.
3928 4714 4064 4769 Nam

2486 4804 2763 4873 legislator
2796 4803 2972 4856 Moses
3017 4802 3200 4856 statim
3249 4801 3525 4871 subjecit,
3557 4803 3786 4857 dicens:
3824 4804 3896 4858 Et
3937 4807 4070 4860 oriri

2491 4894 2609 4963 fecit
2646 4893 2900 4947 Dominus
2931 4892 3067 4950 Deus
3095 4895 3264 4947 adhuc
3298 4904 3490 4946 eterra
3526 4911 3678 4947 omne
3716 4895 3925 4963 lignum
3952 4899 4073 4966 put—

2491 4984 2672 5035 chrum
2703 4981 2772 5034 ad
2814 4981 3095 5034 videndum
3144 4991 3191 5033 et
3219 4983 3410 5035 bonum
3446 4984 3514 5035 ad
3560 4984 3935 5037 comedendum
3960 5026 3977 5047 ,
4023 4992 4072 5038 et

2494 5074 2694 5142 lignum
2753 5075 2871 5127 vita:
2924 5076 2978 5127 in
3014 5076 3184 5127 medio
3218 5075 3455 5143 paradisi
3493 5083 3585 5127 :et
3635 5075 3835 5143 lignum
3870 5076 4073 5130 sciendi

2491 5166 2545 5219 id
2576 5164 2714 5235 quod
2738 5166 2975 5235 cognosci
3008 5175 3171 5235 potest
3210 5166 3330 5218 boui
3369 5175 3418 5217 et
3452 5167 3600 5219 mali.
3636 5165 3851 5219 Flavius
3889 5178 4072 5221 autem

2494 5257 2759 5326 egreditur
2802 5272 2865 5308 ea:
2892 5255 3055 5308 Edem
3081 5257 3150 5308 ad
3176 5257 3510 5325 irrigandum
3550 5259 3885 5323 paradisum.
3915 5260 4074 5314 Illinc

2499 5348 2791 5400 secernitur
2828 5348 2883 5399 in
2923 5356 3149 5416 quatuor
3190 5347 3363 5401 initia.
3413 5346 3613 5401 Nomen
3662 5350 3788 5415 uni,
3830 5350 4073 5405 Phison:

2500 5439 2598 5492 iste
2634 5448 2706 5492 est
2731 5439 2819 5507 qui
2847 5440 3030 5491 circuit
3062 5454 3268 5491 omnem
3297 5444 3491 5491 terram
3528 5430 3735 5494 Erilath
3768 5441 3924 5496 :illic
3958 5457 4075 5513 erga

3077 5573 3123 5605 "
3147 5572 3315 5627 llebr.
3341 5591 3378 5637 I,
3404 5574 3459 5629 2.

2576 5688 2651 5759 (2)
2683 5686 2739 5743 S.
2773 5687 2965 5742 Joann.
3005 5689 3250 5743 llamasc.
3276 5688 3385 5742 loro
3414 5690 3503 5742 rit.
