4186 6442
166 421 272 483 969

1226 417 1297 475 ΙΝ
1347 412 1886 475 HEXAEMERON.
1915 441 1979 450 —
2012 419 2155 477 LIB.
2200 419 2328 479 V'll.

3276 428 3385 492 970

163 546 236 590 est
261 552 460 589 aurum
497 553 509 587 .'
538 552 728 588 aurum
767 542 941 587 autem
976 530 1118 583 illius
1160 540 1314 583 terra:
1355 530 1545 580 bonum
1580 526 1730 579 :illic
1758 534 1802 585 Α
1833 530 2108 594 pulchrum
2138 530 2206 583 ad
2241 531 2407 603 896
2436 536 2710 588 videndum
2732 545 2781 588 et
2806 537 2995 590 bonum
3027 541 3092 592 ad
3118 545 3385 597 comeden-

161 638 236 681 εει
276 627 630 681 carbunculus
655 637 703 679 ct
729 626 864 694 lapis
887 625 1149 693 prasinus.
1177 622 1243 675 Et
1277 635 1459 671 nomen
1506 617 1729 669 secundo

163 719 305 772 (icon
333 736 353 772 :
374 721 474 772 iste
507 730 579 771 est
628 718 715 786 qui
740 717 922 770 circuit
954 717 1249 767 universam
1293 710 1634 779 zh'tniopiam.
1665 707 1729 759 Et

166 814 353 864 ﬂuvius
399 812 608 869 tertius,
632 810 813 880 Tygris
844 826 861 861 :
898 809 994 860 istc
1034 814 1109 858 est
1135 806 1221 873 qui
1256 805 1370 872 ﬂuit
1410 818 1473 853 er
1514 801 1730 852 adverso

159 904 525 971 Assyriorum.
548 900 758 953 Flui'ius
778 907 950 951 autem
966 906 1203 967 quartus,
1226 895 1534 960 Euphrates.
1550 891 1624 944 Ex
1644 890 1729 943 his

160 1009 190 1047 e
218 1002 369 1047 terra
402 993 602 1062 genitis
637 993 775 1045 locis
802 1000 853 1045 et
887 988 1143 1056 gentibus
1169 983 1727 1053 appellationibusquc

159 1094 212 1140 et
245 1086 523 1144 terminis.
558 1095 613 1137 et
644 1089 903 1149 pneterea
936 1095 1001 1132 ex
1033 1094 1169 1130 auro
1205 1087 1256 1130 et
1291 1076 1468 1145 lapide
1509 1075 1729 1143 prasino

158 1187 211 1231 et
228 1177 513 1243 EthiOpia
544 1183 599 1226 et
620 1172 855 1243 Assyriis
881 1182 937 1225 ct
956 1173 1234 1240 Euphrate
1266 1171 1447 1239 plures
1466 1184 1529 1220 ex
1558 1166 1730 1220 l’atri~

160 1269 258 1322 bus
294 1266 641 1318 allirmarnnt
674 1265 787 1317 lucc
818 1265 1049 1316 maxime
1084 1263 1309 1329 intelligi
1356 1261 1423 1312 de
1475 1258 1728 1325 paradiso

156 1374 184 1411 e
214 1368 367 1409 terra
414 1358 618 1426 genito,
651 1365 707 1408 et
753 1356 985 1408 Iuavimc
1018 1370 1082 1407 ex
1120 1355 1264 1407 loliis
1308 1354 1441 1403 lit-us
1472 1366 1591 1419 qua!
1620 1350 1723 1402 sibi

156 1459 500 1502 consuerunt
550 1447 710 1516 primi
763 1456 1019 1516 parentes
1063 1445 1130 1498 ad
1178 1446 1533 1513 perizoniata.
1574 1440 1727 1494 Unde

156 1541 325 1592 etiam
367 1540 760 1593 convenienter
796 1538 994 1591 litterae
1028 1536 1415 1605 intelligentes,
1454 1547 1623 1600 aquas
1644 1530 1726 1584 di-

156 1642 357 1685 xerunt
394 1633 645 1691 sensiles,
692 1644 747 1685 et
784 1632 929 1700 ligna
952 1670 966 1694 ,
999 1630 1143 1699 ligna
1179 1646 1305 1683 vere
1340 1628 1644 1688 esculenta,
1670 1634 1728 1677 et

156 1722 393 1787 fructus,
432 1724 643 1776 fructus
676 1722 965 1775 hortenses
994 1730 1051 1775 et
1093 1722 1146 1773 in
1175 1734 1314 1789 quos
1342 1718 1488 1772 cadit
1537 1714 1726 1768 interi-

158 1827 264 1879 tus,
296 1826 573 1870 claurum
595 1830 715 1869 esse
766 1813 1067 1867 matcriale.
1121 1811 1386 1866 Similiter
1421 1807 1723 1862 carbuncu—

1833 620 1978 674 dum.
2009 622 2143 676 Nam
2172 631 2290 677 orta
2315 625 2533 693 quidem
2550 638 2632 681 est
2656 628 2710 681 in
2732 628 2888 682 initio
2910 629 3144 685 Ecclesia
3166 635 3385 702 quando

1834 710 1974 764 facta
1999 712 2100 766 fuit
2128 714 2323 769 viridis
2347 728 2403 769 et
2435 716 2569 771 bene
2602 721 2930 787 germinans,
2968 721 3272 794 densasque
3292 727 3385 782 ha-

1835 802 1969 856 bens
2010 819 2135 858 suas
2179 808 2425 872 arbores,
2460 810 2725 866 exsiccata
2775 823 2956 868 autem
2996 814 3100 869 fuit
3141 817 3211 871 ab
3252 830 3381 873 :estu

1834 891 2056 961 maligni
2093 895 2225 949 solis
2249 898 2342 964 qui
2379 898 2796 967 transliguratur
2834 904 2885 957 in
2932 906 3184 971 angelum
3213 907 3382 971 lucis,

1834 998 1958 1035 cum
1991 985 2043 1037 in
2069 1001 2187 1038 eam
2224 1003 2319 1055 per
2346 983 2408 1044 os
2431 990 2706 1045 sibilasset
2743 1009 2963 1063 serpens
2989 1010 3043 1052 et
3064 1013 3184 1052 eam
3209 1001 3385 1054 exsic-

1833 1085 2009 1128 easset
2042 1092 2139 1144 per
2161 1076 2540 1134 idololatriam.
2560 1081 2695 1135 Cum
2724 1096 2853 1150 ergo
2884 1086 3121 1140 venisset
3151 1087 3391 1142 cmlestis

1833 1164 2031 1219 ﬂuvius
2058 1168 2203 1222 Deus
2226 1169 2481 1235 Verbum,
2507 1182 2562 1225 et
2592 1189 2713 1227 eam
2741 1173 3019 1243 irrigassct
3065 1193 3161 1245 per
3191 1194 3385 1247 aquam

1831 1264 1887 1309 et
1934 1256 2158 1311 ﬂuvium
2183 1302 2197 1324 ,
2238 1271 2426 1313 exorta
2459 1271 2543 1315 est
2585 1273 2643 1316 et
2688 1280 2906 1319 rursum
2952 1267 3298 1335 germinavit,
3330 1279 3387 1323 et

1833 1348 2029 1403 iterum
2085 1350 2377 1405 viviﬁcavit
2429 1354 2639 1408 ratione
2676 1356 2899 1424 prasdita
2938 1358 3058 1428 ejus
3104 1358 3269 1427 ligna,
3316 1362 3385 1413 de.

1831 1440 2031 1506 quibus
2052 1441 2258 1495 dictum
2283 1452 2367 1497 est
2403 1462 2415 1495 :
2454 1444 2523 1498 Et
2550 1449 2745 1501 exoriri
2782 1450 2896 1516 fecit
2924 1450 3092 1503 adhuc
3136 1450 3386 1505 Dominus

1831 1528 1968 1581 Deus
1998 1546 2025 1582 c
2053 1542 2236 1597 terra;
2285 1534 2389 1589 hoc
2417 1546 2520 1598 est,
2547 1546 2830 1607 postquam
2865 1550 3078 1596 mortua
3111 1552 3166 1597 et
3207 1544 3388 1598 exsic~

1830 1630 1949 1674 cata
1965 1634 2131 1690 esset,
2153 1625 2332 1680 adhuc
2362 1628 2601 1683 secundo
2629 1631 2823 1687 ordine
2850 1649 3043 1689 rursus
3061 1637 3388 1705 germinavit

1832 1714 2040 1769 ratione
2071 1716 2295 1785 pradita
2309 1718 2509 1775 Christi
2537 1730 2681 1778 terra
2701 1740 2853 1777 omne
2884 1724 3083 1794 lignum
3111 1726 3384 1795 pulchrum

1830 1808 1903 1859 ad
1928 1809 2202 1863 ridendum
2240 1822 2286 1863 et
2314 1812 2505 1865 bonum
2544 1814 2612 1865 ad
2655 1816 3043 1869 comedendum.
3094 1817 3151 1871 In
3183 1819 3385 1886 quibus

156 1876 294 1968 lum,
328 1916 386 1960 et
412 1905 691 1975 prasinum
718 1905 1130 1974 smaragdinum
1155 1901 1421 1971 lapidem;
1454 1908 1509 1952 et
1539 1898 1720 1959 ﬁcum,
1757 1876 1802 1937 Β
1829 1899 1990 1967 lignis
2020 1916 2127 1954 non
2150 1901 2285 1954 dicit
2321 1900 2602 1972 Scriptura
2637 1904 2845 1970 fenum,
2872 1924 2979 1962 non
3018 1911 3249 1978 paleam,
3274 1927 3382 1967 non

155 2014 343 2052 veram
404 2001 567 2052 ticum
599 2013 717 2051 esse
764 1997 1025 2050 dixerunt
1064 2014 1078 2049 :
1113 2004 1169 2049 et
1217 1994 1448 2047 maxime
1497 1991 1721 2044 divinus

155 2090 520 2159 Epiphanius,
536 2106 602 2144 ex
617 2105 684 2144 eo
710 2088 854 2159 quod
889 2087 1124 2142 audierit
1160 2087 1496 2154 Scripturam
1532 2084 1718 2135 dicen-

156 2192 265 2235 tem
318 2197 441 2236 esse
498 2190 698 2235 terram
744 2180 1002 2236 Iordanis
1035 2195 1155 2249 quze
1186 2179 1341 2248 prius
1390 2175 1717 2245 irrigabatur

156 2278 300 2330 sicut
329 2274 641 2344 paradisus,
681 2284 736 2329 et
761 2275 903 2328 sicut
935 2283 1078 2327 terra
1101 2272 1334 2341 Egypti.

222 2366 400 2433 Quam
430 2366 652 2436 quidem
699 2366 985 2420 Paternam
1016 2364 1340 2417 sententiam
1371 2360 1520 2415 etde
1552 2376 1711 2430 para-

155 2460 275 2513 diso
320 2460 511 2513 sensili
546 2457 890 2511 traditionem
939 2456 1253 2524 recipimus.
1286 2453 1634 2523 suscipimus,
1663 2459 1718 2503 cl

151 2551 562 2619 amplectimur.
593 2549 648 2603 In
679 2549 785 2602 hoc
814 2548 959 2601 enim
981 2562 1146 2616 opere
1169 2560 1270 2598 nos
1294 2547 1718 2613 praemunientes

153 2657 295 2710 cepe
314 2641 561 2694 diximus
583 2640 728 2711 quod
746 2639 946 2694 divinae
967 2638 1260 2706 Scriptura:
1285 2636 1568 2689 historiam
1597 2649 1719 2702 qua:

149 2734 348 2787 littera:
379 2732 639 2786 convenit
666 2746 775 2784 non
807 2730 1175 2791 dissolvimus,
1199 2742 1375 2795 neque
1405 2735 1716 2779 sanctorum

151 2824 379 2878 Patrum
410 2831 724 2875 nostrorum
763 2821 1065 2877 sententias
1086 2819 1404 2873 evertimus.
1445 2814 1513 2871 Et
1538 2824 1716 2869 tamen

149 2915 416 2985 quoniam
449 2912 706 2966 audimus
747 2912 931 2966 divum
972 2910 1201 2966 Paulum
1224 2907 1407 2962 omnia
1436 2922 1557 2976 qua:
1592 2915 1721 2961 sunt

148 3008 204 3061 in
238 3006 362 3073 lege
394 3003 623 3072 mystice
669 3002 736 3056 ad
786 3002 1064 3056 Christum
1109 2998 1438 3053 referentem
1474 3013 1487 3047 τ
1524 3010 1717 3063 nempe

149 3094 594 3155 tabernaculum,
651 3108 857 3156 arcam,
905 3106 1117 3153 urnam,
1150 3088 1446 3158 templum,
1497 3104 1715 3157 agnum,

1820 1990 2091 2056 virgulta,
2139 2007 2246 2044 non
2289 1994 2514 2047 herbam
2542 2035 2556 2057 ,
2594 2011 2700 2049 non
2744 1996 2949 2065 lignum
2995 2001 3281 2069 pulchrum
3315 2002 3381 2056 ad

1818 2081 2114 2134 videndum
2139 2093 2193 2134 et
2222 2084 2424 2137 bonum
2444 2085 2509 2138 ad
2536 2086 2955 2143 comedendum.
2976 2091 3043 2145 Et
3070 2092 3273 2161 lignum
3306 2095 3384 2148 in-

1817 2171 2016 2233 fertile,
2054 2184 2109 2226 et
2157 2175 2364 2236 fenum,
2407 2185 2464 2229 et
2494 2178 2695 2247 stipula
2721 2219 2736 2243 ,
2763 2191 2819 2234 et
2852 2182 3006 2249 palea
3042 2186 3381 2240 exseinditur

1815 2273 1871 2317 et
1905 2262 1957 2317 in
1995 2263 2173 2331 ignem
2202 2266 2463 2319 mittitur.
2506 2266 2613 2321 Sed
2642 2269 2781 2323 nihil
2804 2280 2887 2325 est
2916 2271 3182 2341 ejusmodi
3209 2276 3260 2330 in
3297 2279 3382 2331 his

1815 2356 1995 2425 lignis,
2027 2358 2121 2413 sed
2145 2358 2281 2412 dicit
2308 2359 2361 2412 in
2391 2360 2457 2413 iis
2486 2361 2667 2415 omnia
2698 2362 2922 2431 pulchra
2948 2364 3013 2417 ad
3047 2367 3336 2420 videndum
3362 2405 3377 2431 ,

1813 2450 1993 2501 omnia
2019 2450 2158 2502 bona
2182 2450 2247 2502 ad
2275 2451 2690 2517 comedendum,
2714 2455 2896 2508 omnia
2918 2455 3054 2510 bene
3074 2460 3379 2525 germina"-

1816 2542 1911 2603 tia,
1938 2541 2124 2595 omnia
2151 2556 2180 2595 a
2215 2542 2325 2596 Deo
2358 2544 2706 2613 pullulantia.
2728 2546 2847 2600 Non
2877 2548 3025 2601 enim
3072 2550 3224 2619 jussu
3261 2554 3380 2620 ejus

1812 2640 2002 2685 exorta
2031 2641 2159 2686 sunt
2192 2647 2223 2685 e
2249 2641 2413 2698 terra,
2461 2634 2556 2689 sed
2593 2635 2710 2705 ipse
2742 2638 2883 2693 Deus
2917 2638 3143 2708 ipsemet
3174 2644 3376 2711 opil'ex,

1812 2722 2214 2790 complantatus
2243 2733 2299 2776 et
2334 2727 2764 2795 eoncorporalis.
2794 2738 2847 2780 et
2890 2744 3084 2783 eorum
3114 2742 3379 2801 cognatus

1811 2813 2008 2876 factus,
2036 2828 2067 2866 e
2102 2822 2247 2867 terra
2282 2814 2532 2883 genitus,
2570 2825 2826 2886 tanquam
2881 2821 3098 2889 propria
3133 2824 3375 2879 membra

1810 2916 1874 2955 ea
1934 2902 2065 2957 fecit
2110 2904 2418 2973 germinare
2461 2921 2492 2959 e
2520 2914 2686 2971 terra,
2739 2919 2798 2961 ut
2842 2925 2962 2978 quae
3016 2911 3124 2966 sint
3178 2927 3376 2983 corpus

1809 2995 2038 3057 Christi,
2062 3006 2119 3049 et
2146 2998 2388 3052 membra
2411 3014 2478 3053 ex
2503 2999 2787 3064 membro;
2818 3010 2929 3054 tota
2954 3002 3213 3069 formosa,
3242 3022 3376 3076 quo-

1814 3087 1957 3139 niam
1992 3088 2108 3155 ipse
2141 3087 2345 3142 dicitur
2367 3091 2626 3159 speciosus
2642 3101 2834 3160 prwter
2859 3092 2996 3159 ﬁlios
3026 3096 3373 3155 hominum".

144 3185 325 3248 cibos,
356 3184 634 3253 potiones,
676 3183 843 3253 ligna,
868 3182 1147 3243 animalia,
1180 3180 1452 3241 volucres.
1499 3194 1712 3240 aurum,
1741 3202 1785 3262 ο
1818 3178 1968 3233 Unde
1994 3179 2157 3233 etiam
2189 3189 2311 3248 post
2344 3182 2634 3236 transitum
2667 3183 2776 3236 diei
2804 3186 2941 3238 sexti
2966 3195 3155 3240 narrat
3189 3189 3372 3244 divina

144 3272 492 3343 smaragdos,
528 3270 915 3349 carbunculos,
969 3284 1160 3340 aquas,
1189 3277 1246 3323 et
1278 3268 1485 3335 reliqua
1535 3266 1715 3320 omnia

144 3382 267 3436 qua:
307 3374 446 3420 tunc
470 3364 692 3434 quidem
718 3362 859 3419 facta
891 3371 1019 3417 sunt
1050 3360 1297 3431 mystice,
1327 3358 1719 3413 convenienter

144 3459 381 3519 litteras,
436 3472 584 3511 nunc
622 3464 805 3511 autem
835 3457 891 3510 in
936 3454 1182 3509 Ecclesia
1238 3467 1368 3506 vere
1414 3462 1718 3505 cernuntur

145 3551 516 3622 spiritualiter
547 3550 1007 3605 considerandum
1044 3557 1128 3601 est
1178 3561 1308 3600 num
1353 3545 1467 3598 haec
1499 3558 1716 3613 quoque

144 3658 268 3713 quae
294 3655 454 3696 nunc
483 3641 550 3696 de
579 3640 766 3695 sensili
815 3637 1067 3708 paradiso
1106 3652 1135 3691 a
1170 3637 1315 3690 blose
1356 3635 1717 3706 corporaliter

144 3734 353 3804 scripta
401 3741 552 3798 sunt,
586 3731 656 3787 ad
700 3731 983 3787 Christum
1014 3739 1072 3786 et
1102 3730 1404 3786 Ecclesiam
1437 3729 1603 3783 relata
1637 3736 1717 3796 ty-

145 3824 269 3893 pice
320 3823 484 3892 prius
531 3821 807 3891 descripta
854 3820 985 3883 sint,
1030 3819 1302 3888 siquidem
1363 3816 1587 3871 omnino
1620 3831 1717 3884 per

143 3914 431 3969 Christum
486 3912 627 3967 facta
655 3923 783 3967 sunt
807 3952 822 3977 ,
858 3910 1335 3981 praesigniﬁcantia
1371 3910 1491 3979 ejus
1533 3907 1715 3961 carnis

145 4004 582 4074 susceptionem.
614 4003 918 4071 Sequenles
964 4016 1096 4070 ergo
1127 4000 1409 4070 theologia:
1442 4008 1711 4052 oratorem

145 4093 482 4164 Gregorium
521 4092 616 4162 qui
657 4092 797 4146 dixit
830 4091 1000 4145 Adam
1034 4107 1155 4146 esse
1184 4090 1474 4159 agricolam
1500 4090 1714 4159 planta-

145 4199 271 4238 rum
303 4181 704 4237 immortalium
733 4190 790 4237 et
813 4181 1123 4236 divinarum
1147 4180 1435 4234 notionnm
1467 4180 1520 4233 in
1552 4194 1715 4248 para-

144 4276 267 4331 diso
296 4294 312 4330 :
338 4274 700 4330 aseendamus
719 4290 749 4329 a
772 4275 953 4329 littera
980 4290 1100 4343 qua:
1127 4272 1349 4337 occidit,
1375 4274 1440 4326 ad
1461 4272 1712 4340 spirituum

143 4367 236 4437 qui
301 4363 550 4419 virincat
583 4382 596 4417 :
628 4378 842 4433 semper
899 4363 1049 4418 enim
1102 4378 1260 4417 sacra
1320 4362 1500 4416 littera
1552 4362 1711 4416 simul

144 4455 398 4511 ascendit
426 4469 552 4509 cum
574 4454 997 4508 ascendentibus
1022 4472 1034 4506 :
1062 4456 1131 4508 Et
1161 4454 1355 4508 exoriri
1389 4454 1506 4521 fecit
1535 4453 1711 4508 Domi-

1818 3268 2100 3336 Scriptura
2125 3270 2321 3323 horum
2347 3270 2615 3340 lignorum
2639 3272 3089 3342 germinationem
3109 3316 3125 3341 ,
3144 3278 3248 3333 hoc
3266 3291 3371 3343 est,

1816 3369 1935 3425 post
1960 3357 2104 3411 diem
2128 3358 2351 3412 Sabbati
2375 3361 2554 3414 cultus
2578 3361 2806 3431 legitimi
2829 3364 3067 3428 ;dictum
3099 3377 3181 3421 est
3199 3368 3266 3423 de
3286 3370 3375 3424 his

1812 3449 2203 3504 ecclesiasticis
2255 3451 2501 3521 pulchris
2548 3454 2708 3524 lignis
2740 3472 2754 3509 :
2794 3455 3034 3512 Laudate
3066 3459 3370 3531 Dominum,

1814 3538 1955 3609 ligna
1990 3541 2260 3610 fructifera
2291 3552 2340 3596 et
2386 3561 2564 3598 omnes
2596 3548 2737 3600 cedri
2754 3547 2818 3602 ’⁵.
2847 3548 2915 3603 Et
2967 3567 3157 3608 rursus
3183 3554 3316 3613 dicit
3352 3574 3368 3611 :

1813 3627 2207 3685 Saturabuntur
2231 3631 2375 3703 ligna
2399 3636 2647 3705 campi",
2671 3638 2763 3706 qui
2802 3638 2939 3694 dicit
2966 3658 2979 3694 :
3014 3641 3124 3712 Ego
3156 3662 3270 3699 sum
3296 3650 3372 3701 vi-

1813 3722 1901 3781 tis,
1955 3738 2041 3775 vos
2076 3723 2339 3792 palmites,
2387 3737 2435 3779 et
2464 3726 2626 3781 Pater
2666 3746 2810 3783 mens
2841 3742 2916 3786 est
2959 3736 3270 3803 agricola".
3310 3740 3368 3793 In

1812 3811 1917 3865 hoc
1948 3814 2093 3867 enim
2148 3813 2485 3884 gloriﬁcatur.
2516 3826 2600 3872 est
2640 3819 2801 3874 Pater
2846 3838 3000 3879 meus
3028 3836 3086 3880 ut
3132 3827 3367 3883 fructum

1812 3900 2023 3967 feratis,
2058 3912 2115 3957 et
2158 3904 2315 3960 eritis
2353 3907 2490 3963 mihi
2519 3908 2800 3979 discipuli.
2839 3913 2915 3968 De
2961 3915 3046 3970 his
3075 3918 3234 3981 lignis
3255 3922 3367 3974 cla-

1813 3994 2211 4052 mabatJudzeis
2238 3997 2497 4054 Servator
2520 4001 2736 4056 dicens:
2760 4003 2989 4058 Tolletur
3006 4026 3036 4061 a
3058 4011 3195 4065 vobis
3217 4015 3367 4068 vinea

1813 4098 1861 4140 et
1893 4089 2103 4144 dabitur
2131 4092 2228 4146 alii
2252 4093 2466 4161 facienti
2487 4095 2712 4163 fructum
2741 4099 2853 4167 ejus
2876 4102 2943 4153 ".

1885 4177 1961 4231 Ex
1998 4180 2084 4233 his
2114 4181 2361 4249 pulchris
2404 4182 2567 4251 lignis
2603 4185 2687 4253 (ut
2714 4200 2836 4253 qua:
2874 4197 3059 4241 essent
3105 4190 3258 4245 utilia
3298 4194 3364 4246 ad

1813 4271 2230 4326 anlilicationem
2263 4272 2480 4341 scaphae
2502 4270 2779 4345 Ecclesiae)
2803 4293 2925 4330 cum
2956 4279 3174 4346 quidam
3205 4300 3363 4337 acce—

1811 4361 1979 4429 pisset
2024 4362 2243 4417 dicebat
2278 4362 2616 4419 :Secuudum
2662 4369 2888 4437 gratiam
2933 4368 3029 4423 Dei
3078 4388 3194 4440 qua:
3233 4383 3361 4429 data

1812 4462 1886 4504 est
1930 4455 2081 4517 mihi,
2134 4463 2396 4525 tanquam
2438 4460 2650 4526 sapiens
2699 4462 3012 4515 architectus
3046 4463 3363 4531 fundamen-

145 4563 243 4600 ιιι
274 4546 419 4600 Deus
451 4545 621 4598 adhuc
647 4560 711 4598 ex
742 4554 889 4598 terra
920 4562 1072 4598 omne
1103 4546 1301 4614 lignum
1336 4546 1607 4614 pulchrum
1647 4547 1714 4598 mi
1743 4535 1787 4594 υ
1816 4553 1923 4598 tum
1951 4548 2182 4614 posui".
2214 4548 2288 4601 Ex
2323 4547 2408 4601 his
2438 4548 2684 4616 pulchris
2711 4550 2871 4619 lignis
2921 4552 2995 4605 illi
3046 4564 3175 4606 sunt
3209 4557 3363 4623 prius

146 4639 457 4700 ridendum,
499 4646 549 4690 et
575 4636 765 4689 bonum
798 4638 868 4689 ad
903 4638 1291 4690 comedendum.
1328 4637 1427 4691 llic
1458 4638 1712 4690 convenit

144 4730 447 4800 diligenter
488 4742 739 4797 quaerere
770 4727 901 4797 quid
932 4728 1004 4781 sit
1033 4737 1211 4787 ortus,
1258 4728 1351 4797 qui
1391 4727 1577 4781 Crzcce
1629 4738 1711 4781 est

144 4818 404 4887 ἀνατολὴ,
436 4827 492 4873 et
540 4819 670 4887 quid
715 4827 871 4873 ortus
896 4820 990 4888 qui
1024 4829 1109 4873 est
1152 4820 1465 4888 ὲξανατολή.
1516 4819 1573 4873 In
1642 4821 1709 4874 iis

144 4925 264 4980 qua:
294 4926 330 4963 e
361 4919 510 4964 terra
566 4909 704 4963 ﬁunt
752 4920 808 4964 et
858 4920 1189 4973 nascuntur,
1240 4910 1442 4965 dicitur
1486 4912 1706 4980 quidem

143 5001 332 5055 oriens
346 5004 569 5068 (nempe
596 4999 909 5065 ἀνατέλλον)
944 5000 1091 5069 quod
1118 5001 1301 5055 statim
1336 5002 1513 5070 primo
1544 5018 1707 5072 appa-

147 5103 261 5155 ret;
288 5100 547 5143 exortum
578 5100 761 5145 autem
784 5092 1000 5159 (nempe
1024 5090 1389 5158 ὲξανατέλλον)
1411 5091 1554 5161 quod
1579 5109 1703 5147 cum

142 5183 482 5238 emarcuerit
533 5192 589 5236 et
644 5183 974 5238 exsiccatum
1008 5184 1192 5245 fuerit,
1228 5200 1418 5238 rursus
1461 5187 1704 5239 exoritur

146 5274 391 5329 secundo
424 5272 615 5329 ordine
651 5290 749 5344 per
788 5290 986 5344 aquam
1020 5285 1076 5329 et
1100 5277 1446 5342 agriculturae
1476 5278 1706 5348 diligen-

147 5367 273 5421 tiam
296 5377 358 5420 et
388 5366 733 5421 industriam.
759 5366 1120 5432 Quamobrem
1141 5369 1380 5423 dilucide
1408 5370 1699 5425 admodum

144 5464 197 5508 et
218 5456 475 5525 apposite
495 5456 793 5511 dictumest
820 5458 1131 5526 prophetiee
1153 5460 1220 5511 de
1251 5459 1490 5514 Ecclesia
1522 5478 1533 5512 :
1560 5460 1700 5514 Exo-

145 5546 236 5599 riri
262 5546 385 5615 fecit
416 5547 585 5599 adhuc
615 5545 865 5600 Dominus
902 5545 1040 5600 Deus
1072 5564 1100 5600 e
1132 5557 1271 5600 terra
1318 5564 1470 5604 omne
1501 5551 1699 5621 lignum

207 5688 259 5721 “
279 5686 425 5741 Psal.
454 5701 591 5746 suv,
617 5688 672 5741 3.
744 5688 789 5718 "
817 5686 955 5740 Psal.
986 5703 1198 5751 cvmni,
1223 5688 1275 5741 9.
1349 5690 1395 5720 “
1428 5690 1565 5743 Psal.
1591 5705 1699 5750 eiu.
1728 5690 1817 5744 16.
1889 5691 1932 5721 ³⁷
1965 5689 2121 5744 Joan.
2155 5707 2240 5751 xv,
2263 5692 2313 5741 ελ.

207 5770 227 5812 ι.
310 5756 353 5787 ³⁸
384 5757 485 5810 Isa.
519 5771 605 5814 ιιι,
636 5757 701 5814 7;
728 5757 881 5810 Rom.
916 5772 966 5814 ι.
997 5757 1080 5809 l5.
1191 5759 1231 5788 ³¹
1262 5759 1396 5811 Psal.
1425 5776 1462 5814 ι.
1492 5760 1544 5811 5.
1652 5760 1873 5814 ³⁸Ῥθῖ11.
1912 5776 1989 5814 ιι.
2031 5760 2108 5811 Nl.
2214 5761 2256 5790 ³³
2287 5760 2313 5813 ι

1712 5776 1873 5814 'l’nal.
1912 5776 1989 5818 ιι,
2031 5776 2108 5811 lu.

150 5757 227 5812 10.
310 5756 353 5787 ³⁸
384 5757 485 5810 Isa.
519 5771 605 5817 ιιι,
636 5757 701 5819 7;
728 5757 881 5810 Rom.
916 5772 966 5820 x,
997 5757 1080 5809 l5.

148 5826 188 5858 ⁸⁵
217 5825 361 5884 ibid.
435 5824 479 5856 "
511 5824 613 5880 lsa.
635 5828 837 5889 sui-,4.

387 5919 655 5979 Ριτιιοι..
688 5921 799 5981 Cu.
839 5921 1070 5981 LXXXI
1086 5923 1127 5980 Χ
1141 5964 1154 5979 .

1191 5759 1231 5788 ³¹
1262 5759 1396 5811 Psal.
1425 5776 1462 5821 l,
1492 5760 1544 5811 5.

1811 4638 2035 4692 radicati
2068 4648 2125 4691 et
2157 4640 2312 4706 prius
2347 4642 2570 4709 plantati
2594 4682 2609 4701 ,
2652 4645 2871 4710 speciosi
2914 4644 3066 4711 pedes
3099 4651 3362 4716 evangeli-

1808 4730 2039 4780 zantium
2071 4746 2249 4798 pacem
2268 4730 2333 4781 “.
2371 4730 2426 4783 lu
2458 4731 2545 4783 his
2579 4732 2826 4799 pulchris
2862 4733 3022 4797 lignis
3051 4747 3178 4789 sunt
3217 4738 3359 4805 ligna

1808 4823 2083 4889 justorum
2114 4822 2483 4889 plautatorum
2511 4823 2671 4891 juxta
2695 4825 2936 4876 decursus
2964 4843 3242 4895 aquarum,
3267 4832 3358 4896 qui

1810 4915 2038 4981 fructum
2086 4930 2241 4966 suum
2292 4916 2421 4967 dunt
2454 4917 2505 4967 iu
2541 4925 2769 4983 tempore
2789 4933 2883 4967 suo
2900 4917 2974 4979 a';
3014 4919 3100 4970 ille.
3137 4921 3357 4987 quidem

1811 5004 2029 5057 dicens:
2058 5003 2167 5072 Ego
2194 5014 2369 5058 autem
2396 5013 2647 5074 tanquam
2678 5008 2814 5059 oliuo
2837 5010 3105 5075 fructifera
3128 5013 3181 5062 in
3206 5014 3360 5063 domu

1809 5093 1906 5146 Dei
1922 5092 2001 5156 ³¹;
2033 5102 2090 5145 et
2118 5093 2261 5147 alius
2285 5094 2523 5161 psallens
2548 5110 2561 5148 :
2583 5093 2833 5148 Dominus
2862 5099 3024 5163 pust-it
3050 5115 3130 5148 me
3151 5109 3198 5149 et
3228 5101 3359 5152 nihil

1810 5187 1936 5238 milii
1968 5186 2132 5238 deerit
2154 5202 2171 5237 :
2191 5186 2244 5238 in
2290 5185 2399 5237 loco
2424 5202 2629 5253 pascuae
2671 5189 2741 5240 ibi
2773 5206 2851 5241 me
2874 5188 3163 5252 collocavit,
3200 5208 3355 5259 super

1805 5292 1999 5345 nquam
2023 5277 2314 5345 refectionis
2344 5279 2582 5330 educavit
2614 5280 2768 5331 me”.
2797 5280 2948 5332 Alius
2974 5299 2987 5333 :
3015 5281 3195 5334 Justus
3220 5284 3355 5339 sicut

1803 5368 1983 5437 palma
2016 5369 2297 5437 ﬂorebit“.
2328 5370 2387 5422 Et
2420 5370 2558 5423 alius
2596 5389 2605 5421 :
2640 5368 2784 5423 Sicut
2805 5373 3079 5441 juniperus
3104 5374 3264 5427 densa
3284 5375 3350 5428 ³³.

1803 5461 1869 5514 Et
1913 5459 2051 5513 alius
2087 5476 2100 5512 :
2131 5458 2275 5513 Sicut
2306 5461 2443 5513 salix
2479 5463 2549 5513 ad
2572 5479 2766 5531 aquam
2826 5468 3263 5534 praeter/tuentem
3284 5467 3349 5521 ⁸⁸.

1804 5553 1869 5606 Et
1896 5570 1907 5603 :
1931 5550 2072 5606 Sicut
2101 5568 2284 5620 pomus
2306 5552 2357 5605 in
2386 5552 2538 5621 lignis
2556 5553 2700 5606 silva!
2719 5594 2733 5615 ,
2770 5562 2818 5605 et
2838 5557 2967 5607 sicut
2990 5573 3278 5625 cupressus,
3302 5566 3351 5609 et

2389 5690 2434 5721 "
2456 5690 2641 5743 Matth.
2678 5706 2782 5751 xvi.
2816 5692 2900 5746 45.
2977 5693 3021 5722 ³³
3049 5692 3064 5744 l
3095 5693 3221 5747 Cor.
3270 5708 3349 5759 ut,

2214 5761 2256 5790 ³³
2287 5760 2423 5813 Psal.
2463 5777 2587 5815 nu.
2618 5760 2669 5819 Ξ,
2699 5761 2753 5815 7-.
2858 5760 2902 5793 ³³
2932 5761 3072 5815 Psal.
3104 5779 3204 5826 xei,
3264 5763 3347 5816 i5.

2960 5924 3031 5982 ill
