4186 6442
828 379 929 444 971

1978 368 2052 428 ES.
2097 368 2483 427 ANASTASII
2526 370 2843 430 SlNAlT/E

3939 384 4048 446 979.

827 496 972 563 picea
1004 500 1052 542 rt
1098 489 1280 541 cedrus
1301 490 1366 551 ³⁷,
1414 490 1578 540 odore
1614 486 1996 556 perfundentia
2035 499 2089 540 et
2128 490 2381 541 ornantia
2411 498 2455 553 Α
2484 500 2668 544 autem
2704 490 2908 557 lignum
2944 490 3009 543 ad
3040 491 3441 548 cunwdcndum
3477 496 3529 549 in
3562 498 3820 566 paradiso
3852 498 4047 552 Eccle-

826 591 1042 654 pratmn
1074 581 1415 643 Ecelesia:,in
1441 596 1551 648 quo
1574 580 1778 633 exoriri
1808 579 1935 633 fecit
1961 578 2383 632 ltoininuslteus

824 676 1007 729 adhuc
1033 682 1090 728 et
1117 673 1297 727 adhuc
1319 681 1375 726 et
1401 672 1454 724 in
1490 674 1749 725 smcululn
1777 672 1960 725 sarculi
1998 688 2148 724 omne
2185 672 2381 740 lignum

827 770 1099 840 pulchrum
1153 767 1222 819 ad
1244 766 1543 828 videndum,
1573 774 1621 817 et
1661 766 1849 817 bonum
1884 766 1952 815 ad
1984 762 2377 815 comedendum.

828 862 1060 914 Pulchra
1093 858 1234 927 ligna
1260 867 1389 910 sunt
1419 857 1508 910 illa
1534 856 1600 908 de
1628 856 1830 920 quibus
1858 854 1997 908 dixit
2022 856 2166 909 Deus
2194 874 2205 907 :
2230 854 2382 907 Juve-

826 969 916 1006 nes
937 950 1093 1003 vestri
1120 949 1340 1001 visiones
1364 947 1629 1007 videbunt,
1656 955 1702 998 et
1722 949 1948 1000 seniores
1974 948 2152 999 dicina
2181 948 2382 1000 somnia

824 1042 1157 1099 somniabunt
1177 1041 1243 1094 ³⁸.
1273 1042 1567 1095 Pulchrum
1603 1038 1811 1109 lignum
1840 1040 1907 1094 ad
1935 1039 2232 1093 videndum
2264 1048 2386 1092 erat

829 1134 959 1187 illud
986 1132 1133 1201 quod
1154 1132 1291 1185 dicit
1324 1148 1335 1182 :
1368 1129 1514 1191 Oculi
1552 1130 1649 1181 mei
1677 1146 1879 1197 semper
1919 1130 1988 1181 ad
2018 1128 2381 1182 Dominum".

829 1228 1062 1283 Pulchra
1090 1227 1234 1296 ligna
1264 1224 1330 1279 ad
1371 1222 1667 1276 videndum
1703 1235 1829 1275 sunt
1861 1222 1955 1290 qui
1982 1222 2185 1276 habent
2215 1222 2384 1275 visio-

827 1336 950 1374 nem
979 1319 1196 1387 qualem
1232 1315 1427 1370 habuit
1441 1315 1633 1368 videns
1658 1314 1751 1366 Dei
1775 1314 2042 1367 visionem
2073 1312 2261 1366 Daniel
2288 1314 2383 1372 qui

823 1411 1047 1464 dicebat
1078 1426 1091 1462 :
1126 1406 1533 1476 Contemplabar
1556 1406 1611 1458 in
1629 1406 1824 1457 visione
1848 1405 2008 1456 noctis
2038 1405 2196 1456 (lanec
2216 1406 2387 1458 throni

823 1500 979 1568 positi
995 1499 1207 1567 [uerunt
1220 1496 1289 1552 ⁵⁸.
1304 1495 1490 1549 Talem
1505 1494 1696 1549 habuit
1710 1495 1974 1547 visionem
1991 1494 2152 1547 Isaias
2168 1508 2385 1562 quoque

823 1591 919 1659 qui
947 1588 1165 1643 dicebat
1189 1606 1201 1640 :
1228 1587 1341 1640 Vidi
1368 1587 1646 1640 Dominum
1683 1586 1943 1639 sedentem
1963 1602 2119 1654 super
2141 1588 2385 1637 tln'onnm

824 1681 1083 1734 excelsum
1103 1690 1151 1733 et
1178 1679 1375 1732 elatum
1395 1678 1461 1731 δ’.
1494 1678 1775 1747 Ejusmodi
1802 1677 2087 1747 pulchram
2119 1676 2384 1730 visionem

824 1774 1099 1843 signiﬁcat
1135 1787 1355 1840 quoque
1396 1771 1443 1823 is
1472 1771 1566 1839 qui
1597 1771 1733 1824 dicit
1768 1790 1779 1822 :
1814 1770 1929 1840 Ego
1954 1771 2176 1831 dormio,
2225 1781 2271 1822 ct
2300 1786 2387 1821 cor

827 1883 998 1918 meum
1021 1862 1203 1935 vigilat
1223 1865 1289 1917 δ’.
1322 1864 1469 1917 Talis
1500 1873 1620 1916 erat
1647 1864 1847 1916 l’aulus
1876 1862 1968 1931 qui
2004 1862 2275 1929 spirituali
2303 1862 2384 1913 vi-

827 1961 979 2012 sione
1014 1958 1315 2027 aspiciebat
1367 1956 1678 2009 Dominum.
1722 1955 1811 2010 Et.
1850 1963 1909 2006 ut
1958 1954 2124 2006 semel
2179 1954 2384 2015 dicam,

827 2064 983 2103 mens
1005 2048 1186 2102 omnis
1208 2045 1492 2116 perspicax
1517 2056 1573 2099 et
1600 2054 1724 2114 apta
1745 2044 1811 2097 ad
1836 2044 2077 2097 divinam
2096 2044 2387 2105 visionem,

825 2138 1034 2195 dicitur
1062 2152 1185 2194 esse
1215 2137 1383 2191 arbor
1419 2137 1650 2206 pulchra
1697 2136 1764 2190 ad
1797 2134 2092 2190 videndum
2137 2152 2150 2188 :
2181 2135 2386 2187 bonum

857 2335 892 2353 ‘

2486 584 2579 635 sia:
2601 592 2684 635 est
2705 582 2885 634 alienis
2914 582 3109 635 doctor
3134 584 3498 650 orthodoxus,
3522 591 3674 644 alens
3696 591 4052 659 dogmatibus

2485 692 2618 729 oves
2648 676 2828 743 gregis
2854 676 3082 740 Christi,
3112 688 3169 730 et
3207 680 3411 733 nullam
3446 682 3784 737 mortiferam
3816 697 3915 739 aut
3947 702 4046 738 no-

2488 770 2627 822 xiam
2660 768 2742 820 eis
2773 784 3056 837 apponens
3090 768 3474 841 disciplinam;
3520 774 3613 827 sed
3661 776 3713 828 in
3748 792 3805 829 se
3836 778 4050 830 habens

2485 863 2695 913 fructus
2733 860 2906 913 sancti
2932 859 3189 929 Spiritus,
3208 879 3345 928 (tuos
3370 874 3423 917 et
3452 866 3780 934 germinavit
3809 868 4053 937 Aposto-

2486 953 2571 1004 lus
2601 961 2657 1004 et
2682 952 3111 1014 enunu-ravit”,
3147 953 3496 1014 eharitatem,
3526 958 3809 1021 gaudium,
3832 977 4052 1027 pacem,

2486 1044 2898 1111 benignitatem,
2936 1044 3427 1112 longanimitatem,
3486 1046 3807 1115 bonitatem,
3862 1053 4052 1114 iidem,

2486 1137 2989 1202 imuisuetiuliuem,
3016 1137 3434 1200 continentiam,
3457 1148 3513 1192 et
3545 1154 3664 1207 qua:
3695 1154 3824 1193 sunt
3853 1145 3939 1197 his
3974 1145 4051 1196 si-

2487 1229 2658 1282 milia.
2696 1231 2787 1282 Sie
2829 1230 2959 1282 mihi
2993 1230 3233 1293 videtur,
3273 1230 3326 1283 in
3361 1229 3628 1292 Ecclesia,
3675 1247 3795 1285 esse
3851 1232 4057 1286 intelli-

2485 1319 2658 1389 genda
2700 1321 2845 1390 ligna
2877 1323 3101 1391 pulchra
3134 1322 3199 1374 ad
3236 1322 3430 1383 visum,
3462 1331 3519 1375 ct
3570 1323 3711 1377 bona
3746 1324 3811 1376 ad
3870 1340 4061 1378 come-

2485 1413 2747 1477 dendum,
2780 1423 2837 1467 et
2862 1416 3105 1484 apposite
3134 1416 3385 1469 facientia
3436 1416 3697 1480 fructum,
3724 1419 3887 1487 quale
3916 1419 4059 1473 dixit

2487 1506 2695 1571 lignum
2728 1506 2870 1559 vitae.
2917 1506 3111 1561 dicens
3143 1526 3153 1559 :
3185 1506 3327 1561 Meas
3360 1518 3433 1561 est
3470 1510 3610 1562 cibus
3644 1519 3699 1561 ut
3735 1512 3932 1578 facium
3965 1529 4060 1565 ro-

2487 1598 2743 1649 lnntutcm
2775 1597 2953 1651 Putris
2985 1602 3086 1653 mei
3107 1601 3170 1653 “.
3208 1600 3268 1654 Ei
3296 1600 3463 1667 gloria
3494 1612 3550 1655 et
3577 1604 3824 1671 potentia
3856 1604 3911 1658 in
3954 1620 4059 1659 Sac-

2486 1689 2608 1741 cula
2639 1690 2985 1743 sazculorum.
3025 1692 3217 1745 Λιιιοιι.

2418 1837 2462 1897 Β
2491 1815 2629 1869 Finis
2672 1819 2790 1871 libri
2811 1821 3017 1888 septimi
3055 1829 3101 1871 et
3137 1820 3427 1891 corporalis
3466 1836 3556 1874 sex
3584 1821 3784 1873 dierum
3828 1824 4056 1875 creatio-

2563 1911 2640 1960 nis
2674 1919 2992 1977 :postquam
3041 1911 3103 1961 de
3134 1919 3321 1963 uetera
3356 1920 3430 1963 est
3472 1911 3786 1979 principium
3825 1928 3974 1967 novit
3998 1911 4054 1965 in

2562 1999 2766 2054 Christo
2802 2013 3057 2056 creatura-
3086 2004 3499 2071 prwstantiorem
3533 2003 3594 2055 iis
3625 2018 3743 2071 qua:
3768 2005 3911 2059 dicta
3934 2014 4057 2058 sunt

2560 2090 2757 2144 habens
2779 2090 3198 2162 intelligentiam.

926 2334 4045 2359 mm

1954 2490 2305 2580 LIBER
2377 2488 2950 2588 OCTAVUS.

1505 2700 1586 2743 DE
1628 2700 1876 2744 DUOBUS
1920 2700 2123 2744 ιιϐκιε
2168 2700 2248 2743 ΕΤ
2289 2700 2586 2752 ρυΑτιὋΙι
2653 2702 3037 2748 ηυιιιηιιιυιι
3077 2705 3388 2749 ΡΑιιΑιιιςι.

2418 2866 2484 2879 α

905 2990 972 3043 Et
994 2989 1187 3043 exoriri
1203 2988 1321 3056 fecit
1352 2987 1521 3041 adhuc
1545 2986 1796 3039 Dominus
1822 2984 1959 3039 Deus
1983 3001 2047 3039 ea:
2065 2992 2209 3038 terra
2235 3002 2388 3038 omne
2414 2989 2460 3052 ο
2491 2986 2595 3040 etis
2620 3000 2840 3056 quoque
2870 2985 3128 3041 Patribus
3150 2985 3375 3040 minime
3391 2985 3493 3040 fuit
3515 2988 3871 3042 consentiens
3900 2990 3972 3045 de
3993 2992 4059 3045 iis

833 3083 1032 3153 lignum
1052 3081 1319 3150 pulchrum
1346 3080 1415 3133 ad
1436 3079 1713 3132 videndum
1748 3086 1797 3131 et
1831 3077 2020 3131 bonum
2037 3078 2106 3131 ad
2121 3079 2390 3130 comeden-

832 3174 979 3236 dum,
1019 3181 1067 3224 et
1112 3171 1310 3240 lignum
1352 3170 1471 3222 vita:
1508 3170 1562 3220 in
1592 3169 1756 3220 nuntio
1795 3168 2029 3229 paradisi
2052 3206 2068 3226 .
2103 3176 2151 3219 et
2193 3166 2389 3235 lignum

752 3288 759 3305 τ
831 3265 1027 3317 sciendi
1056 3263 1110 3316 id
1142 3261 1279 3332 quod
1317 3262 1553 3331 cognosci
1582 3268 1743 3330 potest
1771 3260 1891 3313 boni
1929 3268 1978 3311 et
2015 3258 2168 3313 mali.
2200 3259 2389 3328 Magna

835 3356 997 3411 nobis
1045 3369 1186 3424 opus
1218 3362 1304 3407 est
1364 3352 1726 3423 inspiratione
1762 3361 1819 3405 et
1871 3351 2275 3405 illuminatione
2325 3351 2390 3405 ad

834 3459 1025 3519 aperte
1064 3445 1439 3517 aspiciendum
1485 3452 1541 3498 et
1572 3444 1866 3498 dicendum
1910 3459 2161 3513 quasnam
2196 3444 2391 3497 horum

835 3543 1070 3596 duorum
1112 3540 1382 3609 lignorum
1417 3554 1547 3591 vera
1584 3538 1651 3591 sit
1679 3535 1919 3591 essentia
1961 3545 2019 3590 ct
2058 3535 2390 3591 substantia.

834 3632 906 3687 Et
950 3630 1097 3700 quod
1138 3645 1261 3699 qua:
1304 3627 1526 3682 silentio
1574 3626 1837 3695 praeteriit
1872 3624 2153 3694 Scriptura
2206 3624 2393 3677 divina

836 3738 948 3779 non
980 3722 1091 3777 sint
1136 3719 1459 3782 scrutanda,
1489 3727 1573 3772 est
1607 3717 1978 3787 perspicuum.
2012 3716 2204 3770 Omnia
2247 3717 2393 3770 enim

836 3831 960 3887 qua:
1008 3814 1217 3869 faciunt
1262 3812 1327 3865 ad
1357 3820 1599 3865 nostram
1644 3810 1934 3864 utilitatem
1973 3809 2311 3877 dispensavit
2338 3817 2394 3863 et

836 3903 1245 3962 administravit
1289 3902 1530 3972 Spiritus
1574 3909 1820 3955 sanctus.
1852 3900 2006 3955 Unde
2057 3900 2223 3953 etiam
2260 3914 2287 3952 a
2311 3914 2396 3953 sa-

835 3996 1114 4068 pientibus
1142 3991 1666 4047 counnentatoribus
1696 3990 1843 4043 nulla
1870 3989 1938 4043 de
1980 3989 2048 4042 iis
2077 3988 2239 4058 lignis
2268 3988 2393 4042 data

836 4098 922 4145 est
950 4084 1219 4141 sententia
1239 4092 1297 4137 et
1326 4083 1639 4152 conjectura
1665 4096 1729 4134 ac
1752 4081 1958 4149 opinio.
1990 4079 2125 4133 Nam
2146 4079 2397 4148 superio-

838 4194 929 4233 res
966 4176 1190 4247 quidem
1240 4175 1595 4242 interpretes,
1631 4171 1951 4242 accipiendo
2004 4186 2104 4241 pro
2153 4180 2398 4224 contem-

836 4269 1081 4336 platione
1122 4268 1219 4320 has
1244 4264 1381 4318 duas
1421 4265 1635 4332 plantas
1670 4264 2042 4318 celebrarunt.
2074 4263 2179 4317 Alii
2212 4272 2394 4316 autem

840 4333 986 4430 quod
1014 4372 1122 4413 non
1141 4357 1250 4411 sint
1267 4355 1500 4409 sensiles
1525 4364 1581 4409 et
1612 4355 1719 4409 cibi
1754 4373 1766 4407 :
1802 4354 2183 4409 Theodoretus
2212 4364 2394 4409 autem
2429 4333 2470 4386 ί)

839 4451 1097 4523 Cyrensis
1132 4448 1271 4502 dixit
1299 4447 1459 4501 ticum
1493 4462 1614 4501 esse
1644 4446 1849 4516 lignum
1881 4446 2091 4501 fructus
2117 4462 2280 4515 quem
2304 4460 2395 4502 eo-

841 4542 1012 4597 medit
1052 4541 1221 4594 Adam
1264 4538 1561 4591 :similiter
1614 4537 1777 4591 etiam
1839 4536 2164 4591 Theodorus
2197 4538 2393 4592 Antio-

841 4637 1076 4698 chenus,
1098 4634 1350 4688 similiter
1376 4632 1539 4687 etiam
1586 4633 1772 4686 infelix
1793 4634 2053 4702 Origenes
2078 4651 2091 4687 :
2118 4634 2391 4689 infelicem

840 4742 969 4782 eum
1004 4741 1172 4787 voco,
1206 4725 1466 4794 quoniam
1493 4740 1616 4778 eum
1650 4726 1853 4778 multos
1877 4734 1932 4778 et
1969 4724 2133 4778 utiles
2166 4726 2399 4780 sudores

840 4816 1090 4871 emiserit
1120 4814 1173 4867 in
1210 4813 1471 4875 Ecclesia,
1505 4825 1561 4866 et
1587 4829 1803 4867 onmem
1835 4822 2077 4867 veterem
2104 4823 2158 4867 et
2202 4830 2396 4869 novam

843 4908 1183 4977 Scripturam
1232 4906 1297 4959 ad
1345 4905 1574 4959 verbum
1614 4904 1685 4958 sit
1730 4905 2162 4974 interpretatus;
2209 4915 2398 4974 postea

843 5000 988 5052 sicut
1012 4999 1180 5053 etiam
1210 4996 1485 5051 Eusebius
1505 4994 1893 5059 Palmstinzeus,
1929 5012 1958 5049 a
1996 4996 2228 5050 veritate
2255 4998 2403 5051 exci-

845 5090 946 5145 dit.
989 5089 1124 5143 Cum
1170 5104 1300 5159 ergo
1356 5088 1592 5158 Spiritus
1638 5096 1859 5141 sanctus
1908 5087 2103 5141 horum
2164 5087 2399 5141 duorum

846 5181 1119 5252 lignorum
1169 5180 1587 5250 appellationem
1620 5187 1676 5232 et
1703 5188 1953 5233 naturam
1986 5179 2147 5233 nobis
2188 5179 2405 5232 siluerit

846 5279 904 5324 et
924 5271 1239 5333 occultarit,
1275 5279 1359 5325 est
1399 5270 1751 5340 perspicuum
1782 5268 1928 5337 quod
1969 5285 2076 5323 non
2109 5279 2195 5325 est
2216 5269 2403 5323 Eccle-

847 5362 943 5417 site
973 5363 1302 5422 necessaria,
1335 5377 1515 5431 neque
1544 5360 1696 5415 utilis
1719 5376 1909 5415 eorum
1933 5377 2053 5430 qua:
2080 5378 2109 5415 a
2142 5361 2252 5415 Deo
2275 5372 2403 5415 sunt

847 5453 1113 5509 abseonsa
1152 5454 1420 5508 serutatio
1452 5461 1508 5508 et
1533 5452 1919 5507 manifestatio.
1948 5451 2084 5506 llinc
2108 5453 2254 5508 enim
2280 5468 2406 5506 san-

919 5608 962 5640 ³⁷
992 5607 1149 5662 Cant.
1180 5623 1238 5668 ιι,
1265 5608 1330 5674 ‘5;
1370 5607 1535 5661 Eecli.
1572 5623 1715 5668 uiv,
1753 5607 1839 5660 l7.
1968 5606 2013 5639 ⁸⁸
2050 5607 2164 5661 Jocl
2209 5622 2265 5667 ιι,
2296 5606 2384 5659 ‘28.

851 5680 893 5710 δ’
916 5678 1073 5733 Cant.
1098 5692 1153 5738 v,
1179 5678 1233 5730 9..
1332 5677 1380 5708 ⁸³
1404 5677 1575 5731 Calat.
1612 5694 1667 5741 v,
1696 5678 1788 5731 22.
1821 5677 1907 5730 23.

846 5747 1076 5804 ⁸⁸1υιιιι.
1113 5762 1218 5801 xiv.
1250 5747 1336 5802 l9.

2008 5678 2051 5707 “
2077 5681 2229 5731 toan.
2264 5694 2333 5741 tv,
2361 5675 2450 5729 54.
2481 5690 2494 5701 ·

2493 3079 2937 3149 comprehensio.

2560 3170 2638 3224 Ne
2669 3170 2910 3239 inquirat
2936 3185 3065 3239 ergo
3097 3169 3339 3224 Ecclesia
3386 3182 3634 3225 naturam
3673 3171 3874 3226 horam
3912 3173 4062 3228 duo-

2491 3276 2612 3315 rum
2635 3261 2939 3331 lignorum;
2968 3260 3063 3315 sed
3096 3262 3279 3330 potius
3308 3263 3590 3331 cuiusnam
3628 3263 3738 3333 typi
3769 3279 3835 3317 ac
3876 3264 4065 3333 ﬁgura:

2493 3360 2621 3405 sunt
2648 3351 2763 3404 lucc
2796 3350 2906 3405 duo
2929 3350 3095 3420 ligna,
3118 3361 3175 3405 et
3196 3352 3450 3420 quisnam
3472 3353 3724 3406 vivilicus
3755 3353 3982 3409 fruetus
4001 3371 4067 3409 ac

2492 3442 2670 3506 cibus,
2701 3457 2768 3495 ex
2794 3456 2904 3512 quo
2932 3457 3056 3495 cum
3083 3442 3327 3512 quipiam
3371 3443 3673 3499 comederit
3700 3445 3754 3498 in
3789 3445 4063 3510 Ecclesia.

2494 3534 2664 3596 vivet,
2713 3546 2769 3588 et
2816 3550 2923 3587 non
2960 3536 3227 3588 morietur
3272 3536 3325 3589 in
3356 3545 3647 3590 internum.
3700 3537 3840 3603 Quis
3873 3550 4065 3593 autem

2495 3638 2689 3678 rursus
2716 3624 2858 3678 alius
2886 3624 3119 3685 fructus,
3141 3641 3207 3678 ex
3235 3642 3345 3695 quo
3366 3642 3488 3681 cum
3509 3627 3781 3696 quispiam
3802 3639 4065 3699 gustarit.

2495 3729 2649 3768 suam
2677 3714 2890 3768 videbit
2932 3714 3236 3770 nuditatem
3274 3725 3329 3770 et
3359 3716 3642 3785 pudorem,
3689 3732 3745 3771 et
3791 3721 4067 3774 morietur

2495 3816 2672 3861 morte
2705 3816 2927 3861 :etema.
2963 3807 3059 3862 Est
3081 3808 3228 3861 enim
3271 3809 3643 3867 adnotandum
3692 3814 3839 3879 quod
3868 3826 3939 3865 ex
3978 3814 4069 3867 bis

2495 3900 2659 3969 lignis
2682 3900 2916 3953 alterum
2946 3898 3169 3967 quidem
3202 3898 3361 3953 nobis
3380 3899 3585 3969 pra-bet
3612 3899 3801 3963 vitam,
3823 3902 4067 3956 alterum

2495 4003 2677 4046 autem
2715 4000 2799 4044 est
2844 3989 3085 4044 etliciens
3115 3990 3331 4045 mortis.
3375 3990 3479 4056 Qui
3521 3991 3746 4059 quidem
3776 3992 3894 4047 duo
3930 3994 4065 4055 cibi,

2498 4084 2724 4139 fuerunt
2757 4084 2899 4137 forte
2936 4082 3180 4153 symbola
3203 4083 3425 4137 virtutis
3462 4092 3517 4137 et
3540 4082 3658 4137 vitii
3693 4101 3707 4137 :
3746 4093 3805 4138 ct
3837 4085 4069 4141 virtutis

2496 4176 2717 4246 quidem
2773 4175 3002 4244 frugifer
3042 4174 3202 4228 dator
3252 4184 3336 4228 est
3360 4172 3638 4237 Christus,
3675 4186 3843 4244 quem
3907 4178 4068 4247 prius

2498 4267 2846 4322 describebat
2872 4266 3002 4319 illud
3026 4266 3233 4335 lignum
3255 4265 3399 4319 vita.
3418 4266 3486 4319 Et
3510 4266 3635 4319 ideo
3666 4275 3931 4335 tanquam
3956 4271 4069 4322 vita

2498 4367 2554 4411 et
2585 4358 2839 4412 vivifieus
2868 4357 3138 4411 clamabat
3168 4373 3183 4410 :
3218 4356 3329 4427 Ego
3374 4374 3490 4411 sum
3534 4359 3641 4411 vita
3666 4358 3733 4410 ⁸⁸.
3763 4388 3837 4398 -
3858 4359 3927 4413 In
3959 4363 4069 4431 ipso

2500 4451 2647 4504 enim
2677 4451 2783 4502 vita
2835 4458 2972 4512 erat,
3013 4458 3062 4503 et
3104 4450 3211 4502 vita
3237 4457 3351 4501 erat
3394 4448 3485 4502 lux
3535 4450 3893 4505 hominum“.
3947 4454 4068 4507 Vita

2497 4542 2645 4595 enim
2696 4550 2876 4594 nostra
2911 4542 3164 4594 absconsa
3211 4549 3284 4593 est
3319 4542 3373 4593 in
3412 4539 3702 4594 Christo".
3737 4540 3808 4595 Et
3840 4546 4071 4610 quando

2498 4632 2876 4687 manifestatus
2914 4631 3347 4687 fueritChristus
3380 4631 3492 4685 vita
3521 4640 3729 4695 nostra,
3759 4632 4072 4689 vivitieabit

2498 4733 2715 4779 mortua
2742 4739 2970 4793 corpora
3000 4732 3189 4777 nostra
3211 4763 3225 4787 ,
3252 4722 3347 4792 qui
3372 4722 3510 4776 dicit
3541 4740 3553 4775 :
3586 4721 3653 4777 Et
3696 4730 3751 4775 at
3784 4725 3927 4777 sicut
3977 4743 4071 4795 ego

2495 4818 2682 4881 vivo,et
2707 4832 2792 4870 vos
2809 4817 2992 4869 vivatis
3006 4816 3071 4868 “'.
3089 4814 3294 4869 Vivens
3322 4815 3467 4868 enim
3486 4812 3727 4869 Verbum
3748 4813 3850 4869 Dei
3874 4824 3938 4870 et
3960 4817 4073 4871 vita

2496 4916 2552 4961 et
2570 4907 2929 4972 resurrectio,
2964 4905 3242 4975 quomodo
3268 4921 3461 4960 rursus
3488 4920 3639 4960 mors
3670 4914 3755 4959 est
3792 4907 4073 4979 malignus

2499 4998 2751 5053 diabolus
2792 5013 2955 5067 quem
3001 4997 3348 5067 signiﬁcabat
3390 4997 3628 5053 alterum
3675 4998 3889 5068 lignum
3919 5001 4071 5070 quod

2498 5086 2704 5141 dicitur
2742 5105 2755 5139 :
2782 5085 2932 5151 Quod
2955 5087 3191 5156 cognosci
3221 5094 3381 5157 potest
3418 5088 3540 5141 boni
3563 5095 3614 5140 et
3640 5088 3791 5142 mali.
3830 5088 3885 5143 Is
3914 5091 4073 5159 prius

2500 5179 2723 5249 quidem
2752 5190 2873 5234 erat
2918 5179 3151 5248 pulcher
3196 5178 3420 5249 quando
3461 5178 3569 5234 fuit
3602 5179 3804 5246 factus,
3834 5189 3895 5235 et
3945 5182 4073 5238 ideo

2499 5271 2607 5326 l'uit
2633 5271 2956 5341 appellatus,
3012 5270 3249 5341 primum
3273 5271 3496 5341 quidem
3533 5271 3741 5341 lignum
3796 5272 3951 5341 quod
3978 5288 4072 5328 eo-

2501 5361 2689 5431 gnosei
2724 5370 2903 5430 potest
2932 5360 3091 5425 boni;
3136 5361 3335 5415 deinde
3371 5362 3536 5416 etiam
3580 5362 3707 5416 mali
3745 5362 4071 5419 letbil’emm

2500 5452 2710 5521 lignum
2756 5450 3031 5507 diabolus.
3082 5452 3157 5507 De
3216 5467 3326 5521 quo
3379 5451 3515 5507 dicit
3562 5452 3767 5507 ludatis
3808 5452 4073 5511 Christus

2498 5604 2540 5637 "
2577 5604 2717 5659 Psal.
2754 5620 2896 5668 xxw,
2930 5606 3014 5660 l5.

3690 5606 3733 5637 “
3775 5605 3882 5660 lsa.
3915 5608 4064 5669 v1.1.

2540 5674 2587 5707 ⁵⁸
2610 5676 2768 5733 lusu.
2796 5690 2867 5741 XI,
2903 5675 2985 5730 25.

3587 5677 3627 5708 ιτ
3651 5676 3868 5735 Coioss.
3907 5689 3990 5743 ιιι,
4012 5677 4065 5734 3.

3147 5606 3192 5636 ⁸⁸
3225 5606 3358 5662 Dan.
3379 5622 3469 5669 vn,
3503 5607 3555 5660 9.

3096 5677 3141 5708 “
3161 5676 3317 5731 Joan.
3351 5694 3387 5737 ι,
3428 5678 3477 5728 ι.
