  <div class='ocr_page' id='page_1' title='image "/cluster/home/n/w/nwhite01/storage/ocr_20150623/89/nnc1.0046980172/512.png"; bbox 0 0 4186 6442; ppageno 0'>
   <div class='ocr_carea' id='block_1_1' title="bbox 142 400 242 462">
    <p class='ocr_par' dir='ltr' id='par_1_1' title="bbox 142 400 242 462">
     <span class='ocr_line' id='line_1_1' title="bbox 142 400 242 462; baseline -0.04 0"><span class='ocrx_word' id='word_1_1' title='bbox 142 400 242 462; x_wconf 76' lang='lat'><strong>9’73</strong></span> 
     </span>
    </p>
   </div>
   <div class='ocr_carea' id='block_1_2' title="bbox 142 518 301 568">
    <p class='ocr_par' dir='ltr' id='par_1_2' title="bbox 142 518 301 568">
     <span class='ocr_line' id='line_1_2' title="bbox 142 518 301 568; baseline -0.013 -2"><span class='ocrx_word' id='word_1_2' title='bbox 142 518 249 568; x_wconf 79' lang='lat' dir='ltr'><strong>vita</strong></span> <span class='ocrx_word' id='word_1_3' title='bbox 293 536 301 564; x_wconf 91' lang='lat'>:</span> 
     </span>
    </p>
   </div>
   <div class='ocr_carea' id='block_1_3' title="bbox 141 597 1690 670">
    <p class='ocr_par' dir='ltr' id='par_1_3' title="bbox 141 597 1690 670">
     <span class='ocr_line' id='line_1_3' title="bbox 141 597 1690 670; baseline -0.009 -12"><span class='ocrx_word' id='word_1_4' title='bbox 141 616 212 658; x_wconf 80' lang='lat' dir='ltr'><strong>est</strong></span> <span class='ocrx_word' id='word_1_5' title='bbox 249 606 512 657; x_wconf 79' lang='lat' dir='ltr'><strong>homicida</strong></span> <span class='ocrx_word' id='word_1_6' title='bbox 532 606 574 633; x_wconf 64' lang='grc' dir='ltr'><strong>δ”</strong></span> <span class='ocrx_word' id='word_1_7' title='bbox 599 623 611 658; x_wconf 90' lang='grc'>;</span> <span class='ocrx_word' id='word_1_8' title='bbox 642 605 703 656; x_wconf 58' lang='lat' dir='ltr'><strong>lit</strong></span> <span class='ocrx_word' id='word_1_9' title='bbox 725 602 817 670; x_wconf 85' lang='lat' dir='ltr'><strong>qui</strong></span> <span class='ocrx_word' id='word_1_10' title='bbox 836 600 1072 654; x_wconf 85' lang='lat' dir='ltr'><strong>comedit</strong></span> <span class='ocrx_word' id='word_1_11' title='bbox 1094 615 1158 652; x_wconf 73' lang='lat' dir='ltr'><strong>ex</strong></span> <span class='ocrx_word' id='word_1_12' title='bbox 1184 599 1284 651; x_wconf 93' lang='lat' dir='ltr'><strong>hoc</strong></span> <span class='ocrx_word' id='word_1_13' title='bbox 1314 597 1490 648; x_wconf 84' lang='lat' dir='ltr'><strong>fructu</strong></span> <span class='ocrx_word' id='word_1_14' title='bbox 1516 603 1690 647; x_wconf 90' lang='lat' dir='ltr'><strong>morte</strong></span> 
     </span>
    </p>
   </div>
   <div class='ocr_carea' id='block_1_4' title="bbox 142 684 1692 761">
    <p class='ocr_par' dir='ltr' id='par_1_4' title="bbox 142 684 1692 761">
     <span class='ocr_line' id='line_1_4' title="bbox 142 684 1692 761; baseline -0.009 -11"><span class='ocrx_word' id='word_1_15' title='bbox 142 696 434 750; x_wconf 86' lang='lat' dir='ltr'><strong>morietur.</strong></span> <span class='ocrx_word' id='word_1_16' title='bbox 469 696 523 747; x_wconf 88' lang='lat' dir='ltr'><strong>Si</strong></span> <span class='ocrx_word' id='word_1_17' title='bbox 556 708 738 747; x_wconf 86' lang='lat' dir='ltr'><strong>autem</strong></span> <span class='ocrx_word' id='word_1_18' title='bbox 756 693 955 761; x_wconf 80' lang='lat' dir='ltr'><strong>qu:eris</strong></span> <span class='ocrx_word' id='word_1_19' title='bbox 982 684 1090 759; x_wconf 79' lang='lat' dir='ltr'><strong>qua</strong></span> <span class='ocrx_word' id='word_1_20' title='bbox 1117 691 1182 743; x_wconf 90' lang='lat' dir='ltr'><strong>de</strong></span> <span class='ocrx_word' id='word_1_21' title='bbox 1211 704 1373 743; x_wconf 86' lang='lat' dir='ltr'><strong>causa</strong></span> <span class='ocrx_word' id='word_1_22' title='bbox 1405 685 1692 740; x_wconf 73' lang='lat' dir='ltr'><strong>abscondit</strong></span> 
     </span>
    </p>
   </div>
   <div class='ocr_carea' id='block_1_5' title="bbox 143 777 1691 855">
    <p class='ocr_par' dir='ltr' id='par_1_5' title="bbox 143 777 1691 855">
     <span class='ocr_line' id='line_1_5' title="bbox 143 777 1691 855; baseline -0.008 -16"><span class='ocrx_word' id='word_1_23' title='bbox 143 788 330 839; x_wconf 90' lang='lat' dir='ltr'><strong>divina</strong></span> <span class='ocrx_word' id='word_1_24' title='bbox 379 786 664 855; x_wconf 81' lang='lat' dir='ltr'><strong>Scriptura</strong></span> <span class='ocrx_word' id='word_1_25' title='bbox 699 784 1089 853; x_wconf 84' lang='lat' dir='ltr'><strong>appellationes</strong></span> <span class='ocrx_word' id='word_1_26' title='bbox 1125 782 1317 833; x_wconf 89' lang='lat' dir='ltr'><strong>horum</strong></span> <span class='ocrx_word' id='word_1_27' title='bbox 1349 782 1579 832; x_wconf 88' lang='lat' dir='ltr'><strong>duorum</strong></span> <span class='ocrx_word' id='word_1_28' title='bbox 1626 777 1691 829; x_wconf 90' lang='lat' dir='ltr'><strong>li-</strong></span> 
     </span>
    </p>
   </div>
   <div class='ocr_carea' id='block_1_6' title="bbox 142 866 1693 949">
    <p class='ocr_par' dir='ltr' id='par_1_6' title="bbox 142 866 1693 949">
     <span class='ocr_line' id='line_1_6' title="bbox 142 866 1693 949; baseline -0.01 -17"><span class='ocrx_word' id='word_1_29' title='bbox 142 895 410 949; x_wconf 77' lang='lat' dir='ltr'><strong>gnorum;</strong></span> <span class='ocrx_word' id='word_1_30' title='bbox 441 878 697 932; x_wconf 86' lang='lat' dir='ltr'><strong>viventis.</strong></span> <span class='ocrx_word' id='word_1_31' title='bbox 723 876 961 944; x_wconf 88' lang='lat' dir='ltr'><strong>inquam,</strong></span> <span class='ocrx_word' id='word_1_32' title='bbox 979 871 1229 929; x_wconf 82' lang='lat' dir='ltr'><strong>FiliiDei.</strong></span> <span class='ocrx_word' id='word_1_33' title='bbox 1246 870 1406 939; x_wconf 90' lang='lat' dir='ltr'><strong>etqui</strong></span> <span class='ocrx_word' id='word_1_34' title='bbox 1429 869 1478 921; x_wconf 91' lang='lat' dir='ltr'><strong>ei</strong></span> <span class='ocrx_word' id='word_1_35' title='bbox 1503 866 1693 920; x_wconf 83' lang='lat' dir='ltr'><strong>adver-</strong></span> 
     </span>
    </p>
   </div>
   <div class='ocr_carea' id='block_1_7' title="bbox 143 958 1695 1035">
    <p class='ocr_par' dir='ltr' id='par_1_7' title="bbox 143 958 1695 1035">
     <span class='ocr_line' id='line_1_7' title="bbox 143 958 1695 1035; baseline -0.01 -11"><span class='ocrx_word' id='word_1_36' title='bbox 143 980 297 1024; x_wconf 85' lang='lat' dir='ltr'><strong>satur</strong></span> <span class='ocrx_word' id='word_1_37' title='bbox 327 971 560 1033; x_wconf 90' lang='lat' dir='ltr'><strong>inimici,</strong></span> <span class='ocrx_word' id='word_1_38' title='bbox 596 970 734 1021; x_wconf 88' lang='lat' dir='ltr'><strong>scias</strong></span> <span class='ocrx_word' id='word_1_39' title='bbox 762 968 905 1035; x_wconf 90' lang='lat' dir='ltr'><strong>quod</strong></span> <span class='ocrx_word' id='word_1_40' title='bbox 932 965 1207 1018; x_wconf 71' lang='lat' dir='ltr'><strong>sceleratre</strong></span> <span class='ocrx_word' id='word_1_41' title='bbox 1237 972 1291 1015; x_wconf 88' lang='lat' dir='ltr'><strong>ct</strong></span> <span class='ocrx_word' id='word_1_42' title='bbox 1324 958 1613 1013; x_wconf 82' lang='lat' dir='ltr'><strong>immunda:</strong></span> <span class='ocrx_word' id='word_1_43' title='bbox 1642 966 1695 1011; x_wconf 86' lang='lat' dir='ltr'><strong>et</strong></span> 
     </span>
    </p>
   </div>
   <div class='ocr_carea' id='block_1_8' title="bbox 146 1054 1695 1132">
    <p class='ocr_par' dir='ltr' id='par_1_8' title="bbox 146 1054 1695 1132">
     <span class='ocr_line' id='line_1_8' title="bbox 146 1054 1695 1132; baseline -0.009 -15"><span class='ocrx_word' id='word_1_44' title='bbox 146 1064 470 1132; x_wconf 71' lang='lat' dir='ltr'><strong>voluptarize</strong></span> <span class='ocrx_word' id='word_1_45' title='bbox 497 1061 642 1127; x_wconf 69' lang='lat' dir='ltr'><strong>genti</strong></span> <span class='ocrx_word' id='word_1_46' title='bbox 669 1060 780 1112; x_wconf 80' lang='lat' dir='ltr'><strong>luee.</strong></span> <span class='ocrx_word' id='word_1_47' title='bbox 815 1058 1064 1111; x_wconf 86' lang='lat' dir='ltr'><strong>revelans</strong></span> <span class='ocrx_word' id='word_1_48' title='bbox 1097 1097 1111 1115; x_wconf 94' lang='lat'><strong>,</strong></span> <span class='ocrx_word' id='word_1_49' title='bbox 1143 1055 1321 1109; x_wconf 83' lang='lat' dir='ltr'><strong>noluit</strong></span> <span class='ocrx_word' id='word_1_50' title='bbox 1352 1054 1581 1106; x_wconf 81' lang='lat' dir='ltr'><strong>omnino</strong></span> <span class='ocrx_word' id='word_1_51' title='bbox 1613 1067 1695 1103; x_wconf 88' lang='lat' dir='ltr'><strong>rc-</strong></span> 
     </span>
    </p>
   </div>
   <div class='ocr_carea' id='block_1_9' title="bbox 144 1142 1693 1215">
    <p class='ocr_par' dir='ltr' id='par_1_9' title="bbox 144 1142 1693 1215">
     <span class='ocr_line' id='line_1_9' title="bbox 144 1142 1693 1215; baseline -0.012 -3"><span class='ocrx_word' id='word_1_52' title='bbox 144 1159 330 1211; x_wconf 81' lang='lat' dir='ltr'><strong>velare</strong></span> <span class='ocrx_word' id='word_1_53' title='bbox 348 1153 553 1207; x_wconf 72' lang='lat' dir='ltr'><strong>.ltldaeis</strong></span> <span class='ocrx_word' id='word_1_54' title='bbox 581 1154 772 1207; x_wconf 81' lang='lat' dir='ltr'><strong>Filium</strong></span> <span class='ocrx_word' id='word_1_55' title='bbox 805 1151 919 1210; x_wconf 89' lang='lat' dir='ltr'><strong>Dei,</strong></span> <span class='ocrx_word' id='word_1_56' title='bbox 948 1165 1013 1203; x_wconf 87' lang='lat' dir='ltr'><strong>ne</strong></span> <span class='ocrx_word' id='word_1_57' title='bbox 1047 1147 1413 1215; x_wconf 76' lang='lat' dir='ltr'><strong>intelligerent</strong></span> <span class='ocrx_word' id='word_1_58' title='bbox 1437 1144 1555 1196; x_wconf 77' lang='lat' dir='ltr'><strong>l-‘ilii</strong></span> <span class='ocrx_word' id='word_1_59' title='bbox 1579 1142 1693 1195; x_wconf 89' lang='lat' dir='ltr'><strong>dei-</strong></span> 
     </span>
    </p>
   </div>
   <div class='ocr_carea' id='block_1_10' title="bbox 146 1233 1699 1310">
    <p class='ocr_par' dir='ltr' id='par_1_10' title="bbox 146 1233 1699 1310">
     <span class='ocr_line' id='line_1_10' title="bbox 146 1233 1699 1310; baseline -0.009 -12"><span class='ocrx_word' id='word_1_60' title='bbox 146 1246 479 1306; x_wconf 82' lang='lat' dir='ltr'><strong>fieationem,</strong></span> <span class='ocrx_word' id='word_1_61' title='bbox 511 1254 565 1297; x_wconf 90' lang='lat' dir='ltr'><strong>et</strong></span> <span class='ocrx_word' id='word_1_62' title='bbox 613 1245 705 1297; x_wconf 87' lang='lat' dir='ltr'><strong>Dei</strong></span> <span class='ocrx_word' id='word_1_63' title='bbox 740 1243 978 1310; x_wconf 77' lang='lat' dir='ltr'><strong>nuptias,</strong></span> <span class='ocrx_word' id='word_1_64' title='bbox 1015 1250 1067 1294; x_wconf 90' lang='lat' dir='ltr'><strong>et</strong></span> <span class='ocrx_word' id='word_1_65' title='bbox 1111 1240 1338 1292; x_wconf 87' lang='lat' dir='ltr'><strong>deorum</strong></span> <span class='ocrx_word' id='word_1_66' title='bbox 1392 1233 1699 1287; x_wconf 83' lang='lat' dir='ltr'><strong>multitudi-</strong></span> 
     </span>
    </p>
   </div>
   <div class='ocr_carea' id='block_1_11' title="bbox 144 1328 1693 1404">
    <p class='ocr_par' dir='ltr' id='par_1_11' title="bbox 144 1328 1693 1404">
     <span class='ocr_line' id='line_1_11' title="bbox 144 1328 1693 1404; baseline -0.011 -12"><span class='ocrx_word' id='word_1_67' title='bbox 144 1354 306 1400; x_wconf 86' lang='lat' dir='ltr'><strong>nem;</strong></span> <span class='ocrx_word' id='word_1_68' title='bbox 335 1337 433 1404; x_wconf 85' lang='lat' dir='ltr'><strong>qui</strong></span> <span class='ocrx_word' id='word_1_69' title='bbox 485 1336 677 1389; x_wconf 83' lang='lat' dir='ltr'><strong>bovem</strong></span> <span class='ocrx_word' id='word_1_70' title='bbox 711 1343 765 1386; x_wconf 89' lang='lat' dir='ltr'><strong>et</strong></span> <span class='ocrx_word' id='word_1_71' title='bbox 805 1349 1044 1386; x_wconf 83' lang='lat' dir='ltr'><strong>tuuseam</strong></span> <span class='ocrx_word' id='word_1_72' title='bbox 1096 1332 1147 1384; x_wconf 94' lang='lat' dir='ltr'><strong>in</strong></span> <span class='ocrx_word' id='word_1_73' title='bbox 1192 1330 1324 1382; x_wconf 78' lang='lat' dir='ltr'><strong>deos</strong></span> <span class='ocrx_word' id='word_1_74' title='bbox 1372 1328 1693 1380; x_wconf 87' lang='lat' dir='ltr'><strong>retulerunt.</strong></span> 
     </span>
    </p>
   </div>
   <div class='ocr_carea' id='block_1_12' title="bbox 143 1420 1694 1496">
    <p class='ocr_par' dir='ltr' id='par_1_12' title="bbox 143 1420 1694 1496">
     <span class='ocr_line' id='line_1_12' title="bbox 143 1420 1694 1496; baseline -0.01 -15"><span class='ocrx_word' id='word_1_75' title='bbox 143 1428 257 1483; x_wconf 85' lang='lat' dir='ltr'><strong>lloc</strong></span> <span class='ocrx_word' id='word_1_76' title='bbox 286 1444 423 1496; x_wconf 73' lang='lat' dir='ltr'><strong>ergo</strong></span> <span class='ocrx_word' id='word_1_77' title='bbox 446 1427 606 1479; x_wconf 80' lang='lat' dir='ltr'><strong>ntodo</strong></span> <span class='ocrx_word' id='word_1_78' title='bbox 638 1440 705 1477; x_wconf 91' lang='lat' dir='ltr'><strong>ne</strong></span> <span class='ocrx_word' id='word_1_79' title='bbox 731 1424 1007 1478; x_wconf 84' lang='lat' dir='ltr'><strong>diabolum</strong></span> <span class='ocrx_word' id='word_1_80' title='bbox 1028 1421 1246 1490; x_wconf 74' lang='lat' dir='ltr'><strong>quidem</strong></span> <span class='ocrx_word' id='word_1_81' title='bbox 1282 1420 1361 1473; x_wconf 89' lang='lat' dir='ltr'><strong>eis</strong></span> <span class='ocrx_word' id='word_1_82' title='bbox 1387 1427 1575 1486; x_wconf 89' lang='lat' dir='ltr'><strong>aperte</strong></span> <span class='ocrx_word' id='word_1_83' title='bbox 1607 1430 1694 1466; x_wconf 90' lang='lat' dir='ltr'><strong>re-</strong></span> 
     </span>
    </p>
   </div>
   <div class='ocr_carea' id='block_1_13' title="bbox 146 1515 1694 1587">
    <p class='ocr_par' dir='ltr' id='par_1_13' title="bbox 146 1515 1694 1587">
     <span class='ocr_line' id='line_1_13' title="bbox 146 1515 1694 1587; baseline -0.01 -16"><span class='ocrx_word' id='word_1_84' title='bbox 146 1521 383 1579; x_wconf 81' lang='lat' dir='ltr'><strong>velavit;</strong></span> <span class='ocrx_word' id='word_1_85' title='bbox 419 1518 512 1572; x_wconf 84' lang='lat' dir='ltr'><strong>sed</strong></span> <span class='ocrx_word' id='word_1_86' title='bbox 537 1517 830 1587; x_wconf 84' lang='lat' dir='ltr'><strong>aliquando</strong></span> <span class='ocrx_word' id='word_1_87' title='bbox 868 1516 1087 1584; x_wconf 88' lang='lat' dir='ltr'><strong>quidem</strong></span> <span class='ocrx_word' id='word_1_88' title='bbox 1111 1515 1311 1582; x_wconf 87' lang='lat' dir='ltr'><strong>ipsum,</strong></span> <span class='ocrx_word' id='word_1_89' title='bbox 1340 1519 1647 1578; x_wconf 77' lang='lat' dir='ltr'><strong>serpentem</strong></span> <span class='ocrx_word' id='word_1_90' title='bbox 1686 1525 1694 1555; x_wconf 91' lang='lat'>:</span> 
     </span>
    </p>
   </div>
   <div class='ocr_carea' id='block_1_14' title="bbox 144 1598 1701 1682">
    <p class='ocr_par' dir='ltr' id='par_1_14' title="bbox 144 1598 1701 1682">
     <span class='ocr_line' id='line_1_14' title="bbox 144 1598 1701 1682; baseline -0.012 -17"><span class='ocrx_word' id='word_1_91' title='bbox 144 1611 449 1682; x_wconf 79' lang='lat' dir='ltr'><strong>aliquando</strong></span> <span class='ocrx_word' id='word_1_92' title='bbox 476 1619 654 1662; x_wconf 87' lang='lat' dir='ltr'><strong>autem</strong></span> <span class='ocrx_word' id='word_1_93' title='bbox 681 1609 951 1665; x_wconf 88' lang='lat' dir='ltr'><strong>arborem,</strong></span> <span class='ocrx_word' id='word_1_94' title='bbox 981 1606 1315 1659; x_wconf 86' lang='lat' dir='ltr'><strong>mortiferum</strong></span> <span class='ocrx_word' id='word_1_95' title='bbox 1349 1602 1583 1655; x_wconf 90' lang='lat' dir='ltr'><strong>fructum</strong></span> <span class='ocrx_word' id='word_1_96' title='bbox 1626 1598 1701 1649; x_wconf 86' lang='lat' dir='ltr'><strong>fe-</strong></span> 
     </span>
    </p>
   </div>
   <div class='ocr_carea' id='block_1_15' title="bbox 145 1685 1697 1766">
    <p class='ocr_par' dir='ltr' id='par_1_15' title="bbox 145 1685 1697 1766">
     <span class='ocr_line' id='line_1_15' title="bbox 145 1685 1697 1766; baseline -0.011 -13"><span class='ocrx_word' id='word_1_97' title='bbox 145 1712 361 1753; x_wconf 83' lang='lat' dir='ltr'><strong>rentem</strong></span> <span class='ocrx_word' id='word_1_98' title='bbox 386 1696 546 1766; x_wconf 75' lang='lat'><strong>897</strong></span> <span class='ocrx_word' id='word_1_99' title='bbox 575 1695 893 1764; x_wconf 82' lang='lat' dir='ltr'><strong>appellavit:</strong></span> <span class='ocrx_word' id='word_1_100' title='bbox 923 1710 1016 1745; x_wconf 83' lang='lat' dir='ltr'><strong>eos</strong></span> <span class='ocrx_word' id='word_1_101' title='bbox 1044 1693 1268 1745; x_wconf 86' lang='lat' dir='ltr'><strong>omnino</strong></span> <span class='ocrx_word' id='word_1_102' title='bbox 1298 1690 1483 1740; x_wconf 80' lang='lat' dir='ltr'><strong>celans</strong></span> <span class='ocrx_word' id='word_1_103' title='bbox 1513 1685 1697 1738; x_wconf 86' lang='lat' dir='ltr'><strong>tumuli</strong></span> 
     </span>
    </p>
   </div>
   <div class='ocr_carea' id='block_1_16' title="bbox 144 1778 1700 1858">
    <p class='ocr_par' dir='ltr' id='par_1_16' title="bbox 144 1778 1700 1858">
     <span class='ocr_line' id='line_1_16' title="bbox 144 1778 1700 1858; baseline -0.01 -14"><span class='ocrx_word' id='word_1_104' title='bbox 144 1808 252 1845; x_wconf 91' lang='lat' dir='ltr'><strong>non</strong></span> <span class='ocrx_word' id='word_1_105' title='bbox 280 1790 634 1858; x_wconf 85' lang='lat' dir='ltr'><strong>aspectabilis</strong></span> <span class='ocrx_word' id='word_1_106' title='bbox 681 1785 1101 1853; x_wconf 72' lang='lat' dir='ltr'><strong>intelligentiam</strong></span> <span class='ocrx_word' id='word_1_107' title='bbox 1148 1783 1419 1834; x_wconf 74' lang='lat' dir='ltr'><strong>Virtutum</strong></span> <span class='ocrx_word' id='word_1_108' title='bbox 1466 1778 1700 1830; x_wconf 79' lang='lat' dir='ltr'><strong>creatio-</strong></span> 
     </span>
    </p>
   </div>
   <div class='ocr_carea' id='block_1_17' title="bbox 144 1872 1703 1951">
    <p class='ocr_par' dir='ltr' id='par_1_17' title="bbox 144 1872 1703 1951">
     <span class='ocr_line' id='line_1_17' title="bbox 144 1872 1703 1951; baseline -0.011 -13"><span class='ocrx_word' id='word_1_109' title='bbox 144 1900 293 1943; x_wconf 85' lang='lat' dir='ltr'><strong>nem.</strong></span> <span class='ocrx_word' id='word_1_110' title='bbox 323 1892 550 1951; x_wconf 80' lang='lat' dir='ltr'><strong>propter</strong></span> <span class='ocrx_word' id='word_1_111' title='bbox 581 1896 771 1934; x_wconf 90' lang='lat' dir='ltr'><strong>eorum</strong></span> <span class='ocrx_word' id='word_1_112' title='bbox 808 1877 1189 1945; x_wconf 70' lang='lat' dir='ltr'><strong>inexplebilem</strong></span> <span class='ocrx_word' id='word_1_113' title='bbox 1224 1876 1490 1928; x_wconf 78' lang='lat' dir='ltr'><strong>idolorum</strong></span> <span class='ocrx_word' id='word_1_114' title='bbox 1525 1872 1703 1924; x_wconf 86' lang='lat' dir='ltr'><strong>cultus</strong></span> 
     </span>
    </p>
   </div>
   <div class='ocr_carea' id='block_1_18' title="bbox 145 1966 1703 2035">
    <p class='ocr_par' dir='ltr' id='par_1_18' title="bbox 145 1966 1703 2035">
     <span class='ocr_line' id='line_1_18' title="bbox 145 1966 1703 2035; baseline -0.01 -7"><span class='ocrx_word' id='word_1_115' title='bbox 145 1974 443 2035; x_wconf 85' lang='lat' dir='ltr'><strong>insaniam,</strong></span> <span class='ocrx_word' id='word_1_116' title='bbox 488 1988 553 2025; x_wconf 91' lang='lat' dir='ltr'><strong>ne</strong></span> <span class='ocrx_word' id='word_1_117' title='bbox 602 1973 648 2025; x_wconf 89' lang='lat' dir='ltr'><strong>si</strong></span> <span class='ocrx_word' id='word_1_118' title='bbox 696 1972 1015 2024; x_wconf 87' lang='lat' dir='ltr'><strong>didicissent</strong></span> <span class='ocrx_word' id='word_1_119' title='bbox 1061 1984 1185 2022; x_wconf 84' lang='lat' dir='ltr'><strong>esse.</strong></span> <span class='ocrx_word' id='word_1_120' title='bbox 1230 1966 1443 2033; x_wconf 86' lang='lat' dir='ltr'><strong>aliquas</strong></span> <span class='ocrx_word' id='word_1_121' title='bbox 1482 1974 1703 2015; x_wconf 86' lang='lat' dir='ltr'><strong>naturas</strong></span> 
     </span>
    </p>
   </div>
   <div class='ocr_carea' id='block_1_19' title="bbox 143 2053 1701 2129">
    <p class='ocr_par' dir='ltr' id='par_1_19' title="bbox 143 2053 1701 2129">
     <span class='ocr_line' id='line_1_19' title="bbox 143 2053 1701 2129; baseline -0.01 -13"><span class='ocrx_word' id='word_1_122' title='bbox 143 2063 396 2117; x_wconf 72' lang='lat' dir='ltr'><strong>materiae</strong></span> <span class='ocrx_word' id='word_1_123' title='bbox 426 2071 680 2129; x_wconf 77' lang='lat' dir='ltr'><strong>expertes</strong></span> <span class='ocrx_word' id='word_1_124' title='bbox 709 2071 766 2113; x_wconf 90' lang='lat' dir='ltr'><strong>et</strong></span> <span class='ocrx_word' id='word_1_125' title='bbox 802 2059 1189 2123; x_wconf 69' lang='lat' dir='ltr'><strong>intelligentes,</strong></span> <span class='ocrx_word' id='word_1_126' title='bbox 1228 2070 1321 2107; x_wconf 87' lang='lat' dir='ltr'><strong>eas</strong></span> <span class='ocrx_word' id='word_1_127' title='bbox 1358 2056 1412 2106; x_wconf 91' lang='lat' dir='ltr'><strong>iu</strong></span> <span class='ocrx_word' id='word_1_128' title='bbox 1454 2053 1584 2104; x_wconf 89' lang='lat' dir='ltr'><strong>deos</strong></span> <span class='ocrx_word' id='word_1_129' title='bbox 1618 2066 1701 2100; x_wconf 89' lang='lat' dir='ltr'><strong>re-</strong></span> 
     </span>
    </p>
   </div>
   <div class='ocr_carea' id='block_1_20' title="bbox 144 2142 1702 2218">
    <p class='ocr_par' dir='ltr' id='par_1_20' title="bbox 144 2142 1702 2218">
     <span class='ocr_line' id='line_1_20' title="bbox 144 2142 1702 2218; baseline -0.01 -11"><span class='ocrx_word' id='word_1_130' title='bbox 144 2156 379 2207; x_wconf 80' lang='lat' dir='ltr'><strong>ferrent.</strong></span> <span class='ocrx_word' id='word_1_131' title='bbox 412 2152 472 2204; x_wconf 81' lang='grc' dir='ltr'><strong>Εἰ</strong></span> <span class='ocrx_word' id='word_1_132' title='bbox 500 2162 680 2204; x_wconf 87' lang='lat' dir='ltr'><strong>autem</strong></span> <span class='ocrx_word' id='word_1_133' title='bbox 721 2148 868 2218; x_wconf 86' lang='lat' dir='ltr'><strong>quod</strong></span> <span class='ocrx_word' id='word_1_134' title='bbox 900 2148 1025 2201; x_wconf 84' lang='lat' dir='ltr'><strong>dico</strong></span> <span class='ocrx_word' id='word_1_135' title='bbox 1052 2145 1423 2198; x_wconf 75' lang='lat' dir='ltr'><strong>testimonium</strong></span> <span class='ocrx_word' id='word_1_136' title='bbox 1457 2142 1562 2195; x_wconf 83' lang='lat' dir='ltr'><strong>fert</strong></span> <span class='ocrx_word' id='word_1_137' title='bbox 1590 2142 1702 2209; x_wconf 88' lang='lat' dir='ltr'><strong>ipse</strong></span> 
     </span>
    </p>
   </div>
   <div class='ocr_carea' id='block_1_21' title="bbox 146 2234 1702 2311">
    <p class='ocr_par' dir='ltr' id='par_1_21' title="bbox 146 2234 1702 2311">
     <span class='ocr_line' id='line_1_21' title="bbox 146 2234 1702 2311; baseline -0.01 -11"><span class='ocrx_word' id='word_1_138' title='bbox 146 2247 309 2306; x_wconf 84' lang='lat' dir='ltr'><strong>Deus,</strong></span> <span class='ocrx_word' id='word_1_139' title='bbox 351 2244 431 2298; x_wconf 92' lang='lat' dir='ltr'><strong>sic</strong></span> <span class='ocrx_word' id='word_1_140' title='bbox 459 2245 647 2296; x_wconf 88' lang='lat' dir='ltr'><strong>dicens</strong></span> <span class='ocrx_word' id='word_1_141' title='bbox 676 2258 771 2311; x_wconf 89' lang='lat' dir='ltr'><strong>per</strong></span> <span class='ocrx_word' id='word_1_142' title='bbox 807 2242 942 2295; x_wconf 82' lang='lat' dir='ltr'><strong>Osee</strong></span> <span class='ocrx_word' id='word_1_143' title='bbox 977 2240 1293 2309; x_wconf 88' lang='lat' dir='ltr'><strong>prophetam</strong></span> <span class='ocrx_word' id='word_1_144' title='bbox 1339 2235 1522 2289; x_wconf 88' lang='lat' dir='ltr'><strong>lsracli</strong></span> <span class='ocrx_word' id='word_1_145' title='bbox 1556 2253 1567 2286; x_wconf 88' lang='lat'>:</span> <span class='ocrx_word' id='word_1_146' title='bbox 1597 2234 1702 2302; x_wconf 74' lang='lat' dir='ltr'><strong>Ego</strong></span> 
     </span>
    </p>
   </div>
   <div class='ocr_carea' id='block_1_22' title="bbox 148 2330 1701 2398">
    <p class='ocr_par' dir='ltr' id='par_1_22' title="bbox 148 2330 1701 2398">
     <span class='ocr_line' id='line_1_22' title="bbox 148 2330 1701 2398; baseline -0.008 -8"><span class='ocrx_word' id='word_1_147' title='bbox 148 2337 404 2390; x_wconf 75' lang='lat' dir='ltr'><strong>Dominus</strong></span> <span class='ocrx_word' id='word_1_148' title='bbox 427 2334 564 2387; x_wconf 88' lang='lat' dir='ltr'><strong>Deus</strong></span> <span class='ocrx_word' id='word_1_149' title='bbox 584 2342 722 2397; x_wconf 85' lang='lat' dir='ltr'><strong>tuus,</strong></span> <span class='ocrx_word' id='word_1_150' title='bbox 745 2332 964 2398; x_wconf 71' lang='lat' dir='ltr'><strong>firmans</strong></span> <span class='ocrx_word' id='word_1_151' title='bbox 986 2330 1190 2388; x_wconf 74' lang='lat' dir='ltr'><strong>uelum,</strong></span> <span class='ocrx_word' id='word_1_152' title='bbox 1211 2338 1257 2380; x_wconf 89' lang='lat' dir='ltr'><strong>et</strong></span> <span class='ocrx_word' id='word_1_153' title='bbox 1279 2344 1460 2381; x_wconf 79' lang='lat' dir='ltr'><strong>creans</strong></span> <span class='ocrx_word' id='word_1_154' title='bbox 1484 2341 1701 2385; x_wconf 81' lang='lat' dir='ltr'><strong>terram,</strong></span> 
     </span>
    </p>
   </div>
   <div class='ocr_carea' id='block_1_23' title="bbox 147 2417 1704 2494">
    <p class='ocr_par' dir='ltr' id='par_1_23' title="bbox 147 2417 1704 2494">
     <span class='ocr_line' id='line_1_23' title="bbox 147 2417 1704 2494; baseline -0.007 -17"><span class='ocrx_word' id='word_1_155' title='bbox 147 2427 295 2494; x_wconf 82' lang='lat' dir='ltr'><strong>cujus</strong></span> <span class='ocrx_word' id='word_1_156' title='bbox 347 2440 537 2476; x_wconf 86' lang='lat' dir='ltr'><strong>manus</strong></span> <span class='ocrx_word' id='word_1_157' title='bbox 560 2432 801 2474; x_wconf 84' lang='lat' dir='ltr'><strong>crearunt</strong></span> <span class='ocrx_word' id='word_1_158' title='bbox 828 2436 1031 2472; x_wconf 77' lang='lat' dir='ltr'><strong>omnem</strong></span> <span class='ocrx_word' id='word_1_159' title='bbox 1065 2417 1307 2470; x_wconf 87' lang='lat' dir='ltr'><strong>militiam</strong></span> <span class='ocrx_word' id='word_1_160' title='bbox 1338 2417 1470 2479; x_wconf 78' lang='lat' dir='ltr'><strong>ca&#39;li,</strong></span> <span class='ocrx_word' id='word_1_161' title='bbox 1515 2426 1561 2467; x_wconf 83' lang='lat' dir='ltr'><strong>ct</strong></span> <span class='ocrx_word' id='word_1_162' title='bbox 1602 2430 1704 2467; x_wconf 73' lang='lat' dir='ltr'><strong>uoti</strong></span> 
     </span>
    </p>
   </div>
   <div class='ocr_carea' id='block_1_24' title="bbox 149 2511 1258 2581">
    <p class='ocr_par' dir='ltr' id='par_1_24' title="bbox 149 2511 1258 2581">
     <span class='ocr_line' id='line_1_24' title="bbox 149 2511 1258 2581; baseline -0.006 -13"><span class='ocrx_word' id='word_1_163' title='bbox 149 2518 376 2570; x_wconf 76' lang='lat' dir='ltr'><strong>revelari</strong></span> <span class='ocrx_word' id='word_1_164' title='bbox 401 2532 462 2567; x_wconf 87' lang='lat' dir='ltr'><strong>ea</strong></span> <span class='ocrx_word' id='word_1_165' title='bbox 499 2516 587 2567; x_wconf 80' lang='lat' dir='ltr'><strong>tibi</strong></span> <span class='ocrx_word' id='word_1_166' title='bbox 612 2530 670 2566; x_wconf 84' lang='lat' dir='ltr'><strong>nc</strong></span> <span class='ocrx_word' id='word_1_167' title='bbox 704 2524 815 2581; x_wconf 84' lang='lat' dir='ltr'><strong>post</strong></span> <span class='ocrx_word' id='word_1_168' title='bbox 846 2529 908 2565; x_wconf 81' lang='lat' dir='ltr'><strong>ea</strong></span> <span class='ocrx_word' id='word_1_169' title='bbox 938 2511 1258 2563; x_wconf 80' lang='lat' dir='ltr'><strong>mubulares.</strong></span> 
     </span>
    </p>
   </div>
   <div class='ocr_carea' id='block_1_25' title="bbox 218 2599 1704 2672">
    <p class='ocr_par' dir='ltr' id='par_1_25' title="bbox 218 2599 1704 2672">
     <span class='ocr_line' id='line_1_25' title="bbox 218 2599 1704 2672; baseline -0.007 -13"><span class='ocrx_word' id='word_1_170' title='bbox 218 2606 361 2660; x_wconf 77' lang='lat' dir='ltr'><strong>Hinc</strong></span> <span class='ocrx_word' id='word_1_171' title='bbox 408 2615 595 2672; x_wconf 83' lang='lat' dir='ltr'><strong>aperte</strong></span> <span class='ocrx_word' id='word_1_172' title='bbox 637 2603 901 2657; x_wconf 87' lang='lat' dir='ltr'><strong>discimus</strong></span> <span class='ocrx_word' id='word_1_173' title='bbox 936 2601 1288 2669; x_wconf 79' lang='lat' dir='ltr'><strong>quamobrem</strong></span> <span class='ocrx_word' id='word_1_174' title='bbox 1329 2601 1383 2651; x_wconf 92' lang='lat' dir='ltr'><strong>in</strong></span> <span class='ocrx_word' id='word_1_175' title='bbox 1426 2599 1704 2666; x_wconf 88' lang='lat' dir='ltr'><strong>Scriptura</strong></span> 
     </span>
    </p>
   </div>
   <div class='ocr_carea' id='block_1_26' title="bbox 148 2694 1702 2764">
    <p class='ocr_par' dir='ltr' id='par_1_26' title="bbox 148 2694 1702 2764">
     <span class='ocr_line' id='line_1_26' title="bbox 148 2694 1702 2764; baseline -0.006 -9"><span class='ocrx_word' id='word_1_176' title='bbox 148 2702 386 2755; x_wconf 77' lang='lat' dir='ltr'><strong>Mosaica</strong></span> <span class='ocrx_word' id='word_1_177' title='bbox 415 2699 635 2752; x_wconf 89' lang='lat' dir='ltr'><strong>silentio</strong></span> <span class='ocrx_word' id='word_1_178' title='bbox 663 2698 763 2750; x_wconf 88' lang='lat' dir='ltr'><strong>fuit</strong></span> <span class='ocrx_word' id='word_1_179' title='bbox 791 2697 1148 2764; x_wconf 77' lang='lat' dir='ltr'><strong>pnetermissa</strong></span> <span class='ocrx_word' id='word_1_180' title='bbox 1173 2696 1239 2748; x_wconf 91' lang='lat' dir='ltr'><strong>de</strong></span> <span class='ocrx_word' id='word_1_181' title='bbox 1255 2694 1702 2763; x_wconf 81' lang='lat' dir='ltr'><strong>angelismeutio.</strong></span> 
     </span>
    </p>
   </div>
   <div class='ocr_carea' id='block_1_27' title="bbox 145 2784 1705 2856">
    <p class='ocr_par' dir='ltr' id='par_1_27' title="bbox 145 2784 1705 2856">
     <span class='ocr_line' id='line_1_27' title="bbox 145 2784 1705 2856; baseline -0.006 -12"><span class='ocrx_word' id='word_1_182' title='bbox 145 2789 438 2856; x_wconf 81' lang='lat' dir='ltr'><strong>Quomodo</strong></span> <span class='ocrx_word' id='word_1_183' title='bbox 464 2790 627 2841; x_wconf 85' lang='lat' dir='ltr'><strong>etiam</strong></span> <span class='ocrx_word' id='word_1_184' title='bbox 657 2788 723 2840; x_wconf 91' lang='lat' dir='ltr'><strong>de</strong></span> <span class='ocrx_word' id='word_1_185' title='bbox 762 2787 849 2839; x_wconf 86' lang='lat' dir='ltr'><strong>bis</strong></span> <span class='ocrx_word' id='word_1_186' title='bbox 898 2786 1111 2839; x_wconf 87' lang='lat' dir='ltr'><strong>duobus</strong></span> <span class='ocrx_word' id='word_1_187' title='bbox 1170 2786 1333 2853; x_wconf 77' lang='lat' dir='ltr'><strong>lignis</strong></span> <span class='ocrx_word' id='word_1_188' title='bbox 1386 2784 1452 2836; x_wconf 89' lang='lat' dir='ltr'><strong>de</strong></span> <span class='ocrx_word' id='word_1_189' title='bbox 1508 2784 1705 2851; x_wconf 81' lang='lat' dir='ltr'><strong>quibus</strong></span> 
     </span>
    </p>
   </div>
   <div class='ocr_carea' id='block_1_28' title="bbox 144 2875 1703 2947">
    <p class='ocr_par' dir='ltr' id='par_1_28' title="bbox 144 2875 1703 2947">
     <span class='ocr_line' id='line_1_28' title="bbox 144 2875 1703 2947; baseline -0.006 -13"><span class='ocrx_word' id='word_1_190' title='bbox 144 2880 282 2934; x_wconf 85' lang='lat' dir='ltr'><strong>dicit</strong></span> <span class='ocrx_word' id='word_1_191' title='bbox 315 2898 328 2930; x_wconf 89' lang='lat'><strong>:</strong></span> <span class='ocrx_word' id='word_1_192' title='bbox 376 2877 441 2932; x_wconf 85' lang='lat' dir='ltr'><strong>Et</strong></span> <span class='ocrx_word' id='word_1_193' title='bbox 471 2878 671 2947; x_wconf 89' lang='lat' dir='ltr'><strong>lignum</strong></span> <span class='ocrx_word' id='word_1_194' title='bbox 703 2879 820 2930; x_wconf 74' lang='lat' dir='ltr'><strong>vita!</strong></span> <span class='ocrx_word' id='word_1_195' title='bbox 852 2878 903 2928; x_wconf 91' lang='lat' dir='ltr'><strong>in</strong></span> <span class='ocrx_word' id='word_1_196' title='bbox 947 2877 1112 2928; x_wconf 86' lang='lat' dir='ltr'><strong>medio</strong></span> <span class='ocrx_word' id='word_1_197' title='bbox 1144 2875 1400 2943; x_wconf 84' lang='lat' dir='ltr'><strong>paradisi,</strong></span> <span class='ocrx_word' id='word_1_198' title='bbox 1433 2885 1479 2925; x_wconf 87' lang='lat' dir='ltr'><strong>et</strong></span> <span class='ocrx_word' id='word_1_199' title='bbox 1510 2875 1703 2943; x_wconf 89' lang='lat' dir='ltr'><strong>lignum</strong></span> 
     </span>
    </p>
   </div>
   <div class='ocr_carea' id='block_1_29' title="bbox 141 2964 1707 3039">
    <p class='ocr_par' dir='ltr' id='par_1_29' title="bbox 141 2964 1707 3039">
     <span class='ocr_line' id='line_1_29' title="bbox 141 2964 1707 3039; baseline -0.003 -17"><span class='ocrx_word' id='word_1_200' title='bbox 141 2971 344 3023; x_wconf 84' lang='lat' dir='ltr'><strong>sciendi</strong></span> <span class='ocrx_word' id='word_1_201' title='bbox 370 2971 423 3023; x_wconf 86' lang='lat' dir='ltr'><strong>id</strong></span> <span class='ocrx_word' id='word_1_202' title='bbox 454 2971 590 3037; x_wconf 81' lang='lat' dir='ltr'><strong>quod</strong></span> <span class='ocrx_word' id='word_1_203' title='bbox 630 2970 863 3039; x_wconf 82' lang='lat' dir='ltr'><strong>cognosci</strong></span> <span class='ocrx_word' id='word_1_204' title='bbox 923 2978 1088 3036; x_wconf 76' lang='lat' dir='ltr'><strong>potest</strong></span> <span class='ocrx_word' id='word_1_205' title='bbox 1139 2966 1255 3017; x_wconf 84' lang='lat' dir='ltr'><strong>boni</strong></span> <span class='ocrx_word' id='word_1_206' title='bbox 1306 2975 1353 3017; x_wconf 84' lang='lat' dir='ltr'><strong>et</strong></span> <span class='ocrx_word' id='word_1_207' title='bbox 1407 2964 1565 3017; x_wconf 78' lang='lat' dir='ltr'><strong>mali;</strong></span> <span class='ocrx_word' id='word_1_208' title='bbox 1618 2964 1707 3017; x_wconf 86' lang='lat' dir='ltr'><strong>hic</strong></span> 
     </span>
    </p>
   </div>
   <div class='ocr_carea' id='block_1_30' title="bbox 141 3058 1703 3131">
    <p class='ocr_par' dir='ltr' id='par_1_30' title="bbox 141 3058 1703 3131">
     <span class='ocr_line' id='line_1_30' title="bbox 141 3058 1703 3131; baseline -0.006 -14"><span class='ocrx_word' id='word_1_209' title='bbox 141 3062 445 3131; x_wconf 84' lang='lat' dir='ltr'><strong>diligenter</strong></span> <span class='ocrx_word' id='word_1_210' title='bbox 473 3072 527 3115; x_wconf 92' lang='lat' dir='ltr'><strong>ct</strong></span> <span class='ocrx_word' id='word_1_211' title='bbox 571 3069 821 3115; x_wconf 88' lang='lat' dir='ltr'><strong>accurate</strong></span> <span class='ocrx_word' id='word_1_212' title='bbox 859 3069 1160 3113; x_wconf 89' lang='lat' dir='ltr'><strong>tractarunt</strong></span> <span class='ocrx_word' id='word_1_213' title='bbox 1195 3058 1454 3112; x_wconf 90' lang='lat' dir='ltr'><strong>dictionis</strong></span> <span class='ocrx_word' id='word_1_214' title='bbox 1484 3068 1703 3110; x_wconf 76' lang='lat' dir='ltr'><strong>contex-</strong></span> 
     </span>
    </p>
   </div>
   <div class='ocr_carea' id='block_1_31' title="bbox 144 3147 1707 3219">
    <p class='ocr_par' dir='ltr' id='par_1_31' title="bbox 144 3147 1707 3219">
     <span class='ocr_line' id='line_1_31' title="bbox 144 3147 1707 3219; baseline -0.006 -12"><span class='ocrx_word' id='word_1_215' title='bbox 144 3167 257 3207; x_wconf 91' lang='lat' dir='ltr'><strong>tum</strong></span> <span class='ocrx_word' id='word_1_216' title='bbox 310 3154 383 3206; x_wconf 89' lang='lat' dir='ltr'><strong>de</strong></span> <span class='ocrx_word' id='word_1_217' title='bbox 427 3153 514 3205; x_wconf 88' lang='lat' dir='ltr'><strong>his</strong></span> <span class='ocrx_word' id='word_1_218' title='bbox 541 3152 756 3205; x_wconf 87' lang='lat' dir='ltr'><strong>duobus</strong></span> <span class='ocrx_word' id='word_1_219' title='bbox 786 3150 964 3219; x_wconf 80' lang='lat' dir='ltr'><strong>lignis.</strong></span> <span class='ocrx_word' id='word_1_220' title='bbox 998 3150 1216 3216; x_wconf 90' lang='lat' dir='ltr'><strong>quidam</strong></span> <span class='ocrx_word' id='word_1_221' title='bbox 1248 3165 1311 3200; x_wconf 77' lang='lat' dir='ltr'><strong>ex</strong></span> <span class='ocrx_word' id='word_1_222' title='bbox 1353 3147 1417 3200; x_wconf 89' lang='lat' dir='ltr'><strong>iis</strong></span> <span class='ocrx_word' id='word_1_223' title='bbox 1475 3149 1569 3215; x_wconf 86' lang='lat' dir='ltr'><strong>qui</strong></span> <span class='ocrx_word' id='word_1_224' title='bbox 1624 3147 1707 3200; x_wconf 87' lang='lat' dir='ltr'><strong>di-</strong></span> 
     </span>
    </p>
   </div>
   <div class='ocr_carea' id='block_1_32' title="bbox 140 3240 1709 3312">
    <p class='ocr_par' dir='ltr' id='par_1_32' title="bbox 140 3240 1709 3312">
     <span class='ocr_line' id='line_1_32' title="bbox 140 3240 1709 3312; baseline -0.003 -17"><span class='ocrx_word' id='word_1_225' title='bbox 140 3247 267 3298; x_wconf 86' lang='lat' dir='ltr'><strong>vina</strong></span> <span class='ocrx_word' id='word_1_226' title='bbox 330 3244 560 3312; x_wconf 86' lang='lat' dir='ltr'><strong>pulchre</strong></span> <span class='ocrx_word' id='word_1_227' title='bbox 618 3244 795 3295; x_wconf 85' lang='lat' dir='ltr'><strong>sciunt</strong></span> <span class='ocrx_word' id='word_1_228' title='bbox 852 3241 1105 3301; x_wconf 84' lang='lat' dir='ltr'><strong>serutari.</strong></span> <span class='ocrx_word' id='word_1_229' title='bbox 1138 3241 1422 3293; x_wconf 84' lang='lat' dir='ltr'><strong>dicentes:</strong></span> <span class='ocrx_word' id='word_1_230' title='bbox 1459 3240 1568 3292; x_wconf 76' lang='lat' dir='ltr'><strong>Cur</strong></span> <span class='ocrx_word' id='word_1_231' title='bbox 1605 3256 1709 3291; x_wconf 90' lang='lat' dir='ltr'><strong>non</strong></span> 
     </span>
    </p>
   </div>
   <div class='ocr_carea' id='block_1_33' title="bbox 143 3330 1711 3402">
    <p class='ocr_par' dir='ltr' id='par_1_33' title="bbox 143 3330 1711 3402">
     <span class='ocr_line' id='line_1_33' title="bbox 143 3330 1711 3402; baseline -0.006 -14"><span class='ocrx_word' id='word_1_232' title='bbox 143 3337 281 3389; x_wconf 80' lang='lat' dir='ltr'><strong>dicit</strong></span> <span class='ocrx_word' id='word_1_233' title='bbox 310 3336 595 3402; x_wconf 78' lang='lat' dir='ltr'><strong>Scriptura</strong></span> <span class='ocrx_word' id='word_1_234' title='bbox 624 3335 678 3387; x_wconf 89' lang='lat' dir='ltr'><strong>in</strong></span> <span class='ocrx_word' id='word_1_235' title='bbox 704 3348 831 3386; x_wconf 90' lang='lat' dir='ltr'><strong>casu</strong></span> <span class='ocrx_word' id='word_1_236' title='bbox 861 3333 1138 3401; x_wconf 76' lang='lat' dir='ltr'><strong>gignendi,</strong></span> <span class='ocrx_word' id='word_1_237' title='bbox 1200 3347 1391 3398; x_wconf 87' lang='lat' dir='ltr'><strong>nempe</strong></span> <span class='ocrx_word' id='word_1_238' title='bbox 1448 3332 1501 3381; x_wconf 86' lang='lat' dir='ltr'><strong>in</strong></span> <span class='ocrx_word' id='word_1_239' title='bbox 1547 3330 1711 3382; x_wconf 85' lang='lat' dir='ltr'><strong>medio</strong></span> 
     </span>
    </p>
   </div>
   <div class='ocr_carea' id='block_1_34' title="bbox 144 3422 1711 3494">
    <p class='ocr_par' dir='ltr' id='par_1_34' title="bbox 144 3422 1711 3494">
     <span class='ocr_line' id='line_1_34' title="bbox 144 3422 1711 3494; baseline -0.003 -16"><span class='ocrx_word' id='word_1_240' title='bbox 144 3426 411 3494; x_wconf 80' lang='lat' dir='ltr'><strong>paradisi,</strong></span> <span class='ocrx_word' id='word_1_241' title='bbox 441 3424 535 3477; x_wconf 87' lang='lat' dir='ltr'><strong>sed</strong></span> <span class='ocrx_word' id='word_1_242' title='bbox 564 3424 615 3475; x_wconf 93' lang='lat' dir='ltr'><strong>in</strong></span> <span class='ocrx_word' id='word_1_243' title='bbox 640 3439 766 3477; x_wconf 90' lang='lat' dir='ltr'><strong>casu</strong></span> <span class='ocrx_word' id='word_1_244' title='bbox 799 3422 1087 3482; x_wconf 73' lang='lat' dir='ltr'><strong>oﬂ‘erendi,</strong></span> <span class='ocrx_word' id='word_1_245' title='bbox 1127 3422 1318 3475; x_wconf 87' lang='lat' dir='ltr'><strong>dicens</strong></span> <span class='ocrx_word' id='word_1_246' title='bbox 1372 3439 1433 3472; x_wconf 90' lang='lat' dir='ltr'><strong>ea</strong></span> <span class='ocrx_word' id='word_1_247' title='bbox 1484 3436 1601 3473; x_wconf 81' lang='lat' dir='ltr'><strong>esse.</strong></span> <span class='ocrx_word' id='word_1_248' title='bbox 1659 3423 1711 3473; x_wconf 90' lang='lat' dir='ltr'><strong>iu</strong></span> 
     </span>
    </p>
   </div>
   <div class='ocr_carea' id='block_1_35' title="bbox 144 3511 1708 3583">
    <p class='ocr_par' dir='ltr' id='par_1_35' title="bbox 144 3511 1708 3583">
     <span class='ocr_line' id='line_1_35' title="bbox 144 3511 1708 3583; baseline -0.003 -14"><span class='ocrx_word' id='word_1_249' title='bbox 144 3518 317 3570; x_wconf 83' lang='lat' dir='ltr'><strong>medio</strong></span> <span class='ocrx_word' id='word_1_250' title='bbox 358 3515 654 3583; x_wconf 79' lang='lat' dir='ltr'><strong>paradisi?</strong></span> <span class='ocrx_word' id='word_1_251' title='bbox 716 3514 782 3569; x_wconf 90' lang='lat' dir='ltr'><strong>Ut</strong></span> <span class='ocrx_word' id='word_1_252' title='bbox 824 3514 1098 3566; x_wconf 82' lang='lat' dir='ltr'><strong>discamus</strong></span> <span class='ocrx_word' id='word_1_253' title='bbox 1134 3528 1196 3565; x_wconf 78' lang='lat' dir='ltr'><strong>cx</strong></span> <span class='ocrx_word' id='word_1_254' title='bbox 1253 3511 1513 3574; x_wconf 85' lang='lat' dir='ltr'><strong>dictione,</strong></span> <span class='ocrx_word' id='word_1_255' title='bbox 1565 3513 1708 3580; x_wconf 82' lang='lat' dir='ltr'><strong>quml</strong></span> 
     </span>
    </p>
   </div>
   <div class='ocr_carea' id='block_1_36' title="bbox 143 3604 1707 3673">
    <p class='ocr_par' dir='ltr' id='par_1_36' title="bbox 143 3604 1707 3673">
     <span class='ocr_line' id='line_1_36' title="bbox 143 3604 1707 3673; baseline -0.004 -11"><span class='ocrx_word' id='word_1_256' title='bbox 143 3624 223 3662; x_wconf 61' lang='lat' dir='ltr'><strong>ea</strong></span> <span class='ocrx_word' id='word_1_257' title='bbox 253 3623 367 3660; x_wconf 92' lang='lat' dir='ltr'><strong>non</strong></span> <span class='ocrx_word' id='word_1_258' title='bbox 401 3607 513 3659; x_wconf 89' lang='lat' dir='ltr'><strong>sint</strong></span> <span class='ocrx_word' id='word_1_259' title='bbox 557 3605 717 3659; x_wconf 85' lang='lat' dir='ltr'><strong>simul</strong></span> <span class='ocrx_word' id='word_1_260' title='bbox 768 3604 1020 3673; x_wconf 75' lang='lat' dir='ltr'><strong>plantaue</strong></span> <span class='ocrx_word' id='word_1_261' title='bbox 1046 3619 1169 3655; x_wconf 88' lang='lat' dir='ltr'><strong>cum</strong></span> <span class='ocrx_word' id='word_1_262' title='bbox 1223 3604 1345 3655; x_wconf 89' lang='lat' dir='ltr'><strong>aliis</strong></span> <span class='ocrx_word' id='word_1_263' title='bbox 1402 3604 1707 3660; x_wconf 86' lang='lat' dir='ltr'><strong>arboribus.</strong></span> 
     </span>
    </p>
   </div>
   <div class='ocr_carea' id='block_1_37' title="bbox 144 3692 1707 3768">
    <p class='ocr_par' dir='ltr' id='par_1_37' title="bbox 144 3692 1707 3768">
     <span class='ocr_line' id='line_1_37' title="bbox 144 3692 1707 3768; baseline -0.005 -16"><span class='ocrx_word' id='word_1_264' title='bbox 144 3713 329 3768; x_wconf 87' lang='lat' dir='ltr'><strong>neque</strong></span> <span class='ocrx_word' id='word_1_265' title='bbox 362 3710 553 3751; x_wconf 84' lang='lat' dir='ltr'><strong>carum</strong></span> <span class='ocrx_word' id='word_1_266' title='bbox 584 3696 691 3749; x_wconf 89' lang='lat' dir='ltr'><strong>sint</strong></span> <span class='ocrx_word' id='word_1_267' title='bbox 718 3704 979 3762; x_wconf 71' lang='lat' dir='ltr'><strong>cognatae,</strong></span> <span class='ocrx_word' id='word_1_268' title='bbox 1020 3694 1113 3745; x_wconf 86' lang='lat' dir='ltr'><strong>sed</strong></span> <span class='ocrx_word' id='word_1_269' title='bbox 1170 3693 1553 3746; x_wconf 82' lang='lat' dir='ltr'><strong>exercitatione</strong></span> <span class='ocrx_word' id='word_1_270' title='bbox 1596 3692 1707 3745; x_wconf 86' lang='lat' dir='ltr'><strong>vir-</strong></span> 
     </span>
    </p>
   </div>
   <div class='ocr_carea' id='block_1_38' title="bbox 145 3784 1710 3855">
    <p class='ocr_par' dir='ltr' id='par_1_38' title="bbox 145 3784 1710 3855">
     <span class='ocr_line' id='line_1_38' title="bbox 145 3784 1710 3855; baseline -0.004 -11"><span class='ocrx_word' id='word_1_271' title='bbox 145 3791 285 3845; x_wconf 89' lang='lat' dir='ltr'><strong>tutis</strong></span> <span class='ocrx_word' id='word_1_272' title='bbox 304 3799 364 3843; x_wconf 84' lang='lat' dir='ltr'><strong>et</strong></span> <span class='ocrx_word' id='word_1_273' title='bbox 396 3788 643 3841; x_wconf 90' lang='lat' dir='ltr'><strong>vitiisint</strong></span> <span class='ocrx_word' id='word_1_274' title='bbox 671 3794 969 3855; x_wconf 66' lang='lat' dir='ltr'><strong>procreata:</strong></span> <span class='ocrx_word' id='word_1_275' title='bbox 996 3784 1061 3837; x_wconf 93' lang='lat' dir='ltr'><strong>ad</strong></span> <span class='ocrx_word' id='word_1_276' title='bbox 1092 3784 1427 3853; x_wconf 90' lang='lat' dir='ltr'><strong>probandum</strong></span> <span class='ocrx_word' id='word_1_277' title='bbox 1466 3796 1710 3837; x_wconf 87' lang='lat' dir='ltr'><strong>nostrum</strong></span> 
     </span>
    </p>
   </div>
   <div class='ocr_carea' id='block_1_39' title="bbox 145 3874 1711 3942">
    <p class='ocr_par' dir='ltr' id='par_1_39' title="bbox 145 3874 1711 3942">
     <span class='ocr_line' id='line_1_39' title="bbox 145 3874 1711 3942; baseline -0.003 -9"><span class='ocrx_word' id='word_1_278' title='bbox 145 3881 387 3935; x_wconf 88' lang='lat' dir='ltr'><strong>liberum</strong></span> <span class='ocrx_word' id='word_1_279' title='bbox 446 3878 752 3932; x_wconf 86' lang='lat' dir='ltr'><strong>arbitrium.</strong></span> <span class='ocrx_word' id='word_1_280' title='bbox 818 3875 1128 3930; x_wconf 85' lang='lat' dir='ltr'><strong>Invenimus</strong></span> <span class='ocrx_word' id='word_1_281' title='bbox 1182 3874 1401 3942; x_wconf 91' lang='lat' dir='ltr'><strong>quidem</strong></span> <span class='ocrx_word' id='word_1_282' title='bbox 1457 3884 1602 3927; x_wconf 85' lang='lat' dir='ltr'><strong>certe</strong></span> <span class='ocrx_word' id='word_1_283' title='bbox 1657 3874 1711 3929; x_wconf 91' lang='lat' dir='ltr'><strong>in</strong></span> 
     </span>
    </p>
   </div>
   <div class='ocr_carea' id='block_1_40' title="bbox 145 3967 1713 4036">
    <p class='ocr_par' dir='ltr' id='par_1_40' title="bbox 145 3967 1713 4036">
     <span class='ocr_line' id='line_1_40' title="bbox 145 3967 1713 4036; baseline -0.004 -8"><span class='ocrx_word' id='word_1_284' title='bbox 145 3972 437 4027; x_wconf 86' lang='lat' dir='ltr'><strong>nonnullis</strong></span> <span class='ocrx_word' id='word_1_285' title='bbox 458 3985 565 4023; x_wconf 88' lang='lat' dir='ltr'><strong>non</strong></span> <span class='ocrx_word' id='word_1_286' title='bbox 589 3968 907 4022; x_wconf 87' lang='lat' dir='ltr'><strong>adulteratis</strong></span> <span class='ocrx_word' id='word_1_287' title='bbox 934 3967 1354 4035; x_wconf 79' lang='lat' dir='ltr'><strong>exemplaribus,</strong></span> <span class='ocrx_word' id='word_1_288' title='bbox 1391 3967 1534 4035; x_wconf 90' lang='lat' dir='ltr'><strong>quod</strong></span> <span class='ocrx_word' id='word_1_289' title='bbox 1568 3977 1713 4036; x_wconf 86' lang='lat' dir='ltr'><strong>post-</strong></span> 
     </span>
    </p>
   </div>
   <div class='ocr_carea' id='block_1_41' title="bbox 147 4056 1711 4133">
    <p class='ocr_par' dir='ltr' id='par_1_41' title="bbox 147 4056 1711 4133">
     <span class='ocr_line' id='line_1_41' title="bbox 147 4056 1711 4133; baseline -0.003 -16"><span class='ocrx_word' id='word_1_290' title='bbox 147 4078 314 4133; x_wconf 85' lang='lat' dir='ltr'><strong>quam</strong></span> <span class='ocrx_word' id='word_1_291' title='bbox 347 4061 487 4114; x_wconf 80' lang='lat' dir='ltr'><strong>dixit</strong></span> <span class='ocrx_word' id='word_1_292' title='bbox 521 4078 534 4112; x_wconf 90' lang='lat'><strong>:</strong></span> <span class='ocrx_word' id='word_1_293' title='bbox 565 4059 634 4114; x_wconf 86' lang='lat' dir='ltr'><strong>Et</strong></span> <span class='ocrx_word' id='word_1_294' title='bbox 668 4060 861 4111; x_wconf 72' lang='lat' dir='ltr'><strong>exoriri</strong></span> <span class='ocrx_word' id='word_1_295' title='bbox 906 4058 1022 4125; x_wconf 77' lang='lat' dir='ltr'><strong>[erit</strong></span> <span class='ocrx_word' id='word_1_296' title='bbox 1071 4058 1237 4110; x_wconf 88' lang='lat' dir='ltr'><strong>adlmc</strong></span> <span class='ocrx_word' id='word_1_297' title='bbox 1283 4056 1532 4114; x_wconf 88' lang='lat' dir='ltr'><strong>Dominus</strong></span> <span class='ocrx_word' id='word_1_298' title='bbox 1574 4059 1711 4112; x_wconf 87' lang='lat' dir='ltr'><strong>Deus</strong></span> 
     </span>
    </p>
   </div>
   <div class='ocr_carea' id='block_1_42' title="bbox 147 4149 1713 4220">
    <p class='ocr_par' dir='ltr' id='par_1_42' title="bbox 147 4149 1713 4220">
     <span class='ocr_line' id='line_1_42' title="bbox 147 4149 1713 4220; baseline -0.003 -13"><span class='ocrx_word' id='word_1_299' title='bbox 147 4171 174 4208; x_wconf 82' lang='lat' dir='ltr'><strong>e</strong></span> <span class='ocrx_word' id='word_1_300' title='bbox 215 4164 365 4206; x_wconf 76' lang='lat' dir='ltr'><strong>terra</strong></span> <span class='ocrx_word' id='word_1_301' title='bbox 395 4168 551 4205; x_wconf 85' lang='lat' dir='ltr'><strong>omne</strong></span> <span class='ocrx_word' id='word_1_302' title='bbox 589 4151 789 4220; x_wconf 85' lang='lat' dir='ltr'><strong>lignum</strong></span> <span class='ocrx_word' id='word_1_303' title='bbox 838 4149 1111 4218; x_wconf 83' lang='lat' dir='ltr'><strong>pulchrum</strong></span> <span class='ocrx_word' id='word_1_304' title='bbox 1142 4151 1272 4214; x_wconf 84' lang='lat' dir='ltr'><strong>visu,</strong></span> <span class='ocrx_word' id='word_1_305' title='bbox 1322 4160 1367 4203; x_wconf 81' lang='lat' dir='ltr'><strong>et</strong></span> <span class='ocrx_word' id='word_1_306' title='bbox 1407 4152 1596 4204; x_wconf 88' lang='lat' dir='ltr'><strong>bonum</strong></span> <span class='ocrx_word' id='word_1_307' title='bbox 1643 4152 1713 4205; x_wconf 92' lang='lat' dir='ltr'><strong>ad</strong></span> 
     </span>
    </p>
   </div>
   <div class='ocr_carea' id='block_1_43' title="bbox 148 4230 1709 4309">
    <p class='ocr_par' dir='ltr' id='par_1_43' title="bbox 148 4230 1709 4309">
     <span class='ocr_line' id='line_1_43' title="bbox 148 4230 1709 4309; baseline 0 -12"><span class='ocrx_word' id='word_1_308' title='bbox 148 4242 530 4297; x_wconf 76' lang='lat' dir='ltr'><strong>comedendum</strong></span> <span class='ocrx_word' id='word_1_309' title='bbox 553 4282 568 4306; x_wconf 92' lang='lat'><strong>,</strong></span> <span class='ocrx_word' id='word_1_310' title='bbox 605 4242 835 4309; x_wconf 81' lang='lat' dir='ltr'><strong>scriptor</strong></span> <span class='ocrx_word' id='word_1_311' title='bbox 861 4230 1079 4294; x_wconf 79' lang='lat' dir='ltr'><strong>faciens</strong></span> <span class='ocrx_word' id='word_1_312' title='bbox 1101 4250 1362 4309; x_wconf 88' lang='lat' dir='ltr'><strong>punctqu</strong></span> <span class='ocrx_word' id='word_1_313' title='bbox 1412 4241 1709 4309; x_wconf 85' lang='lat' dir='ltr'><strong>perfectum</strong></span> 
     </span>
    </p>
   </div>
   <div class='ocr_carea' id='block_1_44' title="bbox 146 4330 1708 4407">
    <p class='ocr_par' dir='ltr' id='par_1_44' title="bbox 146 4330 1708 4407">
     <span class='ocr_line' id='line_1_44' title="bbox 146 4330 1708 4407; baseline -0.003 -17"><span class='ocrx_word' id='word_1_314' title='bbox 146 4343 417 4404; x_wconf 79' lang='lat' dir='ltr'><strong>tanquam</strong></span> <span class='ocrx_word' id='word_1_315' title='bbox 456 4331 633 4401; x_wconf 87' lang='lat' dir='ltr'><strong>capite</strong></span> <span class='ocrx_word' id='word_1_316' title='bbox 685 4330 951 4407; x_wconf 72' lang='lat' dir='ltr'><strong>delignis</strong></span> <span class='ocrx_word' id='word_1_317' title='bbox 991 4330 1281 4397; x_wconf 82' lang='lat' dir='ltr'><strong>completo,</strong></span> <span class='ocrx_word' id='word_1_318' title='bbox 1316 4340 1445 4384; x_wconf 88' lang='lat' dir='ltr'><strong>tunc</strong></span> <span class='ocrx_word' id='word_1_319' title='bbox 1492 4347 1708 4386; x_wconf 89' lang='lat' dir='ltr'><strong>versum</strong></span> 
     </span>
    </p>
   </div>
   <div class='ocr_carea' id='block_1_45' title="bbox 149 4421 1709 4496">
    <p class='ocr_par' dir='ltr' id='par_1_45' title="bbox 149 4421 1709 4496">
     <span class='ocr_line' id='line_1_45' title="bbox 149 4421 1709 4496; baseline -0.002 -16"><span class='ocrx_word' id='word_1_320' title='bbox 149 4426 363 4494; x_wconf 84' lang='lat' dir='ltr'><strong>incepit</strong></span> <span class='ocrx_word' id='word_1_321' title='bbox 390 4423 581 4478; x_wconf 80' lang='lat' dir='ltr'><strong>dicens</strong></span> <span class='ocrx_word' id='word_1_322' title='bbox 616 4439 629 4475; x_wconf 91' lang='lat'><strong>:</strong></span> <span class='ocrx_word' id='word_1_323' title='bbox 658 4422 727 4496; x_wconf 55' lang='lat' dir='ltr'><strong>Et</strong></span> <span class='ocrx_word' id='word_1_324' title='bbox 760 4421 961 4491; x_wconf 81' lang='lat' dir='ltr'><strong>lignum</strong></span> <span class='ocrx_word' id='word_1_325' title='bbox 988 4421 1106 4474; x_wconf 71' lang='lat' dir='ltr'><strong>vita:</strong></span> <span class='ocrx_word' id='word_1_326' title='bbox 1128 4422 1183 4473; x_wconf 87' lang='lat' dir='ltr'><strong>in</strong></span> <span class='ocrx_word' id='word_1_327' title='bbox 1236 4422 1401 4474; x_wconf 86' lang='lat' dir='ltr'><strong>medio</strong></span> <span class='ocrx_word' id='word_1_328' title='bbox 1452 4425 1709 4490; x_wconf 85' lang='lat' dir='ltr'><strong>paradisi,</strong></span> 
     </span>
    </p>
   </div>
   <div class='ocr_carea' id='block_1_46' title="bbox 1190 384 2313 452">
    <p class='ocr_par' dir='ltr' id='par_1_46' title="bbox 1190 384 2313 452">
     <span class='ocr_line' id='line_1_46' title="bbox 1190 384 2313 452; baseline -0.006 1"><span class='ocrx_word' id='word_1_329' title='bbox 1190 395 1266 452; x_wconf 70' lang='lat' dir='ltr'><strong>IN</strong></span> <span class='ocrx_word' id='word_1_330' title='bbox 1307 384 1851 452; x_wconf 71' lang='lat' dir='ltr'><strong>HEXAEMERON-</strong></span> <span class='ocrx_word' id='word_1_331' title='bbox 1878 407 1945 420; x_wconf 80' lang='grc'><strong><em>--</em></strong></span> <span class='ocrx_word' id='word_1_332' title='bbox 1968 385 2110 444; x_wconf 89' lang='lat' dir='ltr'><strong>LlB.</strong></span> <span class='ocrx_word' id='word_1_333' title='bbox 2154 386 2313 447; x_wconf 68' lang='lat' dir='ltr'><strong>Vill.</strong></span> 
     </span>
    </p>
   </div>
   <div class='ocr_carea' id='block_1_47' title="bbox 348 498 3345 581">
    <p class='ocr_par' dir='ltr' id='par_1_47' title="bbox 348 498 3345 581">
     <span class='ocr_line' id='line_1_47' title="bbox 348 498 3345 581; baseline -0.004 -14"><span class='ocrx_word' id='word_1_334' title='bbox 348 515 442 567; x_wconf 72' lang='lat' dir='ltr'><strong>l&#39;ns</strong></span> <span class='ocrx_word' id='word_1_335' title='bbox 486 530 546 565; x_wconf 67' lang='lat' dir='ltr'><strong>nr</strong></span> <span class='ocrx_word' id='word_1_336' title='bbox 576 524 725 581; x_wconf 69' lang='lat' dir='ltr'><strong>patre</strong></span> <span class='ocrx_word' id='word_1_337' title='bbox 766 522 924 563; x_wconf 71' lang='lat' dir='ltr'><strong>vestro</strong></span> <span class='ocrx_word' id='word_1_338' title='bbox 949 509 1152 561; x_wconf 82' lang='lat' dir='ltr'><strong>diatqu</strong></span> <span class='ocrx_word' id='word_1_339' title='bbox 1176 511 1316 569; x_wconf 74' lang='lat' dir='ltr'><strong>estis,</strong></span> <span class='ocrx_word' id='word_1_340' title='bbox 1343 507 1432 559; x_wconf 79' lang='lat' dir='ltr'><strong>ille</strong></span> <span class='ocrx_word' id='word_1_341' title='bbox 1449 505 1511 556; x_wconf 84' lang='lat' dir='ltr'><strong>ab</strong></span> <span class='ocrx_word' id='word_1_342' title='bbox 1551 503 1698 554; x_wconf 87' lang='lat' dir='ltr'><strong>initio</strong></span> <span class='ocrx_word' id='word_1_343' title='bbox 1727 504 1772 558; x_wconf 83' lang='grc' dir='ltr'><strong>Α</strong></span> <span class='ocrx_word' id='word_1_344' title='bbox 1799 514 1929 553; x_wconf 87' lang='lat' dir='ltr'><strong>cens</strong></span> <span class='ocrx_word' id='word_1_345' title='bbox 1983 500 2301 554; x_wconf 84' lang='lat' dir='ltr'><strong>mulieribus</strong></span> <span class='ocrx_word' id='word_1_346' title='bbox 2345 499 2766 553; x_wconf 88' lang='lat' dir='ltr'><strong>lamentantibns</strong></span> <span class='ocrx_word' id='word_1_347' title='bbox 2819 509 2874 552; x_wconf 90' lang='lat' dir='ltr'><strong>ct</strong></span> <span class='ocrx_word' id='word_1_348' title='bbox 2918 498 3345 568; x_wconf 72' lang='lat' dir='ltr'><strong>plangentibus:</strong></span> 
     </span>
    </p>
   </div>
   <div class='ocr_carea' id='block_1_48' title="bbox 3242 381 3348 446">
    <p class='ocr_par' dir='ltr' id='par_1_48' title="bbox 3242 381 3348 446">
     <span class='ocr_line' id='line_1_48' title="bbox 3242 381 3348 446; baseline 0 0"><span class='ocrx_word' id='word_1_349' title='bbox 3242 381 3348 446; x_wconf 71' lang='grc'><strong>974</strong></span> 
     </span>
    </p>
   </div>
   <div class='ocr_carea' id='block_1_49' title="bbox 1800 590 3351 663">
    <p class='ocr_par' dir='ltr' id='par_1_49' title="bbox 1800 590 3351 663">
     <span class='ocr_line' id='line_1_49' title="bbox 1800 590 3351 663; baseline 0.001 -21"><span class='ocrx_word' id='word_1_350' title='bbox 1800 590 1942 644; x_wconf 68' lang='lat' dir='ltr'><strong>Filite</strong></span> <span class='ocrx_word' id='word_1_351' title='bbox 1961 590 2275 654; x_wconf 82' lang='lat' dir='ltr'><strong>Jerusalem,</strong></span> <span class='ocrx_word' id='word_1_352' title='bbox 2307 593 2461 646; x_wconf 77' lang='lat' dir='ltr'><strong>nolite</strong></span> <span class='ocrx_word' id='word_1_353' title='bbox 2486 597 2610 663; x_wconf 81' lang='lat' dir='ltr'><strong>ﬂere</strong></span> <span class='ocrx_word' id='word_1_354' title='bbox 2633 608 2789 662; x_wconf 83' lang='lat' dir='ltr'><strong>super</strong></span> <span class='ocrx_word' id='word_1_355' title='bbox 2813 608 2912 655; x_wconf 86' lang='lat' dir='ltr'><strong>me,</strong></span> <span class='ocrx_word' id='word_1_356' title='bbox 2940 593 3027 644; x_wconf 84' lang='lat' dir='ltr'><strong>sed</strong></span> <span class='ocrx_word' id='word_1_357' title='bbox 3050 594 3165 661; x_wconf 80' lang='lat' dir='ltr'><strong>ﬂete</strong></span> <span class='ocrx_word' id='word_1_358' title='bbox 3194 607 3351 660; x_wconf 80' lang='lat' dir='ltr'><strong>super</strong></span> 
     </span>
    </p>
   </div>
   <div class='ocr_carea' id='block_1_50' title="bbox 1796 685 3352 753">
    <p class='ocr_par' dir='ltr' id='par_1_50' title="bbox 1796 685 3352 753">
     <span class='ocr_line' id='line_1_50' title="bbox 1796 685 3352 753; baseline 0.001 -17"><span class='ocrx_word' id='word_1_359' title='bbox 1796 700 1882 736; x_wconf 79' lang='lat' dir='ltr'><strong>cos</strong></span> <span class='ocrx_word' id='word_1_360' title='bbox 1911 694 1955 735; x_wconf 83' lang='lat' dir='ltr'><strong>et</strong></span> <span class='ocrx_word' id='word_1_361' title='bbox 1985 685 2121 751; x_wconf 79' lang='lat' dir='ltr'><strong>ﬁlios</strong></span> <span class='ocrx_word' id='word_1_362' title='bbox 2153 695 2347 738; x_wconf 68' lang='lat' dir='ltr'><strong>uestros</strong></span> <span class='ocrx_word' id='word_1_363' title='bbox 2376 702 2390 742; x_wconf 88' lang='lat'><strong><em>:</em></strong></span> <span class='ocrx_word' id='word_1_364' title='bbox 2421 688 2463 737; x_wconf 84' lang='lat' dir='ltr'><strong>si</strong></span> <span class='ocrx_word' id='word_1_365' title='bbox 2491 688 2626 738; x_wconf 87' lang='lat' dir='ltr'><strong>enim</strong></span> <span class='ocrx_word' id='word_1_366' title='bbox 2680 688 2733 738; x_wconf 86' lang='lat' dir='ltr'><strong>in</strong></span> <span class='ocrx_word' id='word_1_367' title='bbox 2784 686 2995 738; x_wconf 86' lang='lat' dir='ltr'><strong>Immido</strong></span> <span class='ocrx_word' id='word_1_368' title='bbox 3049 685 3186 753; x_wconf 87' lang='lat' dir='ltr'><strong>ligna</strong></span> <span class='ocrx_word' id='word_1_369' title='bbox 3244 685 3352 739; x_wconf 81' lang='lat' dir='ltr'><strong>ha‘c</strong></span> 
     </span>
    </p>
   </div>
   <div class='ocr_carea' id='block_1_51' title="bbox 1799 774 3351 844">
    <p class='ocr_par' dir='ltr' id='par_1_51' title="bbox 1799 774 3351 844">
     <span class='ocr_line' id='line_1_51' title="bbox 1799 774 3351 844; baseline 0.003 -21"><span class='ocrx_word' id='word_1_370' title='bbox 1799 774 2017 840; x_wconf 64' lang='lat' dir='ltr'><strong>faciant,</strong></span> <span class='ocrx_word' id='word_1_371' title='bbox 2051 777 2102 827; x_wconf 89' lang='lat' dir='ltr'><strong>in</strong></span> <span class='ocrx_word' id='word_1_372' title='bbox 2135 777 2263 827; x_wconf 68' lang='grc' dir='ltr'><strong><em>δὶα-ο</em></strong></span> <span class='ocrx_word' id='word_1_373' title='bbox 2297 776 2420 844; x_wconf 84' lang='lat' dir='ltr'><strong>quid</strong></span> <span class='ocrx_word' id='word_1_374' title='bbox 2451 774 2535 840; x_wconf 77' lang='lat' dir='ltr'><strong>[iet</strong></span> <span class='ocrx_word' id='word_1_375' title='bbox 2560 777 2641 829; x_wconf 58' lang='lat'><strong>5‘?</strong></span> <span class='ocrx_word' id='word_1_376' title='bbox 2676 776 2981 835; x_wconf 91' lang='lat' dir='ltr'><strong>humidum,</strong></span> <span class='ocrx_word' id='word_1_377' title='bbox 3008 775 3110 827; x_wconf 88' lang='lat' dir='ltr'><strong>hoc</strong></span> <span class='ocrx_word' id='word_1_378' title='bbox 3126 784 3209 827; x_wconf 88' lang='lat' dir='ltr'><strong>est</strong></span> <span class='ocrx_word' id='word_1_379' title='bbox 3228 775 3351 829; x_wconf 75' lang='lat' dir='ltr'><strong>vita:</strong></span> 
     </span>
    </p>
   </div>
   <div class='ocr_carea' id='block_1_52' title="bbox 1800 860 3350 931">
    <p class='ocr_par' dir='ltr' id='par_1_52' title="bbox 1800 860 3350 931">
     <span class='ocr_line' id='line_1_52' title="bbox 1800 860 3350 931; baseline 0.001 -17"><span class='ocrx_word' id='word_1_380' title='bbox 1800 860 2026 929; x_wconf 78' lang='lat' dir='ltr'><strong>lignum,</strong></span> <span class='ocrx_word' id='word_1_381' title='bbox 2062 864 2299 931; x_wconf 79' lang='lat' dir='ltr'><strong>seipsum</strong></span> <span class='ocrx_word' id='word_1_382' title='bbox 2356 880 2555 915; x_wconf 82' lang='lat' dir='ltr'><strong>vocans</strong></span> <span class='ocrx_word' id='word_1_383' title='bbox 2612 865 2911 926; x_wconf 85' lang='lat' dir='ltr'><strong>Dominus;</strong></span> <span class='ocrx_word' id='word_1_384' title='bbox 2979 864 3121 917; x_wconf 87' lang='lat' dir='ltr'><strong>sicea</strong></span> <span class='ocrx_word' id='word_1_385' title='bbox 3170 874 3350 915; x_wconf 87' lang='lat' dir='ltr'><strong>autem</strong></span> 
     </span>
    </p>
   </div>
   <div class='ocr_carea' id='block_1_53' title="bbox 1800 951 3349 1022">
    <p class='ocr_par' dir='ltr' id='par_1_53' title="bbox 1800 951 3349 1022">
     <span class='ocr_line' id='line_1_53' title="bbox 1800 951 3349 1022; baseline 0 -19"><span class='ocrx_word' id='word_1_386' title='bbox 1800 951 1942 1019; x_wconf 82' lang='lat' dir='ltr'><strong>ligna</strong></span> <span class='ocrx_word' id='word_1_387' title='bbox 1984 964 2041 1006; x_wconf 88' lang='lat' dir='ltr'><strong>et</strong></span> <span class='ocrx_word' id='word_1_388' title='bbox 2094 954 2409 1021; x_wconf 76' lang='lat' dir='ltr'><strong>inl&#39;rugilera</strong></span> <span class='ocrx_word' id='word_1_389' title='bbox 2460 964 2513 1005; x_wconf 87' lang='lat' dir='ltr'><strong>et</strong></span> <span class='ocrx_word' id='word_1_390' title='bbox 2575 955 2852 1005; x_wconf 88' lang='lat' dir='ltr'><strong>materiam</strong></span> <span class='ocrx_word' id='word_1_391' title='bbox 2910 954 3070 1022; x_wconf 81' lang='lat' dir='ltr'><strong>ignis,</strong></span> <span class='ocrx_word' id='word_1_392' title='bbox 3115 952 3349 1006; x_wconf 68' lang='lat' dir='ltr'><strong>Judzeos.</strong></span> 
     </span>
    </p>
   </div>
   <div class='ocr_carea' id='block_1_54' title="bbox 1801 1041 3357 1112">
    <p class='ocr_par' dir='ltr' id='par_1_54' title="bbox 1801 1041 3357 1112">
     <span class='ocr_line' id='line_1_54' title="bbox 1801 1041 3357 1112; baseline 0.001 -19"><span class='ocrx_word' id='word_1_393' title='bbox 1801 1041 1953 1106; x_wconf 86' lang='lat' dir='ltr'><strong>Quod</strong></span> <span class='ocrx_word' id='word_1_394' title='bbox 1992 1045 2034 1096; x_wconf 92' lang='lat' dir='ltr'><strong>si</strong></span> <span class='ocrx_word' id='word_1_395' title='bbox 2065 1043 2200 1096; x_wconf 92' lang='lat' dir='ltr'><strong>velis</strong></span> <span class='ocrx_word' id='word_1_396' title='bbox 2223 1043 2384 1096; x_wconf 90' lang='lat' dir='ltr'><strong>etiam</strong></span> <span class='ocrx_word' id='word_1_397' title='bbox 2412 1044 2551 1096; x_wconf 88' lang='lat' dir='ltr'><strong>scire</strong></span> <span class='ocrx_word' id='word_1_398' title='bbox 2584 1058 2709 1095; x_wconf 88' lang='lat' dir='ltr'><strong>eum</strong></span> <span class='ocrx_word' id='word_1_399' title='bbox 2740 1059 2857 1095; x_wconf 80' lang='lat' dir='ltr'><strong>esse</strong></span> <span class='ocrx_word' id='word_1_400' title='bbox 2894 1043 2947 1095; x_wconf 91' lang='lat' dir='ltr'><strong>in</strong></span> <span class='ocrx_word' id='word_1_401' title='bbox 2986 1042 3166 1097; x_wconf 89' lang='lat' dir='ltr'><strong>medio</strong></span> <span class='ocrx_word' id='word_1_402' title='bbox 3198 1057 3357 1112; x_wconf 84' lang='lat' dir='ltr'><strong>para-</strong></span> 
     </span>
    </p>
   </div>
   <div class='ocr_carea' id='block_1_55' title="bbox 1804 1134 3357 1204">
    <p class='ocr_par' dir='ltr' id='par_1_55' title="bbox 1804 1134 3357 1204">
     <span class='ocr_line' id='line_1_55' title="bbox 1804 1134 3357 1204; baseline 0 -17"><span class='ocrx_word' id='word_1_403' title='bbox 1804 1135 1905 1188; x_wconf 83' lang='lat' dir='ltr'><strong>disi</strong></span> <span class='ocrx_word' id='word_1_404' title='bbox 1935 1136 2209 1197; x_wconf 71' lang='lat' dir='ltr'><strong>Ecclesiae,</strong></span> <span class='ocrx_word' id='word_1_405' title='bbox 2244 1135 2369 1188; x_wconf 88' lang='lat' dir='ltr'><strong>audi</strong></span> <span class='ocrx_word' id='word_1_406' title='bbox 2400 1153 2521 1188; x_wconf 86' lang='lat' dir='ltr'><strong>eum</strong></span> <span class='ocrx_word' id='word_1_407' title='bbox 2555 1137 2829 1189; x_wconf 77' lang='lat' dir='ltr'><strong>dicentem</strong></span> <span class='ocrx_word' id='word_1_408' title='bbox 2870 1136 3153 1204; x_wconf 89' lang='lat' dir='ltr'><strong>discipulis</strong></span> <span class='ocrx_word' id='word_1_409' title='bbox 3183 1154 3194 1188; x_wconf 92' lang='lat'><strong>:</strong></span> <span class='ocrx_word' id='word_1_410' title='bbox 3245 1134 3357 1204; x_wconf 84' lang='lat' dir='ltr'><strong>Ego</strong></span> 
     </span>
    </p>
   </div>
   <div class='ocr_carea' id='block_1_56' title="bbox 1801 1218 3415 1297">
    <p class='ocr_par' dir='ltr' id='par_1_56' title="bbox 1801 1218 3415 1297">
     <span class='ocr_line' id='line_1_56' title="bbox 1801 1218 3415 1297; baseline 0.001 -20"><span class='ocrx_word' id='word_1_411' title='bbox 1801 1242 1915 1279; x_wconf 87' lang='lat' dir='ltr'><strong>sum</strong></span> <span class='ocrx_word' id='word_1_412' title='bbox 1939 1229 1990 1279; x_wconf 88' lang='lat' dir='ltr'><strong>in</strong></span> <span class='ocrx_word' id='word_1_413' title='bbox 2011 1229 2176 1280; x_wconf 83' lang='lat' dir='ltr'><strong>medio</strong></span> <span class='ocrx_word' id='word_1_414' title='bbox 2191 1235 2417 1280; x_wconf 86' lang='lat' dir='ltr'><strong>vestrum</strong></span> <span class='ocrx_word' id='word_1_415' title='bbox 2442 1237 2690 1296; x_wconf 76' lang='lat' dir='ltr'><strong>Umquam</strong></span> <span class='ocrx_word' id='word_1_416' title='bbox 2717 1231 2804 1297; x_wconf 86' lang='lat' dir='ltr'><strong>qui</strong></span> <span class='ocrx_word' id='word_1_417' title='bbox 2829 1230 3091 1281; x_wconf 85' lang='lat' dir='ltr'><strong>ministrat</strong></span> <span class='ocrx_word' id='word_1_418' title='bbox 3110 1230 3175 1280; x_wconf 79' lang='lat'><strong>&quot;.</strong></span> <span class='ocrx_word' id='word_1_419' title='bbox 3202 1228 3358 1283; x_wconf 82' lang='lat' dir='ltr'><strong>Unde.</strong></span> <span class='ocrx_word' id='word_1_420' title='bbox 3412 1218 3415 1219; x_wconf 14' lang='grc' dir='ltr'><em>ν</em></span> 
     </span>
    </p>
   </div>
   <div class='ocr_carea' id='block_1_57' title="bbox 1802 1318 3357 1372">
    <p class='ocr_par' dir='ltr' id='par_1_57' title="bbox 1802 1318 3357 1372">
     <span class='ocr_line' id='line_1_57' title="bbox 1802 1318 3357 1372; baseline -0.003 -1"><span class='ocrx_word' id='word_1_421' title='bbox 1802 1319 1966 1372; x_wconf 88' lang='lat' dir='ltr'><strong>etiam</strong></span> <span class='ocrx_word' id='word_1_422' title='bbox 2002 1318 2238 1372; x_wconf 84' lang='lat' dir='ltr'><strong>Joannes</strong></span> <span class='ocrx_word' id='word_1_423' title='bbox 2270 1318 2486 1371; x_wconf 85' lang='lat' dir='ltr'><strong>dicebat</strong></span> <span class='ocrx_word' id='word_1_424' title='bbox 2508 1320 2683 1372; x_wconf 84' lang='lat' dir='ltr'><strong>turbis</strong></span> <span class='ocrx_word' id='word_1_425' title='bbox 2714 1338 2725 1371; x_wconf 91' lang='lat'>:</span> <span class='ocrx_word' id='word_1_426' title='bbox 2764 1320 2959 1372; x_wconf 76' lang='lat' dir='ltr'><strong>Medius</strong></span> <span class='ocrx_word' id='word_1_427' title='bbox 2995 1328 3221 1371; x_wconf 78' lang='lat' dir='ltr'><strong>vestrum</strong></span> <span class='ocrx_word' id='word_1_428' title='bbox 3252 1326 3357 1370; x_wconf 88' lang='lat' dir='ltr'><strong>stat</strong></span> 
     </span>
    </p>
   </div>
   <div class='ocr_carea' id='block_1_58' title="bbox 1806 1393 3401 1477">
    <p class='ocr_par' dir='ltr' id='par_1_58' title="bbox 1806 1393 3401 1477">
     <span class='ocr_line' id='line_1_58' title="bbox 1806 1393 3401 1477; baseline 0 -18"><span class='ocrx_word' id='word_1_429' title='bbox 1806 1425 1958 1477; x_wconf 76' lang='lat' dir='ltr'><strong>quem</strong></span> <span class='ocrx_word' id='word_1_430' title='bbox 1987 1426 2073 1461; x_wconf 83' lang='lat' dir='ltr'><strong>vos</strong></span> <span class='ocrx_word' id='word_1_431' title='bbox 2106 1411 2309 1462; x_wconf 73' lang='lat' dir='ltr'><strong>nescitis</strong></span> <span class='ocrx_word' id='word_1_432' title='bbox 2343 1410 2407 1461; x_wconf 84' lang='grc'><strong>⁵³.</strong></span> <span class='ocrx_word' id='word_1_433' title='bbox 2438 1410 2539 1473; x_wconf 77' lang='lat' dir='ltr'><strong>Qui</strong></span> <span class='ocrx_word' id='word_1_434' title='bbox 2571 1412 2721 1462; x_wconf 88' lang='lat' dir='ltr'><strong>stetit</strong></span> <span class='ocrx_word' id='word_1_435' title='bbox 2749 1412 2798 1463; x_wconf 90' lang='lat' dir='ltr'><strong>in</strong></span> <span class='ocrx_word' id='word_1_436' title='bbox 2842 1410 3021 1463; x_wconf 92' lang='lat' dir='ltr'><strong>medio</strong></span> <span class='ocrx_word' id='word_1_437' title='bbox 3058 1408 3359 1474; x_wconf 83' lang='lat' dir='ltr'><strong>discipulo-</strong></span> <span class='ocrx_word' id='word_1_438' title='bbox 3380 1393 3401 1399; x_wconf 25' lang='lat' dir='ltr'>ﬂ</span> 
     </span>
    </p>
   </div>
   <div class='ocr_carea' id='block_1_59' title="bbox 1806 1500 3361 1570">
    <p class='ocr_par' dir='ltr' id='par_1_59' title="bbox 1806 1500 3361 1570">
     <span class='ocr_line' id='line_1_59' title="bbox 1806 1500 3361 1570; baseline -0.001 -17"><span class='ocrx_word' id='word_1_439' title='bbox 1806 1502 2055 1570; x_wconf 88' lang='lat' dir='ltr'><strong>pulorum</strong></span> <span class='ocrx_word' id='word_1_440' title='bbox 2095 1512 2144 1554; x_wconf 89' lang='lat' dir='ltr'><strong>et</strong></span> <span class='ocrx_word' id='word_1_441' title='bbox 2206 1503 2495 1555; x_wconf 74' lang='lat' dir='ltr'><strong>insuﬂlavit</strong></span> <span class='ocrx_word' id='word_1_442' title='bbox 2536 1503 2762 1556; x_wconf 69' lang='lat' dir='ltr'><strong>dicens:</strong></span> <span class='ocrx_word' id='word_1_443' title='bbox 2825 1504 3048 1569; x_wconf 68' lang='lat' dir='ltr'><strong>Arripite</strong></span> <span class='ocrx_word' id='word_1_444' title='bbox 3106 1500 3361 1569; x_wconf 85' lang='lat' dir='ltr'><strong>Spiritum</strong></span> 
     </span>
    </p>
   </div>
   <div class='ocr_carea' id='block_1_60' title="bbox 1805 1591 3359 1664">
    <p class='ocr_par' dir='ltr' id='par_1_60' title="bbox 1805 1591 3359 1664">
     <span class='ocr_line' id='line_1_60' title="bbox 1805 1591 3359 1664; baseline -0.001 -19"><span class='ocrx_word' id='word_1_445' title='bbox 1805 1603 2041 1647; x_wconf 78' lang='lat' dir='ltr'><strong>sanetum</strong></span> <span class='ocrx_word' id='word_1_446' title='bbox 2076 1594 2142 1657; x_wconf 63' lang='grc'><strong>⁵⁸,</strong></span> <span class='ocrx_word' id='word_1_447' title='bbox 2170 1604 2534 1664; x_wconf 81' lang='lat' dir='ltr'><strong>Congruenter</strong></span> <span class='ocrx_word' id='word_1_448' title='bbox 2564 1596 2611 1648; x_wconf 81' lang='lat' dir='ltr'><strong>ei</strong></span> <span class='ocrx_word' id='word_1_449' title='bbox 2637 1594 2781 1663; x_wconf 90' lang='lat' dir='ltr'><strong>quod</strong></span> <span class='ocrx_word' id='word_1_450' title='bbox 2820 1594 3025 1646; x_wconf 84' lang='lat' dir='ltr'><strong>dictum</strong></span> <span class='ocrx_word' id='word_1_451' title='bbox 3060 1600 3143 1646; x_wconf 90' lang='lat' dir='ltr'><strong>est</strong></span> <span class='ocrx_word' id='word_1_452' title='bbox 3175 1610 3187 1643; x_wconf 89' lang='lat'><strong>:</strong></span> <span class='ocrx_word' id='word_1_453' title='bbox 3224 1591 3359 1644; x_wconf 86' lang='lat' dir='ltr'><strong>Deus</strong></span> 
     </span>
    </p>
   </div>
   <div class='ocr_carea' id='block_1_61' title="bbox 1805 1672 3383 1757">
    <p class='ocr_par' dir='ltr' id='par_1_61' title="bbox 1805 1672 3383 1757">
     <span class='ocr_line' id='line_1_61' title="bbox 1805 1672 3383 1757; baseline -0.001 -19"><span class='ocrx_word' id='word_1_454' title='bbox 1805 1688 1942 1739; x_wconf 78' lang='lat' dir='ltr'><strong>stetit</strong></span> <span class='ocrx_word' id='word_1_455' title='bbox 1966 1688 2016 1739; x_wconf 89' lang='lat' dir='ltr'><strong>in</strong></span> <span class='ocrx_word' id='word_1_456' title='bbox 2037 1704 2301 1757; x_wconf 78' lang='lat' dir='ltr'><strong>synagoga</strong></span> <span class='ocrx_word' id='word_1_457' title='bbox 2339 1688 2576 1748; x_wconf 86' lang='lat' dir='ltr'><strong>deorum,</strong></span> <span class='ocrx_word' id='word_1_458' title='bbox 2610 1688 2663 1739; x_wconf 85' lang='lat' dir='ltr'><strong>in</strong></span> <span class='ocrx_word' id='word_1_459' title='bbox 2701 1687 2865 1739; x_wconf 83' lang='lat' dir='ltr'><strong>medio</strong></span> <span class='ocrx_word' id='word_1_460' title='bbox 2903 1694 3080 1738; x_wconf 83' lang='lat' dir='ltr'><strong>autem</strong></span> <span class='ocrx_word' id='word_1_461' title='bbox 3121 1684 3239 1737; x_wconf 85' lang='lat' dir='ltr'><strong>deos</strong></span> <span class='ocrx_word' id='word_1_462' title='bbox 3283 1672 3383 1737; x_wconf 58' lang='lat' dir='ltr'><strong>di:</strong></span> 
     </span>
    </p>
   </div>
   <div class='ocr_carea' id='block_1_62' title="bbox 1799 1777 3363 1846">
    <p class='ocr_par' dir='ltr' id='par_1_62' title="bbox 1799 1777 3363 1846">
     <span class='ocr_line' id='line_1_62' title="bbox 1799 1777 3363 1846; baseline 0.001 -17"><span class='ocrx_word' id='word_1_463' title='bbox 1799 1779 2006 1846; x_wconf 80' lang='lat' dir='ltr'><strong>judicat</strong></span> <span class='ocrx_word' id='word_1_464' title='bbox 2033 1779 2076 1808; x_wconf 81' lang='grc'><strong>⁸⁵</strong></span> <span class='ocrx_word' id='word_1_465' title='bbox 2105 1795 2120 1841; x_wconf 87' lang='lat'><strong>;</strong></span> <span class='ocrx_word' id='word_1_466' title='bbox 2152 1779 2245 1846; x_wconf 91' lang='lat' dir='ltr'><strong>qui</strong></span> <span class='ocrx_word' id='word_1_467' title='bbox 2272 1787 2356 1831; x_wconf 90' lang='lat' dir='ltr'><strong>est</strong></span> <span class='ocrx_word' id='word_1_468' title='bbox 2385 1779 2642 1830; x_wconf 81' lang='lat' dir='ltr'><strong>mediator</strong></span> <span class='ocrx_word' id='word_1_469' title='bbox 2685 1777 2775 1829; x_wconf 74' lang='lat' dir='ltr'><strong>Dei</strong></span> <span class='ocrx_word' id='word_1_470' title='bbox 2811 1785 2856 1828; x_wconf 83' lang='lat' dir='ltr'><strong>et</strong></span> <span class='ocrx_word' id='word_1_471' title='bbox 2891 1777 3154 1829; x_wconf 87' lang='lat' dir='ltr'><strong>hominum</strong></span> <span class='ocrx_word' id='word_1_472' title='bbox 3197 1777 3263 1835; x_wconf 84' lang='lat'><strong>&quot;.</strong></span> <span class='ocrx_word' id='word_1_473' title='bbox 3307 1787 3363 1831; x_wconf 90' lang='lat' dir='ltr'><strong>ct</strong></span> 
     </span>
    </p>
   </div>
   <div class='ocr_carea' id='block_1_63' title="bbox 1734 1852 3358 1934">
    <p class='ocr_par' dir='ltr' id='par_1_63' title="bbox 1734 1852 3358 1934">
     <span class='ocr_line' id='line_1_63' title="bbox 1734 1852 3358 1934; baseline -0.002 -15"><span class='ocrx_word' id='word_1_474' title='bbox 1734 1852 1774 1905; x_wconf 70' lang='grc' dir='ltr'><strong>Β</strong></span> <span class='ocrx_word' id='word_1_475' title='bbox 1809 1867 1937 1920; x_wconf 88' lang='lat' dir='ltr'><strong>fecit</strong></span> <span class='ocrx_word' id='word_1_476' title='bbox 1962 1867 2191 1921; x_wconf 89' lang='lat' dir='ltr'><strong>salutem</strong></span> <span class='ocrx_word' id='word_1_477' title='bbox 2224 1868 2277 1919; x_wconf 93' lang='lat' dir='ltr'><strong>in</strong></span> <span class='ocrx_word' id='word_1_478' title='bbox 2301 1867 2482 1920; x_wconf 90' lang='lat' dir='ltr'><strong>medio</strong></span> <span class='ocrx_word' id='word_1_479' title='bbox 2506 1875 2666 1920; x_wconf 67' lang='lat' dir='ltr'><strong>terra:</strong></span> <span class='ocrx_word' id='word_1_480' title='bbox 2696 1883 2709 1930; x_wconf 90' lang='lat'><strong>;</strong></span> <span class='ocrx_word' id='word_1_481' title='bbox 2738 1866 2830 1934; x_wconf 88' lang='lat' dir='ltr'><strong>qui</strong></span> <span class='ocrx_word' id='word_1_482' title='bbox 2853 1874 2935 1918; x_wconf 90' lang='lat' dir='ltr'><strong>est</strong></span> <span class='ocrx_word' id='word_1_483' title='bbox 2965 1865 3167 1934; x_wconf 77' lang='lat' dir='ltr'><strong>lignum</strong></span> <span class='ocrx_word' id='word_1_484' title='bbox 3202 1865 3358 1917; x_wconf 62' lang='lat' dir='ltr'><strong>vitae:</strong></span> 
     </span>
    </p>
   </div>
   <div class='ocr_carea' id='block_1_64' title="bbox 1812 1955 3361 2028">
    <p class='ocr_par' dir='ltr' id='par_1_64' title="bbox 1812 1955 3361 2028">
     <span class='ocr_line' id='line_1_64' title="bbox 1812 1955 3361 2028; baseline -0.001 -18"><span class='ocrx_word' id='word_1_485' title='bbox 1812 1959 1955 2012; x_wconf 91' lang='lat' dir='ltr'><strong>unde</strong></span> <span class='ocrx_word' id='word_1_486' title='bbox 1988 1969 2067 2027; x_wconf 72' lang='lat' dir='ltr'><strong>(ut</strong></span> <span class='ocrx_word' id='word_1_487' title='bbox 2098 1959 2241 2028; x_wconf 89' lang='lat' dir='ltr'><strong>quod</strong></span> <span class='ocrx_word' id='word_1_488' title='bbox 2277 1961 2347 2011; x_wconf 92' lang='lat' dir='ltr'><strong>sit</strong></span> <span class='ocrx_word' id='word_1_489' title='bbox 2372 1960 2610 2012; x_wconf 87' lang='lat' dir='ltr'><strong>incrcata</strong></span> <span class='ocrx_word' id='word_1_490' title='bbox 2639 1960 2757 2026; x_wconf 88' lang='lat' dir='ltr'><strong>ejus</strong></span> <span class='ocrx_word' id='word_1_491' title='bbox 2784 1955 3060 2025; x_wconf 78' lang='lat' dir='ltr'><strong>divinitas)</strong></span> <span class='ocrx_word' id='word_1_492' title='bbox 3100 1955 3224 2009; x_wconf 91' lang='lat' dir='ltr'><strong>ideo</strong></span> <span class='ocrx_word' id='word_1_493' title='bbox 3256 1971 3361 2008; x_wconf 92' lang='lat' dir='ltr'><strong>non</strong></span> 
     </span>
    </p>
   </div>
   <div class='ocr_carea' id='block_1_65' title="bbox 1810 2050 3363 2121">
    <p class='ocr_par' dir='ltr' id='par_1_65' title="bbox 1810 2050 3363 2121">
     <span class='ocr_line' id='line_1_65' title="bbox 1810 2050 3363 2121; baseline 0 -18"><span class='ocrx_word' id='word_1_494' title='bbox 1810 2051 1943 2105; x_wconf 82' lang='lat' dir='ltr'><strong>dicit</strong></span> <span class='ocrx_word' id='word_1_495' title='bbox 1973 2068 2098 2105; x_wconf 88' lang='lat' dir='ltr'><strong>eum</strong></span> <span class='ocrx_word' id='word_1_496' title='bbox 2130 2052 2437 2121; x_wconf 72' lang='lat' dir='ltr'><strong>cumlignis</strong></span> <span class='ocrx_word' id='word_1_497' title='bbox 2486 2053 2935 2119; x_wconf 74' lang='lat' dir='ltr'><strong>conqilantatum,</strong></span> <span class='ocrx_word' id='word_1_498' title='bbox 2993 2050 3086 2103; x_wconf 88' lang='lat' dir='ltr'><strong>sed</strong></span> <span class='ocrx_word' id='word_1_499' title='bbox 3139 2066 3257 2103; x_wconf 84' lang='lat' dir='ltr'><strong>esse</strong></span> <span class='ocrx_word' id='word_1_500' title='bbox 3308 2050 3363 2103; x_wconf 91' lang='lat' dir='ltr'><strong>in</strong></span> 
     </span>
    </p>
   </div>
   <div class='ocr_carea' id='block_1_66' title="bbox 1811 2142 3363 2212">
    <p class='ocr_par' dir='ltr' id='par_1_66' title="bbox 1811 2142 3363 2212">
     <span class='ocr_line' id='line_1_66' title="bbox 1811 2142 3363 2212; baseline 0.001 -18"><span class='ocrx_word' id='word_1_501' title='bbox 1811 2142 1990 2196; x_wconf 90' lang='lat' dir='ltr'><strong>medio</strong></span> <span class='ocrx_word' id='word_1_502' title='bbox 2026 2144 2283 2212; x_wconf 85' lang='lat' dir='ltr'><strong>paradisi.</strong></span> <span class='ocrx_word' id='word_1_503' title='bbox 2333 2142 2597 2196; x_wconf 88' lang='lat' dir='ltr'><strong>Similiter</strong></span> <span class='ocrx_word' id='word_1_504' title='bbox 2635 2152 2690 2195; x_wconf 80' lang='lat' dir='ltr'><strong>et</strong></span> <span class='ocrx_word' id='word_1_505' title='bbox 2730 2144 2951 2195; x_wconf 91' lang='lat' dir='ltr'><strong>malum.</strong></span> <span class='ocrx_word' id='word_1_506' title='bbox 3011 2142 3140 2196; x_wconf 89' lang='lat' dir='ltr'><strong>Dico</strong></span> <span class='ocrx_word' id='word_1_507' title='bbox 3183 2152 3363 2195; x_wconf 87' lang='lat' dir='ltr'><strong>:mtem</strong></span> 
     </span>
    </p>
   </div>
   <div class='ocr_carea' id='block_1_67' title="bbox 1812 2234 3365 2305">
    <p class='ocr_par' dir='ltr' id='par_1_67' title="bbox 1812 2234 3365 2305">
     <span class='ocr_line' id='line_1_67' title="bbox 1812 2234 3365 2305; baseline 0.001 -19"><span class='ocrx_word' id='word_1_508' title='bbox 1812 2234 1939 2287; x_wconf 93' lang='lat' dir='ltr'><strong>boni</strong></span> <span class='ocrx_word' id='word_1_509' title='bbox 1975 2234 2212 2287; x_wconf 89' lang='lat' dir='ltr'><strong>medium</strong></span> <span class='ocrx_word' id='word_1_510' title='bbox 2248 2235 2451 2303; x_wconf 84' lang='lat' dir='ltr'><strong>lignum</strong></span> <span class='ocrx_word' id='word_1_511' title='bbox 2490 2234 2849 2298; x_wconf 85' lang='lat' dir='ltr'><strong>mortiferum,</strong></span> <span class='ocrx_word' id='word_1_512' title='bbox 2886 2236 3221 2305; x_wconf 76' lang='lat' dir='ltr'><strong>cognoscendi</strong></span> <span class='ocrx_word' id='word_1_513' title='bbox 3247 2236 3365 2289; x_wconf 90' lang='lat' dir='ltr'><strong>boni</strong></span> 
     </span>
    </p>
   </div>
   <div class='ocr_carea' id='block_1_68' title="bbox 1810 2325 3368 2394">
    <p class='ocr_par' dir='ltr' id='par_1_68' title="bbox 1810 2325 3368 2394">
     <span class='ocr_line' id='line_1_68' title="bbox 1810 2325 3368 2394; baseline 0.002 -16"><span class='ocrx_word' id='word_1_514' title='bbox 1810 2336 1857 2378; x_wconf 84' lang='lat' dir='ltr'><strong>et</strong></span> <span class='ocrx_word' id='word_1_515' title='bbox 1879 2325 2027 2388; x_wconf 88' lang='lat' dir='ltr'><strong>mali,</strong></span> <span class='ocrx_word' id='word_1_516' title='bbox 2087 2337 2372 2393; x_wconf 86' lang='lat' dir='ltr'><strong>propterea</strong></span> <span class='ocrx_word' id='word_1_517' title='bbox 2428 2326 2572 2394; x_wconf 89' lang='lat' dir='ltr'><strong>quod</strong></span> <span class='ocrx_word' id='word_1_518' title='bbox 2620 2326 2732 2394; x_wconf 90' lang='lat' dir='ltr'><strong>ipse</strong></span> <span class='ocrx_word' id='word_1_519' title='bbox 2767 2326 2835 2378; x_wconf 89' lang='lat' dir='ltr'><strong>sit</strong></span> <span class='ocrx_word' id='word_1_520' title='bbox 2867 2326 3097 2380; x_wconf 72' lang='lat' dir='ltr'><strong>diversae</strong></span> <span class='ocrx_word' id='word_1_521' title='bbox 3116 2326 3368 2381; x_wconf 62' lang='lat' dir='ltr'><strong>essentia)</strong></span> 
     </span>
    </p>
   </div>
   <div class='ocr_carea' id='block_1_69' title="bbox 1811 2417 3367 2485">
    <p class='ocr_par' dir='ltr' id='par_1_69' title="bbox 1811 2417 3367 2485">
     <span class='ocr_line' id='line_1_69' title="bbox 1811 2417 3367 2485; baseline -0.002 -13"><span class='ocrx_word' id='word_1_522' title='bbox 1811 2419 1880 2472; x_wconf 89' lang='lat' dir='ltr'><strong>ab</strong></span> <span class='ocrx_word' id='word_1_523' title='bbox 1908 2418 2142 2470; x_wconf 87' lang='lat' dir='ltr'><strong>lmmana</strong></span> <span class='ocrx_word' id='word_1_524' title='bbox 2168 2425 2359 2471; x_wconf 90' lang='lat' dir='ltr'><strong>natura</strong></span> <span class='ocrx_word' id='word_1_525' title='bbox 2393 2417 2609 2470; x_wconf 88' lang='lat' dir='ltr'><strong>illorum</strong></span> <span class='ocrx_word' id='word_1_526' title='bbox 2635 2417 2904 2485; x_wconf 88' lang='lat' dir='ltr'><strong>lignorum</strong></span> <span class='ocrx_word' id='word_1_527' title='bbox 2945 2433 3063 2484; x_wconf 67' lang='lat' dir='ltr'><strong>qua’.</strong></span> <span class='ocrx_word' id='word_1_528' title='bbox 3105 2417 3367 2471; x_wconf 90' lang='lat' dir='ltr'><strong>dicuntur</strong></span> 
     </span>
    </p>
   </div>
   <div class='ocr_carea' id='block_1_70' title="bbox 1812 2508 3366 2580">
    <p class='ocr_par' dir='ltr' id='par_1_70' title="bbox 1812 2508 3366 2580">
     <span class='ocr_line' id='line_1_70' title="bbox 1812 2508 3366 2580; baseline -0.001 -17"><span class='ocrx_word' id='word_1_529' title='bbox 1812 2510 2062 2580; x_wconf 86' lang='lat' dir='ltr'><strong>pulchra.</strong></span> <span class='ocrx_word' id='word_1_530' title='bbox 2096 2510 2165 2562; x_wconf 72' lang='lat' dir='ltr'><strong>lla</strong></span> <span class='ocrx_word' id='word_1_531' title='bbox 2189 2510 2256 2561; x_wconf 87' lang='lat' dir='ltr'><strong>de</strong></span> <span class='ocrx_word' id='word_1_532' title='bbox 2287 2524 2448 2561; x_wconf 89' lang='lat' dir='ltr'><strong>causa</strong></span> <span class='ocrx_word' id='word_1_533' title='bbox 2486 2509 2537 2561; x_wconf 92' lang='lat' dir='ltr'><strong>in</strong></span> <span class='ocrx_word' id='word_1_534' title='bbox 2565 2519 2716 2560; x_wconf 79' lang='lat' dir='ltr'><strong>sexto</strong></span> <span class='ocrx_word' id='word_1_535' title='bbox 2745 2525 2868 2560; x_wconf 77' lang='lat' dir='ltr'><strong>casu</strong></span> <span class='ocrx_word' id='word_1_536' title='bbox 2923 2525 2985 2561; x_wconf 89' lang='lat' dir='ltr'><strong>ea</strong></span> <span class='ocrx_word' id='word_1_537' title='bbox 3036 2508 3169 2561; x_wconf 81' lang='lat' dir='ltr'><strong>dicit</strong></span> <span class='ocrx_word' id='word_1_538' title='bbox 3217 2508 3366 2562; x_wconf 82' lang='lat' dir='ltr'><strong>Scri-</strong></span> 
     </span>
    </p>
   </div>
   <div class='ocr_carea' id='block_1_71' title="bbox 1811 2598 3371 2670">
    <p class='ocr_par' dir='ltr' id='par_1_71' title="bbox 1811 2598 3371 2670">
     <span class='ocr_line' id='line_1_71' title="bbox 1811 2598 3371 2670; baseline -0.001 -17"><span class='ocrx_word' id='word_1_539' title='bbox 1811 2611 1970 2670; x_wconf 87' lang='lat' dir='ltr'><strong>ptura</strong></span> <span class='ocrx_word' id='word_1_540' title='bbox 2009 2602 2201 2654; x_wconf 83' lang='lat' dir='ltr'><strong>essein</strong></span> <span class='ocrx_word' id='word_1_541' title='bbox 2231 2604 2397 2653; x_wconf 86' lang='lat' dir='ltr'><strong>medio</strong></span> <span class='ocrx_word' id='word_1_542' title='bbox 2452 2601 2720 2668; x_wconf 78' lang='lat' dir='ltr'><strong>paradisi;</strong></span> <span class='ocrx_word' id='word_1_543' title='bbox 2774 2600 2913 2652; x_wconf 87' lang='lat' dir='ltr'><strong>unde</strong></span> <span class='ocrx_word' id='word_1_544' title='bbox 2957 2598 3120 2653; x_wconf 79' lang='lat' dir='ltr'><strong>etiam</strong></span> <span class='ocrx_word' id='word_1_545' title='bbox 3175 2598 3371 2653; x_wconf 89' lang='lat' dir='ltr'><strong>mulier</strong></span> 
     </span>
    </p>
   </div>
   <div class='ocr_carea' id='block_1_72' title="bbox 1812 2690 3371 2760">
    <p class='ocr_par' dir='ltr' id='par_1_72' title="bbox 1812 2690 3371 2760">
     <span class='ocr_line' id='line_1_72' title="bbox 1812 2690 3371 2760; baseline 0 -17"><span class='ocrx_word' id='word_1_546' title='bbox 1812 2707 1934 2743; x_wconf 88' lang='lat' dir='ltr'><strong>cum</strong></span> <span class='ocrx_word' id='word_1_547' title='bbox 1968 2701 2215 2760; x_wconf 84' lang='lat' dir='ltr'><strong>serpente.</strong></span> <span class='ocrx_word' id='word_1_548' title='bbox 2269 2692 2563 2746; x_wconf 83' lang='lat' dir='ltr'><strong>disserens.</strong></span> <span class='ocrx_word' id='word_1_549' title='bbox 2622 2693 2671 2744; x_wconf 87' lang='lat' dir='ltr'><strong>in</strong></span> <span class='ocrx_word' id='word_1_550' title='bbox 2722 2692 2884 2743; x_wconf 83' lang='lat' dir='ltr'><strong>medio</strong></span> <span class='ocrx_word' id='word_1_551' title='bbox 2928 2691 3181 2759; x_wconf 83' lang='lat' dir='ltr'><strong>paradisi,</strong></span> <span class='ocrx_word' id='word_1_552' title='bbox 3232 2690 3371 2743; x_wconf 75' lang='lat' dir='ltr'><strong>dixit</strong></span> 
     </span>
    </p>
   </div>
   <div class='ocr_carea' id='block_1_73' title="bbox 1813 2783 3369 2852">
    <p class='ocr_par' dir='ltr' id='par_1_73' title="bbox 1813 2783 3369 2852">
     <span class='ocr_line' id='line_1_73' title="bbox 1813 2783 3369 2852; baseline 0.001 -17"><span class='ocrx_word' id='word_1_553' title='bbox 1813 2784 2039 2852; x_wconf 79' lang='lat' dir='ltr'><strong>lignlun.</strong></span> <span class='ocrx_word' id='word_1_554' title='bbox 2070 2784 2239 2837; x_wconf 81' lang='lat' dir='ltr'><strong>Media</strong></span> <span class='ocrx_word' id='word_1_555' title='bbox 2270 2795 2449 2835; x_wconf 82' lang='lat' dir='ltr'><strong>autem</strong></span> <span class='ocrx_word' id='word_1_556' title='bbox 2492 2784 2753 2835; x_wconf 87' lang='lat' dir='ltr'><strong>dicuntur</strong></span> <span class='ocrx_word' id='word_1_557' title='bbox 2793 2783 2901 2835; x_wconf 92' lang='lat' dir='ltr'><strong>duo</strong></span> <span class='ocrx_word' id='word_1_558' title='bbox 2939 2783 3079 2852; x_wconf 88' lang='lat' dir='ltr'><strong>ligna</strong></span> <span class='ocrx_word' id='word_1_559' title='bbox 3114 2800 3127 2835; x_wconf 89' lang='lat'><strong>:</strong></span> <span class='ocrx_word' id='word_1_560' title='bbox 3175 2799 3369 2852; x_wconf 90' lang='lat' dir='ltr'><strong>nempe</strong></span> 
     </span>
    </p>
   </div>
   <div class='ocr_carea' id='block_1_74' title="bbox 1812 2875 3366 2945">
    <p class='ocr_par' dir='ltr' id='par_1_74' title="bbox 1812 2875 3366 2945">
     <span class='ocr_line' id='line_1_74' title="bbox 1812 2875 3366 2945; baseline 0.001 -17"><span class='ocrx_word' id='word_1_561' title='bbox 1812 2876 2016 2945; x_wconf 80' lang='lat' dir='ltr'><strong>lignum</strong></span> <span class='ocrx_word' id='word_1_562' title='bbox 2051 2876 2265 2935; x_wconf 78' lang='lat' dir='ltr'><strong>divinze,</strong></span> <span class='ocrx_word' id='word_1_563' title='bbox 2299 2885 2353 2927; x_wconf 86' lang='lat' dir='ltr'><strong>ct</strong></span> <span class='ocrx_word' id='word_1_564' title='bbox 2408 2875 2609 2943; x_wconf 76' lang='lat' dir='ltr'><strong>lignum</strong></span> <span class='ocrx_word' id='word_1_565' title='bbox 2662 2875 2987 2928; x_wconf 78' lang='lat' dir='ltr'><strong>adversaria:</strong></span> <span class='ocrx_word' id='word_1_566' title='bbox 3037 2876 3366 2944; x_wconf 87' lang='lat' dir='ltr'><strong>potestatis;</strong></span> 
     </span>
    </p>
   </div>
   <div class='ocr_carea' id='block_1_75' title="bbox 1812 2966 3370 3039">
    <p class='ocr_par' dir='ltr' id='par_1_75' title="bbox 1812 2966 3370 3039">
     <span class='ocr_line' id='line_1_75' title="bbox 1812 2966 3370 3039; baseline 0.003 -21"><span class='ocrx_word' id='word_1_567' title='bbox 1812 2966 2251 3035; x_wconf 87' lang='lat' dir='ltr'><strong>quandoquidem</strong></span> <span class='ocrx_word' id='word_1_568' title='bbox 2283 2983 2348 3018; x_wconf 77' lang='lat' dir='ltr'><strong>ex</strong></span> <span class='ocrx_word' id='word_1_569' title='bbox 2398 2982 2554 3033; x_wconf 87' lang='lat' dir='ltr'><strong>:equo</strong></span> <span class='ocrx_word' id='word_1_570' title='bbox 2613 2966 2787 3019; x_wconf 71' lang='lat' dir='ltr'><strong>cuivis</strong></span> <span class='ocrx_word' id='word_1_571' title='bbox 2842 2967 3043 3020; x_wconf 86' lang='lat' dir='ltr'><strong>volenti</strong></span> <span class='ocrx_word' id='word_1_572' title='bbox 3109 2970 3370 3039; x_wconf 87' lang='lat' dir='ltr'><strong>concupi-</strong></span> 
     </span>
    </p>
   </div>
   <div class='ocr_carea' id='block_1_76' title="bbox 1812 3057 3368 3127">
    <p class='ocr_par' dir='ltr' id='par_1_76' title="bbox 1812 3057 3368 3127">
     <span class='ocr_line' id='line_1_76' title="bbox 1812 3057 3368 3127; baseline 0.002 -16"><span class='ocrx_word' id='word_1_573' title='bbox 1812 3058 2012 3111; x_wconf 87' lang='lat' dir='ltr'><strong>scenda</strong></span> <span class='ocrx_word' id='word_1_574' title='bbox 2073 3058 2347 3111; x_wconf 75' lang='lat' dir='ltr'><strong>llth&#39;lllltlr</strong></span> <span class='ocrx_word' id='word_1_575' title='bbox 2375 3059 2549 3110; x_wconf 88' lang='lat' dir='ltr'><strong>virtus</strong></span> <span class='ocrx_word' id='word_1_576' title='bbox 2584 3068 2641 3110; x_wconf 91' lang='lat' dir='ltr'><strong>et</strong></span> <span class='ocrx_word' id='word_1_577' title='bbox 2663 3057 2855 3110; x_wconf 84' lang='lat' dir='ltr'><strong>vitium</strong></span> <span class='ocrx_word' id='word_1_578' title='bbox 2888 3068 3105 3127; x_wconf 89' lang='lat' dir='ltr'><strong>propter</strong></span> <span class='ocrx_word' id='word_1_579' title='bbox 3135 3059 3368 3114; x_wconf 89' lang='lat' dir='ltr'><strong>liberum</strong></span> 
     </span>
    </p>
   </div>
   <div class='ocr_carea' id='block_1_77' title="bbox 1816 3151 3371 3220">
    <p class='ocr_par' dir='ltr' id='par_1_77' title="bbox 1816 3151 3371 3220">
     <span class='ocr_line' id='line_1_77' title="bbox 1816 3151 3371 3220; baseline 0.002 -14"><span class='ocrx_word' id='word_1_580' title='bbox 1816 3152 2388 3206; x_wconf 88' lang='lat' dir='ltr'><strong>nostrumarbitrium.</strong></span> <span class='ocrx_word' id='word_1_581' title='bbox 2431 3151 2827 3218; x_wconf 79' lang='lat' dir='ltr'><strong>Etpropterea,</strong></span> <span class='ocrx_word' id='word_1_582' title='bbox 2855 3163 2913 3203; x_wconf 94' lang='lat' dir='ltr'><strong>ut</strong></span> <span class='ocrx_word' id='word_1_583' title='bbox 2960 3152 3174 3220; x_wconf 90' lang='lat' dir='ltr'><strong>opinor,</strong></span> <span class='ocrx_word' id='word_1_584' title='bbox 3228 3154 3371 3209; x_wconf 82' lang='lat' dir='ltr'><strong>Deus</strong></span> 
     </span>
    </p>
   </div>
   <div class='ocr_carea' id='block_1_78' title="bbox 1814 3240 3372 3311">
    <p class='ocr_par' dir='ltr' id='par_1_78' title="bbox 1814 3240 3372 3311">
     <span class='ocr_line' id='line_1_78' title="bbox 1814 3240 3372 3311; baseline 0.002 -14"><span class='ocrx_word' id='word_1_585' title='bbox 1814 3244 1984 3311; x_wconf 80' lang='lat' dir='ltr'><strong>legem</strong></span> <span class='ocrx_word' id='word_1_586' title='bbox 2016 3243 2197 3295; x_wconf 88' lang='lat' dir='ltr'><strong>ferens</strong></span> <span class='ocrx_word' id='word_1_587' title='bbox 2245 3240 2447 3303; x_wconf 88' lang='lat' dir='ltr'><strong>Israeli,</strong></span> <span class='ocrx_word' id='word_1_588' title='bbox 2496 3240 2626 3293; x_wconf 87' lang='lat' dir='ltr'><strong>dicit</strong></span> <span class='ocrx_word' id='word_1_589' title='bbox 2674 3240 2741 3293; x_wconf 92' lang='lat' dir='ltr'><strong>de</strong></span> <span class='ocrx_word' id='word_1_590' title='bbox 2788 3242 3112 3310; x_wconf 85' lang='lat' dir='ltr'><strong>quibusdam</strong></span> <span class='ocrx_word' id='word_1_591' title='bbox 3156 3243 3372 3300; x_wconf 84' lang='lat' dir='ltr'><strong>duobus</strong></span> 
     </span>
    </p>
   </div>
   <div class='ocr_carea' id='block_1_79' title="bbox 1814 3332 3368 3399">
    <p class='ocr_par' dir='ltr' id='par_1_79' title="bbox 1814 3332 3368 3399">
     <span class='ocr_line' id='line_1_79' title="bbox 1814 3332 3368 3399; baseline 0.003 -14"><span class='ocrx_word' id='word_1_592' title='bbox 1814 3332 1974 3397; x_wconf 73' lang='lat' dir='ltr'><strong>lignis</strong></span> <span class='ocrx_word' id='word_1_593' title='bbox 2010 3349 2020 3383; x_wconf 94' lang='lat'><strong>:</strong></span> <span class='ocrx_word' id='word_1_594' title='bbox 2070 3332 2199 3383; x_wconf 77' lang='lat' dir='ltr'><strong>Ecce</strong></span> <span class='ocrx_word' id='word_1_595' title='bbox 2230 3347 2362 3399; x_wconf 88' lang='lat' dir='ltr'><strong>pono</strong></span> <span class='ocrx_word' id='word_1_596' title='bbox 2394 3332 2446 3382; x_wconf 90' lang='lat' dir='ltr'><strong>iu</strong></span> <span class='ocrx_word' id='word_1_597' title='bbox 2480 3332 2645 3383; x_wconf 83' lang='lat' dir='ltr'><strong>medio</strong></span> <span class='ocrx_word' id='word_1_598' title='bbox 2682 3332 2757 3383; x_wconf 90' lang='lat' dir='ltr'><strong>tui</strong></span> <span class='ocrx_word' id='word_1_599' title='bbox 2786 3334 2946 3384; x_wconf 75' lang='lat' dir='ltr'><strong>vitam</strong></span> <span class='ocrx_word' id='word_1_600' title='bbox 2981 3340 3029 3385; x_wconf 86' lang='lat' dir='ltr'><strong>et</strong></span> <span class='ocrx_word' id='word_1_601' title='bbox 3058 3342 3275 3389; x_wconf 82' lang='lat' dir='ltr'><strong>mortem</strong></span> <span class='ocrx_word' id='word_1_602' title='bbox 3302 3336 3368 3388; x_wconf 86' lang='lat'><strong>&quot;.</strong></span> 
     </span>
    </p>
   </div>
   <div class='ocr_carea' id='block_1_80' title="bbox 1813 3421 3371 3495">
    <p class='ocr_par' dir='ltr' id='par_1_80' title="bbox 1813 3421 3371 3495">
     <span class='ocr_line' id='line_1_80' title="bbox 1813 3421 3371 3495; baseline 0.003 -19"><span class='ocrx_word' id='word_1_603' title='bbox 1813 3422 1947 3477; x_wconf 72' lang='lat' dir='ltr'><strong>Vita:</strong></span> <span class='ocrx_word' id='word_1_604' title='bbox 1987 3421 2131 3476; x_wconf 90' lang='lat' dir='ltr'><strong>cnim</strong></span> <span class='ocrx_word' id='word_1_605' title='bbox 2164 3432 2218 3475; x_wconf 91' lang='lat' dir='ltr'><strong>et</strong></span> <span class='ocrx_word' id='word_1_606' title='bbox 2256 3423 2446 3473; x_wconf 90' lang='lat' dir='ltr'><strong>mortis</strong></span> <span class='ocrx_word' id='word_1_607' title='bbox 2475 3431 2631 3475; x_wconf 87' lang='lat' dir='ltr'><strong>erant</strong></span> <span class='ocrx_word' id='word_1_608' title='bbox 2663 3422 2772 3475; x_wconf 92' lang='lat' dir='ltr'><strong>duo</strong></span> <span class='ocrx_word' id='word_1_609' title='bbox 2825 3423 2966 3493; x_wconf 76' lang='lat' dir='ltr'><strong>ligna</strong></span> <span class='ocrx_word' id='word_1_610' title='bbox 3011 3424 3371 3495; x_wconf 83' lang='lat' dir='ltr'><strong>signiﬁcantia</strong></span> 
     </span>
    </p>
   </div>
   <div class='ocr_carea' id='block_1_81' title="bbox 1814 3512 3370 3583">
    <p class='ocr_par' dir='ltr' id='par_1_81' title="bbox 1814 3512 3370 3583">
     <span class='ocr_line' id='line_1_81' title="bbox 1814 3512 3370 3583; baseline 0.002 -15"><span class='ocrx_word' id='word_1_611' title='bbox 1814 3524 1870 3569; x_wconf 90' lang='lat' dir='ltr'><strong>ct</strong></span> <span class='ocrx_word' id='word_1_612' title='bbox 1900 3514 2227 3567; x_wconf 87' lang='lat' dir='ltr'><strong>ellicientia:</strong></span> <span class='ocrx_word' id='word_1_613' title='bbox 2287 3512 2494 3565; x_wconf 72' lang='lat' dir='ltr'><strong>Flavius</strong></span> <span class='ocrx_word' id='word_1_614' title='bbox 2536 3524 2708 3566; x_wconf 79' lang='lat' dir='ltr'><strong>autent</strong></span> <span class='ocrx_word' id='word_1_615' title='bbox 2762 3517 3023 3583; x_wconf 76' lang='lat' dir='ltr'><strong>egreditur</strong></span> <span class='ocrx_word' id='word_1_616' title='bbox 3068 3533 3130 3569; x_wconf 78' lang='lat' dir='ltr'><strong>ea:</strong></span> <span class='ocrx_word' id='word_1_617' title='bbox 3182 3517 3370 3581; x_wconf 80' lang='lat' dir='ltr'><strong>Edent,</strong></span> 
     </span>
    </p>
   </div>
   <div class='ocr_carea' id='block_1_82' title="bbox 1816 3603 3375 3671">
    <p class='ocr_par' dir='ltr' id='par_1_82' title="bbox 1816 3603 3375 3671">
     <span class='ocr_line' id='line_1_82' title="bbox 1816 3603 3375 3671; baseline 0.005 -16"><span class='ocrx_word' id='word_1_618' title='bbox 1816 3613 1861 3655; x_wconf 82' lang='lat' dir='ltr'><strong>et</strong></span> <span class='ocrx_word' id='word_1_619' title='bbox 1900 3604 2085 3671; x_wconf 82' lang='lat' dir='ltr'><strong>irrigat</strong></span> <span class='ocrx_word' id='word_1_620' title='bbox 2113 3603 2462 3671; x_wconf 74' lang='lat' dir='ltr'><strong>paradisum;</strong></span> <span class='ocrx_word' id='word_1_621' title='bbox 2501 3603 2639 3656; x_wconf 79' lang='lat' dir='ltr'><strong>alter</strong></span> <span class='ocrx_word' id='word_1_622' title='bbox 2665 3614 2847 3656; x_wconf 85' lang='lat' dir='ltr'><strong>autem</strong></span> <span class='ocrx_word' id='word_1_623' title='bbox 2881 3613 2937 3658; x_wconf 85' lang='lat' dir='ltr'><strong>et</strong></span> <span class='ocrx_word' id='word_1_624' title='bbox 2993 3606 3265 3660; x_wconf 88' lang='lat' dir='ltr'><strong>secundus</strong></span> <span class='ocrx_word' id='word_1_625' title='bbox 3317 3618 3375 3663; x_wconf 87' lang='lat' dir='ltr'><strong>et</strong></span> 
     </span>
    </p>
   </div>
   <div class='ocr_carea' id='block_1_83' title="bbox 1817 3694 3373 3765">
    <p class='ocr_par' dir='ltr' id='par_1_83' title="bbox 1817 3694 3373 3765">
     <span class='ocr_line' id='line_1_83' title="bbox 1817 3694 3373 3765; baseline 0.004 -18"><span class='ocrx_word' id='word_1_626' title='bbox 1817 3694 2113 3765; x_wconf 85' lang='lat' dir='ltr'><strong>irrigationi</strong></span> <span class='ocrx_word' id='word_1_627' title='bbox 2146 3694 2310 3763; x_wconf 88' lang='lat' dir='ltr'><strong>priori</strong></span> <span class='ocrx_word' id='word_1_628' title='bbox 2339 3694 2618 3748; x_wconf 87' lang='lat' dir='ltr'><strong>dissimilis</strong></span> <span class='ocrx_word' id='word_1_629' title='bbox 2643 3704 2726 3748; x_wconf 88' lang='lat' dir='ltr'><strong>est</strong></span> <span class='ocrx_word' id='word_1_630' title='bbox 2750 3696 2837 3748; x_wconf 87' lang='lat' dir='ltr'><strong>hic</strong></span> <span class='ocrx_word' id='word_1_631' title='bbox 2867 3696 3083 3749; x_wconf 89' lang='lat' dir='ltr'><strong>lluvius.</strong></span> <span class='ocrx_word' id='word_1_632' title='bbox 3117 3698 3249 3751; x_wconf 78' lang='lat' dir='ltr'><strong>Nam</strong></span> <span class='ocrx_word' id='word_1_633' title='bbox 3282 3699 3373 3755; x_wconf 89' lang='lat' dir='ltr'><strong>ille</strong></span> 
     </span>
    </p>
   </div>
   <div class='ocr_carea' id='block_1_84' title="bbox 1815 3786 3373 3859">
    <p class='ocr_par' dir='ltr' id='par_1_84' title="bbox 1815 3786 3373 3859">
     <span class='ocr_line' id='line_1_84' title="bbox 1815 3786 3373 3859; baseline 0.001 -15"><span class='ocrx_word' id='word_1_634' title='bbox 1815 3790 2032 3859; x_wconf 90' lang='lat' dir='ltr'><strong>quidem</strong></span> <span class='ocrx_word' id='word_1_635' title='bbox 2068 3807 2098 3842; x_wconf 87' lang='lat' dir='ltr'><strong>e</strong></span> <span class='ocrx_word' id='word_1_636' title='bbox 2126 3797 2267 3841; x_wconf 90' lang='lat' dir='ltr'><strong>terra</strong></span> <span class='ocrx_word' id='word_1_637' title='bbox 2292 3786 2596 3841; x_wconf 89' lang='lat' dir='ltr'><strong>ascendens</strong></span> <span class='ocrx_word' id='word_1_638' title='bbox 2621 3786 2921 3841; x_wconf 87' lang='lat' dir='ltr'><strong>inumlabat</strong></span> <span class='ocrx_word' id='word_1_639' title='bbox 2972 3798 3136 3842; x_wconf 89' lang='lat' dir='ltr'><strong>totam</strong></span> <span class='ocrx_word' id='word_1_640' title='bbox 3180 3792 3373 3845; x_wconf 82' lang='lat' dir='ltr'><strong>facient</strong></span> 
     </span>
    </p>
   </div>
   <div class='ocr_carea' id='block_1_85' title="bbox 1818 3877 3376 3949">
    <p class='ocr_par' dir='ltr' id='par_1_85' title="bbox 1818 3877 3376 3949">
     <span class='ocr_line' id='line_1_85' title="bbox 1818 3877 3376 3949; baseline 0.002 -17"><span class='ocrx_word' id='word_1_641' title='bbox 1818 3889 1994 3940; x_wconf 82' lang='lat' dir='ltr'><strong>teme,</strong></span> <span class='ocrx_word' id='word_1_642' title='bbox 2032 3880 2198 3947; x_wconf 88' lang='lat' dir='ltr'><strong>ipsam</strong></span> <span class='ocrx_word' id='word_1_643' title='bbox 2231 3878 2435 3930; x_wconf 82' lang='lat' dir='ltr'><strong>faciens</strong></span> <span class='ocrx_word' id='word_1_644' title='bbox 2472 3885 2742 3929; x_wconf 89' lang='lat' dir='ltr'><strong>mortuam</strong></span> <span class='ocrx_word' id='word_1_645' title='bbox 2784 3886 2838 3930; x_wconf 89' lang='lat' dir='ltr'><strong>et</strong></span> <span class='ocrx_word' id='word_1_646' title='bbox 2874 3877 3270 3949; x_wconf 83' lang='lat' dir='ltr'><strong>infrugiferam.</strong></span> <span class='ocrx_word' id='word_1_647' title='bbox 3309 3883 3376 3936; x_wconf 80' lang='lat' dir='ltr'><strong>Et</strong></span> 
     </span>
    </p>
   </div>
   <div class='ocr_carea' id='block_1_86' title="bbox 1817 3968 3372 4040">
    <p class='ocr_par' dir='ltr' id='par_1_86' title="bbox 1817 3968 3372 4040">
     <span class='ocr_line' id='line_1_86' title="bbox 1817 3968 3372 4040; baseline -0.001 -15"><span class='ocrx_word' id='word_1_648' title='bbox 1817 3972 1939 4025; x_wconf 90' lang='lat' dir='ltr'><strong>idco</strong></span> <span class='ocrx_word' id='word_1_649' title='bbox 1968 3971 2033 4024; x_wconf 87' lang='lat' dir='ltr'><strong>ad</strong></span> <span class='ocrx_word' id='word_1_650' title='bbox 2069 3972 2234 4024; x_wconf 86' lang='lat' dir='ltr'><strong>Deum</strong></span> <span class='ocrx_word' id='word_1_651' title='bbox 2261 3981 2445 4021; x_wconf 86' lang='lat' dir='ltr'><strong>votum</strong></span> <span class='ocrx_word' id='word_1_652' title='bbox 2480 3968 2709 4021; x_wconf 85' lang='lat' dir='ltr'><strong>faciebat</strong></span> <span class='ocrx_word' id='word_1_653' title='bbox 2736 3968 2956 4037; x_wconf 89' lang='lat' dir='ltr'><strong>quidam</strong></span> <span class='ocrx_word' id='word_1_654' title='bbox 2979 3987 3042 4023; x_wconf 80' lang='lat' dir='ltr'><strong>ex</strong></span> <span class='ocrx_word' id='word_1_655' title='bbox 3070 3972 3372 4040; x_wconf 86' lang='lat' dir='ltr'><strong>prophetis,</strong></span> 
     </span>
    </p>
   </div>
   <div class='ocr_carea' id='block_1_87' title="bbox 1814 4060 3377 4124">
    <p class='ocr_par' dir='ltr' id='par_1_87' title="bbox 1814 4060 3377 4124">
     <span class='ocr_line' id='line_1_87' title="bbox 1814 4060 3377 4124; baseline 0.001 -8"><span class='ocrx_word' id='word_1_656' title='bbox 1814 4063 2003 4116; x_wconf 85' lang='lat' dir='ltr'><strong>dicens</strong></span> <span class='ocrx_word' id='word_1_657' title='bbox 2034 4080 2045 4114; x_wconf 88' lang='lat'>:</span> <span class='ocrx_word' id='word_1_658' title='bbox 2081 4061 2359 4114; x_wconf 87' lang='lat' dir='ltr'><strong>Dominum</strong></span> <span class='ocrx_word' id='word_1_659' title='bbox 2389 4060 2639 4112; x_wconf 77' lang='lat' dir='ltr'><strong>diluvium</strong></span> <span class='ocrx_word' id='word_1_660' title='bbox 2665 4061 2972 4114; x_wconf 83' lang='lat' dir='ltr'><strong>inhabitabit</strong></span> <span class='ocrx_word' id='word_1_661' title='bbox 3013 4062 3057 4093; x_wconf 83' lang='grc'><strong>⁵⁸</strong></span> <span class='ocrx_word' id='word_1_662' title='bbox 3085 4102 3099 4124; x_wconf 83' lang='grc'><em>,</em></span> <span class='ocrx_word' id='word_1_663' title='bbox 3148 4063 3251 4117; x_wconf 83' lang='lat' dir='ltr'><strong>hoc</strong></span> <span class='ocrx_word' id='word_1_664' title='bbox 3292 4074 3377 4119; x_wconf 80' lang='lat' dir='ltr'><strong>est</strong></span> 
     </span>
    </p>
   </div>
   <div class='ocr_carea' id='block_1_88' title="bbox 1814 4150 3374 4209">
    <p class='ocr_par' dir='ltr' id='par_1_88' title="bbox 1814 4150 3374 4209">
     <span class='ocr_line' id='line_1_88' title="bbox 1814 4150 3374 4209; baseline 0 0"><span class='ocrx_word' id='word_1_665' title='bbox 1814 4154 2093 4209; x_wconf 84' lang='lat' dir='ltr'><strong>exorietur</strong></span> <span class='ocrx_word' id='word_1_666' title='bbox 2117 4163 2171 4206; x_wconf 85' lang='lat' dir='ltr'><strong>et</strong></span> <span class='ocrx_word' id='word_1_667' title='bbox 2200 4151 2411 4206; x_wconf 86' lang='lat' dir='ltr'><strong>sedebit</strong></span> <span class='ocrx_word' id='word_1_668' title='bbox 2440 4168 2528 4203; x_wconf 70' lang='lat' dir='ltr'><strong>rex</strong></span> <span class='ocrx_word' id='word_1_669' title='bbox 2549 4150 2602 4203; x_wconf 94' lang='lat' dir='ltr'><strong>in</strong></span> <span class='ocrx_word' id='word_1_670' title='bbox 2628 4160 2914 4205; x_wconf 67' lang='lat' dir='ltr'><strong>aeternum.</strong></span> <span class='ocrx_word' id='word_1_671' title='bbox 2943 4152 3039 4207; x_wconf 89' lang='lat' dir='ltr'><strong>llic</strong></span> <span class='ocrx_word' id='word_1_672' title='bbox 3070 4166 3249 4208; x_wconf 87' lang='lat' dir='ltr'><strong>autem</strong></span> <span class='ocrx_word' id='word_1_673' title='bbox 3280 4155 3374 4209; x_wconf 88' lang='lat' dir='ltr'><strong>Dei</strong></span> 
     </span>
    </p>
   </div>
   <div class='ocr_carea' id='block_1_89' title="bbox 1820 4243 3375 4314">
    <p class='ocr_par' dir='ltr' id='par_1_89' title="bbox 1820 4243 3375 4314">
     <span class='ocr_line' id='line_1_89' title="bbox 1820 4243 3375 4314; baseline 0 -14"><span class='ocrx_word' id='word_1_674' title='bbox 1820 4246 2015 4300; x_wconf 90' lang='lat' dir='ltr'><strong>ﬂuvius</strong></span> <span class='ocrx_word' id='word_1_675' title='bbox 2074 4245 2350 4314; x_wconf 81' lang='lat' dir='ltr'><strong>egreditur</strong></span> <span class='ocrx_word' id='word_1_676' title='bbox 2386 4259 2449 4295; x_wconf 73' lang='lat' dir='ltr'><strong>ex</strong></span> <span class='ocrx_word' id='word_1_677' title='bbox 2507 4243 2694 4303; x_wconf 68' lang='lat' dir='ltr'><strong>Iidem,</strong></span> <span class='ocrx_word' id='word_1_678' title='bbox 2756 4243 3086 4311; x_wconf 87' lang='lat' dir='ltr'><strong>paradisum,</strong></span> <span class='ocrx_word' id='word_1_679' title='bbox 3121 4253 3375 4314; x_wconf 86' lang='lat' dir='ltr'><strong>tanquam</strong></span> 
     </span>
    </p>
   </div>
   <div class='ocr_carea' id='block_1_90' title="bbox 1817 4332 3377 4407">
    <p class='ocr_par' dir='ltr' id='par_1_90' title="bbox 1817 4332 3377 4407">
     <span class='ocr_line' id='line_1_90' title="bbox 1817 4332 3377 4407; baseline -0.001 -18"><span class='ocrx_word' id='word_1_680' title='bbox 1817 4352 2004 4407; x_wconf 82' lang='lat' dir='ltr'><strong>agrum</strong></span> <span class='ocrx_word' id='word_1_681' title='bbox 2037 4334 2315 4405; x_wconf 90' lang='lat' dir='ltr'><strong>proprium</strong></span> <span class='ocrx_word' id='word_1_682' title='bbox 2343 4342 2399 4386; x_wconf 91' lang='lat' dir='ltr'><strong>et</strong></span> <span class='ocrx_word' id='word_1_683' title='bbox 2437 4333 2530 4387; x_wconf 83' lang='lat' dir='ltr'><strong>Dei</strong></span> <span class='ocrx_word' id='word_1_684' title='bbox 2573 4332 2967 4401; x_wconf 89' lang='lat' dir='ltr'><strong>possessionem</strong></span> <span class='ocrx_word' id='word_1_685' title='bbox 3037 4349 3135 4388; x_wconf 88' lang='lat' dir='ltr'><strong>sua</strong></span> <span class='ocrx_word' id='word_1_686' title='bbox 3176 4336 3377 4389; x_wconf 70' lang='lat' dir='ltr'><strong>virtute</strong></span> 
     </span>
    </p>
   </div>
   <div class='ocr_carea' id='block_1_91' title="bbox 1818 4426 3377 4497">
    <p class='ocr_par' dir='ltr' id='par_1_91' title="bbox 1818 4426 3377 4497">
     <span class='ocr_line' id='line_1_91' title="bbox 1818 4426 3377 4497; baseline 0 -16"><span class='ocrx_word' id='word_1_687' title='bbox 1818 4428 2072 4497; x_wconf 87' lang='lat' dir='ltr'><strong>irrigans.</strong></span> <span class='ocrx_word' id='word_1_688' title='bbox 2122 4426 2349 4496; x_wconf 86' lang='lat' dir='ltr'><strong>Oportet</strong></span> <span class='ocrx_word' id='word_1_689' title='bbox 2389 4426 2534 4479; x_wconf 91' lang='lat' dir='ltr'><strong>enim</strong></span> <span class='ocrx_word' id='word_1_690' title='bbox 2591 4426 2851 4479; x_wconf 89' lang='lat' dir='ltr'><strong>adnotare</strong></span> <span class='ocrx_word' id='word_1_691' title='bbox 2893 4426 3062 4493; x_wconf 87' lang='lat' dir='ltr'><strong>quod,</strong></span> <span class='ocrx_word' id='word_1_692' title='bbox 3091 4442 3216 4480; x_wconf 91' lang='lat' dir='ltr'><strong>cum</strong></span> <span class='ocrx_word' id='word_1_693' title='bbox 3264 4429 3377 4497; x_wconf 85' lang='lat' dir='ltr'><strong>jam</strong></span> 
     </span>
    </p>
   </div>
   <div class='ocr_carea' id='block_1_92' title="bbox 148 4511 3378 4602">
    <p class='ocr_par' dir='ltr' id='par_1_92' title="bbox 148 4511 3378 4602">
     <span class='ocr_line' id='line_1_92' title="bbox 148 4511 3378 4602; baseline -0 -33"><span class='ocrx_word' id='word_1_694' title='bbox 148 4524 202 4570; x_wconf 82' lang='lat' dir='ltr'><strong>et</strong></span> <span class='ocrx_word' id='word_1_695' title='bbox 225 4516 438 4585; x_wconf 82' lang='lat' dir='ltr'><strong>lignum</strong></span> <span class='ocrx_word' id='word_1_696' title='bbox 460 4513 658 4602; x_wconf 60' lang='lat' dir='ltr'><strong>sciendi</strong></span> <span class='ocrx_word' id='word_1_697' title='bbox 680 4513 733 4565; x_wconf 88' lang='lat' dir='ltr'><strong>id</strong></span> <span class='ocrx_word' id='word_1_698' title='bbox 760 4511 894 4581; x_wconf 82' lang='lat' dir='ltr'><strong>quod</strong></span> <span class='ocrx_word' id='word_1_699' title='bbox 916 4512 1150 4579; x_wconf 77' lang='lat' dir='ltr'><strong>cognosci</strong></span> <span class='ocrx_word' id='word_1_700' title='bbox 1170 4522 1336 4581; x_wconf 78' lang='lat' dir='ltr'><strong>potest</strong></span> <span class='ocrx_word' id='word_1_701' title='bbox 1355 4513 1473 4565; x_wconf 86' lang='lat' dir='ltr'><strong>boui</strong></span> <span class='ocrx_word' id='word_1_702' title='bbox 1494 4523 1542 4565; x_wconf 85' lang='lat' dir='ltr'><strong>et</strong></span> <span class='ocrx_word' id='word_1_703' title='bbox 1568 4514 1714 4577; x_wconf 87' lang='lat' dir='ltr'><strong>mali,</strong></span> <span class='ocrx_word' id='word_1_704' title='bbox 1744 4518 1795 4577; x_wconf 86' lang='grc' dir='ltr'><strong>ι)</strong></span> <span class='ocrx_word' id='word_1_705' title='bbox 1820 4527 2089 4575; x_wconf 76' lang='lat' dir='ltr'><strong>cessasset</strong></span> <span class='ocrx_word' id='word_1_706' title='bbox 2119 4519 2269 4587; x_wconf 91' lang='lat' dir='ltr'><strong>prior</strong></span> <span class='ocrx_word' id='word_1_707' title='bbox 2301 4518 2390 4571; x_wconf 89' lang='lat' dir='ltr'><strong>illa</strong></span> <span class='ocrx_word' id='word_1_708' title='bbox 2437 4516 2701 4585; x_wconf 75' lang='lat' dir='ltr'><strong>irrigatio.</strong></span> <span class='ocrx_word' id='word_1_709' title='bbox 2741 4531 2861 4570; x_wconf 88' lang='lat' dir='ltr'><strong>eam</strong></span> <span class='ocrx_word' id='word_1_710' title='bbox 2911 4518 3241 4585; x_wconf 63' lang='lat' dir='ltr'><strong>praeteritam</strong></span> <span class='ocrx_word' id='word_1_711' title='bbox 3282 4536 3378 4573; x_wconf 77' lang='lat' dir='ltr'><strong>no.</strong></span> 
     </span>
    </p>
   </div>
   <div class='ocr_carea' id='block_1_93' title="bbox 150 4603 1712 4661">
    <p class='ocr_par' dir='ltr' id='par_1_93' title="bbox 150 4603 1712 4661">
     <span class='ocr_line' id='line_1_93' title="bbox 150 4603 1712 4661; baseline -0.001 -1"><span class='ocrx_word' id='word_1_712' title='bbox 150 4614 213 4660; x_wconf 88' lang='lat' dir='ltr'><strong>nt</strong></span> <span class='ocrx_word' id='word_1_713' title='bbox 239 4606 461 4661; x_wconf 84' lang='lat' dir='ltr'><strong>diceret</strong></span> <span class='ocrx_word' id='word_1_714' title='bbox 490 4604 822 4659; x_wconf 87' lang='lat' dir='ltr'><strong>transeundo</strong></span> <span class='ocrx_word' id='word_1_715' title='bbox 847 4612 901 4657; x_wconf 91' lang='lat' dir='ltr'><strong>et</strong></span> <span class='ocrx_word' id='word_1_716' title='bbox 945 4603 1252 4658; x_wconf 91' lang='lat' dir='ltr'><strong>inducendo</strong></span> <span class='ocrx_word' id='word_1_717' title='bbox 1281 4620 1379 4659; x_wconf 90' lang='lat' dir='ltr'><strong>cur</strong></span> <span class='ocrx_word' id='word_1_718' title='bbox 1411 4605 1496 4658; x_wconf 90' lang='lat' dir='ltr'><strong>isti</strong></span> <span class='ocrx_word' id='word_1_719' title='bbox 1532 4607 1712 4659; x_wconf 86' lang='lat' dir='ltr'><strong>venis-</strong></span> 
     </span>
    </p>
   </div>
   <div class='ocr_carea' id='block_1_94' title="bbox 151 4680 1710 4765">
    <p class='ocr_par' dir='ltr' id='par_1_94' title="bbox 151 4680 1710 4765">
     <span class='ocr_line' id='line_1_94' title="bbox 151 4680 1710 4765; baseline -0.002 -13"><span class='ocrx_word' id='word_1_720' title='bbox 151 4706 279 4752; x_wconf 84' lang='lat' dir='ltr'><strong>sent</strong></span> <span class='ocrx_word' id='word_1_721' title='bbox 318 4696 375 4750; x_wconf 90' lang='lat' dir='ltr'><strong>in</strong></span> <span class='ocrx_word' id='word_1_722' title='bbox 403 4696 736 4765; x_wconf 83' lang='lat' dir='ltr'><strong>paradisum.</strong></span> <span class='ocrx_word' id='word_1_723' title='bbox 768 4694 921 4761; x_wconf 83' lang='lat' dir='ltr'><strong>Quod</strong></span> <span class='ocrx_word' id='word_1_724' title='bbox 960 4703 1142 4749; x_wconf 89' lang='lat' dir='ltr'><strong>autem</strong></span> <span class='ocrx_word' id='word_1_725' title='bbox 1177 4680 1451 4765; x_wconf 13' lang='lat' dir='ltr'><strong>major‘lisit</strong></span> <span class='ocrx_word' id='word_1_726' title='bbox 1479 4704 1535 4749; x_wconf 90' lang='lat' dir='ltr'><strong>et</strong></span> <span class='ocrx_word' id='word_1_727' title='bbox 1573 4697 1710 4749; x_wconf 84' lang='lat' dir='ltr'><strong>vivi-</strong></span> 
     </span>
    </p>
   </div>
   <div class='ocr_carea' id='block_1_95' title="bbox 151 4784 1711 4854">
    <p class='ocr_par' dir='ltr' id='par_1_95' title="bbox 151 4784 1711 4854">
     <span class='ocr_line' id='line_1_95' title="bbox 151 4784 1711 4854; baseline -0.003 -11"><span class='ocrx_word' id='word_1_728' title='bbox 151 4788 296 4843; x_wconf 83' lang='lat' dir='ltr'><strong>ﬁcus</strong></span> <span class='ocrx_word' id='word_1_729' title='bbox 317 4786 591 4848; x_wconf 85' lang='lat' dir='ltr'><strong>Christus,</strong></span> <span class='ocrx_word' id='word_1_730' title='bbox 615 4786 776 4854; x_wconf 88' lang='lat' dir='ltr'><strong>paulo</strong></span> <span class='ocrx_word' id='word_1_731' title='bbox 798 4795 922 4839; x_wconf 83' lang='lat' dir='ltr'><strong>ante</strong></span> <span class='ocrx_word' id='word_1_732' title='bbox 947 4802 977 4839; x_wconf 90' lang='lat' dir='ltr'><strong>a</strong></span> <span class='ocrx_word' id='word_1_733' title='bbox 1006 4784 1163 4839; x_wconf 91' lang='lat' dir='ltr'><strong>nobis</strong></span> <span class='ocrx_word' id='word_1_734' title='bbox 1190 4786 1392 4839; x_wconf 90' lang='lat' dir='ltr'><strong>dictum</strong></span> <span class='ocrx_word' id='word_1_735' title='bbox 1421 4795 1523 4839; x_wconf 90' lang='lat' dir='ltr'><strong>cst.</strong></span> <span class='ocrx_word' id='word_1_736' title='bbox 1558 4785 1711 4850; x_wconf 83' lang='lat' dir='ltr'><strong>Quod</strong></span> 
     </span>
    </p>
   </div>
   <div class='ocr_carea' id='block_1_96' title="bbox 152 4876 1710 4946">
    <p class='ocr_par' dir='ltr' id='par_1_96' title="bbox 152 4876 1710 4946">
     <span class='ocr_line' id='line_1_96' title="bbox 152 4876 1710 4946; baseline -0.001 -13"><span class='ocrx_word' id='word_1_737' title='bbox 152 4887 344 4933; x_wconf 85' lang='lat' dir='ltr'><strong>autem</strong></span> <span class='ocrx_word' id='word_1_738' title='bbox 377 4876 614 4945; x_wconf 79' lang='lat' dir='ltr'><strong>seipsum</strong></span> <span class='ocrx_word' id='word_1_739' title='bbox 652 4876 898 4931; x_wconf 88' lang='lat' dir='ltr'><strong>nominat</strong></span> <span class='ocrx_word' id='word_1_740' title='bbox 918 4877 1143 4946; x_wconf 88' lang='lat' dir='ltr'><strong>lignum,</strong></span> <span class='ocrx_word' id='word_1_741' title='bbox 1192 4877 1317 4930; x_wconf 89' lang='lat' dir='ltr'><strong>audi</strong></span> <span class='ocrx_word' id='word_1_742' title='bbox 1355 4892 1481 4931; x_wconf 90' lang='lat' dir='ltr'><strong>eum</strong></span> <span class='ocrx_word' id='word_1_743' title='bbox 1535 4878 1710 4946; x_wconf 85' lang='lat' dir='ltr'><strong>ipsum</strong></span> 
     </span>
    </p>
   </div>
   <div class='ocr_carea' id='block_1_97' title="bbox 152 4967 1712 5036">
    <p class='ocr_par' dir='ltr' id='par_1_97' title="bbox 152 4967 1712 5036">
     <span class='ocr_line' id='line_1_97' title="bbox 152 4967 1712 5036; baseline -0.003 -11"><span class='ocrx_word' id='word_1_744' title='bbox 152 4970 439 5025; x_wconf 86' lang='lat' dir='ltr'><strong>dicentem</strong></span> <span class='ocrx_word' id='word_1_745' title='bbox 492 4967 736 5022; x_wconf 63' lang='lat' dir='ltr'><strong>ludatis:</strong></span> <span class='ocrx_word' id='word_1_746' title='bbox 796 4970 899 5021; x_wconf 80' lang='lat' dir='ltr'><strong>Aut</strong></span> <span class='ocrx_word' id='word_1_747' title='bbox 956 4967 1110 5036; x_wconf 77' lang='lat' dir='ltr'><strong>facite</strong></span> <span class='ocrx_word' id='word_1_748' title='bbox 1147 4968 1385 5021; x_wconf 80' lang='lat' dir='ltr'><strong>arborem</strong></span> <span class='ocrx_word' id='word_1_749' title='bbox 1424 4969 1613 5022; x_wconf 81' lang='lat' dir='ltr'><strong>bonam</strong></span> <span class='ocrx_word' id='word_1_750' title='bbox 1662 4978 1712 5021; x_wconf 77' lang='lat' dir='ltr'><strong>et</strong></span> 
     </span>
    </p>
   </div>
   <div class='ocr_carea' id='block_1_98' title="bbox 155 5058 1713 5132">
    <p class='ocr_par' dir='ltr' id='par_1_98' title="bbox 155 5058 1713 5132">
     <span class='ocr_line' id='line_1_98' title="bbox 155 5058 1713 5132; baseline -0.001 -18"><span class='ocrx_word' id='word_1_751' title='bbox 155 5064 391 5132; x_wconf 71' lang='lat' dir='ltr'><strong>fructum</strong></span> <span class='ocrx_word' id='word_1_752' title='bbox 419 5059 530 5128; x_wconf 82' lang='lat' dir='ltr'><strong>ejus</strong></span> <span class='ocrx_word' id='word_1_753' title='bbox 556 5059 767 5124; x_wconf 80' lang='lat' dir='ltr'><strong>bonum,</strong></span> <span class='ocrx_word' id='word_1_754' title='bbox 807 5068 898 5113; x_wconf 82' lang='lat' dir='ltr'><strong>aut</strong></span> <span class='ocrx_word' id='word_1_755' title='bbox 933 5058 1087 5126; x_wconf 77' lang='lat' dir='ltr'><strong>facite</strong></span> <span class='ocrx_word' id='word_1_756' title='bbox 1131 5058 1370 5112; x_wconf 81' lang='lat' dir='ltr'><strong>arborem</strong></span> <span class='ocrx_word' id='word_1_757' title='bbox 1421 5059 1713 5113; x_wconf 82' lang='lat' dir='ltr'><strong>marcidum</strong></span> 
     </span>
    </p>
   </div>
   <div class='ocr_carea' id='block_1_99' title="bbox 155 5149 1715 5219">
    <p class='ocr_par' dir='ltr' id='par_1_99' title="bbox 155 5149 1715 5219">
     <span class='ocr_line' id='line_1_99' title="bbox 155 5149 1715 5219; baseline -0.002 -14"><span class='ocrx_word' id='word_1_758' title='bbox 155 5162 204 5205; x_wconf 77' lang='lat' dir='ltr'><strong>et</strong></span> <span class='ocrx_word' id='word_1_759' title='bbox 231 5152 465 5219; x_wconf 75' lang='lat' dir='ltr'><strong>fructum</strong></span> <span class='ocrx_word' id='word_1_760' title='bbox 492 5151 603 5219; x_wconf 82' lang='lat' dir='ltr'><strong>ejus</strong></span> <span class='ocrx_word' id='word_1_761' title='bbox 637 5150 972 5212; x_wconf 85' lang='lat' dir='ltr'><strong>marcidum;</strong></span> <span class='ocrx_word' id='word_1_762' title='bbox 1005 5166 1037 5202; x_wconf 92' lang='lat' dir='ltr'><strong>a</strong></span> <span class='ocrx_word' id='word_1_763' title='bbox 1068 5149 1236 5216; x_wconf 78' lang='lat' dir='ltr'><strong>fructu</strong></span> <span class='ocrx_word' id='word_1_764' title='bbox 1271 5151 1405 5202; x_wconf 82' lang='lat' dir='ltr'><strong>enim</strong></span> <span class='ocrx_word' id='word_1_765' title='bbox 1440 5150 1599 5202; x_wconf 84' lang='lat' dir='ltr'><strong>arbor</strong></span> <span class='ocrx_word' id='word_1_766' title='bbox 1626 5167 1715 5202; x_wconf 89' lang='lat' dir='ltr'><strong>co-</strong></span> 
     </span>
    </p>
   </div>
   <div class='ocr_carea' id='block_1_100' title="bbox 155 5239 1719 5313">
    <p class='ocr_par' dir='ltr' id='par_1_100' title="bbox 155 5239 1719 5313">
     <span class='ocr_line' id='line_1_100' title="bbox 155 5239 1719 5313; baseline -0.003 -17"><span class='ocrx_word' id='word_1_767' title='bbox 155 5242 432 5313; x_wconf 74' lang='lat' dir='ltr'><strong>gnoscitur</strong></span> <span class='ocrx_word' id='word_1_768' title='bbox 470 5240 537 5294; x_wconf 82' lang='grc'><strong>⁸⁸.</strong></span> <span class='ocrx_word' id='word_1_769' title='bbox 570 5239 695 5295; x_wconf 66' lang='lat' dir='ltr'><strong>llaec</strong></span> <span class='ocrx_word' id='word_1_770' title='bbox 722 5249 903 5294; x_wconf 86' lang='lat' dir='ltr'><strong>autem</strong></span> <span class='ocrx_word' id='word_1_771' title='bbox 936 5239 1017 5293; x_wconf 86' lang='lat' dir='ltr'><strong>eis</strong></span> <span class='ocrx_word' id='word_1_772' title='bbox 1053 5239 1292 5303; x_wconf 82' lang='lat' dir='ltr'><strong>dicebat,</strong></span> <span class='ocrx_word' id='word_1_773' title='bbox 1336 5240 1592 5307; x_wconf 87' lang='lat' dir='ltr'><strong>quoniam</strong></span> <span class='ocrx_word' id='word_1_774' title='bbox 1635 5240 1719 5292; x_wconf 87' lang='lat' dir='ltr'><strong>di-</strong></span> 
     </span>
    </p>
   </div>
   <div class='ocr_carea' id='block_1_101' title="bbox 154 5330 1716 5400">
    <p class='ocr_par' dir='ltr' id='par_1_101' title="bbox 154 5330 1716 5400">
     <span class='ocr_line' id='line_1_101' title="bbox 154 5330 1716 5400; baseline -0.003 -10"><span class='ocrx_word' id='word_1_775' title='bbox 154 5333 361 5390; x_wconf 81' lang='lat' dir='ltr'><strong>cebant</strong></span> <span class='ocrx_word' id='word_1_776' title='bbox 411 5332 555 5400; x_wconf 87' lang='lat' dir='ltr'><strong>quod</strong></span> <span class='ocrx_word' id='word_1_777' title='bbox 604 5330 655 5384; x_wconf 94' lang='lat' dir='ltr'><strong>in</strong></span> <span class='ocrx_word' id='word_1_778' title='bbox 700 5330 1005 5385; x_wconf 83' lang='lat' dir='ltr'><strong>Beelzebub</strong></span> <span class='ocrx_word' id='word_1_779' title='bbox 1046 5330 1291 5399; x_wconf 86' lang='lat' dir='ltr'><strong>principe</strong></span> <span class='ocrx_word' id='word_1_780' title='bbox 1326 5330 1716 5386; x_wconf 66' lang='lat' dir='ltr'><strong>daemoniorum</strong></span> 
     </span>
    </p>
   </div>
   <div class='ocr_carea' id='block_1_102' title="bbox 154 5421 1719 5495">
    <p class='ocr_par' dir='ltr' id='par_1_102' title="bbox 154 5421 1719 5495">
     <span class='ocr_line' id='line_1_102' title="bbox 154 5421 1719 5495; baseline -0.002 -16"><span class='ocrx_word' id='word_1_781' title='bbox 154 5424 313 5495; x_wconf 79' lang='lat' dir='ltr'><strong>ejicit</strong></span> <span class='ocrx_word' id='word_1_782' title='bbox 358 5422 642 5478; x_wconf 69' lang='lat' dir='ltr'><strong>damonia.</strong></span> <span class='ocrx_word' id='word_1_783' title='bbox 693 5422 953 5476; x_wconf 87' lang='lat' dir='ltr'><strong>Similiter</strong></span> <span class='ocrx_word' id='word_1_784' title='bbox 1004 5422 1167 5476; x_wconf 89' lang='lat' dir='ltr'><strong>etiam</strong></span> <span class='ocrx_word' id='word_1_785' title='bbox 1210 5421 1276 5474; x_wconf 87' lang='lat' dir='ltr'><strong>ad</strong></span> <span class='ocrx_word' id='word_1_786' title='bbox 1327 5422 1630 5490; x_wconf 89' lang='lat' dir='ltr'><strong>passionem</strong></span> <span class='ocrx_word' id='word_1_787' title='bbox 1666 5425 1719 5477; x_wconf 92' lang='lat' dir='ltr'><strong>in</strong></span> 
     </span>
    </p>
   </div>
   <div class='ocr_carea' id='block_1_103' title="bbox 158 5514 1718 5587">
    <p class='ocr_par' dir='ltr' id='par_1_103' title="bbox 158 5514 1718 5587">
     <span class='ocr_line' id='line_1_103' title="bbox 158 5514 1718 5587; baseline -0.001 -15"><span class='ocrx_word' id='word_1_788' title='bbox 158 5518 384 5572; x_wconf 81' lang='lat' dir='ltr'><strong>hortum</strong></span> <span class='ocrx_word' id='word_1_789' title='bbox 416 5514 678 5586; x_wconf 81' lang='lat' dir='ltr'><strong>Golgotba</strong></span> <span class='ocrx_word' id='word_1_790' title='bbox 708 5515 775 5569; x_wconf 86' lang='lat' dir='ltr'><strong>ad</strong></span> <span class='ocrx_word' id='word_1_791' title='bbox 802 5515 1066 5570; x_wconf 81' lang='lat' dir='ltr'><strong>Adamum</strong></span> <span class='ocrx_word' id='word_1_792' title='bbox 1102 5514 1388 5584; x_wconf 82' lang='lat' dir='ltr'><strong>egrediens</strong></span> <span class='ocrx_word' id='word_1_793' title='bbox 1420 5524 1476 5569; x_wconf 91' lang='lat' dir='ltr'><strong>et</strong></span> <span class='ocrx_word' id='word_1_794' title='bbox 1515 5516 1718 5587; x_wconf 80' lang='lat' dir='ltr'><strong>lignum</strong></span> 
     </span>
    </p>
   </div>
   <div class='ocr_carea' id='block_1_104' title="bbox 158 5608 1723 5683">
    <p class='ocr_par' dir='ltr' id='par_1_104' title="bbox 158 5608 1723 5683">
     <span class='ocr_line' id='line_1_104' title="bbox 158 5608 1723 5683; baseline -0.003 -14"><span class='ocrx_word' id='word_1_795' title='bbox 158 5611 348 5669; x_wconf 82' lang='lat' dir='ltr'><strong>crucis</strong></span> <span class='ocrx_word' id='word_1_796' title='bbox 368 5620 613 5683; x_wconf 86' lang='lat' dir='ltr'><strong>portans,</strong></span> <span class='ocrx_word' id='word_1_797' title='bbox 664 5611 872 5681; x_wconf 85' lang='lat' dir='ltr'><strong>lignum</strong></span> <span class='ocrx_word' id='word_1_798' title='bbox 913 5610 1040 5664; x_wconf 65' lang='lat' dir='ltr'><strong>vitae</strong></span> <span class='ocrx_word' id='word_1_799' title='bbox 1082 5608 1323 5678; x_wconf 81' lang='lat' dir='ltr'><strong>seipsum</strong></span> <span class='ocrx_word' id='word_1_800' title='bbox 1371 5610 1605 5673; x_wconf 84' lang='lat' dir='ltr'><strong>vocavit,</strong></span> <span class='ocrx_word' id='word_1_801' title='bbox 1643 5611 1723 5664; x_wconf 90' lang='lat' dir='ltr'><strong>di-</strong></span> 
     </span>
    </p>
   </div>
   <div class='ocr_carea' id='block_1_105' title="bbox 864 5725 1362 5786">
    <p class='ocr_par' dir='ltr' id='par_1_105' title="bbox 864 5725 1362 5786">
     <span class='ocr_line' id='line_1_105' title="bbox 864 5725 1362 5786; baseline -0.004 -7"><span class='ocrx_word' id='word_1_802' title='bbox 864 5726 908 5756; x_wconf 88' lang='grc'><strong>⁸⁶</strong></span> <span class='ocrx_word' id='word_1_803' title='bbox 935 5725 1119 5778; x_wconf 78' lang='lat' dir='ltr'><strong>Matth.</strong></span> <span class='ocrx_word' id='word_1_804' title='bbox 1155 5740 1246 5786; x_wconf 76' lang='lat' dir='ltr'><strong>xu,</strong></span> <span class='ocrx_word' id='word_1_805' title='bbox 1275 5725 1362 5777; x_wconf 73' lang='lat'><strong>53.</strong></span> 
     </span>
    </p>
   </div>
   <div class='ocr_carea' id='block_1_106' title="bbox 1037 5794 1477 5855">
    <p class='ocr_par' dir='ltr' id='par_1_106' title="bbox 1037 5794 1477 5855">
     <span class='ocr_line' id='line_1_106' title="bbox 1037 5794 1477 5855; baseline -0.002 -8"><span class='ocrx_word' id='word_1_806' title='bbox 1037 5794 1126 5847; x_wconf 78' lang='lat' dir='ltr'><strong>“l</strong></span> <span class='ocrx_word' id='word_1_807' title='bbox 1165 5794 1305 5848; x_wconf 83' lang='lat' dir='ltr'><strong>Tim.</strong></span> <span class='ocrx_word' id='word_1_808' title='bbox 1342 5812 1397 5855; x_wconf 85' lang='grc' dir='ltr'><strong>ιι,</strong></span> <span class='ocrx_word' id='word_1_809' title='bbox 1429 5795 1477 5846; x_wconf 68' lang='grc'><strong>5.</strong></span> 
     </span>
    </p>
   </div>
   <div class='ocr_carea' id='block_1_107' title="bbox 227 5726 730 5787">
    <p class='ocr_par' dir='ltr' id='par_1_107' title="bbox 227 5726 730 5787">
     <span class='ocr_line' id='line_1_107' title="bbox 227 5726 730 5787; baseline -0.004 -7"><span class='ocrx_word' id='word_1_810' title='bbox 227 5729 276 5759; x_wconf 65' lang='grc' dir='ltr'><strong>δ’</strong></span> <span class='ocrx_word' id='word_1_811' title='bbox 305 5726 461 5782; x_wconf 81' lang='lat' dir='ltr'><strong>Joan.</strong></span> <span class='ocrx_word' id='word_1_812' title='bbox 495 5742 607 5787; x_wconf 78' lang='lat' dir='ltr'><strong>VIII,</strong></span> <span class='ocrx_word' id='word_1_813' title='bbox 643 5726 730 5779; x_wconf 69' lang='grc' dir='ltr'><strong>Η.</strong></span> 
     </span>
    </p>
   </div>
   <div class='ocr_carea' id='block_1_108' title="bbox 160 5796 958 5862">
    <p class='ocr_par' dir='ltr' id='par_1_108' title="bbox 160 5796 958 5862">
     <span class='ocr_line' id='line_1_108' title="bbox 160 5796 958 5862; baseline -0.008 -9"><span class='ocrx_word' id='word_1_814' title='bbox 160 5814 251 5862; x_wconf 75' lang='lat' dir='ltr'><strong>aa,</strong></span> <span class='ocrx_word' id='word_1_815' title='bbox 286 5796 378 5851; x_wconf 70' lang='grc'><strong>22.</strong></span> <span class='ocrx_word' id='word_1_816' title='bbox 457 5797 506 5829; x_wconf 84' lang='grc'><strong><em>⁸³</em></strong></span> <span class='ocrx_word' id='word_1_817' title='bbox 530 5796 669 5850; x_wconf 79' lang='lat' dir='ltr'><strong>Psal.</strong></span> <span class='ocrx_word' id='word_1_818' title='bbox 705 5811 878 5861; x_wconf 70' lang='lat' dir='ltr'><strong>LXXXI,</strong></span> <span class='ocrx_word' id='word_1_819' title='bbox 916 5796 958 5847; x_wconf 90' lang='lat' dir='ltr'><strong>l.</strong></span> 
     </span>
    </p>
   </div>
   <div class='ocr_carea' id='block_1_109' title="bbox 1441 5724 2058 5790">
    <p class='ocr_par' dir='ltr' id='par_1_109' title="bbox 1441 5724 2058 5790">
     <span class='ocr_line' id='line_1_109' title="bbox 1441 5724 2058 5790; baseline -0.005 -14"><span class='ocrx_word' id='word_1_820' title='bbox 1441 5726 1479 5751; x_wconf 89' lang='lat'>&#39;”</span> <span class='ocrx_word' id='word_1_821' title='bbox 1518 5724 1650 5778; x_wconf 80' lang='lat' dir='ltr'><strong>Luc.</strong></span> <span class='ocrx_word' id='word_1_822' title='bbox 1676 5742 1826 5790; x_wconf 61' lang='grc' dir='ltr'><strong>χχιιι,</strong></span> <span class='ocrx_word' id='word_1_823' title='bbox 1849 5725 1938 5783; x_wconf 74' lang='grc'><strong>28.</strong></span> <span class='ocrx_word' id='word_1_824' title='bbox 1975 5724 2058 5774; x_wconf 79' lang='grc'><strong>51.</strong></span> 
     </span>
    </p>
   </div>
   <div class='ocr_carea' id='block_1_110' title="bbox 1554 5793 2104 5855">
    <p class='ocr_par' dir='ltr' id='par_1_110' title="bbox 1554 5793 2104 5855">
     <span class='ocr_line' id='line_1_110' title="bbox 1554 5793 2104 5855; baseline -0.016 -5"><span class='ocrx_word' id='word_1_825' title='bbox 1554 5796 1786 5849; x_wconf 81' lang='lat' dir='ltr'><strong>&quot;Deut.</strong></span> <span class='ocrx_word' id='word_1_826' title='bbox 1844 5811 1966 5855; x_wconf 68' lang='lat' dir='ltr'><strong>xxx,</strong></span> <span class='ocrx_word' id='word_1_827' title='bbox 2026 5793 2104 5844; x_wconf 63' lang='lat' dir='ltr'><strong>lii.</strong></span> 
     </span>
    </p>
   </div>
   <div class='ocr_carea' id='block_1_111' title="bbox 1818 4604 3375 4675">
    <p class='ocr_par' dir='ltr' id='par_1_111' title="bbox 1818 4604 3375 4675">
     <span class='ocr_line' id='line_1_111' title="bbox 1818 4604 3375 4675; baseline -0.001 -12"><span class='ocrx_word' id='word_1_828' title='bbox 1818 4610 2047 4663; x_wconf 83' lang='lat' dir='ltr'><strong>minavit</strong></span> <span class='ocrx_word' id='word_1_829' title='bbox 2083 4609 2360 4675; x_wconf 81' lang='lat' dir='ltr'><strong>Scriptura</strong></span> <span class='ocrx_word' id='word_1_830' title='bbox 2388 4606 2578 4659; x_wconf 86' lang='lat' dir='ltr'><strong>dicens</strong></span> <span class='ocrx_word' id='word_1_831' title='bbox 2608 4624 2621 4658; x_wconf 88' lang='lat'><strong>:</strong></span> <span class='ocrx_word' id='word_1_832' title='bbox 2658 4604 2791 4657; x_wconf 78' lang='lat' dir='ltr'><strong>Fons</strong></span> <span class='ocrx_word' id='word_1_833' title='bbox 2833 4617 3008 4659; x_wconf 85' lang='lat' dir='ltr'><strong>autem</strong></span> <span class='ocrx_word' id='word_1_834' title='bbox 3039 4608 3375 4669; x_wconf 81' lang='lat' dir='ltr'><strong>ascendebat,</strong></span> 
     </span>
    </p>
   </div>
   <div class='ocr_carea' id='block_1_112' title="bbox 1817 4694 3377 4766">
    <p class='ocr_par' dir='ltr' id='par_1_112' title="bbox 1817 4694 3377 4766">
     <span class='ocr_line' id='line_1_112' title="bbox 1817 4694 3377 4766; baseline -0.001 -15"><span class='ocrx_word' id='word_1_835' title='bbox 1817 4709 1865 4751; x_wconf 84' lang='lat' dir='ltr'><strong>et</strong></span> <span class='ocrx_word' id='word_1_836' title='bbox 1899 4698 2153 4766; x_wconf 87' lang='lat' dir='ltr'><strong>irrigabat</strong></span> <span class='ocrx_word' id='word_1_837' title='bbox 2194 4711 2211 4747; x_wconf 91' lang='lat'><strong><em>:</em></strong></span> <span class='ocrx_word' id='word_1_838' title='bbox 2246 4696 2391 4748; x_wconf 91' lang='lat' dir='ltr'><strong>hunc</strong></span> <span class='ocrx_word' id='word_1_839' title='bbox 2416 4704 2594 4746; x_wconf 87' lang='lat' dir='ltr'><strong>autem</strong></span> <span class='ocrx_word' id='word_1_840' title='bbox 2624 4702 2681 4746; x_wconf 91' lang='lat' dir='ltr'><strong>ut</strong></span> <span class='ocrx_word' id='word_1_841' title='bbox 2719 4694 2809 4761; x_wconf 93' lang='lat' dir='ltr'><strong>qui</strong></span> <span class='ocrx_word' id='word_1_842' title='bbox 2842 4694 3158 4761; x_wconf 88' lang='lat' dir='ltr'><strong>perenniter</strong></span> <span class='ocrx_word' id='word_1_843' title='bbox 3184 4695 3238 4747; x_wconf 90' lang='lat' dir='ltr'><strong>in</strong></span> <span class='ocrx_word' id='word_1_844' title='bbox 3277 4710 3377 4751; x_wconf 74' lang='lat' dir='ltr'><strong>sm-</strong></span> 
     </span>
    </p>
   </div>
   <div class='ocr_carea' id='block_1_113' title="bbox 1818 4786 3377 4857">
    <p class='ocr_par' dir='ltr' id='par_1_113' title="bbox 1818 4786 3377 4857">
     <span class='ocr_line' id='line_1_113' title="bbox 1818 4786 3377 4857; baseline -0.004 -11"><span class='ocrx_word' id='word_1_845' title='bbox 1818 4791 1939 4846; x_wconf 85' lang='lat' dir='ltr'><strong>eula</strong></span> <span class='ocrx_word' id='word_1_846' title='bbox 1993 4790 2179 4857; x_wconf 85' lang='lat' dir='ltr'><strong>irriget</strong></span> <span class='ocrx_word' id='word_1_847' title='bbox 2230 4787 2549 4847; x_wconf 76' lang='lat' dir='ltr'><strong>Eeclesiam,</strong></span> <span class='ocrx_word' id='word_1_848' title='bbox 2596 4786 2728 4839; x_wconf 85' lang='lat' dir='ltr'><strong>dicit</strong></span> <span class='ocrx_word' id='word_1_849' title='bbox 2760 4795 3081 4854; x_wconf 74' lang='lat' dir='ltr'><strong>pnesentem</strong></span> <span class='ocrx_word' id='word_1_850' title='bbox 3116 4804 3128 4838; x_wconf 92' lang='lat'><strong>:</strong></span> <span class='ocrx_word' id='word_1_851' title='bbox 3166 4786 3377 4840; x_wconf 81' lang='lat' dir='ltr'><strong>Flavius</strong></span> 
     </span>
    </p>
   </div>
   <div class='ocr_carea' id='block_1_114' title="bbox 1818 4877 3379 4950">
    <p class='ocr_par' dir='ltr' id='par_1_114' title="bbox 1818 4877 3379 4950">
     <span class='ocr_line' id='line_1_114' title="bbox 1818 4877 3379 4950; baseline -0.004 -14"><span class='ocrx_word' id='word_1_852' title='bbox 1818 4883 1989 4945; x_wconf 89' lang='lat' dir='ltr'><strong>enim,</strong></span> <span class='ocrx_word' id='word_1_853' title='bbox 2020 4880 2218 4950; x_wconf 88' lang='lat' dir='ltr'><strong>inquit,</strong></span> <span class='ocrx_word' id='word_1_854' title='bbox 2246 4880 2510 4948; x_wconf 78' lang='lat' dir='ltr'><strong>egreditur</strong></span> <span class='ocrx_word' id='word_1_855' title='bbox 2540 4894 2604 4930; x_wconf 74' lang='lat' dir='ltr'><strong>ex</strong></span> <span class='ocrx_word' id='word_1_856' title='bbox 2639 4877 2805 4930; x_wconf 66' lang='lat' dir='ltr'><strong>Edam</strong></span> <span class='ocrx_word' id='word_1_857' title='bbox 2833 4917 2847 4941; x_wconf 90' lang='lat'><strong>,</strong></span> <span class='ocrx_word' id='word_1_858' title='bbox 2889 4877 2992 4930; x_wconf 90' lang='lat' dir='ltr'><strong>hoc</strong></span> <span class='ocrx_word' id='word_1_859' title='bbox 3040 4886 3124 4930; x_wconf 87' lang='lat' dir='ltr'><strong>est</strong></span> <span class='ocrx_word' id='word_1_860' title='bbox 3168 4893 3232 4931; x_wconf 78' lang='lat' dir='ltr'><strong>ex</strong></span> <span class='ocrx_word' id='word_1_861' title='bbox 3278 4877 3379 4930; x_wconf 86' lang='lat' dir='ltr'><strong>de-</strong></span> 
     </span>
    </p>
   </div>
   <div class='ocr_carea' id='block_1_115' title="bbox 1819 4968 3378 5041">
    <p class='ocr_par' dir='ltr' id='par_1_115' title="bbox 1819 4968 3378 5041">
     <span class='ocr_line' id='line_1_115' title="bbox 1819 4968 3378 5041; baseline -0.003 -13"><span class='ocrx_word' id='word_1_862' title='bbox 1819 4974 1982 5039; x_wconf 92' lang='lat' dir='ltr'><strong>liciis,</strong></span> <span class='ocrx_word' id='word_1_863' title='bbox 2016 4972 2081 5026; x_wconf 91' lang='lat' dir='ltr'><strong>ad</strong></span> <span class='ocrx_word' id='word_1_864' title='bbox 2143 4970 2479 5041; x_wconf 81' lang='lat' dir='ltr'><strong>irrigandum</strong></span> <span class='ocrx_word' id='word_1_865' title='bbox 2528 4968 2861 5038; x_wconf 88' lang='lat' dir='ltr'><strong>paradisum.</strong></span> <span class='ocrx_word' id='word_1_866' title='bbox 2914 4968 3048 5023; x_wconf 90' lang='lat' dir='ltr'><strong>Cum</strong></span> <span class='ocrx_word' id='word_1_867' title='bbox 3095 4984 3226 5038; x_wconf 79' lang='lat' dir='ltr'><strong>ergo</strong></span> <span class='ocrx_word' id='word_1_868' title='bbox 3276 4985 3378 5023; x_wconf 86' lang='lat' dir='ltr'><strong>nos</strong></span> 
     </span>
    </p>
   </div>
   <div class='ocr_carea' id='block_1_116' title="bbox 1818 5061 3373 5137">
    <p class='ocr_par' dir='ltr' id='par_1_116' title="bbox 1818 5061 3373 5137">
     <span class='ocr_line' id='line_1_116' title="bbox 1818 5061 3373 5137; baseline -0.005 -16"><span class='ocrx_word' id='word_1_869' title='bbox 1818 5065 2296 5137; x_wconf 79' lang='lat' dir='ltr'><strong>prauaunierimus</strong></span> <span class='ocrx_word' id='word_1_870' title='bbox 2332 5064 2397 5117; x_wconf 88' lang='lat' dir='ltr'><strong>ad</strong></span> <span class='ocrx_word' id='word_1_871' title='bbox 2437 5077 2544 5116; x_wconf 90' lang='lat' dir='ltr'><strong>non</strong></span> <span class='ocrx_word' id='word_1_872' title='bbox 2583 5061 2991 5115; x_wconf 85' lang='lat' dir='ltr'><strong>dissolvendum</strong></span> <span class='ocrx_word' id='word_1_873' title='bbox 3034 5063 3373 5130; x_wconf 84' lang='lat' dir='ltr'><strong>corporalem</strong></span> 
     </span>
    </p>
   </div>
   <div class='ocr_carea' id='block_1_117' title="bbox 1820 5152 3377 5224">
    <p class='ocr_par' dir='ltr' id='par_1_117' title="bbox 1820 5152 3377 5224">
     <span class='ocr_line' id='line_1_117' title="bbox 1820 5152 3377 5224; baseline -0.003 -13"><span class='ocrx_word' id='word_1_874' title='bbox 1820 5173 2005 5212; x_wconf 87' lang='lat' dir='ltr'><strong>rerum</strong></span> <span class='ocrx_word' id='word_1_875' title='bbox 2031 5155 2313 5211; x_wconf 88' lang='lat' dir='ltr'><strong>historiam</strong></span> <span class='ocrx_word' id='word_1_876' title='bbox 2340 5170 2459 5224; x_wconf 68' lang='lat' dir='ltr'><strong>qua:</strong></span> <span class='ocrx_word' id='word_1_877' title='bbox 2480 5161 2563 5207; x_wconf 89' lang='lat' dir='ltr'><strong>est</strong></span> <span class='ocrx_word' id='word_1_878' title='bbox 2591 5153 2986 5207; x_wconf 86' lang='lat' dir='ltr'><strong>convenienter</strong></span> <span class='ocrx_word' id='word_1_879' title='bbox 3011 5152 3230 5217; x_wconf 63' lang='lat' dir='ltr'><strong>litterae,</strong></span> <span class='ocrx_word' id='word_1_880' title='bbox 3263 5154 3377 5206; x_wconf 89' lang='lat' dir='ltr'><strong>ala-</strong></span> 
     </span>
    </p>
   </div>
   <div class='ocr_carea' id='block_1_118' title="bbox 1822 5242 3377 5311">
    <p class='ocr_par' dir='ltr' id='par_1_118' title="bbox 1822 5242 3377 5311">
     <span class='ocr_line' id='line_1_118' title="bbox 1822 5242 3377 5311; baseline -0.003 -11"><span class='ocrx_word' id='word_1_881' title='bbox 1822 5247 1991 5301; x_wconf 88' lang='lat' dir='ltr'><strong>criter</strong></span> <span class='ocrx_word' id='word_1_882' title='bbox 2014 5247 2179 5299; x_wconf 88' lang='lat' dir='ltr'><strong>etiam</strong></span> <span class='ocrx_word' id='word_1_883' title='bbox 2202 5244 2614 5298; x_wconf 89' lang='lat' dir='ltr'><strong>consideremus</strong></span> <span class='ocrx_word' id='word_1_884' title='bbox 2631 5258 2749 5296; x_wconf 88' lang='lat' dir='ltr'><strong>eam</strong></span> <span class='ocrx_word' id='word_1_885' title='bbox 2770 5257 2892 5310; x_wconf 72' lang='lat' dir='ltr'><strong>qua:</strong></span> <span class='ocrx_word' id='word_1_886' title='bbox 2915 5250 2999 5295; x_wconf 90' lang='lat' dir='ltr'><strong>est</strong></span> <span class='ocrx_word' id='word_1_887' title='bbox 3023 5242 3090 5295; x_wconf 88' lang='lat' dir='ltr'><strong>de</strong></span> <span class='ocrx_word' id='word_1_888' title='bbox 3128 5242 3212 5295; x_wconf 93' lang='lat' dir='ltr'><strong>his</strong></span> <span class='ocrx_word' id='word_1_889' title='bbox 3246 5258 3377 5311; x_wconf 88' lang='lat' dir='ltr'><strong>pro-</strong></span> 
     </span>
    </p>
   </div>
   <div class='ocr_carea' id='block_1_119' title="bbox 1822 5334 3377 5405">
    <p class='ocr_par' dir='ltr' id='par_1_119' title="bbox 1822 5334 3377 5405">
     <span class='ocr_line' id='line_1_119' title="bbox 1822 5334 3377 5405; baseline -0.002 -14"><span class='ocrx_word' id='word_1_890' title='bbox 1822 5337 2013 5405; x_wconf 88' lang='lat' dir='ltr'><strong>positis</strong></span> <span class='ocrx_word' id='word_1_891' title='bbox 2043 5335 2226 5389; x_wconf 84' lang='lat' dir='ltr'><strong>ﬂuviis</strong></span> <span class='ocrx_word' id='word_1_892' title='bbox 2254 5344 2310 5389; x_wconf 89' lang='lat' dir='ltr'><strong>ct</strong></span> <span class='ocrx_word' id='word_1_893' title='bbox 2334 5334 2467 5388; x_wconf 90' lang='lat' dir='ltr'><strong>locis</strong></span> <span class='ocrx_word' id='word_1_894' title='bbox 2489 5334 2795 5393; x_wconf 88' lang='lat' dir='ltr'><strong>historiam,</strong></span> <span class='ocrx_word' id='word_1_895' title='bbox 2824 5334 3283 5402; x_wconf 88' lang='lat' dir='ltr'><strong>quemadmodum</strong></span> <span class='ocrx_word' id='word_1_896' title='bbox 3313 5351 3377 5389; x_wconf 81' lang='lat' dir='ltr'><strong>ea</strong></span> 
     </span>
    </p>
   </div>
   <div class='ocr_carea' id='block_1_120' title="bbox 1822 5425 3377 5498">
    <p class='ocr_par' dir='ltr' id='par_1_120' title="bbox 1822 5425 3377 5498">
     <span class='ocr_line' id='line_1_120' title="bbox 1822 5425 3377 5498; baseline -0.002 -17"><span class='ocrx_word' id='word_1_897' title='bbox 1822 5445 2041 5498; x_wconf 90' lang='lat' dir='ltr'><strong>quoque</strong></span> <span class='ocrx_word' id='word_1_898' title='bbox 2065 5437 2194 5482; x_wconf 89' lang='lat' dir='ltr'><strong>sunt</strong></span> <span class='ocrx_word' id='word_1_899' title='bbox 2226 5428 2572 5498; x_wconf 69' lang='lat' dir='ltr'><strong>prmﬂgurata</strong></span> <span class='ocrx_word' id='word_1_900' title='bbox 2626 5427 2693 5478; x_wconf 92' lang='lat' dir='ltr'><strong>de</strong></span> <span class='ocrx_word' id='word_1_901' title='bbox 2742 5425 2962 5480; x_wconf 88' lang='lat' dir='ltr'><strong>Christo</strong></span> <span class='ocrx_word' id='word_1_902' title='bbox 3006 5433 3063 5480; x_wconf 91' lang='lat' dir='ltr'><strong>et</strong></span> <span class='ocrx_word' id='word_1_903' title='bbox 3109 5425 3377 5480; x_wconf 78' lang='lat' dir='ltr'><strong>Ecclesia.</strong></span> 
     </span>
    </p>
   </div>
   <div class='ocr_carea' id='block_1_121' title="bbox 1823 5514 3379 5585">
    <p class='ocr_par' dir='ltr' id='par_1_121' title="bbox 1823 5514 3379 5585">
     <span class='ocr_line' id='line_1_121' title="bbox 1823 5514 3379 5585; baseline -0.004 -11"><span class='ocrx_word' id='word_1_904' title='bbox 1823 5520 2086 5574; x_wconf 81' lang='lat' dir='ltr'><strong>Audimus</strong></span> <span class='ocrx_word' id='word_1_905' title='bbox 2105 5517 2251 5571; x_wconf 91' lang='lat' dir='ltr'><strong>enim</strong></span> <span class='ocrx_word' id='word_1_906' title='bbox 2283 5516 2594 5585; x_wconf 84' lang='lat' dir='ltr'><strong>quempiam</strong></span> <span class='ocrx_word' id='word_1_907' title='bbox 2629 5517 2902 5569; x_wconf 89' lang='lat' dir='ltr'><strong>dicentem</strong></span> <span class='ocrx_word' id='word_1_908' title='bbox 2954 5514 3023 5569; x_wconf 88' lang='lat' dir='ltr'><strong>de</strong></span> <span class='ocrx_word' id='word_1_909' title='bbox 3062 5516 3379 5585; x_wconf 65' lang='lat' dir='ltr'><strong>egrediente</strong></span> 
     </span>
    </p>
   </div>
   <div class='ocr_carea' id='block_1_122' title="bbox 1826 5604 3382 5673">
    <p class='ocr_par' dir='ltr' id='par_1_122' title="bbox 1826 5604 3382 5673">
     <span class='ocr_line' id='line_1_122' title="bbox 1826 5604 3382 5673; baseline -0.004 -11"><span class='ocrx_word' id='word_1_910' title='bbox 1826 5609 1991 5663; x_wconf 90' lang='lat' dir='ltr'><strong>ﬂuvio</strong></span> <span class='ocrx_word' id='word_1_911' title='bbox 2040 5617 2096 5661; x_wconf 90' lang='lat' dir='ltr'><strong>et</strong></span> <span class='ocrx_word' id='word_1_912' title='bbox 2128 5606 2410 5661; x_wconf 86' lang='lat' dir='ltr'><strong>Ecclesia:</strong></span> <span class='ocrx_word' id='word_1_913' title='bbox 2460 5604 2717 5659; x_wconf 76' lang='lat' dir='ltr'><strong>Fluminis</strong></span> <span class='ocrx_word' id='word_1_914' title='bbox 2767 5607 2985 5673; x_wconf 81' lang='lat' dir='ltr'><strong>impetus</strong></span> <span class='ocrx_word' id='word_1_915' title='bbox 3037 5605 3266 5673; x_wconf 69' lang='lat' dir='ltr'><strong>lmtiﬁcnt</strong></span> <span class='ocrx_word' id='word_1_916' title='bbox 3309 5605 3382 5656; x_wconf 78' lang='lat' dir='ltr'><strong>ci~</strong></span> 
     </span>
    </p>
   </div>
   <div class='ocr_carea' id='block_1_123' title="bbox 2141 5717 3069 5775">
    <p class='ocr_par' dir='ltr' id='par_1_123' title="bbox 2141 5717 3069 5775">
     <span class='ocr_line' id='line_1_123' title="bbox 2141 5717 3069 5775; baseline -0.006 0"><span class='ocrx_word' id='word_1_917' title='bbox 2141 5724 2185 5751; x_wconf 72' lang='grc' dir='ltr'>δ’</span> <span class='ocrx_word' id='word_1_918' title='bbox 2214 5722 2475 5775; x_wconf 55' lang='lat' dir='ltr'><strong>Lucano.</strong></span> <span class='ocrx_word' id='word_1_919' title='bbox 2504 5720 2592 5773; x_wconf 66' lang='grc'><strong>97.</strong></span> <span class='ocrx_word' id='word_1_920' title='bbox 2671 5718 2889 5769; x_wconf 62' lang='grc' dir='ltr'><strong>ληιηιιιζ</strong></span> <span class='ocrx_word' id='word_1_921' title='bbox 2924 5717 3069 5771; x_wconf 73' lang='lat'><strong>1.9.6.</strong></span> 
     </span>
    </p>
   </div>
   <div class='ocr_carea' id='block_1_124' title="bbox 2188 5789 2744 5852">
    <p class='ocr_par' dir='ltr' id='par_1_124' title="bbox 2188 5789 2744 5852">
     <span class='ocr_line' id='line_1_124' title="bbox 2188 5789 2744 5852; baseline -0.009 -7"><span class='ocrx_word' id='word_1_922' title='bbox 2188 5792 2232 5821; x_wconf 64' lang='grc' dir='ltr'><strong><em>ἠ</em></strong></span> <span class='ocrx_word' id='word_1_923' title='bbox 2270 5792 2406 5844; x_wconf 73' lang='lat' dir='ltr'><strong>l’sal.</strong></span> <span class='ocrx_word' id='word_1_924' title='bbox 2445 5805 2625 5852; x_wconf 68' lang='lat' dir='ltr'><strong>\M‘tll,</strong></span> <span class='ocrx_word' id='word_1_925' title='bbox 2667 5789 2744 5841; x_wconf 91' lang='lat' dir='ltr'><strong>l0.</strong></span> 
     </span>
    </p>
   </div>
   <div class='ocr_carea' id='block_1_125' title="bbox 3146 5714 3377 5769">
    <p class='ocr_par' dir='ltr' id='par_1_125' title="bbox 3146 5714 3377 5769">
     <span class='ocr_line' id='line_1_125' title="bbox 3146 5714 3377 5769; baseline 0 0"><span class='ocrx_word' id='word_1_926' title='bbox 3146 5716 3191 5745; x_wconf 81' lang='grc'><strong>³⁸</strong></span> <span class='ocrx_word' id='word_1_927' title='bbox 3218 5714 3377 5769; x_wconf 82' lang='lat' dir='ltr'><strong>Joan.</strong></span> 
     </span>
    </p>
   </div>
  </div>
