4186 6442
801 368 905 433 975

1988 373 2047 429 S.
2094 369 2482 429 ANASTASII
2528 374 2848 433 SINAITA“.

3915 380 4015 443 976

796 494 1011 547 nitatem
1035 488 1130 543 Dei
1158 489 1237 549 ”.
1261 496 1550 557 propterea
1583 486 1727 555 quod
1762 488 1961 540 tluvius
1985 488 2074 539 Dei
2108 503 2359 555 egressus
2387 491 2430 544 Α
2462 487 2514 539 in
2552 500 2696 543 terra
2731 491 2990 545 Ecclesia:
3034 490 3363 558 resplendet,
3396 503 3451 546 et
3481 493 3765 547 adoratur.
3808 495 4013 548 Aurum

796 599 864 638 ex
896 590 1129 653 paterno
1154 582 1325 636 fonte.
1357 580 1598 648 repletus
1626 591 1710 631 est
1747 580 1905 647 aquis
1939 578 2185 646 gentium
2222 593 2357 645 quas

797 673 1019 744 quidem
1057 674 1469 739 evangelirabat
1507 672 1779 739 propheta
1813 672 2002 722 dit-eus
2038 690 2047 719 :
2089 671 2153 721 lt't
2207 688 2355 738 (γ’γε-
2422 670 2425 675 “

794 770 967 820 dietur
997 766 1248 819 Dominus
1285 768 1353 816 ml
1410 780 1490 815 eos
1542 774 1793 832 tanquam
1847 764 2033 822 ﬂuuius
2087 764 2226 827 puris
2284 762 2354 819 ⁶⁰;

793 861 884 929 qui
909 860 1085 913 dicit:
1125 860 1203 912 Ea:
1230 858 1388 910 Putre
1422 874 1533 908 meo
1572 874 1686 906 sunt
1740 870 2000 921 egressus,
2042 864 2089 904 et
2142 854 2255 904 reni
2306 854 2357 903 in

795 955 1048 1005 mundum
1075 953 1113 979 “
1153 968 1164 1001 :
1198 964 1452 1017 egressus
1477 965 1594 1001 sutn
1630 948 1693 999 ad
1732 949 1962 999 salutem
2016 946 2199 1013 populi
2231 947 2354 1005 ituri,

796 1043 1205 1099 adservandos
1267 1042 1504 1093 clzrislos
1562 1056 1730 1091 meos.
1787 1039 1959 1107 llujus
2007 1055 2139 1103 ergo
2188 1034 2357 1087 divini

797 1135 945 1188 fluvii
1012 1134 1260 1186 divinum
1321 1148 1350 1181 e
1404 1132 1540 1181 melo
1574 1147 1853 1196 egressum
1900 1130 2051 1198 prius
2095 1128 2359 1181 describit

798 1225 988 1281 Moses.
1044 1223 1277 1276 dicens:
1332 1220 1541 1271 Flavius
1594 1222 1854 1287 egreditur
1905 1235 1967 1269 ex
2010 1218 2200 1279 fidem,
2257 1218 2358 1269 hoc

790 1328 895 1375 est,
925 1333 987 1369 ex
1016 1313 1429 1369 abundantibus
1449 1313 1684 1372 deliciis,
1719 1312 1783 1363 ad
1827 1311 2159 1379 irrigandum
2207 1326 2359 1376 para-

790 1407 972 1459 disutn
1038 1422 1137 1473 per
1192 1404 1335 1455 illam
1385 1417 1580 1470 aquam
1633 1418 1752 1468 quas
1809 1401 2111 1467 egredi'm,

794 1515 891 1567 per
917 1498 1182 1567 Spiritum
1219 1495 1313 1563 qui
1349 1494 1596 1562 procedit
1622 1512 1649 1546 a
1687 1495 1864 1546 l’atre.
1904 1495 2003 1555 Qui
2042 1494 2188 1544 enim
2232 1509 2354 1544 eum

790 1590 1021 1657 suscipit
1054 1587 1306 1645 fluvium,
1332 1587 1535 1638 diversi
1565 1586 1716 1637 fluvii
1747 1602 1809 1635 ex
1848 1594 2024 1635 uentre
2053 1585 2162 1651 ejus
2195 1586 2358 1650 [luent

792 1698 943 1751 aqua:
976 1682 1102 1731 vira'
1130 1681 1199 1731 “’.
1233 1679 1345 1731 Iloc
1368 1678 1513 1729 enim
1546 1682 1731 1743 aperte
1780 1690 1881 1726 nos
1930 1674 2090 1727 docet
2131 1673 2358 1726 historia

791 1772 984 1825 dicens
1041 1771 1268 1823 fluvium
1306 1768 1399 1835 qui
1452 1766 1732 1834 egreditur
1767 1782 1834 1818 ex
1886 1766 2056 1818 [idem
2101 1764 2362 1833 multipli-

2165 1416 2358 1467 mmpc

2413 1833 2431 1858 )

2461 584 2605 634 enim
2635 592 2903 635 terrarum
2928 585 3220 636 multarum
3260 584 3524 649 (gentium
3555 588 3627 637 dii
3652 599 3706 639 et
3738 588 3903 639 idola)
3934 596 4015 637 est

2463 678 2681 728 malum.
2723 676 3019 728 obscurum
3050 687 3103 727 et
3138 677 3526 729 adulterinum.
3553 679 3607 729 In
3631 681 3816 730 IlllllllS
3838 688 4014 730 autem

2462 768 2596 821 locis
2626 768 2822 820 dixitne
2850 768 3167 834 Seripturm,
3220 768 3332 834 ipse.
3383 784 3599 835 quoque
3650 779 4016 836 perscrutatus

2464 858 2710 909 invenies
2742 874 2933 909 aurum
2964 859 3103 909 sumi
3141 872 3240 925 pro
3271 859 3436 923 figura
3478 860 3780 910 divinitatis
3834 860 4007 910 Verbi.

2463 950 2595 999 At't'a
2619 948 2765 998 enim
2799 949 2997 1014 lignea,
3026 963 3147 1014 qua:
3176 957 3294 999 erat
3342 958 3575 1005 terrena,
3631 949 3869 999 obducta
3901 956 4015 999 erat

2464 1042 2794 1093 intrinsecus
2825 1050 2879 1092 et
2904 1040 3248 1092 extrinsecus
3274 1055 3407 1091 auro
3432 1055 3569 1105 puro
3601 1041 3653 1090 in
3686 1050 3874 1107 vaum
3928 1040 4013 1091 lti-

2464 1134 2729 1185 viuitatis.
2757 1132 3020 1185 Similiter
3044 1142 3099 1184 et
3134 1134 3394 1200 tetnplum
3426 1134 3733 1183 Salomonis
3765 1144 4017 1185 ornatutn

2460 1235 2577 1279 erat
2621 1242 2756 1277 auro
2794 1226 3107 1293 purissimo.
3166 1224 3338 1277 l’orro
3386 1234 3565 1275 autem
3616 1242 3739 1275 arra
3804 1239 4018 1290 quoque

2460 1336 2621 1371 aurea
2657 1320 2935 1372 Christum
2984 1318 3218 1370 Verbum
3264 1318 3421 1369 nobis
3474 1316 3625 1383 prius
3673 1315 4019 1369 describebat

2459 1420 2515 1462 ct
2540 1410 2938 1477 przuligurabat.
2980 1410 3044 1462 lit
3082 1409 3311 1461 fortasse
3338 1424 3402 1460 ea
3440 1407 3505 1459 de
3537 1423 3699 1459 causa
3727 1409 3863 1475 .‘lagi
3888 1421 4019 1474 quo~

2459 1520 2564 1570 que
2597 1501 2814 1554 (lbristo
2847 1504 2986 1567 (vice
3021 1501 3291 1564 omnium)
3333 1501 3574 1564 gentium
3606 1514 3801 1549 aurum
3830 1500 4019 1550 oll'cre-

2463 1594 2609 1651 baut,
2635 1594 2868 1645 contrita
2894 1592 3130 1657 imagine
3163 1591 3484 1644 idololatriae
3530 1606 3650 1658 qua:
3682 1602 3797 1642 erat
3850 1589 4018 1657 llaby-

2462 1687 2608 1743 louc,
2642 1697 2697 1737 et
2726 1702 2787 1737 ea
2823 1685 2922 1752 ipsi
2949 1685 3150 1743 oblata,
3177 1672 3392 1736 llerllllt
3427 1684 3774 1735 obscuratam
3810 1693 3865 1733 et
3897 1698 4020 1732 era-

2462 1787 2775 1828 nesceulem
2804 1776 2990 1827 Adami
3019 1776 3307 1843 imaginem
3334 1776 3475 1841 (qua:
3506 1776 3675 1825 fuerat
3717 1772 3886 1841 898
3931 1772 4021 1825 Dei

792 1863 907 1916 cari
930 1870 987 1915 et
1014 1860 1188 1914 scindi
1224 1860 1275 1911 iu
1309 1867 1547 1926 quatuor
1572 1856 1788 1919 fluvios,
1812 1866 1867 1910 et
1896 1856 2220 1929 ellieientem
2251 1857 2354 1908 lic—

2464 1868 2639 1935 ituago
2678 1876 2733 1919 et
2766 1867 3091 1927 similitudo,
3123 1874 3177 1917 et
3206 1868 3365 1934 cujus
3400 1866 3687 1917 character
3722 1866 3880 1917 valde
3909 1874 4023 1916 erat

791 1955 975 2006 clesize
1020 1952 1339 2021 spiritualcs
1374 1950 1614 2003 divitias.
1679 1949 1751 2002 De
1798 1965 1904 2017 qua
1955 1949 2089 2000 dicit
2140 1947 2352 1999 David:

793 2044 1198 2097 lnebriabuntnr
1240 2061 1271 2095 ιι
1310 2042 1624 2111 pinguedine
1656 2040 1838 2090 domus
1864 2048 1985 2099 tum,
2020 2047 2067 2089 et
2128 2044 2357 2089 torrente

789 2136 1072 2205 voluptatis
1119 2145 1221 2187 tua:
1246 2134 1447 2201 potabis
1498 2148 1629 2191 eos;
1679 2133 1929 2200 quoniam
1981 2131 2122 2200 apud
2175 2141 2223 2182 te
2279 2137 2356 2181 est

792 2229 907 2295 fons
929 2229 1047 2280 vita!
1075 2227 1139 2279 ⁵³.

865 2319 1076 2372 Flavius
1110 2328 1287 2369 autent
1311 2318 1576 2384 egreditur
1600 2333 1664 2369 ea:
1700 2317 1860 2369 Edent
1909 2317 1978 2366 ad
2026 2313 2354 2379 irriymnhmt

792 2409 1097 2477 paradisum
1122 2424 1140 2460 :
1168 2407 1314 2460 illinc
1340 2409 1653 2476 dispergitur
1682 2408 1735 2459 in
1762 2414 1991 2476 quatuor
2020 2408 2190 2458 initia.
2214 2405 2354 2457 Sub-

794 2514 1105 2557 terraueam
1171 2502 1391 2570 quidem
1432 2502 1653 2570 maligni
1711 2501 2104 2569 irrigatiouem,
2151 2500 2354 2551 lentem

790 2595 1086 2664 appellavit
1142 2594 1409 2663 propheta
1476 2593 1672 2652 Moses.
1736 2592 2037 2645 ostendens
2077 2592 2354 2644 diabolum

789 2702 910 2740 esse
945 2696 1224 2740 auctorem
1250 2693 1306 2737 et
1332 2685 1636 2751 genitorem
1669 2684 1809 2745 vitii,
1844 2693 1900 2736 ct
1928 2698 2036 2735 non
2071 2682 2139 2735 ab
2167 2683 2355 2749 aliquo

786 2780 899 2833 alio
929 2779 1206 2847 accepisse
1236 2778 1457 2839 malum,
1494 2776 1588 2829 sed
1643 2775 1821 2844 ipsutn
1869 2791 1990 2828 esse
2044 2775 2248 2828 fontem
2298 2783 2355 2827 et

791 2871 1009 2924 initiqu
1061 2869 1320 2937 peccati;
1373 2870 1545 2921 sancti
1602 2877 1786 2920 autem
1834 2866 2072 2935 Spiritus
2123 2868 2352 2935 gratiam

792 2973 1051 3028 tauquam
1078 2976 1141 3013 ex
1172 2958 1329 3012 Patre
1360 2959 1586 3011 fontano
1626 2959 2016 3025 procedentem
2053 2958 2356 3011 nominavit

790 3050 1022 3104 fluvium
1053 3058 1362 3118 separatum
1392 3049 1460 3102 ab
1491 3048 1807 3103 infidelibus
1839 3067 1851 3100 :
1884 3049 2200 3117 irrigautcm
2255 3066 2353 3101 au-

2461 1953 2784 2005 immutatus
2821 1967 2883 2005 ac.
2907 1954 3145 2011 deletus,
3170 1954 3550 2021 contritusquc
3583 1954 3751 2006 animi
3786 1954 4022 2005 motibus

2457 2058 2520 2094 ac
2552 2042 3107 2111 perturbationibus),
3141 2052 3198 2095 et
3223 2043 3482 2110 reliquias
3520 2042 3835 2095 divinorum
3874 2058 4023 2095 tuan-

2456 2135 2709 2185 datorum
2738 2150 2803 2186 ex
2852 2150 3065 2186 veneno
3111 2136 3403 2202 serpentis,
3455 2135 3712 2188 Christus
3763 2146 4021 2203 tanquam

2457 2224 2677 2277 divinus
2708 2225 2994 2278 character
3022 2234 3263 2293 paterna:
3306 2228 3633 2296 hypostasis,
3672 2227 4024 2279 reformasset

2458 2318 2511 2370 iu
2538 2318 2717 2385 scipso
2746 2318 2889 2370 servi
2928 2318 3156 2370 formam
3206 2318 3537 2387 suscipiens,
3588 2318 3874 2387 signaculo
3930 2319 4025 2371 ba-

2455 2410 2726 2479 ptismatis
2759 2425 2856 2478 per
2878 2425 3076 2478 aquam
3115 2419 3169 2463 et
3203 2409 3383 2478 ignem
3426 2425 3548 2463 eam
3583 2419 3936 2479 expurgarct,
3969 2411 4023 2463 in

2454 2520 2517 2554 ea
2552 2502 2815 2569 impressa
2853 2502 3076 2569 propria
3101 2512 3157 2555 et
3196 2503 3558 2555 conveniente
3606 2503 3820 2555 ratione
3870 2501 4021 2555 fidei.

2458 2590 2523 2643 lit
2552 2606 2742 2643 rursus
2772 2591 2864 2642 fiat
2893 2607 3082 2641 nurum
3116 2590 3260 2642 illius
3286 2599 3443 2643 terrm
3475 2590 3684 2651 bonum,
3713 2606 4028 2659 congruen-

2460 2691 2542 2732 ter
2591 2682 2641 2733 ei
2678 2680 2823 2749 quod
2873 2680 3138 2749 scriptum
3186 2691 3272 2735 est
3324 2681 3392 2735 de
3454 2682 3728 2750 spirituali
3782 2682 4028 2736 Ecclesia

2455 2773 2687 2826 Eeitath.
2715 2774 2770 2825 lu
2797 2789 2861 2826 ea
2892 2774 3037 2826 enim
3078 2774 3190 2827 sola
3234 2782 3320 2827 est
3350 2774 3582 2842 probum
3608 2783 3664 2827 et
3712 2790 3822 2826 non
3869 2775 4025 2828 adul-

2456 2866 2694 2917 terinum
2728 2880 2923 2917 aurum
2960 2865 3299 2932 dogmatum.
3332 2869 3527 2917 Arcam
3548 2875 3729 2918 autem
3752 2880 3879 2933 qua:
3904 2874 4028 2918 ante

2455 2957 2726 3025 significat
2754 2956 2996 3025 gentium
3042 2957 3363 3023 Ecelesiam,
3399 2957 3534 3009 dicit
3591 2958 3930 3009 intrinsecus
3976 2964 4031 3010 e’.

2456 3050 2803 3101 extrinsecus
2832 3063 2968 3101 auro
3015 3064 3154 3117 puro
3194 3063 3315 3102 esse
3349 3049 3643 3102 obductam
3693 3049 4029 3107 Divinitatis,

788 3151 900 3198 tem
938 3152 1176 3210 quatuor
1200 3142 1373 3195 initiis
1396 3146 1445 3208 (a
1471 3142 2120 3211 finibus,inquam,orbis
2152 3145 2352 3211 terrae),
2382 3159 2422 3215 ρ
2455 3142 2713 3207 quoniam
2741 3150 2797 3194 et
2821 3156 2943 3208 qure
2964 3150 3091 3193 sunt
3122 3141 3465 3194 extrinsecus
3510 3142 3651 3209 (qua:
3705 3140 3823 3193 sola
3877 3140 4031 3192 videt

786 3235 1100 3306 paradisum
1130 3235 1385 3288 Ecclesia:
1433 3250 1622 3288 eorum
1664 3235 1756 3303 qui
1803 3235 2035 3288 credunt
2094 3236 2148 3288 in
2192 3235 2349 3289 Chri-

788 3337 955 3381 stum.
1006 3324 1207 3379 Nomen
1234 3334 1411 3378 autem
1446 3327 1538 3377 uni
1582 3325 1796 3378 Phison.
1853 3325 1957 3378 Istc
2006 3336 2077 3379 est
2117 3329 2206 3395 qui
2251 3328 2352 3379 cir-

787 3419 890 3471 cuit
921 3432 1131 3467 omnem
1160 3424 1356 3467 terram
1386 3413 1616 3467 Evilath.
1662 3413 1719 3466 lu
1757 3413 2015 3467 omnibus
2060 3414 2196 3467 locis
2237 3424 2350 3468 ter-

727 3536 731 3539 -
790 3510 941 3562 renis
970 3523 1090 3575 qua:
1115 3514 1244 3558 sunt
1278 3506 1583 3569 manifesta,
1622 3522 1729 3557 non
1754 3516 1837 3559 est
1862 3506 2016 3558 locus
2051 3506 2143 3574 qui
2187 3522 2349 3560 voca-

790 3606 882 3652 tur
910 3596 1145 3651 Evilath.
1200 3595 1566 3659 Quamobrem
1628 3595 1758 3649 hinc
1806 3611 2025 3664 quoque
2074 3597 2354 3666 arguimus

790 3686 1045 3740 inlideies
1103 3686 1249 3754 quod
1304 3688 1562 3756 mysteria
1608 3686 1914 3755 spiritualia
1960 3687 2121 3741 nobis
2168 3699 2355 3742 narrat

790 3778 1096 3847 Scriptura.
1121 3777 1324 3830 Phison
1352 3778 1499 3830 enim
1538 3779 1950 3847 interpretatur,
1995 3797 2050 3832 os
2086 3780 2355 3833 alteratio-

792 3871 891 3922 nis.
947 3869 1063 3936 Ipsa
1102 3878 1282 3921 autem
1312 3869 1559 3922 alteratio
1588 3886 1682 3923 seu
1721 3872 1948 3924 mutatio
1973 3873 2208 3925 dextene
2248 3874 2355 3925 Ex-

791 3960 921 4015 celsi
970 3962 1113 4013 facta
1161 3970 1246 4013 est
1270 3976 1392 4014 cum
1417 3961 1661 4014 divinum
1694 3962 1930 4015 Verbum
1959 3964 2248 4018 alterassct
2295 3980 2357 4017 ac

793 4061 1064 4105 mutasset
1093 4070 1104 4103 :
1137 4070 1198 4105 us
1224 4060 1280 4105 et
1316 4052 1569 4121 spiritum
1606 4054 1884 4115 Ecclesitc,
1916 4071 1979 4107 ex
2022 4056 2357 4124 blasphemia

796 4146 852 4198 in
874 4142 1061 4205 fidem,
1083 4154 1138 4197 et
1165 4160 1231 4196 ex
1266 4144 1651 4198 maledicentia
1684 4146 1737 4197 in
1770 4146 2099 4215 theologiam
2129 4162 2224 4200 seu
2263 4148 2357 4201 Dei

798 4236 1015 4290 laudem
1049 4251 1112 4289 ac
1145 4236 1614 4304 pnedieatioucm.
1644 4236 1855 4289 Evilath
1906 4247 2109 4297 autem,
2168 4252 2361 4290 rursus

797 4327 1197 4395 interpretatur
1225 4326 1525 4394 parturiens
1552 4334 1607 4378 et
1648 4309 1881 4394 pariens.
1911 4324 2191 4393 Significat
2214 4325 2359 4378 enim

796 4418 1020 4490 preprie
1041 4418 1286 4486 gentium
1314 4416 1615 4471 Eeclcsiam
1651 4432 1773 4485 qua:
1794 4417 2090 4485 aliquando
2110 4424 2228 4470 erat
2249 4426 2361 4470 sle-

2456 3231 2696 3300 Judatus)
2729 3232 2874 3285 Deus
2903 3231 3070 3284 cllicit
3101 3242 3159 3284 ut
3195 3231 3437 3301 fulgeant
3474 3250 3485 3283 :
3518 3242 3575 3285 et
3599 3247 3722 3301 quze
3774 3240 3906 3284 sunt
3954 3231 4033 3283 in-

2449 3324 2745 3383 trinsecus,
2774 3338 2897 3391 qua:
2928 3338 3051 3376 cum
3093 3324 3158 3375 iis
3180 3339 3303 3391 qua:
3324 3333 3453 3377 sunt
3484 3325 3835 3377 extrinsecus
3882 3325 4028 3392 aspi-

2448 3415 2527 3468 cis
2549 3414 2805 3483 (populus
2828 3413 3089 3481 gentiliS),
3120 3414 3263 3466 idem
3292 3414 3583 3473 illuminat,
3618 3429 3738 3466 eam
3773 3414 4024 3482 undique

2452 3507 2755 3567 illustraus,
2793 3505 3008 3557 etiamsi
3032 3504 3254 3558 Judaeus
3280 3513 3500 3573 propter
3528 3505 3896 3574 ignorantiam
3924 3520 4030 3557 non

2450 3599 2597 3651 videt
2615 3599 2938 3666 probitatem
2958 3600 3076 3665 ejus
3097 3597 3242 3666 quod
3266 3608 3350 3650 est
3368 3597 4031 3667 cxtrinsecus.’l'emplum

2452 3698 2634 3740 autem
2675 3687 2983 3739 Salomonis
3012 3687 3282 3755 ligurabat
3316 3686 3578 3754 templum
3614 3686 3947 3749 humanum,
3982 3691 4035 3740 in

2453 3794 2563 3846 quo
2613 3778 2823 3831 habitat
2868 3778 3162 3831 Trinitas:
3201 3778 3347 3846 quod
3416 3778 3752 3832 intrinsecus
3805 3780 4031 3847 quidem

2454 3870 2625 3938 fulget
2682 3886 2836 3931 auro,
2880 3880 3174 3939 propterea
3207 3870 3354 3938 quod
3379 3872 3636 3939 templum
3662 3871 3756 3924 Dei
3782 3873 3935 3939 quod
3956 3881 4036 3925 est

2458 3962 2512 4015 in
2545 3961 2767 4015 homine
2810 3962 3144 4015 intrinsecus
3184 3962 3361 4014 solum
3387 3961 3588 4015 habere
3615 3962 3817 4015 debeat
3843 3964 4035 4031 splen-

2459 4052 2648 4105 dorem
2679 4066 2931 4120 operum,
2959 4060 3015 4103 et
3037 4067 3144 4103 non
3185 4053 3349 4104 etiam
3371 4052 3717 4104 extrinsecus
3740 4052 3809 4104 ad
3838 4063 4032 4106 osten-

2460 4142 2722 4195 tationem
2750 4157 2762 4192 :
2793 4140 3052 4208 quoniam
3090 4139 3276 4208 fulgur
3307 4153 3527 4208 quoque
3557 4139 3877 4194 Divinitatis
3899 4142 4024 4194 illu-

2461 4233 2633 4285 minat
2656 4230 2912 4291 animant,
2938 4239 2995 4283 et
3023 4245 3142 4283 eam
3174 4229 3355 4282 reddit
3382 4244 3517 4282 auro
3552 4228 3724 4282 forma
3760 4231 4033 4294 similem;

2464 4338 2663 4391 corpus
2687 4332 2869 4375 autem
2901 4330 3085 4374 manet
3127 4322 3435 4390 neglectum
3488 4330 3545 4374 et
3605 4328 3989 4390 contemptum
4020 4343 4032 4374 :

2463 4416 2666 4469 nullam
2698 4414 2843 4468 enim
2879 4414 2997 4482 ejus
3022 4413 3186 4466 habet
3226 4412 3490 4465 rationem
3536 4412 3583 4464 is
3609 4412 3697 4465 cui
3725 4426 3880 4465 curre
3909 4423 4037 4466 sttnt

798 4510 936 4574 rilis,
966 4511 1031 4561 ad
1060 4524 1223 4577 quam
1262 4509 1403 4561 Deus
1433 4509 1631 4561 clamat
1657 4523 1757 4575 per
1802 4521 1991 4560 vocem
2041 4508 2355 4576 prophelm:
2390 4490 2437 4549 θ
2464 4512 2697 4564 interna.
2749 4508 2916 4562 Porro
2947 4516 3129 4561 autem
3178 4524 3313 4561 urna
3351 4522 3569 4576 quoque
3610 4505 3918 4575 (siquidem
3945 4522 4035 4560 ac-

794 4602 1017 4661 Iatarc,
1040 4600 1233 4653 sterilis
1256 4616 1374 4667 qua:
1400 4616 1501 4651 non
1534 4600 1711 4666 paris;
1733 4614 1942 4667 erumpe
1958 4606 2007 4649 et
2031 4598 2224 4660 clama,
2252 4616 2367 4668 qua:

796 4709 899 4745 non
920 4692 1152 4763 parturis
1184 4709 1200 4744 :
1231 4692 1483 4761 quoniam
1507 4688 1684 4759 plures
1714 4698 1834 4741 sunt
1856 4688 1956 4756 lilii
1997 4690 2217 4742 deserta:
2254 4706 2369 4741 rna-

797 4783 872 4851 gis
892 4799 1051 4851 quant
1079 4782 1193 4850 ejus
1238 4796 1352 4849 qua!
1378 4780 1527 4832 habet
1559 4780 1727 4831 eiram
1750 4778 1796 4809 “
1842 4793 1907 4831 ex
1960 4778 2183 4833 Juda-is.
2221 4778 2369 4843 Quo-

797 4875 942 4926 niam
973 4871 1178 4925 sterilis
1210 4871 1426 4939 peperit
1459 4879 1668 4936 septem
1701 4884 1715 4931 ;
1756 4878 1811 4921 et
1852 4884 1972 4937 quae
2001 4870 2240 4936 parturit
2281 4877 2368 4920 est

796 4963 1101 5032 propinqua
1138 4962 1340 5030 partui,
1373 4973 1429 5013 et
1459 4960 1513 5011 iu
1572 4968 1729 5028 partu
1789 4974 1890 5012 suo
1940 4959 2019 5011 sic
2061 4958 2359 5011 clamavit:

795 5054 976 5107 tieuiti
1012 5069 1202 5106 sumus
1225 5054 1427 5105 dilecto
1452 5050 1587 5103 Filio
1620 5052 1712 5103 Dei
1761 5052 1854 5118 qui
1904 5050 2107 5103 dicitur
2140 5051 2361 5111 l’liisou,

796 5148 888 5213 qui
912 5156 997 5198 cst
1023 5160 1084 5196 os
1121 5145 1315 5202 l’atris,
1353 5154 1409 5197 et
1445 5144 1676 5195 mutavit
1707 5158 1880 5209 genus
1911 5152 2156 5195 nostrum
2186 5160 2214 5193 a
2241 5157 2361 5193 ear-

799 5236 1050 5301 ruptioue
1077 5235 1130 5286 in
1158 5232 1653 5301 incorruptionem,
1683 5240 1737 5281 et
1790 5232 1972 5282 circuit
2019 5238 2075 5282 et
2126 5232 2364 5283 custodit

798 5343 1001 5378 omnem
1024 5334 1225 5377 terram
1259 5324 1466 5378 Evilat]:
1487 5339 1607 5391 quae
1635 5322 1869 5390 parturit
1898 5331 1947 5373 et
2001 5323 2141 5389 parit
2181 5323 2355 5390 ipsum

797 5418 1096 5470 Christum.
1148 5417 1516 5484 Quamobrem
1562 5414 1845 5482 subjuuxit
1892 5414 2079 5466 dicens
2132 5415 2199 5466 de.
2260 5416 2357 5466 hae

801 5509 1079 5577 spiritualt
1111 5508 1341 5567 Eetluth,
1367 5506 1509 5575 quod
1545 5506 1653 5558 illic
1681 5516 1755 5557 est
1788 5521 1998 5558 aurum.
2032 5522 2222 5557 aurum
2264 5525 2359 5557 ua-

800 5611 901 5651 tem
932 5601 1075 5652 illius
1108 5610 1262 5651 terra?
1285 5608 1358 5651 est
1389 5599 1579 5650 bonum
1623 5613 1641 5650 :
1674 5598 1777 5649 hoc
1814 5608 1893 5650 cst
1930 5596 2195 5650 Divittitas
2239 5615 2358 5666 quae

868 5744 911 5772 ⁸⁸
954 5742 1090 5794 Psal.
1126 5757 1243 5800 xcv,
1269 5742 1317 5792 5.
1362 5740 1405 5770 ‘°
1428 5739 1531 5793 lsa.
1562 5756 1697 5794 t.xvt.
1740 5739 1815 5792 ω.

804 5815 825 5842 ⁸
848 5813 1005 5865 Deut.
1040 5830 1107 5869 μ,
1134 5812 1221 5864 L’i.
1304 5812 1349 5841 “
1378 5810 1517 5863 Psal.
1562 5825 1685 5871 xvtt,
1709 5810 1759 5859 ε).

1900 5741 1940 5768 ⁶¹
1966 5738 2115 5792 Joan.
2149 5755 2253 5803 xvt,
2281 5739 2369 5792 28.

2462 4600 2701 4668 cipiatur
2738 4615 2840 4668 pro
2869 4600 3073 4668 anima)
3101 4598 3208 4653 fert
3238 4598 3452 4659 Manna,
3484 4612 3680 4665 nempe
3702 4595 3988 4650 Christum
4017 4617 4030 4658 ;

2463 4690 2545 4742 sin
2586 4700 2768 4743 autem
2817 4706 2916 4758 pro
2964 4690 3230 4752 Ecclesia,
3284 4690 3393 4742 fert
3446 4704 3641 4757 panem
3690 4689 4030 4757 mysticum:

2465 4796 2627 4849 quem
2653 4782 2874 4849 quidem
2906 4797 3014 4833 non
3041 4780 3311 4842 redolent,
3358 4780 3622 4832 hodierno
3674 4778 3769 4832 die
3814 4789 3875 4833 et
3917 4795 4035 4834 cra-

2468 4874 2615 4927 stino
2645 4882 2701 4927 ct
2732 4874 3011 4941 deinceps,
3036 4888 3233 4925 manna
3266 4881 3675 4924 conservantes.

2536 4964 2631 5017 Est
2664 4964 2830 5018 etiam
2854 4965 2995 5018 alius
3014 4964 3232 5032 quidam
3264 4964 3423 5033 lapis,
3447 4963 3540 5030 qui
3565 4961 3742 5031 gratia
3777 4976 3882 5030 per
3907 4978 4035 5017 con-

2464 5055 2927 5124 temperationcm
2980 5056 3224 5124 suscepit
3272 5055 3623 5108 auriformem
3680 5054 4037 5122 splendorem

2463 5148 2819 5211 Divinitatis;
2850 5147 2991 5200 alius
3015 5156 3198 5201 autem
3226 5147 3320 5215 qui
3359 5145 3599 5214 suscepit
3638 5160 3778 5213 puta
3808 5155 3867 5199 ct
3922 5162 4035 5199 non

2463 5236 2771 5290 adulterina
2806 5236 3093 5305 theologia:
3120 5235 3394 5306 dogmata,
3418 5246 3474 5289 et
3496 5236 3563 5288 iis
3585 5234 3900 5288 illustratur
3936 5251 3951 5287 :
3983 5245 4039 5288 et

2464 5328 2574 5381 illic
2595 5337 2681 5381 est
2701 5327 3071 5381 carbunculus
3094 5338 3150 5381 et
3172 5329 3309 5396 lapis
3330 5328 3612 5396 prasinus;
3638 5325 4034 5387 carbunculus,

2469 5419 2561 5471 Sol
2594 5418 2855 5477 cmlcstis,
2882 5419 3028 5471 Deus
3065 5419 3320 5472 Verbum.
3360 5419 3491 5471 Deus
3535 5419 3683 5470 enim
3737 5427 3914 5469 noster
3963 5428 4037 5472 est

2466 5510 2600 5577 ignis
2636 5525 2944 5560 consumens
2982 5510 3025 5539 "
3064 5527 3075 5561 :
3109 5518 3165 5562 et
3213 5510 3336 5563 ideo
3391 5510 3657 5562 carbones
3701 5508 3873 5561 etiam
3926 5527 4038 5562 sac-

2468 5601 2605 5652 ccnsi
2630 5611 2752 5652 sunt
2784 5600 2847 5652 ab
2872 5617 2931 5652 eo
2962 5602 3028 5654 ⁸⁸.
3060 5601 3234 5670 Hujus
3257 5602 3349 5670 qui
3391 5601 3593 5655 dicitur
3636 5600 4036 5659 carbunculus,

2449 5741 2493 5768 ἰ’
2516 5739 2670 5793 Joau.
2698 5756 2789 5807 γη,
2819 5738 2903 5792 58.
2982 5740 3026 5770 ⁸³
3057 5740 3195 5793 Psal.
3234 5756 3387 5806 xxvi,
3418 5739 3469 5800 9,
3508 5740 3588 5792 ll}.
3666 5740 3710 5767 “
3733 5738 3835 5789 lsa.
3867 5736 4035 5799 qu.
