4186 6442
133 385 231 446 977

1196 383 1270 439 Ν
1313 378 1852 439 ΙΙΕΧΛΕΜΕΗΟΝ.
1882 404 1949 414 -
1976 381 2116 440 LIB.
2162 382 2320 439 Vlll.

3257 380 3363 439 978

133 504 260 548 sunt
290 510 487 548 omnes
514 498 633 563 ejus
659 494 907 561 imaginis
945 495 1270 552 coniuratus,
1307 494 1487 545 eﬂeeti
1527 494 1689 544 lumi-
1726 498 1768 549 Α
1802 491 2211 546 Bethleemitico
2268 494 2407 544 antri
2467 492 2617 544 fonte
2652 531 2666 551 ,
2724 492 2788 543 ad
2840 494 2978 543 (.‘con
3023 491 3249 543 lluvium
3306 492 3359 544 in

132 588 283 639 naria
322 585 529 653 quibus
562 586 779 638 dicebat
811 603 820 635 :
850 585 1093 653 I‘Igosum
1121 585 1211 635 .‘tu'
1235 588 1412 636 mundi
1440 586 1504 636 ⁸⁵⁷.
1543 584 1696 637 lluue

133 679 430 730 carbonem
468 679 560 729 Dei
597 677 757 729 \‘erlii
791 678 941 743 prius
990 678 1280 745 descripsit
1327 695 1390 728 ae
1446 676 1697 740 liguravit

134 771 219 822 ille
248 786 478 836 quoque
507 770 674 823 carbo
712 786 873 837 quem
908 767 1037 822 vidit
1096 770 1263 820 Isaias
1308 770 1353 797 "‘
1412 770 1464 819 iu
1518 770 1698 819 medio

130 876 249 913 esse
276 862 512 928 loreipe.
540 870 593 912 et
633 877 864 927 purgare
894 862 1016 930 ejus
1052 876 1293 929 pet-cata.
1332 862 1567 927 l’oreeps
1605 877 1699 911 att-

131 959 234 1001 tcui
260 949 472 1001 Christi
507 964 601 1014 per
629 949 765 1002 duas
792 950 1047 1017 pinnulas
1078 966 1205 1001 eum
1252 960 1445 1001 tenens
1490 961 1575 1001 est
1613 950 1697 1001 iu-

132 1047 399 1091 temcrata
426 1040 549 1107 ejus
587 1039 771 1099 Slater.
804 1050 859 1091 et
888 1040 1298 1093 sanctissimum
1328 1042 1447 1107 ejus
1476 1055 1697 1107 corpus.

129 1130 240 1183 Illic
271 1138 375 1185 est.
408 1130 461 1181 in
491 1131 673 1182 medio
694 1131 903 1184 scilicet
926 1147 1141 1189 eorum,
1174 1132 1563 1189 earbuneulus,
1608 1131 1702 1182 de-

128 1221 251 1274 inde
286 1238 485 1275 rursus
513 1223 566 1274 in
602 1222 793 1274 eodem
818 1223 981 1274 lluvio
1008 1224 1382 1291 lapisquuque
1417 1224 1695 1290 prasinus.

128 1315 349 1366 Primus
383 1314 606 1381 quidem
637 1315 956 1367 carbunculi
988 1316 1140 1367 color
1172 1324 1256 1365 est
1317 1316 1577 1371 (molestis,
1618 1328 1702 1365 se.-

126 1405 345 1458 cnndus
368 1414 558 1457 autem
593 1405 911 1458 terrestris:
949 1416 1232 1472 propterea
1263 1406 1408 1456 enim
1457 1419 1559 1455 nec
1601 1419 1698 1471 ap-

128 1498 291 1565 pellat
314 1498 559 1563 lapidem
591 1497 685 1564 qtti
716 1498 959 1550 nascitur
980 1516 1009 1550 c
1044 1508 1206 1559 terra,
1233 1506 1288 1550 et
1316 1496 1409 1565 qui
1435 1507 1519 1548 est
1545 1503 1704 1563 typus

127 1601 367 1643 terrena:
398 1590 585 1643 carnis
613 1590 797 1643 Verbi.
831 1591 1120 1657 Propterea
1146 1600 1326 1642 autem
1360 1587 1502 1654 quod
1536 1590 1703 1638 omnis

125 1696 250 1730 caro
274 1690 365 1733 est
391 1682 576 1745 [cuum
609 1681 674 1737 ‘9,
701 1694 861 1731 (uittae
895 1692 1076 1733 autem
1124 1680 1305 1732 fenum
1333 1679 1610 1731 vireseens
1649 1678 1700 1730 in

126 1773 312 1824 crdere
349 1773 601 1825 cernitur
649 1772 809 1825 viridi
846 1783 940 1825 aut
968 1783 1223 1839 tanquam
1256 1788 1538 1839 porrareo,
1570 1786 1687 1835 pro-

1798 583 2023 652 .lrl;.:_vpto
2063 585 2445 653 proﬁciscitur,
2473 584 2732 651 quoniam
2762 583 3036 636 secundus
3079 600 3141 636 ei:
3195 601 3356 649 pam-

1798 676 1912 727 diso
1939 677 2099 735 (icon.
2125 686 2183 729 et
2215 675 2494 729 secundus
2530 674 2806 744 hypostasi
2837 690 2903 727 ex
2957 676 3114 729 Patre
3166 678 3358 730 Pilius.

1802 765 1953 818 llude.
1998 769 2162 819 etiam
2212 783 2278 819 ex
2334 776 2729 818 eataraetarum
2765 767 3058 819 altitudine
3084 770 3365 834 egreditur

1799 867 1850 908 et
1908 858 2195 912 descendit
2226 858 2398 918 Genu,
2440 858 2698 925 quoniam
2729 859 2982 912 Christus
3036 875 3257 927 quoque
3298 876 3361 913 ex

1802 953 2103 1004 eielestium
2128 962 2527 1005 eataractarum
2550 952 2841 1005 altitudine
2878 953 3167 1005 descendit
3197 965 3368 1020 super

1804 1050 2023 1095 terram.
2061 1043 2409 1110 Superiorem
2436 1040 2723 1109 .‘Ethiopite
2750 1051 2805 1092 et
2845 1042 3157 1094 inferiorem
3202 1040 3368 1110 {Egy-

1803 1135 1878 1201 pti
1916 1134 2190 1201 regionem
2220 1134 2407 1201 irrigat
2436 1141 2491 1183 et
2524 1133 2663 1184 ditat
2695 1132 2870 1192 Genu,
2910 1135 3186 1200 quomodo
3210 1134 3368 1187 Chri-

1803 1235 1920 1277 stus
1943 1242 2162 1292 quoque
2186 1224 2427 1277 coalestia
2446 1234 2500 1276 et
2526 1225 2805 1278 terrestria
2824 1225 2963 1277 ditat
2990 1235 3044 1277 et
3073 1226 3361 1282 illuminat.

1804 1319 1877 1371 lix
1915 1317 2113 1381 ignotis
2143 1326 2201 1369 et
2236 1316 2712 1383 inaspectabilibus
2754 1318 3154 1385 inaecessisque
3184 1327 3240 1371 et
3286 1320 3370 1371 iu-

1803 1408 2196 1460 serutahililms
2244 1407 2381 1460 locis
2419 1407 2581 1459 ambo
2632 1408 2990 1473 procedentes
3027 1408 3371 1461 descendunt

1805 1498 1877 1561 in,
1909 1499 2025 1552 loca
2078 1497 2318 1554 habitata
2363 1515 2375 1549 :
2416 1508 2580 1565 atque
2626 1497 2762 1549 adeo
2805 1497 2858 1549 in
2907 1499 3067 1550 rebus
3116 1500 3372 1555 omnibus

1807 1593 1991 1645 κείω-ἧς
2044 1603 2099 1643 et
2141 1590 2406 1658 exemplis
2439 1591 2588 1642 Ceou
2624 1589 2902 1657 praalieat,
2933 1600 2988 1641 et
3027 1590 3371 1657 apertissime

1804 1686 1995 1735 elauiat
2045 1682 2248 1735 Christi
2308 1680 2584 1750 mysteria.
2637 1682 3001 1746 Quamobrem
3054 1682 3228 1743 Nilus,
3278 1684 3371 1753 qui

1806 1774 2102 1843 aliquando
2134 1773 2202 1827 ab
2246 1773 2404 1825 initio
2438 1774 2689 1826 seaturiit
2718 1774 2982 1839 sanguine
3005 1786 3064 1827 et
3089 1788 3250 1842 aqua,
3278 1791 3369 1845 per

128 1876 315 1932 pterea
341 1865 396 1916 id
426 1881 643 1932 quoque
668 1867 813 1933 quod
845 1866 1048 1918 Christi
1079 1875 1163 1918 est
1186 1867 1426 1923 carnale.
1461 1875 1519 1917 ut
1546 1865 1691 1931 quod
1732 1836 1771 1888 Β
1796 1870 2101 1933 exemplum
2163 1866 2321 1918 uoltis
2374 1875 2502 1919 ante.
2573 1867 2887 1934 pmaliravit
2940 1868 3259 1933 sanguinem
3319 1878 3369 1919 et

124 1973 155 2005 εξ
201 1966 348 2009 terra
383 1956 792 2020 germinaverit,
852 1957 1208 2009 assimilatum
1251 1966 1333 2008 est
1392 1958 1443 2007 ei
1505 1957 1694 2008 colori.

126 2046 276 2101 [nde
318 2059 491 2099 etlam
551 2047 771 2098 divinus
818 2048 1003 2100 Daniel
1041 2048 1221 2100 carnis
1267 2059 1531 2113 susceptae
1590 2048 1696 2099 dis—

126 2140 510 2204 [uriisatiunem
564 2138 799 2205 lapidem
876 2139 1192 2206 appellavit,
1254 2138 1483 2190 dicens:
1534 2139 1694 2207 Lupis

127 2244 196 2282 est
219 2234 431 2282 excisus
454 2246 519 2281 ea:
550 2242 721 2282 monte
754 2231 999 2297 virginali
1034 2232 1225 2297 alisque
1263 2231 1501 2282 numith
1529 2234 1573 2259 7°
1609 2250 1693 2283 se-

126 2324 529 2375 minatiouisrt
561 2323 973 2389 corruptionis:
1014 2321 1261 2389 Lapidem
1314 2339 1463 2387 quem
1510 2339 1695 2390 repro-

126 2415 320 2467 bamnt
366 2415 694 2467 essm-randi
750 2414 1092 2478 wdiﬁcatorrs
1151 2415 1193 2445 '“
1249 2416 1340 2482 qui
1377 2416 1441 2467 ad
1476 2431 1695 2467 earnem

128 2506 492 2558 oﬂ'enderunt
508 2522 628 2572 qtne
644 2507 900 2573 populttm
924 2522 981 2559 se
1001 2506 1269 2558 tedilieare
1292 2508 1696 2563 existimabant.

126 2596 333 2652 Seriba
360 2607 418 2651 et
450 2598 729 2651 Pharisaei.
756 2598 831 2652 De
853 2614 962 2666 quo
988 2599 1165 2667 lapide
1186 2600 1320 2651 dicit.
1363 2600 1524 2651 etiam
1556 2600 1699 2651 Dens

124 2703 224 2755 per
246 2703 443 2741 vocem
475 2689 705 2742 alterius
741 2691 1055 2758 proplteue:
1108 2691 1237 2743 Ecce
1279 2707 1414 2759 pono
1458 2692 1513 2743 in
1570 2693 1696 2743 Sion

126 2779 383 2847 lapidem,
409 2788 466 2830 ut
491 2782 657 2832 omnis
692 2782 780 2848 qui
809 2782 969 2832 credit
1004 2784 1057 2834 iu
1087 2798 1205 2833 eum
1231 2782 1425 2848 pudore
1453 2800 1551 2834 nou
1577 2783 1698 2849 afﬁ-

122 2872 301 2922 ciatur
328 2873 396 2923 ⁷³.
433 2870 578 2930 ηενρ,
614 2883 673 2925 ut
698 2889 799 2938 ego
823 2876 1043 2941 quidem
1087 2874 1347 2936 arbitror,
1406 2890 1504 2926 nos
1557 2875 1694 2927 aeni—

122 2962 369 3028 gmatiee
401 2961 562 3013 docet
589 2962 859 3027 dogmata,
903 2965 1087 3017 divina
1112 2965 1408 3032 Scriptura,
1459 2981 1556 3033 per
1598 2968 1699 3017 hos

122 3051 324 3105 ﬂuvios
358 3062 414 3104 et
439 3068 652 3116 aurum,
685 3057 1079 3108 carbunculum
1101 3066 1157 3109 ct
1179 3058 1522 3124 smaragdum
1553 3074 1694 3110 :nou

1798 1978 1991 2028 aquam
2032 1969 2407 2013 etuanaturam
2442 1977 2509 2012 ex
2551 1963 2719 2012 latere
2777 1959 2926 2010 lluvii
2983 1960 3075 2011 Dei
3127 1960 3255 2013 Jesu
3318 1960 3372 2012 in

1797 2052 2077 2115 Golgotha.
2114 2053 2175 2102 lit
2203 2062 2367 2102 totam
2396 2060 2597 2102 terram
2634 2050 2721 2103 hic
2750 2050 2899 2102 (icon
2930 2050 3094 2102 simul
3115 2050 3372 2117 irrigans,

1796 2153 1851 2193 et
1887 2159 2076 2193 rursus
2112 2141 2177 2192 ad
2204 2141 2484 2207 propritllll
2517 2156 2678 2193 suum
2704 2142 2941 2208 priorem
2970 2141 3152 2193 locum
3184 2156 3368 2193 rever-

1800 2239 1938 2284 tens.
1970 2229 2217 2280 cernitur
2242 2229 2519 2281 Christum
2550 2230 2917 2296 pradigurarc,
2962 2230 3054 2297 qui
3107 2228 3371 2282 mundum

1797 2319 2040 2385 irrigavit
2075 2327 2127 2369 et
2154 2318 2480 2371 illuminavit
2512 2319 2677 2371 simul
2715 2319 2906 2371 dicens
2939 2337 2950 2370 :
2986 2320 3096 2386 Ego
3123 2338 3155 2372 η
3212 2319 3371 2373 Patre

1799 2420 1910 2455 meo
1934 2406 2086 2468 oriri,
2112 2414 2158 2456 ct
2182 2422 2360 2457 rursus
2387 2406 2454 2457 ad
2492 2405 2703 2457 Patrem
2740 2423 2907 2459 meum
2939 2408 3092 2462 vado:
3121 2424 3371 2462 reversus

1796 2512 1914 2549 sum
1944 2496 1994 2548 in
2020 2497 2221 2561 priora,
2251 2512 2607 2564 meaqucnou
2632 2498 3047 2567 circumscripta
3070 2510 3193 2551 sunt
3233 2502 3369 2553 Ioea.

1797 2589 1900 2641 Iste
1933 2587 2336 2641 ammnissimus
2388 2598 2444 2641 et
2499 2587 2729 2657 frugifer
2784 2590 2939 2643 Nilus
2986 2591 3190 2642 oeeidit
3240 2592 3369 2643 olim

1795 2683 2092 2734 sceleratos
2130 2681 2275 2733 fetus
2303 2660 2665 2749 primogenita
2715 2682 3097 2735 Pharauuitiea
3148 2684 3370 2752 legisla-

1797 2772 1930 2825 toris
1956 2775 2109 2839 jussu
2146 2782 2321 2825 morte
2362 2771 2578 2834 aﬂccta,
2623 2774 2774 2841 prius
2815 2773 3066 2827 iudicans
3099 2784 3154 2827 et
3199 2776 3370 2844 signi-

1795 2863 1961 2916 ﬁcans
1989 2863 2269 2915 Christum
2297 2863 2390 2931 qui
2421 2864 2625 2916 occidit
2672 2865 3032 2932 primogenita
3066 2868 3369 2921 Pharaonis

1794 2956 1995 3011 diaboli
2050 2956 2430 3023 (impietatem,
2484 2955 2744 3024 inquam,
2780 2967 2838 3009 et
2887 2960 3275 3025 idololatrimn)
3312 2960 3365 3012 in

1796 3050 2066 3118 profundo
2089 3065 2243 3118 aqum
2272 3048 2640 3117 baptismatis.
2666 3050 2770 3104 Iste
2800 3051 2948 3104 Ccon
2980 3054 3187 3120 primus
3210 3052 3371 3105 nobis

123 3146 281 3195 enim
314 3158 421 3196 nos
472 3144 725 3198 auriliees
769 3154 825 3198 et
856 3147 1207 3213 gctmuarios,
1241 3164 1693 3218 genumarumque
1720 3165 1763 3222 ο
1796 3142 2088 3211 descripsit
2131 3142 2450 3210 gravissima
2506 3141 2880 3211 ASgyptiorum
2912 3144 3182 3211 supplicia
3241 3159 3365 3213 qua:

120 3248 263 3287 auro
289 3236 787 3301 eonglutinatarum
811 3236 1022 3291 fusores
1045 3239 1263 3293 ellicere
1297 3241 1492 3295 volens
1516 3250 1573 3295 et
1593 3241 1695 3296 do-

120 3338 255 3379 cens
280 3325 406 3378 haec
439 3326 576 3379 dicit
614 3328 919 3396 Scriptura.

193 3411 501 3468 Videamus
533 3425 715 3469 autem
740 3418 904 3470 etiam
925 3433 989 3471 ea
1005 3434 1127 3487 qua:
1142 3430 1448 3488 sequuntur
1475 3422 1528 3476 in
1553 3422 1697 3476 Scri-

120 3513 308 3571 ptura.
377 3505 510 3558 Nam
544 3522 668 3559 cum
692 3506 921 3561 dixisset
943 3509 1184 3577 priorem
1208 3511 1435 3566 ﬂuvium
1467 3513 1695 3578 Phison,

119 3596 416 3663 subjunxit
448 3596 637 3650 dicens
666 3615 680 3651 :
718 3598 786 3651 Et
816 3615 1003 3652 nomen
1042 3603 1267 3655 secundo
1294 3604 1452 3671 ﬂuvio
1503 3604 1640 3658 (ἱεοη
1672 3623 1690 3665 ;

120 3686 220 3739 iste
254 3697 333 3740 est
364 3689 455 3756 qui
479 3690 661 3742 circuit
689 3706 895 3743 omnem
936 3706 1134 3745 terram
1178 3693 1475 3763 Aitltiopiw.
1510 3696 1698 3750 Traxit

122 3795 226 3834 nos
291 3782 605 3850 procedens
651 3784 828 3837 oratio
884 3784 988 3839 Nili
1018 3787 1349 3840 lluentorum
1385 3788 1440 3841 in
1466 3788 1697 3859 {Egypto

122 3871 502 3935 latitudinem,
562 3884 621 3928 ut
669 3890 791 3942 quae
853 3891 953 3929 nos
1006 3877 1293 3932 deduxerit
1319 3880 1385 3932 ad
1432 3879 1593 3945 Geon,
1623 3882 1689 3934 ad

123 3978 291 4033 quem
327 3966 563 4018 maxime
592 3964 903 4022 derivamus
933 3968 1157 4023 ﬂuvium
1194 3972 1357 4042 hujus
1411 3974 1696 4038 orationis,

122 4060 179 4105 et
223 4066 333 4105 nos
355 4061 576 4120 oportet
595 4054 819 4108 omnino
843 4057 896 4109 in
926 4056 1213 4128 Egyptum
1241 4062 1543 4117 orationem
1592 4063 1700 4117 ele-

125 4142 353 4211 gantius
394 4153 736 4197 convertere.
774 4146 908 4199 Nam
953 4163 1119 4217 super
1155 4164 1346 4205 omnes
1379 4152 1572 4207 ﬂuvios
1605 4154 1698 4223 qui

126 4234 374 4287 violento
410 4232 616 4302 impetu
646 4235 823 4290 ﬂuunt
844 4254 1008 4307 super
1032 4250 1252 4304 terram,
1273 4243 1523 4299 videmus
1552 4247 1701 4301 hunc

125 4324 359 4379 ﬂuvium
392 4326 488 4393 qui
519 4326 722 4381 dicitur
752 4327 893 4383 Geon
921 4331 1124 4386 habere
1151 4347 1277 4387 eum
1314 4334 1533 4392 Christo
1576 4354 1695 4393 ma-

127 4433 288 4486 gnam
316 4418 712 4486 proprietatem
750 4432 807 4476 et
843 4425 1300 4479 convenientiam.
1329 4427 1484 4492 Nam,
1523 4440 1584 4483 ut
1616 4431 1701 4485 di-

1803 3236 2065 3290 Domious
2091 3233 2249 3288 Jcsus
2276 3248 2373 3303 pro
2402 3233 2563 3287 nobis
2594 3233 2779 3287 intulit
2810 3236 3010 3302 popqu
3036 3234 3366 3289 daemonum.

1803 3329 1961 3382 Solus
1987 3326 2134 3381 Geon
2161 3326 2317 3381 nobis
2338 3326 2839 3393 eoronavitJoseph
2879 3342 3084 3395 regem,
3131 3327 3223 3393 qui
3268 3341 3340 3380 no

1804 3416 1887 3470 bis
1911 3416 1980 3469 de
2006 3414 2431 3469 Christoomnia
2474 3414 2878 3484 praeﬂgurabat,
2911 3424 2968 3469 et
3013 3416 3364 3483 loquebatur.

1804 3507 1981 3562 Prima
2008 3508 2252 3561 omnium
2280 3509 2561 3576 regionum
2580 3507 2890 3577 gentilium,
2915 3514 3058 3560 terra
3082 3506 3188 3561 Nili
3227 3506 3368 3560 vidit

1802 3600 1973 3653 Deum
2031 3601 2087 3654 in
2141 3615 2303 3654 carne
2333 3599 2475 3668 apud
2507 3614 2566 3653 se
2606 3606 2935 3661 versantem,
2959 3606 3013 3652 et
3040 3600 3187 3652 nulla
3215 3599 3368 3668 regio

1803 3692 2161 3746 Barbarorum
2186 3693 2612 3763 alienigenarum
2639 3692 2695 3744 in
2718 3690 2922 3745 mundo
2941 3689 3142 3745 Christi
3166 3690 3361 3744 faciem

1802 3781 1939 3835 vidit
1970 3781 2024 3834 iu
2053 3796 2217 3835 carne
2251 3781 2354 3834 nisi
2389 3781 2505 3834 sola
2549 3778 2833 3850 Aigyptus.
2895 3778 2952 3832 lit
3005 3793 3092 3840 ea,
3151 3779 3361 3833 Pascha

1803 3872 1907 3926 fuit
1931 3882 2085 3942 typus
2104 3871 2308 3925 Christi
2340 3870 2611 3940 passionis
2640 3878 2695 3923 et
2718 3884 2891 3938 agnus
2918 3868 3129 3937 primus
3155 3876 3240 3921 est
3264 3882 3353 3922 oc-

1803 3966 1969 4019 cisus.
1994 3966 2052 4019 In
2084 3980 2170 4026 ea,
2207 3963 2512 4033 redemptio
2544 3962 2789 4032 gentium
2821 3962 2976 4031 prius
3003 3960 3110 4013 fuit
3144 3959 3366 4014 descri-

1803 4068 1895 4127 pta
1922 4073 1987 4111 ex
2012 4071 2176 4109 manu
2204 4055 2416 4126 tyranni
2454 4054 2664 4108 mundi.
2702 4053 2968 4123 Egyptus
3008 4052 3184 4121 prima
3227 4052 3365 4106 vidit

1803 4151 1926 4220 agni
1954 4150 2270 4219 sanguinem
2303 4148 2368 4202 ad
2399 4163 2680 4217 vesperam
2711 4147 2764 4201 in
2804 4147 3058 4201 domibus
3089 4146 3364 4215 signatum

1803 4242 1867 4296 ad
1895 4243 2145 4303 salutem,
2195 4251 2252 4293 et
2306 4240 2549 4293 ostendit
2602 4240 2727 4308 agni
2785 4236 2989 4293 Christi
3043 4238 3366 4303 sanguinem

1804 4338 1985 4391 fusum
2019 4334 2087 4387 ad
2115 4347 2397 4403 vesperam
2426 4341 2757 4400 temporum,
2786 4332 2963 4386 donec
2996 4331 3221 4385 domum
3264 4331 3366 4385 Ec-

1804 4426 1983 4481 clesiae
2030 4425 2312 4479 coloravit.
2366 4424 2495 4478 Post
2539 4423 2737 4477 hiemis
2801 4432 3203 4492 tempestatem,
3238 4438 3365 4476 eum

128 4520 261 4564 eunt
298 4511 395 4578 qui
424 4512 650 4579 pulchre
681 4522 738 4567 et
794 4524 1049 4570 accurate
1089 4517 1328 4586 linguam
1378 4520 1697 4578 llebraicam
1731 4515 1775 4570 Ι)
1802 4534 1959 4573 suum
1992 4533 2275 4572 ascensum
2298 4518 2352 4570 in
2382 4531 2479 4569 aer
2502 4515 2864 4571 convertisset
2908 4515 3191 4574 ltoininns,
3217 4513 3366 4566 illinc

128 4604 539 4658 transtulerunt
560 4605 615 4659 in
641 4605 905 4669 Grzeeam.
933 4607 1073 4662 Geon
1127 4610 1521 4680 interpretatur
1571 4617 1700 4686 επα-

125 4709 211 4745 εοι·
233 4705 334 4747 aut
354 4697 673 4761 exinanitor,
702 4698 849 4767 quod
871 4701 1091 4768 quidem
1112 4718 1302 4758 revera
1316 4716 1401 4760 est
1419 4706 1693 4764 Christus.

127 4781 423 4854 Tanquam
454 4785 659 4840 eﬂusor
681 4788 904 4856 quidem
953 4792 1188 4860 seipsum
1235 4795 1502 4849 exinaniit
1546 4803 1693 4854 servi

128 4875 367 4929 formam
396 4878 675 4946 accipiens,
705 4889 966 4935 renovato
1021 4884 1192 4937 veteri
1234 4885 1475 4947 homine.
1520 4897 1576 4941 et
1615 4906 1701 4943 re-

127 4975 333 5020 novata
379 4965 521 5021 facie
573 4977 755 5032 terrae,
804 4980 861 5024 et
907 4972 1103 5041 spiritu
1142 4983 1292 5029 recto
1329 4975 1591 5033 innovate
1642 4980 1698 5034 in

128 5056 449 5111 visceribus
471 5060 693 5115 nostris.
748 5061 905 5117 Unde
956 5065 1121 5119 etiam
1171 5066 1416 5122 Paradisi
1455 5071 1701 5126 secundo

129 5148 357 5216 genitus
387 5148 570 5202 statim
612 5160 736 5218 post
766 5151 962 5207 Phison
999 5156 1222 5222 ponitur
1281 5157 1445 5223 Geon,
1498 5161 1704 5232 signiﬁ-

130 5252 266 5291 cans
292 5237 575 5294 Christum
601 5244 842 5298 secundo
876 5248 1119 5315 genitum
1162 5265 1329 5317 super
1358 5261 1559 5308 terram
1604 5271 1695 5310 se.

131 5330 319 5384 eunda
365 5345 464 5399 per
495 5347 712 5386 carnem
753 5339 1124 5403 generatione.
1174 5352 1299 5409 post
1340 5344 1588 5411 ejusdem
1621 5348 1699 5402 si-

131 5421 245 5474 mul
275 5421 530 5475 essentne
558 5427 966 5491 generationem
990 5445 1057 5483 ex
1094 5431 1270 5494 Patre.
1298 5448 1422 5501 quae
1453 5445 1539 5490 est
1566 5448 1696 5493 ante

132 5512 356 5568 uacula.
388 5512 457 5566 Et
486 5513 713 5570 fortasse
753 5533 815 5572 ea
859 5518 927 5573 de
952 5536 1114 5575 causa
1141 5523 1236 5577 Dei
1282 5523 1482 5579 ﬂuvius
1539 5528 1700 5583 Jesus

133 5604 321 5658 statim
349 5619 379 5657 e
412 5612 554 5659 terra
580 5616 869 5675 generatus
888 5626 1051 5681 super
1076 5622 1276 5670 terram
1302 5631 1367 5670 ex
1397 5617 1617 5689 Virgine
1642 5631 1698 5676 et

797 5729 841 5758 ⁸⁸
869 5728 967 5801 lsa.
998 5748 1068 5792 γι,
1094 5732 1147 5794 6,
1249 5734 1292 5765 ⁶⁹
1320 5734 1419 5788 lsa.
1459 5754 1541 5801 XL,
1568 5742 1619 5793 fi.

844 5799 887 5830 ’λ
918 5800 1057 5855 Psal.
1094 5818 1256 5863 l.\\’ll.
1283 5805 1376 5858 3'2.

198 5721 245 5751 σν
271 5720 432 5773 Joan.
462 5736 575 5784 rm,
612 5723 693 5777 12.

140 5791 177 5819 τ’
213 5791 358 5845 i'sal.
390 5806 605 5854 tum,
637 5793 691 5859 5,
722 5796 769 5851 ι

1720 5742 1763 5772 ⁷⁸
1794 5741 1924 5794 Dan.
1958 5754 2013 5801 ιι,
2036 5737 2118 5792 34.

1797 4626 1862 4665 ex
1896 4610 2083 4672 latere,
2112 4610 2233 4663 vitae
2260 4608 2418 4662 nobis
2447 4622 2643 4675 aquam
2678 4616 2887 4660 scatere
2928 4606 3059 4659 fecit
3095 4605 3365 4657 Dominus

1798 4704 1852 4757 in
1882 4704 2045 4756 horto
2065 4701 2350 4771 Golgotha.
2378 4701 2674 4768 Pmpterea
2708 4697 2863 4752 Geon
2886 4711 3105 4767 quoque
3128 4696 3361 4749 salutem

1796 4794 1979 4864 populi
2045 4792 2249 4847 iaciens
2305 4805 2633 4852 ascensum,
2690 4798 2816 4842 ante
2874 4803 3102 4847 omnes.
3170 4785 3366 4855 irrigat

1794 4885 2099 4954 Ethiopes,
2126 4883 2284 4938 nobis
2329 4882 2633 4954 praedicans
2673 4881 2817 4950 quod
2851 4882 3061 4949 primos
3112 4879 3361 4945 gentium

1797 4977 2041 5031 tenebris
2060 4976 2267 5031 oll‘usos
2295 4975 2527 5044 populos
2560 4981 2820 5028 servatet
2850 4973 3123 5026 illuminat
3143 4979 3201 5025 et
3231 4971 3364 5024 irri-

1797 5079 1886 5139 gat
1913 5069 2184 5124 Christus.
2251 5070 2328 5123 De
2372 5068 2577 5138 quibus
2632 5066 2802 5121 David
2863 5067 2998 5120 dicit
3044 5066 3303 5120 Ecclesia:
3341 5083 3353 5119 :

1798 5160 2223 5228 Gloriﬁcutisunt
2240 5162 2302 5213 de
2319 5169 2386 5222 te,
2405 5160 2587 5212 civitas
2612 5158 2704 5211 Dei
2720 5175 2736 5220 ;
2753 5172 2864 5209 ecce
2886 5156 3032 5209 enim
3052 5156 3364 5225 alienigenae:

1797 5260 1848 5306 ct
1881 5252 2043 5321 Tyrus
2093 5260 2141 5305 et
2168 5252 2387 5321 populus
2440 5248 2767 5318 (Ethiopum,
2804 5247 2857 5299 hi
2881 5247 3095 5316 fuerunt
3133 5245 3308 5298 illic”
3345 5262 3361 5307 ;

1802 5342 2069 5411 lEthiopia
2117 5343 2262 5396 enim
2306 5343 2554 5410 prwvenit
2594 5356 2780 5392 manus
2832 5356 2955 5391 suos
3002 5338 3110 5390 Deo
3144 5338 3361 5399 ",aute

1803 5450 1993 5489 omnes
2014 5450 2138 5488 eum
2168 5433 2391 5489 Christo
2423 5443 2577 5501 pacta
2601 5440 2868 5485 conventa
2913 5430 3049 5483 dans
3078 5439 3134 5485 et
3158 5430 3362 5483 iaciens

1805 5542 1903 5595 per
1954 5526 2106 5580 illum
2157 5524 2473 5579 ennuehum
2520 5523 2613 5592 qui
2658 5529 2779 5576 erat
2813 5520 3095 5575 Candaces
3157 5519 3361 5589 regina:

1806 5618 2145 5686 lEthiopum,
2201 5615 2475 5675 Ecclesiae,
2531 5630 2652 5684 qua:
2702 5614 2922 5682 quidem
2948 5611 3169 5666 Christo
3206 5613 3359 5666 unita

2228 5737 2265 5764 "
2302 5735 2441 5789 Psal.
2474 5750 2630 5795 cxvu,
2660 5733 2746 5785 ‘22.
2856 5732 2896 5759 ⁷⁸
2928 5730 3027 5783 Isa.
3057 5744 3238 5789 xxvut,
3270 5729 3353 5781 l6.
3388 5768 3395 5775 .
