4186 6442
876 356 942 416 ’ῖ9
2016 363 2072 416 5.
2116 360 2504 416 ANASTASH

2016 363 2072 416 5.
2116 360 2472 416 ANASTASI
2488 361 2504 416 ι
2547 361 2865 419 SINAI'I'JB

3941 363 4044 425 980

837 469 1067 521 clamat:
1101 467 1263 537 Nigra
1300 485 1412 520 sum
1455 480 1500 519 et
1538 470 1786 536 formosa,
1822 471 1947 534 [iliw
1979 470 2274 521 Jerusalem
2310 471 2352 501 ⁷⁸
2378 513 2391 533 ,
2425 471 2469 526 Α
2497 474 2595 524 (ius
2629 473 2827 541 'I'ygris,
2864 475 2970 542 ipse
2991 473 3131 524 vadit
3160 481 3339 524 contra
3395 471 3651 539 Assyrias.
3697 469 3807 524 Cur
3858 479 4042 522 autem

837 559 988 626 nigra
1023 559 1174 625 prius
1204 560 1604 618 incredulitate,
1636 577 1755 628 qu:e
1789 578 1930 612 nunc
1987 577 2105 612 sum
2159 561 2391 613 obscura

838 647 1164 713 humilitate,
1183 650 1414 702 furumsa
1437 660 1616 702 autem
1643 669 1785 703 nunc
1809 667 1926 702 sum
1946 651 2037 703 Dei
2057 651 2384 712 cognitione.

836 738 947 806 Ego
976 742 1121 792 enim
1151 758 1268 793 sum
1313 742 1493 809 regina
1532 743 1712 795 Austri
1748 759 1866 808 qua:
1903 759 2064 806 surgo
2095 759 2158 793 ex
2193 743 2390 794 linibus

838 840 993 884 terra:
1025 837 1285 897 gentium,
1317 844 1372 887 et
1425 836 1645 887 veniens
1707 832 1810 883 \idi
1858 834 2178 901 sapientiam
2234 835 2388 885 Salo-

836 928 1012 978 monis
1047 929 1136 994 qui
1196 945 1325 980 vere
1367 929 1434 981 :ul
1491 946 1572 980 me
1633 929 1923 982 clamavit:
1984 929 2124 990 chi,
2159 929 2388 993 formosa

833 1021 1123 1088 propinqua
1152 1037 1288 1082 mea,
1326 1023 1394 1073 ml
1419 1039 1496 1073 me
1532 1021 1576 1051 ⁷⁸⁵
1601 1060 1613 1072 .
1653 1022 1760 1089 Ego
1796 1023 1940 1075 enim
1993 1039 2108 1072 sum
2161 1038 2389 1072 resurre—

831 1113 931 1162 ctio
962 1112 1028 1173 ⁷⁷,
1054 1122 1108 1164 et
1128 1131 1227 1182 ego
1256 1131 1373 1166 sum
1403 1113 1599 1164 ﬂuvius
1632 1115 1745 1172 ltei,
1775 1105 1870 1181 qui
1896 1124 2114 1180 propter
2145 1121 2194 1163 te.
2218 1118 2390 1165 laetus

830 1218 949 1253 sum
982 1214 1126 1256 terra
1181 1208 1393 1271 genitus
1437 1207 1610 1267 Ceon,
1639 1221 1689 1257 et
1721 1209 1806 1273 qui
1850 1206 2124 1257 (irctutn-u
2155 1217 2208 1256 et
2242 1222 2389 1255 eom-

831 1297 1113 1360 prebendo
1174 1314 1386 1347 omnem
1448 1307 1647 1349 terram
1698 1298 1934 1360 gentium
1997 1297 2282 1363 .-F.tbiopia~
2335 1308 2389 1349 et

830 1386 1041 1455 xhbypti
1085 1389 1234 1455 prius
1269 1390 1583 1452 incredulas,
1627 1408 1768 1443 nunc
1825 1403 2005 1444 autem
2061 1392 2182 1442 lidei
2240 1393 2388 1443 incc-

830 1479 1265 1548 ptrix,qtmniam
1285 1483 1512 1551 rlignitii
1541 1487 1774 1548 primum
1801 1485 2056 1536 viderunt
2081 1485 2385 1542 hominum,

829 1579 884 1622 et
907 1573 1281 1638 eognitusl'uit
1309 1577 1574 1627 ltoininus
1599 1576 1886 1640 xl'lgvpttis.
1923 1586 1976 1627 et
2014 1588 2259 1626 erectum
2305 1585 2388 1627 est

830 1661 1002 1716 altare
1037 1665 1268 1717 Domino
1299 1667 1350 1718 in
1374 1665 1605 1735 Algvpto
1631 1670 1792 1719 lixum
1834 1670 1887 1719 in
1939 1677 2086 1734 petra
2115 1668 2283 1727 l’etri,
2334 1677 2389 1718 et.

830 1754 1080 1806 columna
1109 1756 1252 1806 sedit
1276 1757 1772 1826 1)(ιηιίιιο899ίιε1
1799 1762 1930 1810 lines
1959 1758 2168 1826 :l'Lgvpti
2209 1760 2388 1810 liomi-

833 1861 936 1897 nus
989 1847 1041 1898 in
1078 1848 1347 1900 Bethleem
1404 1867 1566 1916 super~
1620 1851 1818 1902 nubelu
1882 1853 2073 1911 levem,
2129 1858 2386 1917 tanquam

833 1940 1009 2006 pluvia
1039 1942 1278 1992 eu-lestis
1311 1941 1360 1992 in
1406 1944 1610 2004 gremio
1658 1944 1864 1994 nebula-
1908 1944 2082 1994 Maria!
2132 1959 2239 1993 sua-
2274 1959 2386 1994 Ina-

834 2036 1028 2091 tris,et
1054 2050 1215 2084 cursu
1248 2036 1392 2086 \enit
1429 2037 1480 2086 in
1515 2035 1801 2102 :ligiptum
1841 2037 2050 2099 fugiens
2087 2037 2386 2086 voluntarie

831 2123 1122 2176 sceleratas
1178 2145 1368 2178 uulnus
1428 2127 1759 2194 iniquorum,
1823 2138 1875 2177 et
1901 2128 2172 2176 euiieussit
2203 2142 2387 2177 mann—

830 2216 968 2267 l'aeta
996 2216 1231 2284 xligvpti,
1264 2229 1314 2268 et
1345 2219 1607 2282 confregit
1633 2219 1898 2284 seuiptilia
1921 2218 2155 2284 Iligxypti.
2188 2227 2237 2268 et
2267 2234 2387 2269 eam

829 2309 1084 2360 excitavit
1115 2310 1402 2376 jacentem.
1443 2312 1708 2372 Quoniam
1744 2311 2004 2379 :l‘lgvptus
2047 2311 2160 2362 suis
2216 2311 2387 2361 mani-

833 2398 934 2449 bus
956 2400 1168 2464 excepit
1203 2403 1368 2452 Deum
1414 2401 1477 2452 ad
1516 2402 1684 2467 ipsam
1747 2403 2055 2453 venientem
2112 2411 2165 2452 et
2222 2417 2382 2452 enrsn

831 2486 1294 2548 contcmleutem;
1350 2498 1402 2539 et
1461 2487 1757 2539 oeeultavit
1810 2504 1839 2539 a
1902 2489 2033 2539 leris
2076 2488 2386 2555 agrestibus

829 2575 1141 2629 .Iud:eorum
1192 2595 1316 2629 t'lllll
1347 2578 1437 2645 qui
1479 2579 1878 2652 ipsiiipcripnit
1909 2597 1936 2630 a
1981 2581 2230 2630 manilms
2273 2578 2385 2631 ihe-

833 2682 1052 2718 monunt
1089 2687 1099 2718 :
1137 2677 1190 2720 et
1219 2670 1456 2720 servavit
1492 2671 1634 2721 ulnis
1661 2671 1903 2736 amplexa
1938 2688 2060 2722 eum
2085 2672 2176 2737 qui
2210 2671 2384 2734 ipsntn

829 2768 879 2810 et
911 2761 1453 2816 nmndumservam.
1502 2774 1555 2814 et
1603 2765 1734 2814 te\'it
1777 2778 1900 2813 eum
1951 2764 2042 2829 qui
2107 2764 2274 2830 ipsam
2331 2773 2384 2812 et

828 2852 1009 2902 munia
1054 2867 1212 2902 tnanu
1258 2855 1392 2919 regit
1426 2870 1436 2902 :
1475 2864 1528 2904 et
1578 2853 1814 2919 hospitio
1861 2855 2072 2919 excepit
2129 2854 2386 2921 A'Igvptus

828 2959 954 2994 eum
979 2944 1070 3009 qui
1105 2958 1268 2995 carne
1300 2943 1608 2994 voluntarie
1642 2946 1692 2995 in
1724 2959 1784 2995 ea
1819 2944 1918 2995 luit
1949 2945 2163 3010 hospes,
2198 2955 2254 2997 et
2286 2961 2386 2997 nos

827 3035 922 3101 qui
960 3035 1012 3085 in
1047 3036 1159 3100 ipsa
1187 3045 1406 3086 eramus
1445 3036 1690 3102 boSpites
1722 3036 1772 3086 in
1821 3037 1989 3086 eielos
2035 3037 2273 3088 sustulit.
2323 3037 2386 3088 lat

2494 562 2630 613 duos
2665 562 2885 629 quidem
2936 562 3130 613 ﬂuvios
3172 562 3425 622 (Phison,
3479 560 3720 628 inquam,
3769 572 3824 614 et
3867 560 4043 623 Geon)

2493 654 2736 705 nominat
2766 654 3192 714 circumeuntes,
3221 661 3278 705 et
3307 661 3562 719 tanquam
3586 650 3961 704 custodientes
3976 665 4038 703 ac

2491 745 3014 798 cireummunientes
3045 745 3354 812 paradisum
3392 743 3596 796 Christi
3630 761 3641 793 :
3681 743 3904 794 tertium
3937 747 4035 794 au-

2491 848 2597 889 tem
2627 839 2872 897 ﬂuvium,
2905 855 3009 890 non
3043 838 3496 897 circumeuntem,
3524 835 3617 888 sed
3643 846 3897 902 tanquam
3917 850 4040 887 cum

2490 947 2665 997 pugna
2705 941 2756 982 et
2806 930 2948 982 bello
2984 941 3383 991 occurrentem,
3410 943 3474 981 ex
3501 929 3747 1004 ,adverso
3785 927 4039 996 Assyrio-

2492 1025 2650 1073 rum?
2674 1022 2876 1091 Assyrii
2898 1023 3119 1088 quidem
3136 1022 3586 1087 interpretantur.
3609 1037 3710 1069 mm
3737 1020 4039 1086 dirigentes;

2490 1115 2680 1184 Tigris
2707 1125 2908 1177 autem,
2935 1130 3065 1165 voce,
3091 1115 3274 1166 Crzcea
3299 1113 3522 1168 dicitur,
3551 1112 3686 1162 latus
3707 1118 4036 1163 etausterus.

2492 1209 2630 1273 lirgo
2653 1209 2888 1276 Assyriis
2917 1207 3135 1276 quidem
3183 1207 3549 1270 dirigentibus
3573 1220 3728 1256 suam
3766 1204 3934 1256 vitam
3987 1203 4041 1254 in

2492 1303 2631 1352 viam
2663 1302 2810 1366 paeis
2841 1341 2852 1360 ,
2913 1300 3116 1352 resistit
3159 1300 3421 1350 adversus
3449 1313 3544 1349 eos
3594 1299 3796 1349 bclltnn
3845 1309 4041 1363 gerens

2488 1396 2802 1459 evangelica
2833 1394 3169 1463 praedicatio.
3205 1395 3420 1444 Scimus
3445 1391 3590 1443 enim
3625 1391 3877 1458 Assyrios
3919 1403 4040 1441 esse

2491 1486 2672 1538 hostes
2729 1497 2785 1538 et
2843 1485 3091 1536 inimicos
3141 1483 3234 1536 Dei
3281 1483 3518 1534 civitatis
3557 1480 3890 1538 Jerusalem,
3944 1477 4037 1546 qui

2488 1591 2538 1631 et
2569 1596 2686 1630 eam
2720 1595 2839 1645 qua:
2880 1588 2960 1630 est.
3012 1577 3208 1629 domus
3257 1576 3347 1628 Dei
3405 1576 3550 1627 varie
3584 1573 3939 1640 diripuerunt
3986 1581 4041 1623 et

2489 1682 2833 1726 evusscrunt.
2853 1674 3128 1726 Adversus
3152 1687 3289 1739 quos
3311 1673 3506 1723 tertius
3532 1669 3894 1732 plenitudinis
3919 1668 4040 1720 Tri-

2492 1768 2674 1820 uitatis
2700 1766 2976 1833 (Spiritus,
3005 1767 3245 1832 inquam,
3270 1765 3512 1828 sanctus)
3534 1762 3674 1815 vadit
3698 1764 3747 1814 ei
3777 1761 3956 1815 hostis
3986 1769 4042 1813 et

2494 1859 2752 1910 infestus:
2784 1855 2992 1907 Flurius
3024 1865 3195 1906 mitem
3229 1862 3446 1921 rpmrtns
3489 1855 3583 1903 iste
3617 1861 3689 1902 est
3724 1851 4038 1915 Euphrates.

2493 1949 2546 2000 ln
2599 1949 2785 2000 multis
2824 1956 3003 1998 autem
3051 1954 3100 1996 et
3135 1944 3368 1995 diversis
3392 1942 3558 2004 locis,
3621 1941 3762 1992 saeri
3802 1939 4040 2002 theologi

2489 2040 2946 2091 dmutnn-ntorum
2982 2037 3340 2090 Mosaieorum
3391 2037 3567 2087 solent
3612 2035 3889 2099 appellare
3928 2049 4039 2083 ma—

2488 2149 2653 2197 gnum
2687 2148 2750 2181 ex
2787 2131 2871 2180 bis
2901 2140 3138 2196 quatuor
3173 2129 3352 2178 ﬂuviis
3390 2132 3562 2178 solum
3597 2126 3952 2189 Iiupbratein.
3983 2137 4042 2175 ut

2488 2222 2708 2289 quando
2745 2222 2886 2272 Itens
2912 2221 3038 2271 dicit
3073 2219 3254 2271 Ist‘aeli
3289 2215 3969 2268 "'-‘:Ponamtermiuustuos
4009 2233 4037 2264 ιι

2487 2319 2642 2382 [lucio
2663 2313 2868 2380 .'l'._q_upti
2904 2328 3064 2376 usque
3089 2313 3157 2362 ml
3185 2314 3398 2377 [Im-ium
3422 2324 3666 2375 umquam
3699 2305 4034 2372 Euphratem.

2501 2410 2661 2473 \tque.
2681 2405 2984 2472 Euphrates
2999 2403 3219 2470 quidem
3243 2403 3426 2453 lim-ea
3449 2401 3629 2460 lingua
3651 2399 4041 2464 interpretatur

2487 2496 2838 2564 καρποφοριὰ
2886 2495 3090 2546 αὐτῶν·
3151 2495 3252 2545 bne
3307 2503 3388 2561 est
3458 2508 3636 2541 eorum
3681 2491 4038 2553 frurti/imlio.

2491 2587 2795 2654 liupbrata‘i
2843 2596 3024 2639 autem
3099 2600 3290 2638 rursus
3342 2584 3599 2634 dii-untur
3649 2582 4039 2646 frurtifimnles.

2488 2676 2746 2728 Nonnulli
2806 2685 2989 2726 autem
3038 2689 3100 2724 ev
3169 2671 3560 2736 interpretibus
3610 2670 4042 2733 interpretantur

2490 2768 2818 2834 l-Inpbratem
2853 2766 2961 2816 vitii
2987 2765 3377 2829 dispersmuem.
3417 2762 3691 2828 liupbrata
3714 2773 3896 2809 autem
3936 2767 4040 2804 ter-

2491 2879 2600 2910 ram
2621 2867 2838 2924 fructum
2858 2867 3126 2919 gerentem.
3148 2857 3586 2922 l'riqitereaereo
3602 2865 3827 2912 magnus
3844 2850 4043 2898 ﬂuvius

2488 2951 2580 3003 Dei
2601 2949 2931 3016 Euphrates.
2965 2963 3155 3012 nempe
3176 2946 3446 2997 Christus.
3471 2959 3561 3000 qui
3587 2954 3661 2990 est
3693 2938 4044 2991 l'ruetilieatio

2488 3045 2979 3110 hitpbratzeorum.
3033 3040 3083 3088 id
3149 3049 3234 3089 est
3279 3036 3521 3102 gentium
3571 3033 3867 3085 ferentium
3924 3028 4034 3081 fru~

830 3127 1025 3178 nntriit
1055 3125 1314 3195 .'l".;:vptiis
1345 3144 1534 3194 panem
1567 3130 1844 3180 eo-lestem
1880 3129 1970 3196 qni
2007 3147 2195 3181 omues
2227 3132 2381 3189 aluit.
2412 3138 2458 3198 C
2488 3145 2637 3186 etum
2672 3175 2684 3194 ,
2714 3144 2962 3186 natusest
3009 3134 3059 3182 in
3101 3131 3372 3192 lauphrutu
3401 3125 3475 3187 (id
3509 3137 3612 3184 est,
3641 3124 3944 3189 Bethleem)
3985 3128 4045 3172 ut

826 3224 881 3268 et
917 3217 1121 3282 potavit
1157 3217 1305 3269 (icon
1344 3234 1482 3285 aqua
1523 3217 1730 3285 :Egvpti
1763 3219 1965 3270 fontem
1997 3221 2140 3280 vita},
2172 3228 2228 3271 et
2256 3235 2384 3286 ape-

831 3306 941 3358 ruit
963 3305 1224 3375 {Egyptus
1247 3309 1449 3358 ostium
1470 3308 1544 3358 illi
1569 3307 1659 3373 qui
1681 3307 1833 3359 dicit;
1859 3308 1967 3374 ligo
1983 3325 2093 3358 sum
2109 3312 2296 3360 ostium
2317 3310 2382 3370 π,

827 3405 883 3449 et
929 3395 1082 3449 dedit
1134 3398 1348 3449 initium
1409 3397 1684 3460 ingressus
1730 3398 1840 3450 Deo
1892 3399 2089 3455 Verbo,
2131 3399 2274 3466 quod
2319 3416 2385 3452 ex

828 3488 1100 3555 principio
1130 3496 1351 3541 carente
1391 3488 1660 3556 principio
1691 3488 1851 3541 simul
1881 3499 2000 3540 erat
2032 3489 2150 3541 sine
2181 3490 2385 3556 princi-

828 3580 921 3647 pio
940 3590 995 3634 et.
1023 3582 1076 3632 in
1109 3581 1373 3648 principio
1397 3590 1486 3642 :et
1525 3581 1734 3633 invenit
1762 3580 2015 3633 Christus
2055 3582 2106 3633 in
2159 3579 2386 3650 r’l‘lgypto

827 3675 914 3725 ubi
967 3683 1123 3735 caput
1177 3674 1390 3724 inclinet
1446 3673 1547 3725 lide
1582 3693 1592 3724 :
1633 3673 1891 3740 quoniam
1939 3673 1990 3725 in
2022 3676 2242 3741 propria
2271 3691 2381 3726 non

827 3775 948 3820 erat
987 3766 1036 3817 ei
1067 3767 1217 3818 locus
1253 3765 1373 3817 ﬁdei
1406 3769 1456 3816 iu
1480 3767 1762 3818 diversorio
1793 3766 2066 3819 derelicue
2095 3769 2385 3835 Synagogzc

825 3857 1135 3910 Judzeormu
1158 3872 1171 3912 ;
1195 3866 1249 3907 et
1277 3856 1416 3908 Deus
1445 3856 1671 3908 deorum
1697 3857 1960 3909 Dominus
1987 3858 2202 3909 loeutus
2221 3869 2384 3910 estex

826 3947 1055 4018 Egypto
1073 3990 1087 4009 ,
1118 3948 1311 4001 Filium
1341 3964 1497 4001 smnn
1529 3948 1593 4000 ad
1617 3963 1714 4000 nos
1732 3948 1955 4001 mittens
1970 3960 2092 4002 ante
2109 3949 2386 4016 apostolos

826 4041 1198 4108 apostolorum
1227 4041 1394 4092 Deum
1422 4059 1436 4102 ;
1462 4052 1516 4091 et
1543 4041 1642 4092 l'uit
1674 4041 1824 4094 Ceon
1858 4049 2078 4092 sanctus
2106 4055 2201 4107 per
2252 4041 2386 4093 San-

826 4141 974 4183 ctum
1000 4141 1311 4185 sanctortnu
1339 4132 1725 4193 sanctilieatus,
1752 4141 1807 4183 et
1837 4131 1903 4183 ad
1931 4131 2382 4185 illuminationem

825 4232 880 4276 et
911 4223 1396 4276 sanctiﬁcationem
1431 4224 1693 4292 prazvenit
1741 4223 2005 4276 auriﬂuus
2045 4225 2222 4277 amnis
2265 4225 2384 4278 Jor-

825 4315 1021 4368 danem
1070 4317 1162 4383 qui
1209 4315 1718 4383 excepithristum
1779 4314 1830 4366 in
1887 4315 2002 4366 suis
2029 4314 2288 4376 ﬂuentis;
2329 4322 2384 4366 et

826 4405 1040 4474 excepit
1064 4421 1252 4458 rursus
1275 4407 1513 4458 secundo
1542 4407 1704 4459 etiam
1731 4406 1934 4458 sanctis
1960 4406 2198 4458 sanctior
2221 4404 2381 4474 {Egy-

2485 3226 2761 3290 dispcrgat
2773 3222 2966 3274 vitium
2990 3229 3320 3285 geniumnet
3353 3215 3542 3267 reddat
3566 3224 3763 3264 terram
3794 3211 4036 3263 fructum

2486 3320 2753 3368 terentem
2781 3312 3076 3366 l-Lei-Iesiam
3104 3325 3226 3376 quae
3253 3307 3404 3375 prius
3425 3320 3540 3358 erat
3580 3302 3901 3368 inlrugilera
3941 3317 3954 3351 :
3986 3308 4042 3351 ut

2489 3417 2628 3458 terra
2664 3405 2758 3456 det
2787 3403 2947 3456 nobis
2971 3402 3209 3453 fructum
3241 3413 3422 3456 suum,
3453 3412 3576 3449 eum
3605 3395 3656 3446 in
3685 3409 3748 3445 ea
3791 3393 3864 3446 sit
3895 3393 4044 3444 inse-

2488 3498 2750 3568 parabilis
2785 3497 3061 3555 fructuum
3081 3490 3582 3557 datorEnphrates.
3604 3483 3878 3540 Convenit
3895 3482 4045 3537 enim

2485 3592 2657 3659 magis
2730 3587 3031 3656 prudenter
3078 3581 3513 3636 animadvertere
3578 3573 4044 3646 quemadmodum

2487 3685 2686 3737 l’hison
2721 3679 2941 3748 quidem
2978 3674 3433 3730 diciturcircuirc
3461 3680 3623 3723 totam
3648 3674 3819 3737 ipsum
3845 3679 4042 3720 terra?!

2488 3774 2696 3827 Eviluth
2709 3813 2722 3830 ,
2737 3787 2830 3824 seu
2851 3768 3241 3837 parturientem
3262 3763 3436 3816 :Geon
3453 3769 3630 3812 autem
3645 3757 3898 3810 similiter
3914 3768 4049 3807 eon-

2487 3868 2623 3918 tinet
2653 3861 2970 3918 custodiens
2992 3859 3085 3927 qui
3123 3858 3175 3909 in
3206 3873 3272 3908 eo
3297 3864 3424 3908 sunt
3456 3853 3683 3922 populos
3715 3865 3910 3904 eorum
3951 3847 4045 3916 qui

2485 3959 2637 4025 prius
2665 3964 2822 4008 erant
2851 3953 3166 4018 Aitbiopum
3197 3965 3208 3998 :
3245 3948 3435 4015 Tvgris
3451 3954 3632 3998 autem
3662 3957 3782 3996 eam
3807 3939 4049 4009 protegit

2484 4060 2539 4103 ct
2571 4047 2814 4102 defendit
2846 4046 3114 4098 adversus
3145 4040 3423 4109 improbos
3453 4037 3726 4106 Assyrios.
3754 4034 3874 4087 Non
3900 4032 4044 4086 scri-

2485 4151 2636 4210 ptum
2659 4149 2744 4194 est
2778 4148 2958 4191 autem
2990 4149 3244 4202 magnum
3281 4131 3636 4198 Euphratem,
3659 4141 3839 4194 neque
3866 4134 4046 4178 trans-

2486 4234 2585 4294 ire,
2647 4245 2826 4298 neque.
2854 4229 3052 4280 vadere
3077 4267 3090 4287 ,
3128 4239 3303 4291 neque
3346 4221 3602 4282 circuire,
3649 4219 3744 4273 sed
3767 4234 3891 4273 esse
3926 4231 4045 4272 sta-

2486 4325 2652 4377 bilem
2686 4331 2742 4375 ct
2774 4319 3134 4379 immobilem,
3180 4325 3240 4369 ut
3288 4317 3380 4384 qui
3411 4329 3631 4383 semper
3678 4313 3826 4366 dicat
3856 4329 3869 4362 :
3907 4311 4045 4365 Ecce

2484 4418 2740 4469 vobiscum
2769 4431 2884 4466 sinu
2909 4412 3146 4464 omnibus
3181 4409 3357 4462 diebus
3395 4423 3558 4476 usque
3586 4411 3656 4459 ad
3703 4423 4044 4458 comatum-

828 4509 972 4565 plus,
1002 4514 1101 4566 pro
1132 4498 1292 4550 Maria
1321 4497 1548 4549 Mosaica
1581 4497 1798 4548 Mariam
1828 4496 2134 4557 douiinam;
2169 4504 2224 4547 ct
2243 4495 2381 4548 ditat
2413 4477 2456 4528 ί)
2485 4513 2674 4562 “onem
2698 4506 2874 4560 “una
2904 4506 2968 4557 ⁸ο,
2987 4504 3053 4558 Ει
3083 4521 3096 4557 ς
3138 4503 3252 4556 Non
3273 4502 3568 4569 relinquam
3590 4515 3676 4552 vos
3693 4501 3959 4565 orphanos
3975 4499 4044 4552 ⁸¹.

825 4589 1064 4641 secundo
1085 4589 1232 4640 Geon
1267 4589 1487 4654 Josepb,
1516 4587 1606 4655 qui
1664 4587 1745 4638 vir
1787 4587 2007 4654 quidem
2067 4586 2376 4648 dicebatur,

825 4677 918 4729 sed
946 4693 1052 4730 non
1092 4687 1210 4730 erat
1242 4678 1323 4729 vir
1344 4677 1529 4729 Matris
1571 4692 1691 4744 qua:
1738 4685 1856 4729 erat
1902 4677 2049 4729 omni
2098 4691 2164 4729 ex
2226 4688 2379 4744 parte

825 4771 1161 4837 incorrupta,
1201 4770 1639 4838 quandoquidem
1672 4769 1784 4836 ipse
1817 4769 1920 4820 l'uit
1948 4778 2131 4837 gratus
2150 4777 2205 4820 et
2227 4783 2381 4821 acce-

823 4870 951 4930 ptus
994 4877 1175 4914 coram
1225 4877 1291 4914 eo
1327 4861 1421 4936 qui
1479 4863 1716 4929 seipsum
1775 4861 2058 4914 exiuaniit.
2112 4860 2216 4913 Sed
2266 4860 2381 4913 hzec

822 4954 1042 5022 quidem
1075 4963 1200 5007 sunt
1227 4954 1472 5007 eneomia
1522 4951 1754 5021 .‘Egypti,
1807 4968 1926 5020 quze
1978 4952 2030 5004 in
2076 4952 2184 5004 alio
2236 4951 2378 5004 libro

823 5047 1043 5114 proprio
1078 5046 1251 5098 fusius
1271 5046 1609 5098 celebrantes
1637 5045 2063 5112 composuimus.

892 5157 1046 5210 Nunc
1070 5166 1249 5209 autem
1294 5157 1359 5210 de
1394 5167 1590 5210 caetero
1617 5174 1714 5210 nos
1751 5166 1964 5224 tempus
1984 5166 2141 5210 vocat
2165 5159 2376 5212 ulalios

823 5259 1041 5312 quoque
1069 5244 1264 5296 ﬂuvios
1285 5245 1474 5310 paucis
1499 5246 1989 5311 transnavigemus.
2019 5244 2374 5297 consideran-

825 5346 908 5390 tes
925 5337 1383 5404 quemadmodum
1410 5338 1486 5391 illi
1509 5353 1728 5404 quoque.
1749 5337 1813 5390 ad
1836 5335 2114 5390 Christum
2141 5336 2378 5388 habeant

824 5427 1143 5480 relationem
1176 5440 1231 5481 et
1250 5428 1316 5480 ad
1351 5428 1659 5496 paradisum
1694 5428 1945 5480 Ecclesiae
1967 5427 2208 5492 gentium
2245 5444 2254 5476 ε
2297 5428 2376 5478 sic

824 5519 968 5572 enim
1000 5519 1136 5572 dicit
1166 5521 1460 5588 Scriptura:
1485 5521 1878 5588 consequentia
1919 5540 1929 5570 :
1969 5519 2028 5572 Et
2060 5522 2248 5588 ﬂuvius
2272 5529 2374 5569 ter-

1857 5723 1894 5748 ⁷⁷
1930 5721 2082 5770 Jaialt.
2115 5737 2183 5779 λι,
2207 5719 2291 5770 ‘25.

1892 5792 1935 5819 ¹¹³¹
1970 5791 2102 5842 Ιίιπιιι
2166 5806 2254 5853 in,
2293 5791 2345 5841 ll

1371 5722 1414 5747 ⁷⁸
1439 5722 1594 5772 Cant.
1625 5738 1675 5776 v,
1708 5722 1750 5771 l.

1348 5790 1391 5820 ’⁵³
1426 5791 1464 5844 II
1497 5791 1623 5845 Cor.
1662 5807 1734 5844 zu.
1766 5791 1814 5844 [ἰ.

892 5718 935 5748 ’³
962 5718 1114 5772 Cant.
1153 5737 1187 5777 ι.
1219 5722 1260 5773 3.

821 5791 860 5822 “
889 5786 1042 5846 Joan.
1074 5807 1157 5848 κγ,
1193 5791 1251 5842 l8

2430 5717 2446 5741 "'
2471 5716 2620 5770 .loan.
2661 5733 2712 5775 κ.
2749 5715 2794 5765 9.

2485 4602 2777 4668 Pr0ptcrca
2803 4612 2932 4666 ergo
2972 4610 3148 4663 neque
3187 4594 3354 4646 ullam
3385 4592 3666 4661 regionem
3699 4590 3906 4642 dicitur
3953 4591 4047 4643 hic

2484 4707 2712 4759 magnus
2755 4689 2955 4742 ﬂuvius
2991 4687 3216 4754 irrigare
3265 4699 3444 4752 neque
3479 4684 3679 4736 locum.
3731 4682 3853 4736 Non
3893 4684 4046 4736 enim

2485 4785 2664 4837 locum
2699 4781 2795 4835 sed
2828 4779 3091 4832 numdum
3124 4787 3298 4830 totum
3333 4783 3566 4843 quartus
3603 4774 3694 4827 hic
3719 4773 3915 4842 irrigat
3940 4774 4046 4827 llu-

2483 4874 2902 4939 vius.Quartum
2925 4879 3106 4924 autem
3131 4869 3356 4922 ﬂuvium
3377 4866 3615 4934 intellige
3645 4865 4045 4933 evangelicae).

2481 4977 2537 5022 et
2575 4967 2745 5019 totius
2783 4963 2935 5016 orbis
2983 4959 3449 5030 pradicationem,
3490 4965 3615 5026 post
3642 4956 3958 5009 naturalem
3993 4964 4048 5009 et

2484 5059 2769 5113 Mosaicam
2792 5056 2964 5123 legem
2989 5051 3383 5121 prophetieam.
3406 5047 3674 5113 Quoniam
3697 5055 3885 5099 autem
3905 5046 4046 5098 dura

2481 5160 2537 5204 et
2579 5158 2769 5205 coacta
2812 5146 3071 5199 videntur
3094 5159 3159 5196 ea
3188 5156 3309 5210 quae
3353 5155 3500 5193 nunc
3548 5139 3815 5192 dicuntur
3850 5137 3924 5191 de
3960 5139 4045 5191 his

2479 5243 2697 5300 ﬂuviis,
2751 5255 2861 5293 non
2893 5239 3066 5290 solum
3108 5234 3312 5290 .ludzeis
3353 5233 3448 5286 sed
3503 5232 3670 5285 etiam
3697 5255 3705 5264 -
3732 5229 3930 5283 multis
3977 5245 4044 5283 ex

2475 5334 2713 5388 Ecclesia
2765 5331 2859 5399 qui
2903 5338 3031 5382 sunt
3067 5327 3334 5388 carnales,
3387 5335 3443 5379 et
3495 5341 3604 5378 non
3642 5333 3772 5377 sunt
3807 5340 4043 5392 capaces

2475 5433 2675 5477 utcmn
2700 5423 2826 5476 divo
2849 5421 3015 5473 Paulo
3038 5418 3340 5485 intelligant
3361 5423 3418 5468 et
3445 5415 3631 5468 dicant
3666 5413 3818 5482 quod
3843 5413 4044 5466 Littera

2474 5515 2656 5568 occidit
2690 5512 2735 5545 "
2780 5511 2884 5580 (lex
2915 5511 3063 5564 enim
3107 5517 3179 5560 est
3231 5506 3522 5577 spiritualis
3559 5504 3651 5574 ⁸³),
3713 5521 3814 5574 age
3856 5515 4046 5559 osten-

2909 5716 2950 5740 '"
2977 5713 3111 5768 Cen.
3144 5731 3230 5775 xv,
3267 5713 3350 5769 l8.
3447 5711 3492 5741 "
3516 5707 3704 5764 Matth.
3732 5723 3917 5769 xxvni.
3950 5706 4040 5760 20.
