4186 6442
160 394 255 461 981

1236 398 1317 458 IN
1347 399 1889 461 HEXAEMERON.
1918 428 1987 438 —
2008 402 2152 464 LIB.
2174 402 2335 464 VIII.

3271 373 3381 466 θεέ

161 508 356 563 damus
410 521 481 561 ex
510 505 625 577 ipsa
674 504 859 560 divina
906 504 1191 576 Scriptura
1225 505 1569 575 spiritualem
1611 507 1719 560 Eu—
1743 510 1791 568 Α
1818 518 1932 579 post
1958 511 2132 565 diebus
2171 511 2240 564 ad
2280 509 2559 565 uidendum
2594 510 2767 580 ipsum
2813 520 2861 563 et
2896 508 3279 575 adducendum,
3326 520 3377 565 et

159 600 435 669 phratem,
470 598 564 667 qui
585 598 738 667 prius
765 598 1105 665 nominatur,
1136 597 1442 653 Christum.
1462 597 1724 654 Cernitur

160 706 291 761 ergo
319 690 470 745 Deus
495 691 552 744 in
574 690 693 761 lege
734 690 929 761 jubere
964 691 1153 745 Israeli
1220 699 1281 744 ut
1307 691 1487 746 tribus
1516 702 1728 761 tempo-

160 785 315 840 ribus
346 785 533 840 veniat
557 783 787 854 singulis
818 784 998 849 annis,
1028 793 1084 838 et
1107 783 1302 837 adoret
1330 783 1725 856 Hierosolymis

160 876 340 931 omnis
369 877 457 930 vir
491 877 770 931 masculus
796 892 863 930 ex
909 876 1165 931 universa
1213 884 1357 932 terra
1409 880 1723 949 ubicunque

161 966 391 1028 habitet,
423 965 764 1019 horrendum
797 964 1088 1035 imponens
1112 965 1415 1029 vinculum,
1446 975 1503 1019 et
1527 965 1722 1020 decre-

163 1069 279 1114 tum
325 1058 745 1128 pronuntians:
787 1057 1158 1112 Exseerabilis
1211 1071 1297 1114 est
1338 1060 1518 1114 omnis
1559 1059 1723 1114 homo

161 1151 581 1223 Hierosolymis,
607 1150 697 1220 qui
723 1167 827 1204 non
852 1151 977 1219 facit
1003 1153 1181 1205 omnia
1209 1168 1325 1221 qua:
1362 1153 1557 1222 scripta
1603 1161 1723 1206 sunt

160 1243 215 1295 in
242 1242 355 1312 lege
387 1244 546 1311 hujus
576 1241 695 1295 libri
724 1242 790 1293 ⁸⁸.
820 1239 878 1294 Si
897 1257 1047 1311 ergo
1081 1241 1266 1311 posuit
1307 1242 1573 1297 terminos
1601 1250 1725 1297 tuos

161 1351 190 1387 a
218 1332 393 1387 ﬂuvio
422 1331 639 1403 Egypti
698 1346 873 1401 usque
910 1330 977 1384 ad
1008 1330 1233 1384 ﬂuvium
1271 1346 1522 1402 magnum
1562 1346 1724 1399 quem

160 1436 219 1480 tu
280 1425 565 1480 existimas
614 1424 951 1494 Euphratem
1005 1423 1409 1493 Babylonium,
1450 1422 1727 1493 quomodo

162 1518 283 1574 fieri
310 1526 499 1588 potest
538 1526 597 1572 ut
624 1525 707 1570 ter
732 1516 788 1570 in
809 1532 955 1571 anno
984 1516 1175 1569 venias
1208 1531 1276 1569 ex
1297 1514 1726 1585 Mesopotamia?

161 1608 229 1663 Et
265 1608 566 1664 dicendum
598 1616 721 1672 est,
752 1607 838 1661 vel
893 1606 1041 1675 quod
1074 1618 1221 1663 totus
1263 1610 1361 1663 Dei
1405 1624 1604 1679 sc0pus
1641 1609 1731 1663 hic

160 1710 246 1755 est
292 1720 307 1755 :
354 1701 479 1772 lege
512 1700 685 1770 ligare
731 1708 787 1754 et
823 1700 1114 1756 ostendere
1161 1717 1284 1756 esse
1331 1702 1729 1756 exsecrandum

161 1792 422 1848 lsraelem
449 1791 545 1862 qui
573 1807 681 1847 non
706 1791 874 1856 valet,
908 1807 1009 1847 nec
1030 1801 1212 1862 potest
1244 1792 1423 1848 facere
1458 1803 1730 1863 prascepta

161 1902 285 1955 qua
297 1886 470 1955 jussit
499 1885 679 1949 Deus;
720 1885 807 1939 vel
831 1890 979 1955 quod
1024 1884 1307 1941 Christum
1363 1886 1730 1956 spiritualiter

162 1978 415 2033 nominat
445 1976 785 2046 Euphratem
812 1975 1129 2046 Scriptura,
1153 1976 1344 2032 dicens
1366 1976 1555 2032 Israeli
1584 1993 1598 2028 :
1635 1974 1733 2029 Po-

163 2088 289 2125 nam
342 2070 596 2122 terminos
655 2077 793 2132 tuos,
844 2068 951 2123 hoc
993 2076 1079 2123 est
1126 2068 1422 2123 terminum
1469 2068 1732 2137 temporis

161 2162 352 2218 cultus
382 2160 610 2231 legitimi
634 2201 649 2225 ,
674 2175 837 2231 usque
859 2160 927 2214 ad
948 2162 1165 2232 fluvium
1189 2158 1426 2230 Egypti,
1458 2175 1633 2229 usque
1663 2160 1729 2213 ad

160 2256 467 2312 adventum
487 2253 695 2310 Christi
726 2253 821 2323 qui
852 2262 938 2309 est
959 2269 1192 2324 magnus
1220 2252 1451 2322 frugifer
1486 2254 1734 2323 Euphra-

163 2358 286 2415 tes;
330 2357 384 2402 et
423 2348 607 2402 statim
638 2347 906 2416 auferetur
942 2344 1263 2414 sacrificium
1296 2356 1344 2399 et
1368 2345 1618 2412 libamen,
1678 2356 1736 2400 ut

159 2442 299 2497 dicit
334 2440 533 2496 Daniel
563 2438 630 2507 ⁸³,
681 2448 730 2493 et
789 2440 1047 2494 delebitur
1083 2442 1258 2493 unctio
1306 2441 1450 2494 ducis
1502 2449 1550 2493 et
1584 2440 1737 2510 judi-

159 2535 303 2588 cium
340 2548 359 2587 :
389 2530 537 2587 Finis
577 2533 729 2588 enim
752 2532 879 2601 legis
909 2540 984 2585 est
1006 2531 1242 2586 Christus
1283 2532 1349 2585 “.
1379 2532 1485 2586 Lex
1514 2533 1661 2586 enim
1689 2541 1737 2584 et

163 2624 450 2696 Propheta:
486 2641 648 2695 usque
674 2623 743 2677 ad
772 2622 1035 2677 Joannem
1063 2622 1361 2690 Baptistam
1390 2624 1456 2676 ".
1505 2624 1742 2678 Exacer-

164 2717 334 2772 batur
394 2715 558 2787 (scio)
604 2723 663 2771 et
702 2723 992 2770 succenset
1038 2714 1155 2769 haec
1197 2715 1429 2769 audiens
1473 2715 1698 2770 Judaeus
1725 2756 1739 2776 .

164 2808 338 2863 falsas
392 2824 567 2878 nugas
630 2808 914 2878 appellans
972 2821 1037 2861 ea
1092 2823 1214 2877 qua:
1275 2808 1420 2863 dicta
1476 2817 1622 2862 sunt.
1681 2807 1743 2862 Ei

164 2916 302 2971 ergo
378 2915 736 2955 occurramus
780 2918 879 2972 per
924 2901 1073 2956 aliud
1129 2901 1492 2971 principium,
1547 2916 1743 2972 nempe

167 2990 351 3046 Geon.

241 3081 461 3137 Portam
487 3120 503 3145 ,
552 3078 773 3150 inquit,
826 3083 1077 3135 terminos
1122 3088 1235 3134 tuos
1278 3100 1309 3134 a
1362 3081 1520 3151 ﬂuvio
1559 3096 1748 3148 magno

1822 602 2077 672 profectus
2126 604 2322 657 invenit
2367 603 2538 673 ipsum
2586 612 2910 673 corruptum.
2964 600 3033 655 Et
3067 602 3262 671 factum
3299 608 3379 656 est

1821 697 2031 752 verbum
2047 695 2253 749 Domini
2283 696 2353 750 ad
2368 693 2657 748 Jeremiam
2686 696 2857 749 dicens
2879 710 2896 749 :
2915 691 3001 748 Sic
3019 704 3381 763 corrumpetur

1822 791 1903 844 hic
1932 788 2153 859 populus
2185 789 2439 857 quomodo
2474 785 2857 856 subligaculum
2884 786 3030 839 lintei
3058 786 3104 817 ’°
3132 803 3147 851 ;
3203 786 3380 840 subli-

1821 882 2070 951 gaculum
2124 878 2329 942 lintei,
2394 879 2713 934 nominante
2768 879 2881 932 Deo
2907 877 3166 933 Israelem
3216 893 3379 947 quem

1822 970 2099 1042 corrrupit
2127 984 2191 1024 ac
2218 968 2459 1040 perdidit
2487 984 2718 1038 magnus
2746 967 2945 1023 ﬂuvius
2979 968 3292 1040 Euphrates
3326 968 3381 1023 in

1820 1065 2121 1120 Jerusalem
2156 1081 2170 1115 :
2195 1061 2488 1118 eumenim
2510 1061 2758 1115 funditus
2782 1060 2958 1115 diruit
2983 1076 3081 1131 per
3106 1063 3388 1117 Romanos

1823 1157 2006 1212 Titum
2030 1165 2089 1211 et
2112 1154 2526 1225 Vespasianum.
2555 1153 2653 1207 Est
2671 1155 2819 1209 enim
2849 1153 3251 1223 subligaculum
3273 1168 3384 1207 non

1824 1252 1999 1305 solum
2029 1260 2262 1314 naturae,
2291 1248 2459 1303 situm
2485 1248 2541 1301 in
2574 1246 2776 1301 lumbis
2817 1245 3028 1301 ventris
3056 1255 3114 1301 et
3139 1245 3389 1315 partibus

1824 1341 2509 1412 genitalibuszpropterea
2551 1338 2805 1394 Christus
2858 1354 2982 1393 cum
3030 1337 3272 1392 venisset
3323 1337 3390 1392 ad

1826 1447 2039 1488 cmnam
2074 1433 2212 1488 Novi
2237 1432 2575 1487 Testamenti
2602 1431 2667 1485 ad
2691 1440 2884 1500 gentes
2920 1431 3023 1485 sibi
3051 1430 3393 1501 conjungen-

1828 1521 1926 1576 das
1955 1520 2303 1591 cognatione,
2332 1527 2558 1589 accepto
2585 1519 2757 1573 linteo
2788 1533 2846 1572 se
2877 1517 3171 1572 succinxit.
3199 1517 3392 1572 Restat

1828 1627 1961 1683 ergo
1991 1611 2153 1667 nobis
2181 1619 2244 1666 ut
2277 1609 2635 1666 ostendamus
2659 1610 2761 1680 ipsi
2790 1609 3003 1673 Judmo,
3022 1618 3078 1663 et
3105 1608 3390 1673 Ecclesirc,

1831 1720 1952 1760 esse
1980 1704 2131 1760 Geon
2180 1703 2544 1774 spiritualem,
2584 1710 2645 1756 ut
2680 1702 2931 1772 utrisque
2966 1702 3398 1773 persuadeamus

1837 1808 1896 1852 nt
1929 1797 2238 1866 intelligant
2275 1795 2588 1865 Scripturas
2625 1808 2736 1847 non
2784 1795 2962 1848 solum
3003 1793 3398 1848 convenienter

1834 1889 1999 1960 900
2029 1889 2227 1943 litterae
2248 1888 2451 1957 (littera
2475 1889 2619 1941 enim
2641 1885 2888 1954 occidit).
2916 1886 3051 1940 Vide
3076 1884 3224 1940 enim
3250 1884 3396 1955 quod

1830 1981 1874 2034 si
1902 1981 2272 2049 intelligamus
2299 1977 2665 2049 corporaliter
2688 1985 3012 2047 praesentem
3039 1978 3238 2033 litterae
3266 1991 3401 2031 con-

1830 2071 2266 2141 templationem.
2297 2084 2418 2139 qum
2439 2068 2576 2124 dicit
2613 2087 2624 2120 :
2665 2072 2868 2121 Ponam
2894 2068 3145 2121 terminos
3179 2064 3398 2121 Israelis

1833 2181 1865 2216 a
1885 2161 2074 2227 finibus
2110 2161 2325 2232 {Egypti
2352 2177 2515 2230 usque
2538 2159 2605 2213 ad
2628 2160 2846 2228 ﬂuuium
2874 2174 3127 2229 magnum
3150 2156 3402 2227 Euphra-

1834 2266 1956 2319 tem,
2004 2254 2350 2309 inveniamus
2370 2253 2539 2305 Deum
2558 2266 2678 2305 esse
2695 2250 3011 2313 mentitum,
3034 2250 3285 2305 utvisum
3320 2258 3404 2304 est

1835 2348 2119 2404 sceleratis
2144 2345 2459 2401 Manichaais
2474 2343 2792 2399 mendacem
2808 2357 2931 2397 esse
2954 2343 3123 2398 Deum
3137 2342 3230 2412 qui
3247 2342 3369 2397 locu
3383 2371 3403 2381 -

1835 2452 1924 2496 ust
1952 2450 2036 2497 est
2056 2442 2227 2495 Vetus
2244 2440 2681 2494 Testamentum.
2708 2438 2869 2508 Ergo,
2888 2453 2956 2492 ne
2976 2452 3077 2492 nos
3111 2450 3329 2508 quoque
3351 2437 3403 2490 in

1836 2549 1932 2587 eos
1965 2532 2272 2587 incidamus
2304 2532 2531 2601 laqueos
2551 2570 2566 2595 ,
2594 2529 2887 2585 credamus
2911 2527 3130 2584 Christo
3151 2529 3246 2598 qui
3270 2528 3411 2583 dixit

1839 2625 1985 2696 quod
2018 2624 2187 2680 Unum
2224 2626 2331 2677 iota
2364 2632 2457 2676 aut
2480 2639 2616 2676 unus
2642 2638 2775 2691 apex
2802 2638 2905 2674 non
2935 2621 3175 2675 transibit
3191 2637 3255 2675 ea:
3278 2620 3407 2692 legs,

1841 2719 2000 2771 donec
2017 2719 2194 2771 omnia
2215 2716 2404 2784 fiant"
2427 2732 2441 2767 :
2466 2714 2535 2769 de
2552 2716 2671 2784 ipso
2683 2715 2831 2769 enim
2850 2715 3034 2769 omnia
3057 2715 3262 2784 scripta
3283 2722 3413 2769 sunt

1842 2811 1900 2865 in
1918 2810 2122 2865 Veteri.
2143 2808 2459 2862 Invenimus
2472 2805 2618 2861 enim
2638 2807 2693 2860 in
2711 2806 2989 2876 principio
3007 2806 3157 2861 tertii
3176 2807 3409 2876 Regum,

1844 2902 2015 2958 David
2043 2901 2369 2957 moriturum
2402 2909 2692 2971 postquam
2717 2906 3004 2969 regnasset
3042 2897 3264 2969 triginta
3294 2909 3415 2951 tres

1848 3011 2022 3050 annos
2052 2995 2107 3049 in
2136 2995 2292 3058 Sion,
2340 2994 2397 3049 in
2431 3004 2620 3065 typum
2646 2993 2822 3047 aetatis
2857 2991 3065 3046 Christi
3111 2990 3415 3045 secundum

1850 3103 2071 3143 carnem
2096 3087 2369 3142 dicentem
2404 3104 2417 3139 :
2455 3086 2641 3140 Vocate
2679 3086 2804 3139 mihi
2854 3082 3057 3139 Sadoch
3094 3084 3418 3137 sacerdotem

175 3174 483 3245 Euphrate.
514 3171 631 3228 Hoc
657 3182 745 3228 est
778 3172 876 3227 Dei
916 3174 1095 3227 oratio
1140 3173 1343 3242 (quoad
1368 3169 1649 3241 terminos)
1679 3170 1747 3225 ad
1778 3198 1821 3259 ο
1849 3188 1899 3233 ει
1930 3180 2162 3233 Nar/mm
2201 3180 2533 3249 prophetam,
2577 3186 2625 3230 et
2677 3176 2943 3231 Banaiam
2978 3174 3151 3243 filium
3172 3176 3417 3241 Joiadte;

175 3267 469 3322 Israelem.
516 3265 636 3321 Non
667 3273 753 3321 est
805 3278 989 3320 autem
1038 3264 1187 3320 Deus
1229 3280 1393 3319 verus
1427 3263 1748 3328 mentiens;

176 3358 278 3413 Dei
298 3356 456 3413 enim
493 3356 716 3410 Verbum
748 3365 924 3410 manet
968 3358 1025 3409 in
1067 3364 1322 3410 aeternum
1346 3397 1362 3419 ,
1402 3354 1545 3410 sicut
1581 3354 1754 3409 David

177 3463 407 3520 quoque
455 3448 622 3503 dicit:
664 3448 729 3503 In
770 3455 1045 3514 mternum,
1070 3447 1310 3511 Domine,
1351 3446 1572 3501 Verbum
1609 3457 1754 3501 tuum

178 3550 463 3613 permanet
493 3542 549 3595 in
583 3540 707 3595 caelo
730 3558 747 3603 ;
774 3542 828 3594 in
866 3541 1254 3610 generationem
1285 3550 1331 3593 et
1363 3539 1754 3610 generationem

176 3638 383 3691 veritas
406 3646 504 3690 tua
528 3635 593 3689 ⁸³.
627 3634 762 3690 Cum
800 3651 933 3705 ergo
978 3635 1125 3688 Deus
1171 3633 1491 3703 promiserit
1541 3642 1597 3688 et
1643 3649 1754 3688 non

180 3727 517 3792 mentiatur,
547 3736 602 3781 et
631 3726 838 3781 dixerit
859 3742 918 3781 se
939 3741 1145 3795 ponere
1173 3725 1307 3780 lines
1341 3724 1552 3797 [Egypti
1582 3740 1756 3794 usque

180 3818 253 3875 ad
296 3819 668 3891 Euphratem,
720 3819 997 3888 quomodo
1040 3833 1219 3887 neque
1262 3818 1413 3871 fluvii
1458 3816 1631 3880 Geon,
1656 3832 1757 3871 nec

179 3928 382 3968 eorum
415 3912 513 3982 qui
540 3919 667 3965 sunt
690 3926 863 3980 prope
885 3909 1060 3972 Geon,
1079 3924 1258 3978 neque
1288 3924 1481 3963 rursus
1507 3908 1756 3979 Euphra-

184 4006 279 4069 tis,
309 4019 419 4059 nec
439 4003 607 4057 ullius
646 4002 866 4057 consilii
905 4001 1052 4072 quod
1087 4002 1158 4056 sit
1192 4016 1362 4071 prope
1393 4000 1753 4071 Euphratem,

182 4094 542 4149 dominatum
586 4093 830 4148 obtinuit
878 4092 1091 4148 Israel.
1144 4091 1419 4147 Reversus
1464 4101 1646 4146 autem
1700 4093 1756 4146 in

180 4188 628 4243 Chananzeorum
660 4186 1027 4251 Palaestinam,
1070 4185 1431 4256 quamobrem
1477 4200 1587 4239 non
1627 4200 1755 4255 pos-

183 4279 335 4336 sedit
353 4293 534 4348 usque
569 4277 636 4333 ad
662 4277 1045 4349 Euphratem?
1069 4278 1184 4349 Ego
1210 4293 1342 4332 vero
1360 4278 1410 4333 ei
1436 4277 1612 4332 dicam
1645 4296 1656 4330 :
1689 4278 1757 4332 Et

185 4370 476 4441 quomodo
505 4371 560 4424 in
590 4369 810 4425 deserto
838 4369 1073 4425 irritasti
1102 4371 1362 4436 Deum,et
1390 4370 1679 4441 possedisti
1704 4381 1760 4425 et

184 4464 421 4519 tenuisti
458 4479 490 4519 a
529 4463 645 4518 Dan
681 4479 852 4534 usque
889 4464 958 4518 ad
1008 4464 1281 4519 Bersabee
1311 4464 1663 4519 Amorrhmos
1701 4475 1759 4519 et

1852 3282 1901 3326 et
1922 3272 2141 3342 ingressi
2182 3280 2301 3324 sunt
2333 3287 2512 3325 coram
2550 3286 2690 3340 rege,
2724 3279 2773 3322 et
2818 3269 2951 3322 dixit
2998 3285 3090 3323 rea:
3130 3285 3148 3323 :
3189 3268 3420 3339 Accipite

1851 3380 2023 3419 servos
2061 3363 2260 3417 domini
2283 3364 2442 3418 vestri
2469 3362 2753 3425 vobiscum,
2776 3362 3031 3431 imponite
3046 3359 3221 3429 ﬁlium
3243 3376 3419 3414 meum

1852 3454 2187 3511 Salomonem
2219 3471 2375 3524 super
2398 3452 2598 3508 mulam
2633 3468 2827 3517 meam,
2864 3460 2914 3505 et
2943 3452 3184 3506 adducite
3207 3467 3323 3503 eum
3352 3450 3422 3504 ad
3438 3466 3439 3469 ‘

1855 3543 2015 3609 Geon,
2046 3554 2095 3597 et
2129 3545 2307 3613 ungite
2332 3558 2453 3596 eum
2475 3558 2646 3613 regem
2666 3543 2721 3596 in
2751 3541 3049 3597 Jerusalem
3073 3542 3142 3594 θ’.
3182 3541 3251 3595 Et
3273 3540 3420 3596 fece-

1856 3633 2146 3688 runtsicut
2169 3633 2253 3687 eis
2275 3631 2440 3702 jussit
2470 3646 2588 3693 rex,
2624 3640 2683 3685 et
2712 3630 2879 3685 rediit
2904 3630 3159 3686 Salomon
3182 3645 3250 3685 ex
3270 3628 3421 3686 Geon

1856 3723 1923 3778 ad
1953 3732 2166 3793 patrem
2195 3737 2357 3777 suum
2378 3720 2550 3775 David
2576 3737 2829 3791 regnans.
2882 3720 3253 3788 Quamobrem
3283 3720 3422 3775 nihil

1858 3825 1991 3871 tunc
2012 3815 2187 3870 deluit
2208 3814 2399 3869 Davidi
2422 3814 2723 3884 quominus
2747 3814 2961 3869 diceret
2979 3813 3200 3884 quando
3225 3830 3422 3869 ascen-

1857 3909 1940 3963 dit
1973 3909 2119 3962 lilius
2148 3909 2268 3979 ejus
2292 3924 2358 3963 ex
2379 3907 2530 3962 Geon
2553 3907 2621 3961 ad
2653 3907 2857 3977 ipsum,
2884 3907 2965 3961 Ea:
2992 3907 3223 3979 Egypto
3243 3909 3425 3961 vocavi

1856 4000 2027 4069 filium
2068 4017 2257 4055 meum.
2296 4000 2447 4054 Geon
2496 4000 2644 4054 enim
2672 3999 2942 4071 significat
2981 3999 3269 4070 Egyptum
3302 4010 3427 4054 :est

1857 4093 2005 4148 enim
2035 4093 2138 4149 iste
2173 4109 2393 4163 quoque
2418 4092 2621 4148 ﬂuvius
2647 4092 3060 4163 Hierosolymis,
3095 4093 3192 4161 qui
3218 4092 3426 4146 dicitur

1860 4186 2024 4241 Siloe.
2052 4186 2156 4253 Qui
2177 4202 2308 4256 ergo
2333 4187 2596 4241 adversus
2611 4200 2675 4240 ea
2697 4201 2819 4255 qua:
2834 4185 3096 4239 dicuntur
3120 4185 3428 4240 reluctatur

1860 4277 2142 4341 Hebraeus,
2174 4277 2446 4332 refellitur
2480 4277 2547 4331 ad
2588 4293 2772 4332 rerum
2800 4277 3273 4347 consequentiam.
3307 4277 3427 4332 Non

1861 4370 2173 4427 invenimus
2216 4370 2364 4425 enim
2398 4369 2632 4425 alterum
2670 4384 2853 4441 regem
2883 4378 3110 4423 unctum
3164 4368 3219 4423 in
3250 4369 3426 4431 Geon,

1860 4462 1967 4519 nisi
2015 4462 2190 4517 solum
2233 4461 2582 4517 Salomonem
2645 4460 2819 4516 ﬁlium
2877 4460 3071 4516 David.
3131 4461 3428 4529 Propterea

184 4556 513 4613 Chetthteos
540 4597 555 4622 ,
615 4565 672 4611 et
729 4556 972 4626 reliquas
1020 4565 1210 4627 gentes
1259 4564 1420 4611 terra:
1452 4553 1710 4611 Chanaan
1734 4555 1758 4608 ?
1790 4540 1835 4597 ι)
1862 4554 1956 4609 Dei
1980 4570 2201 4625 quoque
2225 4554 2490 4624 templum
2517 4568 2625 4607 non
2650 4553 2887 4608 aedificat
2921 4553 3114 4617 David,
3137 4552 3287 4621 quod
3308 4552 3431 4620 qui-

188 4649 381 4703 Discat
425 4662 560 4718 ergo
606 4646 875 4713 Ecclesia,
909 4654 966 4702 et
1005 4646 1250 4711 Judzeus,
1307 4646 1453 4718 quod
1495 4646 1566 4701 ab
1612 4647 1761 4701 exitu
1863 4646 1987 4703 dem
2029 4644 2260 4701 decebat
2304 4662 2317 4697 :
2367 4651 2490 4699 erat
2522 4644 2670 4699 enim
2721 4644 3082 4715 iustissimus.
3133 4642 3241 4697 Sed
3285 4642 3431 4697 filius

188 4738 413 4812 Δίκῃ)ιί
468 4753 643 4808 usque
686 4737 755 4792 ad
798 4736 1024 4792 ﬂuvium
1070 4753 1328 4809 magnum
1382 4737 1761 4807 Euphratem,

190 4847 396 4902 nempe
423 4828 728 4893 Christum,
758 4830 903 4886 Deus
919 4829 1209 4885 constituit
1242 4840 1303 4885 ut
1348 4838 1605 4885 tenerent
1649 4837 1764 4883 ter-

194 4923 381 4978 minos
425 4921 609 4976 cultus
650 4920 906 4992 legitimi.
967 4921 1075 4977 Iste
1103 4921 1251 4976 enim
1303 4920 1607 4990 spiritualis
1660 4918 1766 4973 Eu-

194 5013 429 5084 phrates
470 5012 567 5083 qui
598 5012 833 5083 peremit
874 5027 1001 5068 eum
1049 5012 1145 5083 qui
1186 5028 1285 5084 per
1337 5013 1657 5083 sanguinem
1704 5011 1766 5066 lit

195 5104 436 5167 cultum,
464 5111 522 5159 et
546 5103 863 5161 libationem
902 5123 915 5158 :
949 5105 1116 5170 hunc,
1150 5105 1393 5175 inquam,
1425 5104 1762 5175 Euphratem

198 5197 351 5252 Deus
374 5194 833 5266 praesignificans,
882 5196 1017 5252 dicit
1058 5196 1309 5252 Jeremite
1365 5196 1459 5264 qui
1495 5205 1621 5250 ante
1676 5210 1764 5249 ca-

198 5289 514 5360 ptivitatem
532 5288 698 5344 Israel
714 5297 834 5343 erat
847 5290 902 5344 in
917 5289 1217 5345 Jerusalem
1234 5307 1247 5343 :
1270 5288 1631 5359 Vade,projice
1645 5290 1767 5343 sub-

204 5382 491 5453 ligaculum
514 5389 660 5435 tuum
682 5382 738 5435 in
762 5381 1103 5451 Euphratem.
1126 5381 1455 5451 Euphratem
1476 5388 1658 5435 autem
1684 5380 1768 5434 di-

201 5472 281 5526 cit
298 5470 639 5526 Deuslocum
662 5486 801 5541 aqua
827 5471 1207 5527 circumﬂuum
1235 5486 1407 5542 pr0pe
1445 5472 1767 5537 Jerusalem,

201 5562 300 5632 qui
325 5563 637 5633 appellatur
666 5563 842 5619 Phara
866 5578 963 5619 seu
990 5564 1251 5636 frugifer:
1284 5562 1514 5634 Cumque
1539 5564 1646 5618 illic
1676 5581 1770 5635 po-

201 5653 391 5706 suisset
422 5656 676 5723 propheta
712 5654 927 5709 linteum
948 5653 1107 5709 lumbi
1133 5658 1235 5721 sui,
1261 5655 1395 5709 misit
1421 5672 1535 5709 eum
1563 5654 1770 5725 aliquot

276 5766 325 5795 ⁸⁷⁵
357 5767 517 5821 Deut.
564 5784 721 5828 xxvn.
745 5769 831 5823 27.
931 5771 974 5803 ⁸⁵
1006 5772 1135 5825 Dan.
1172 5788 1240 5826 Ix.
1276 5772 1363 5826 ‘27.

206 5851 320 5899 snt,
348 5838 397 5893 l.
474 5840 522 5869 "
550 5838 681 5892 ibid.
710 5840 859 5894 6-10.
936 5842 977 5874 ⁹¹
1007 5841 1193 5897 Matth.
1230 5859 1279 5896 ν.
1317 5842 1396 5897 18.

1464 5773 1509 5802 “
1535 5774 1688 5826 Ilont.
1726 5790 1777 5831 κ.
1819 5776 1863 5829 4.

1474 5844 1517 5913 ν
1547 5843 1610 5897 IlI
1645 5844 1773 5913 lleg.
1812 5845 2049 5899 Hii-5i.
2096 5845 2139 5877 θ’
2167 5846 2232 5899 III
2264 5846 2392 5910 lica.
2424 5860 2475 5909 κ,
2516 5844 2562 5897 l.

1864 4738 2055 4803 David,
2088 4737 2297 4793 scilicet
2354 4737 2448 4807 qui
2474 4736 3113 4791 administravitratione
3142 4733 3431 4805 praeditum

1864 4832 2127 4902 templum
2153 4829 2399 4884 hominis
2431 4827 2763 4884 dissolutum
2800 4845 2813 4879 :
2843 4843 2941 4897 per
2972 4841 3099 4881 eum
3132 4826 3226 4895 qui
3261 4824 3432 4879 etiam

1864 4925 2119 4982 Salomon
2188 4922 2499 4994 paciﬁcavit
2559 4921 2916 4977 circumcirca
2974 4934 3165 4974 ontnes
3216 4926 3428 4988 gentes.

1872 5019 2167 5087 Propterea
2206 5017 2389 5087 regina
2426 5029 2647 5085 quoque
2688 5013 2888 5079 Austri,
2919 5027 3114 5082 nempe
3160 5009 3430 5073 Ecclesia,

1874 5111 2239 5181 posteriorum
2295 5122 2563 5162 annorum
2604 5105 2811 5165 saeculi,
2838 5120 3033 5159 eorum
3080 5102 3291 5157 scilicet
3335 5101 3437 5169 qui

1874 5202 2025 5272 prius
2051 5211 2211 5256 erant
2252 5199 2558 5268 Ethiopes,
2598 5199 2825 5252 surrexit
2855 5212 2918 5250 ea:
2948 5196 3160 5264 finibus.
3193 5194 3288 5248 sed
3321 5209 3432 5247 non

1873 5310 1937 5348 ex
1970 5294 2087 5348 loco
2119 5291 2305 5361 aliquo
2337 5309 2349 5342 :
2394 5301 2442 5343 et
2474 5292 2613 5343 venit
2650 5299 2701 5341 ut
2745 5288 2939 5342 videret
2983 5287 3299 5355 sapientiam
3334 5283 3431 5338 lilii

1875 5384 2062 5450 David,
2087 5399 2283 5454 nempe
2308 5384 2457 5446 Jesu,
2510 5380 2812 5452 spiritualis
2839 5378 3137 5434 Salomonis
3168 5378 3236 5439 ’³,
3289 5392 3430 5444 quu-

1874 5475 2018 5528 niam
2044 5488 2074 5527 a
2113 5473 2314 5542 templo
2347 5470 2656 5525 Salomonis
2688 5468 2838 5521 uncti
2876 5467 2928 5521 in
2958 5466 3130 5529 Geon,
3158 5479 3331 5533 usque
3362 5462 3426 5515 ad

1877 5566 2102 5619 ﬂuvium
2127 5578 2381 5635 magnum
2411 5562 2746 5633 Euphratem
2771 5556 3036 5614 dominati
3062 5564 3190 5612 stmt
3211 5554 3434 5610 termini

1876 5656 2103 5727 legitimi
2151 5656 2331 5712 cultus
2368 5654 2554 5725 templi
2605 5654 2695 5707 llei
2744 5652 2860 5723 (qui
2889 5651 3136 5705 dissolvit
3171 5647 3432 5716 templum

1986 5774 2025 5801 ν
2060 5774 2188 5827 Litt“.
2219 5791 2326 5831 \'\'I.
2368 5775 2445 5828 I6.
2522 5774 2563 5800 ⁸⁸³
2596 5773 2732 5827 I‘sal.
2760 5786 2942 5834 cxt'ttl,
2981 5770 3067 5824 89.
3157 5766 3201 5798 ”
3226 5765 3435 5823 Jerem.
