4186 6442
795 375 900 439 983

1968 381 2027 439 S.
2068 381 2459 441 ANASTASII
2503 380 2822 440 SINAIT:E

3897 373 3997 437 984

794 483 1359 555 lsraelis)etsacriticii
1392 491 1599 543 ratione
1620 490 1855 557 prauliti,
1882 492 2027 558 quod
2056 492 2342 545 bruturuin
2374 494 2418 548 Α
2445 492 2854 558 interpretatur,
2891 488 3198 540 mandatum
3241 487 3494 540 Altissimi
3533 501 3551 537 :
3592 485 3738 553 quod
3774 485 3997 555 quidem

789 582 1048 637 exstinxit
1076 581 1422 645 sacriﬁcium,
1476 597 1572 650 per
1616 582 2009 651 Christumqui
2042 592 2127 636 est
2175 585 2343 637 carbo

789 673 882 740 qui
919 672 1089 741 sopiri
1116 688 1221 725 non
1265 680 1442 739 potest
1469 681 1520 724 et
1545 673 1836 741 exstingui.
1882 672 2016 726 Nam
2047 682 2103 727 et
2151 673 2341 726 lsaiam

790 765 1081 826 accendit,
1140 774 1196 817 et
1225 765 1291 817 ad
1336 779 1393 817 se
1449 764 1818 828 inflammavit,
1852 766 2127 834 proposito
2180 766 2342 835 regali

790 857 1060 911 sacrificio
1093 855 1387 926 symbolice
1413 865 1543 910 tunc
1574 872 1791 925 quoque
1822 858 1871 910 ci
1909 873 2199 925 apparens.
2254 857 2344 911 Sic

790 948 1060 1002 eomeditc
1100 964 1293 1002 carnes
1319 949 1569 1018 corporis
1598 964 1765 1003 sacra:
1815 949 2133 1018 Scripturae,
2174 966 2208 1003 ο
2233 950 2344 1003 fra-

792 1050 923 1101 tres,
958 1054 1052 1092 eas
1078 1041 1388 1095 esurientes
1416 1058 1427 1093 :
1454 1051 1508 1093 et
1534 1040 1858 1095 absconsum
1910 1044 1962 1095 in
2008 1056 2171 1095 caruc
2202 1040 2346 1095 Scri-

791 1132 964 1196 ptura:
997 1130 1265 1198 spirituali
1294 1132 1670 1201 mysteriorum
1698 1133 2014 1197 sanguinem
2037 1134 2117 1186 sic
2142 1133 2343 1197 bibite;

790 1222 881 1288 qui
904 1230 988 1274 est
1011 1223 1158 1275 enim
1195 1225 1273 1276 sic
1307 1226 1425 1290 ejus
1454 1226 1745 1293 particeps,
1792 1226 1957 1279 habet
1982 1226 2147 1279 vitam
2182 1234 2345 1279 mter-

791 1329 940 1365 n.mi.
991 1314 1257 1378 Qiioniam
1306 1327 1489 1369 autem
1527 1317 1912 1385 procedentem
1959 1317 2347 1385 proprietatem

792 1404 846 1458 in
875 1415 1063 1458 sancto
1094 1407 1300 1475 Spiritu
1342 1409 1633 1463 didicimus
1658 1426 1721 1463 ex
1745 1410 2076 1479 evangelicis
2096 1425 2217 1463 esse
2244 1420 2350 1463 tra-

793 1497 1112 1558 ditionibus,
1135 1499 1353 1554 dicente
1378 1502 1604 1555 llomino
1634 1520 1645 1554 :
1674 1500 1903 1571 Spiritus
1931 1511 2143 1555 sanctus
2172 1504 2261 1571 qui
2288 1518 2351 1556 ea:

792 1587 954 1640 Patre
986 1591 1217 1657 procedit
1244 1594 1311 1655 ",
1342 1593 1569 1647 fortasse
1602 1592 1868 1662 Spiritum
1910 1595 2182 1663 significat
2208 1594 2348 1648 scri-

793 1688 917 1748 ptor
947 1682 1137 1737 dicens
1169 1703 1181 1737 :
1215 1685 1422 1738 Flavius
1448 1688 1711 1755 egreditur
1735 1703 1796 1739 ea:
1826 1686 1991 1740 Edent
2023 1687 2093 1739 ad
2121 1689 2352 1757 irrigan-

792 1772 919 1825 dum
942 1777 1246 1841 paradisum
1277 1777 1553 1831 Ecclesiae.
1589 1778 1719 1831 Nam
1749 1776 1904 1841 illud,
1949 1777 2252 1847 Egreditur,
2281 1778 2354 1831 si-

792 1863 1015 1929 gnificat
1056 1867 1453 1934 perennitatem
1482 1906 1497 1930 ,
1544 1876 1600 1919 et
1646 1867 1849 1921 nullam
1904 1882 2024 1921 esse
2083 1867 2343 1935 quietem.
2381 1851 2422 1905 Β

793 1952 948 2019 Quod
975 1956 1195 2023 quidem
1224 1958 1381 2010 nobis
1413 1974 1605 2012 rursus
1648 1958 1764 2028 ipse
1808 1960 2069 2013 Dominus
2097 1959 2347 2013 Christus

792 2048 1043 2115 promisit
1065 2048 1256 2104 dicens
1283 2067 1294 2100 :
1321 2050 1377 2103 Si
1400 2052 1574 2103 abiero
1607 2053 1675 2104 ad
1714 2051 1953 2116 Patrem,
1990 2053 2182 2121 rogabo
2206 2068 2346 2111 cuiu,

793 2148 844 2190 et
877 2139 1389 2194 aliuml’aracletum
1410 2144 1620 2195 mittam
1656 2144 1793 2196 vobis
1824 2141 2086 2211 Spiritum
2112 2144 2348 2197 veritatis

792 2238 850 2281 ut
883 2243 1095 2285 maneat
1142 2234 1397 2287 vobiscum
1425 2236 1481 2287 iu
1508 2244 1764 2288 wteruum
1802 2236 1869 2288 ’⁵.
1915 2235 2070 2300 Quod
2106 2237 2151 2289 si
2182 2236 2347 2289 etiam

793 2322 997 2389 quaris
1029 2334 1265 2392 quatuor
1317 2325 1472 2378 initia
1525 2325 1944 2379 illuminatiouis
1972 2327 2144 2379 sancti
2176 2325 2351 2395 Spiri-

794 2421 906 2474 tus,
940 2414 1079 2467 scias
1102 2431 1228 2468 eum
1275 2431 1398 2470 esse
1451 2418 1544 2485 qui
1594 2426 1678 2471 est
1711 2418 1931 2471 locutus
1971 2416 2025 2470 in
2062 2418 2224 2486 justis
2256 2419 2350 2487 qui

794 2505 1021 2562 fuerunt
1052 2515 1182 2563 ante
1217 2510 1414 2577 legem,
1443 2526 1509 2562 ex
1542 2510 1744 2577 quibus
1767 2518 1887 2563 erat
1913 2510 2003 2564 ille
2029 2527 2246 2580 quoque
2260 2512 2356 2581 qui

794 2598 1014 2655 diccbat
1040 2619 1053 2654 :
1083 2600 1311 2671 Spiritus
1335 2603 1541 2656 divinus
1567 2605 1656 2672 qui
1698 2603 1936 2656 abundat
1985 2604 2147 2658 nobis
2172 2606 2226 2658 in
2263 2621 2359 2659 na-

796 2691 969 2755 ribus,
1024 2692 1184 2748 ﬂatus
1225 2703 1409 2748 autem
1451 2693 1857 2763 Omnipotcntis
1906 2696 1999 2764 qui
2048 2711 2134 2749 me
2173 2695 2355 2751 docet.

797 2784 1064 2840 Similiter
1080 2786 1385 2841 secundum
1405 2802 1626 2855 quoque
1652 2787 1707 2840 in
1730 2787 1847 2856 lege
1873 2805 1885 2838 :
1932 2787 2153 2842 tertium
2173 2798 2356 2842 autem

797 2874 855 2929 in
885 2877 1169 2946 prophetis
1198 2897 1211 2932 :
1255 2878 1456 2933 deinde
1494 2878 1659 2933 etiam
1686 2888 1885 2947 quarto
1909 2878 2105 2934 ordine
2134 2880 2191 2934 in
2222 2895 2364 2949 qua-

798 2976 925 3024 tuor
949 2968 1131 3024 ﬂuviis
1158 2970 1637 3039 cvangelistarum.
1669 2969 1804 3024 Nam
1834 2969 2123 3025 Matthaeus
2137 2969 2362 3039 quidem

2443 582 2550 636 dici
2598 582 2853 637 convenit
2886 579 2955 633 de
2985 578 3295 646 evangelica
3328 577 3734 647 praadicatione.
3788 577 4002 632 Marcus

2443 686 2622 729 autem
2649 674 2828 727 dictus
2855 680 2959 734 est,
2987 674 3180 724 donum
3203 672 3342 730 rita,
3364 669 3731 723 anasautem
3761 670 4000 722 obediem

2442 766 2685 819 Domino.
2719 766 2888 821 Porro
2910 771 3091 817 autem
3140 764 3254 831 ipsa
3299 776 3516 831 quoque
3544 768 3779 829 quatuor
3811 760 4005 814 ﬂuvio-

2446 876 2564 912 rum
2614 867 3015 925 conscqucnter
3068 858 3353 925 positura,
3398 865 3633 924 quatuor
3684 863 4004 908 sanctorum

2444 953 2900 1021 evangelistarum
2938 951 3329 1005 immutabilem
3371 949 3636 1018 significat
3669 948 3919 1001 ordinem
3951 956 4006 1000 et

2446 1046 2768 1115 posituram.
2802 1044 3021 1098 Primus
3047 1058 3179 1111 ergo
3204 1041 3485 1096 Matthtcus
3511 1041 3605 1106 qui
3632 1038 3839 1092 dicitur
3882 1036 4007 1090 Plii-

2445 1157 2537 1191 sm:
2572 1154 2589 1191 :
2616 1136 2758 1204 quod
2783 1136 3002 1203 quidem
3032 1136 3425 1203 interpretatur
3445 1133 3549 1183 oris
3581 1130 3849 1184 atteratio.
3871 1128 4005 1182 Nam

2447 1249 2568 1286 cum
2606 1232 2887 1284 .\Iattb:cus
2917 1225 3203 1296 scripserit
3231 1222 3575 1291 evangelium
3617 1234 3869 1275 sermone
3900 1218 4007 1272 lle-

2447 1326 2653 1385 braii-o,
2677 1324 2779 1376 fuit
2803 1324 3068 1376 atteratus
3087 1330 3141 1372 ct
3173 1313 3581 1384 interpretando
3611 1319 4011 1366 transmutatus

2448 1431 2628 1470 sermo
2656 1414 2769 1467 oris
2790 1415 2909 1480 ejus
2939 1428 2967 1463 a
3000 1410 3143 1463 Luca
3170 1418 3225 1461 et
3249 1406 3413 1459 Paulo
3441 1405 3494 1459 in
3526 1418 3715 1456 vocem
3741 1402 4005 1456 Grrecam.

2449 1507 2734 1562 Secundus
2761 1502 3130 1559 conducibilis
3163 1501 3375 1553 Marcus
3426 1497 3627 1551 ﬂuvius
3668 1495 3762 1564 qui
3805 1495 4007 1548 dicitur

2449 1602 2597 1655 Geou
2634 1620 2646 1654 :
2680 1594 3127 1669 quandoquidem
3160 1593 3373 1646 Marcus
3406 1606 3626 1658 quoque
3678 1604 3804 1642 eum
3837 1587 4014 1639 Evan-

2451 1693 2654 1764 gelium
2683 1690 3064 1746 annuntiasset
3107 1684 3395 1755 Egyptiis,
3450 1683 3562 1737 illic
3616 1697 3714 1751 per
3744 1678 4010 1748 Spiritum

2455 1784 2679 1838 fluvium
2723 1798 2791 1837 ex
2837 1791 3031 1834 ventre
3067 1779 3186 1846 ejus
3239 1783 3452 1828 scatere
3506 1772 3637 1827 fecit
3677 1785 3834 1839 aqua:
3876 1767 4013 1821 viva

2452 1871 2876 1945 przcdicationis.
2908 1869 3128 1924 Tertius
3159 1868 3354 1927 Lucas,
3386 1863 3480 1934 qui
3517 1870 3747 1917 vocatur
3790 1858 4005 1928 Tvgris,

2450 1966 2543 2035 qui
2562 1964 2785 2034 quidem
2808 1963 3202 2029 interpretatur
3216 1959 3397 2011 Latus.
3416 1954 3557 2021 Quid
3584 1953 3733 2008 enim
3756 1952 3812 2004 in
3834 1950 4011 2004 Evan-

2453 2060 2609 2128 gcliis
2633 2059 2723 2112 lati
2734 2074 2796 2111 us
2816 2054 3097 2110 autditius
3129 2050 3423 2119 Evangelia
3455 2045 3758 2102 secundum
3780 2041 4011 2098 Lucam?

2450 2152 2583 2206 Nam
2612 2166 2737 2204 cum
2764 2149 2914 2203 Pauli
2946 2146 3261 2213 dogmatum
3279 2142 3446 2196 fontis
3465 2140 3660 2194 fuisset
3678 2135 4009 2205 discipulus,

2451 2258 2616 2312 super
2636 2241 2872 2295 ﬂuvialia
2904 2242 3106 2293 fluenta
3133 2253 3197 2291 ex
3216 2234 3366 2290 Pauli
3386 2234 3520 2288 rivis
3549 2230 3823 2287 scaturiit.
3847 2227 4017 2293 Quar-

2456 2345 2544 2389 tus
2571 2335 2810 2389 Joannes
2838 2330 3095 2391 dilcctus,
3127 2344 3289 2390 supra
3336 2334 3511 2396 pectus
3546 2321 3899 2383 recumbens,
3947 2316 4015 2381 “,

2457 2427 2552 2497 qui
2584 2440 2709 2480 cum
2743 2438 2906 2492 supra
2939 2420 3102 2475 Lucis
3140 2428 3332 2488 pectus
3357 2415 3697 2479 recubuerit,
3732 2412 3894 2467 nobis
3920 2425 4018 2464 an-

2459 2517 2737 2574 nuntiavit
2769 2533 2799 2570 a
2833 2515 3049 2583 superis
3085 2512 3281 2566 factam
3312 2510 3382 2564 ab
3412 2509 3531 2577 ipso
3569 2508 3729 2561 Patre
3751 2504 4019 2559 luminum

2453 2609 2887 2682 generationem,
2911 2606 3107 2675 quiest
3132 2603 3246 2673 ipse.
3278 2602 3369 2655 lux
3400 2617 3528 2655 vera
3560 2598 3879 2654 illuminans
3906 2612 4024 2650 om-

2456 2717 2581 2757 nem
2612 2700 2909 2761 hominem,
2940 2705 2997 2752 et
3024 2697 3113 2749 lux
3144 2696 3195 2748 iu
3221 2692 3465 2749 tenebris
3486 2693 3676 2745 lucens
3709 2691 3779 2751 ’⁷,
3831 2696 3891 2742 et
3930 2688 4020 2741 lux

2457 2791 2671 2855 mundi,
2702 2791 2847 2845 sicut
2877 2788 3020 2843 dixit
3050 2787 3120 2841 “.
3153 2787 3260 2857 Ipsi
3292 2786 3363 2840 sit
3390 2784 3562 2856 gloria
3592 2792 3649 2837 et
3690 2780 3937 2852 potentia
3965 2780 4019 2833 in

2463 2883 2664 2939 saecula
2702 2882 3052 2937 saeculorum.
3083 2880 3277 2935 Amen.

2059 3110 4010 3146 Μ

1999 3313 2344 3401 LIBER
2422 3308 2859 3403 NONUS.

1328 3515 1408 3557 DE
1450 3512 1821 3557 Ροετκιιιυιιι
1867 3510 2089 3553 ιιειιυκ
2120 3504 2422 3553 CRBA‘I‘IOI

2453 3505 2503 3558 Β,
2538 3504 2617 3547 ΕΤ
2649 3502 2928 3547 Μυιιειιι
2960 3500 3095 3543 VIBI
3128 3495 3500 3542 Δωυτιιιειζ.

2393 3660 2464 3674 °—‘

880 3799 945 3853 Et
972 3799 1173 3868 accepit
1192 3796 1330 3849 Deus
1350 3795 1612 3848 hominem
1637 3808 1787 3863 quem
1819 3793 1960 3861 fecit,
1985 3800 2033 3844 et
2060 3793 2231 3860 posuit
2254 3805 2371 3843 eum
2399 3790 2441 3848 C
2475 3786 2619 3840 imus
2662 3784 2954 3838 audientes
2972 3751 3296 3851 quod'Dcus
3324 3775 3561 3846 sumpsit
3584 3775 3886 3837 hominem,
3918 3781 3976 3828 et
3999 3789 4030 3833 ι

808 3897 862 3950 iu
898 3891 1165 3962 paradiso.
1205 3889 1343 3944 Ante
1380 3900 1596 3940 omnem
1621 3882 2082 3937 examinationem
2112 3880 2367 3937 conside-

810 3984 1043 4040 randum
1065 3992 1150 4036 est
1174 3982 1229 4035 iu
1255 3981 1376 4035 loco
1402 3978 1676 4049 apposito.
1710 3991 1808 4029 cur
1847 3990 1957 4029 non
1987 3973 2296 4043 indigenam
2337 3986 2369 4024 c

809 4076 1067 4147 paradiso
1091 4075 1335 4144 genitum
1374 4081 1431 4127 et
1481 4087 1513 4125 e
1553 4068 1807 4140 paradiso
1856 4065 2095 4121 cﬂictum
2131 4066 2281 4118 intus
2317 4062 2370 4116 in

811 4167 1064 4239 paradiso
1080 4163 1363 4219 Deusfecit
1389 4161 1693 4221 hominem,
1707 4158 1802 4213 sed
1822 4159 1999 4226 ipsum
2023 4155 2372 4208 extrinsecus

810 4261 1017 4319 nudum
1043 4268 1100 4313 et
1133 4256 1555 4325 incompositum
1593 4250 1818 4305 aliunde
1846 4247 2125 4303 inducitin
2155 4244 2372 4315 paradi-

809 4368 931 4408 sum
948 4368 964 4416 ;
983 4353 1129 4405 intus
1140 4358 1321 4404 autem
1341 4362 1373 4401 c
1392 4344 1648 4416 paradiso
1677 4341 1977 4395 fabricatur
1998 4336 2286 4391 mulierem
2305 4350 2372 4388 ex

809 4446 1020 4503 Adamo
1045 4461 1060 4508 ;
1088 4457 1282 4496 rursus
1297 4450 1479 4494 autem
1503 4453 1628 4493 cum
1651 4434 1857 4489 bestias
1877 4432 2009 4486 foris
2029 4428 2372 4485 construxis-

811 4547 914 4599 set,
948 4546 1135 4606 postea
1162 4531 1465 4589 introducit
1486 4530 1551 4585 ad
1580 4527 1860 4582 hominem
1915 4525 1971 4578 in
2032 4520 2370 4592 paradisum.

811 4628 1110 4699 Oportebat
1146 4626 1296 4681 enim
1326 4623 1411 4677 vel
1458 4620 1745 4675 mulierem
1794 4608 1921 4672 cum
1968 4612 2190 4668 homine
2240 4610 2375 4664 foris

815 4725 1041 4789 tingere,
1063 4719 1147 4773 vel
1171 4719 1338 4773 etiam
1362 4717 1511 4771 intus
1542 4720 1867 4768 construere
1889 4710 2093 4769 virum,
2125 4703 2219 4758 ubi
2256 4717 2376 4757 mu-

815 4815 918 4868 lier
947 4812 1051 4867 fuit
1090 4817 1427 4865 constructa.
1454 4804 1741 4873 Quomodo
1771 4810 1954 4857 autem
1986 4800 2131 4853 Deus
2153 4809 2373 4865 quoque

816 4904 997 4958 ferens
1018 4903 1225 4955 bestias
1245 4909 1300 4954 et
1317 4898 1595 4962 animalia,
1625 4911 1735 4950 non
1752 4909 1817 4948 ea
1840 4890 2067 4947 adduxit
2100 4889 2169 4942 ad
2189 4896 2373 4941 utros-

815 5008 923 5063 que
968 5007 1097 5047 cum
1123 4995 1309 5045 essent
1342 4988 1527 5051 simul,
1578 4987 1671 5041 sed
1708 4985 1775 5041 ad
1827 4983 2005 5038 solum
2048 4976 2375 5034 hominem?

815 5087 943 5141 [hec
961 5084 1182 5139 Judzcus
1209 5083 1396 5152 legens
1421 5080 1650 5151 singulis
1671 5079 1891 5139 diebus,
1926 5091 2035 5130 non
2061 5071 2371 5143 cognoscit;

2472 3880 2594 3936 loco
2618 3881 2675 3934 in
2704 3881 2887 3934 locum
2913 3890 3038 3931 eum
3070 3874 3312 3929 traduxit
3333 3873 3499 3933 Deus,
3545 3878 3603 3924 et
3635 3884 3763 3923 eum
3792 3867 3985 3937 posuit
4006 3867 4031 3919 ?

2474 3973 2531 4027 Si
2558 3980 2740 4025 autem
2769 3968 2910 4023 dicis
2950 3966 3098 4036 quod
3132 3975 3285 4019 extra
3315 3961 3627 4032 paradisum
3663 3959 3865 4013 mulier
3890 3958 4033 4011 facta

2470 4072 2643 4117 estex
2668 4062 2861 4121 latere,
2887 4057 3165 4127 quomodo
3208 4070 3329 4109 eam
3378 4052 3545 4108 simul
3572 4051 3741 4105 infert
3772 4064 3899 4105 cum
3936 4048 4034 4102 ho-

2472 4156 2619 4209 mine
2650 4154 2705 4207 in
2730 4150 3023 4221 paradiso?
3044 4148 3151 4203 Sed
3181 4164 3250 4201 ne
3275 4146 3680 4200 dubitationem
3714 4142 4034 4211 operiamus

2472 4247 2834 4307 dubitatione,
2859 4243 2953 4313 qui
2984 4242 3239 4296 volumus
3258 4237 3501 4293 dilucide
3528 4244 3587 4290 et
3619 4235 3758 4289 citra
3780 4247 4033 4288 errorem

2472 4338 2687 4393 discere
2701 4332 3165 4406 quemadmodum
3187 4329 3401 4399 accepit
3419 4328 3565 4383 Deus
3577 4326 3858 4381 hominem
3870 4337 4037 4393 quem

2475 4429 2669 4494 ﬁnxit;
2726 4427 3016 4483 audiamus
3078 4424 3310 4479 Paulum
3346 4420 3621 4475 dicentem
3675 4418 3746 4473 de
3790 4416 4035 4477 Christo,

2472 4522 2617 4593 quod
2647 4539 2763 4576 cum
2783 4523 2838 4574 iu
2865 4520 3034 4589 forma
3064 4517 3156 4571 Dei
3173 4524 3301 4569 esset
3330 4514 3396 4577 ”,
3415 4512 3693 4566 hominem
3712 4524 3878 4578 quem
3909 4507 4039 4562 fecit

2474 4616 2658 4685 posuit
2698 4615 2750 4666 in
2780 4612 3032 4681 paradiso
3052 4607 3342 4667 Ecclesiae,
3382 4604 3449 4657 ad
3490 4600 3832 4671 Operandum
3856 4599 4035 4667 ipsum

2476 4708 2603 4777 (hoc
2633 4714 2719 4760 est
2750 4702 3049 4765 hominem)
3073 4708 3130 4753 et
3152 4695 3603 4753 custodiendum.
3632 4692 3831 4760 Siquis
3856 4700 4037 4744 autem

2477 4797 2581 4851 hoc
2607 4795 2777 4850 verbo
2812 4791 3176 4849 conturbatur
3208 4828 3225 4852 ,
3259 4788 3408 4843 dicat
3439 4784 3598 4848 mihi,
3630 4797 3755 4836 cum
3800 4780 4040 4835 latitudo

2473 4888 2713 4961 paradisi
2740 4890 2813 4943 sit
2842 4882 3243 4955 magnitudinis
3266 4873 3871 4947 incomprehensibilis.
3906 4873 4039 4926 adeo

2476 4991 2534 5037 ut
2588 4978 2922 5035 abundantia
2971 4977 3092 5045 ejus
3152 4969 3493 5042 irrigationis
3542 4965 3746 5021 eﬂiciat
3798 4974 4039 5034 quatuor

2474 5072 2670 5127 ﬂuvios
2691 5068 3001 5123 universam
3022 5077 3192 5134 prope
3206 5071 3409 5116 terram
3432 5059 3744 5127 irrigantes,
3762 5049 4042 5123 quomodo

816 5174 1076 5242 quoniam
1105 5172 1287 5226 adhuc
1337 5171 1504 5227 habet
1552 5169 1868 5238 impositum
1908 5167 2090 5220 velum
2120 5161 2376 5217 animalis
2408 5145 2449 5199 D
2480 5164 2591 5222 ille.
2623 5176 2747 5217 cum
2784 5161 2856 5215 sit
2886 5158 3056 5220 solus,
3096 5155 3299 5225 ligone,
3327 5160 3506 5206 rastro
3540 5148 3624 5203 vel
3664 5154 3853 5201 aratro
3890 5158 4043 5198 exer-

820 5264 1198 5334 ignoratiouis.
1245 5264 1302 5317 Si
1346 5264 1463 5317 tunc
1489 5263 1638 5317 enim
1677 5259 2051 5327 intelligantur
2074 5254 2378 5310 secundum

820 5358 1080 5420 litteram,
1101 5372 1166 5412 ea
1196 5356 1462 5410 imlucunt
1484 5367 1702 5407 omnem
1727 5350 2127 5404 absurditatem
2148 5354 2205 5400 et
2235 5346 2380 5398 blas-

823 5449 1120 5519 phemiam.
1156 5449 1289 5502 Nam
1316 5448 1363 5501 si
1410 5448 1549 5500 Deus
1602 5444 1794 5513 implet
1824 5443 2025 5497 cretum
2072 5450 2130 5494 ct
2179 5448 2379 5492 terram

829 5544 843 5597 t'
854 5547 913 5594 ut
930 5537 1023 5608 qui
1060 5554 1161 5593 nec
1184 5538 1358 5607 possit
1380 5536 1790 5596 circumscribi,
1816 5549 1917 5587 nec
1937 5532 2079 5600 capi,
2114 5546 2216 5584 nec
2257 5546 2381 5583 inu-

832 5642 881 5695 ta
896 5628 958 5693 τί.
980 5645 1081 5685 nec
1115 5630 1343 5692 moveri,
1369 5644 1469 5683 nec
1498 5627 1779 5697 migrare),
1808 5623 2087 5693 quomodo
2113 5638 2219 5675 non
2255 5638 2381 5690 pcr-

899 5809 947 5845 "
968 5808 1200 5877 Philipp.
1232 5824 1289 5873 ιι,
1322 5810 1373 5862 ti.
1450 5806 1667 5859 ".Ioau.
1698 5820 1785 5866 xv,
1819 5804 1905 5858 26.

1984 5803 2027 5833 "'
2057 5801 2211 5857 Joau.
2256 5814 2362 5865 xu",
2398 5798 2475 5852 lb'.

2478 5254 2659 5309 cuerit
2686 5262 2845 5306 teme
2872 5248 3248 5317 operationem
3275 5261 3290 5309 ;
3320 5238 3601 5312 quomodo
3631 5246 3817 5291 autem
3858 5242 4040 5290 custo-

2480 5343 2689 5403 diebat,
2725 5355 2850 5395 cum
2880 5353 3064 5407 neque
3090 5342 3277 5391 essent
3304 5333 3480 5395 fures,
3509 5344 3689 5397 neque
3716 5326 3851 5391 viri,
3880 5323 4041 5380 ethe-

2478 5436 2599 5490 stize
2620 5448 2811 5488 omnes
2838 5440 2895 5487 et
2944 5429 3162 5500 rcptilia
3192 5429 3346 5499 jussa
3376 5430 3565 5479 essent
3602 5420 3769 5475 simul
3822 5432 3952 5473 eum
3979 5430 4043 5471 eo

2482 5528 2631 5582 vesci
2656 5524 2914 5579 omnibus
2939 5522 3214 5576 fructibus
3248 5519 3344 5589 qui
3378 5524 3683 5571 nascuntur
3708 5528 3740 5567 a
3777 5520 3954 5574 terra,
3986 5518 4045 5562 ut

2484 5635 2607 5690 qua:
2633 5618 2799 5674 aDeo
2843 5616 3002 5671 factas
3056 5614 3167 5670 sint
3200 5628 3349 5681 cum,
3376 5609 3601 5665 homine
3642 5604 3950 5677 participes
3992 5606 4044 5653 et

2561 5796 2604 5828 “
2630 5794 2786 5851 Joan.
2818 5808 2929 5857 xm,
2961 5790 3049 5845 23.
3126 5789 3170 5821 θ’
3214 5787 3370 5842 .loan.
3400 5801 3446 5850 ι,
3474 5783 3526 5838 5.
3603 5782 3648 5814 ”
3676 5780 3841 5836 Joan.
3884 5794 3957 5843 ιι,
3990 5775 4039 5831 5.
