4186 6442
186 360 299 423 985

1271 362 1347 421 ΙΝ
1388 360 1930 423 ΗΕΧΑΕΜΕΗΟΝ.
1964 388 2033 399 -·
2062 365 2210 426 LIB.
2250 367 2353 427 IX.

3296 375 3403 437 986

186 467 511 522 coheredes
558 468 861 533 fructuum,
905 470 1047 525 sicut
1089 486 1118 524 a
1150 471 1309 525 nobis
1355 472 1593 527 breviter
1631 475 1743 543 jam
1773 480 1818 534 Α
1844 474 1980 529 alios
2002 475 2346 544 septuaginta
2371 478 2655 545 operarios
2680 478 2749 533 ad
2772 480 3106 548 operantium
3133 489 3190 537 et
3224 496 3407 538 custo-

183 573 348 615 antea
384 560 591 614 dictum
626 573 710 615 est
740 579 752 613 :
811 562 907 616 sed
947 579 1140 617 omnes
1164 564 1355 618 bestia:
1398 576 1453 619 et
1490 567 1743 619 volucres

184 653 626 721 subjiciehautur
652 652 881 709 Adamo.
908 654 1137 719 Quando
1166 672 1297 725 ergo
1321 656 1565 710 mulieris
1594 658 1739 725 quod

184 744 332 796 Deus
372 743 538 796 infert
568 742 737 795 Adam
773 759 835 796 ex
865 743 1101 811 quodam
1149 746 1269 798 loco
1299 748 1502 812 ignoto,
1552 757 1607 800 et
1647 748 1740 815 qui

184 852 288 890 nec
317 845 502 904 potest
529 834 789 902 explicari
822 852 921 890 nec
946 839 1335 907 t-otnprehtnuli
1365 880 1379 903 ,
1411 842 1609 901 solum,
1644 856 1742 892 nu-

186 929 317 983 dutn
349 938 407 982 et
439 929 897 997 incompositum,
957 930 1010 982 in
1068 931 1376 999 paradisum
1406 950 1419 994 ;
1460 944 1515 986 et
1566 932 1745 985 induit

184 1035 309 1073 eum
343 1020 496 1073 intus
528 1022 754 1087 pelliet-a
784 1021 965 1075 tunica
1003 1022 1209 1074 carnali
1238 1039 1251 1085 ;
1293 1033 1347 1075 et
1377 1023 1441 1075 ad
1479 1039 1603 1076 eum
1650 1023 1743 1076 ad-

185 1108 337 1162 ducit
374 1110 581 1163 bestias
608 1110 770 1170 intra.
802 1126 924 1179 qua:
946 1121 1072 1164 ante
1093 1111 1213 1178 ejus
1241 1112 1547 1180 ingressum
1587 1122 1745 1166 erant

184 1200 321 1254 foris
358 1219 371 1253 :
404 1216 502 1269 per
532 1201 643 1254 Inuc
680 1204 861 1254 ninnia
904 1202 1041 1255 nihil
1085 1213 1168 1255 est
1209 1202 1356 1256 aliud
1403 1203 1741 1271 prawlictum,

187 1294 289 1345 nisi
325 1294 475 1360 quod
506 1294 647 1346 Dens
681 1294 943 1353 Verbum,
979 1294 1073 1359 qui
1120 1294 1272 1362 prius
1317 1305 1436 1348 erat
1469 1296 1650 1349 nudus
1689 1306 1747 1348 et

187 1386 613 1453 inemnpositus,
647 1385 821 1439 Patris
852 1387 1133 1440 voluntate
1161 1396 1216 1440 et
1245 1388 1652 1456 eooperatione,
1680 1401 1742 1440 ex

188 1480 310 1533 loco
356 1480 546 1543 ignoto
596 1488 653 1533 et
694 1482 787 1550 qui
837 1481 1099 1549 explicari
1151 1496 1260 1535 non
1310 1490 1487 1550 potest
1525 1482 1745 1549 (nempe

185 1570 504 1625 Cherubico
565 1572 785 1639 throno)
852 1573 1134 1637 ingressus
1188 1580 1275 1625 est
1326 1573 1381 1625 in
1430 1572 1743 1639 paradisum

186 1662 472 1722 Ecclesizc.
516 1663 583 1715 ad
614 1662 953 1731 operandum
983 1662 1162 1731 ipsum
1188 1671 1245 1715 ct
1265 1661 1689 1715 custodiendum
1731 1680 1742 1714 :

186 1762 239 1807 et
270 1769 440 1807 carnc
466 1764 721 1823 suscepta
748 1754 960 1823 accepit
1002 1754 1240 1807 tunicam
1268 1761 1467 1809 nostra:
1492 1754 1743 1809 essentia:

185 1844 409 1913 (nempe
438 1844 715 1897 hominem
745 1858 906 1910 quem
937 1844 1113 1911 tinxit)
1138 1886 1152 1905 ,
1190 1854 1246 1898 et
1274 1844 1325 1897 ei
1350 1847 1537 1899 ttnitus
1566 1855 1651 1899 est
1681 1847 1733 1899 in

182 1932 488 2002 hypostasi.
514 1928 635 1982 Non
664 1932 800 1982 enim
826 1930 1039 2000 angelos
1063 1932 1422 2000 apprehendit.
1444 1932 1534 1983 sed
1563 1948 1738 1983 semen

180 2024 408 2078 Abraha:
437 2029 777 2096 apprehendit
804 2028 843 2111 ⁸.,
862 2027 1082 2095 quando
1113 2037 1337 2096 accepto
1362 2028 1542 2081 carnis
1570 2028 1740 2081 linteo

180 2119 429 2187 seipsum
473 2122 751 2183 accinxit,
785 2137 896 2175 non
944 2121 1013 2175 ab
1046 2122 1156 2175 alio
1207 2122 1259 2175 ei
1307 2121 1587 2189 imposito.
1639 2120 1739 2175 Se-

183 2208 364 2278 ipsum
388 2210 537 2265 enim
567 2226 732 2265 carne
764 2210 945 2265 induit
980 2211 1185 2281 absque
1223 2212 1432 2265 semine
1476 2211 1734 2264 humano.

181 2301 402 2371 Dequo
452 2303 507 2356 in
535 2302 703 2357 vitam
747 2303 994 2372 ingressu
1048 2312 1286 2356 testatur
1333 2303 1489 2373 901
1539 2303 1739 2357 Paulus

181 2408 383 2447 cursor
413 2394 673 2463 paradisi,
727 2395 917 2449 dicens
958 2394 1026 2448 de
1073 2394 1186 2447 Deo
1244 2394 1401 2448 Patre
1428 2433 1442 2457 ,
1482 2404 1536 2447 et
1602 2393 1741 2446 Filio

182 2486 274 2554 qui
302 2493 393 2539 est
426 2486 775 2539 introductus
805 2501 906 2554 per
932 2485 1148 2539 Patrem
1171 2501 1186 2538 :
1214 2484 1437 2549 Quando
1461 2493 1632 2537 autem
1657 2487 1741 2537 in-

183 2577 478 2630 troduxerit
500 2578 901 2645 primogenitum
930 2577 984 2629 in
1010 2578 1182 2629 orbem
1204 2586 1357 2631 terra!
1379 2577 1400 2606 ’
1419 2617 1435 2641 ,
1465 2585 1521 2630 et
1547 2591 1744 2645 posue-

181 2670 255 2723 rit
279 2685 413 2723 eum
450 2669 504 2722 in
533 2668 801 2729 Ecclesia,
831 2683 982 2735 quem
1016 2669 1132 2736 fecit
1159 2668 1417 2721 ha'redem
1443 2668 1674 2720 omnium
1696 2668 1740 2731 ⁸,

181 2759 316 2814 dicit
353 2777 370 2813 :
402 2759 469 2813 Et
501 2760 795 2812 adorabunt
834 2774 950 2811 eum
979 2775 1154 2812 omnes
1203 2758 1365 2811 tribus
1403 2759 1634 2827 gentium
1671 2758 1691 2789 ⁸
1726 2774 1741 2822 ;

180 2857 235 2903 et
265 2864 466 2903 omnes
497 2848 683 2902 leones
709 2850 929 2917 (nempe
954 2862 1108 2917 reges
1144 2851 1326 2915 teme)
1357 2846 1578 2902 beatum
1615 2863 1741 2903 eum

1841 566 2100 620 diendum
2134 568 2281 620 hunc
2317 568 2653 637 paradisum,
2681 570 2747 623 ad
2792 571 2931 625 bene
2968 574 3325 640 operandum.
3352 584 3408 629 ct

1841 656 2242 718 scminandmn,
2282 664 2339 711 et
2386 656 2766 725 plantandum,
2803 659 3166 727 purgandum.
3198 669 3251 712 et
3278 660 3405 713 irri-

1841 747 2102 817 gandum,
2149 748 2229 801 eis
2283 748 2549 802 mandans
2606 756 2662 801 et
2709 748 2899 801 dicens
2943 766 2955 801 :
2994 748 3173 802 Omnis
3222 751 3406 818 planta

1841 856 1999 910 quant
2038 855 2141 891 non
2187 839 2441 909 plantavit
2472 840 2635 894 Pater
2676 856 2820 893 meus
2850 839 3085 904 cwlestis,
3140 857 3256 894 eam
3285 858 3406 894 era-

1841 934 2077 994 dicate’,
2138 942 2193 987 ct
2229 932 2456 986 verbum
2506 942 2751 987 nostrum
2800 942 2855 987 et
2895 931 3086 1001 dogma
3143 934 3404 1003 plantate.

1842 1023 1953 1077 Nec
1992 1024 2098 1078 hoc
2139 1024 2339 1087 solum,
2370 1023 2466 1077 sed
2506 1025 2672 1078 etiam
2709 1038 2806 1092 per
2837 1023 3014 1092 ipsum
3059 1024 3185 1077 licet
3220 1024 3408 1079 videre

1845 1113 1988 1166 hunc
2039 1114 2341 1167 secundum
2389 1112 2559 1166 Adam
2601 1120 2821 1182 (nempe
2871 1113 3175 1179 Christum)
3222 1123 3407 1183 aperte.

1843 1214 2158 1272 operantem
2207 1205 2436 1257 arbores
2483 1204 2691 1257 ratione
2738 1203 3034 1272 praeditas;
3068 1212 3123 1256 et
3164 1218 3259 1257 eas
3284 1203 3407 1271 qui-

1843 1294 1967 1347 dem
1992 1311 2113 1362 qmp
2131 1306 2260 1349 sunt
2281 1294 2593 1354 immundae,
2620 1296 2994 1349 mundantem.
3017 1294 3229 1361 Quibus
3244 1295 3411 1350 etiam

1844 1386 2063 1440 dicebat
2085 1405 2097 1440 :
2118 1386 2261 1450 Volo,
2291 1388 2545 1440 mundare
2569 1389 2642 1451 "’;
2677 1388 2849 1441 siccas
2875 1398 3055 1443 autent
3091 1390 3406 1443 humectan-

1846 1486 1955 1531 tem
1995 1498 2008 1530 :
2045 1495 2110 1532 ex
2134 1479 2336 1547 quibus
2355 1487 2477 1533 erat
2502 1478 2667 1532 etiam
2710 1478 2800 1532 illa
2825 1480 2988 1533 arbor
3052 1498 3172 1549 qua:
3198 1482 3409 1535 aridam

1845 1587 1997 1625 suam
2021 1572 2239 1625 habebat
2273 1591 2485 1626 manum
2513 1574 2833 1642 “,tanqttam
2871 1588 3112 1635 ramum;
3143 1572 3210 1625 ad
3244 1588 3407 1641 quam

1844 1664 2168 1718 exclamavit
2223 1663 2401 1717 bonus
2462 1664 2826 1727 hortulanus,
2888 1664 3126 1718 Extende
3191 1681 3409 1716 manum

1846 1762 1992 1806 tuam
2035 1755 2077 1785 "
2126 1753 2192 1807 ad
2228 1753 2324 1807 Dei
2378 1754 2779 1823 operationem.
2828 1753 2917 1807 Sic
2946 1754 3113 1808 etiam
3150 1762 3409 1823 tanquam

1846 1847 1974 1907 vita,
2020 1844 2189 1898 etiam
2236 1853 2411 1899 morte
2448 1844 2673 1898 allectos
2722 1844 2870 1898 viros
2916 1846 3293 1909 mortiﬁcavit;
3340 1860 3409 1899 ex

1838 1937 2039 2006 quibus
2059 1944 2177 1989 erat
2196 1946 2409 1989 mortua
2431 1946 2486 1990 et
2505 1936 2657 1990 arida
2687 1936 2851 1990 arbor
2880 1935 3137 1999 Lazarus,
3159 1936 3408 2006 lacrymaa

1837 2043 1977 2096 aqua
2021 2028 2260 2096 irrigata,
2296 2036 2351 2081 et
2383 2044 2503 2097 qua:
2535 2028 2718 2085 statim
2752 2028 3080 2098 germinavit
3127 2044 3193 2082 ex
3236 2038 3404 2083 terra.

1839 2118 2347 2187 Supernaturaliter
2397 2128 2585 2173 autem
2628 2119 2734 2173 scit
2781 2134 2999 2189 quoque
3052 2120 3141 2174 hic
3173 2121 3408 2189 agricola

1835 2209 1994 2264 Jesus
2037 2210 2339 2271 inoculare,
2384 2218 2444 2263 ut
2497 2208 2592 2279 qui
2642 2209 2817 2263 instar
2865 2210 3142 2264 hortulani
3199 2211 3315 2265 luto
3349 2219 3405 2267 et

1837 2316 1977 2369 aqua
2019 2299 2309 2353 inoculans
2350 2314 2475 2353 eum
2525 2299 2618 2367 qui
2670 2309 2787 2355 erat
2822 2316 3001 2355 caecus
3042 2302 3113 2355 ah
3154 2311 3282 2355 ortu
3322 2302 3405 2372 (ut

1839 2393 1931 2460 qui
1976 2399 2121 2445 esset
2162 2391 2255 2445 iux
2292 2391 2360 2443 de
2408 2392 2660 2461 lumine),
2691 2394 2819 2447 caeci
2868 2393 3043 2446 oculis
3072 2393 3247 2447 visum
3283 2394 3407 2447 red-

1839 2482 2062 2537 diderit.
2107 2481 2263 2548 Quod
2302 2484 2344 2535 si
2380 2483 2547 2536 etiam
2586 2484 2764 2553 ipsum
2810 2485 2949 2539 velis
2979 2485 3166 2540 videre
3214 2486 3407 2554 irriga-

1839 2582 2106 2644 gatorem,
2137 2573 2263 2629 audi
2304 2590 2431 2628 cum
2464 2574 2739 2629 dicentem
2773 2593 2785 2629 :
2821 2574 2879 2630 Si
2910 2577 3025 2646 quis
3062 2577 3195 2637 sitit,
3228 2578 3402 2631 veniat

1841 2667 1913 2720 ad
1954 2683 2053 2730 me,
2091 2675 2141 2719 et
2193 2667 2334 2720 bibat
2364 2666 2430 2720 ¹³.
2486 2665 2578 2721 Sic
2627 2668 2774 2721 enim
2812 2671 3011 2721 sedens
3053 2667 3120 2721 ad
3155 2677 3403 2737 puteum,

1839 2756 2065 2827 pulchra
2090 2757 2182 2811 illa
2208 2757 2338 2811 vitis
2364 2756 2583 2825 (nempe
2619 2758 2979 2827 Samaritana)
3011 2759 3256 2829 irrigata,
3282 2775 3402 2813 eam

1841 2846 2083 2900 reddidit
2144 2846 2401 2901 fertilem.
2434 2846 2589 2901 Unde
2648 2848 2814 2902 etiam
2863 2858 3120 2917 tanquam
3166 2850 3403 2903 fructum

180 2941 399 3005 dicent,
451 2950 511 2995 ut
566 2942 661 3010 qui
710 2940 987 3008 acceperit
1024 2956 1054 2993 a
1092 2940 1251 2994 Patre
1297 2939 1501 2994 bestias
1529 2939 1744 3007 (nempe
1842 2954 2032 2993 amans
2050 2940 2283 3007 agricola
2319 2949 2375 2993 et
2396 2940 2538 2994 Deus
2561 2940 2912 3010 reprehendit
2936 2957 3059 2995 eum
3096 2942 3191 3010 qui
3231 2941 3404 2994 trien-

179 3034 568 3089 htereditatem
593 3034 861 3103 gentium)
889 3041 946 3087 et
972 3033 1374 3102 possessionem
1399 3046 1574 3092 suam,
1607 3030 1745 3083 lines
1844 3030 1940 3084 nio
1974 3030 2134 3084 ficum
2169 3031 2314 3085 illam
2371 3032 2643 3099 irrigavit,
2676 3032 2746 3087 de
2799 3043 2999 3087 extero
3034 3048 3153 3087 eam
3197 3033 3401 3103 jubens

181 3138 372 3182 terras.
423 3126 501 3181 Its
540 3126 812 3195 intelligat
860 3124 1104 3180 Ecclesia
1131 3125 1263 3178 illud
1293 3142 1306 3178 :
1354 3124 1562 3193 Accepit
1606 3123 1744 3176 Deus
1772 3148 1814 3205 ο
1844 3125 2194 3179 exscindere:
2233 3123 2508 3193 quomodo
2534 3124 2699 3179 etiam
2724 3138 2847 3178 cum
2871 3139 2968 3193 per
2987 3139 3044 3178 se
3070 3124 3405 3192 increpassct

179 3219 468 3280 hominem,
504 3224 552 3269 et
576 3217 743 3285 posuit
777 3232 893 3268 eum
938 3224 1192 3284 tanquam
1236 3216 1517 3283 proprium
1544 3228 1744 3283 corpus

179 3309 235 3365 in
267 3324 437 3364 unam
465 3319 703 3362 sanctam
728 3307 1084 3378 hypostasim,
1117 3315 1178 3360 ut
1208 3305 1385 3360 ﬁdelis
1408 3306 1591 3374 populi
1617 3320 1747 3373 ope-

180 3410 404 3456 raretur
432 3398 858 3469 plenitudinem.
888 3406 942 3453 et
970 3397 1274 3451 custodiret
1304 3397 1616 3466 paradisum
1653 3412 1745 3450 ar-

182 3495 406 3555 borum,
438 3506 638 3560 nempe
676 3491 919 3560 gentium
965 3492 1147 3544 anima
1188 3488 1558 3559 praeditarum.
1591 3488 1745 3543 Unde

181 3586 353 3640 etiam
394 3590 654 3650 tanquam
685 3580 753 3635 ad
796 3581 901 3635 hoc
947 3579 1124 3648 ipsum
1164 3579 1375 3647 positus
1420 3594 1448 3631 a
1482 3579 1640 3631 Patre
1662 3579 1745 3632 di-

182 3676 347 3732 eebat
400 3690 415 3727 :
455 3672 618 3727 Pater
660 3688 800 3725 meus
844 3687 1006 3740 usque
1042 3671 1194 3723 modo
1239 3679 1507 3739 aperatur,
1556 3677 1605 3722 et
1651 3686 1743 3739 ego

184 3784 375 3839 operor
405 3766 451 3829 ⁸,
484 3776 542 3821 et
565 3763 899 3820 custodienti
930 3763 1064 3816 mihi
1087 3770 1373 3832 paternum
1402 3763 1739 3825 mandatum,

183 3861 340 3916 dedit
372 3859 511 3912 mihi
562 3872 753 3927 agrum
793 3865 850 3910 et
892 3855 1135 3919 hortum,
1178 3855 1234 3908 in
1277 3869 1437 3923 quem
1491 3869 1742 3922 egressus

184 3969 213 4009 a
256 3953 448 4016 Patre,
505 3950 789 4021 ingressus
826 3957 911 4005 est
945 3950 1127 4003 statim
1174 3946 1269 4017 qui
1301 3946 1537 4001 seminat
1563 3946 1626 3999 ad
1655 3961 1744 4001 se-

184 4043 509 4098 minandum
550 4061 561 4097 :
613 4050 671 4095 et
716 4041 899 4094 statim
947 4054 1105 4094 mane
1152 4038 1389 4092 conduxi
1453 4034 1742 4091 duodecim

181 4132 470 4204 Operarios
498 4130 818 4199 discipulos,
840 4131 922 4183 eis
951 4128 1214 4182 mandans
1242 4143 1305 4181 ac
1328 4127 1514 4182 dicens
1543 4145 1557 4180 :
1580 4126 1742 4180 Nemo

182 4240 244 4277 ea:
263 4223 407 4276 vobis
427 4222 634 4274 mittens
653 4236 864 4272 manum
887 4219 955 4270 ad
968 4227 1209 4271 aratrum
1234 4228 1281 4271 et
1310 4234 1579 4270 conuersus
1606 4224 1742 4271 retro

182 4325 338 4385 aptus
370 4320 449 4366 est
476 4327 633 4381 regno
667 4310 910 4363 crelorun:
932 4309 972 4362 ⁸.
998 4309 1071 4361 De
1100 4318 1318 4371 caetero,
1356 4308 1538 4361 Tollite
1553 4309 1743 4377 jugum

183 4425 357 4462 meum
397 4420 559 4473 super
603 4421 711 4466 vos,
749 4406 937 4473 jugum
995 4404 1132 4455 enim
1167 4417 1336 4454 meum
1386 4409 1461 4452 cst
1500 4416 1658 4453 suave
1697 4401 1739 4463 ⁷,

1848 3214 2009 3269 ficum
2030 3231 2151 3284 qure
2176 3214 2304 3269 folia
2322 3213 2552 3277 ferebat,
2577 3229 2686 3268 non
2712 3223 2894 3269 autem
2934 3214 3197 3278 fructum,
3230 3213 3400 3285 ipsam

1845 3307 2158 3361 exsiccavit.

1910 3394 2016 3449 Sed
2051 3396 2165 3449 haec
2193 3394 2413 3465 quidem
2439 3395 2582 3450 dicta
2613 3395 2725 3450 sint
2752 3394 2821 3449 de
2863 3409 2932 3450 eo
2959 3393 3105 3464 quod
3147 3394 3404 3451 Christus

1840 3495 2097 3554 operatur
2123 3487 2458 3556 paradisum.
2505 3487 2580 3541 De
2611 3502 2679 3541 eo
2721 3497 2902 3542 autem
2952 3489 3097 3557 quod
3127 3489 3403 3544 custodiat

1841 3579 1987 3633 hunc
2021 3579 2199 3647 ipsum
2242 3578 2457 3633 hortum
2511 3580 2721 3635 ratione
2746 3581 3051 3650 praeditum,
3088 3583 3216 3637 audi
3271 3599 3400 3638 eum

1840 3670 2111 3725 dicentem
2163 3687 2177 3724 :
2217 3669 2334 3724 Non
2387 3672 2685 3739 relinquam
2739 3688 2823 3726 eos
2862 3676 3125 3741 orphanos
3162 3675 3227 3728 “.
3279 3674 3347 3729 Et
3383 3693 3396 3729 :

1840 3762 2016 3815 Porta:
2038 3763 2195 3831 inferi
2223 3778 2325 3815 non
2379 3762 2732 3832 pravalebunt
2763 3765 3007 3819 adversus
3034 3765 3077 3797 "
3107 3766 3255 3820 hunc
3298 3782 3398 3835 pa-

1841 3853 2079 3909 radisum
2132 3870 2148 3907 :
2196 3853 2307 3923 Ego
2327 3871 2443 3907 sum
2471 3856 2660 3908 ostium
2687 3857 2853 3910 caulae
2889 3859 3061 3910 ovium
3109 3856 3173 3921 “,
3205 3865 3256 3910 et
3283 3858 3403 3911 ani-

1842 3964 1984 4000 mam
2009 3963 2179 4000 meam
2204 3963 2337 4015 pono
2364 3958 2458 4016 pro
2505 3948 2630 4017 ipsis
2664 3948 2726 4003 ".
2763 3948 2829 4003 Et
2862 3967 2874 4001 :
2908 3948 3072 4004 Nemo
3112 3957 3279 4020 potest
3311 3967 3401 4004 eas

1842 4040 2075 4107 accipere
2101 4039 2165 4091 de
2193 4057 2354 4093 manu
2380 4056 2497 4093 mea
2528 4041 2589 4093 ¹⁸.
2617 4039 2884 4105 Quoniam
2933 4057 3060 4110 quos
3108 4042 3249 4094 dedit
3275 4043 3402 4095 mihi

1841 4128 2022 4193 Pater,
2046 4130 2299 4184 custodivi
2329 4146 2436 4192 eos,
2473 4139 2522 4183 et
2558 4147 2707 4183 nemo
2734 4147 2797 4184 ea:
2824 4133 2887 4185 iis
2930 4133 3104 4200 periit,
3128 4133 3229 4186 nisi
3256 4132 3400 4200 ﬁlius

1841 4219 2143 4289 perditionis
2170 4220 2233 4273 ".
2285 4219 2405 4274 lla'c
2430 4229 2503 4273 est
2536 4222 2671 4273 enim
2700 4220 2941 4275 voluntas
2992 4221 3168 4276 Patris
3201 4224 3292 4287 qui
3320 4240 3401 4277 me

1843 4312 1984 4363 misit
2004 4319 2059 4363 ut
2081 4312 2333 4380 quidquid
2367 4312 2503 4365 dedit
2542 4313 2667 4366 mihi
2694 4312 2874 4375 Pater,
2904 4330 3007 4366 non
3064 4316 3281 4383 perdam
3336 4330 3401 4369 ea:

1842 4403 1952 4471 ipso
1978 4401 2045 4453 ".
2093 4400 2171 4455 Ad
2212 4401 2316 4455 hoc
2337 4403 2480 4456 enim
2507 4417 2593 4455 me
2623 4403 2909 4457 collocavit
2927 4420 2989 4458 ac
3011 4406 3313 4468 constituit,
3339 4415 3401 4460 ut

183 4513 381 4567 nempe
414 4510 581 4558 crux;
612 4504 668 4549 et
697 4494 790 4563 qui
819 4492 1071 4553 seminat.
1098 4491 1400 4545 mercedem
1425 4490 1645 4557 accipit,
1678 4497 1735 4543 et
1763 4484 1808 4540 Β
1838 4506 2029 4561 operor
2044 4498 2099 4544 et
2120 4491 2419 4545 custodiam
2440 4492 2875 4562 ejusparadisum
2898 4494 3053 4546 aDeo
3078 4495 3397 4561 plantatum.

182 4590 394 4660 colligit
412 4588 671 4647 fructum.
692 4594 752 4638 ut
776 4585 991 4637 lectetur
1026 4584 1118 4651 qui
1136 4583 1367 4637 seminat
1386 4583 1546 4636 simul
1565 4590 1622 4635 et
1642 4581 1737 4651 qui

185 4682 362 4738 metit.
409 4680 521 4734 Hos
548 4677 837 4732 duodecim
872 4674 1107 4730 conduxi
1136 4676 1268 4728 mihi
1293 4689 1505 4729 summo
1555 4687 1735 4727 mane.

186 4773 291 4829 Sed
320 4780 611 4843 postquam
632 4768 742 4823 vidi
766 4768 1077 4838 paradisum
1106 4782 1380 4837 magnum,
1409 4775 1465 4821 et
1492 4766 1739 4833 regiones

185 4865 391 4920 multas
433 4870 490 4917 et
537 4860 688 4915 albas
731 4868 788 4914 et
831 4874 995 4927 puras
1023 4858 1210 4920 corde,
1253 4866 1310 4913 et
1340 4856 1618 4927 proposito
1648 4871 1742 4925 pa-

187 4966 334 5011 ratas
374 4954 444 5008 ad
485 4967 717 5007 messem
752 4950 900 5013 ﬁdei,
941 4959 998 5004 et
1048 4949 1113 5003 ad
1166 4949 1477 5003 insitionem
1506 4965 1570 5002 ex
1621 4947 1743 5002 inﬁ-

188 5048 415 5103 delitate
438 5044 506 5099 ad
541 5045 634 5098 Dei
662 5043 1057 5110 cognitionem;
1087 5056 1264 5110 neque
1287 5041 1389 5094 hoc
1419 5042 1617 5103 solum,
1644 5039 1739 5094 sed

186 5140 355 5193 etiam
394 5137 622 5191 arbores
658 5134 918 5205 pulchras
948 5132 1013 5187 ad
1046 5132 1341 5186 videndum
1371 5143 1427 5185 et
1473 5132 1645 5186 bonas
1673 5132 1741 5186 ad

189 5227 612 5291 comedendum,
648 5234 707 5282 et
751 5225 1017 5281 habentes
1060 5224 1268 5280 fructus
1304 5235 1567 5290 maturos,
1596 5225 1740 5281 dixi:

191 5322 371 5383 Μειδία
407 5320 615 5391 quidem
649 5319 837 5383 multa,
868 5319 1096 5389 operarii
1129 5334 1248 5372 vero
1282 5319 1435 5387 pauci
1455 5316 1498 5371 ⁸.
1541 5316 1745 5383 Quam-

193 5411 382 5467 obrem
412 5426 539 5467 cum
568 5411 733 5465 etiam
774 5410 1033 5480 populum
1073 5408 1456 5475 ostendissem,
1510 5409 1746 5464 conduxi

267 5568 285 5599 ⁸
314 5566 480 5620 llebr.
506 5580 544 5625 1.
576 5566 661 5619 16.
750 5566 771 5595 ³
811 5563 944 5617 ibid.
977 5563 1030 5618 6.
1105 5563 1124 5594 ³
1166 5562 1301 5616 ibid.
1340 5563 1395 5616 2.

200 5653 270 5697 xi,
305 5637 374 5690 '50
469 5636 491 5666 "
528 5634 714 5689 Matth.
751 5650 823 5698 ιι,
862 5634 951 5687 37.
1029 5634 1050 5665 ’
1092 5632 1280 5686 Matth.
1323 5648 1408 5690 xv.
1453 5634 1537 5687 I5.

202 5721 292 5769 vn,
327 5706 415 5758 37.
496 5706 540 5736 “
567 5706 650 5757 ,Ιοε

205 5776 246 5807 ⁸⁸
269 5776 422 5832 Joan.
450 5790 524 5839 vr,
563 5773 650 5831 39.

1503 5564 1526 5592 ‘
1566 5564 1704 5618 Psal.
1747 5580 1886 5626 LXXI,
1928 5566 2013 5619 ll.

1638 5634 1680 5663 ¹⁰
1718 5634 1905 5687 Matth.
1945 5650 2058 5699 vm,
2098 5636 2148 5688 5.

496 5705 540 5736 ’δ
567 5704 725 5759 Joan.
748 5719 857 5771 xiv,
889 5702 973 5758 l8.
1052 5702 1095 5735 "
1124 5702 1309 5757 Matth.
1332 5719 1436 5766 xvt,
1466 5704 1548 5757 l8.
1628 5704 1668 5735 “
1698 5704 1851 5759 Joan.
1888 5721 1937 5767 ι.
1964 5706 2014 5759 7.
2093 5706 2132 5735 "
2174 5704 2306 5759 ibid.
2360 5706 2443 5759 l8.

1911 4582 1977 4637 Et
1996 4586 2237 4652 pracepit
2261 4583 2510 4638 Dominus
2538 4584 2675 4637 Deus
2694 4583 2893 4638 Adamo
2921 4585 3094 4638 dicens
3118 4602 3136 4641 :
3159 4585 3243 4641 Ea:
3258 4590 3401 4642 omni

1847 4674 1985 4745 ligno
2002 4675 2139 4745 quod
2161 4685 2235 4729 est
2260 4679 2315 4729 in
2358 4677 2625 4744 paradiso,
2654 4676 2898 4729 vescendo
2916 4678 3181 4731 vescimini
3209 4695 3228 4732 :
3257 4696 3290 4733 α
3338 4678 3402 4732 li-

1844 4785 1945 4838 gno
1978 4778 2152 4822 autem
2182 4770 2516 4837 cognoscendi
2572 4770 2760 4822 bonum
2796 4780 2845 4822 et
2869 4770 3087 4834 malum,
3140 4788 3205 4824 ne
3252 4788 3315 4825 ea:
3339 4789 3399 4825 eo

1844 4859 2155 4920 vescamini;
2179 4875 2276 4927 quo
2302 4868 2474 4912 autem
2493 4860 2575 4912 die
2602 4862 2886 4923 vescimini,
2910 4877 2973 4913 ea:
3008 4878 3066 4913 eo
3106 4872 3270 4915 morte
3285 4881 3405 4916 mo-

1844 4950 2071 5004 riemini.
2099 4950 2216 5004 Non
2261 4950 2477 5015 obvius,
2509 4967 2609 5005 nec
2650 4956 3012 5021 conspicuus,
3046 4954 3139 5007 sed
3194 4970 3298 5008 nec
3331 4958 3398 5010 ad

1843 5042 2285 5109 consequendum
2325 5041 2501 5097 facilis
2527 5042 2628 5096 fuit
2675 5059 2870 5099 sensus
2905 5045 3299 5111 interpretibus
3333 5044 3400 5097 iis

1836 5133 1929 5202 qui
1951 5132 2020 5186 ad
2046 5133 2153 5188 hoc
2188 5149 2326 5203 opus
2379 5135 2615 5206 aggressi
2664 5145 2825 5201 sunt;
2888 5137 3239 5203 quamobrem
3295 5136 3399 5191 fuit

1838 5226 2004 5280 etiam
2028 5226 2175 5281 omni
2196 5242 2261 5281 ex
2289 5237 2442 5296 parte
2462 5228 2777 5297 discrepans
2803 5228 2856 5281 in
2881 5228 3045 5283 dictis
3077 5227 3393 5298 propositis.

1840 5318 1945 5373 Alii
2003 5318 2149 5374 enim
2195 5319 2409 5373 visione
2452 5319 2937 5389 apprehenderunt
2979 5321 3218 5390 plantam
3266 5329 3399 5374 tunc

1842 5411 2197 5473 esculentam.
2229 5413 2385 5481 cujus
2404 5412 2636 5480 generis,
2666 5412 2938 5480 inquiunt,
2970 5411 3131 5467 ficum
3158 5413 3396 5466 exsicca-

2116 5566 2135 5596 ⁵
2172 5564 2325 5619 Joan.
2366 5582 2419 5627 v,
2461 5566 2543 5619 l7.
2650 5565 2671 5596 ⁸
2709 5564 2841 5619 Luc.
2883 5582 2956 5628 Ix,
2988 5566 3075 5620 62.
3149 5568 3169 5599 ⁷
3208 5567 3396 5621 Matth.

2227 5636 2266 5665 "
2311 5633 2443 5688 Luc.
2483 5650 2553 5694 γι,
2604 5634 2655 5688 8.
2733 5636 2774 5666 ¹¹
2828 5635 2960 5689 ibid.
3004 5636 3088 5689 10.
3167 5635 3207 5666 "
3236 5637 3392 5690 Joan.

2527 5706 2566 5737 "
2598 5704 2731 5759 ibid.
2866 5705 3087 5760 "Joan.
3140 5721 3271 5771 xvn,
3306 5705 3391 5761 12.
