4186 6442
785 387 887 454 98Ἷ
1953 393 2014 452 S.
2053 388 2445 452 ANASTASII
2489 390 2808 450 SINAlT/E
3893 389 4000 451 988

781 502 863 556 vit
884 500 1156 558 Christus.
1187 501 1290 556 Alii
1315 511 1496 556 autem
1515 500 1945 572 pronuntiarunt
1959 518 2082 558 esse
2114 501 2338 572 quidem
2367 503 2414 560 Α
2442 501 2612 570 ticeps
2639 503 2770 572 ligni
2792 503 2954 568 vitae;
2986 504 3101 573 ipse
3124 502 3269 557 enim
3298 513 3401 558 est.
3456 504 3525 558 Et
3554 512 3845 574 propterea
3880 520 4003 559 ser-

780 593 1047 664 ejusmodi
1100 601 1161 649 ut
1192 596 1525 666 percipiatur
1579 595 1958 666 intelligentia,
2006 594 2103 650 sed
2157 605 2339 649 tamen
2440 609 2577 663 pens
2611 597 2952 664 nequaquam
2982 596 3218 652 consulit
3250 596 3510 652 Ecclesia:
3552 606 3614 651 ut
3642 599 3761 668 ejus
3789 597 4005 667 sitpar-

781 688 1021 758 plantam
1070 687 1417 758 cognitionis.
1489 688 1595 741 Alii
1641 697 1821 742 autem
1882 686 2140 741 dixerunt
2198 687 2342 742 hanc
2443 687 2650 756 tieeps,
2686 689 2892 743 audivit
2915 689 3062 743 enim
3115 704 3239 744 eum
3290 690 3616 745 dicentem:
3658 689 3758 756 Qui
3781 693 4007 744 comedit

782 779 1018 848 plantam
1056 795 1176 834 esse
1208 780 1494 835 informem
1520 778 2060 848 contemplationem.
2085 779 2190 833 Alii
2215 796 2340 832 rur-
2443 779 2578 831 hunc
2607 795 2786 832 meum
2816 797 3028 850 panem,
3068 783 3200 835 vivet
3246 782 3301 834 in
3327 793 3578 836 aeternum
3618 783 3684 836 ’³.
3738 782 3846 837 Sed
3885 798 4009 852 qua:

779 880 876 921 sus
904 865 1241 937 tignrativam
1268 883 1363 922 seu
1423 867 1657 938 typieam
1691 867 2058 922 narrationem
2087 884 2208 937 quae
2233 883 2341 922 non
2444 881 2572 924 sunt
2603 870 2824 940 quidem
2854 872 3145 942 serpentis,
3187 882 3242 926 et
3298 888 3418 942 qua:
3447 873 3511 928 ad
3538 882 3868 942 serpentem,
3922 873 4009 926 di-

783 965 965 1027 potest
989 957 1312 1014 consistere.
1342 959 1715 1028 Nefandorum
1741 968 1925 1015 autem
1949 959 2180 1014 eﬂector
2201 961 2345 1014 sicut
2446 962 2680 1016 cendum
2737 970 2823 1016 est
2855 963 2908 1016 in
2942 964 3007 1018 iis
3034 979 3154 1033 qua:
3175 973 3482 1034 sequuntur
3507 983 3519 1017 :
3554 974 3894 1020 revertamur
3913 980 4011 1019 au-

782 1045 1146 1101 obscenorum
1190 1055 1535 1116 perpetrator
1565 1045 1852 1118 Origenes,
1879 1047 2345 1102 existimaviteam
2449 1064 2556 1108 tem
2585 1053 2650 1107 ad
2681 1053 2925 1108 divinum
2954 1057 3266 1111 mandatum
3297 1068 3354 1111 ut
3374 1057 3662 1126 implentes
3689 1058 4009 1112 mandatum

781 1154 902 1193 esse
955 1139 1264 1194 mulierem.
1329 1138 1436 1195 Sed
1487 1141 1555 1194 de
1613 1141 1763 1212 ligno
1829 1139 2052 1210 quidem
2101 1140 2347 1196 dicemus
2446 1148 2563 1216 ejus
2584 1148 2676 1213 qui
2704 1147 2755 1199 in
2783 1147 2939 1201 nobis
2965 1149 3241 1203 mandavit
3271 1150 3761 1220 utspecularemur
3794 1166 3862 1206 ea
3891 1167 4012 1220 qua:

781 1245 988 1305 postea.
2450 1250 2697 1306 spectant
2742 1241 2806 1294 ad
2837 1243 3169 1296 creationem
3221 1259 3312 1297 sex
3349 1245 3586 1307 dierum,
3631 1245 3805 1298 labori
3848 1244 4013 1298 linem

850 1327 1276 1383 Considerandaa
1305 1337 1435 1383 sunt
1468 1337 1649 1384 autem
1707 1345 1827 1398 qua:
1869 1330 2027 1384 nobis
2062 1342 2350 1403 emergunt
2454 1329 2815 1397 imponamus.
2839 1331 2972 1385 Nam
3003 1333 3226 1401 pulchre
3258 1334 3548 1387 admodum
3589 1335 3808 1404 quando
3836 1337 4014 1389 intro-

782 1421 1112 1489 quaestiones
1141 1422 1196 1473 in
1244 1420 1312 1474 iis
1344 1436 1466 1489 qua:
1504 1432 1632 1474 sunt
1667 1421 1968 1488 proposita.
2024 1421 2102 1475 Ex
2149 1423 2351 1492 quibus
2452 1422 2606 1476 (luxit
2657 1423 2933 1477 hominem
2986 1426 3405 1496 primogenitum
3463 1427 3518 1481 in
3560 1428 3874 1498 paradisum
3927 1445 4015 1482 ra-

785 1527 890 1565 una
941 1520 1025 1566 est
1071 1521 1129 1565 et
1175 1513 1372 1582 prima,
1422 1511 1699 1582 quomodo
1723 1513 1931 1566 Adamo
1960 1523 2016 1567 et
2049 1515 2206 1568 uxori
2239 1531 2349 1570 non
2453 1515 2602 1568 tione
2639 1517 3088 1582 praeditum,eum
3121 1519 3323 1572 ctfeeit
3348 1534 3548 1588 regem,
3589 1530 3643 1573 et
3673 1520 3856 1573 omnia
3890 1521 4018 1572 sub-

744 1641 747 1646 .
783 1603 1038 1658 datDeus
1061 1605 1167 1659 hoc
1193 1613 1548 1674 praeceptum,
1595 1605 1689 1659 sed
1725 1605 1824 1658 soli
1859 1606 2066 1660 Adamo
2110 1625 2122 1659 :
2152 1607 2350 1662 deinde
2447 1607 2579 1675 jccit
2604 1608 2705 1660 sub
2728 1608 2961 1676 pedibus
2980 1610 3120 1678 ejus,
3153 1610 3246 1663 dat
3276 1612 3327 1665 ei
3352 1612 3495 1665 Deus
3546 1611 3716 1680 legem
3751 1611 4015 1674 mandati,

783 1694 1026 1749 Adamus
1057 1711 1123 1749 eo
1155 1696 1398 1764 impertit
1424 1712 1670 1751 uxorem.
1713 1698 1919 1751 Deinde
1949 1712 2049 1752 cur
2079 1714 2188 1752 non
2238 1714 2352 1752 ma-
2456 1707 2711 1765 tanquam
2751 1699 2862 1752 hzee
2897 1701 3038 1769 apud
3079 1701 3344 1755 Adamum
3371 1703 3668 1764 disserens,
3696 1712 3751 1756 et
3781 1702 3971 1756 dicens
4003 1745 4015 1755 .

785 1785 867 1854 gis
890 1802 952 1841 ex
989 1788 1135 1856 ligno
1177 1787 1298 1841 vita:
1329 1791 1609 1857 (tanquam
1637 1790 1970 1859 pretiosiori)
2000 1792 2192 1860 jnbeat
2241 1807 2352 1845 non
2390 1847 2427 1862 ﬁ
2457 1787 2620 1851 Audi,
2661 1789 2857 1858 inquit,
2883 1806 2915 1843 o
2942 1791 3177 1859 primum
3221 1809 3359 1862 opus
3392 1802 3446 1847 et
3493 1793 3733 1862 primum
3783 1792 4018 1846 formata

786 1879 1095 1941 comedere,
1127 1880 1220 1932 sed
1255 1896 1322 1934 ex
1350 1896 1418 1934 eo
1447 1882 1592 1950 quod
1622 1889 1706 1935 est
1747 1882 1948 1938 minus.
1978 1884 2074 1937 Est
2094 1885 2239 1938 enim
2265 1884 2354 1938 ille
2388 1847 2428 1903 Β
2458 1889 2708 1934 creatura
2744 1897 2984 1936 mearum
3016 1898 3276 1937 manuum
3305 1881 3735 1952 impollutarum,
3779 1892 3834 1938 et
3865 1884 4020 1938 simi-

788 1970 946 2024 cibus
986 1970 1144 2040 longe
1177 1974 1523 2041 prmstantior
1581 1989 1745 2043 quam
1791 1975 1950 2029 cibus
1989 1977 2353 2046 cognoscendi
2457 1972 2630 2025 liludo
2663 1988 2796 2027 mea:
2839 1975 3167 2045 incorrupta:
3202 1975 3454 2044 imaginis
3485 1977 3785 2045 unigenita,
3819 1983 3874 2029 et
3904 1976 4026 2044 pul-

790 2061 996 2115 bonum
1029 2073 1084 2118 et
1118 2065 1340 2125 malum,
1378 2075 1436 2116 ut
1465 2065 1558 2133 qui
1589 2081 1714 2118 eum
1751 2067 1930 2120 reddit
1966 2067 2354 2131 immortalem,
2459 2063 2728 2116 cherrima
2759 2081 2772 2128 ;
2803 2065 2943 2118 scias
2965 2065 3108 2134 quod
3132 2081 3232 2133 ego
3257 2076 3307 2119 te
3341 2065 3515 2119 solum
3537 2081 3603 2118 ex
3629 2067 3885 2119 universa
3904 2081 4025 2134 qua.

790 2163 847 2207 et
875 2153 942 2208 ab
968 2153 1192 2208 interitu
1234 2170 1294 2209 ac
1335 2156 1502 2209 exitio
1538 2157 1778 2210 alienum
1826 2157 1993 2211 emcit
2037 2174 2100 2213 ac
2163 2175 2358 2228 panem
2460 2155 2561 2208 sub
2595 2164 2874 2224 aspectum
2902 2155 3049 2210 cadit
3099 2166 3156 2210 ct
3185 2172 3291 2210 non
3317 2157 3461 2210 cadit
3513 2169 3765 2211 creatura
3800 2165 3854 2211 te
3908 2161 4026 2210 for-

792 2245 1022 2316 angelis.
1049 2245 1409 2316 Ostenditque
1438 2248 1581 2302 Deus
1619 2248 1949 2303 ineffabilem
1993 2250 2360 2307 differentiam
2462 2249 2606 2302 mavi
2638 2250 2704 2302 ad
2734 2265 2909 2303 meam
2937 2250 3248 2318 imaginem.
3278 2251 3537 2305 Dominor
3569 2250 3906 2314 cmlestibus,
3930 2251 4026 2304 sed

794 2336 926 2405 ligni
953 2337 1300 2405 cognitionis,
1353 2339 1651 2406 prohibens
1699 2350 1885 2408 postea
1918 2357 1984 2395 ne
2023 2342 2194 2396 Adam
2239 2345 2361 2413 ejus
2461 2356 2562 2410 ego
2596 2351 2647 2394 te
2679 2356 2896 2410 quoque
2919 2341 3181 2395 constitui
3215 2342 3496 2396 dominum
3521 2343 3882 2397 terrestrium.
3913 2344 4031 2412 Ego

794 2435 941 2481 esset
975 2429 1249 2497 particeps
1283 2443 1382 2498 per
1411 2430 1711 2484 custodiam
1737 2430 2201 2487 Cherubinorum.
2224 2434 2362 2489 Ter-
2466 2442 2516 2487 te
2543 2432 2842 2487 fabricatus
2890 2448 3011 2486 sum
3051 2434 3328 2488 hominem
3359 2450 3424 2488 ex
3489 2443 3653 2488 terra.
3678 2435 3757 2490 Tu
3803 2451 4031 2504 quoque

799 2520 872 2573 tia
900 2535 1018 2584 cur,
1044 2536 1170 2575 cum
1207 2521 1349 2576 Deus
1391 2523 1528 2576 nihil
1586 2523 1840 2593 jussisset
1875 2524 2083 2579 Adamo
2122 2526 2190 2580 de
2217 2527 2364 2596 ligno
2466 2524 2732 2578 fabricare
2757 2523 3033 2577 hominem
3063 2540 3129 2578 ex
3185 2525 3431 2579 matrice.
3465 2524 3649 2579 llalieo
3684 2525 3869 2579 sedem
3923 2542 4036 2580 cu:-

796 2615 954 2680 vitae,
1016 2630 1242 2682 serpens
1268 2632 1376 2669 non
1425 2617 1607 2685 potius
1633 2619 1971 2672 consuluerit
1996 2628 2055 2672 ut
2083 2622 2367 2690 essetejus
2467 2615 2578 2668 lum
2620 2616 2763 2684 quod
2799 2626 2882 2670 est
2903 2631 3068 2685 super
3090 2633 3296 2685 aquas:
3330 2619 3426 2671 tihi
3469 2627 3650 2672 autem
3669 2618 3793 2672 dedi
3820 2619 4033 2678 sedem,

798 2706 1095 2776 particeps.
1127 2705 1333 2759 Deinde
1367 2723 1464 2760 cur
1500 2723 1607 2761 non
1641 2717 1726 2762 est
1755 2723 2041 2778 aggressus
2067 2711 2246 2764 virum
2272 2711 2366 2764 sed
2469 2715 2667 2760 terram
2699 2723 2820 2776 qua:
2859 2715 2944 2761 est
2991 2723 3157 2777 super
3200 2724 3386 2776 aquas.
3434 2709 3646 2778 lmpero
3702 2711 3938 2778 angelis,
3978 2718 4039 2761 ut

799 2799 1106 2862 mulierem,
1144 2807 1200 2852 et
1224 2797 1318 2852 ubi
1342 2798 1508 2852 etiam
1544 2799 1750 2852 invenit
1798 2799 2052 2868 privatim
2094 2811 2365 2872 agentem.
2469 2797 2705 2866 imperas
2736 2797 3075 2851 hominibus.
3112 2798 3388 2853 Assistunt
3417 2799 3550 2851 mihi
3608 2799 3791 2852 omnia
3822 2798 4038 2852 Cheru-

799 2891 1022 2956 Quinta,
1053 2890 1326 2943 undenam
1356 2890 1633 2959 cognovit,
1667 2906 1791 2944 cum
1846 2892 2127 2961 ignoraret
2164 2909 2368 2962 przece—
2471 2889 2602 2951 bim,
2639 2897 2696 2942 et
2729 2889 2823 2942 tibi
2856 2888 3017 2959 902
3052 2890 3314 2943 assistunt
3338 2890 3517 2944 omnia
3551 2891 3664 2960 agri
3711 2891 4037 2944 animantia.

800 2991 952 3053 ptum
982 2983 1064 3036 eis
1091 2981 1297 3036 datum.
1330 2982 1492 3036 Sexta
1551 2999 1761 3046 rursus,
1791 2998 1892 3037 cur
1943 2985 2044 3038 soli
2075 2985 2239 3054 jussit
2273 2986 2372 3038 ho-
2472 2979 2715 3048 Subjicio
2749 2993 2813 3032 ea
2845 2993 2967 3048 quae
3015 2992 3176 3032 senas
3209 2978 3412 3032 habent
3444 2978 3590 3042 aliis;
3633 2977 3900 3047 80bii0i83
3939 2993 4041 3030 V0-

802 3074 938 3128 mini
973 3084 1032 3128 ut
1065 3082 1213 3128 esset
1250 3074 1526 3143 particeps
1557 3075 1801 3128 omnium
1837 3075 2146 3144 lignorum;
2179 3077 2368 3146 utique
2473 3072 2652 3125 lucrcs
2673 3087 2793 3140 qua:
2819 3072 3019 3125 multas
3039 3071 3241 3124 habent
3273 3086 3499 3139 pennas.
3559 3070 3775 3139 lmpero
3802 3069 3870 3123 iis
3919 3085 4044 3139 qua

805 3176 987 3222 antem
1038 3167 1173 3222 dicit
1219 3175 1278 3220 ut
1335 3167 1646 3221 abstineant
1679 3183 1707 3220 a
1742 3168 1891 3237 ligno
1937 3168 2284 3239 cognitionis,
2317 3182 2440 3240 etc
2472 3163 2674 3216 mllllOS
2706 3162 3147 3226 habenlocmos;
3173 3161 3468 3230 imperabis
3493 3160 3836 3215 dmmonibus
3865 3161 4042 3214 multa

805 3267 1035 3314 mortem
1087 3258 1352 3312 ambobus
1383 3257 1693 3311 denuntiat.
1750 3257 2015 3327 Septima,
2039 3262 2085 3314 si
2111 3260 2376 3316 formatus
2475 3255 2809 3310 videntibus.
2841 3255 3104 3308 Dominor
3140 3253 3546 3318 subterraneis;
3584 3262 3642 3307 tu
3669 3269 3890 3323 quoque
3939 3253 4043 3308 do-

806 3359 894 3405 est
911 3358 1058 3405 totus
1091 3348 1337 3403 interitui
1400 3364 1509 3402 non
1536 3349 1830 3415 obnoxius,
1882 3351 2156 3420 quomodo
2207 3353 2378 3406 sensit
2477 3349 2685 3402 minare
2719 3347 2964 3415 piscibus
2992 3345 3088 3415 qui
3115 3354 3244 3401 sunt
3281 3345 3334 3399 in
3362 3345 3745 3400 subterraneis
3771 3344 3913 3399 locis
3940 3361 4049 3400 ma-

806 3441 1047 3498 fructum
1072 3442 1204 3512 ligni
1229 3441 1453 3496 tendere
1483 3440 1549 3494 ad
1577 3443 2012 3514 corruptionem.
2033 3442 2256 3504 Octava,
2278 3459 2378 3498 cur
2477 3440 2575 3499 ris.
2605 3448 2662 3492 et
2689 3439 2851 3491 timor
2880 3445 2934 3491 et
2961 3445 3163 3491 tremor
3190 3446 3368 3491 vester
3388 3436 3460 3490 sit
3499 3451 3664 3506 super
3691 3436 3876 3490 omnia
3903 3446 4048 3501 cete,

809 3551 918 3590 non
941 3535 1105 3588 etiam
1133 3549 1480 3588 communem
1506 3533 1824 3587 hominibus
1853 3544 1910 3589 et
1939 3533 2132 3588 bestiis
2192 3538 2377 3604 posuit
2477 3541 2533 3586 et
2566 3530 2802 3600 reptilia,
2838 3538 2894 3584 et
2937 3529 3143 3583 bestias
3191 3537 3368 3584 terrae.
3421 3527 3616 3583 Omnia
3653 3529 3751 3583 tibi
3782 3538 4052 3599 tanquam

811 3628 961 3683 hunc
1014 3642 1234 3696 quoque
1274 3627 1457 3680 cibum
1500 3627 1855 3696 pulchrorum
1887 3627 2182 3697 lignorum,
2237 3629 2380 3683 sicut
2479 3623 2534 3678 in
2561 3639 2680 3678 mea
2711 3622 2944 3692 imagine
2969 3622 3197 3692 subjeci.
3227 3621 3419 3676 Omnia
3444 3623 3542 3676 tibi
3557 3622 3679 3676 dedi
3704 3622 3807 3676 sub
3829 3639 4052 3685 manus,

812 3719 976 3774 etiam
1005 3719 1242 3788 priorem
1275 3717 1421 3772 intus
1449 3718 1501 3772 in
1527 3719 1804 3788 paradiso,
1837 3735 1960 3772 eum
1984 3736 2076 3773 eas
2114 3721 2376 3774 adduxis-
2479 3713 2740 3774 animata,
2771 3712 3040 3788 inanima,
3073 3712 3318 3775 arbores,
3343 3712 3722 3782 germinanlia.
3753 3714 4054 3774 naturalia.

813 3819 898 3864 set
920 3809 986 3862 ad
1021 3808 1311 3862 Adamum.
1348 3808 1524 3871 Nona,
1557 3809 1834 3877 quomodo
1863 3824 1968 3861 non
1995 3817 2080 3863 est
2132 3819 2380 3864 mortuus
2481 3808 2761 3870 volucres,
2789 3813 2846 3859 et
2889 3820 3010 3874 qua:
3042 3805 3404 3859 seminantur.
3435 3803 3704 3859 Omnibus
3727 3804 4054 3860 dominare:

817 3900 936 3970 ipso
962 3899 1050 3954 die
1071 3915 1181 3968 quo
1201 3899 1458 3962 comedit,
1489 3900 1881 3953 convenienter
1907 3901 2193 3953 sententias
2215 3917 2376 3968 quam
2481 3900 2738 3954 omnibus
2755 3898 2961 3962 fruere,
2984 3904 3040 3951 et
3061 3912 3148 3950 me
3165 3896 3421 3956 maxime,
3444 3895 3538 3964 qui
3557 3910 3676 3949 sum
3697 3895 3911 3964 lignum
3931 3897 4060 3952 vita:

814 3993 868 4048 ei
920 3992 1293 4063 pronuntiavit
1335 3993 1496 4046 Deus.
1555 3991 1794 4051 Decima,
1847 4007 2081 4060 quanam
2120 3991 2187 4045 de
2221 4008 2381 4046 causa
2483 3995 2626 4048 Deus
2658 4001 2822 4056 tuus;
2849 3998 2964 4044 toto
2986 3989 3168 4044 animo
3200 3997 3565 4058 prompteque
3590 3994 3648 4041 et
3675 3987 3944 4042 alacriter
3991 3988 4062 4041 iis

816 4102 945 4141 eum
970 4084 1268 4139 nominavit
1297 4083 1484 4137 Adam.
1517 4085 1693 4152 Atque
1717 4083 1834 4137 haec
1856 4084 2078 4152 quidem
2123 4083 2308 4137 omnia
2345 4083 2383 4138 ii
2483 4084 2735 4152 expleare
2754 4081 2986 4136 deliciis.
3007 4080 3119 4134 Nec
3134 4079 3224 4133 his
3243 4079 3495 4142 solis,sed
3513 4078 3677 4133 etiam
3698 4078 3766 4132 iis
3782 4095 3908 4147 qua:
3931 4089 4063 4134 sunt

819 4175 914 4245 qui
948 4175 1162 4236 volunt,
1189 4181 1504 4227 scrutentur
1531 4180 1590 4225 ut
1612 4172 1803 4226 volunt
1836 4181 1893 4227 et
1925 4181 2176 4241 possunt,
2209 4173 2385 4228 diser-
2484 4187 2550 4226 ex
2579 4171 2727 4225 omni
2756 4170 2904 4239 ligno
2927 4177 2982 4222 et
3008 4168 3186 4223 fructu
3220 4168 3315 4237 qni
3353 4175 3436 4221 est
3476 4168 3530 4220 in
3553 4166 3831 4237 paradiso,
3895 4168 4061 4221 vide-

825 4269 1003 4337 tisque
1035 4266 1220 4320 verbis
1248 4265 1510 4334 suavique
1543 4265 1764 4319 dicendi
1799 4266 2012 4320 ratione
2042 4273 2097 4320 et
2143 4267 2385 4320 rhetori—
2487 4259 2615 4314 licet
2647 4257 2905 4311 omnibus
2926 4257 3157 4320 deliciis,
3187 4272 3308 4326 quae
3362 4256 3518 4310 vobis
3566 4267 3961 4325 proponuntur
3996 4274 4062 4312 ex

823 4359 906 4414 eis
924 4358 1166 4428 strophis
1192 4357 1378 4410 dicant
1403 4366 1458 4409 et
1475 4355 1801 4426 intelligant.
1821 4355 1932 4426 Ego
1960 4364 2142 4410 autem
2166 4357 2387 4426 quando
2487 4351 2689 4404 virtute
2707 4349 2971 4419 angelica,
2990 4349 3247 4411 comede;
3283 4347 3628 4402 solummodo
3665 4347 3799 4401 illud
3847 4348 4064 4419 lignum

823 4451 995 4506 Deum
1027 4451 1254 4520 mystice
1287 4447 1476 4501 videro
1503 4456 1559 4502 et
1599 4446 1827 4502 audiero
1888 4447 1989 4502 soli
2019 4448 2228 4503 Adamo
2258 4448 2386 4503 dare
2420 4518 2441 4520 Α
2489 4443 2851 4513 cognoscendi
2893 4443 3100 4496 bonum
3140 4450 3198 4495 et
3246 4439 3472 4504 malum,
3517 4447 3574 4494 et
3597 4439 3745 4509 quod
3773 4447 3860 4494 est
3893 4457 4070 4512 pr0pe

826 4518 1144 4598 mandatum
1174 4549 1230 4594 et
1256 4551 1548 4610 praecepta,
1578 4541 1730 4594 nullo
1760 4551 2030 4610 prasente
2062 4550 2158 4594 aut
2211 4541 2386 4595 inter-
2418 4518 2462 4574 D
2491 4534 2796 4604 plantatum
2829 4533 2984 4603 (vitia
3012 4533 3159 4586 enim
3189 4530 3470 4586 adhaerent
3495 4531 3820 4592 virtutibus)
3838 4549 3910 4587 ne
3936 4549 4071 4588 con-

826 4636 1101 4696 cedente;
1137 4632 1336 4686 deinde
1369 4641 1557 4702 postea
1576 4632 1844 4686 Adamum
1865 4631 1946 4686 eis
1976 4631 2262 4686 mulierem
2287 4631 2389 4685 im-
2495 4627 2705 4696 tigeris,
2737 4641 2804 4680 ne
2841 4623 3243 4686 attrectaveris,
3285 4638 3353 4676 ne
3404 4623 3965 4691 appropinquaveris,
4000 4640 4070 4679 ne

829 4728 1039 4799 pertire
1077 4742 1090 4778 :
1121 4726 1373 4795 protinus
1405 4724 1651 4793 intelligo
1673 4731 2006 4793 praceptum
2040 4722 2390 4778 illiusAdami
2497 4718 2552 4772 in
2581 4734 2775 4772 manus
2801 4716 3121 4786 sumpseris,
3162 4730 3230 4770 ne
3249 4713 3547 4784 gestaveris
3578 4731 3590 4766 :
3623 4711 3948 4783 Quocunque
3966 4732 4070 4768 au-

831 4821 1206 4889 incorruptam
1241 4833 1395 4872 suam
1421 4831 1646 4871 uxorem
1679 4816 1897 4885 (nempe
1919 4814 2242 4882 Eeelesiam)
2293 4829 2392 4868 vo-
2499 4820 2600 4864 tem
2625 4810 2707 4862 die
2730 4826 2792 4862 ex
2821 4825 2878 4861 eo
2906 4807 3252 4871 romederitis,
3280 4813 3446 4860 morte
3478 4805 3792 4858 mariemini.
3854 4805 3913 4860 Si
3945 4815 4074 4860 ten-

831 4911 1008 4969 cantis
1034 4920 1088 4967 et
1110 4911 1342 4966 dicentis
1384 4927 1396 4963 :
1431 4909 1592 4963 Verba
1624 4924 1741 4974 quia
1766 4908 1952 4977 loquor
1988 4924 2090 4960 non
2115 4926 2146 4960 a
2181 4924 2259 4959 me
2279 4909 2393 4976 ipso
2503 4902 2748 4958 taveritis
2780 4901 2895 4955 ﬁeri
2930 4900 3037 4954 mei
3073 4899 3282 4954 similes
3327 4905 3719 4968 cognoscentes
3775 4897 3987 4953 bonum
4018 4910 4075 4954 et

835 5006 1040 5077 loquor,
1073 5006 1163 5060 sed
1197 5003 1508 5060 mandatum
1533 5003 1707 5073 accepi
1739 5019 1771 5055 a
1800 5000 1960 5054 Patre
1990 5016 2104 5053 meo
2135 5001 2258 5070 quid
2311 5001 2394 5053 di-
2503 4995 2726 5057 malum,
2750 5001 2804 5046 et
2828 5002 2936 5046 tam
2965 5006 3030 5045 ea
3064 5006 3186 5059 quae
3214 4998 3339 5043 sunt
3363 4987 3573 5043 occulta
3603 5001 3764 5056 quam
3791 5002 3920 5057 quas
3953 5004 4074 5042 ma-

836 5117 954 5154 cam
983 5107 1030 5152 et
1074 5099 1197 5166 quid
1253 5095 1438 5166 loquar
1467 5095 1532 5149 ²¹.
1565 5094 1678 5148 Hac
1729 5095 1939 5148 ratione
1969 5093 2173 5147 dicitur
2225 5092 2392 5146 etiam
2501 5085 2720 5149 nifesta,
2750 5084 2934 5138 statim
2956 5092 3132 5137 morte
3162 5080 3496 5135 moriemini.

837 5191 1093 5247 Christus
1118 5191 1292 5260 magni
1323 5187 1528 5242 consilii
1553 5186 1770 5256 angelus
1804 5187 1881 5248 ",
1937 5185 2194 5254 quoniam
2245 5184 2391 5238 anti-
2571 5177 2685 5232 Hoc
2706 5185 2790 5232 est
2814 5174 2961 5245 quod
2990 5175 3136 5229 Deus
3170 5173 3430 5242 praecepit
3458 5171 3669 5226 homini
3717 5186 3831 5225 non
3881 5185 4076 5225 come-

841 5297 1009 5351 quum
1027 5296 1217 5336 verum
1248 5279 1537 5334 consilium
1569 5278 1727 5331 simul
1758 5291 1881 5330 cum
1911 5277 2068 5330 Patre
2091 5277 2241 5344 prius
2263 5290 2394 5329 con-
2501 5269 2632 5325 dere
2663 5288 2674 5322 :
2708 5269 2813 5323 hoc
2862 5277 2965 5332 est,
3017 5283 3088 5321 ne
3120 5273 3302 5321 mente
3332 5263 3558 5333 quidem
3589 5263 3905 5334 concipere.
3956 5260 4079 5317 Hoc

843 5374 1084 5435 sultavit,
1124 5372 1271 5442 quod
1304 5372 1709 5440 praedestinavit
1734 5370 1878 5423 Deus
1927 5378 2054 5422 ante
2109 5367 2306 5421 saecula
2340 5376 2398 5420 ut
2497 5371 2580 5417 est
2603 5362 2749 5431 quod
2782 5359 2986 5414 dicitur
3011 5359 3220 5428 lignum
3266 5353 3596 5426 cognitionis
3642 5354 3773 5407 boni
3805 5361 3862 5407 et
3892 5352 4028 5406 mali
4064 5370 4077 5405 :

844 5466 912 5520 ad
946 5475 1186 5519 nostram
1211 5463 1423 5518 veniret
1457 5461 1704 5534 gloriam,
1749 5470 1806 5515 et
1856 5460 2203 5513 annuntiarct
2255 5459 2400 5528 gregi
2501 5455 2588 5508 hic
2635 5461 2720 5508 est
2757 5451 2848 5521 qui
2878 5449 3082 5504 dicitur
3100 5448 3310 5502 fructus
3335 5446 3550 5510 laztifer,
3603 5444 3858 5514 superbia
3886 5443 4080 5498 eﬂerri

847 5573 948 5611 suo
976 5566 1230 5626 tanquam
1249 5556 1401 5612 uxori
1431 5565 1485 5610 et
1505 5555 1657 5609 verbi
1681 5568 1865 5608 semen
1891 5553 1959 5606 ab
1992 5569 2056 5607 eo
2091 5552 2400 5620 accipienti,
2500 5545 2889 5603 etexistimare
2917 5542 3156 5613 seipsum
3183 5541 3376 5606 Deum,
3416 5547 3841 5610 cognoscentem
3863 5536 4079 5592 bonum

848 5659 907 5704 et
940 5647 1110 5703 lilium
1129 5647 1378 5720 parienti.
1417 5646 1567 5703 Unde
1585 5661 1693 5701 non
1723 5645 1879 5716 jubet
1902 5643 1950 5698 ci
1981 5651 2037 5697 ut
2061 5660 2168 5696 non
2194 5643 2262 5696 sit
2283 5657 2405 5712 par-
2502 5648 2556 5696 et
2585 5639 2786 5694 malum
2820 5653 2833 5691 :
2863 5651 2987 5692 cum
3018 5649 3196 5705 neque
3223 5631 3448 5705 angelus
3488 5645 3666 5701 neque
3703 5628 3946 5690 daemon.
3975 5642 4081 5686 seu

929 5825 1145 5882 “Joan.
1179 5841 1267 5888 χιι,
1309 5827 1385 5879 i9.
1462 5827 1501 5856 ¹¹
1550 5824 1646 5880 Isa.
1687 5839 1754 5888 Ix,
1806 5823 1858 5877 6.
1936 5819 2156 5876 “Joan.
2188 5818 2378 5883 ν1,ὕ9.
