4186 6442
175 376 279 442 989

1218 384 1297 443 IN
1335 384 1874 446 HEXAEMERON.
1907 407 1971 420 -’
2003 389 2145 448 LIB.
2190 390 2293 449 ῙΧ.

3279 399 3388 461 990.

172 489 325 541 solus
365 486 515 541 Deus
558 489 693 543 sciat
718 499 954 545 mentem
1006 491 1310 557 hominum,
1343 503 1401 547 ut
1428 494 1560 548 dicit
1601 496 1721 549 Job.
1755 502 1793 554 Α
1823 517 2020 566 eorum,
2040 513 2086 556 et
2108 511 2430 557 sarmentum
2450 519 2625 559 eorum
2651 521 2713 559 ex
2735 505 3044 569 Gomorrha,
3072 525 3173 561 uva
3201 525 3381 563 eorum

170 579 291 647 ipse
322 578 469 631 enim
501 581 777 649 cognoscit
798 586 1006 638 occulta
1039 587 1240 649 cordis,
1280 589 1369 656 qui
1402 590 1565 642 corda
1597 606 1726 643 exa-

169 671 342 724 niinat
365 679 422 725 ct
448 687 606 726 renes
633 673 795 728 Deus.
831 676 942 730 lloc
963 693 1091 747 ergo
1112 681 1399 749 prannunit
1428 682 1723 741 hominem.

170 762 403 831 perinde
453 780 516 817 ac
546 763 591 818 si
631 765 681 819 ei
726 767 932 821 diceret
980 787 990 819 :
1030 770 1260 823 Attende
1296 771 1392 824 tibi
1421 782 1475 825 et
1500 788 1631 825 cave
1661 790 1725 826 ne

169 860 415 921 potestas
448 864 505 907 et
557 870 747 924 magna
782 858 1078 912 auctoritas
1125 876 1286 927 quam
1326 878 1426 923 ego
1467 860 1562 913 tibi
1601 862 1722 914 dedi

170 960 295 999 cum
329 954 384 999 te
416 962 598 1016 regem
618 948 877 1003 constitui
912 960 967 1004 et
999 950 1277 1005 dominum
1337 953 1504 1007 totius
1540 954 1725 1007 mumli

169 1037 262 1105 qui
294 1038 567 1103 cernitur,
595 1050 646 1094 te
673 1042 897 1097 extollat
926 1044 979 1095 in
1014 1044 1349 1111 superbiam,
1375 1054 1431 1098 et
1479 1045 1729 1113 experia-

170 1132 243 1183 ris
272 1147 397 1186 esse
430 1133 676 1201 rapinam
702 1134 1015 1189 existimare
1036 1149 1087 1190 te
1116 1153 1236 1191 esse
1265 1137 1396 1190 inihi
1447 1140 1560 1206 (qui
1608 1155 1726 1191 sum

171 1223 336 1292 Deus)
365 1228 654 1295 aiqualem,
708 1236 1124 1295 cognoscentem
1175 1229 1375 1283 bonum
1418 1239 1474 1284 et
1503 1231 1725 1283 malum.

168 1316 561 1369 Animadverte
584 1321 728 1386 quod
758 1329 882 1372 ante
911 1331 961 1373 te
1014 1321 1114 1375 l'eci
1141 1322 1431 1389 quemdam
1459 1323 1647 1383 alium,
1673 1330 1727 1374 et

176 1407 439 1461 constitui
467 1410 765 1478 principem
790 1411 1091 1478 plantarum
1121 1413 1325 1466 ratione
1352 1413 1723 1481 pra-,ilitariiin,

175 1507 229 1550 et
265 1500 884 1570 paradisiiiitelligeiitis
912 1502 1143 1569 angelici
1177 1521 1187 1555 :
1222 1504 1313 1571 qui
1342 1520 1464 1557 cuin
1499 1519 1606 1556 non
1646 1516 1725 1556 iii-

171 1589 323 1644 Iisset
342 1608 466 1644 eam
489 1594 684 1645 molem
713 1594 1019 1660 potestatis,
1053 1610 1339 1664 aggressus
1365 1604 1448 1647 est
1474 1595 1563 1648 ille
1587 1613 1724 1658 quo-

164 1696 271 1748 que
300 1682 939 1744 coinedere,ctcomedit
968 1686 1170 1754 lignum
1204 1686 1497 1739 mortifera'
1527 1688 1721 1738 volun-

168 1769 314 1831 tatis,
342 1771 538 1823 volens
561 1787 679 1825 esse
710 1773 872 1836 Deus,
924 1774 1051 1826 boni
1104 1784 1159 1826 ct
1214 1776 1337 1827 mali
1391 1792 1723 1843 cognoscens

164 1864 479 1927 scientiam,
522 1875 579 1917 ct
635 1866 821 1919 dicens
863 1885 874 1918 :
915 1868 1083 1936 Super
1122 1870 1277 1920 nubes
1312 1887 1501 1936 ponam
1553 1869 1720 1919 sedem

168 1970 361 2015 meam,
382 1966 430 2006 et
450 1973 537 2007 cro
568 1958 753 2010 similis
783 1960 1046 2011 Altissimo
1073 1961 1138 2022 “,
1164 1970 1219 2012 et
1254 1978 1590 2025 cognosci-iis
1624 1960 1722 2011 ho-

166 2061 291 2098 iium
321 2056 377 2099 ct
405 2049 605 2099 malum
640 2058 697 2100 ut
726 2049 860 2115 ipse,
898 2067 1091 2119 ncuipe
1133 2068 1423 2119 pra-sciens
1449 2056 1571 2119 quis
1622 2053 1723 2103 hoc,

166 2138 244 2189 vel
292 2138 431 2190 illud
467 2140 537 2190 sit
579 2142 844 2196 facturus.
880 2150 935 2194 et
973 2145 1152 2197 sciens
1177 2161 1238 2196 ea
1288 2161 1409 2212 quae
1445 2160 1566 2197 sunt
1628 2162 1722 2195 oc-

162 2229 307 2281 culta
331 2242 390 2283 ct
411 2232 694 2282 manili-sta
724 2235 1026 2291 hominum;
1047 2246 1099 2286 et.
1124 2245 1369 2286 mortuus
1393 2248 1468 2285 i-sl
1490 2245 1718 2288 mortem

160 2329 422 2374 aeternam
453 2332 509 2373 et
548 2337 653 2376 non
688 2325 1053 2387 desinentem,
1102 2335 1158 2377 et
1211 2328 1419 2395 cjectns
1451 2341 1535 2380 cst
1566 2338 1719 2379 extra

160 2430 311 2464 suain
344 2423 694 2481 potestatein,
720 2426 775 2468 et
802 2434 866 2469 ne
889 2418 1271 2470 auctoritatem
1293 2421 1515 2485 quidem
1555 2420 1721 2470 habet

162 2504 213 2556 in
240 2521 466 2571 porcos,
493 2516 549 2556 et
578 2523 717 2558 nunc
743 2518 827 2560 est
876 2508 1035 2559 simul
1093 2511 1264 2559 malus
1307 2520 1361 2560 et
1394 2508 1632 2570 invidus,
1665 2518 1721 2561 et

161 2603 266 2647 tua!
294 2594 488 2663 gloria:
513 2597 789 2649 iiivisurus
817 2604 923 2658 est,
948 2611 981 2648 0
1003 2596 1193 2654 Adam.
1228 2608 1284 2650 et
1310 2610 1413 2650 tute
1444 2598 1719 2664 potestati,

157 2694 211 2735 et
251 2695 363 2737 tua:
429 2684 823 2751 pulchritudini
884 2702 1003 2754 quze
1052 2700 1134 2740 est
1172 2690 1239 2740 ad
1270 2689 1561 2753 imaginem
1604 2690 1716 2741 hci.

160 2774 252 2826 Est
288 2776 358 2826 ad
389 2791 487 2826 vos
513 2786 796 2832 venturus.
828 2786 909 2829 est
938 2778 989 2829 in
1016 2794 1111 2828 vos
1143 2778 1471 2846 irrepturus,
1519 2780 1719 2832 deinde

156 2883 252 2921 vos
275 2871 639 2937 ilecepturiis,
669 2880 729 2923 ut
753 2886 849 2939 per
873 2872 1017 2924 illam
1053 2871 1191 2924 viain
1222 2889 1251 2924 ει
1280 2888 1385 2939 qua
1421 2874 1531 2939 ipse
1576 2874 1719 2925 ceci-

156 2957 256 3020 dit,
287 2976 387 3009 vos
411 2976 598 3011 errare
633 2962 793 3013 l'aeiat
822 2973 874 3013 et
916 2964 1093 3030 privet
1132 2961 1303 3028 gloria
1352 2973 1408 3016 ct
1438 2965 1642 3015 honore.
1664 2974 1720 3018 et

156 3056 431 3116 potestate
456 3066 617 3117 quani
646 3051 800 3104 vobis
824 3051 970 3113 dedi.
994 3070 1062 3105 ne
1099 3052 1328 3106 veniatis
1353 3052 1405 3104 in
1450 3054 1628 3106 locum
1653 3070 1719 3106 ex

1830 609 1926 644 uva
1959 592 2113 660 fellis,
2150 596 2325 647 botrus
2360 597 2727 650 amaritudinis
2762 598 2828 650 ".
2856 597 3120 651 Similiter
3162 614 3387 668 quoque.

1828 686 1972 740 licus
1997 688 2062 739 de
2097 688 2226 755 ipsis
2252 688 2385 742 dicit
2412 704 2510 759 per
2534 689 2724 744 Isaiam
2755 708 2767 743 :
2797 689 3110 761 Exspectari
3150 699 3206 743 ut
3229 693 3377 745 rium

1830 796 1943 832 mea
1971 779 2161 846 [areret
2190 798 2364 845 tivam,
2394 783 2510 851 fecit
2531 790 2703 834 autem
2730 784 2909 852 spinas
2935 783 3000 835 ’⁷.
3042 780 3194 835 Unde
3217 783 3379 835 etiam

1824 874 1883 949 in
1925 874 2077 926 libris
2130 874 2436 939 ltcgnoruiu
2478 875 2621 927 Deus
2664 872 2910 928 lsraelem
2945 874 3193 927 nominat
3236 873 3379 942 ligna

1828 967 1996 1027 silvze.
2027 984 2145 1036 qum
2168 984 2330 1035 supra
2363 984 2419 1021 se
2465 969 2872 1022 constituerunt
2922 984 3098 1036 regem
3152 966 3381 1036 spinife-

1831 1074 1945 1112 ruin
1975 1060 2262 1111 rliauinuin
2292 1099 2307 1121 ,
2355 1058 2459 1112 hoc
2496 1069 2602 1119 cst,
2653 1058 2931 1111 diabolum
2965 1060 3057 1126 qui
3098 1058 3382 1112 existima-

1830 1150 1902 1202 vit
1924 1167 1982 1203 se.
2006 1167 2125 1204 esse
2170 1151 2338 1203 llcinu
2367 1164 2780 1217 cognoscenicni
2812 1151 3015 1202 honuni
3048 1158 3103 1202 et
3155 1149 3378 1201 malum.

1831 1244 1999 1296 l'orro
2028 1253 2209 1295 autem
2247 1243 2405 1293 lie.qu
2438 1256 2653 1309 quoque
2676 1257 2839 1309 quam
2872 1239 3126 1293 Christus
3153 1240 3381 1293 arelecit

1829 1352 1894 1387 ne
1914 1332 2397 1400 ampliusl‘rncteni
2428 1331 2585 1390 lerat.
2614 1331 2804 1384 dicens
2822 1334 3088 1398 quispiam
3110 1346 3231 1383 esse.
3260 1329 3379 1382 ido-

1828 1424 2117 1485 lolatriani,
2149 1438 2255 1474 non
2288 1421 2625 1489 peccaverit;
2657 1422 2813 1490 cujus
2838 1420 2939 1473 fuit
2975 1436 3016 1490 1)
3032 1437 3133 1488 piis
3158 1420 3381 1489 sangui-

1828 1518 1912 1570 nis
1942 1516 2142 1568 :ihlalio
2192 1516 2436 1567 mulieris
2466 1514 2747 1581 sanguinis
2788 1515 3054 1580 prolluvio
3089 1511 3382 1563 laborantis

1829 1618 2054 1674 (nempe
2104 1605 2268 1669 l‘lva'),
2299 1606 2441 1674 quod
2495 1606 2753 1672 repressit
2794 1604 3057 1657 llouiinus
3104 1602 3384 1655 exsiccans

1826 1698 2139 1763 sanguinem
2172 1694 2585 1747 sacriﬁciorum.
2618 1694 2671 1745 Si
2694 1709 2823 1761 ergo
2852 1694 2997 1760 iuste.
3039 1692 3255 1759 lateque
3300 1690 3383 1743 ili-

1825 1790 2087 1842 discinius
2114 1787 2316 1853 lignum
2339 1784 2597 1852 appellari
2622 1783 2977 1851 impietatem,
3006 1783 3133 1851 quid
3170 1782 3386 1835 miraris

1825 1882 1867 1931 si
1891 1879 1957 1931 dc
1987 1894 2050 1928 ea
2079 1876 2219 1927 licus
2238 1874 2371 1927 dicit
2406 1874 2611 1926 homini
2648 1892 2659 1925 :
2695 1874 2774 1926 1-Ῐ.ι·
2811 1875 2953 1926 omni
2984 1873 3122 1941 (iano
3145 1876 3279 1940 quod
3310 1880 3385 1924 est

1824 1974 1876 2023 in
1927 1967 2173 2036 paradiso
2224 1965 2489 2020 comedes:
2541 1963 2643 2016 hoc
2683 1973 2809 2016 cst:
2861 1965 3061 2016 Fruere
3103 1973 3158 2016 et
3188 1964 3384 2015 satiare

1824 2060 1970 2112 omni
2004 2057 2480 2123 contemplatione,
2507 2054 2653 2106 omni
2684 2053 3015 2121 cognitione,
3043 2051 3189 2105 omni
3209 2052 3383 2105 sancti

1825 2150 2062 2218 Spiritus
2119 2147 2509 2203 illustratione,
2557 2144 2702 2196 omni
2758 2143 3021 2211 sapientia
3073 2143 3382 2194 divinarum

1824 2244 2249 2310 Seripturaruin,
2277 2239 2421 2292 omni
2459 2238 2602 2305 ligno
2642 2238 2870 2306 pulchro
2904 2238 2969 2290 ad
3009 2236 3302 2289 videndum
3331 2248 3386 2289 et

1825 2333 1965 2384 hono
1997 2330 2060 2383 ad
2113 2328 2530 2389 comedendum,
2576 2328 2951 2395 angelicoque,
2988 2335 3039 2379 el
3091 2329 3384 2393 Scriptura:

1825 2422 2163 2489 prophetico,
2197 2419 2534 2486 evangelii-ii,
2557 2427 2610 2469 et
2643 2418 2707 2469 ad
2733 2418 3034 2471 doctrinam
3075 2433 3385 2469 acconiiuo-

1821 2518 1949 2568 dato
1972 2529 2241 2565 sermone.
2275 2498 2513 2579 Ilecerpe
2536 2526 2599 2561 ex
2624 2510 2769 2562 omni
2795 2510 2942 2578 ligno
2975 2509 3235 2576 l'rugil‘ero
3262 2525 3388 2561 san-

1822 2613 1933 2665 cto,
1957 2614 2012 2658 et
2048 2603 2124 2656 sis
2161 2601 2435 2670 particeps
2474 2599 2779 2663 charitatis,
2820 2610 2875 2652 et
2926 2599 3381 2662 mansuetudinis,

1820 2705 1875 2748 ct
1913 2694 2061 2753 ﬁdei,
2099 2692 2235 2758 spei,
2265 2705 2321 2744 ει
2363 2690 2739 2743 fortitudinis;
2786 2692 3041 2757 quoniam
3078 2698 3205 2743 sunt
3237 2689 3380 2741 beati

1820 2785 1913 2852 qui
1958 2784 2055 2834 hos
2080 2782 2234 2831 eihos
2256 2781 2509 2832 esuriunt
2546 2788 2601 2831 ct
2654 2780 2869 2840 sitiunt,
2912 2781 3301 2831 convenienter
3332 2781 3381 2832 ei

1820 2873 1912 2941 qui
1946 2873 2080 2925 dicit
2108 2890 2119 2922 :
2159 2871 2296 2923 Mens
2327 2880 2399 2923 est
2428 2872 2568 2921 ribus
2608 2877 2659 2920 ut
2690 2870 2881 2938 facium
2920 2870 3239 2921 voluntatem
3273 2871 3384 2936 ejus

1821 2966 1909 3031 qui
1942 2979 2020 3015 mc
2048 2964 2185 3014 misit
2208 2962 2275 3013 "'.
2304 2960 2458 3015 Unde
2488 2976 2680 3013 rursus
2709 2959 2929 3013 dicebat
2958 2979 2967 3012 :
3016 2960 3188 3012 "alica
3218 2961 3385 3012 cibum

1823 3056 1892 3107 ad
1920 3054 2287 3107 comedendum
2325 3068 2477 3121 quem
2506 3069 2593 3105 vos
2613 3054 2816 3107 nescitis
2855 3054 2922 3105 ”.

156 3155 265 3207 quo
294 3139 389 3193 ille
406 3140 625 3194 cecidit.
656 3142 718 3195 Et
758 3155 815 3194 iit
845 3143 1011 3196 semel
1041 3144 1238 3207 dicam,
1289 3160 1449 3197 oninc
1513 3160 1720 3213 praeec-
1748 3160 1791 3218 (ζ
1892 3144 1995 3199 Sed
2021 3152 2231 3211 gustato
2260 3160 2356 3196 vos
2380 3159 2620 3213 quoque,
2650 3154 2707 3198 et
2737 3145 2931 3198 scitote
2956 3144 3101 3212 quod
3128 3143 3384 3197 Christus

154 3238 311 3299 ptum
337 3240 395 3283 ct
413 3231 497 3283 lex
519 3247 682 3299 quam
708 3231 859 3285 dedit
884 3234 1026 3287 Deus
1046 3234 1416 3303 protoplastis,
1442 3235 1577 3289 nihil
1601 3246 1723 3290 erat

156 3322 309 3375 aliud
342 3322 450 3375 nisi
482 3324 803 3390 protestatio
820 3325 1439 3395 custodiendipietatem
1461 3326 1725 3380 adversus

158 3414 363 3483 ipsum,
387 3426 447 3469 et
477 3432 545 3469 ne
567 3418 775 3485 se'ipsos
797 3417 849 3470 in
874 3418 1008 3472 deos
1034 3420 1300 3473 referrent
1327 3436 1341 3474 :
1369 3430 1426 3472 et
1446 3419 1726 3475 existima-

164 3515 287 3561 rent
312 3522 522 3560 scesse
556 3506 666 3561 Deo
717 3508 941 3573 similes,
983 3521 1374 3578 cognoscentes
1418 3512 1623 3567 bonum
1669 3522 1727 3566 et

163 3597 396 3658 malum,
421 3605 478 3650 et
506 3597 779 3651 occultum
800 3608 856 3652 et
896 3600 1262 3654 manifestum.
1308 3602 1422 3656 lloc
1453 3613 1635 3657 autem
1668 3604 1723 3657 in

160 3687 225 3741 iis
248 3703 377 3756 qua:
411 3687 672 3758 deinceps
695 3700 1105 3759 consequuntur
1137 3694 1491 3749 ostendemus
1547 3695 1725 3749 mani-

156 3778 376 3842 festius,
409 3779 572 3832 etiam
602 3796 668 3833 ex
698 3780 829 3848 ipsis
860 3782 953 3835 Dei
987 3783 1168 3836 verbis
1195 3784 1259 3837 ad
1290 3785 1579 3839 Adamum.
1614 3788 1723 3841 Ne-

157 3888 265 3942 que
290 3872 393 3925 tibi
422 3873 674 3925 videatur
698 3889 804 3926 non
837 3876 1119 3943 probabile
1140 3884 1235 3932 aut
1252 3876 1552 3932 violentum
1578 3880 1724 3948 quod

160 3962 449 4032 Scriptura
480 3964 629 4017 dicat
649 3964 854 4033 lignum
874 3965 1237 4021 idololatriam
1259 3980 1316 4023 et
1336 3969 1723 4035 defectionem,

158 4068 224 4107 ex
247 4070 359 4123 qua
387 4054 573 4106 statim
598 4055 665 4107 ab
698 4055 856 4109 initio
892 4057 1131 4126 gustavit
1153 4067 1208 4111 et
1242 4059 1504 4121 comedit,
1537 4069 1591 4114 et
1624 4076 1728 4114 nu-

160 4148 286 4202 data
320 4156 407 4201 est
452 4155 508 4199 et
536 4148 709 4216 ejecta
736 4147 829 4201 Dei
865 4163 1001 4201 uxor
1028 4150 1244 4217 (nempe
1277 4150 1561 4219 Ecclesia),
1597 4167 1727 4221 pro-

161 4246 353 4307 pterea
381 4236 528 4306 quod
567 4238 670 4291 hou
726 4239 1030 4306 proximum
1075 4248 1128 4293 et
1153 4240 1446 4294 maximum
1474 4242 1527 4295 in
1554 4243 1725 4296 Deum

161 4329 388 4383 admisit
410 4339 719 4397 peccatum,
754 4330 898 4398 quod
928 4330 1292 4400 adsculpserit
1320 4331 1461 4401 ligna
1494 4334 1729 4388 homini-

163 4419 268 4475 bus
296 4419 503 4473 similia
526 4418 768 4482 iiifidola,
794 4428 853 4472 et
880 4435 944 4473 ea
972 4419 1299 4474 adoravcrit.
1329 4421 1388 4474 In
1423 4423 1609 4475 multis
1629 4438 1728 4477 au-

1824 3245 1907 3289 cst
1933 3235 2023 3301 qui
2049 3234 2327 3301 deditipsc
2348 3236 2527 3288 omnia
2560 3236 2702 3288 bona
2728 3235 2979 3296 fruenda,
3013 3236 3202 3287 dicens
3239 3253 3250 3286 :
3287 3233 3385 3287 Co-

1827 3331 2011 3382 meditc
2041 3344 2104 3381 ex
2141 3329 2396 3381 omnibus
2420 3330 2795 3399 iutelligentiis
2818 3342 2873 3384 et
2894 3329 3082 3399 gratiis
3107 3347 3120 3389 ;
3147 3345 3210 3381 ex
3242 3329 3384 3382 man

1824 3426 2006 3473 autem
2039 3417 2186 3486 ligno
2207 3416 2416 3485 peccati
2452 3418 2664 3486 (nempe
2691 3415 3051 3487 cognoscendi
3080 3416 3283 3468 bonum
3327 3424 3384 3466 et

1827 3506 2051 3576 malum)
2078 3523 2144 3561 nc
2182 3507 2503 3567 comedatis,
2533 3524 2600 3560 ne
2627 3496 2937 3560 moriamini
2956 3515 3132 3560 morte
3165 3508 3378 3560 animm.

1826 3601 1917 3653 Sic
1947 3609 2029 3653 est
2068 3598 2355 3667 legendum
2398 3606 2454 3653 et
2508 3594 2920 3668 intelhgenduiii
2955 3598 3023 3651 de
3050 3598 3137 3651 liis
3165 3596 3384 3651 duobus

1825 3690 2007 3757 lignis.
2032 3688 2130 3753 Qui
2162 3698 2342 3742 autem
2372 3688 2519 3741 omni
2567 3688 2729 3743 modo
2777 3688 3138 3742 adversantur
3171 3688 3383 3742 theolo-

1826 3783 1960 3851 gicis
1979 3780 2363 3849 Gregoriorum
2397 3781 2646 3843 vocibus,
2669 3789 2724 3834 et
2754 3780 2871 3832 haec
2894 3796 3012 3832 esse
3045 3780 3238 3833 dicunt
3257 3796 3383 3832 sen-

1826 3875 1945 3928 silia
1967 3882 2022 3927 et
2046 3873 2325 3927 esculenta
2345 3913 2359 3937 ,
2384 3872 2609 3926 omnino
2638 3872 2952 3926 necessario
2982 3872 3199 3942 (rursus
3233 3869 3381 3939 dico)

1826 3964 2244 4021 faciuntomnes
2265 3964 2489 4028 bestias,
2537 3964 2860 4033 etreptilia,
2921 3972 2977 4017 et
3030 3978 3263 4025 muscas,
3327 3976 3385 4016 e:

1827 4074 2007 4123 canes,
2037 4067 2093 4111 et
2116 4073 2305 4111 omnes
2334 4058 2591 4111 volucres
2609 4072 2730 4111 esse
2752 4056 3047 4126 participes
3072 4057 3201 4125 ligni
3234 4056 3380 4117 vita,

1826 4158 1887 4204 ut
1923 4150 2217 4218 quaijussa:
2247 4149 2354 4202 sint
2383 4150 2435 4202 in
2471 4149 2641 4217 priori
2677 4149 2801 4201 cibo
2853 4148 3013 4202 simul
3060 4146 3207 4202 vesci
3255 4161 3380 4200 cuni

1826 4240 2045 4295 homine
2067 4256 2133 4293 ex
2151 4239 2295 4293 omni
2320 4239 2464 4309 ligno
2481 4248 2535 4293 et
2551 4238 2731 4293 fructu
2750 4239 2841 4309 qui
2864 4248 2948 4292 est
2968 4254 3132 4308 super
3153 4247 3377 4292 terram.

1828 4332 1931 4387 Sed
1954 4348 2063 4386 non
2097 4341 2198 4394 est,
2230 4347 2338 4385 non
2385 4339 2469 4385 est
2524 4331 2619 4384 ita.
2669 4329 2803 4384 Vide
2842 4331 2988 4384 enim
3018 4330 3166 4399 quod
3213 4332 3267 4384 in
3298 4330 3383 4384 his

1826 4423 2039 4477 duobus
2067 4422 2311 4491 (Adamo,
2334 4421 2577 4491 inquam,
2598 4429 2654 4476 et
2682 4420 2811 4490 Eva)
2842 4422 3027 4490 posuit
3048 4422 3384 4491 :enigmalice

165 4519 276 4565 tem
308 4517 367 4564 et
396 4508 633 4563 diversis
660 4509 794 4563 locis
814 4508 1109 4579 Scriptum
1140 4510 1404 4575 invenies,
1432 4528 1462 4566 a
1493 4514 1604 4567 Deo
1630 4514 1727 4569 de-
1755 4522 1800 4578 Ι)
1826 4514 2113 4583 quamdam
2142 4513 2250 4567 cibi
2278 4512 2644 4567 diﬂerentiam
2668 4528 2791 4567 cum
2815 4513 3230 4583 participatione
3257 4515 3382 4582 qui-

162 4602 464 4657 l’ectionein
497 4599 756 4669 appellari
808 4598 1045 4653 l'ructum
1072 4600 1225 4669 ligni.
1256 4600 1619 4666 Quamobrem
1669 4603 1723 4658 in

162 4692 429 4765 parabola
458 4707 678 4759 quoque
703 4690 936 4761 prodigi,
964 4692 1057 4761 qui
1085 4702 1169 4746 est
1192 4694 1428 4763 populus
1454 4710 1520 4749 ex
1547 4698 1724 4765 genti-

163 4786 290 4849 bus,
327 4785 426 4855 qui
464 4785 725 4854 procula
778 4784 891 4839 Deo
938 4785 1183 4849 recessit,
1231 4788 1533 4841 nominavit
1580 4789 1724 4845 Deus

161 4886 455 4945 peccatum
485 4874 730 4943 siliquas,
748 4875 842 4944 qui
867 4874 1088 4944 quidem
1113 4886 1198 4932 est
1216 4878 1375 4933 cibus
1407 4896 1723 4948 porcorum,

163 4981 366 5035 nempe
401 4963 806 5019 immundorum
838 4962 1167 5019 daemonum.
1203 4965 1373 5031 Quem
1398 4968 1616 5036 quidem
1648 4970 1725 5023 ci-

163 5056 298 5112 bum
329 5053 628 5123 aliquando
661 5053 955 5108 comedens
1000 5056 1233 5124 populus
1263 5057 1543 5126 prodigus,
1575 5058 1723 5113 desi-

163 5147 401 5203 derabat
434 5144 700 5208 saturari,
724 5146 827 5201 hoc
852 5155 955 5209 est,
986 5163 1218 5201 cessare.
1250 5149 1381 5203 Nam
1422 5154 1515 5219 qui
1556 5153 1723 5207 satia-

167 5251 279 5302 tur,
332 5238 534 5294 exinde
593 5238 805 5294 desistit
861 5240 1168 5295 comedere.
1218 5240 1284 5294 Et
1324 5259 1472 5294 nemo
1497 5243 1656 5297 dabat
1678 5247 1724 5276 "

169 5331 327 5393 mihi,
355 5330 534 5384 donec
567 5330 778 5383 veniret
823 5330 983 5385 Panis
1007 5330 1246 5385 ccelestis
1274 5332 1367 5401 qui
1390 5347 1474 5385 ine
1499 5333 1728 5389 abduxit

168 5440 199 5477 a
225 5425 377 5494 ligno
426 5422 776 5491 siliquaruni.
815 5424 986 5477 Porro
1012 5433 1194 5477 autem
1226 5424 1400 5479 Moses
1427 5442 1643 5494 quoque
1670 5427 1725 5482 in

170 5513 417 5568 secundo
432 5515 670 5578 cantico,
687 5513 996 5571 Judreorum
1016 5524 1205 5569 taxans
1219 5516 1723 5581 idololatriani,eain

174 5604 410 5673 appellat
434 5605 672 5672 plantam
712 5621 873 5660 :nam
911 5623 974 5660 ea:
1016 5608 1165 5661 uinea
1182 5607 1525 5663 Sodomorum
1575 5612 1722 5663 vinea

244 5716 287 5787 ξι
317 5717 418 5770 lsa.
454 5734 560 5777 xiv,
586 5720 671 5773 Μ.
747 5722 791 5754 ³⁸
828 5720 957 5778 Luc.
995 5740 1082 5787 xv,
1121 5724 1193 5777 16.

182 5784 218 5816 ³⁸
242 5785 261 5841 Ι
288 5787 415 5855 Cor.
448 5804 505 5851 ll,
545 5789 623 5841 l0.

1276 5728 1318 5758 επ
1366 5726 1521 5781 llcut.
1578 5743 1733 5788 xuii,
1768 5726 1852 5779 32.

1823 4609 1945 4664 deni
1996 4609 2258 4669 omnium,
2296 4608 2401 4662 hoc
2424 4618 2507 4663 est
2547 4608 2912 4678 cognitionem
2969 4608 3272 4663 caelestium
3327 4616 3383 4661 et

1826 4700 2164 4754 terrestrium
2192 4707 2249 4751 et
2274 4698 2756 4751 subterraucorum
2783 4698 2880 4751 soli
2903 4698 3112 4751 homini
3141 4697 3379 4758 dederit,

1823 4788 1915 4856 qui
1949 4796 2033 4841 est
2052 4787 2322 4842 Christus.
2350 4786 2466 4855 Ipse
2488 4794 2571 4840 est
2596 4786 2741 4840 enim
2765 4787 2857 4855 qui
2882 4787 3379 4857 cognoscitomnia,

1824 4880 1983 4931 ctiam
2008 4877 2266 4947 profunda
2310 4875 2406 4930 Dei
2436 4876 2513 4942 ³⁶;
2547 4877 2933 4931 abstinentiam
2963 4887 3144 4930 autem
3173 4893 3203 4930 a
3254 4892 3382 4945 pec-

1827 4976 1968 5029 cato,
2002 4982 2195 5035 nempe
2223 4966 2476 5032 Maligno,
2527 4966 2628 5018 soli
2661 4965 2868 5019 homini
2902 4974 2957 5019 et
2992 4966 3135 5028 Eva),
3184 4980 3382 5034 nempe

1830 5060 2102 5115 Ecclesim.
2140 5058 2209 5112 Et
2238 5058 2367 5112 hinc
2416 5056 2767 5127 perspicuum
2813 5057 2957 5127 quod
2986 5072 3095 5111 non
3123 5058 3192 5111 de
3223 5073 3383 5112 escu-

1828 5153 1977 5206 lcnto
2008 5151 2153 5220 ligno
2183 5150 2320 5203 dicit
2345 5148 2649 5218 Scriptura,
2694 5164 2815 5203 cum
2860 5148 3149 5217 prohibuit-
3174 5148 3381 5203 homini

1828 5242 2194 5311 cognitionem
2219 5241 2347 5295 boni
2367 5251 2421 5295 et
2444 5241 2569 5295 mali
2593 5258 2608 5307 ;
2640 5255 2761 5294 nam
2795 5248 2921 5293 ante
2949 5255 3075 5294 eum
3099 5254 3251 5294 esum
3285 5255 3381 5293 eo.

1827 5337 2120 5406 gnoscebat
2140 5336 2336 5390 mulier
2356 5335 2559 5388 bonum
2583 5344 2637 5389 et
2656 5335 2880 5387 malum.
2916 5332 3055 5387 Audi
3085 5332 3232 5386 enim
3258 5348 3379 5387 eam

1828 5430 1881 5482 in
1911 5428 2198 5482 collatione
2229 5442 2352 5480 cum
2382 5434 2657 5495 serpente,
2676 5425 2992 5479 all‘erentem
3022 5424 3216 5494 dogma
3248 5439 3379 5479 con-

1828 5520 2075 5582 trarium,
2107 5529 2163 5573 et
2207 5518 2255 5572 ei
2285 5518 2558 5571 dicentem
2589 5526 2645 5571 et
2699 5516 3069 5586 proferentcm
3127 5516 3375 5587 divinum

1832 5610 2165 5674 mandatum,
2185 5619 2240 5662 ct
2271 5609 2446 5663 minas
2476 5609 2664 5664 mortis
2694 5608 2984 5663 intcntatas
3012 5609 3055 5662 si
3088 5607 3381 5676 ligniessct

1936 5726 1976 5755 ³⁷
2006 5725 2105 5778 lsa.
2165 5741 2215 5790 v,
2256 5724 2300 5778 ιι,
2410 5726 2453 5755 ³⁸
2492 5724 2645 5780 Joan.
2716 5741 2786 5786 iv,
2818 5723 2903 5777 54.
3018 5724 3063 5756 ’³
3119 5722 3250 5776 ibid.
