4186 6442
782 395 878 457 99]

1935 403 1994 461 S.
2037 403 2077 458 A
2090 402 2176 459 NA
2190 398 2368 458 ΞΤλὲ
2383 398 2437 455 II
2484 398 2550 455 Sl
2563 399 2655 455 NA
2670 397 2810 456 ΠΕ

3900 399 4003 461 992

776 513 1067 580 particeps.
1103 512 1407 583 Scdneque
1433 516 1557 569 e:eci
1590 524 1746 570 erant
1771 526 1897 570 ante
1926 518 2335 585 cognitionem;
2372 521 2415 574 Α
2447 530 2643 576 porum
2690 526 2877 581 stupra
2945 526 2997 567 et
3053 515 3363 568 adulteria?
3428 514 3560 580 Quis
3606 525 3787 570 autem
3840 516 4012 569 totius

778 602 910 655 dicit
954 604 1098 657 enim
1151 623 1162 657 :
1200 607 1265 660 Et
1294 608 1415 658 cidit
1464 608 1653 659 mulier
1704 611 1840 677 quod
1883 618 2010 661 esset
2049 609 2342 676 pulchrum,

778 704 901 747 ante
932 712 1103 750 esum.
1142 698 1194 750 Si
1226 709 1405 751 autem
1433 700 1589 752 cibus
1617 710 1733 753 erat
1756 701 1972 753 seusilis
2005 711 2060 754 et
2086 700 2340 761 carnalis,

776 787 998 840 omnino
1033 791 1229 841 mortui
1257 802 1440 844 essent
1469 793 1634 844 etiam
1666 794 1975 854 carnaliter,
2009 794 2229 860 quando
2256 812 2345 841 co-

777 883 1215 934 tne-terunt.81:d
1258 900 1381 936 cum
1414 894 1591 936 meum
1627 894 1681 935 et
1722 886 2076 947 intelligentia
2118 903 2343 951 peccas-

777 981 919 1031 N-nt,
945 973 1234 1026 subierunt
1254 978 1416 1028 etiam
1447 978 1641 1029 animus
1668 993 1896 1029 mortem
1925 979 2339 1040 inteliigentem.

780 1060 875 1113 llic
899 1073 1080 1113 autem
1124 1064 1399 1117 hominem
1455 1067 1697 1119 nominat
1730 1068 1994 1120 Aalumnm
2027 1085 2039 1117 ε
2071 1067 2345 1129 quomodo

777 1154 943 1205 etiam
975 1154 1066 1205 Dei
1095 1155 1327 1208 Verbum
1354 1158 1730 1210 incarnatione
1784 1159 2136 1223 terrigenam.
2172 1159 2340 1210 Adam

777 1245 922 1295 enim
959 1246 1348 1314 interpretatur
1378 1258 1517 1300 terra
1551 1259 1605 1300 ct
1637 1250 1805 1312 ignis,
1841 1251 1981 1301 sicut
2029 1249 2137 1301 dixi
2189 1251 2339 1304 alibi.

779 1335 847 1387 Εε
885 1339 1015 1388 dixit
1050 1337 1298 1389 Dominus
1334 1338 1469 1393 Deus
1510 1358 1526 1393 :
1563 1341 1675 1393 Non
1731 1350 1803 1392 est
1848 1344 2037 1394 bonum
2084 1344 2343 1395 homiiu'm

779 1444 886 1479 esse
917 1430 1083 1480 solum
1107 1449 1123 1482 .'
1147 1432 1401 1496 [iteianms
1460 1436 1506 1485 ei
1528 1435 1837 1499 ulljutricem
1861 1436 1991 1487 sicu.’
2039 1437 2146 1502 Ipsi:
2177 1446 2249 1488 est
2278 1438 2341 1489 ³³.

780 1518 913 1571 Cum
940 1521 1044 1571 huc
1072 1523 1310 1576 venisset
1341 1526 1539 1585 Manes,
1569 1528 1866 1581 sceleratus
1891 1529 1996 1581 dux
2016 1529 2344 1582 Manicbzro-

784 1625 923 1671 rum,
958 1613 1270 1679 intelligens
1294 1617 1817 1671 littera:contextum
1842 1622 2223 1688 corporaliter,
2253 1640 2345 1672 oe-

781 1703 927 1754 cisus
961 1712 1046 1755 est
1073 1721 1100 1756 a
1146 1706 1323 1756 littera
1359 1708 1751 1761 coin'enienter
1797 1711 1942 1762 l'auli
1994 1710 2131 1770 \'m:i,
2176 1712 2343 1764 Deum

782 1792 1061 1858 appellans
1084 1796 1415 1848 ineinlacem.
1440 1798 1704 1851 Similiter
1726 1801 1888 1853 etiam
1916 1802 2342 1870 Aquilaimpius,

786 1880 931 1934 idem
961 1885 1104 1951 quod
1142 1899 1331 1951 gentes
1389 1889 1651 1949 sentiens,
1692 1890 1858 1942 Deum
1916 1895 2106 1944 volens
2160 1910 2348 1961 reprc-

786 1977 1046 2037 hcndere,
1082 1993 1179 2043 pro
1212 1994 1279 2031 co
1305 1982 1448 2047 quod
1477 1983 1660 2034 dicere
1693 1984 1985 2051 oportebat
2017 2003 2028 2036 :
2064 1984 2345 2039 Faciamus

784 2070 832 2118 ei
858 2069 1168 2135 utljutriccm
1196 2074 1475 2124 secundum
1524 2076 1714 2141 ipsum,
1747 2076 1885 2129 dixit
1919 2096 1931 2129 :
1963 2077 2237 2132 Faciamus
2303 2082 2349 2132 ci

784 2160 1108 2226 adiutorium
1140 2180 1201 2215 ex
1236 2168 1452 2216 mlvera‘o
1503 2168 1650 2234 eius;
1685 2170 1787 2222 hoc
1836 2178 1920 2223 est
1965 2172 2343 2226 adversarium

783 2262 842 2304 et
865 2252 1097 2308 hostem.
1124 2256 1263 2319 Quid
1303 2261 1479 2321 ergo?
1508 2259 1595 2312 dic
1619 2261 1774 2321 mihi,
1802 2262 2059 2327 oJud:ec,
2095 2274 2178 2317 est
2206 2265 2350 2320 Deus

787 2357 970 2407 verus,
1012 2347 1323 2400 mentiens?
1351 2348 1604 2401 Divinum
1629 2367 1691 2403 os
1715 2353 1925 2405 Domini
1956 2356 2351 2423 omnipotentis

787 2435 1046 2499 Sabaoth,
1083 2440 1136 2492 in
1164 2442 1342 2493 medio
1371 2445 1726 2497 tenebrarum
1757 2455 1812 2499 et
1835 2447 1995 2516 903
2026 2449 2275 2515 caliginis
2294 2465 2350 2504 ct

788 2526 931 2596 ignis
961 2540 1017 2581 et
1070 2534 1319 2597 procella:
1364 2544 1419 2586 et
1467 2535 1722 2587 tubarum
1768 2545 1823 2588 et
1854 2539 2194 2606 angelorum,
2234 2542 2351 2596 luce

786 2618 953 2672 verba
977 2620 1106 2673 Mosi
1136 2631 1220 2672 est
1250 2624 1519 2687 locutum,
1554 2633 1610 2677 et
1644 2626 1738 2679 Dei
1775 2627 1981 2693 digitus
2008 2631 2059 2681 in
2123 2630 2351 2685 Tabulis

789 2711 906 2765 lucc
927 2712 1163 2780 scripsit.
1177 2714 1363 2766 dicens
1389 2733 1401 2766 :
1422 2716 1536 2768 Non
1555 2719 1744 2770 bonum
1764 2729 1837 2771 est
1860 2722 2119 2774 hominem
2144 2740 2251 2773 esse
2269 2743 2352 2775 so-

792 2805 922 2867 lum,
956 2806 1207 2870 faciamus
1225 2812 1270 2861 ei
1288 2812 1601 2879 ao'jutricem
1621 2814 1934 2883 sicutipsum
1959 2832 1976 2869 :
1996 2826 2051 2870 et
2065 2826 2148 2870 est
2168 2835 2354 2874 rursus

789 2896 976 2965 lingua
1005 2898 1095 2951 Dei
1126 2910 1181 2952 et
1207 2916 1267 2953 os
1290 2912 1344 2953 et
1366 2918 1559 2956 manus
1578 2903 1708 2959 falsa
1732 2905 1962 2974 loquens
1982 2918 2039 2961 et
2061 2910 2354 2963 scribens?

864 2988 1117 3043 Facessat
1145 2992 1259 3045 haec
1289 2995 1622 3050 absurditas.
1654 2998 1895 3051 Verbum
1940 3001 2085 3053 enim
2118 3002 2212 3054 Dei
2242 3018 2355 3054 ma-

794 3087 891 3133 net
916 3096 1104 3134 verum
1162 3084 1216 3135 in
1251 3086 1531 3149 saeculum,
1569 3096 1625 3141 et
1655 3089 1708 3142 in
1742 3091 1996 3143 sacculum
2028 3092 2235 3145 surculi.
2287 3093 2354 3146 Et

794 3174 1071 3238 quomodo
1112 3191 1217 3227 non
1269 3176 1369 3228 fuit
1415 3178 1503 3231 illa
1562 3179 1759 3232 mulier
1806 3180 2043 3247 adjutrix
2099 3183 2307 3236 Adamo
2337 3201 2353 3248 ',
2383 3207 2425 3264 α

796 3261 893 3315 sed
939 3264 1121 3331 potius
1164 3266 1409 3331 inimica,
1452 3277 1617 3337 atque
1668 3271 1807 3325 adeo
1854 3271 2001 3327 fossa
2049 3274 2357 3328 etinsidia-

798 3357 1389 3422 trix,etinterfectrix,
1427 3365 1947 3431 etextcrminatrix,
1993 3377 2050 3422 et
2101 3368 2357 3424 innume-

801 3448 1054 3501 rabilium
1087 3452 1353 3505 malorum
1383 3454 1484 3522 ipsi
1522 3464 1578 3507 et
1601 3458 1697 3509 toti
1723 3459 1928 3512 mundo
1980 3461 2361 3515 consiliatrix?

716 3571 724 3581 -
800 3539 855 3593 Si
887 3551 1069 3594 autem
1121 3544 1320 3597 mulier
1369 3546 1435 3599 ad
1485 3547 1589 3602 hoc
1619 3548 1796 3617 ipsum
1854 3550 1992 3605 facta
2038 3562 2125 3606 cst
2168 3569 2198 3607 a
2249 3555 2362 3609 Deo

801 3638 863 3683 ut
888 3631 962 3684 sit
984 3631 1193 3686 homini
1222 3634 1462 3703 adiutrix
1485 3677 1500 3697 ,
1548 3646 1604 3691 et
1657 3654 1937 3708 nunquam
1967 3644 2211 3709 potuerit
2237 3659 2359 3696 mu-

737 3755 743 3766 ι
802 3722 907 3775 lier
925 3738 1044 3777 esse
1068 3725 1187 3776 viro
1209 3726 1463 3789 inimica;
1490 3728 1585 3781 sed
1611 3730 1790 3782 omnis
1810 3732 2006 3784 mulier
2028 3733 2215 3786 divino
2234 3750 2366 3803 prm-

801 3817 1006 3883 ocripto
1024 3816 1302 3870 invenitur
1319 3819 1663 3873 viruinsuum
1680 3820 1974 3876 defendere
1987 3841 2049 3877 ac
2062 3835 2367 3896 protegere:

803 3908 1247 3977 quandoquidem
1269 3921 1377 3964 stat
1398 3914 1828 3983 unumquodque
1860 3916 1913 3968 in
1933 3931 1999 3970 eo
2023 3918 2089 3971 ad
2110 3920 2257 3989 quod
2284 3921 2363 3975 fa-

804 4009 955 4053 ctum
987 4011 1071 4053 est
1107 4015 1136 4052 a
1164 4002 1276 4054 Deo
1308 4003 1419 4071 (lux
1450 4005 1595 4057 enim
1625 4006 1916 4069 illuminat,
1946 4019 2134 4063 etnon
2165 4020 2365 4078 cessat,

806 4092 962 4160 panis
983 4094 1175 4154 nutrit,
1202 4095 1279 4147 sol
1301 4096 1476 4149 currit
1492 4106 1546 4151 et
1570 4098 1728 4160 luna;
1755 4113 1879 4151 cum
1894 4098 2010 4168 ipso
2032 4102 2227 4169 planta}
2249 4120 2370 4172 ger-

808 4184 1039 4245 minant,
1060 4187 1313 4240 animalia
1327 4205 1389 4256 pa
1400 4189 1567 4249 riunt,
1588 4189 1763 4256 pisces
1780 4199 1991 4253 natant,
2011 4208 2138 4247 aves
2157 4194 2368 4259 volant,

809 4284 885 4337 et,
903 4278 1352 4340 utscmeldicam,
1374 4280 1627 4347 usquead
1652 4284 2179 4337 consunnnationcm
2200 4301 2371 4340 sacu-

812 4367 873 4432 li,
898 4384 1237 4437 unaquaeque
1263 4380 1513 4424 creatura
1545 4373 1597 4424 in
1625 4386 1692 4424 eo
1717 4378 1824 4426 stat
1848 4372 1914 4425 ad
1940 4374 2085 4441 quod
2120 4375 2260 4429 facta
2282 4384 2369 4431 est

814 4475 845 4513 a
865 4460 1009 4524 Deo;
1039 4461 1093 4514 in
1119 4477 1467 4530 unaquaque,
1524 4464 1767 4532 inquam.
1797 4475 1989 4519 natura
2048 4467 2287 4523 inanima
2314 4477 2372 4524 ct

2450 608 2633 657 nnnnli
2685 607 2892 658 diluvio
2941 608 3067 660 fecit
3122 609 3422 669 interitum,
3486 609 3587 663 nisi
3656 608 4015 676 pulchritudo

2447 698 2737 749 mulierum
2800 698 3011 751 illarum
3056 699 3290 752 ﬁliarum
3342 700 3646 760 hominum,
3716 716 3855 768 quas
3916 700 4008 752 lilii

2446 790 2575 842 Seth
2623 803 2952 857 acceperunt
3006 791 3059 844 in
3114 792 3348 843 uxores?
3387 793 3481 844 Sin
3531 802 3711 843 autem
3765 792 4009 859 adjutrix

2449 883 2651 935 Adamo
2690 885 2790 935 fuit
2825 886 3041 945 mulier,
3102 884 3376 951 quomodo
3431 901 3621 937 omnes
3667 902 3786 936 eam
3822 886 4012 951 deplo-

2448 990 2628 1026 ramus
2666 974 2809 1042 quod
2845 976 3012 1027 fuerit
3046 976 3385 1029 consiliatrix
3438 980 3629 1028 mortis
3663 988 3720 1029 et
3755 976 4016 1027 interitus

2444 1075 2497 1116 et
2538 1068 2841 1118 communis
2888 1068 3078 1119 exitii?
3110 1069 3227 1121 lia-c
3271 1068 3453 1136 potius
3492 1078 3570 1131 tu,
3604 1084 3635 1120 0
3660 1069 3867 1128 .ludzee,
3921 1067 4015 1134 qui

2446 1158 2756 1224 Scripturns
2786 1172 2955 1219 tenes,
2992 1175 3089 1211 tios
3115 1161 3298 1211 doces.
3328 1160 3441 1213 131m
3466 1160 3612 1213 cuitu
3644 1160 3865 1219 mulier,
3902 1168 4013 1216 tua.

2446 1250 2683 1316 inquam,
2735 1268 2907 1311 soror,
2957 1252 3060 1303 lilia
3110 1252 3275 1305 Jacob
3322 1252 3491 1318 patris
3544 1252 3643 1313 tui,
3695 1268 3817 1318 qua:
3863 1250 4015 1303 dice-

2447 1342 2606 1394 batur
2650 1343 2803 1403 Dina,
2841 1354 3073 1396 scorlnta
3121 1354 3206 1397 est
3257 1346 3308 1397 in
3356 1346 3611 1405 Sic-hem;
3659 1344 3859 1395 deinde
3895 1360 4007 1411 pro-

2447 1442 2564 1499 pter
2620 1434 3059 1497 fttl‘ttltdlltittt‘lll,
3124 1436 3431 1488 universam
3490 1436 3761 1487 t'i\ll;ile'lit
3832 1434 4017 1500 inique

2448 1529 2834 1578 interemerunt
2904 1526 3100 1579 fratres
3133 1529 3499 1594 cjus.justum
3551 1536 3606 1580 ct
3646 1528 3913 1592 iniustum
3944 1526 4017 1577 si-

2447 1616 2559 1667 mul
2612 1617 2928 1670 occidentes
2974 1620 3040 1671 ³³.
3080 1620 3307 1687 l‘ropter
3348 1635 3509 1687 quam
3555 1621 3746 1683 puellae
3780 1617 4017 1669 tornica-

2449 1709 2652 1759 tionem
2708 1720 2763 1761 et
2792 1710 3015 1766 caulem.
3056 1711 3122 1763 ad
3148 1712 3580 1778 quadringentos
3605 1726 3776 1762 annos
3803 1708 4013 1762 consti-

2450 1801 2552 1853 tuit
2576 1800 2719 1853 Deus
2744 1812 2822 1855 tot
2852 1801 3018 1853 miliia
3048 1802 3101 1854 in
3126 1804 3448 1855 servitutem
3481 1804 3651 1866 redigi
3684 1802 3735 1854 in
3762 1801 4013 1869 diutino.

2455 1895 2521 1946 lit
2548 1912 2794 1961 qmcnam
2829 1896 3024 1947 mulier
3055 1896 3325 1961 adjutrix‘.’
3360 1896 3699 1947 Adulterium
3743 1894 4018 1946 commisit

2456 1985 2753 2039 ltethsahce
2784 1987 2835 2039 in
2860 2003 2925 2038 eo
2952 2003 3114 2054 quem
3147 1996 3201 2039 tu
3238 1998 3387 2039 tuum
3413 1985 4015 2045 (Lhristuiuexistimas,

2457 2077 2645 2136 David,
2682 2078 2921 2145 inquam,
2966 2088 3021 2130 ct
3065 2078 3264 2131 modem
3297 2077 3628 2145 perpetravit
3662 2092 3762 2127 suo
3797 2074 4015 2143 eonjugi

2456 2166 2615 2219 llriie.
2647 2168 2876 2228 Deinde,
2901 2170 3113 2221 etiamsi
3142 2171 3241 2221 hoc
3269 2168 3499 2221 maxime
3523 2169 3890 2219 condonatum
3924 2168 4021 2219 l'uit

2457 2251 2676 2315 Davidi,
2720 2255 2773 2307 in
2813 2256 3001 2308 decem
3040 2267 3223 2310 tamen
3274 2258 3393 2322 eius
3426 2256 3686 2309 mulieres
3720 2256 4019 2307 admissum

2458 2347 2560 2399 fuit
2603 2349 2937 2401 adulterium
2985 2365 3014 2401 a
3070 2367 3171 2401 suo
3224 2352 3334 2402 lilio
3380 2350 3669 2409 Absalom;
3721 2358 3775 2400 et
3832 2347 4022 2400 statuit

2459 2440 2600 2493 Deus
2630 2456 2726 2509 per
2755 2442 2965 2495 Nullum
2995 2443 3318 2510 prophetam
3347 2444 3491 2511 quod
3520 2457 3629 2495 non
3656 2443 3877 2495 detieiet
3910 2446 4018 2503 gla—

2458 2530 2584 2583 dius
2609 2532 2661 2585 in
2709 2531 2873 2583 domo
2904 2531 3071 2584 David
3105 2532 3157 2584 in
3201 2542 3465 2584 :eti-rnnin
3512 2534 3577 2584 ³³.
3625 2532 3732 2583 lloe
3767 2540 3854 2583 est
3888 2546 4023 2599 opus

2460 2623 2807 2691 pulchrarum
2846 2624 3158 2677 mulierum.
3201 2624 3334 2688 Quis
3370 2635 3550 2677 autem
3596 2625 3738 2678 inter
3775 2624 4023 2676 homnrcs

2459 2731 2487 2767 τι
2549 2717 2659 2768 Deo
2711 2723 2857 2769 tanta
2905 2715 3008 2769 fuit
3060 2716 3297 2770 donatus
3345 2718 3609 2785 sapientia
3670 2728 3874 2785 quanta
3930 2716 4025 2767 Sa-

2458 2808 2679 2861 lomon?
2728 2809 2793 2861 Et
2843 2817 2954 2861 tota
3020 2810 3140 2878 ejus
3203 2810 3466 2877 sapientia
3520 2810 3615 2861 fuit
3674 2811 3938 2860 devorata
3994 2824 4022 2861 a

2460 2901 2801 2954 mulieribus.
2845 2901 2977 2966 Quis
3027 2903 3256 2956 all'ectus
3292 2904 3394 2955 fuit
3445 2905 3616 2964 gloria
3665 2907 3807 2955 sicut
3861 2904 4024 2955 .lndas

2462 2993 2604 3045 lilius
2640 2993 2829 3057 Jacob,
2856 2994 2992 3046 adeo
3018 3004 3077 3048 ut
3104 3010 3135 3048 ξι
3170 2995 3279 3047 Deo
3306 2998 3376 3049 sit
3400 3006 3759 3048 constitution
3792 3006 3847 3046 ut
3883 3001 4025 3046 esset

2462 3101 2555 3137 rex
2580 3085 2932 3138 Judmorum?
2990 3086 3055 3138 Et
3100 3086 3296 3139 mulier
3350 3086 3612 3149 'l'l::u:.ar,
3656 3104 3721 3139 eo
3754 3088 4022 3153 derepto,

2460 3177 2642 3229 ell'ccit
2678 3188 2736 3228 ut
2769 3186 2876 3229 tota
2916 3177 3035 3244 ejus
3068 3177 3244 3230 tribus
3278 3194 3422 3231 esset
3474 3191 3595 3231 nata
3626 3194 3689 3230 ex
3725 3178 4020 3231 adulterio.

2460 3266 2528 3319 Et
2547 3276 2945 3334 qumnamsnnt
2963 3284 3039 3321 ea:
3066 3270 3401 3335 adjutriccs‘.’
3434 3270 3612 3334 Ι.‹η‹;;;ι
3635 3272 3801 3321 luerit
3828 3270 4024 3331 oratio,

2461 3367 2517 3412 et
2545 3358 2704 3410 nobis
2746 3358 3011 3412 defecerit
3053 3370 3109 3412 et
3148 3369 3362 3426 tempus
3413 3371 3464 3413 et
3500 3364 3689 3413 charta
3734 3369 3789 3413 et
3834 3361 4026 3415 modus

2463 3450 2721 3503 narrandi
2760 3460 2894 3519 quot
2927 3452 3180 3519 etqnalia
3211 3469 3296 3521 βοή
3337 3464 3549 3522 gentem
3577 3456 3868 3506 tenuneam
3892 3455 4029 3507 tiunt

2464 3541 2519 3595 in
2556 3541 2759 3595 mundo
2799 3541 2868 3595 ab
2915 3542 3070 3595 initio
3098 3556 3154 3597 et
3195 3560 3369 3612 usque
3402 3545 3467 3597 ad
3499 3545 4025 3599 consmnmationem

2463 3633 2646 3686 seculi
2684 3633 2737 3686 in
2779 3633 3106 3702 patriarchis
3137 3645 3194 3689 et
3228 3638 3532 3703 prophetis,
3581 3646 3637 3689 et
3674 3639 3820 3691 inter
3849 3638 4029 3706 priva-

2467 3733 2551 3777 tos
2589 3735 2643 3777 et
2671 3740 2844 3791 reges,
2886 3736 2941 3779 et
2981 3725 3123 3778 inter
3155 3728 3343 3779 lideles
3393 3728 3647 3781 similiter
3676 3738 3732 3780 et
3774 3728 4030 3797 gentiles.

2464 3826 2520 3871 et
2543 3817 2863 3872 Chaldaicas
2886 3827 2941 3873 et
2962 3818 3266 3889 ASgyptias,
3298 3831 3353 3873 ct
3379 3820 3642 3885 Troianas
3672 3829 3725 3872 ct
3757 3820 4030 3880 heroicas.

2465 3915 2521 3959 et
2552 3907 2818 3959 Itomanas
2850 3917 3040 3976 gentes
3077 3918 3132 3962 et
3165 3908 3411 3961 hostiles.
3451 3908 3531 3968 .Si
3571 3918 3754 3962 autem
3794 3909 4034 3979 adjutrix

2466 4007 2552 4052 est
2590 3998 2804 4060 mulier,
2836 3998 3111 4067 quomodo
3148 3998 3283 4051 dicit
3328 3999 3609 4066 Scriptura
3672 3998 3817 4067 quod
3855 4001 4035 4051 vinum

2469 4097 2517 4140 et
2555 4089 2794 4141 mulieres
2829 4097 3074 4160 scparqul
3110 4107 3143 4142 a
3192 4090 3299 4142 Deo
3330 4092 3410 4141 3"2’
3449 4092 3619 4155 Quam
3664 4091 3819 4144 multi
3861 4091 4032 4153 enim,

2466 4180 2555 4235 dic
2587 4182 2742 4242 mihi,
2776 4182 2941 4234 Deum
2967 4191 3234 4250 negarunt
3260 4192 3482 4250 propter
3509 4182 3842 4235 mulierem?
3873 4182 4029 4237 Unde

2467 4272 2633 4325 etiam
2665 4273 2941 4333 Salomon,
2977 4272 3151 4341 utqui
3218 4272 3291 4325 sit
3344 4282 3601 4341 expertus
3663 4272 3804 4326 mala
3838 4274 4031 4327 mulie-

2469 4364 2611 4426 bria,
2653 4364 2789 4418 dixit
2833 4382 2844 4416 :
2882 4364 2966 4418 Ea:
2992 4365 3159 4417 decies
3208 4363 3351 4416 mille
3397 4364 3521 4417 viris
3577 4364 3807 4418 invenies
3865 4382 4027 4418 unum

2469 4455 2696 4522 ﬁdelem,
2745 4472 2807 4508 ex
2842 4455 3137 4507 mulieribus
3163 4466 3337 4508 autem
3377 4472 3479 4507 non
3522 4457 3751 4509 invenies
3776 4457 3844 4510 ³⁸.
3908 4457 4035 4512 Haec

817 4555 1097 4616 animata},
1124 4557 1398 4623 quomodo
1430 4573 1560 4624 ergo
1590 4558 1806 4621 mulier,
1838 4574 1958 4626 qua:
1990 4558 2127 4613 facta
2153 4568 2237 4614 est
2295 4560 2364 4615 ad
2396 4545 2441 4600 ί)
2466 4558 2646 4601 autem
2669 4547 2921 4606 dicimus,
2948 4561 3057 4599 11011
3083 4557 3405 4600 accusantes
3436 4557 3687 4601 naturam
3726 4564 3905 4617 neque

818 4647 917 4699 viri
954 4648 1237 4709 auxilium,
1295 4663 1402 4701 non
1452 4648 1589 4700 facta
1639 4656 1722 4701 cst
1769 4648 2043 4716 adiutrix?
2079 4648 2365 4715 Quomodo

817 4747 1022 4799 autem,
1050 4747 1252 4792 etcum
1290 4739 1361 4790 sit
1380 4739 1498 4790 viro
1530 4739 1874 4801 imbecillior,
1904 4750 2082 4808 potest
2110 4743 2365 4810 ejusesse

819 4830 1094 4899 adiutrix?
1121 4828 1199 4881 Ad
1228 4829 1513 4889 auxilium,
1548 4842 1736 4883 rursus
1759 4828 1905 4892 dico,
1953 4830 2055 4883 viri
2106 4833 2367 4899 carnalis,

820 4921 1062 4975 decrevit
1085 4921 1229 4975 Deus
1262 4920 1332 4974 ab
1378 4920 1533 4974 initio
1585 4936 1705 4975 esse
1736 4922 2017 4975 mulierem
2060 4924 2363 4979 secundum

822 5027 1064 5076 carnem,
1122 5027 1399 5081 nunquam
1425 5011 1606 5065 studio
1664 5011 1829 5066 fuerit
1875 5012 2089 5067 mulieri
2117 5023 2213 5068 aut
2239 5014 2369 5070 odio

825 5104 1027 5159 habere
1070 5112 1126 5159 et
1149 5104 1216 5157 ad
1266 5105 1400 5157 iram
1437 5104 1734 5168 concitare,
1771 5112 1867 5157 aut
1914 5104 2170 5159 deserere
2211 5121 2373 5163 suum

827 5196 1043 5259 virum;
1085 5211 1361 5264 nunquam
1414 5204 1705 5264 conspecta
1735 5193 1901 5249 fuerit
1941 5196 2139 5249 mulier
2182 5199 2364 5266 gravis

830 5297 925 5342 aut
952 5289 1234 5355 improba;
1266 5304 1541 5357 nunquam
1588 5288 1903 5357 apparuerit
1947 5288 2145 5343 mulier
2173 5289 2373 5344 marito

834 5397 933 5435 suo
968 5382 1237 5443 insidiari,
1267 5392 1322 5433 et
1363 5380 1564 5434 caedem
1598 5381 1717 5449 ejus
1740 5380 1953 5433 moliri!
1996 5380 2064 5433 Et
2097 5381 2375 5448 quomodo

837 5482 1024 5525 contra
1042 5472 1290 5525 videmus
1307 5472 1591 5524 nmlierem
1619 5483 1738 5523 esse
1760 5469 1876 5522 viro
1903 5484 2010 5522 non
2032 5467 2373 5538 adjutricem,

837 5561 934 5616 sui
958 5562 1135 5630 potius
1163 5560 1554 5614 tentatiouem?
1579 5558 1713 5626 Quis
1739 5559 1907 5624 enim,
1965 5574 2116 5628 rogo,
2172 5575 2373 5614 accen-

840 5653 921 5710 dit
948 5664 1005 5709 et
1028 5654 1322 5708 inﬂammat
1350 5656 1616 5708 [laminam
1642 5652 2026 5722 generationis.
2094 5653 2195 5705 nisi
2251 5668 2372 5706 cor-

910 5837 951 5871 "
991 5840 1102 5894 Gen
1175 5855 1233 5899 ii,
1269 5839 1346 5892 18.
1426 5840 1467 5870 ³⁸
1509 5836 1640 5893 Gen.
1680 5852 1856 5900 xuiv,
1886 5836 2104 5907 passim.

2185 5838 2225 5870 ”
2268 5837 2309 5893 ll
2366 5838 2497 5905 Reg.
2532 5852 2605 5899 iu,
2661 5850 2754 5897 xu.
2793 5849 2903 5887 xm.

2465 4649 2766 4693 creaturam
2790 4640 2940 4706 (sunt
2963 4640 3107 4691 enim
3133 4640 3314 4693 omnia
3336 4640 3475 4693 bona
3504 4656 3625 4708 quae
3649 4640 3788 4693 ﬁunt
3814 4656 3844 4696 a
3872 4642 4031 4711 Deo),

2465 4728 2558 4782 sed
2594 4728 2726 4782 illud
2771 4727 3033 4781 auxilium
3081 4738 3393 4796 quaerentes
3411 4729 3479 4782 de
3502 4745 3613 4797 quo
3648 4729 3784 4783 dixit
3834 4731 3981 4786 Deus
4016 4751 4029 4785 :

2465 4820 2580 4873 Non
2618 4826 2692 4872 est
2727 4820 2915 4871 bonum
2969 4820 3229 4871 hominem
3276 4835 3383 4871 esse
3428 4819 3621 4886 solum,
3673 4822 3936 4891 faciamus
3988 4824 4035 4877 ei

2466 4912 2773 4981 adjutricem
2795 4912 2927 4963 sicut
2956 4911 3144 4979 ipsum.
3175 4912 3230 4964 Si
3264 4928 3395 4981 ergo
3442 4928 3549 4966 non
3572 4922 3657 4966 est
3680 4914 3888 4969 bonum
3930 4916 4031 4970 ho-

2472 5004 2674 5059 minem
2705 5018 2825 5058 esse
2854 5005 3050 5062 solum.
3088 5004 3382 5072 quomodo,
3431 5020 3555 5059 cum
3585 5006 3658 5060 sit
3698 5007 3867 5073 Deus,
3907 5009 4035 5064 fecit

2473 5097 2694 5167 aliquod
2731 5112 2867 5166 opus
2898 5111 3007 5150 non
3038 5097 3285 5150 bonum?
3326 5096 3610 5163 Quomodo
3646 5110 3831 5153 autem
3870 5103 4033 5170 paulo

2472 5201 2596 5244 ante
2622 5203 2839 5258 quoque
2867 5187 3075 5241 dictum
3099 5197 3183 5242 est
3208 5205 3221 5240 :
3249 5188 3317 5242 Et
3339 5190 3463 5241 vidit
3492 5189 3629 5243 Deus
3657 5176 3839 5246 omnia
3892 5209 4033 5263 ᾳιιω.

2474 5298 2673 5351 cunque
2700 5282 2835 5350 fecit,
2862 5290 2910 5333 et
2930 5296 3047 5333 ecce
3067 5280 3219 5334 valde
3240 5280 3405 5335 bona?
3420 5282 3703 5346 Quomodo
3730 5299 3864 5353 ergo
3885 5286 4033 5339 solus

2483 5372 2647 5426 homo
2670 5389 2775 5425 non
2803 5372 3017 5425 bonus?
3058 5371 3340 5437 Quomodo
3381 5383 3562 5426 autem
3591 5390 3739 5427 nunc
3772 5375 3911 5429 dicit
3949 5392 4034 5430 so-

2483 5466 2592 5520 lum
2632 5481 2750 5520 esse
2778 5466 3089 5518 hominem?
3123 5465 3351 5531 Quando
3375 5466 3520 5520 enim
3564 5466 3666 5520 fuit
3712 5467 4029 5532 fabricatus,

2484 5555 2791 5609 audivimus
2818 5554 3152 5623 Scriptorem
3190 5553 3458 5609 dicentem
3490 5571 3505 5607 ε
3532 5552 3671 5607 Dm
3707 5554 3826 5621 fecit
3865 5556 4034 5607 Inomi-

2487 5666 2623 5706 uem,
2676 5648 2744 5700 ad
2777 5646 2869 5700 Dei
2917 5647 3195 5717 imaginem
3242 5646 3358 5714 fecit
3415 5647 3605 5715 ipsum,
3645 5647 3941 5701 masculum
3984 5655 4031 5699 et

2980 5832 3022 5865 ³³
3045 5830 3209 5886 Eccli.
3240 5847 3349 5894 nx,
3386 5830 3440 5886 2.
3518 5830 3559 5863 ³⁵
3594 5830 3779 5885 Eecle.
3821 5847 3916 5897 vu,
3946 5828 4032 5882 29.
