4186 6442
204 401 311 465 993

1257 398 1339 457 IN
1380 396 1917 458 HEXAEMERON.
1948 423 2012 433 -
2050 400 2193 459 LIB.
2214 400 2292 458 IX

3304 395 3407 459 994

194 536 453 604 feminam
506 531 621 597 fecit
652 546 757 593 eos,
802 540 852 582 et
880 529 1139 583 benedixit
1169 528 1433 591 ambobus,
1464 538 1519 582 et
1549 527 1753 581 consti-
1783 537 1825 593 Α
1923 530 2211 596 Quomodo
2257 540 2436 584 autem
2483 533 2532 586 ei
2585 533 2644 585 ﬁt
2695 530 2967 600 adiutrix,
3014 530 3165 585 audi.
3215 530 3407 587 Statim

197 625 301 677 tuit
331 639 430 676 eos
471 622 744 690 principes
767 619 1011 674 oumium
1038 634 1158 689 qua:
1197 628 1324 672 sunt
1350 634 1511 687 super
1538 633 1753 672 omnem

204 726 435 768 terram.

261 809 329 862 Et
362 824 558 861 rursus
575 816 765 877 postea
787 803 939 858 dedit
958 804 1040 859 eis
1060 811 1387 874 prmccptnm
1409 803 1461 857 in
1483 801 1751 872 paradiso,

193 913 247 954 ut
281 911 619 954 vescerentur
664 915 726 951 ea:
756 899 896 950 omni
927 898 1065 967 ligno
1098 913 1115 950 :
1149 896 1293 964 ligno
1321 904 1523 956 autem,
1558 894 1753 961 inquit,

194 991 561 1061 cognoscendi
606 990 806 1041 bonum
854 1000 909 1042 et
954 990 1153 1041 malum
1210 1003 1277 1041 ne
1324 987 1638 1045 vescamini.
1689 1000 1755 1038 ne

194 1082 531 1137 moriamini.
578 1081 706 1135 Post
736 1082 849 1134 lucc
885 1080 1065 1132 omnia
1106 1079 1240 1133 dicit
1266 1094 1374 1132 non
1409 1093 1529 1131 esse
1556 1078 1755 1131 bonum

197 1177 475 1228 hominem
495 1189 614 1227 esse
650 1174 824 1226 solum
854 1190 867 1223 :
902 1171 1174 1223 Faciamus
1211 1172 1255 1223 ei
1285 1170 1596 1239 adjntricem
1625 1170 1756 1221 sicut

193 1267 384 1331 ipsum.
432 1264 575 1316 Dicis
611 1262 739 1315 mihi
784 1261 964 1314 animo
997 1263 1097 1314 huc
1123 1275 1244 1314 esse
1288 1260 1665 1327 repetitionem
1699 1265 1758 1311 et

195 1359 245 1409 in
292 1372 567 1408 suunnam
618 1356 993 1408 collectionem
1040 1368 1229 1407 eorum
1264 1367 1385 1421 qua:
1428 1352 1578 1420 prius
1610 1351 1756 1403 dicta

195 1458 356 1509 sunt;
404 1459 459 1499 et
496 1447 683 1499 Adami
717 1454 773 1499 ct
800 1447 923 1499 Eva:
946 1446 1037 1513 qui
1070 1447 1179 1513 iam
1215 1443 1341 1497 facti
1373 1452 1529 1497 erant
1557 1442 1624 1495 ad
1658 1441 1752 1495 Dei

197 1542 525 1607 imaginem,
567 1540 820 1591 subtilior
869 1539 1128 1590 narratio.
1190 1537 1473 1591 Terribilis
1532 1536 1752 1603 quidem

196 1646 384 1682 sermo
419 1647 432 1681 :
484 1629 584 1680 Pro
624 1630 827 1683 Christo
861 1629 1007 1681 enim
1032 1638 1088 1681 et
1114 1629 1351 1682 Ecclesia
1388 1628 1575 1695 fungor
1619 1626 1760 1695 legu-

198 1726 336 1774 tione
390 1721 441 1752 ³⁸
484 1732 539 1775 et
583 1722 750 1790 insto.
790 1718 1089 1788 Oportebat
1134 1720 1278 1774 enim
1330 1719 1589 1772 adnotare
1635 1732 1756 1770 eum

198 1828 398 1881 magna
437 1820 496 1865 et
533 1810 801 1879 profunda
851 1811 1178 1874 attentione,
1223 1810 1368 1878 quod
1418 1825 1525 1863 non
1556 1810 1623 1863 de
1654 1824 1758 1861 una

196 1905 381 1970 aliqua
427 1916 657 1971 persona
701 1901 834 1955 dicit
866 1901 1010 1953 Deus
1042 1917 1055 1951 :
1086 1899 1198 1952 Non
1229 1900 1416 1951 bonum
1450 1915 1558 1952 esse
1585 1898 1756 1949 homi-

197 2011 313 2047 nem
358 2008 471 2046 esse
518 1993 727 2055 solum;
769 1992 864 2046 sed
905 1990 1143 2044 nnicndo
1171 1998 1227 2043 et
1250 1988 1759 2058 comprehendendo

196 2085 261 2138 de
290 2086 557 2138 universa
605 2091 797 2136 natura
824 2082 1126 2135 hominum.
1163 2079 1279 2133 Non
1318 2081 1462 2134 enim
1492 2078 1629 2132 dixit
1658 2079 1757 2147 by-

195 2175 532 2245 postaticum
587 2180 682 2225 aut
726 2172 1013 2241 personale
1066 2173 1337 2241 singulare
1386 2186 1605 2231 nomen,
1659 2171 1752 2225 sed

198 2278 373 2321 totum
411 2280 583 2335 genus
620 2265 917 2318 humanum
950 2263 1236 2333 signiﬁcat,
1271 2263 1460 2317 dicens
1491 2281 1504 2315 :
1539 2262 1653 2315 Non
1680 2270 1756 2314 est

196 2359 391 2409 bonum
425 2356 708 2416 hominem,
733 2368 842 2406 esse
878 2353 1075 2415 solum,
1104 2353 1358 2421 faciamus
1383 2353 1429 2404 ei
1461 2352 1758 2421 adjutorem

196 2452 327 2502 sicut
355 2449 536 2524 ipsum
557 2462 575 2499 :
600 2447 703 2499 hoc
727 2455 831 2507 est,
860 2454 1033 2499 totum
1071 2442 1297 2505 homini,
1341 2452 1510 2497 totum
1542 2441 1753 2511 generi,

200 2550 380 2595 totum
407 2548 621 2592 natura:
648 2539 915 2591 humanm.
940 2536 1106 2604 quue
1128 2544 1211 2589 est
1236 2536 1361 2588 hinc
1388 2535 1753 2603 perspicuum.

196 2630 431 2697 Quando
466 2629 613 2683 enim
648 2628 866 2681 volebat
904 2625 1082 2679 facere
1132 2625 1420 2688 diluvium,
1468 2624 1756 2677 audiamus

198 2723 543 2792 Seripturam
589 2720 860 2774 dicentem
908 2737 920 2771 :
972 2720 1038 2772 Et
1090 2720 1326 2787 paenituit
1375 2715 1541 2768 Deum
1583 2716 1758 2784 fecisse

194 2815 466 2868 hominem
489 2854 503 2877 ,
550 2813 655 2866 hoc
690 2824 793 2873 est,
830 2820 1001 2865 totum
1048 2824 1238 2880 genus.
1282 2809 1349 2862 Et
1389 2823 1617 2861 rursus:
1656 2806 1757 2859 De-

196 2901 308 2956 lebo
348 2903 615 2955 hominem
648 2918 799 2970 quem
840 2902 954 2969 feci.
1002 2900 1069 2953 Et
1109 2914 1339 2952 rursus:
1383 2896 1645 2951 Inclinato
1681 2905 1759 2950 est

198 2992 428 3044 hominis
469 2990 715 3060 cogitatio
760 2989 829 3042 ad
863 2988 1028 3041 mala.
1058 2986 1341 3052 Quomodo
1380 3002 1514 3056 ergo
1554 2986 1757 3039 eaedem

196 3098 365 3137 voces
411 3088 542 3135 sunt
569 3080 637 3134 de
677 3088 790 3133 toto
821 3095 1019 3148 genere
1047 3079 1306 3141 humano,
1345 3078 1422 3131 ita
1470 3077 1634 3131 etiam
1667 3078 1759 3131 illa

197 3189 318 3242 quae
337 3173 478 3226 dicit
497 3190 509 3224 :
528 3171 645 3225 Non
669 3172 859 3223 bonum
887 3179 961 3223 est
990 3171 1248 3223 hominem
1269 3184 1375 3222 esse
1394 3169 1591 3233 solum,
1613 3169 1757 3223 dicta

194 3275 279 3319 est
313 3266 372 3318 in
392 3263 712 3318 universum
738 3263 1012 3316 hominem
1033 3260 1335 3315 :Faciamus
1371 3263 1417 3315 ei
1451 3262 1761 3329 adjutrieem

194 3361 328 3412 sicut
360 3357 556 3425 ipsum.
596 3358 805 3408 Rursus
845 3355 1109 3408 adhortor
1154 3353 1402 3408 Judmum
1431 3362 1489 3406 et
1512 3353 1759 3407 Grecam

199 3464 295 3502 seu
342 3448 608 3516 gentilem
652 3454 713 3499 ut
756 3455 964 3514 quzerat
1007 3455 1064 3499 et
1110 3445 1388 3514 possideat
1422 3446 1569 3498 illam
1602 3445 1759 3514 adju-

197 3541 397 3593 tricem
444 3552 609 3607 quam
658 3538 804 3591 Deus
850 3537 982 3593 fecit
1018 3538 1086 3590 ad
1129 3536 1406 3590 ferendam
1458 3552 1616 3606 opem
1662 3536 1760 3590 toti

199 3630 395 3700 generi
419 3630 703 3683 hominum
727 3647 738 3681 :
759 3629 1081 3697 adiutricem
1104 3644 1212 3681 non
1237 3629 1417 3683 carnis
1436 3637 1492 3682 et
1510 3630 1760 3696 volupta-

201 3722 291 3785 tis,
328 3735 444 3775 non
492 3721 717 3774 seminis
747 3729 802 3773 et
835 3720 1145 3789 sanguinis;
1184 3719 1501 3789 adiutricem
1542 3728 1599 3772 et
1624 3734 1758 3773 con-

195 3813 409 3883 iugem,
452 3819 511 3867 et
568 3826 690 3880 quae
738 3826 1080 3880 nequaquam
1132 3811 1237 3865 fuit
1282 3811 1607 3874 insidiatrix,
1664 3810 1760 3865 sed

200 3902 487 3967 salutaris,
537 3901 633 3957 sed
682 3902 1075 3965 conservatrix,
1136 3901 1233 3955 sed
1281 3902 1615 3966 illuminans,
1663 3901 1758 3955 sed

199 3993 493 4056 benevola,
517 4001 736 4062 peccata
766 4008 1020 4061 purgans,
1046 4008 1153 4046 non
1194 3992 1420 4055 faciens,
1448 3993 1501 4046 in
1537 4008 1762 4063 regnum

200 4083 297 4138 Dei
330 4082 713 4143 introducens,
763 4097 869 4134 non
895 4098 961 4135 ex
1005 4096 1071 4135 eo
1107 4082 1404 4150 expellens,
1440 4083 1760 4151 adiutricem

200 4188 328 4242 qua
373 4171 521 4241 parit
568 4171 709 4226 ﬁlios
746 4173 873 4225 vita:
922 4179 979 4225 et
1039 4170 1284 4225 hazredes
1331 4172 1457 4226 vitae
1502 4182 1757 4238 atteram;

200 4263 530 4333 adiutricem
562 4276 684 4330 qua:
715 4276 939 4330 magnos
975 4260 1139 4315 efﬁcit
1186 4264 1481 4328 apostolos,
1527 4273 1585 4317 et
1628 4262 1760 4317 facit

200 4355 530 4426 publicanos
570 4354 931 4422 evangelistas
962 4353 1259 4422 theologos,
1306 4354 1597 4424 redditque
1644 4370 1761 4409 me-

202 4448 436 4502 retrices
478 4444 784 4514 virginibus
827 4444 1200 4509 honestiores;
1251 4445 1576 4516 adiutricem
1640 4462 1761 4516 qua:

1852 626 1999 679 enim
2042 625 2341 692 subiunxit,
2374 624 2558 677 dicens
2588 644 2597 677 :
2633 624 2700 677 Et
2760 622 2915 689 ﬁnxit
2948 626 3116 677 adhuc
3148 639 3211 676 ea:
3262 633 3407 677 terra

1854 717 2104 769 Dominus
2136 716 2271 768 Deus
2304 730 2481 767 onmes
2514 716 2699 769 bestius
2727 716 2864 785 agri,
2894 722 2942 765 et
2968 731 3143 767 omnes
3173 714 3408 768 volucres

1852 806 1966 861 (αειί
1982 823 2001 869 ;
2024 816 2068 858 et
2103 824 2189 860 eos
2219 808 2435 860 adduxit
2461 808 2529 860 ad
2552 808 2829 869 Admnmn,
2858 816 2914 860 ut
2942 808 3133 859 videret
3159 809 3409 875 quidnam

1853 907 2057 951 vocaret
2089 916 2170 952 ea.
2215 898 2281 951 Et
2329 916 2479 951 omne
2506 898 2643 967 quod
2688 901 2883 951 vocavit
2927 900 3038 967 ipse
3070 898 3236 951 Adam
3286 900 3408 953 arti-

1856 1007 1996 1044 mant
2048 994 2317 1053 viventem,
2370 995 2461 1044 hoc
2508 1000 2581 1043 est
2627 1006 2813 1042 nomen
2860 1007 3063 1051 canini,
3120 999 3169 1042 et
3211 993 3410 1044 vocavit

1855 1082 2021 1136 Adam
2053 1083 2263 1135 nontina
2294 1083 2527 1134 omnibus
2538 1084 2812 1149 jumentis,
2849 1090 2895 1133 et
2925 1084 3158 1134 omnibus
3186 1082 3410 1138 volucri-

1857 1173 1946 1224 bns
1980 1174 2111 1233 cmli.
2135 1183 2181 1226 et
2210 1173 2445 1225 omnibus
2483 1174 2653 1226 bestiis
2688 1175 2822 1243 agri.
2852 1174 2967 1227 Non
2990 1177 3203 1244 exigua,
3235 1190 3413 1244 neque

1856 1263 1990 1316 levis
2030 1274 2113 1317 est
2156 1264 2209 1316 in
2262 1264 2328 1316 iis
2374 1280 2494 1331 quae
2544 1274 2669 1316 sunt
2727 1264 3007 1333 proposita
3049 1266 3412 1321 contradictio

1857 1353 1997 1421 apud
2063 1354 2410 1421 interpretes.
2462 1354 2594 1406 Nam
2639 1354 2729 1406 alii
2786 1356 3007 1422 quidem
3055 1356 3243 1409 eadem
3295 1370 3413 1411 esse

1857 1444 2047 1496 dicunt
2092 1444 2206 1496 lucc
2249 1454 2304 1498 et
2354 1444 2524 1513 prima
2571 1444 2886 1507 animantia,
2912 1456 2968 1499 et
3000 1446 3205 1499 bestias
3234 1454 3289 1498 et
3320 1463 3413 1500 vo-

1859 1537 2056 1590 lucres.
2093 1536 2195 1590 Alii
2224 1547 2432 1601 autem,
2473 1539 2862 1592 convenienter
2910 1541 2957 1592 ei
3009 1541 3100 1608 qui
3142 1540 3278 1593 dicit
3309 1557 3323 1592 :
3360 1538 3414 1595 St

1858 1645 1960 1697 qua
1998 1631 2051 1681 in
2093 1628 2294 1681 Christo
2340 1647 2469 1683 nova
2512 1640 2755 1683 creatura
2799 1632 2864 1693 ³⁷,
2912 1631 3102 1684 dicunt
3151 1648 3249 1699 per
3298 1632 3415 1686 base

1859 1721 2076 1789 praulici
2104 1721 2340 1775 secunda
2366 1732 2422 1773 et
2446 1722 2569 1780 alia.
2599 1736 2791 1788 nempe
2812 1720 3060 1773 diversas
3084 1731 3270 1788 gentes
3291 1736 3415 1789 quae

1862 1814 1915 1862 in
1945 1810 2183 1863 Ecclesia
2226 1819 2560 1877 congregatze
2590 1817 2718 1861 sunt
2751 1809 2815 1862 ad
2858 1810 3050 1862 Deum.
3084 1808 3141 1861 lu
3180 1810 3280 1862 hac
3312 1823 3415 1864 au-

1866 1912 1972 1956 tem
2004 1900 2274 1955 sententia
2303 1909 2388 1952 est
2423 1899 2588 1953 etiam
2624 1899 2713 1952 ille
2744 1901 2797 1952 in
2832 1900 3103 1968 theologia
3126 1898 3418 1954 celeberri-

1863 2007 1983 2045 mus
2010 1990 2336 2043 Eustachius
2359 1990 2712 2043 concionator
2741 1998 2797 2042 et
2825 1999 3049 2060 martyr,
3085 1998 3141 2043 et
3169 2004 3419 2046 summus

1861 2082 2049 2135 doctor
2081 2078 2268 2148 synodi
2298 2079 2545 2142 Nicamm,
2580 2079 2667 2132 cui
2699 2094 2865 2147 pareo
2895 2089 2949 2133 et
2991 2095 3150 2147 quem
3185 2095 3421 2149 sequor,

1862 2180 1922 2226 ut
1951 2187 1981 2225 a
2013 2172 2125 2224 Deo
2155 2172 2389 2224 alllatum
2423 2183 2747 2225 curatorem.
2797 2172 2979 2225 Multis
3007 2172 3153 2225 enim
3201 2173 3379 2228 modis
3400 2212 3418 2238 ,

1862 2266 1941 2319 ait
1973 2265 2063 2318 ille
2103 2263 2283 2325 Pater,
2320 2263 2558 2317 discerni
2609 2272 2786 2331 potest
2817 2264 3013 2317 borum
3058 2264 3421 2320 animantium

1860 2364 1919 2411 et
1952 2357 2233 2411 volucrum
2267 2356 2577 2410 differentia
2613 2364 2668 2409 et
2715 2355 3123 2410 dissimilitudo.
3171 2356 3419 2411 Primum

1861 2462 1959 2517 per
1990 2448 2112 2511 hoc,
2139 2447 2282 2515 quod
2317 2446 2454 2500 dixit
2490 2465 2503 2499 :
2534 2447 2602 2500 Et
2623 2446 2777 2513 ﬁnxit
2806 2447 3055 2500 Dominus
3084 2447 3218 2501 Deus
3248 2448 3420 2502 adhuc

1861 2555 1923 2593 ea:
1947 2547 2107 2593 terra.
2132 2540 2247 2592 Non
2265 2540 2411 2591 enim
2435 2539 2739 2592 invenimus
2762 2540 2855 2592 Dei
2878 2541 3079 2608 plasma
3102 2540 3165 2593 ad
3192 2540 3420 2608 ﬁgmen-

1863 2638 1977 2683 tum
2009 2628 2114 2681 uisi
2146 2627 2442 2680 hominem.
2479 2626 2687 2681 Rursus
2710 2643 2806 2694 per
2839 2627 2942 2681 hoc
2971 2627 3117 2696 quod
3138 2627 3301 2698 905
3334 2628 3422 2684 di-

1860 2721 1975 2774 cit:
2003 2719 2203 2782 Adhuc,
2236 2717 2474 2772 ostendit
2509 2717 2811 2786 Scriptura,
2864 2720 3108 2787 quaedam
3165 2721 3253 2775 hic
3314 2721 3422 2778 alia

1862 2810 2077 2880 praedici
2125 2810 2417 2864 animantia
2457 2819 2511 2864 et
2537 2811 2786 2864 volucres
2833 2821 3030 2879 praeter
3059 2812 3262 2880 priora.
3302 2813 3422 2870 Non

1861 2902 2006 2957 enim
2050 2902 2310 2969 scriptum
2363 2911 2446 2955 est
2494 2901 2695 2968 primas
2736 2902 2985 2955 volucres
3033 2903 3244 2970 genius
3295 2918 3420 2959 esse

1862 3010 1927 3049 ex
1975 3004 2140 3057 terra,
2194 2994 2288 3047 sed
2335 3009 2400 3045 ex
2453 2994 2626 3061 aquis.
2685 2993 2775 3046 llse
2803 3003 2985 3047 autem
3032 2994 3228 3063 genita
3290 3005 3431 3053 sunt

1862 3099 1927 3139 ex
1975 3092 2139 3144 terra,
2166 3083 2275 3135 imo
2299 3097 2425 3135 vero
2450 3098 2607 3135 manu
2637 3082 2851 3149 propria
2887 3081 3025 3136 ﬁcta:
3048 3091 3177 3135 sunt
3210 3099 3239 3136 a
3274 3084 3423 3151 Deo,

1862 3182 1920 3228 et
1956 3188 2065 3226 non
2104 3173 2280 3242 jussu.
2317 3172 2578 3226 Similiter
2607 3180 2663 3224 et
2696 3187 2794 3239 per
2827 3173 2930 3225 hoc
2949 3174 3094 3241 quod
3129 3173 3266 3227 dicit
3307 3189 3426 3228 om-

1865 3279 1964 3318 nes
1988 3265 2259 3326 volucres,
2304 3272 2361 3315 et
2387 3278 2575 3317 munes
2619 3262 2824 3316 bestias
2870 3279 3018 3318 nunc
3060 3280 3089 3318 a
3138 3266 3252 3318 Deo
3300 3280 3426 3323 esse

1866 3355 2037 3419 fictas,
2084 3369 2192 3407 non
2248 3354 2340 3407 dat
2372 3354 2549 3405 locum
2578 3352 2794 3406 dicendi
2824 3354 2970 3422 quod
3015 3355 3169 3424 prius
3197 3355 3421 3423 quidem

1865 3445 2019 3499 facta:
2043 3453 2189 3507 sunt,
2226 3458 2373 3497 nunc
2399 3454 2579 3497 autem
2618 3459 2762 3512 pars.
2792 3445 2945 3499 Unde
2978 3461 3079 3499 nec
3125 3447 3179 3499 in
3218 3446 3306 3501 bis
3341 3446 3425 3502 eis

1864 3535 2159 3605 quidquam
2191 3535 2437 3604 praecipit
2454 3535 2596 3589 Deus
2616 3535 2684 3588 de
2709 3551 2805 3588 esu
2829 3537 3119 3589 seminum.
3142 3537 3275 3591 Nam
3300 3552 3424 3607 qua

1866 3627 2250 3698 ingrediuntur
2309 3626 2619 3695 paradisum
2664 3626 2888 3681 herbam
2948 3643 3056 3681 non
3102 3630 3422 3694 comedunt,

1865 3718 1961 3772 sed
2001 3731 2163 3770 omne
2208 3716 2410 3784 lignum
2441 3716 2728 3783 pulchrum
2757 3715 2824 3769 ad
2871 3715 3188 3780 videndum,
3230 3726 3289 3771 et
3322 3717 3426 3772 bo-

1866 3823 1996 3861 num
2033 3806 2100 3860 ad
2142 3806 2535 3861 comedendum
2570 3824 2581 3859 :
2626 3815 2683 3860 et
2718 3807 2951 3860 maxime
2979 3823 3047 3861 ex
3085 3808 3232 3877 ligno
3275 3811 3422 3875 vita,

1865 3916 2061 3969 nempe
2084 3899 2425 3968 Christo,qui
2457 3899 2571 3953 haec
2593 3914 2810 3967 quoque
2841 3898 3078 3953 viviﬁcat
3102 3900 3420 3957 animantia.

1865 3993 2044 4057 Quare
2094 3991 2200 4044 dici
2271 4001 2447 4059 potest
2495 3991 2640 4058 quod
2691 3990 2773 4043 Ine
2828 3990 3014 4043 bestia:
3053 4001 3182 4046 sunt
3232 4002 3425 4061 gentes

1864 4082 2268 4142 ecclesiastica.
2324 4097 2444 4149 qua:
2498 4082 2551 4135 in
2612 4081 2854 4135 Ecclesia
2906 4097 2934 4135 a
2976 4082 3087 4136 Deo
3134 4092 3261 4138 sunt
3293 4098 3424 4139 con-

1866 4183 2128 4243 gregatae;
2155 4174 2240 4226 vel
2267 4173 2410 4240 quod
2436 4186 2701 4240 equorum
2735 4179 2790 4225 et
2810 4186 2969 4225 suum
3003 4178 3058 4226 et
3088 4173 3420 4227 camelorum

1865 4274 1923 4318 et
1967 4265 2148 4317 ovium
2205 4263 2478 4317 stabulum
2534 4262 2697 4316 hodie
2745 4271 2831 4317 est
2881 4261 3183 4331 paradisus.
3231 4263 3420 4333 Neque

1866 4355 2211 4409 contenderis
2240 4373 2252 4405 :
2279 4368 2402 4407 nam
2426 4363 2487 4407 ut
2506 4353 2736 4407 maxime
2754 4351 3071 4415 contendas,
3100 4368 3208 4405 non
3231 4361 3419 4407 osten-

1867 4446 2013 4501 deris
2056 4444 2200 4514 quod
2243 4459 2306 4497 ea
2349 4445 2599 4497 animalia
2647 4456 2862 4511 egressa
2904 4450 3031 4495 sunt
3069 4456 3099 4495 e
3133 4442 3415 4510 paradiso,

201 4537 449 4592 viviﬁcat
494 4544 759 4598 mortuos,
788 4544 846 4589 et
888 4537 1077 4590 orbem
1105 4547 1264 4590 terra:
1291 4538 1492 4591 excitat
1515 4553 1583 4591 ex
1615 4553 1761 4591 mor-
1792 4557 1835 4610 ι)
1865 4551 1933 4590 ex
1972 4551 2080 4604 quo
2121 4535 2210 4589 die
2234 4550 2297 4588 ea
2340 4533 2642 4589 introduxit
2666 4540 2720 4585 et
2742 4533 3090 4600 congregavit
3130 4532 3412 4586 Dominus.

203 4628 507 4683 tiﬁeatione
540 4626 892 4691 idololatrias;
939 4627 1260 4696 adiutricem
1293 4628 1572 4691 invictam,
1602 4629 1760 4699 adju-

204 4719 403 4773 tricem
446 4717 950 4786 inexpugnabilem,
1000 4716 1323 4786 adiutricem
1371 4720 1630 4773 certando
1674 4720 1759 4772 in-

205 4807 579 4878 superabilem
619 4814 678 4860 et
731 4806 1035 4860 infractam.
1086 4806 1278 4860 Omnia
1342 4824 1525 4877 regna,
1572 4824 1763 4863 omnes

208 4898 527 4969 progenies,
560 4912 751 4951 omnes
773 4897 969 4960 tribus,
999 4906 1052 4951 et
1081 4912 1270 4951 oumes
1298 4899 1493 4967 lingua:
1519 4899 1759 4967 gentium

206 4992 278 5047 ab
322 5006 390 5046 ea
418 4998 553 5044 sunt
596 4999 844 5043 servatae.
871 4989 989 5057 Ipsa
1007 4991 1249 5058 iacentes
1282 4991 1472 5052 erexit.
1517 4990 1629 5058 ipsa
1660 5006 1757 5043 eu-

207 5083 351 5138 ravit
398 5083 669 5145 inﬁrmos,
710 5082 823 5150 ipsa
865 5081 1134 5134 recreavit
1170 5090 1494 5134 creaturam.
1526 5081 1593 5133 Et
1637 5080 1759 5134 ideo

204 5174 273 5228 de
316 5174 439 5243 ipsa
471 5172 609 5225 dixit
649 5172 909 5225 Dominus
931 5174 1093 5235 Deus,
1124 5171 1191 5225 dc
1217 5172 1475 5233 Ecclesia,
1507 5172 1754 5240 inquam:

204 5263 323 5317 Non
357 5273 437 5316 est
464 5263 655 5315 bonum
696 5264 955 5316 hominem
993 5279 1100 5316 esse
1138 5263 1326 5318 solum.
1376 5264 1442 5317 Et
1470 5272 1757 5332 propterea

204 5356 258 5409 ci
304 5354 498 5408 unitus
544 5361 630 5407 est
681 5352 824 5407 Deus
869 5354 1127 5416 Verbum,
1174 5364 1372 5408 utnon
1421 5354 1492 5407 sit
1523 5354 1756 5422 amplius

209 5444 375 5496 homo
406 5443 577 5507 solus,
607 5443 702 5497 sed
726 5458 849 5498 cum
892 5444 1003 5498 Deo
1027 5455 1190 5507 totus,
1220 5459 1328 5498 non
1358 5446 1531 5498 solum
1566 5443 1621 5497 in
1651 5461 1757 5500 una

208 5533 435 5601 quidem
467 5533 762 5604 hypostasi,
801 5532 894 5587 sed
937 5533 1099 5588 etiam
1130 5533 1347 5602 quando
1376 5534 1425 5588 ei
1459 5549 1555 5603 per
1580 5534 1756 5588 virtu-

209 5632 325 5680 tem
348 5625 561 5680 unitur.
609 5625 893 5681 Faciamus
919 5626 971 5680 ei
1009 5626 1327 5697 adiutricem
1383 5627 1526 5682 sicut
1559 5628 1757 5697 ipsum.

278 5779 388 5835 ⁸⁸11
416 5780 543 5835 Cor.
578 5796 631 5840 ν,
656 5781 758 5839 ἳο;
791 5781 985 5851 Ephes.
1028 5798 1096 5839 vt.
1130 5782 1215 5834 ΞΟ,
1295 5780 1334 5811 ’ν
1375 5782 1413 5835 ΙΙ
1456 5781 1581 5834 Cur.
1609 5799 1661 5845 v,
1711 5782 1794 5835 Π.

1861 4626 1929 4680 Ει
1956 4627 1999 4679 si
2033 4627 2260 4679 haberes
2284 4626 2491 4687 oculos,
2521 4632 2703 4676 etnon
2730 4621 3043 4690 impositum
3065 4631 3208 4676 esset
3236 4622 3417 4676 velum

1860 4718 2174 4787 ignorantia:
2215 4731 2378 4785 super
2425 4716 2636 4777 faciem,
2687 4713 2924 4775 videres,
2959 4712 3007 4765 si
3053 4712 3242 4774 velles,
3286 4727 3419 4766 cou-

1860 4820 2104 4879 gregatas
2133 4808 2228 4861 has
2254 4806 2456 4861 bestias
2482 4807 2591 4875 agri
2618 4805 2949 4857 unanimiter
2972 4803 3038 4857 ad
3076 4804 3417 4873 spiritualem

1861 4899 2126 4953 Adamum
2182 4912 2211 4950 a
2240 4897 2351 4950 Deo
2404 4912 2521 4950 esse
2560 4895 2916 4959 introductus,
2948 4910 3068 4963 qua:
3122 4894 3251 4947 olim
3294 4895 3417 4962 qui-

1860 4990 1982 5043 dem
2010 4988 2110 5041 fuit
2132 4988 2319 5049 leaena,
2353 4986 2675 5048 Chalda-am,
2706 5003 2825 5055 qua:
2852 4987 2981 5039 olim
3017 5000 3147 5038 vero
3174 4985 3371 5053 pardus
3394 5024 3412 5050 ,

1859 5079 2242 5134 Macedoniam.
2273 5078 2377 5132 llas
2404 5079 2547 5131 enim
2573 5078 2667 5131 tibi
2692 5077 2890 5132 bestias
2916 5077 3203 5145 appellavit
3248 5078 3411 5131 etiam

1860 5171 2047 5226 Daniel
2087 5170 2150 5223 ³⁸.
2202 5170 2315 5231 Nec
2350 5170 2447 5223 bas
2471 5170 2670 5234 solum,
2724 5170 2815 5222 sed
2868 5170 3034 5221 etiam
3092 5168 3412 5232 elephantes

1861 5262 2163 5329 Aitbiopcs,
2195 5270 2251 5315 et
2283 5262 2547 5315 dracones
2576 5262 2889 5327 Thebaidis,
2916 5270 2970 5313 et
2998 5259 3214 5329 aspides
3244 5259 3403 5330 Aigy-

1861 5355 1959 5423 pti,
2008 5362 2065 5406 et
2105 5355 2289 5407 leones
2318 5352 2625 5422 Babylonis,
2650 5362 2704 5405 et
2733 5352 2889 5419 lupos
2912 5351 3143 5416 Arabize,
3182 5361 3239 5404 et
3264 5360 3411 5404 stru-

1864 5444 2212 5498 tbiocamelos
2234 5453 2288 5497 et
2309 5458 2539 5512 onagros
2576 5445 2860 5512 Cyrenaros
2892 5459 2905 5495 :
2944 5443 3025 5496 ha:
3054 5456 3241 5495 omnes
3283 5448 3412 5495 sunt

1864 5549 2005 5587 unus
2026 5549 2155 5600 grex
2184 5533 2477 5586 bestiarum
2498 5548 2617 5601 qua:
2646 5531 2869 5585 aluntur
2917 5530 2971 5584 in
3019 5530 3131 5599 ipsa
3167 5527 3410 5582 Ecclesia

1861 5625 2146 5696 adiutrice.
2169 5626 2243 5679 De
2272 5633 2469 5678 caetero
2500 5624 2703 5694 aspice,
2734 5622 2940 5689 lodice,
2972 5621 3264 5687 etvide,et
3290 5618 3405 5674 noli

1871 5782 1913 5812 ⁸⁸
1957 5781 2085 5834 Dan.
2128 5796 2218 5837 vn.
2255 5780 2472 5844 passim.
