4186 6442
830 372 935 439 995

2016 376 2073 433 S.
2118 368 2504 432 ANASTJXSII
2547 370 2608 428 Si
2624 371 2661 427 Χ
2676 374 2712 426 Α
2727 371 2741 427 l
2756 373 2862 427 ΤΑ.

3929 384 4016 441 εὶῦῧ

829 495 1096 558 perpetuo
1139 488 1409 541 emunire.
1463 486 1718 555 Ingresso!
1741 485 1915 536 bestia‘
1945 484 2037 535 sub
2074 492 2264 533 tectum
2309 479 2373 540 ”,
2405 488 2449 537 Α
2477 476 2599 528 dem
2626 476 2885 543 scriptum
2916 486 2995 527 est
3026 496 3035 526 :
3072 477 3344 530 [manuus
3371 484 3624 534 hominem
3652 488 3719 536 ml
3747 489 4013 558 imaginem

830 589 888 634 ut
916 580 1049 633 dicit
1084 580 1184 634 Joh
1220 596 1230 630 :
1278 579 1531 649 lugressa'
1566 587 1707 641 sunt,
1753 588 1798 629 et
1836 594 1931 628 non
1982 585 2104 627 sum
2139 588 2367 643 egressa’.

825 672 1077 739 Agrestes
1124 669 1270 722 enim
1297 669 1428 722 ferae
1464 683 1652 737 pacem
1692 675 1944 737 egerunt,
1976 665 2086 718 Deo
2118 664 2332 717 dicente
2361 681 2369 710 :

825 760 1133 813 Benedicent
1189 777 1268 813 me
1301 776 1475 813 omnes
1516 760 1689 812 bestia:
1733 760 1865 827 agri,
1912 758 2106 808 sireucs
2158 766 2203 806 et
2248 755 2373 820 ﬁlia:

823 853 1365 905 struthiocamelorum
1425 852 1504 903 “’2
1555 851 1810 920 quoniam
1856 865 1989 902 mete
2037 858 2161 901 sunt
2186 862 2373 899 (utines

822 945 1007 997 bestia:
1040 947 1171 1013 agri,
1201 954 1254 997 et
1279 959 1468 997 omnes
1501 945 1747 997 volucres
1776 942 1896 995 cudi
1922 940 2162 1009 “.Apcri
2211 955 2372 992 aures

824 1046 961 1096 tuas,
1004 1046 1059 1089 ct
1110 1054 1176 1089 ne
1207 1037 1281 1089 sis
1317 1037 1516 1090 surdus
1558 1036 1697 1089 sicut
1729 1034 1893 1104 aspis,
1919 1052 2033 1103 qna-
2067 1049 2173 1085 non
2205 1048 2370 1085 exau-

820 1126 933 1179 diet
966 1142 1148 1178 vocem
1194 1127 1521 1180 incantantis
1550 1128 1613 1178 ⁸².
1650 1128 1851 1189 Bestia,
1887 1128 1985 1178 hoc
2021 1125 2114 1179 tibi
2156 1126 2367 1194 loquor.

819 1217 1018 1276 Bestia,
1051 1217 1148 1269 tibi
1182 1234 1335 1270 cano.
1367 1218 1563 1279 Bestia,
1596 1218 1718 1269 volo
1751 1229 1801 1271 te
1833 1226 1913 1278 (ut
1943 1216 2017 1269 sis
2050 1219 2187 1277 ovis)
2219 1232 2370 1268 utan-

818 1310 1115 1370 SUt'fiH‘el‘C,
1153 1320 1207 1363 ct
1237 1311 1345 1362 Deo
1383 1325 1721 1363 consecrare.
1758 1313 1950 1363 Annon
1984 1319 2033 1361 Ic
2062 1309 2242 1377 pudet.
2285 1310 2371 1364 die

818 1416 968 1471 rogo,
1011 1402 1152 1470 quod
1200 1404 1430 1466 leonem,
1468 1413 1522 1454 et
1546 1404 1788 1465 lea-nam,
1824 1411 1878 1455 ct
1912 1418 2118 1461 ursum,
2165 1412 2215 1455 et
2247 1418 2369 1471 par-

815 1492 967 1555 dum,
1019 1504 1071 1546 et
1102 1494 1415 1552 draconem,
1450 1504 1503 1545 et
1546 1494 1808 1561 aspidem,
1841 1500 1894 1544 et
1946 1492 2131 1560 lupum
2158 1502 2207 1545 et
2242 1508 2373 1544 otia-

814 1597 968 1650 grum
1007 1583 1306 1635 introduxit
1337 1585 1388 1636 in
1430 1585 1736 1652 paradisum
1769 1585 2046 1646 Ecclesia-,
2078 1597 2131 1637 ut
2162 1585 2399 1637 aleren-v

818 1681 920 1731 tur,
944 1682 999 1724 et
1024 1672 1356 1733 fruerentur,
1388 1684 1442 1725 et
1490 1690 1546 1725 se
1583 1674 1866 1741 explerent
1891 1674 2103 1726 deliciis
2128 1689 2191 1724 ex
2222 1672 2364 1723 Ollltll
2396 1676 2420 1714 '.

813 1760 959 1829 ligno
981 1762 1229 1829 pulchro,
1255 1771 1308 1813 et
1336 1763 1671 1823 Letarentur,
1697 1773 1752 1815 et
1781 1764 2107 1816 satiarentur
2130 1778 2192 1815 ex
2224 1764 2368 1831 ligno

2480 578 2743 631 nostram;
2788 568 2889 619 hoc
2921 578 3023 629 est,
3054 585 3117 620 ex
3148 572 3422 624 communi
3455 588 3719 629 consensu
3746 580 4016 646 plenitudo

2478 658 2762 710 Trinitatis
2783 661 2913 712 dicit
2943 661 3072 712 illttd
3096 661 3425 715 :Faciamux.
3460 665 3720 720 Similiter
3752 671 3840 724 hic
3862 672 4013 727 dicit:

2476 752 2589 804 .Von
2627 753 2813 803 borium
2860 764 2930 803 est
3002 757 3259 806 hominem
3299 774 3404 809 esse
3446 758 3637 819 solum,
3682 763 3939 828 faciamus
3976 774 4015 819 ei

2477 845 2787 911 mljutricem
2819 847 2946 896 sicut
2972 848 3137 912 ipsum
3159 864 3175 900 :
3196 848 3296 901 hoc
3317 860 3418 906 est.
3448 866 3477 903 ιι
3505 852 3609 904 Deo
3638 852 3854 908 factum.
3883 859 4014 923 Quo-

2478 937 2619 988 niam
2654 947 2834 989 autem
2867 938 2935 990 sit
2961 938 3070 989 lnee
3100 955 3129 991 a
3168 940 3274 992 Deo
3302 940 3424 994 lic-ta
3459 943 3714 1012 adjutrix.
3740 947 3866 999 audi
3904 962 3919 1000 :
3954 950 4012 1002 Et

2472 1024 2625 1087 [tttJ‘ll
2677 1022 2929 1076 Dominus
2971 1023 3108 1075 licus
3152 1029 3315 1078 (ul/me
3349 1045 3409 1080 ex
3449 1040 3588 1084 terra
3632 1050 3808 1087 euntes
3836 1040 4013 1091 bestias

2474 1115 2609 1175 (ιφ-ἰ,
2650 1124 2695 1166 et
2723 1130 2897 1167 omnes
2928 1117 3154 1169 volucres
3187 1120 3317 1171 cwli.
3357 1120 3477 1174 llzcc
3507 1131 3589 1175 est
3621 1127 3881 1193 adjutrix,
3913 1129 4012 1183 luce

2471 1214 2553 1257 est
2590 1222 2735 1271 grex,
2774 1208 2886 1260 haec
2919 1218 3002 1263 est
3040 1219 3222 1263 nostra
3260 1212 3493 1267 ferarum
3536 1217 3828 1273 animantia
3874 1222 4015 1290 adju-

2476 1296 2575 1347 trix
2608 1296 2872 1350 Ecclesia.
2894 1299 3045 1360 Nam,
3083 1301 3220 1353 sicut
3250 1302 3385 1356 dixit
3419 1305 3559 1358 Deus
3586 1323 3598 1357 :
3621 1306 3897 1363 Faciamus
3927 1314 4009 1364 ho-

2473 1387 2624 1437 minis
2652 1387 2980 1454 adjutricem,
3004 1392 3185 1444 statim
3209 1391 3371 1444 etiam
3402 1395 3667 1461 ejusmodi
3698 1398 4011 1467 adjutrieem

2471 1493 2498 1529 a
2536 1478 2645 1531 [leo
2684 1482 2857 1532 fictam
2881 1482 3186 1536 constituit.
3215 1483 3279 1538 Et
3303 1488 3518 1553 quando
3541 1504 3570 1541 c
3608 1498 3751 1542 terra
3779 1493 4009 1559 genitum

2470 1568 2689 1635 quidem
2716 1570 2840 1623 facit
2875 1572 3171 1633 hominem,
3208 1590 3237 1627 e
3265 1586 3404 1628 terra
3429 1578 3661 1640 genitus.
3689 1591 3742 1632 et
3777 1582 4011 1649 ejusdem

2471 1660 2628 1712 simul
2677 1664 2830 1728 cujus
2880 1664 2991 1731 ipse
3032 1674 3115 1717 est
3146 1668 3394 1719 essentia:
3434 1669 3729 1722 Ecclesium
3760 1671 3891 1724 dicit
3924 1688 3997 1740 pa-

2446 1754 2447 1757 “
2473 1751 2733 1807 radisum.
2760 1764 2815 1805 et
2840 1754 3106 1820 lignorum
3134 1757 3539 1823 plautationem.
3580 1762 3806 1824 Quando
3838 1772 4010 1815 autem

814 1852 938 1904 γίιω
970 1869 981 1903 ε
1031 1863 1087 1906 οι
1122 1854 1318 1905 “eum
1368 1869 1492 1907 cum
1529 1855 1678 1917 feris,
1704 1872 1826 1908 cum
1873 1856 1945 1908 sis
1976 1855 2067 1908 υρί
2099 1856 2235 1915 “vis,
2273 1856 2361 1923 ,ιηί
2399 1832 2439 1884 Β
2467 1851 2611 1893 creat
2639 1858 2699 1894 ae
2719 1842 3014 1897 fabricatur
3037 1861 3155 1899 cam
3178 1863 3296 1914 quae
3320 1847 3666 1910 dieiturvita,
3688 1851 3835 1918 litigii
3858 1854 4009 1906 etiam

812 1943 962 1997 fuisti
1009 1946 1303 2013 aliquando
1346 1963 1636 2013 germanus
1678 1948 2118 2016 primogenitus‘.’
2173 1947 2365 2000 Bestia:

811 2044 940 2086 sunt
976 2035 1253 2101 subjecta',
1289 2047 1343 2089 et
1370 2037 1623 2105 ingressa-
1646 2047 1773 2089 sunt
1799 2038 1851 2090 in
1880 2038 2177 2099 stabulum,
2210 2050 2263 2091 et
2285 2049 2361 2101 tu,

810 2124 902 2189 qui
944 2122 1183 2177 debebas
1226 2140 1352 2178 esse
1396 2136 1580 2193 pastor
1619 2126 1938 2188 bestiarum,
1982 2127 2199 2180 evasisti
2256 2127 2365 2181 fera

808 2215 1093 2282 agrestior.
1139 2216 1266 2269 \‘ide
1314 2216 1460 2269 enim
1518 2218 1659 2285 quod
1707 2219 2015 2285 signilieans
2060 2220 2200 2272 Deus
2244 2236 2365 2273 esse

808 2316 997 2371 gentes
1044 2322 1162 2373 qua:
1203 2307 1448 2359 sccumlo
1484 2308 1605 2360 loco
1649 2309 1716 2361 ab
1747 2325 1814 2360 eo
1848 2310 2001 2361 facta!
2027 2320 2153 2362 sunt
2184 2322 2235 2362 et
2265 2312 2361 2363 ad-

807 2392 987 2449 ducta:
1026 2404 1155 2448 sunt
1181 2396 1249 2449 ab
1286 2397 1493 2450 Adamo
1540 2398 1591 2450 in
1635 2399 1963 2466 paradisum,
2000 2415 2093 2451 eas
2121 2401 2363 2452 nomina-

806 2486 883 2540 vit
936 2486 1158 2548 bestias,
1195 2486 1386 2540 dicens
1419 2502 1514 2554 per
1557 2488 1922 2556 scriptorem:
1964 2488 2029 2541 Et
2077 2490 2227 2556 ﬁnxit
2260 2489 2364 2541 Do-

808 2580 980 2631 minus
1017 2578 1155 2630 licus
1191 2580 1358 2629 adhuc
1401 2595 1463 2631 ea:
1503 2591 1644 2631 terra
1682 2596 1858 2633 omnes
1901 2580 2088 2635 bestius
2142 2584 2278 2651 agri,
2316 2592 2363 2633 et

805 2683 979 2720 omnes
1008 2668 1239 2720 volucres
1264 2668 1394 2720 carli.
1433 2668 1650 2722 Fierine
1680 2678 1858 2737 potest
1924 2680 1983 2723 ut
2022 2672 2244 2724 omnino
2274 2688 2362 2725 vc-

809 2760 919 2811 niat
950 2760 1002 2812 in
1046 2770 1281 2812 mentem
1319 2770 1377 2812 ut
1408 2760 1571 2824 Deus,
1610 2761 1702 2829 qui
1743 2760 2071 2815 Cherubinis
2118 2773 2171 2816 et
2201 2763 2360 2816 Scra-

808 2850 989 2917 phinis
1032 2860 1111 2903 est
1141 2850 1656 2919 ineontemplabilis,
1685 2861 1740 2904 ct
1769 2851 2357 2920 incomprehensibilis,

807 2950 859 2994 et
889 2941 1483 3010 iuappropinquabilis,
1537 2942 1625 2995 cui
1654 2958 1777 2995 cum
1828 2952 1973 2997 metu
2022 2954 2076 2997 et
2127 2955 2360 2999 tremore

807 3050 998 3088 omnes
1032 3036 1398 3101 intelligentes
1417 3035 1646 3089 virtutes
1664 3034 1869 3088 cultum
1893 3036 2171 3097 exhibent,
2197 3052 2358 3104 quem

807 3139 964 3177 nemo
993 3124 1275 3176 hominum
1314 3124 1451 3177 vidit
1488 3125 1554 3188 ",
1592 3139 1770 3191 neque
1822 3133 1999 3192 potest
2026 3124 2208 3177 videre
2242 3126 2360 3192 ejus

805 3216 997 3270 faciem
1052 3225 1105 3269 et
1144 3216 1348 3279 vivere,
1396 3217 1440 3269 is
1484 3216 1578 3283 qui
1627 3231 1790 3283 supra
1835 3215 2002 3268 caelos
2044 3227 2099 3269 et
2144 3229 2356 3268 onmem

805 3308 1169 3377 principatum
1197 3316 1253 3360 et
1282 3316 1627 3375 potestatem.
1666 3315 1749 3359 est
1779 3306 1919 3375 ignis
1945 3308 2355 3369 consumens“,

801 3409 1025 3468 accepta
1065 3399 1239 3452 forma
1284 3399 1586 3467 equisonis,
1620 3414 1813 3468 equos,
1862 3399 1954 3450 sed
1996 3411 2049 3451 et
2104 3400 2260 3468 lupos
2305 3408 2359 3451 et

805 3491 1038 3543 catnclos
1080 3490 1335 3542 mauilms
1373 3489 1593 3541 trahens
1624 3489 1794 3540 instar
1835 3487 2063 3539 ministri
2095 3486 2160 3539 ad
2191 3487 2357 3540 Adam

805 3583 1062 3644 attrahat,
1092 3593 1148 3634 ut
1177 3581 1357 3635 videat
1385 3581 1515 3649 quid
1548 3582 1618 3633 sit
1651 3596 1715 3633 ea
1747 3590 2041 3633 vocaturus
2078 3596 2093 3632 :
2118 3579 2211 3647 qui
2238 3595 2357 3632 om-

805 3675 891 3728 nia
928 3675 1050 3736 scit,
1085 3682 1141 3726 ut
1173 3674 1333 3735 Deus,
1379 3681 1504 3725 ante
1543 3686 1734 3725 eorum
1772 3679 1976 3733 ortum,
2018 3679 2073 3723 et
2109 3680 2359 3724 numerat

804 3765 1208 3819 multitudinem
1255 3766 1534 3818 stellarum
1587 3763 1841 3817 omnibus
1885 3764 1967 3816 eis
2008 3763 2226 3816 nomina
2259 3778 2354 3816 vo-

803 3873 934 3912 rans
969 3860 1033 3922 ⁸³,
1080 3868 1135 3910 et
1166 3857 1424 3909 oinnibus
1468 3856 1738 3909 creaturis
1763 3855 1979 3923 propria
2013 3855 2104 3907 dat
2136 3855 2354 3908 nomina

804 3950 1192 4003 convenienter
1222 3963 1333 4001 sua:
1378 3946 1685 4001 voluntati?
1720 3946 1823 4000 Sed
1868 3947 1981 3999 haec
2030 3946 2199 4000 Judaei
2247 3962 2355 4000 non

803 4041 1130 4109 intelligunt,
1162 4040 1254 4108 qui
1285 4050 1338 4092 et
1368 4039 1665 4107 Scriptum
1697 4038 1866 4091 solam
1897 4037 2186 4091 attendunt
2213 4038 2356 4091 litte-

804 4147 939 4193 ram,
967 4142 1023 4186 et
1051 4131 1119 4184 ab
1149 4131 1260 4199 ipsa
1298 4129 1624 4183 occiduntur
1671 4131 1739 4182 “.
1772 4128 1850 4181 Tu
1884 4136 2085 4191 autem,
2137 4145 2169 4182 ο
2213 4130 2354 4183 divi-

804 4223 1025 4276 nissime
1065 4232 1120 4276 et
1149 4238 1178 4275 a
1210 4223 1321 4275 Deo
1362 4222 1612 4290 plantata:
1655 4220 1910 4275 Ecclesia:
1954 4222 2220 4290 paradise,
2275 4223 2355 4275 iu—

803 4315 1028 4384 grederc
1069 4323 1271 4367 certam
1311 4321 1367 4366 et
1408 4328 1513 4365 non
1543 4321 1817 4367 errantem
1847 4312 1987 4365 viam
2029 4328 2152 4365 cum
2188 4314 2355 4366 Paulo

802 4403 1037 4474 paradisi
1073 4413 1399 4473 spectatore,
1433 4404 1665 4472 paradisi
1694 4405 1832 4466 cive,
1864 4405 2090 4459 audiens
2114 4422 2237 4459 eum
2271 4406 2355 4459 di-

2468 1945 2762 1999 svnonyma
2808 1942 2864 1986 et
2896 1934 3056 1986 simul
3098 1936 3392 1990 animantia
3444 1938 3717 1993 animalia.
3748 1942 3882 1995 Nam
3922 1944 4007 2011 qui

2466 2031 2548 2074 cst
2583 2040 2611 2075 c
2642 2034 2782 2077 terra
2807 2026 3023 2091 genitus
3050 2035 3131 2079 est
3164 2028 3405 2095 ejusdem
3444 2031 3663 2097 generis
3702 2034 3860 2102 cujus
3899 2048 4011 2102 qua:

2466 2125 2592 2167 sum
2625 2116 2676 2168 in
2703 2126 2867 2179 terra,
2902 2128 2956 2171 et
2991 2118 3099 2171 vita
3124 2129 3207 2172 est
3242 2134 3457 2189 propria
3489 2123 3866 2177 animantium.
3912 2124 4011 2179 Sed

2466 2208 2628 2261 homo
2656 2209 2876 2276 quidem
2908 2211 3075 2263 Adam
3111 2212 3287 2265 factus
3311 2225 3391 2267 est
3426 2224 3551 2267 ante
3586 2217 3870 2271 mulierem
3897 2236 3909 2270 ι
3933 2225 4011 2271 est

2465 2297 2614 2349 cnim
2657 2306 2781 2350 ante
2818 2299 3033 2359 saecula,
3073 2314 3129 2353 et
3168 2302 3284 2355 sine
3316 2303 3605 2372 principio,
3640 2316 3694 2358 et
3722 2306 4008 2365 inereatus.

2462 2396 2516 2441 et
2549 2387 2667 2441 sine
2692 2398 2935 2458 tempore
2963 2401 3087 2443 ante
3115 2392 3433 2457 Ecclesium,
3473 2395 3614 2448 Deus
3636 2397 3894 2450 Verbum.
3922 2398 4010 2451 llic

2467 2486 2655 2532 autem
2690 2480 2838 2548 lingit
2863 2480 3154 2534 animantia
3180 2494 3304 2536 ante
3323 2486 3486 2539 Evam
3513 2502 3631 2554 quze
3650 2486 3854 2541 dicitur
3879 2490 4007 2542 vita:

2470 2568 2621 2638 prius
2646 2572 2791 2624 enim
2834 2572 3053 2626 fuerunt
3082 2585 3269 2642 gentes
3309 2576 3579 2642 belluinae,
3611 2588 3665 2632 et
3695 2580 3773 2633 sic
3808 2581 3863 2633 in
3894 2580 4007 2633 ulti-

2467 2662 2570 2715 mis
2599 2662 2939 2730 tcmporibus
2982 2665 3279 2719 constituta
3322 2680 3405 2721 est
3441 2685 3628 2722 earum
3670 2670 3930 2731 Ecclesia,
3961 2672 4010 2724 in

2466 2768 2629 2821 quam
2684 2755 2913 2809 adduxit
2978 2772 3071 2810 eas
3114 2757 3255 2810 Deus
3304 2766 3358 2810 et
3402 2759 3560 2812 l‘ater
3598 2759 3662 2813 ad
3717 2761 4010 2815 secundum

2462 2844 2632 2898 Adam
2681 2844 2983 2908 Christum,
3035 2858 3094 2900 ut
3130 2848 3339 2902 videret
3388 2850 3519 2918 quid
3563 2866 3627 2904 ca
3666 2863 3908 2907 vocaret.
3951 2852 4013 2906 Et

2464 2937 2593 2991 audi
2634 2938 2752 3007 ejus
2780 2938 2976 2991 Filium
3020 2939 3123 2992 hoc
3168 2950 3353 3008 aperte
3383 2941 3651 2995 dicentem
3684 2960 3697 2994 :
3730 2943 3894 2997 Nemo
3924 2961 4012 3013 po-

2463 3038 2558 3082 test
2616 3031 2791 3082 venire
2826 3032 2892 3083 ad
2929 3047 3031 3093 me,
3077 3031 3176 3082 nisi
3223 3030 3384 3084 Pater
3420 3049 3560 3085 incus
3585 3034 3802 3087 ccrlestis
3837 3046 4008 3088 traxe-

2464 3122 2530 3173 rit
2573 3136 2689 3174 eum
2740 3122 2805 3174 “'.
2858 3122 2997 3177 Ecce
3042 3122 3297 3176 audivisti
3343 3139 3527 3177 vocem
3586 3127 3923 3181 Dominicam
3961 3138 4011 3180 te

2461 3210 2746 3266 docentem
2776 3212 3052 3281 quomodo
3098 3213 3385 3267 adduxerit
3432 3215 3633 3268 bestias
3661 3218 3903 3284 gentium
3945 3218 4009 3271 ad

2462 3300 2658 3354 Filium
2687 3302 2779 3369 qui
2819 3310 2903 3355 est
2935 3301 3180 3370 ejusdem
3216 3304 3377 3357 simul
3407 3321 3530 3358 cum
3564 3322 3630 3359 eo
3655 3309 3928 3371 essentia,
3960 3310 4013 3362 in

2461 3392 2773 3461 paradisum
2833 3393 3106 3447 Ecclesiae.
3159 3394 3523 3460 Quamobrem
3586 3415 3777 3453 rursus
3831 3402 4011 3455 dicit:

2460 3485 2598 3550 Quos
2631 3489 2817 3540 dedisti
2850 3489 2995 3551 mihi,
3027 3488 3209 3552 Pater,
3245 3491 3321 3542 tui
3364 3503 3536 3555 erant,
3570 3503 3617 3546 et
3650 3496 3776 3548 milii
3810 3512 3893 3548 eos
3923 3496 4012 3547 de-

2459 3581 2581 3632 disti
2623 3580 2689 3631 ".
2744 3579 2922 3633 (turnis
2967 3583 3105 3633 enim
3165 3584 3251 3650 qui
3317 3584 3515 3637 audiri!
3545 3603 3575 3637 a
3612 3585 3773 3639 Patre
3822 3588 3891 3640 ad
3936 3602 4014 3639 me

2458 3671 2617 3729 venit,
2664 3680 2711 3721 et
2752 3687 2902 3723 omne
2939 3674 3075 3741 quod
3119 3673 3257 3726 dedit
3310 3676 3432 3727 milii
3474 3674 3650 3739 Pater,
3700 3679 3769 3731 ad
3809 3696 3889 3732 me
3926 3695 4013 3733 vc-

2459 3764 2585 3823 niet,
2626 3771 2674 3814 et
2707 3779 2825 3815 eum
2854 3765 2943 3831 qui
2991 3764 3126 3815 venit
3178 3764 3245 3816 ad
3303 3781 3383 3817 me
3424 3783 3525 3819 non
3562 3768 3712 3837 ejicio
3757 3770 3901 3838 foras
3943 3773 4010 3827 ”.

2456 3836 2749 3907 Confidam
2799 3869 2932 3923 ergo
2977 3854 3162 3909 bestia:
3227 3857 3472 3924 gentium
3519 3836 3615 3927 per
3658 3836 3874 3916 Patrem
3932 3863 4013 3917 in-

2457 3960 2653 4011 gressa:
2704 3945 2769 3998 ad
2802 3946 3019 4010 Filium,
3048 3946 3332 4001 audientes
3360 3964 3485 4002 eum
3512 3949 3785 4006 dicentem
3819 3971 3832 4006 :
3868 3954 4009 4008 Eunt

2458 4036 2544 4101 qui
2581 4038 2717 4088 venit
2770 4040 2837 4090 ad
2892 4052 2970 4089 me
3006 4053 3107 4089 non
3150 4039 3297 4106 ejicio
3344 4039 3505 4107 foras.
3540 4041 3605 4096 Et
3653 4046 3839 4099 omnia
3883 4054 4014 4100 sunt

2459 4126 2592 4179 mihi
2620 4126 2817 4181 tradita
2841 4144 2870 4181 a
2895 4129 3050 4182 l’atre
3073 4143 3211 4182 meo.
3239 4130 3398 4185 Pater
3422 4132 3566 4186 enim
3592 4133 3768 4204 diligit
3792 4136 4009 4198 Filium,

2455 4228 2510 4270 et
2532 4217 2682 4271 dedit
2710 4219 2758 4271 ei
2792 4228 3110 4287 potestatem
3136 4220 3313 4275 omnis
3332 4232 3617 4286 creaturae,
3637 4224 3861 4280 dicens:
3889 4226 4013 4281 Pete

2456 4328 2486 4362 ιι
2513 4325 2590 4362 me
2618 4320 2868 4378 tanquam
2904 4309 3146 4375 Filius,et
3166 4313 3297 4366 dabo
3323 4314 3413 4366 tibi
3444 4316 3797 4369 bwrcditatem
3822 4328 4012 4386 pater-

2456 4416 2579 4455 nam
2627 4410 2819 4469 gentes,
2869 4416 3063 4472 nempe
3104 4404 3327 4467 bestias,
3363 4405 3717 4459 hwreditatcm
3762 4417 3933 4471 tuam,
3963 4416 4011 4461 et

803 4503 1015 4549 centeni
1060 4493 1204 4563 quod
1267 4508 1456 4546 omnes
1504 4503 1766 4547 creatura:
1810 4509 1928 4563 qua:
1964 4504 2088 4548 sunt
2130 4494 2183 4548 in
2218 4497 2356 4551 caelo
2387 4492 2430 4545 Ι)
2459 4492 2825 4558 possessionem
2843 4500 2986 4545 tuam
3018 4494 3791 4561 terminosterrm".Audiant,
3822 4514 4013 4555 rursus

802 4594 857 4640 et
890 4587 943 4639 in
991 4592 1135 4639 terra
1165 4584 1480 4640 describunt
1512 4600 1574 4639 ac
1606 4587 1839 4655 figurant
1863 4586 2139 4640 Christum
2166 4594 2220 4640 ct
2254 4588 2354 4641 Ec—

802 4680 1022 4733 clesiam
1070 4679 1135 4731 ".
1170 4679 1463 4748 Propterea
1493 4694 1622 4747 ergo
1652 4694 1760 4733 non
1799 4679 2025 4733 adduxit
2066 4680 2238 4749 prima
2268 4682 2352 4750 ju-

801 4779 986 4823 menta
1028 4769 1283 4823 animalia
1312 4784 1431 4838 qua:
1464 4770 1618 4840 jussu
1651 4771 1791 4825 facta
1817 4782 1963 4834 sunt,
1993 4772 2059 4824 ad
2086 4772 2350 4826 Adamum

803 4859 1141 4929 spiritualem
1192 4858 1492 4924 Christum,
1539 4861 1682 4915 Deus
1728 4862 1782 4915 in
1810 4860 2163 4930 paradisum:
2199 4874 2354 4918 erant

805 4952 946 5004 enim
994 4960 1154 5022 typus
1189 4966 1250 5004 ac
1295 4950 1464 5021 ﬁgura
1506 4951 1689 5021 populi
1734 4952 2061 5017 Iudaeorum,
2112 4954 2205 5008 sed
2250 4971 2350 5009 nos

804 5041 1103 5095 secundum
1152 5043 1444 5110 populum,
1493 5057 1599 5096 non
1643 5042 1951 5107 desertum,
1999 5043 2091 5097 sed
2135 5044 2344 5099 unitum

804 5130 1118 5185 volucribus
1155 5130 1302 5193 caui,
1334 5131 1438 5184 hoc
1473 5142 1579 5193 est,
1620 5132 1871 5186 ﬁdelibus
1894 5133 2159 5201 qui.sunt
2183 5150 2345 5205 gene-

806 5223 906 5277 rati
946 5238 1013 5277 cx
1051 5239 1187 5292 aqua
1218 5232 1273 5277 et
1300 5223 1529 5292 Spiritu.

874 5311 967 5366 Est
1002 5321 1183 5365 autem
1218 5325 1410 5365 revera
1440 5310 1709 5366 audienda
1732 5319 1789 5365 et
1815 5310 2149 5368 "admiranda
2180 5316 2349 5369 sancti

804 5403 1041 5473 Spiritus
1086 5402 1369 5471 sapientia.
1416 5401 1701 5468 Quomodo
1732 5404 1877 5458 enim
1922 5404 1976 5458 in
2016 5405 2243 5469 Adamo,
2278 5408 2349 5461 ita

805 5496 965 5550 etiam
999 5496 1052 5549 in
1081 5495 1166 5549 his
1192 5495 1379 5549 bestiis
1405 5494 1539 5550 dicit
1563 5496 1911 5551 creationem.
1932 5496 2063 5552 Nam
2087 5498 2197 5553 illic
2225 5501 2346 5568 qui-

1524 5606 1568 5637 “
1606 5608 1710 5661 lsa.
1747 5625 1889 5670 xuu,
1920 5608 2008 5662 ‘20.

1572 5678 1616 5709 ⁸⁵
1660 5679 1799 5732 Psal.
1841 5695 2010 5743 cxun,
2057 5681 2106 5733 4.

878 5606 921 5639 ³⁹
981 5607 1082 5660 Job
1130 5622 1328 5670 xxxvn,
1372 5607 1423 5661 8.

804 5678 890 5732 12.
965 5676 1007 5706 “
1048 5677 1210 5731 llebr.
1252 5692 1343 5738 xu,
1374 5678 1460 5731 29.

806 5748 849 5780 δ’
883 5746 1035 5869 Jpan.
1078 5763 1201 5812 xvn,
1252 5747 1338 5799 2i.
1413 5748 1456 5777 ⁵⁸
1489 5747 1641 5801 Joan.
1682 5765 1751 5804 vr.
1792 5748 1877 5803 37.

803 5833 862 5882 u,
946 5858 958 5869 .

2114 5612 2152 5641 δ’
2197 5612 2335 5666 l‘sal.
2374 5629 2515 5677 xux,
2560 5612 2645 5675 IO,
2686 5612 2769 5668 Η.

2184 5682 2227 5712 ³⁵⁵
2267 5683 2305 5735 Il
2358 5682 2484 5735 Cor.
2535 5699 2611 5739 m.
2651 5683 2700 5736 6.

1956 5752 1994 5777 ""
2041 5751 2174 5805 Psal.
2231 5768 2286 5814 ιι,
2359 5755 2410 5805 8.

2451 4584 2596 4646 dico,
2633 4583 2767 4648 hinc,
2802 4599 2880 4638 ea:
2912 4600 3033 4655 qua:
3058 4595 3183 4639 sunt
3210 4586 3379 4652 intus,
3412 4596 3468 4641 et
3514 4588 3739 4642 audiant
3777 4591 4009 4645 verbum

2453 4683 2724 4739 sanctum,
2763 4676 2949 4731 bestia:
2979 4677 3245 4746 gentium.
3280 4677 3397 4731 Non
3433 4678 3579 4733 enim
3607 4680 3903 4749 ejicicntur
3925 4682 4008 4736 τοι

2452 4783 2559 4821 ras.
2607 4768 2661 4823 Si
2706 4783 2886 4823 autem
2932 4768 3047 4821 vult
3091 4768 3283 4822 audire
3328 4767 3550 4824 Iudaeus
3599 4771 3823 4839 quinam
3879 4780 4011 4828 sunt

2453 4860 2614 4930 ejecti
2661 4870 2723 4914 ut
2748 4859 3169 4929 ingrederentur
3197 4860 3405 4924 bestiae,
3434 4860 3619 4916 audiet
3652 4861 4008 4919 hortulanum

2458 4951 2619 5019 hujus
2656 4948 2889 5019 paradisi
2924 4948 3199 5004 dicentem
3230 4967 3242 5002 :
3272 4947 3571 5020 Oportebat
3606 4949 3753 5006 feras
3794 4953 4008 5024 ingredi

2456 5040 2519 5093 ab
2554 5037 2763 5093 Oriente
2814 5048 2863 5092 et
2913 5038 3201 5105 Occidente,
3238 5050 3286 5093 ct
3341 5042 3636 5096 recumbere
3677 5059 3797 5096 cunt
3839 5043 4011 5098 Abra-

2453 5133 2628 5195 Iiamo,
2674 5140 2722 5184 et
2749 5130 2922 5195 Isaac,
2949 5140 2996 5184 et
3032 5130 3190 5186 Iacob
3230 5134 3285 5186 in
3318 5150 3475 5205 regno
3507 5133 3639 5198 Dei;
3664 5132 3805 5201 ﬁlios
3829 5143 4008 5187 autem

2450 5221 2696 5286 thalami,
2729 5237 2924 5288 nempe
2948 5223 3188 5289 Judteos,
3238 5224 3380 5294 foras
3407 5225 3524 5294 ejici
3544 5226 3599 5277 in
3641 5224 3884 5277 tenebras
3913 5239 4005 5276 ex-

2449 5316 2660 5368 teriores
2694 5314 2761 5366 ⁸².
2792 5313 2988 5367 Vocabo
3019 5316 3163 5367 enim
3182 5313 3431 5384 populant
3475 5330 3665 5377 meum,
3692 5330 3797 5366 non
3838 5329 4006 5383 popu-

2449 5405 2558 5459 lum
2603 5420 2773 5459 meum
2806 5404 2871 5468 ³³,
2912 5413 2961 5457 et
3003 5405 3408 5460 misericordiam
3458 5411 3788 5458 consecutam
3826 5402 3998 5472 Syna-

2447 5512 2658 5568 gogam,
2689 5514 2805 5552 eam
2829 5513 3062 5567 quianon
3089 5509 3161 5551 est
3192 5506 3464 5551 consecuta
3488 5495 3905 5550 misericordiam
3934 5496 4001 5547 “.

2876 5612 2922 5643 δ’
2960 5612 3101 5666 Psal.
3149 5629 3271 5671 Lvn,
3327 5614 3380 5675 5,
3413 5614 3464 5669 6.

2778 5684 2819 5713 "
2866 5683 3071 5737 Coloss.
3115 5699 3158 5742 I,
3205 5684 3293 5740 ‘25.
3344 5684 3432 5736 2L
3504 5683 3548 5714 “
3580 5684 3640 5737 Jo

2801 5769 2912 5810 vin,
2959 5754 3042 5810 ll.
3100 5753 3178 5807 ΙΞ.
3255 5755 3301 5786 ⁵³
3351 5753 3471 5810 05c.
3524 5769 3560 5810 ι.
3607 5753 3640 5807 9

3397 5768 3471 5809 se.
3524 5769 3560 5817 ι,
3607 5768 3659 5808 u.

3576 5613 3623 5646 ⁸³
3659 5614 3679 5668 ι
3720 5614 3884 5669 Joan.
3928 5629 4003 5673 Ir,

3504 5683 3548 5714 “
3580 5684 3736 5738 Joan.
3788 5701 3871 5746 si,
3915 5686 4004 5738 Η.

2485 5753 2527 5784 ⁸³
2570 5753 2750 5807 Matth.
2801 5769 2912 5813 vin,
2959 5754 3042 5815 Η,
3100 5753 3178 5807 ΙΞ.
3255 5755 3301 5786 ⁸³
3351 5753 3471 5810 Osc.
3524 5769 3560 5815 ι,
3607 5753 3659 5808 9.
3777 5744 4005 5808 "‘VOse.
