4186 6442
158 408 258 468 997

1223 402 1293 462 IN
1339 401 1880 462 llEXAEMEllON.
1912 425 1980 437 -
2014 403 2157 462 LIB.
2202 404 2299 462 ΙΧ.

3284 407 3391 473 998

158 517 224 570 Et
279 516 547 585 quoniam
597 528 829 568 narrans
874 513 1053 566 oratio
1111 511 1177 566 de
1225 513 1388 564 rebus
1442 513 1635 565 alienis
1685 524 1738 565 et
1767 517 1808 570 Α
1839 511 1994 567 Unde
2042 515 2207 569 etiam
2262 516 2508 569 nominat
2561 515 2720 583 lupos
2748 519 2842 584 qui
2874 518 3021 588 gregi
3070 518 3398 577 insidiantur

164 606 605 668 admirabilibus.
654 615 739 660 est
795 620 1062 674 persuasu
1117 605 1352 657 dillirilis
1398 620 1504 657 non
1556 605 1733 659 solum

159 700 372 761 Judazo,
407 700 500 753 sed
527 702 692 753 etiam
726 698 1055 768 quibusdam
1100 715 1165 751 cx
1198 697 1474 758 fidelibus,
1514 713 1736 752 necesse

155 807 237 848 est
283 805 348 848 ut
400 812 466 850 ex
493 796 616 848 aliis
640 795 833 849 bestiis
879 795 1273 847 conlirmcmus
1303 793 1448 862 quod
1481 793 1734 847 dicimus.

158 889 304 942 Audi
332 904 466 956 ergo
515 887 626 942 Noe
673 887 765 956 qui
804 894 922 940 erat
952 887 1007 939 in
1035 902 1181 948 arca,
1237 886 1460 955 quando
1488 885 1739 954 loquitur

159 979 453 1047 Scriptura
487 977 554 1032 de
592 978 972 1046 corporalibus
1003 979 1333 1032 animalibus
1357 989 1410 1032 et
1446 978 1742 1032 materiali-

162 1071 287 1131 bus,
329 1070 608 1139 quomodo
629 1071 773 1124 Deus
799 1072 911 1125 illic
944 1070 1194 1139 praecipit
1225 1071 1303 1123 illi
1332 1071 1496 1123 etiam
1531 1071 1740 1139 ingres-

159 1179 286 1215 sum
354 1163 658 1216 bestiarum
711 1172 766 1216 et
809 1165 1185 1233 jumentorum
1242 1173 1298 1215 ct
1340 1165 1625 1214 volucrum
1684 1161 1740 1213 in

164 1266 353 1304 arcam
375 1253 442 1303 ⁸⁵.
471 1252 738 1304 Similiter
772 1267 962 1304 rursus
984 1261 1105 1319 post
1128 1252 1392 1305 diluvium
1415 1251 1543 1304 dicit
1575 1252 1740 1304 etiam

165 1356 363 1395 earum
420 1358 698 1412 egressum
751 1359 816 1395 ex
868 1358 1019 1405 arca,
1051 1345 1146 1410 qui
1177 1343 1279 1396 ftiit
1326 1359 1450 1396 cum
1495 1344 1628 1403 Noe,
1686 1349 1744 1395 et

165 1435 452 1501 quomodo
492 1434 579 1487 hic
605 1449 823 1503 quoque
856 1435 996 1488 Deus
1025 1451 1148 1488 eum
1173 1434 1225 1486 in
1256 1435 1512 1503 paradiso
1550 1434 1744 1487 fecerit

166 1542 266 1595 per
297 1543 355 1580 se
386 1529 689 1595 ingressum
719 1527 910 1580 harum
933 1527 1253 1584 bestiarum.
1287 1536 1341 1579 et
1362 1527 1526 1581 fuerit
1551 1542 1741 1579 earum

164 1619 344 1673 veluti
397 1619 507 1672 dux
541 1630 596 1673 et
644 1620 939 1680 bubulcus,
977 1635 1086 1673 non
1127 1621 1362 1688 amplius
1409 1635 1503 1673 eas
1530 1618 1741 1682 eduxit,

167 1712 265 1766 sed
318 1711 470 1764 intus
508 1713 747 1779 reliquit.
781 1712 836 1765 Si
861 1723 1044 1765 autem
1079 1719 1456 1764 murmurath
1491 1710 1742 1764 irascitur

165 1803 399 1856 Iudaeus
435 1802 550 1854 haec
594 1801 846 1866 audiens,
891 1803 1519 1870 sustinebitparumper,
1553 1812 1609 1854 ct
1647 1817 1742 1854 au-

166 1893 290 1947 diet
332 1893 567 1946 verbum
611 1893 759 1961 quod
805 1893 1045 1947 ostendit
1090 1893 1233 1962 quod
1277 1909 1450 1960 neque
1505 1892 1737 1955 mulier,

166 1999 357 2052 neque
398 2000 521 2052 quae
545 1983 752 2036 dicitur
790 1985 908 2038 Vita
933 1984 1069 2038 exiit
1091 2000 1121 2037 e
1155 1984 1427 2053 paradiso,
1466 1985 1559 2037 scd.
1594 1984 1742 2035 solus

167 2073 359 2139 homo,
395 2075 490 2142 qui
535 2074 876 2128 extrinsecus
931 2085 1015 2128 est
1067 2075 1363 2144 ingressus.
1403 2076 1521 2128 Vita
1558 2085 1740 2127 autem

166 2172 228 2216 ut
250 2165 310 2218 in
343 2164 602 2234 paradiso
637 2167 782 2228 ficta,
817 2173 876 2218 ut
904 2181 1024 2234 qua:
1055 2174 1202 2220 esset
1237 2166 1512 2234 indigena,
1545 2176 1601 2219 et
1633 2182 1741 2219 non

166 2257 523 2309 extrinsecus
594 2256 739 2310 intro
805 2257 1067 2325 ingressa,
1124 2258 1322 2310 mansit
1373 2257 1425 2309 in
1488 2258 1580 2310 illo
1625 2258 1742 2310 loco

170 2356 438 2416 tanquam
487 2347 596 2400 vita
642 2347 926 2401 vivificaris
966 2364 1029 2401 ea
1083 2365 1204 2416 qua:
1243 2357 1370 2401 sunt
1400 2348 1466 2400 ad
1512 2364 1630 2401 eam
1664 2350 1744 2403 in-

171 2437 453 2489 troducta.
520 2436 661 2500 Quid
697 2452 848 2499 vero,
895 2438 1093 2506 inquit,
1140 2454 1322 2492 annon
1372 2439 1745 2508 scriptuniest

170 2535 298 2594 post
315 2525 526 2579 exitum
553 2526 763 2596 Aigypti
801 2543 831 2580 e
855 2527 1131 2596 paradiso,
1165 2529 1308 2596 quod
1339 2527 1508 2582 Adam
1542 2545 1744 2598 cogno-

171 2617 250 2670 vit
289 2617 460 2670 Evam
495 2632 719 2670 uxorem
753 2633 906 2671 suam
936 2619 980 2647 ⁵⁶
1004 2618 1027 2670 ?
1053 2619 1193 2672 Siste
1225 2619 1472 2688 gradum,
1497 2635 1531 2672 o
1559 2619 1743 2685 homo,

168 2716 228 2760 et
265 2722 336 2760 ne
377 2707 618 2770 labores,
655 2707 749 2760 sed
795 2708 1026 2771 sustine,
1071 2716 1126 2761 et
1156 2717 1287 2762 tunc
1319 2711 1444 2762 cuin
1478 2709 1648 2762 fueris
1691 2710 1746 2763 in

173 2799 316 2852 locis
337 2797 658 2853 emissionis
687 2798 876 2852 Adami
913 2816 980 2853 ex
1009 2799 1262 2868 paradiso
1281 2839 1296 2864 ,
1316 2800 1362 2854 si
1393 2799 1524 2854 mihi
1556 2811 1745 2854 osten-

173 2893 328 2946 deris
371 2893 429 2962 (ο
449 2892 659 2961 Judaee)
698 2892 845 2961 quod
872 2908 1149 2962 egressum
1185 2893 1434 2946 nominat
1471 2910 1746 2964 egressura

174 2983 509 3045 bestiarum,
561 2990 655 3035 aut
686 2997 964 3050 egressum
1021 2982 1290 3044 mulieris,
1317 2981 1479 3052 905
1506 2984 1746 3038 nondum

172 3075 333 3128 venit
371 3071 577 3127 Christi
626 3072 894 3126 adventus
918 3090 933 3137 ;
959 3073 1053 3127 sed
1086 3088 1196 3126 non
1244 3073 1504 3128 ostendes
1528 3113 1543 3139 ,
1578 3092 1748 3145 quan-

175 3166 388 3219 tumvis
425 3165 795 3218 contenderis.
847 3164 953 3218 Sed
1007 3165 1100 3233 qui
1148 3165 1488 3220 extrinsecus
1526 3167 1746 3235 quidem
1774 3189 1817 3247 ρ

170 3267 258 3311 est
289 3259 572 3327 ingressus
602 3265 658 3310 et
686 3256 809 3320 fuit,
847 3256 1013 3310 homo
1058 3256 1188 3310 illuc
1217 3257 1348 3310 abiit
1398 3259 1540 3312 unde
1573 3259 1740 3312 venit.

173 3349 308 3418 Ejus
344 3357 531 3402 autem
574 3363 728 3410 uxor,
770 3362 964 3416 nempe
1018 3347 1148 3411 vita,
1196 3350 1393 3401 mansit
1439 3350 1588 3404 intus
1620 3366 1742 3404 cum

172 3440 513 3494 animalibus
541 3479 556 3504 ,
588 3441 653 3493 ad
685 3455 778 3494 eas
803 3439 1158 3496 viviticandas
1187 3439 1241 3492 in
1267 3441 1416 3509 ligno
1447 3441 1592 3505 vitae,
1627 3457 1746 3510 qua:

173 3529 478 3600 aliquando
499 3529 847 3593 dicebantur,
887 3529 1112 3591 bestias,
1159 3537 1216 3581 et
1249 3532 1517 3584 volucres.
1567 3531 1748 3585 Discat

173 3638 306 3691 ergo
361 3622 538 3675 lidelis
592 3622 738 3690 quod
787 3622 930 3690 ligna
1005 3620 1233 3690 pulchra
1279 3631 1334 3675 et
1369 3623 1509 3676 bona
1551 3631 1606 3676 et
1638 3624 1745 3677 fer-

179 3714 297 3766 tilia
348 3728 473 3781 quae
510 3729 541 3766 a
601 3713 714 3766 Deo
766 3711 1008 3766 secundo
1034 3713 1156 3765 loco
1202 3723 1328 3766 sunt
1370 3715 1654 3782 producta,
1691 3723 1748 3767 et

175 3803 440 3858 secundae
467 3804 656 3858 bestia:
685 3813 741 3857 et
783 3805 1036 3857 volucres
1060 3820 1197 3872 quas
1227 3803 1341 3871 ipse
1374 3805 1520 3858 Deus
1550 3804 1743 3869 finxit;

175 3906 233 3948 et
265 3911 462 3950 rursus
505 3895 640 3950 illud
686 3895 903 3948 linteum
941 3893 1090 3963 quod
1137 3894 1332 3948 Petrus
1379 3894 1519 3947 vidit
1564 3895 1618 3948 in
1667 3895 1748 3948 vi-

179 3989 356 4052 sione,
393 3988 606 4042 habens
635 4002 829 4041 omnes
856 3988 1059 4041 bestias
1087 3995 1142 4040 et
1165 3987 1547 4056 quadrupedes
1569 3999 1625 4042 et
1654 4004 1748 4042 vo-

181 4087 365 4135 lucres
392 4079 542 4141 cmli,
576 4090 634 4133 et
678 4085 794 4150 ipsa
839 4081 1040 4134 mulier
1065 4095 1228 4150 quam
1255 4095 1516 4134 vocamus
1549 4081 1744 4144 Vitam,

180 4170 427 4241 adiutrix
465 4170 748 4235 hominis,
796 4171 936 4226 nihil
968 4172 1116 4225 aliud
1171 4171 1444 4241 signiﬁcat
1497 4172 1602 4225 nisi
1651 4188 1747 4240 pa-

182 4263 428 4317 radisum
458 4262 737 4325 Ecclesiae,
784 4263 838 4316 in
865 4278 1026 4331 quem
1058 4263 1362 4317 introduxit
1396 4264 1538 4317 Deus
1562 4272 1749 4332 gentes

183 4355 484 4417 belluinas,
528 4363 582 4407 et
615 4370 710 4408 eas
747 4355 975 4410 adduxit
1007 4356 1075 4410 ad
1131 4355 1410 4410 Christum
1443 4355 1745 4409 secundum

181 4451 479 4513 Adamum,
511 4459 571 4503 ut
598 4449 809 4503 videret
832 4449 964 4519 quid
989 4457 1209 4503 vocaret
1234 4464 1349 4511 eas,
1378 4464 1749 4518 unumquem-

182 4559 290 4612 que
316 4541 720 4596 convenienter
743 4542 861 4596 suis
895 4542 1109 4595 mcritis
1135 4549 1193 4595 et
1215 4541 1338 4594 vitae
1365 4556 1527 4610 quam
1556 4541 1748 4610 egerit.

183 4635 250 4688 Et
285 4634 413 4688 ideo
435 4633 654 4686 vocavit
690 4633 914 4702 quidem
939 4648 1090 4693 oves.
1117 4647 1214 4687 eas
1240 4648 1362 4701 qure
1385 4640 1601 4686 statutae
1626 4640 1754 4686 sunt

183 4740 214 4777 a
257 4723 506 4787 dextris;
553 4723 740 4778 haedos
801 4738 961 4787 vero,
1023 4722 1120 4793 qui
1189 4739 1220 4776 a
1261 4723 1533 4787 sinistris;
1585 4737 1754 4792 agnos

181 4822 393 4876 autem,
433 4821 495 4865 ut
537 4815 632 4884 qui
659 4812 937 4869 Christum
971 4822 1316 4882 sequuntur;
1349 4814 1516 4868 boves
1544 4822 1749 4878 autem,

189 4915 251 4960 ut
275 4905 372 4976 qui
405 4905 630 4958 trahunt
672 4914 917 4960 aratrum
961 4906 1181 4971 crucis;
1223 4921 1393 4975 equos
1440 4917 1643 4969 autem,
1690 4916 1753 4960 ut

188 4999 284 5069 qui
334 4997 674 5052 conturbant
724 5014 921 5068 aquam
965 4998 1154 5053 falsam
1210 4997 1642 5063 incredulitatis;
1697 5007 1752 5053 et

189 5090 350 5154 alios,
400 5089 637 5157 aquilas,
671 5099 730 5144 ut
781 5090 875 5158 qui
927 5091 1264 5144 extollentur
1308 5088 1375 5143 ad
1419 5089 1749 5159 theologiam

191 5193 290 5233 seu
334 5176 651 5232 Divinitatis
691 5179 1202 5248 contemplationem
1230 5197 1244 5244 ;
1274 5187 1330 5232 et
1362 5177 1518 5241 alios,
1547 5179 1751 5233 colum-

191 5269 312 5333 bas,
345 5276 577 5338 propter
600 5267 1055 5340 significationem
1087 5271 1257 5340 ipsius
1277 5270 1462 5340 gratia:
1492 5270 1752 5339 Spiritus.

194 5354 354 5422 Quod
399 5355 447 5410 si
499 5355 666 5410 etiam
714 5358 802 5412 vis
851 5359 1040 5414 videre
1080 5358 1225 5414 feras
1269 5368 1511 5430 agrestes
1561 5361 1614 5414 in
1653 5362 1756 5415 hoc

195 5444 476 5513 paradiso,
510 5445 641 5499 audi
663 5461 790 5501 eum
825 5446 1099 5503 dicentem
1133 5466 1144 5501 :
1182 5448 1316 5503 Ecce
1347 5449 1464 5502 dedi
1499 5450 1638 5503 vobis
1668 5467 1757 5520 p0-

199 5542 440 5592 mtatem
496 5534 737 5591 (παιωνιάὶ
778 5553 938 5608 super
993 5547 1259 5608 serpentes
1309 5546 1357 5592 et
1414 5542 1641 5610 scorpios
1691 5540 1757 5592 ".

275 5693 323 5724 "
372 5690 513 5747 Gen.
576 5707 672 5756 vn,

214 5763 258 5794 ⁸⁸
291 5761 426 5815 Luc.
469 5779 547 5824 ιιι,
599 5764 650 5815 7.

217 5832 262 5864 ³⁸
293 5833 436 5887 l’sal.
473 5847 633 5898 chn,
663 5833 713 5884 9.

726 5693 948 5762 passim.
1018 5693 1067 5725 “
1101 5693 1235 5748 Gen.
1283 5709 1354 5754 IV,
1389 5694 1440 5748 1.

727 5763 767 5794 "
810 5762 939 5817 Luc.
985 5779 1094 5827 stu,
1142 5763 1228 5818 52.
1306 5764 1530 5819 “Joan.
1563 5765 1734 5828 L14.

1836 605 2052 660 .Iudzeos
2075 608 2142 669 ”,
2176 615 2224 660 ct
2255 609 2518 676 genimina
2549 610 2848 677 viperarum
2876 611 2954 673 ‘°;
2983 619 3038 665 et
3076 611 3234 675 alios,
3278 616 3399 668 vul-

1837 714 1933 768 pes
1984 700 2048 752 ⁶¹.
2099 700 2165 753 Et
2202 717 2351 753 omne
2391 701 2529 769 quod
2575 703 2771 755 vocavit
2808 701 2999 765 Adam,
3045 705 3246 774 inquit,
3305 708 3398 760 hoc

1838 801 1913 844 est
1945 794 1991 845 ei
2041 809 2245 845 nomen.
2269 792 2384 846 lloc
2416 803 2522 854 est,
2553 809 2658 846 non
2687 795 2880 848 leviter
2909 809 3010 848 nec
3046 804 3273 861 temere,
3302 796 3398 852 sed

1838 893 2206 950 congruenter
2256 886 2688 954 uniuscujusque
2738 897 2870 940 acta!
2919 885 3066 950 vitze,
3110 897 3165 941 et
3188 889 3404 944 meritis

1840 976 2230 1029 convenientia
2256 979 2476 1031 nomina
2503 978 2730 1046 imponit
2755 977 3030 1033 Christus.
3056 979 3218 1033 Omni
3271 995 3403 1050 ergo

1841 1077 2103 1121 creaturae
2129 1076 2184 1120 et
2231 1067 2396 1121 rebus
2440 1071 2638 1122 creatis
2671 1069 2814 1122 Deus
2863 1070 3123 1138 imposuit
3156 1071 3402 1125 nomina.

1843 1156 1939 1210 llis
1985 1157 2115 1210 solis
2147 1157 2338 1212 bestiis
2383 1166 2439 1210 et
2465 1158 2704 1219 mulieri,
2751 1157 2920 1210 Adam
2962 1174 3182 1226 quoque
3228 1159 3405 1228 impo-

1843 1251 1953 1304 suit
1978 1251 2199 1304 nomina
2235 1270 2246 1303 :
2282 1251 2388 1304 hoc
2423 1257 2509 1302 est
2547 1249 2798 1304 Christus
2837 1251 3040 1319 populo
3078 1266 3178 1304 suo
3209 1259 3267 1304 et
3297 1250 3404 1304 Ee-

1844 1345 2042 1399 elcsim.

1913 1435 1970 1488 Si
2044 1445 2226 1487 autem
2305 1450 2495 1487 rursus
2564 1433 2766 1486 insanit
2823 1433 3070 1495 Juda-us,
3123 1441 3183 1485 ut
3261 1430 3410 1486 dicat

1846 1524 2047 1578 nobis:
2097 1524 2208 1578 Cur
2249 1541 2370 1577 cum
2418 1525 2562 1577 Deus
2616 1523 2881 1576 omnibus
2927 1525 3147 1592 prepria
3190 1523 3409 1577 dederit

1845 1617 2088 1677 nomina,
2141 1634 2248 1669 non
2304 1617 2563 1686 imposuit
2611 1631 2713 1669 nec
2753 1614 2971 1669 mulieri
3022 1629 3123 1667 nec
3154 1615 3408 1668 animali-

1846 1707 1981 1760 bus?
2005 1707 2294 1775 oportebat
2333 1708 2479 1759 enim
2522 1708 2699 1776 ipsum
2727 1706 2858 1760 dare
2887 1705 3143 1759 omnibus
3186 1707 3408 1760 nomina

1846 1799 2089 1868 propria,
2133 1798 2228 1850 sed
2266 1813 2373 1849 non
2409 1796 2619 1848 Adam:
2669 1811 2769 1864 ego
2797 1795 2974 1849 dicam
3003 1813 3016 1848 :
3051 1793 3253 1859 Quare,
3283 1811 3409 1849 cum

1846 1891 1992 1943 Deus
2027 1889 2194 1942 semel
2225 1898 2281 1941 et
2304 1888 2387 1941 bis
2417 1887 2759 1941 meminisset
2781 1901 2837 1939 se
2862 1886 3057 1940 fecisse
3087 1885 3371 1940 mulierem
3392 1926 3410 1950 ,

1844 1995 1956 2032 non
1981 1994 2102 2031 cani
2129 1977 2432 2030 nominavit
2453 1977 2757 2038 mulierem,
2772 1974 2866 2029 sed
2886 1976 3206 2044 adjutricem
3225 1976 3248 2030 ἲ
3266 1976 3411 2043 Quo-

1845 2071 2005 2123 modo
2032 2086 2184 2138 ergo,
2220 2086 2344 2122 cum
2373 2070 2649 2121 hominem
2700 2067 3037 2120 nominasset
3069 2068 3260 2132 Adam,
3303 2085 3412 2123 non

1844 2163 1938 2216 dat
1961 2163 2078 2232 ipse
2111 2178 2308 2216 nomen
2333 2161 2581 2213 nmlieri:
2610 2161 2703 2213 sed
2723 2161 2846 2230 jure
2870 2171 2926 2213 et
2956 2160 3154 2214 merito
3187 2162 3270 2216 vir
3290 2164 3413 2233 ejus

1843 2257 2001 2311 Jesus
2027 2257 2143 2324 ipse
2171 2253 2420 2307 nominat
2464 2252 2630 2306 etiam
2690 2267 2844 2305 suam
2885 2268 3134 2316 uxorem,
3188 2261 3244 2307 et
3284 2270 3416 2310 suos

1846 2349 2008 2409 lilios,
2055 2348 2198 2400 sicut
2240 2356 2396 2414 pater
2418 2353 2473 2397 et
2505 2345 2549 2397 is
2575 2344 2670 2413 qui
2697 2344 2886 2397 domui
2924 2344 3206 2413 prassit,et
3238 2344 3415 2399 domi-

1845 2446 2008 2491 natur
2037 2453 2148 2491 sua:
2183 2437 2336 2489 uxori
2369 2437 2565 2490 etsuis
2596 2437 2824 2490 liberis?
2844 2436 3214 2501 Quamobrem
3261 2438 3413 2493 dice-

1846 2530 1939 2583 bat
1959 2530 2121 2584 etiam
2154 2546 2262 2583 non
2297 2530 2461 2583 fallax
2496 2530 2795 2598 legislator,
2820 2529 2969 2598 quod
3003 2529 3119 2598 ipse
3143 2539 3228 2584 est
3251 2532 3414 2585 bonus

1847 2630 2028 2690 pastor
2049 2623 2115 2683 “,
2139 2631 2186 2673 et
2211 2639 2326 2674 oves
2348 2638 2521 2675 uocem
2552 2621 2666 2690 ejus
2685 2621 2933 2683 audiunt,
2963 2630 3010 2674 et
3035 2637 3122 2674 eas
3140 2632 3290 2675 vocat
3322 2639 3416 2676 no-

1847 2713 2090 2766 minatim
2117 2713 2192 2763 ⁶³ε
2224 2713 2327 2766 hoc
2355 2719 2461 2775 est,
2489 2712 2815 2773 nominavit,
2858 2720 2991 2765 tunc
3017 2712 3238 2780 quando
3271 2713 3416 2769 Deus

1846 2818 1940 2857 eas
1959 2801 2269 2856 adduxitad
2304 2801 2594 2864 Adamum,
2621 2810 2682 2854 ut
2701 2801 3018 2871 seiretquid
3049 2817 3142 2857 eas
3169 2814 3414 2858 vocaret.

1849 2893 1957 2948 Sed
2017 2893 2236 2963 quando
2282 2892 2756 2962 congregabantur
2793 2894 3035 2962 quidem,
3091 2894 3417 2949 dicebantur

1849 2984 2036 3038 bestiae
2061 3001 2072 3036 :
2100 2983 2320 3052 quando
2352 2991 2534 3035 autem
2575 2982 2906 3036 introducta:
2936 2992 3065 3037 sunt
3093 2983 3150 3037 in
3190 2985 3413 3054 paradi-

1851 3084 2046 3128 sumet
2080 3075 2130 3127 in
2159 3075 2436 3127 stabulum
2468 3073 2597 3127 boni
2626 3075 2882 3142 pastoris,
2939 3073 3151 3128 eﬂecta:
3191 3075 3414 3129 confor-

1850 3182 1964 3220 mes
1995 3182 2132 3234 agno
2161 3165 2400 3228 Christo,
2427 3166 2613 3218 statim
2642 3181 2775 3219 oves
2799 3165 3092 3218 nominatae
3119 3176 3248 3220 sunt
3295 3183 3414 3221 om-

1851 3272 1970 3310 nes.
2005 3256 2108 3321 Qui
2140 3267 2320 3309 autem
2379 3272 2488 3309 non
2515 3257 2594 3309 sic
2631 3255 2994 3324 intelligetea
3042 3271 3164 3324 qua:
3209 3258 3412 3326 scripta

1854 3358 1980 3403 sunt
2001 3349 2067 3402 de
2097 3349 2372 3417 paradiso,
2402 3348 2549 3402 etde
2587 3347 2780 3401 bestiis
2807 3349 2860 3399 in
2887 3363 3012 3401 eum
3057 3347 3412 3412 introductis,

1853 3440 2166 3495 necessario
2198 3439 2422 3493 omnino
2453 3439 2708 3509 intelligit
2751 3439 3020 3494 Adamum
3074 3441 3300 3510 quidem
3329 3442 3417 3496 in-

1852 3545 1966 3586 star
1984 3531 2192 3586 domini
2233 3541 2288 3586 ct
2333 3532 2479 3601 regis
2535 3531 2685 3585 intus
2726 3532 2954 3586 sedere:
3005 3533 3178 3586 Deum
3231 3542 3415 3590 autem

1851 3625 2282 3693 omnipotentem
2307 3623 2358 3677 ei
2388 3623 2660 3677 serviliter
2686 3623 3018 3689 ministrare,
3049 3633 3104 3678 et
3123 3625 3326 3680 bestias
3347 3626 3415 3680 ad

1853 3715 2144 3769 Dominum
2177 3714 2471 3767 adducere.
2499 3712 2654 3778 Quod
2704 3713 2926 3782 quidem
2983 3724 3068 3768 est
3104 3717 3332 3786 impium
3361 3728 3419 3773 et

1852 3806 2074 3874 plenum
2100 3804 2251 3857 omni
2289 3803 2651 3858 absurditate.
2697 3804 2906 3859 Adamo
2963 3815 3149 3861 autem
3191 3824 3295 3862 non
3320 3812 3418 3878 [est

1852 3894 2091 3944 inventus
2113 3894 2160 3945 ei
2178 3891 2385 3955 similis,
2435 3901 2490 3946 et
2545 3893 2826 3961 quomodo
2870 3894 3001 3948 dum
3039 3896 3202 3951 homo
3246 3909 3332 3954 est
3360 3900 3417 3955 in

1854 3982 2139 4050 periculis,
2171 3991 2227 4036 et
2257 3982 2449 4037 incidit
2472 3982 2527 4036 in
2575 3982 2808 4038 fortuna:
2852 4001 3013 4041 casus
3043 3996 3098 4042 et
3135 3989 3416 4045 calamita-

1856 4081 1956 4134 tes,
1984 4079 2040 4125 ct
2067 4072 2374 4140 adjutorem
2401 4073 2617 4141 quaerit,
2651 4082 2707 4125 et
2744 4074 2945 4129 clamat
2993 4078 3060 4131 ad
3097 4078 3266 4134 Deum
3296 4098 3308 4132 :
3333 4080 3415 4134 Da

1855 4162 1998 4215 nobis
2022 4163 2281 4215 auxilium
2301 4179 2364 4215 ea:
2402 4164 2694 4232 aﬂlictione,
2720 4167 2968 4234 quoniam
3005 4185 3261 4238 pauperes
3289 4171 3417 4239 facti

1853 4267 2032 4304 sumus
2065 4250 2248 4314 valde;
2277 4251 2471 4318 adjuva
2495 4267 2606 4314 nos,
2633 4251 2772 4305 Deus
2811 4265 3048 4308 servator
3064 4266 3238 4309 noster
3258 4258 3322 4310 “.
3351 4257 3415 4312 In

1854 4343 2182 4412 adjutorium
2213 4357 2383 4393 meum
2425 4341 2653 4404 intende,
2686 4340 2929 4407 Domine,
2965 4345 3034 4396 ad
3055 4344 3416 4414 adjuvandum

1853 4453 1933 4488 me
1948 4436 2138 4504 festina
2165 4436 2229 4486 ".
2275 4435 2366 4488 Et:
2402 4433 2563 4503 Eripe
2609 4451 2688 4487 me
2715 4435 2778 4487 ab
2807 4437 3030 4490 inimicis
3067 4439 3194 4491 meis
3224 4438 3292 4503 “,
3320 4437 3416 4493 ad.

1851 4527 2110 4582 vcrsariis
2139 4525 2504 4596 potestatibus
2538 4541 2659 4594 qua:
2689 4541 2775 4580 me
2802 4526 3186 4583 deinerserunt
3207 4529 3261 4583 in
3290 4530 3412 4584 ido-

1852 4622 2124 4675 lolatriam
2173 4631 2230 4675 et
2263 4621 2619 4690 impietatem.
2693 4619 2827 4676 Cum
2858 4622 2973 4676 haec
3006 4631 3063 4677 et
3111 4639 3232 4694 qua:
3285 4636 3415 4681 sunt

1854 4713 2190 4784 hujusmodi,
2209 4712 2373 4767 homo
2396 4715 2555 4784 longo
2582 4722 2825 4784 tempore
2852 4716 3193 4772 clamaretad
3217 4717 3410 4783 Deum,

1853 4819 1909 4862 et
1940 4814 2212 4876 quaereret
2243 4806 2545 4876 adjutorem
2568 4824 2583 4872 ;
2607 4815 2663 4860 et
2697 4807 2853 4860 multi
2886 4807 3266 4863 existimantes
3285 4825 3412 4864 eum

1860 4897 2119 4967 adjuvare
2190 4896 2588 4964 processissent
2642 4895 2696 4949 in
2755 4896 3030 4962 medium,
3069 4897 3414 4966 patriarehze,

1859 4989 2081 5058 inquam
2107 5030 2124 5053 ,
2158 4986 2411 5041 doctores
2443 5027 2456 5052 ,
2501 4987 2782 5057 sophistae,
2807 5005 2992 5059 reges,
3042 4989 3238 5055 Moses,
3285 5004 3414 5060 pro-

1857 5079 2060 5148 pheta,
2108 5079 2256 5148 iique
2312 5086 2370 5131 et
2409 5079 2594 5147 plures
2640 5078 2732 5132 alii
2759 5094 2881 5133 cum
2935 5080 3155 5134 homine
3211 5081 3416 5136 versati

1857 5178 2077 5225 essent:
2103 5184 2210 5222 non
2237 5168 2492 5222 inventus
2520 5175 2604 5222 est
2634 5169 2850 5241 adjutor
2880 5170 2931 5223 ei
2958 5170 3150 5225 similis
3183 5169 3239 5225 in
3265 5171 3417 5225 simi-

1858 5262 2154 5317 litudinem
2176 5261 2417 5315 hominis
2451 5260 2626 5316 factus
2678 5262 2872 5316 homo:
2928 5262 3034 5318 hoc
3054 5273 3156 5328 est,
3187 5265 3329 5318 Deus
3359 5274 3417 5319 et

1857 5353 2042 5417 homo,
2076 5353 2229 5407 solus
2266 5351 2543 5406 hominem
2593 5367 2800 5417 amans,
2831 5352 3070 5424 adjutor,
3111 5355 3256 5408 Deus
3302 5353 3416 5409 for-

1860 5447 1950 5510 tis,
1997 5454 2323 5516 potestatem
2375 5443 2604 5508 habens,
2655 5444 2913 5516 princeps
2962 5446 3135 5515 pacis.
3181 5444 3414 5515 Oportet

1857 5540 2005 5594 enim
2031 5538 2342 5610 adjutorem
2391 5548 2512 5589 esse
2536 5536 2843 5602 fortiorem,
2897 5537 3122 5592 minime
3165 5548 3412 5607 egentem

1517 5694 1562 5725 "
1610 5695 1729 5748 Act.

1517 5806 1530 5818 .
1563 5780 1615 5818 ς.
1649 5765 1734 5818 14.

1872 5694 1968 5758 11;
2024 5709 2094 5753 xi.
2147 5694 2235 5748 15.
2309 5692 2355 5724 ”
2401 5691 2534 5748 Luc.
2590 5710 2642 5755 χ,
2681 5691 2768 5745 19.
2845 5692 2888 5723 "
2933 5691 3122 5746 Matth.
3180 5707 3274 5755 vn,
3326 5693 3415 5744 1.).

1843 5765 1856 5795 ⁵
1910 5763 2119 5818 ibid.5.
2200 5767 2242 5795 “
2277 5763 2414 5818 l‘sal.
2475 5778 2690 5818 i.xxvni.
2718 5763 2771 5818 8.
2797 5763 2849 5818 9.
2927 5764 2971 5795 "
3001 5764 3140 5817 Psal.
3184 5777 3324 5818 uix.
3357 5763 3413 5816 ‘2.

2200 5767 2242 5795 “
2277 5763 2414 5819 l‘sal.
2475 5778 2690 5826 i.xxvni,
2718 5763 2771 5828 8,
2797 5763 2849 5818 9.
2927 5764 2971 5795 “
3001 5764 3140 5817 Psal.
3184 5777 3324 5827 uix,
3357 5763 3413 5816 ‘2.
