4186 6442
797 420 899 480 999

1978 408 2037 465 S.
2082 407 2468 466 ANASTASII
2509 407 2830 467 SlNAl'l'di

3876 410 3897 471 l
3908 413 4013 473 000

797 523 1007 580 auxilii.
1046 523 1177 576 Nam
1222 521 1314 590 qui
1350 531 1434 574 est
1460 522 1697 591 adiutor,
1734 526 1818 573 est
1868 520 2083 589 adiutor
2121 520 2178 572 in
2210 520 2349 587 peri-
2380 525 2419 581 Α

2380 525 2419 581 Α
2453 531 2571 575 aeta
2619 526 2944 591 pwnitcntia
3001 529 3302 580 transmisut
3345 528 3409 580 ad
3462 527 3640 595 ignem
3697 529 4012 579 aeternum?

794 622 936 674 culis
967 630 1022 673 et
1074 618 1239 671 rebus
1291 618 1553 677 adversis,
1596 625 1653 667 ut
1699 615 1791 684 qui
1845 617 1951 668 vim
1998 614 2243 682 repellat.
2284 615 2348 667 Et

795 712 921 766 ideo
955 712 1134 764 dictus
1192 720 1275 763 est
1300 710 1506 769 Crzeee,
1559 706 1769 777 βοηῐιὸς,
1801 722 1829 760 a
1887 707 1937 759 vi
1996 707 2343 774 repellenda:

793 804 938 872 quod
971 802 1194 872 quidem
1235 801 1434 853 dicitur
1482 798 1549 850 de
1602 799 1713 850 sola
1774 796 2030 850 Ecclesia.
2066 794 2119 848 Si
2164 805 2346 849 autem

793 909 1007 948 omnem
1066 909 1281 946 carnem
1317 901 1373 943 ct
1408 892 1683 943 carnalem
1743 889 2025 941 ntulicrcm
2072 888 2349 941 existimas

793 982 1406 1051 nominariadiutricem
1434 980 1704 1032 hominis:
1741 978 2016 1045 quomodo
2063 994 2168 1029 non
2197 979 2346 1029 inve-

792 1077 977 1130 nimus
1003 1084 1123 1143 post
1147 1075 1286 1126 hanc
1311 1073 1637 1142 adiutricem
1666 1086 1786 1138 qu:c
1809 1069 1949 1122 facta
1987 1078 2073 1121 est
2105 1070 2157 1122 in
2190 1085 2345 1136 para-

791 1167 933 1228 diso,
958 1167 1118 1218 aliam
1143 1179 1522 1231 quamcunque
1548 1161 1836 1221 mulierem
1864 1159 2057 1222 sancti,
2096 1170 2189 1212 aut
2215 1175 2344 1211 san~

790 1268 957 1317 ctam,
995 1265 1089 1308 aut
1116 1255 1536 1324 prophetissam,
1570 1263 1664 1304 aut
1696 1251 2018 1321 patriarcha:
2036 1254 2343 1319 coniugem,

790 1351 1115 1418 appellatam
1144 1347 1465 1416 adiutricem
1496 1347 1598 1397 viri
1633 1345 1683 1396 in
1723 1353 1835 1396 tota
1889 1343 2072 1395 divina
2099 1342 2347 1410 Scriptu-

792 1447 879 1496 ra?
932 1442 1228 1508 Diligenter
1286 1437 1432 1490 enim
1484 1437 1588 1489 hoc
1617 1434 1844 1488 scrutati
1879 1449 2070 1487 sumus
2100 1444 2191 1497 ,et
2239 1451 2345 1487 non

793 1531 1124 1586 invenimus.
1160 1528 1291 1582 Nam
1316 1528 1360 1579 si
1387 1541 1678 1579 commune
1705 1540 1928 1586 nomen,
1960 1534 2033 1585 et,
2062 1532 2120 1575 ιιι
2150 1524 2347 1585 dicant,

792 1623 1104 1678 universale
1141 1629 1285 1674 esset
1314 1621 1368 1672 in
1398 1617 1651 1671 muliebri
1687 1631 1896 1685 genere
1919 1616 2073 1677 illud,
2111 1616 2346 1683 ndjutor,

792 1717 909 1770 fieri
942 1732 1048 1768 non
1092 1722 1276 1782 posset
1327 1722 1385 1763 ut
1424 1727 1532 1763 non
1574 1710 1740 1762 situm
1770 1718 1915 1761 esset
1958 1709 2011 1759 in
2067 1707 2346 1773 Scriptura

789 1807 997 1868 divina,
1026 1805 1109 1857 vel
1137 1819 1259 1857 cum
1311 1800 1522 1869 accepit
1558 1799 1661 1852 sibi
1696 1797 2039 1866 adiutricem,
2074 1804 2168 1848 aut
2194 1795 2346 1857 Seth,

788 1909 883 1953 aut
908 1897 1163 1954 Lamech,
1192 1904 1283 1947 aut
1323 1893 1458 1955 Noe,
1512 1901 1609 1945 aut
1645 1891 1940 1951 Abraham,
1998 1897 2093 1941 aut
2150 1886 2349 1955 aliquis

788 1990 951 2044 alius.
978 1990 1081 2043 Sed
1108 1989 1159 2040 in
1191 1986 1452 2039 omnilms
1480 1983 1571 2051 qui
1594 1981 1872 2051 coniuncti
1918 1988 2047 2033 sunt
2072 1994 2195 2033 cum
2227 1995 2346 2031 mu-

789 2079 1040 2141 lieribus,
1075 2078 1148 2129 ita
1173 2075 1413 2144 positum
1443 2072 1712 2125 invenies.
1753 2071 1847 2123 llle
1878 2070 2024 2121 illam
2064 2068 2271 2135 accepit
2294 2067 2348 2119 in

793 2182 1039 2228 uxorem,
1058 2180 1165 2217 non
1199 2166 1250 2215 in
1272 2161 1619 2231 adiutricem.
1657 2159 1874 2227 Absque
1897 2159 2004 2210 ulla
2030 2168 2351 2211 controver-

789 2258 869 2311 sia
897 2256 982 2309 vir
1007 2257 1189 2325 potius
1215 2262 1299 2306 est
1341 2254 1560 2321 adiutor
1605 2253 1850 2319 cujusvis
1880 2250 2151 2312 mulieris,
2176 2250 2348 2315 utqui

791 2352 866 2405 sit
898 2350 1017 2419 ejus
1048 2356 1231 2414 caput,
1266 2356 1492 2398 curator
1552 2352 1607 2395 ct
1634 2343 1908 2395 defensor.
1942 2340 1997 2394 Si
2041 2350 2220 2393 autem
2269 2342 2351 2393 fe-

793 2441 940 2494 mina
958 2448 1043 2492 est
1063 2436 1305 2506 adiutrix
1341 2433 1593 2494 masculi,
1615 2447 1713 2486 cur
1743 2447 1851 2484 non
1883 2430 2055 2498 magis
2088 2430 2350 2482 mulieres

794 2533 849 2584 in
881 2530 1041 2583 hellis
1076 2537 1224 2581 stant
1257 2527 1309 2579 in
1344 2525 1486 2587 acie,
1523 2524 1617 2577 sed
1668 2523 1773 2575 viri
1810 2529 2055 2591 pugnant
2088 2536 2188 2589 pro
2229 2536 2351 2573 mu-

793 2622 1022 2676 liertbus
1068 2628 1165 2672 :et
1205 2633 1300 2686 per
1354 2617 1523 2670 maria
1579 2622 1810 2667 currunt
1859 2613 1987 2675 viri,
2037 2622 2094 2666 et
2148 2623 2349 2665 terram

794 2715 1003 2775 colunt,
1056 2721 1113 2764 ct
1171 2710 1416 2763 omnium
1485 2722 1672 2761 curam
1720 2713 1958 2775 gerunt,
2013 2714 2070 2757 ct
2120 2703 2354 2757 fetutinas

796 2813 1124 2875 protegunt:
1164 2802 1371 2856 nullam
1422 2814 1534 2852 non
1578 2798 1886 2852 machinam
1920 2794 2249 2849 adhibentes
2297 2803 2353 2847 et

794 2902 970 2948 artem
1021 2904 1079 2945 ut
1118 2891 1233 2944 suis
1262 2889 1531 2942 uxoribus
1563 2903 1721 2955 opem
1774 2885 1999 2939 ferant?
2034 2884 2129 2937 Sin
2167 2893 2352 2936 autem

796 2996 1059 3053 tanquam
1106 2996 1331 3036 crassus
1373 2990 1429 3034 et
1476 2988 1690 3033 amator
1725 2976 1911 3030 carnis
1962 2975 2100 3029 dicis
2148 2974 2352 3029 coitum

796 3076 1050 3135 masculi,
1078 3074 1465 3145 adiumcntmn
1492 3088 1504 3121 :
1541 3084 1630 3122 res
1677 3083 1808 3137 ergo
1834 3066 1913 3120 sic
1942 3066 2182 3120 debebat
2219 3081 2353 3134 pro-

2382 1862 2421 1915 Β

2452 610 2595 664 Bona
2624 623 2807 666 autem
2832 626 2884 667 et
2903 617 3142 668 clemens
3177 616 3411 685 adiutrix
3440 616 3550 684 ipsa
3593 614 3797 667 Christi
3824 614 4011 665 Eccle-

2448 706 2552 768 sia,
2587 707 2838 775 praebens
2871 709 3253 775 peecatoribus
3283 708 3461 759 locum
3490 717 3543 759 et
3591 717 3807 771 tempus
3836 704 4012 772 potni-

2451 798 2656 862 tentim,
2684 807 2741 851 et
2773 798 3015 852 latrones
3059 811 3115 853 et
3158 816 3359 868 magns.
3392 809 3447 851 et
3494 798 3587 851 Dei
3623 805 3922 854 negatores
3960 804 4014 846 et

2450 893 2770 946 idololatras
2815 901 2994 962 potest
3049 895 3262 946 elliccre
3305 895 3450 945 cives
3482 892 3603 943 (γυΙί
3656 901 3709 942 ct
3759 888 4014 941 ltzm‘edcs

2450 984 2684 1052 paradisi
2712 1001 2775 1037 ac.
2824 986 2971 1053 regni
3033 987 3318 1037 caelorum.
3354 987 3637 1048 Quomodo
3666 992 3851 1034 autem
3899 980 4012 1047 ipsa

2449 1079 2589 1128 laeta
2639 1085 2723 1129 est
2778 1086 2834 1128 et
2878 1077 3173 1129 constituta
3216 1092 3278 1127 ac
3327 1074 3605 1127 nominata
3662 1071 3908 1139 adiutrix
3957 1079 4014 1120 et

2450 1169 2716 1221 servatrix
2743 1168 2951 1230 mundi,
2983 1168 3171 1219 audiat
3191 1166 3353 1219 surda
3384 1166 3659 1234 Synaguga
3687 1182 3848 1215 suum
3886 1179 4012 1230 pro-

2450 1260 2666 1328 phetam
2692 1259 2890 1311 Mosem
2940 1259 3254 1311 dicentem:
3293 1258 3358 1309 Et
3388 1257 3521 1307 misit
3582 1257 3835 1307 Dominus
3875 1254 4010 1305 Deus

2448 1350 2696 1399 crstusim
2727 1349 2780 1398 in
2803 1348 3083 1405 Adumum.
3117 1355 3164 1398 et
3196 1348 3370 1413 sopiit,
3421 1356 3467 1397 ct
3517 1349 3708 1413 nrt-epit
3750 1361 3914 1396 unam
3949 1360 4011 1394 ei:

2448 1442 2598 1492 costis
2626 1441 2761 1508 ejus,
2786 1450 2830 1491 et
2882 1440 3095 1508 repleri!
3119 1455 3329 1490 carnem
3354 1456 3445 1506 pro
3471 1440 3581 1505 ipsa
3611 1453 3627 1496 ;
3655 1447 3701 1488 et
3725 1437 4010 1501 (edi/iniri!

2450 1533 2699 1585 Dominus
2733 1532 2870 1584 Deus
2931 1542 3125 1583 restant
3166 1548 3323 1599 qumn
3349 1532 3541 1597 arrepit
3592 1545 3652 1580 ex
3696 1529 3902 1580 .tdmno
3957 1528 4009 1577 in

2450 1627 2738 1687 mulierem,
2776 1633 2823 1675 et
2862 1624 3078 1675 adduxit
3103 1639 3218 1674 eam
3245 1622 3311 1673 ad
3340 1622 3615 1673 Arionium.
3674 1617 4009 1671 l’rol'undam

2452 1717 2539 1769 hic
2573 1717 2733 1769 video
2766 1715 3061 1767 dictionem
3087 1723 3141 1766 ct
3176 1710 4009 1780 contemplatudillicilem,cum

2450 1810 2561 1860 sint
2607 1808 2777 1860 multa
2807 1806 2971 1859 dubia
3009 1805 3063 1857 in
3089 1805 3155 1858 iis
3186 1819 3305 1873 qua:
3338 1813 3467 1855 sunt
3525 1800 3824 1870 proposita.
3872 1798 4011 1851 Illud

2448 1906 2573 1951 ante
2595 1899 2700 1951 alia
2728 1897 2930 1951 infideli
2952 1906 3008 1951 et
3025 1897 3229 1950 carnali
3246 1895 3432 1949 .lud:eo
3453 1894 3634 1961 exigat
3663 1892 3935 1951 Ecclesia,
3956 1900 4014 1943 ut

2449 1989 2597 2042 dicat
2627 1990 2926 2057 quomodo,
2965 2004 3089 2043 cum
3120 1990 3267 2042 Deus
3315 1995 3483 2041 staret
3511 1988 3664 2055 iuxta
3714 1984 4010 2041 Adamum.

2448 2093 2504 2136 ct
2557 2082 2726 2135 veluti
2762 2081 2995 2150 quadam
3050 2078 3251 2133 medici
3297 2089 3433 2140 arte,
3483 2087 3541 2130 ut
3596 2087 3653 2131 tu
3701 2074 4011 2133 existimas,

2449 2179 2663 2225 secaret
2695 2172 2814 2241 eius
2840 2181 3067 2231 costam,
3107 2169 3242 2222 dicit
3262 2167 3580 2236 Scriptura:
3632 2164 3863 2233 Repleeit
3894 2182 4010 2215 cur-

2451 2278 2566 2314 nem
2591 2279 2685 2330 pro
2704 2277 2787 2323 ea,
2810 2269 2857 2312 et
2881 2261 3102 2312 adduxi:
3125 2275 3239 2311 eam
3262 2260 3329 2310 ad
3361 2258 3652 2320 Adamum;
3676 2271 3799 2309 cum
3832 2269 4012 2321 nequc

2450 2354 2594 2406 Deus
2623 2356 2981 2413 recessisset,
3016 2367 3193 2419 nequc
3227 2350 3423 2403 mulier
3469 2364 3587 2416 qua:
3617 2351 3755 2401 facta
3784 2356 3907 2400 erat
3947 2361 4014 2397 ex

2450 2442 2678 2503 Adamo,
2709 2441 2803 2494 sed
2827 2441 2990 2493 ambo
3015 2441 3176 2494 simul
3210 2446 3400 2493 essent
3421 2481 3434 2503 ,
3470 2436 3614 2489 umle
3640 2436 3869 2489 adduxit
3893 2450 4011 2488 eam

2452 2537 2597 2589 Deus
2620 2534 2685 2587 ad
2713 2533 3016 2587 Adamum?
3037 2531 3339 2601 Oportebat
3374 2530 3520 2584 enim
3550 2528 3770 2582 dicere:
3826 2526 4018 2592 zEdiﬁ-

2452 2628 2587 2679 mrit
2611 2625 2866 2678 Dominus
2891 2623 3028 2676 Deus
3051 2633 3245 2676 costam
3275 2625 3327 2675 in
3361 2621 3649 2682 mulierem,
3686 2627 3733 2671 et
3788 2619 4014 2671 ostendit

2452 2733 2568 2769 eam
2590 2718 2812 2770 Adamo.
2834 2715 2974 2770 Illud
2990 2714 3161 2778 enim,
3194 2714 3411 2766 adduxit
3435 2710 3844 2780 eam,siguificat
3867 2710 4013 2777 quod

2452 2817 2740 2878 postquam
2771 2808 2887 2877 ipsa
2940 2807 3083 2861 facta
3129 2814 3233 2869 est,
3264 2804 3448 2873 aliquo
3476 2803 3687 2870 aufugit
3737 2812 3793 2854 et
3820 2801 4011 2869 procul

2452 2909 2705 2970 separata
2743 2900 2847 2953 fuit
2877 2916 2906 2952 a
2960 2914 3064 2953 suo
3094 2898 3238 2961 viro,
3272 2896 3469 2950 deinde
3525 2896 3670 2948 Deus
3728 2907 3848 2945 eam
3884 2907 4015 2945 con-

2452 3006 2668 3045 versam
2694 2989 2915 3044 reduxit
2941 2989 3007 3041 ad
3034 2988 3301 3042 Adatnum
3324 2985 3489 3054 906
3509 2983 3812 3053 spiritalem
3840 2991 3893 3033 et
3932 2995 4013 3034 sc-

2454 3093 2725 3148 natorem,
2752 3082 3095 3150 corporalem
3128 3088 3184 3133 et
3212 3079 3333 3148 eius
3361 3078 3647 3145 coniugem
3690 3073 4010 3127 Ecclesiam.

795 3168 1017 3229 cedere,
1048 3174 1105 3220 et
1156 3181 1268 3219 non
1312 3162 1485 3231 magis
1516 3169 1576 3213 ut
1605 3160 1659 3213 in
1708 3158 1908 3212 cubilis
1963 3156 2353 3225 congressibus
2378 3200 2420 3256 ο

2378 3200 2420 3256 ο
2453 3174 2740 3240 Quomodo
2774 3173 2921 3226 enim
2956 3172 3119 3240 paulo
3174 3178 3301 3223 ante
3347 3168 3484 3221 dixit
3514 3167 3801 3235 Scriptura
3840 3180 4011 3232 equo-

799 3261 1057 3315 tollerent
1098 3272 1299 3312 uxores
1324 3255 1535 3325 gladios
1565 3254 1681 3308 suis
1702 3251 2050 3322 coniugibus,
2085 3259 2144 3304 ut
2170 3249 2354 3303 cubile

796 3362 1054 3427 pararent
1082 3353 1226 3409 aliis.

869 3467 975 3524 Sed
1021 3476 1078 3521 et
1108 3466 1282 3527 canis,
1319 3469 1375 3517 et
1400 3476 1549 3521 ursa.
1574 3470 1629 3515 et
1654 3459 1847 3521 lamna,
1886 3467 1942 3511 et
1989 3457 2253 3525 hirundo,
2300 3465 2357 3510 et

798 3582 989 3623 omnes
1038 3564 1256 3618 femina:
1303 3559 1645 3621 animalium,
1687 3555 1955 3609 deberent
1989 3553 2173 3606 vocari
2202 3552 2357 3621 adiu-

800 3662 966 3715 trices
987 3672 1211 3713 suorum
1246 3653 1638 3708 masculorum.
1671 3648 1776 3703 Sed
1804 3662 1912 3699 non
1938 3654 2022 3697 cst
2053 3645 2153 3698 ita:
2186 3659 2358 3713 quan-

800 3751 1095 3821 doquidem
1142 3746 1400 3800 feminam
1433 3740 1867 3809 uniuscuiusque
1892 3734 2109 3806 generis
2133 3749 2230 3787 seu
2260 3749 2357 3785 vo-

800 3846 995 3906 lucris,
1036 3857 1133 3895 seu
1174 3841 1325 3897 ferte,
1360 3851 1456 3890 seu
1517 3832 1753 3903 reptilis,
1799 3838 2022 3883 vocaret
2075 3826 2359 3896 Scriptura

799 3935 1125 4006 adiutricem
1150 3926 1415 3989 masculi;
1460 3924 1555 3979 sed
1605 3935 1949 3992 nequaquam
1982 3920 2085 3973 hoc
2127 3919 2234 3972 dici
2266 3933 2363 3971 au-

800 4028 1045 4082 divimus
1062 4026 1117 4076 in
1137 4019 1419 4090 iumentis,
1442 4024 1538 4069 aut
1560 4014 1771 4077 bestiis,
1796 4022 1889 4066 aut
1909 4010 2248 4071 natatilibus,
2268 4018 2363 4062 aut

805 4114 1156 4170 volucribus:
1188 4108 1280 4162 sed
1310 4108 1366 4160 in
1398 4106 1515 4157 solo
1540 4102 1770 4157 Adamo.
1800 4102 1934 4154 Nam
1968 4100 2013 4153 si
2046 4098 2161 4152 dari
2195 4112 2362 4167 opor—

808 4216 888 4264 tet
946 4204 1322 4273 adiumentum
1349 4211 1413 4251 ea
1444 4192 1742 4248 animantia
1789 4205 1911 4260 quae
1945 4196 2072 4243 sunt
2116 4187 2362 4254 subiecta

808 4296 993 4356 manui
1037 4290 1299 4350 hominis,
1340 4295 1398 4340 et
1449 4284 1502 4338 in
1524 4298 1645 4352 qua:
1685 4294 1910 4349 regnum
1932 4277 2165 4339 obtinet,
2194 4273 2365 4343 magis

809 4398 974 4462 egent
996 4386 1334 4456 adiumento.
1352 4378 1452 4432 llic
1477 4384 1661 4428 autem
1686 4372 1972 4425 audiamus
2000 4366 2362 4427 contrarium,

813 4459 958 4554 quod
995 4475 1204 4533 homini
1230 4472 1325 4543 qui
1375 4476 1460 4523 est
1487 4465 1743 4536 princeps
1788 4472 1844 4517 et
1868 4461 2124 4515 dominus
2150 4499 2165 4523 ,
2197 4473 2254 4514 et
2277 4459 2364 4512 cui

2456 3281 2576 3319 rum
2600 3274 2657 3318 et
2708 3263 3014 3317 bestiarum
3050 3270 3105 3314 ct
3125 3262 3502 3328 iumentorum
3529 3257 3815 3310 (factorem
3843 3255 4011 3307 Deum

2455 3356 2823 3410 adducentem
2847 3354 2914 3406 ad
2942 3352 3212 3407 Adamum
3244 3359 3300 3404 et
3322 3350 3529 3403 bestias
3548 3357 3603 3401 et
3634 3348 3911 3407 volucres,
3941 3346 4012 3397 ita

2458 3461 2607 3502 nunc
2635 3461 2762 3500 eum
2795 3444 2962 3498 refert
2991 3458 3201 3512 sponsa:
3228 3441 3587 3495 deductorem
3648 3436 4011 3491 adducentem

2456 3552 2711 3608 sponsam
2759 3535 2826 3589 ad
2877 3548 3139 3604 sponsum
3183 3530 3487 3586 Christum.
3524 3527 3629 3581 Sed
3672 3534 4012 3579 revertamur

2458 3626 2525 3680 ad
2558 3625 2779 3679 initium
2836 3622 3125 3685 orationis,
3154 3627 3463 3689 quaerentes
3497 3632 3564 3671 ex
3594 3630 3661 3668 eo
3682 3614 3896 3668 discere
3921 3612 4013 3681 qui

2453 3718 2612 3788 iubet
2656 3722 2715 3770 et
2759 3713 2923 3768 dicit:
2948 3711 3175 3777 Quwrite
3212 3720 3261 3763 et
3300 3710 3570 3763 invenietis
3602 3708 3670 3761 ⁸⁷.
3704 3705 4011 3771 Quomodo,

2459 3825 2584 3863 cum
2620 3815 2901 3862 narrasset
2953 3805 3113 3858 nobis
3140 3804 3418 3872 Scriptura
3452 3814 3796 3854 communem
3829 3806 3886 3853 et
3936 3798 4016 3850 ins

2461 3899 2744 3953 dividuam
2816 3906 2874 3949 et
2936 3896 3309 3961 incorruptam
3372 3889 3612 3943 hominis
3652 3896 3709 3941 et
3767 3886 4015 3941 mulieris

2461 3983 3045 4054 creationem,quando
3063 3982 3229 4035 dixit:
3262 3981 3330 4034 Et
3359 3981 3473 4049 fecit
3506 3978 3639 4031 Deus
3657 3977 4016 4041 hominem,cd

2462 4081 2745 4148 imaginem
2788 4076 2886 4131 Dei
2916 4076 3033 4144 fecit
3085 4076 3277 4142 ipsum,
3312 4070 3603 4124 masculum
3652 4077 3701 4122 et
3766 4071 4016 4137 [catinum

2464 4173 2579 4242 [erit
2612 4174 2748 4243 ipsos
2771 4186 2788 4234 ;
2814 4176 3002 4238 postea
3021 4173 3206 4220 narrat
3222 4163 3474 4233 privatim
3500 4176 3563 4214 ac
3587 4160 3862 4228 sigillatitn
3881 4159 4016 4212 duas

2464 4272 2745 4334 separatas
2768 4261 3152 4332 generationes
3186 4256 3409 4326 penitus
3452 4254 3699 4307 diversas
3744 4266 3809 4305 ac
3852 4250 4015 4305 dissi-

2466 4356 2643 4417 miles,
2665 4362 2721 4407 et
2748 4366 2871 4422 qua:
2904 4352 3046 4404 inter
3089 4363 3147 4403 sc
3192 4346 3399 4400 nullam
3450 4342 3655 4397 habent
3704 4342 4018 4396 similitudi-

2469 4459 2801 4513 nem,nequc
2819 4440 2963 4510 quod
2998 4439 3197 4494 attinet
3226 4438 3293 4491 ad
3314 4436 3741 4503 modum,neque
3771 4433 3919 4502 quod
3951 4432 4016 4485 ad

815 4524 947 4631 zu";
1012 4568 1198 4624 mnnia
1251 4524 1504 4632 'subiectzi
1554 4557 1657 4610 sub
1690 4554 1925 4625 pedibus
1953 4554 2105 4622 eius;
2144 4566 2254 4605 non
2283 4559 2366 4604 est
2399 4533 2440 4587 D
2470 4540 2669 4592 locum.
2704 4534 2971 4589 Adamum
3012 4528 3285 4599 siquidem
3334 4528 3465 4582 fecit
3495 4535 3649 4580 extra
3708 4524 4017 4594 paradisum

819 4669 1077 4723 inventus
1112 4659 1331 4728 adiutor
1374 4648 1698 4721 spiritualis,
1747 4645 1965 4715 adiutor
1991 4642 2135 4714 apud
2174 4643 2370 4705 Deum,

819 4760 1038 4830 adiutor
1063 4753 1278 4812 animae,
1299 4756 1448 4800 recte
1472 4755 1660 4796 curam
1688 4752 1887 4808 gerens
1920 4736 2068 4789 illius
2100 4733 2372 4787 hominis:

823 4826 995 4911 illius,
1026 4837 1388 4913 inquam,qui
1441 4831 1641 4888 cecidit
1670 4830 1725 4883 in
1788 4827 2049 4889 latrones,
2102 4836 2158 4879 et
2190 4842 2219 4878 a
2267 4826 2377 4878 Deo

820 4940 1056 5011 aufugit,
1077 4946 1133 4991 et
1155 4934 1261 4987 fuit
1293 4929 1637 4986 vulneratus,
1664 4930 1719 4975 et
1750 4918 1923 4974 evasit
1956 4917 2237 4987 prodigus.
2274 4914 2377 4981 Qui

828 5006 1012 5093 autem
1044 5038 1302 5095 tanquam
1356 5018 1645 5074 haereticus
1665 5022 1720 5067 et
1762 5009 1979 5064 invidus
2004 5006 2266 5063 adversus
2310 5023 2373 5061 ea

820 5141 953 5198 qua:
1006 5122 1266 5174 dicuntur
1302 5108 1655 5168 contradicit,
1716 5103 1811 5157 sed
1872 5109 2063 5155 contra
2108 5098 2372 5168 Spiritum

832 5192 1081 5274 sanctum
1106 5220 1162 5263 et
1186 5207 1464 5263 Christum
1496 5201 1588 5269 qui
1614 5212 1711 5267 per
1739 5211 1801 5248 os
1833 5192 2009 5255 Pauli,
2034 5205 2375 5260 quascunque

831 5312 1096 5366 dicuntur
1112 5303 1179 5356 de
1217 5298 1421 5353 Adamo
1450 5302 1507 5347 et
1543 5292 1672 5351 Eva,
1705 5286 1875 5341 refert
1921 5281 1985 5335 ad
2019 5281 2299 5337 Christum
2322 5291 2377 5333 et

838 5398 1156 5458 Ecclesiam.
1191 5391 1248 5445 Si
1268 5398 1451 5443 autem
1482 5384 1618 5436 dicit
1643 5372 2206 5443 Judmuchgitimum
2248 5386 2385 5440 quo-

839 5504 949 5561 que
974 5486 1178 5539 cultum
1214 5493 1334 5533 esse
1366 5475 1668 5542 adiutorem
1716 5463 1992 5519 hominis:
2056 5459 2385 5531 cuiusmodi,

842 5548 1048 5650 qumso,
1077 5580 1157 5627 est
1197 5570 1245 5624 is
1292 5564 1526 5636 adiutor,
1555 5558 1649 5629 qui
1681 5568 1896 5608 onmem
1955 5557 2267 5619 peccantem
2291 5548 2389 5599 ho-

848 5640 1046 5727 minem
1072 5665 1250 5729 statim
1279 5659 1513 5731 puniens
1545 5655 1682 5706 citra
1716 5642 2197 5707 condonationem,
2243 5640 2390 5694 nulla

923 5852 963 5885 "
1022 5846 1210 5904 Iatth.
1254 5843 1414 5907 vu,7.

2470 4632 2524 4685 in
2559 4627 2796 4699 quodam
2821 4626 2944 4679 loco
2967 4620 3343 4683 inenarrabili,
3369 4631 3427 4674 et
3455 4616 3943 4686 ininterpretabili,
3968 4624 4022 4669 et

2470 4716 3043 4789 incomprehensibili,
3099 4713 3244 4767 sicut
3274 4712 3438 4765 etiam
3499 4709 3631 4763 alibi
3661 4708 3797 4771 dixi,
3823 4708 4019 4762 deinde

2473 4826 2769 4877 eum,cum
2831 4817 2976 4864 esset
3021 4815 3199 4869 extra,
3249 4802 3554 4858 introduxit
3595 4801 3649 4855 in
3674 4800 4019 4870 paradisum:

2476 4908 2763 4962 mulierem
2791 4913 2970 4955 autem
2996 4901 3146 4954 intus
3175 4897 3306 4951 fecit
3349 4895 3404 4948 in
3463 4893 3737 4964 paradiso.
3765 4892 4021 4958 Quando-

2478 4998 2702 5069 quidem
2753 4993 3007 5048 Christus
3052 5002 3273 5059 quoque
3312 4986 3646 5040 mtrinsecus
3692 4999 3723 5036 a
3753 4984 3914 5036 Patre
3960 4993 4023 5033 ex

2481 5093 2600 5145 loco
2654 5089 2841 5158 ignoto
2897 5093 2953 5137 et
2998 5078 3458 5149 ininterpretabili
3488 5078 3634 5146 (cum
3683 5082 3830 5129 esset
3886 5074 4023 5128 Deos

2483 5179 2745 5247 Verbum)
2797 5176 2865 5231 ad
2896 5190 2997 5229 nos
3020 5181 3108 5228 est
3153 5173 3453 5240 ingressus.
3485 5167 3691 5222 Deinde
3732 5165 4022 5220 Ecclesiam

2482 5289 2603 5344 qua:
2634 5272 2858 5332 dicitur,
2908 5267 3230 5336 adiutricem
3265 5262 3396 5316 fecit
3434 5276 3503 5315 ex
3557 5259 3779 5329 propria
3824 5259 3879 5311 iu
3913 5257 4024 5324 ips»

2483 5374 2650 5421 costa.
2679 5364 2746 5418 Et
2777 5362 2901 5415 ideo
2922 5360 3128 5413 divisas
3161 5365 3217 5410 et
3249 5354 3547 5408 dissimiles
3592 5351 3786 5406 Adami
3816 5360 3874 5405 et
3909 5349 4025 5403 Eva:

2485 5455 2871 5525 generationes
2897 5451 3057 5505 nobis
3103 5448 3269 5502 refert
3300 5460 3455 5500 sacra
3487 5444 3792 5512 Scriptura,
3848 5449 3910 5495 ut
3936 5437 4023 5506 qui

2488 5549 2638 5601 illum
2669 5544 2894 5616 quidem
2926 5557 2992 5596 ex
3023 5550 3167 5594 terra
3193 5537 3432 5592 inanima
3478 5534 3629 5606 prius
3659 5533 3877 5588 tinxerit
3915 5532 4027 5584 ina-

2490 5639 2729 5703 nimum;
2765 5644 2819 5691 et
2863 5631 3060 5689 deinde
3090 5628 3329 5686 Verbum
3374 5640 3532 5683 suum
3567 5636 3623 5681 et
3662 5624 3858 5688 Deum,
3911 5633 4025 5678 cum
