4186 6442
199 432 294 495 183

189 550 331 596 esset
361 538 618 593 inanimis
645 537 844 607 (neque
897 535 1044 589 enim
1070 548 1135 586 ex
1162 549 1218 586 se
1242 541 1326 586 est
1352 529 1579 590 animal)
1629 527 1749 581 ani-
1781 532 1823 586 Α

193 642 416 686 malum.
446 645 571 682 eum
606 646 712 682 non
740 638 889 682 esset
925 627 1148 688 animal,
1205 624 1508 677 animatum
1547 618 1750 690 produ-

193 724 330 775 xerit
359 731 450 773 :ct
485 720 683 774 deinde
716 719 991 779 animarit,
1019 716 1260 779 tinxerit,
1315 725 1370 768 et
1411 711 1708 767 viviticarit
1739 729 1749 762 ε

195 813 333 864 hanc
371 826 502 862 vero
537 808 874 861 exanimata
917 807 1236 868 :mimatam,
1289 813 1345 858 et
1393 819 1462 856 ex
1513 801 1754 871 perfecta

193 902 515 971 perfectam.
556 909 611 954 et
638 916 700 952 ex
753 899 872 950 \iva
927 897 1202 950 viventem
1237 896 1408 948 vitam
1459 894 1758 948 fabricatus

194 994 258 1046 sit
309 1003 368 1046 et
411 993 736 1060 appellarit,
784 992 887 1045 hoc
938 1000 1042 1051 est,
1093 990 1142 1043 ei
1175 988 1446 1058 placuerit
1481 997 1539 1041 ιιι
1593 988 1756 1040 honm

195 1093 380 1136 ruente
411 1094 468 1136 et
495 1085 678 1136 anima
723 1082 986 1151 praeditus
1045 1081 1202 1134 ﬁeret
1238 1079 1498 1133 Verbum.
1560 1080 1759 1132 Factus

191 1178 339 1230 enim
375 1177 539 1228 homo
589 1177 888 1233 animatus.
913 1174 1211 1227 Ecclesiam
1267 1188 1330 1225 cx
1363 1189 1421 1226 se
1446 1172 1755 1235 :editicavit,

194 1269 497 1323 animatam
526 1268 734 1337 Spiritu
763 1277 976 1320 sancto.

264 1360 324 1414 Si
396 1370 580 1414 autem
618 1375 740 1427 qua:
797 1358 922 1410 dir-o
991 1356 1204 1417 irridet,
1262 1369 1492 1422 corpora
1548 1352 1768 1420 sapiens

192 1451 448 1512 Jmlmus,
489 1452 604 1519 ipse
650 1450 810 1503 nobis
843 1448 987 1502 dicat
1019 1447 1298 1516 quomodo
1329 1448 1473 1500 Deus
1508 1444 1764 1510 olnnipo-

194 1552 344 1604 tens,
375 1541 470 1610 qui
496 1556 688 1593 omnes
713 1539 965 1592 cmlestes
986 1538 1222 1590 virtutes
1249 1536 1301 1588 iu
1333 1541 1611 1588 momento
1632 1539 1767 1584 tem-

192 1634 348 1702 poris
384 1633 550 1686 sinml
602 1634 674 1684 ita
716 1639 776 1682 ut
809 1646 909 1699 per
957 1644 1016 1683 se
1055 1638 1242 1683 essent
1303 1625 1533 1702 creavit,
1590 1623 1765 1678 solum

193 1726 485 1779 hominem
538 1733 595 1777 et
652 1724 946 1776 humanam
979 1722 1385 1776 multitudinem
1441 1733 1548 1772 non
1604 1716 1766 1770 simul

195 1817 380 1877 tinxit,
434 1829 612 1882 neque
667 1814 811 1882 ipsos
859 1812 1027 1875 duos,
1085 1811 1374 1872 Adamum,
1415 1808 1656 1875 inquam,
1712 1813 1769 1858 et

194 1904 412 1958 Evam?
454 1904 608 1958 Unde
639 1905 804 1956 etiam
837 1917 963 1956 cum
991 1916 1184 1955 omnes
1215 1899 1433 1952 fecisset
1486 1897 1689 1950 bestias
1714 1903 1770 1946 et

194 1994 511 2048 animantia
531 2001 588 2046 et
624 1991 879 2045 volucres
901 1999 958 2044 et
1007 1989 1190 2059 pisces
1219 1987 1522 2041 secundum
1574 1999 1770 2054 genus,

195 2097 258 2141 ut
283 2092 623 2155 generarent
678 2085 962 2137 masculus
1009 2089 1067 2135 et
1115 2081 1316 2134 femina
1373 2095 1471 2148 per
1519 2087 1772 2131 mutuum

197 2179 350 2232 inter
392 2191 453 2230 se
481 2191 842 2246 congressum
875 2183 930 2228 et
957 2175 1185 2236 coitum,
1213 2187 1558 2241 nequaquam
1587 2171 1640 2223 in
1669 2170 1776 2223 illis

195 2269 469 2324 omnibus
514 2267 820 2320 nominavit
848 2265 1135 2334 Scriptura
1162 2263 1467 2318 masculum
1511 2272 1567 2316 et
1603 2261 1766 2315 femi-

198 2377 352 2422 nam,
386 2359 495 2412 nisi
524 2359 578 2411 in
603 2359 720 2411 sole
750 2358 975 2411 homine
1011 2367 1069 2410 et
1100 2357 1233 2416 Eva,
1286 2354 1517 2408 dicens:
1565 2354 1776 2406 Mascu-

199 2456 310 2508 tum
367 2464 418 2506 ct
451 2455 705 2522 feminam
747 2452 865 2520 fecit
899 2467 1008 2504 eos.
1043 2449 1199 2515 Quod
1224 2447 1448 2516 quidem
1489 2461 1591 2499 nos
1617 2445 1779 2500 docet

198 2546 538 2602 admirabile
609 2544 963 2612 mysterium;
1024 2542 1149 2595 dico
1213 2549 1398 2594 autem
1457 2537 1778 2607 mysterium

198 2639 416 2694 Christi
449 2646 507 2692 et
539 2637 820 2692 Ecclesiae.
869 2634 1011 2689 Dicit
1050 2633 1200 2687 enim
1235 2650 1248 2686 :
1291 2631 1356 2685 Et
1383 2631 1602 2684 immisit
1641 2627 1780 2681 Deus

199 2734 461 2786 exstasim
493 2733 546 2784 in
571 2732 791 2785 Adamo.
821 2731 941 2784 Non
967 2729 1128 2791 dixit,
1183 2729 1344 2792 misit,
1393 2726 1511 2789 sed,
1533 2725 1781 2789 immisit;

203 2825 312 2879 hoc
337 2832 459 2877 est:
489 2822 609 2876 Non
639 2821 706 2874 ad
752 2821 859 2874 hoc
911 2820 1058 2890 quod
1116 2819 1357 2872 habebat
1384 2815 1778 2878 essentialitcr,

204 2916 446 2969 immisit
473 2914 618 2969 Deus
663 2922 720 2967 et
749 2913 930 2979 Pater,
963 2912 1058 2967 sed
1087 2912 1154 2965 ad
1190 2911 1242 2964 id
1293 2909 1443 2979 quod
1490 2925 1591 2978 per
1629 2907 1782 2962 addi-

204 3007 422 3062 tionem
452 3021 522 3059 ex
549 3005 957 3074 dispensatione
974 3003 1167 3057 habuit
1189 3019 1287 3072 per
1307 3016 1551 3056 carnem.
1583 3000 1784 3054 Exces-

206 3100 281 3153 sit
314 3099 470 3152 enim
501 3097 676 3151 factus
697 3097 842 3166 quod
879 3112 988 3150 non
1025 3103 1168 3157 erat,
1224 3109 1453 3148 manens
1507 3101 1690 3146 autem
1727 3091 1781 3146 id

1250 425 1328 485 IN
1369 417 1912 484 HEXAEMERON.
1946 443 2012 452 —
2040 418 2186 476 LIB.
2230 417 2312 475 IX

3279 405 3414 472 1002

1855 525 2178 595 (Synagoga.
2205 525 2449 593 inquam,
2477 523 2816 591 Judaeorum)
2845 530 3100 576 manente
3140 535 3252 576 non
3279 520 3416 574 sub-

1847 619 2012 687 jecta.
2046 618 2120 670 Ea
2152 618 2219 671 de
2249 631 2414 671 causa
2443 614 2579 668 dicit
2600 613 2748 682 quod
2776 612 2994 683 accepit
3019 629 3182 667 unam
3205 629 3274 670 ex
3295 612 3421 684 ejus

1851 709 2022 762 costis
2049 727 2060 759 :
2090 724 2197 762 una
2231 709 2380 762 enim
2394 704 2742 769 "assumitur,
2773 705 2880 760 alia
2909 719 3041 759 vero
3095 705 3418 761 dimittitur.

1854 799 1999 851 Duas
2033 813 2164 868 ergo
2191 809 2372 852 costas
2400 797 2664 859 diximus,
2699 796 2838 850 duas
2873 795 3183 852 Ecclesias:
3221 812 3420 867 nempe

1851 907 1972 945 eam
2004 907 2126 960 qua:
2150 897 2238 943 est
2269 905 2333 943 ex
2349 889 2606 960 gentibus
2625 897 2681 943 et
2707 903 2830 944 eam
2854 905 2976 958 qua:
3003 898 3171 944 estex
3191 887 3420 954 Judmis,

1853 981 2296 1053 quamloquidem
2328 990 2550 1050 propter
2564 996 2683 1035 eam
2711 988 2920 1034 costam
2944 997 3064 1050 qua:
3089 989 3309 1052 sumpta
3335 991 3424 1038 est

1857 1085 1913 1128 et
1944 1075 2208 1128 aediﬁcata
2235 1073 2290 1126 in
2321 1074 2631 1136 mulierem,
2678 1072 2888 1126 dictqu
2919 1080 3004 1126 est
3045 1072 3113 1126 de
3146 1073 3375 1129 Christo
3407 1091 3424 1129 :

1866 1158 2146 1236 Relinquat
2168 1175 2374 1235 patrem
2399 1183 2552 1219 suum
2577 1166 2883 1220 secundum
2928 1180 3178 1230 carnem,
3229 1182 3428 1236 nempe

1861 1259 2122 1328 populum
2174 1258 2485 1319 Iudaicum,
2527 1264 2577 1308 et
2622 1266 2846 1310 matrem
2893 1274 3048 1311 suam
3069 1273 3194 1326 qua:
3249 1257 3429 1326 ipsum

1863 1353 2080 1420 peperit
2111 1350 2450 1419 Synagogam
2476 1367 2488 1401 :
2519 1357 2566 1401 et
2615 1348 2900 1401 ndhwrebit
2930 1350 3084 1402 uxori
3117 1364 3246 1410 sum,
3307 1363 3432 1418 qua:

1863 1455 1932 1494 ex
1959 1457 2026 1495 eo
2053 1448 2182 1494 nata
2227 1451 2314 1494 est
2359 1450 2546 1501 costaz,
2572 1439 2836 1494 Ecclesia:
2887 1440 3102 1494 scilicet
3147 1441 3430 1511 gentium:

1867 1541 1916 1585 et
1952 1542 2102 1585 erunt
2143 1532 2245 1585 duo
2277 1533 2330 1585 in
2355 1548 2568 1585 carnem
2599 1548 2762 1584 unam
2807 1531 2872 1584 ⁷⁸.
2911 1529 3166 1586 Christus
3196 1533 3343 1588 enim
3375 1540 3433 1588 et

1867 1623 2112 1677 Ecclesia
2146 1640 2252 1677 una
2300 1633 2386 1678 est
2435 1623 2731 1678 consensio
2780 1634 2836 1678 et
2889 1624 3273 1678 consonantia.
3323 1624 3436 1679 hos

1867 1716 2012 1769 enim
2039 1732 2233 1770 sumus
2249 1732 2450 1784 corpus
2466 1716 2698 1779 Christi,
2713 1726 2768 1770 et
2793 1715 3038 1770 membra
3059 1731 3124 1770 ex
3149 1717 3432 1780 membris.

1868 1815 1924 1860 et
1955 1824 2150 1862 carnes
2197 1817 2255 1862 et
2298 1824 2443 1878 ossa.
2475 1809 2593 1862 Dici
2624 1817 2848 1878 possunt
2882 1810 3046 1864 etiam
3105 1809 3226 1864 dua:
3271 1819 3436 1864 costas

1870 1900 2074 1954 Christi
2111 1900 2339 1954 secundi
2397 1900 2614 1964 Adami,
2643 1902 2762 1971 ejus
2784 1901 3050 1955 divinitas
3078 1911 3134 1956 et
3182 1903 3439 1957 humani-

1873 2005 1975 2059 tas,
2016 1996 2186 2050 altera
2219 1995 2440 2064 quidem
2474 1995 2691 2064 (nempe
2720 1996 2870 2063 caro)
2901 1996 3146 2066 subjecta
3185 2007 3241 2051 et
3276 2013 3440 2067 supe-

1875 2095 1989 2140 rata
2018 2102 2048 2139 a
2078 2101 2272 2140 somno
2292 2085 2511 2149 mortis;
2542 2085 2807 2140 divinitas
2839 2101 2972 2140 vero
3025 2101 3136 2139 non
3193 2087 3438 2157 subjecta

1873 2190 1930 2234 et
1969 2187 2228 2247 superata
2260 2193 2290 2230 a
2343 2193 2540 2233 somno
2573 2176 2791 2241 mortis,
2833 2177 2931 2230 sed
2978 2176 3145 2232 altior
3191 2178 3439 2248 subjecta

1874 2269 2046 2322 altera
2073 2279 2224 2322 costa
2251 2267 2455 2321 carnis.
2486 2265 2661 2333 Quam
2711 2265 2933 2335 quidem
2966 2282 3095 2320 cum
3131 2267 3442 2337 accepisset

1875 2361 2040 2423 Deus,
2078 2359 2375 2414 :editicavit
2403 2374 2522 2413 eam
2576 2359 2631 2412 in
2659 2359 2950 2413 mulierem
2995 2358 3331 2414 Ecclesiam:
3383 2367 3443 2414 et

1876 2466 1976 2520 pro
2005 2467 2070 2504 ea
2091 2450 2321 2520 replevit
2341 2449 2547 2505 Christi
2559 2463 2803 2503 carnem.
2818 2448 2952 2503 Nam
2971 2465 3094 2503 cum
3113 2465 3214 2505 nos
3241 2449 3443 2518 imper-

1879 2542 2061 2596 tiisset
2092 2541 2410 2604 divinitate,
2440 2539 2683 2594 vicissim
2705 2555 2736 2593 a
2764 2539 2925 2594 nobis
2958 2541 3171 2608 accepit
3197 2555 3440 2595 carnem.

1879 2633 1955 2688 De
1994 2649 2101 2702 qua
2131 2632 2538 2702 permutatione
2576 2631 2690 2685 Deo
2737 2630 2958 2684 dicebat
2994 2630 3186 2694 David,
3243 2631 3442 2685 adver—

1881 2741 1974 2778 sus
1995 2725 2214 2779 Judzeos
2247 2723 2560 2778 exclamans
2601 2731 2657 2777 et
2686 2721 2877 2776 dicens
2924 2740 2936 2775 τ
2985 2721 3446 2792 Exprobraoernnt

1881 2815 2407 2866 communicationem
2435 2810 2628 2865 Christi
2676 2812 2752 2864 tui
2783 2813 2822 2842 τε
2849 2827 2864 2875 ;
2925 2811 3030 2866 hoc
3086 2820 3193 2872 est,
3223 2828 3446 2868 carnem

1882 2905 2334 2959 Filiiatl'ecerunt
2379 2902 2583 2974 probro
2633 2912 2691 2958 et
2733 2902 3086 2957 contumelia.
3133 2903 3202 2957 Et
3234 2906 3450 2960 immisit

1885 2996 2024 3050 Deus
2049 2996 2298 3049 exstasim
2321 2997 2375 3048 in
2393 2994 2585 3055 Adam.
2609 3003 2657 3047 et
2677 2995 2855 3064 sopiit,
2889 3002 2936 3046 et
2960 2996 3155 3064 accepit
3199 3012 3361 3050 unam
3385 3012 3451 3051 es

1885 3090 2038 3142 costis
2057 3089 2190 3158 ejus.
2217 3087 2322 3141 Per
2349 3086 2454 3139 hoc
2477 3085 2742 3140 discimus
2774 3085 2922 3154 quod
2952 3086 3006 3139 in
3039 3087 3244 3143 Christi
3271 3097 3450 3145 morte

207 3190 359 3260 quod
398 3197 522 3243 erat
556 3189 699 3242 Deus
718 3189 983 3241 Verbum:
1010 3185 1244 3241 excessit
1274 3200 1405 3239 eum
1431 3195 1572 3239 esset
1599 3183 1780 3237 nudus
1811 3194 1855 3254 ο
1890 3189 2081 3235 exorta
2109 3187 2196 3234 est
2246 3186 2304 3233 et
2359 3179 2414 3233 in
2473 3179 2651 3233 lucem
2683 3178 2954 3248 processit
3001 3179 3281 3246 Ecclesia,
3327 3196 3451 3251 qua:

205 3290 264 3334 et
291 3280 718 3348 incompositus,
744 3279 920 3333 factus
953 3277 1291 3347 compositus
1347 3278 1492 3332 Deus
1535 3277 1695 3330 simul
1730 3284 1786 3331 et

211 3371 403 3424 homo.
434 3371 513 3422 De
537 3386 642 3438 qua
661 3369 862 3422 exstasi
890 3384 988 3423 seu
1031 3384 1261 3422 excessu
1320 3376 1376 3422 et
1404 3368 1787 3422 incarnatione

210 3463 356 3516 dixit
386 3461 439 3515 ei
474 3462 740 3528 propheta
795 3460 1084 3514 llabacuc:
1139 3459 1443 3512 Dissecuisti
1499 3459 1555 3511 in
1591 3461 1789 3513 exstasi

212 3556 393 3623 capita
431 3562 706 3622 potentum
740 3553 808 3616 ⁸⁸,
839 3554 943 3606 hoc
1001 3561 1108 3616 est,
1141 3552 1500 3607 adversarum
1552 3560 1792 3622 potesta-

215 3654 356 3700 tum.
386 3647 496 3699 Pro
524 3643 727 3698 exstasi
757 3653 941 3698 autem
969 3645 1112 3699 alius
1141 3644 1420 3713 interpres
1445 3645 1582 3698 dixit
1611 3653 1792 3713 torpo-

215 3753 367 3799 rem;
400 3735 570 3799 alius,
594 3743 919 3798 veternum;
947 3734 1089 3789 alius
1122 3752 1400 3789 somnum.
1441 3736 1654 3805 Torpor
1689 3752 1790 3788 au-

217 3835 353 3889 tem,
380 3834 649 3879 veternus
668 3835 724 3878 et
751 3841 1002 3888 sonums,
1029 3836 1160 3881 sunt
1193 3828 1320 3880 vitre
1351 3837 1407 3881 ct
1445 3828 1641 3880 mortis
1665 3843 1793 3896 par-

220 3917 456 3986 ticipes;
493 3925 551 3969 ut
575 3916 620 3969 si
651 3916 864 3971 diceret
897 3935 910 3970 :
948 3917 1109 3971 Prius
1142 3918 1469 3973 immortalis
1502 3928 1557 3972 et
1587 3920 1795 3973 insom-

218 4011 310 4064 nis
337 4011 488 4063 Deus
515 4009 756 4062 Verbum
791 4010 843 4061 in
872 4024 1098 4063 excessu
1123 4017 1179 4062 et
1203 4009 1353 4061 exitu
1390 4023 1421 4062 e
1450 4008 1602 4062 cretis
1630 4025 1793 4062 carne

218 4108 678 4170 suscepta,carne
697 4100 862 4154 etiam
882 4101 1120 4169 gustavit
1136 4117 1385 4154 soumum
1401 4101 1592 4154 mortis
1618 4101 1794 4155 factus

221 4190 841 4260 homo.Sapientissime
869 4201 1050 4244 autem
1078 4191 1286 4245 dictum
1318 4200 1401 4244 est
1433 4191 1578 4260 quod
1613 4192 1798 4245 Domi-

219 4298 330 4336 nus
357 4282 496 4336 Deus
521 4283 735 4335 immisit
768 4281 824 4333 in
852 4283 1027 4350 ipsum
1052 4281 1193 4334 hanc
1223 4283 1468 4334 cxstusim
1491 4298 1586 4334 seu
1611 4297 1798 4337 exces-

219 4388 372 4436 sum,
403 4380 462 4427 et
477 4372 667 4440 sopiit.
694 4372 828 4424 Deus
856 4372 1004 4424 enim
1031 4381 1086 4423 et
1119 4371 1279 4423 Pater
1301 4372 1510 4440 proprio
1531 4369 1664 4422 Filio
1696 4387 1798 4422 non

222 4464 456 4533 pepercit
481 4500 496 4524 ,
525 4461 616 4513 sed
647 4477 741 4529 pro
765 4461 909 4514 nobis
930 4461 1164 4513 omnibus
1211 4462 1426 4514 tradidit
1457 4463 1626 4530 ipsum
1656 4463 1700 4493 ⁶⁹
1731 4461 1798 4515 ad

1889 3274 2110 3344 quidem
2156 3283 2240 3328 est
2287 3281 2460 3327 costa.
2511 3272 2880 3338 Quamobrem
2935 3271 3190 3328 Christus
3231 3289 3452 3344 quoque

1891 3377 2016 3437 post
2041 3375 2275 3419 mortem
2309 3374 2551 3434 punctus
2583 3365 2638 3417 in
2677 3379 2789 3417 uno
2840 3364 3034 3428 latere,
3097 3373 3353 3435 tanquam
3382 3382 3452 3422 ex

1890 3458 2228 3528 scaturigine
2262 3458 2447 3511 emisit
2480 3457 2800 3526 sanguinem
2833 3465 2888 3510 et
2921 3473 3153 3526 aquam;
3215 3460 3320 3514 hoc
3344 3471 3451 3527 est,

1891 3549 2213 3619 mysterium
2249 3557 2304 3600 et
2354 3551 2825 3617 regenerationem
2856 3548 3118 3604 Ecclesia:
3147 3566 3245 3620 per
3271 3551 3452 3620 ignem

1891 3650 1947 3694 et
1975 3656 2192 3709 aquam.
2229 3641 2295 3694 Et
2339 3656 2448 3694 non
2482 3641 2580 3693 fuit
2624 3641 2902 3695 sauciatus
2949 3642 3001 3694 in
3046 3643 3222 3696 altero
3247 3644 3450 3699 latere.

1891 3732 2023 3802 quid
2065 3732 2211 3784 enim
2263 3731 2366 3786 fuit
2409 3731 2807 3801 impedimento
2826 3732 3139 3787 Judreorum
3192 3735 3450 3798 insaniae,

1893 3824 2191 3893 quominus
2225 3832 2510 3892 pateretur
2547 3824 2812 3878 Dominus
2862 3824 2915 3878 in
2940 3824 3233 3894 utrisque?
3263 3825 3370 3881 Sed
3393 3837 3456 3882 ut

1893 3915 2170 3970 discentes
2220 3915 2364 3984 quod
2411 3925 2559 3968 costa
2585 3916 2898 3970 Juda'orum
2967 3932 3086 3971 eam
3135 3934 3245 3973 non
3299 3919 3456 3974 novit

1898 4007 2163 4075 mulgere,
2213 4021 2276 4059 ea
2313 4005 2380 4058 de
2412 4021 2572 4059 causa
2605 4005 2857 4060 Christus
2883 4008 3201 4063 vulneratur
3235 4010 3288 4064 in
3322 4026 3453 4067 una.

1895 4099 2065 4154 Unam
2117 4107 2297 4151 autem
2328 4109 2532 4151 costam
2565 4098 2776 4166 accepit
2819 4099 2964 4152 Deus
2988 4099 3248 4156 Verbum.
3304 4102 3452 4170 Quo-

1896 4188 2040 4242 niam
2077 4197 2262 4241 autem
2294 4203 2360 4242 ex
2396 4187 2508 4241 sola
2543 4197 2716 4242 matre
2779 4187 2967 4258 (super
3013 4189 3289 4261 naturam)
3331 4208 3456 4248 ear-

1897 4295 2022 4333 nem
2060 4280 2304 4348 suscepit
2347 4280 2551 4348 absque
2595 4280 2733 4342 viro,
2759 4281 2924 4334 etiam
2957 4282 3185 4350 replevit
3234 4300 3456 4341 carnem

1898 4388 2006 4426 non
2056 4372 2376 4425 seminatam
2425 4388 2523 4438 pro
2557 4372 2645 4425 illa
2680 4381 2830 4425 costa
2863 4389 2983 4442 qua:
3016 4385 3232 4444 sumpta
3274 4388 3457 4435 estex

1904 4465 2109 4519 Adamo
2137 4464 2191 4517 in
2221 4479 2464 4517 uxorem.
2501 4465 2795 4533 Postquam
2846 4465 3023 4521 dixit:
3057 4467 3125 4522 Et
3179 4469 3459 4536 ediﬁcaoit

195 4563 489 4614 -mortem,
547 4550 602 4604 in
633 4567 742 4618 qua
769 4551 1007 4605 excessit
1051 4550 1337 4619 impolluta
1372 4552 1493 4620 ejus
1534 4551 1716 4604 anima
1764 4567 1795 4605 a
1829 4539 1872 4593 Ῑ)
1901 4553 2154 4607 Dominus
2189 4553 2325 4606 Dens
2361 4561 2579 4614 costum,
2611 4552 2816 4607 faciens
2845 4556 3147 4623 perfectum
3192 4568 3457 4628 punctum

225 4641 590 4697 sanctissimo
617 4656 847 4710 corpore
899 4649 1182 4709 separata:
1243 4657 1368 4696 cum
1414 4641 1529 4710 ipse
1575 4658 1797 4710 quoque

223 4735 563 4789 excessisset
587 4750 614 4786 a
641 4734 995 4802 corruptione
1047 4734 1102 4787 in
1159 4735 1650 4803 incorruptionem,
1683 4745 1740 4788 et
1768 4751 1797 4789 a

229 4834 409 4879 morte
440 4824 509 4876 ad
539 4824 1033 4889 immortalitatem,
1079 4825 1289 4878 habens
1330 4840 1462 4879 vere
1494 4825 1798 4880 admirabi-

229 4917 341 4970 lem
363 4925 420 4969 et
451 4915 800 4983 spiritualem
829 4915 1091 4968 exstasim
1124 4931 1220 4968 seu
1253 4930 1563 4970 excessum.
1592 4917 1666 4969 De
1690 4933 1801 4986 quo

224 5008 366 5060 dicit
395 5007 586 5060 Deus:
642 5005 709 5058 Et
735 5007 951 5058 immisit
983 5006 1234 5059 Dominus
1279 5004 1419 5058 Deus
1460 5006 1707 5058 exstasim
1743 5008 1799 5058 in

225 5096 520 5158 Adamum,
547 5103 596 5146 et
623 5095 800 5162 sopiit,
835 5103 882 5145 et
911 5098 1104 5163 accepit
1125 5110 1287 5147 unam
1305 5110 1368 5146 ea:
1390 5096 1540 5147 costis
1573 5095 1704 5163 ejus.
1736 5094 1804 5147 Et

222 5201 334 5238 cur
358 5183 615 5239 costam?
664 5184 983 5253 Suhjeetum
1019 5185 1329 5238 membrum
1352 5226 1366 5248 ,
1397 5185 1693 5238 dormienti
1717 5193 1805 5237 est

227 5291 343 5329 una
377 5284 534 5329 costa
563 5284 765 5343 pra-ter
795 5284 994 5329 caetera
1034 5277 1277 5330 membra
1308 5294 1321 5329 :
1358 5292 1524 5344 super
1551 5277 1657 5330 alia
1703 5291 1804 5330 au-

225 5380 347 5421 tem
381 5367 632 5421 membra
665 5375 748 5420 est
778 5368 1033 5436 imposita
1063 5383 1322 5437 superne.
1345 5368 1655 5422 Ostendens
1678 5383 1807 5437 ergo

226 5462 384 5515 Mus
412 5461 562 5530 quod
592 5469 743 5514 costa
768 5477 891 5530 qua:
922 5461 1027 5514 fuit
1047 5461 1343 5530 aliquando
1365 5462 1611 5530 subjecta
1631 5461 1808 5530 (nem-

226 5565 308 5620 pe
331 5551 602 5619 Ecclesia)
641 5552 967 5621 subjicictur
997 5552 1242 5616 Christo,
1283 5553 1458 5607 altera
1486 5553 1606 5622 ejus
1651 5562 1805 5606 costa

312 5752 356 5824 'f
391 5749 590 5824 liabac.
620 5765 698 5824 In,
729 5749 814 5802 15.
889 5749 934 5779 '9
961 5749 1114 5804 Rom.
1138 5765 1252 5812 vm,
1287 5751 1376 5804 52.
1430 5751 1473 5781 7°
1495 5749 1632 5804 Gen.
1675 5765 1730 5815 ιι,
1753 5749 1785 5803 :2

1850 5749 2058 5806 ,Mattb.
2087 5766 2192 5803 xix.
2233 5754 2288 5815 5;
2329 5751 2522 5824 Ephcs.
2552 5764 2606 5813 v,
2637 5748 2725 5802 3i.

226 5823 280 5856 τ’
318 5821 358 5875 ll
390 5821 516 5875 Cor.
553 5835 629 5880 ιι,
665 5819 722 5872 ‘2.

519 5915 790 5974 Panos.
828 5914 942 5976 Gn.
980 5915 1313 5976 LXXXIX.

1899 4661 2127 4710 magnus
2155 4645 2427 4707 Clemens,
2455 4654 2513 4698 et
2557 4653 2685 4698 tunc
2712 4660 2905 4699 versus
2957 4646 3164 4702 faciens
3214 4650 3458 4716 initium,

1901 4737 2214 4803 subiunxit:
2249 4734 2419 4798 Quum
2444 4737 2640 4805 accepit
2671 4735 2736 4788 ab
2780 4735 2950 4789 Adam
2974 4721 3027 4790 in
3064 4738 3370 4803 mulierem;
3402 4752 3461 4796 et

1902 4827 2034 4881 mihi
2071 4828 2290 4880 videtur
2339 4827 2425 4896 pie
2449 4826 2742 4880 admodum
2791 4829 3089 4884 attendisse
3136 4831 3457 4888 dictionem.

1905 4919 2039 4972 Nam
2071 4917 2414 4971 Theodotion
2469 4933 2687 4985 quoque
2737 4916 2818 4971 sic
2848 4917 3104 4971 distinxit
3136 4919 3280 4974 idem
3330 4939 3458 4976 ver-

1906 5006 2058 5066 bum,
2083 5014 2145 5058 ut
2189 5005 2260 5059 sit
2297 5003 2349 5057 id
2400 5004 2545 5072 quod
2589 5004 2830 5057 dicitur:
2871 5004 2938 5058 Et
2975 5005 3253 5073 tediﬁcavit
3283 5007 3463 5063 Domi-

1908 5113 2002 5149 nus
2036 5096 2197 5159 Deus,
2227 5105 2274 5147 et
2301 5097 2526 5157 ornavit,
2570 5105 2942 5164 venustamque
2974 5105 3023 5149 et
3074 5097 3300 5165 lepidam
3345 5102 3465 5170 effe-

1908 5191 1997 5249 cit,
2054 5196 2102 5240 et
2141 5186 2484 5254 sancti/ienuit
2543 5194 2740 5238 costam
2773 5189 2946 5239 carnis
2979 5205 3138 5256 quam
3174 5191 3369 5259 accepit
3397 5192 3464 5244 ab

1913 5281 2111 5332 Adamo
2142 5279 2246 5332 sibi
2279 5280 2332 5330 in
2359 5293 2605 5338 uxorem,
2635 5293 2826 5346 nempe
2854 5279 3175 5334 Ecclesiam.
3198 5281 3308 5336 Cur
3330 5282 3466 5336 dicit

1911 5372 2143 5425 Paulus:
2183 5371 2447 5438 Despondi
2472 5387 2558 5423 vos
2584 5372 2676 5423 uni
2705 5373 2814 5423 viro
2845 5373 3081 5425 exhibere
3109 5375 3363 5441 virginem
3397 5375 3462 5429 ⁷⁸.

1913 5462 2062 5516 Unde
2085 5472 2248 5517 etiam
2298 5461 2442 5514 Deus
2471 5462 2655 5514 unitus
2677 5471 2734 5514 et
2771 5461 3077 5532 desponsus
3121 5464 3248 5519 huic
3275 5475 3463 5526 costae.

1913 5553 2108 5626 aitper
2141 5552 2463 5622 prophetam
2508 5552 2768 5607 adultera:
2830 5553 3156 5622 Synagogte:
3196 5555 3310 5608 Non
3342 5571 3467 5610 sum

2837 5748 2878 5780 τι
2919 5749 3061 5804 Psal.
3100 5765 3351 5817 Lxxxvm,
3378 5751 3449 5808 ΞΒ

3040 5909 3120 5971 32
