4186 6442
767 386 902 453 1003

1951 382 2013 439 Β.
2056 374 2448 438 ANASTASII
2490 373 2812 441 SlNAlT/E

3843 366 3968 431 illi“

764 497 999 567 amplius
1023 493 1099 547 vir
1119 502 1268 556 tuus,
1295 503 1349 547 et
1385 500 1439 544 tu
1463 504 1569 542 non
1600 502 1660 541 es
1686 486 1925 554 amplius
1955 502 2090 536 uxor
2118 499 2232 535 mea
2252 482 2317 532 τ’.
2351 483 2392 537 Α
2427 479 2668 531 memhra
2701 477 2950 547 corporis
2974 487 3101 531 sunt
3132 476 3286 530 unita
3331 478 3382 531 in
3429 491 3659 549 corpore
3690 478 3756 535 ⁷⁸,
3786 492 3972 545 possu-

762 584 916 650 Quod
947 582 990 635 si
1033 582 1114 634 vis
1143 583 1308 634 etiam
1337 578 1551 630 discere
1581 573 1873 628 aediﬁcium
1916 572 2078 639 lmjus
2103 581 2265 622 eosne
2290 584 2319 618 a

764 674 876 728 lleo
903 672 1211 741 conjunctae
1240 684 1359 737 quae
1390 667 1494 719 fuit
1518 663 1814 733 aliquando
1845 661 2063 713 deserta
2086 667 2143 711 et
2167 657 2322 709 dere-

762 767 913 826 licta,
944 763 1071 817 audi
1105 763 1154 815 ei
1189 761 1402 813 unitum
1448 758 1765 826 angularem
1813 751 2048 820 lapidem
2082 750 2319 817 (ﬁrnnun

763 863 821 910 et
872 852 1292 909 illabel'aetabile
1352 850 1789 913 fundamentum)
1833 845 2107 897 Christum
2139 842 2324 892 dicen-

768 957 877 1001 tem
899 965 913 1000 :
937 946 1105 1015 Super
1129 946 1262 997 hanc
1285 951 1484 1013 petram
1508 938 1771 1004 (mli/icubo
1816 936 2099 989 Errlesium
2131 950 2321 993 meum,

768 1051 817 1092 et
849 1049 1010 1109 porta:
1043 1038 1237 1105 inferni
1288 1052 1390 1088 non
1443 1029 1797 1100 prmvulebuut
1834 1029 2075 1080 (ultam-sus
2110 1041 2226 1076 eum
2256 1026 2321 1077 ⁷⁸.

769 1129 895 1183 Fuit
924 1125 1072 1180 enim
1109 1124 1370 1191 u'di/ieatu
1425 1136 1580 1190 super
1620 1117 2017 1187 fundumrutum
2052 1111 2173 1162 ﬁdei
2207 1126 2324 1178 pro-

769 1219 1046 1287 pheturum
1065 1222 1111 1265 et
1132 1208 1488 1281 apostolorum
1511 1209 1579 1270 ⁷⁵,
1612 1206 1705 1273 qui
1750 1212 1877 1259 sunt
1928 1200 2053 1253 honi
2085 1197 2323 1267 operarii

770 1305 1157 1377 sapientissimi
1190 1301 1557 1357 :ediﬁcatoris.
1580 1296 1809 1363 Quando
1835 1301 2015 1347 autem
2072 1292 2188 1344 lucc
2217 1305 2324 1342 una

770 1412 921 1455 costa
988 1394 1229 1449 Ecclesia
1309 1393 1411 1445 I'uit
1466 1388 1766 1442 a-diﬁeata?
1829 1386 1923 1438 Est
1973 1382 2325 1451 perspicuum

768 1491 915 1561 quod
956 1486 1180 1557 quando
1202 1484 1370 1538 altera
1419 1487 1569 1532 costa
1600 1477 1705 1529 fuit
1733 1475 2092 1536 derelicta,et
2147 1470 2328 1524 disso-

769 1584 943 1637 lutum
966 1579 1069 1634 fuit
1102 1575 1343 1631 secundo
1369 1574 1631 1642 temphnn
1652 1568 1960 1622 .ludaieunt.
2016 1564 2171 1630 Quod
2202 1562 2329 1631 qui-

768 1674 895 1728 dem
931 1688 1055 1726 cum
1086 1674 1233 1722 esset
1265 1675 1521 1733 tanquam
1551 1678 1655 1715 una
1692 1669 1843 1712 costa
1878 1657 2067 1711 Adami
2095 1654 2325 1715 Christi,

772 1763 1059 1818 manifeste
1089 1759 1141 1813 id
1174 1758 1326 1827 prius
1347 1753 1695 1809 describebat
1718 1765 1916 1804 nomen
1943 1747 2105 1817 primi
2133 1760 2327 1815 paren-

773 1854 884 1917 tis;
916 1866 1045 1905 nam
1084 1849 1127 1902 si
1151 1848 1216 1901 ad
1249 1846 1519 1899 calculum
1557 1842 1852 1896 reducatur
1876 1854 2075 1893 nomen
2113 1836 2327 1899 Adami,

771 1945 993 1998 conﬁcit
1053 1954 1341 1995 numerum
1404 1933 1762 2004 quadraginta
1809 1942 1866 1986 et
1913 1947 2030 1994 sex,
2067 1930 2331 1997 templum

770 2036 922 2091 enim
971 2032 1283 2092 Judaicum,
1330 2026 1478 2095 quod
1536 2042 1565 2078 a
1595 2022 1853 2077 Romanis
1905 2019 2005 2074 fuit
2062 2019 2330 2080 dirutum,

773 2128 1105 2182 mdiﬁcatum
1133 2120 1693 2190 [iteratquadraginta
1716 2132 1807 2168 sex
1837 2115 2015 2168 annis.

844 2220 913 2275 Et
932 2217 1208 2284 mdiﬁcueit
1236 2215 1486 2267 Dominus
1511 2211 1646 2263 Deus
1667 2217 1862 2262 costum
1921 2223 2083 2277 quam
2138 2206 2333 2275 accepit

773 2310 871 2363 sibi
898 2309 962 2361 ab
990 2307 1194 2361 Adumo
1218 2306 1271 2357 in
1290 2319 1413 2355 uxor
1426 2318 1528 2365 em,
1560 2307 1608 2352 et
1634 2299 1782 2351 duxit
1812 2314 1927 2350 eum
1955 2297 2024 2349 ad
2050 2297 2333 2358 Adamum,

774 2399 1031 2453 videlicet
1054 2405 1177 2466 post
1201 2394 1614 2448 suseitationem
1646 2404 1753 2457 qua
1769 2388 2010 2456 seipsum
2027 2387 2333 2441 suscitavit.

774 2492 894 2547 Non
922 2490 1183 2558 scriptum
1217 2495 1301 2541 est
1332 2486 1514 2539 enim:
1555 2483 1620 2536 Et
1647 2482 1887 2534 excitavit
1918 2480 2167 2532 Dominus
2196 2479 2334 2532 Deus

776 2585 1056 2642 Adumum,
1076 2589 1123 2633 et
1153 2580 1301 2632 diuit
1338 2578 1406 2630 ad
1435 2578 1606 2645 ipsum
1628 2574 1924 2626 mulierem.
1953 2571 2124 2624 liabet
2158 2570 2338 2624 ﬁdelis
2405 2586 2407 2589 '

775 2672 941 2724 etiam
975 2671 1042 2723 de
1087 2670 1251 2737 hujus
1294 2668 1437 2735 (post
1464 2664 1671 2718 Christi
1718 2660 2203 2725 resurrectionem)
2239 2660 2339 2713 Ec-

777 2764 957 2816 clesia:
986 2761 1053 2815 ad
1096 2760 1273 2827 ipsum
1335 2757 1597 2819 adventu,
1646 2755 1700 2807 in
1740 2751 2048 2822 Evangeliis
2095 2758 2338 2819 apertam

777 2850 1328 2906 denmnstrationem.
1348 2846 1576 2912 Quando
1588 2845 1733 2898 enirn
1756 2842 1999 2896 surrexit
2026 2857 2056 2895 a
2084 2842 2337 2904 mortuis,

782 2954 915 2998 tunc.
938 2940 1199 3012 prmeepit
1217 2938 1500 3008 apostolis,
1532 2936 1755 2989 dicens:
1784 2934 1983 2988 Euntes
2004 2936 2059 2987 iu
2085 2934 2340 2986 mundum

779 3037 956 3087 docete
988 3048 1165 3085 omnes
1192 3040 1386 3100 gentes,
1407 3028 1733 3097 baptizantex
1752 3043 1837 3079 eos
1855 3027 1910 3079 in
1927 3026 2137 3078 nomine
2159 3023 2338 3076 Putris

2423 586 2545 622 mus
2586 569 2771 622 dicere
2823 570 2891 622 de
2944 584 3272 638 unoquoque
3312 585 3539 623 eorum:
3591 571 3699 622 Mur
3750 586 3889 621 nunc
3917 587 3971 622 ex

2422 661 2622 713 ossibus
2648 662 2795 720 meis,
2834 668 2881 711 et
2916 676 3038 711 mro
3068 675 3130 711 θα·
3172 677 3332 711 curue
3363 678 3498 712 mea.
3530 661 3758 725 Quatnlo
3796 670 3970 713 atllt'ltt

2426 769 2491 805 ex
2526 768 2688 805 eausa
2745 751 2924 820 aliqua
2954 751 3111 803 luerit
3169 752 3370 805 ablatio
3406 764 3461 806 et
3494 752 3694 805 divisio
3749 753 3973 821 alicujus

2428 846 2661 897 lllt'ltllll'i
2703 861 2732 897 a
2773 858 3022 911 corpore,
3058 858 3163 895 non
3205 843 3370 896 habet
3417 844 3650 911 amplius
3680 846 3858 896 locum
3903 844 3974 894 di-

2427 949 2583 986 cere:
2613 934 2718 985 Iloc
2742 949 2879 986 nunc
2913 949 2967 983 es
2998 949 3061 984 ea:
3086 934 3285 984 ossibus
3312 935 3455 995 utris,
3484 942 3530 983 et
3566 952 3690 985 curo
3733 950 3793 984 ω·
3828 949 3979 984 t‘urm‘

2430 1042 2578 1077 nteu:
2613 1025 2704 1077 sed
2749 1026 2851 1078 hoc
2880 1025 2975 1077 fuit
3027 1024 3321 1091 aliquando
3349 1042 3404 1075 os
3427 1040 3489 1077 ea:
3527 1027 3721 1076 ossibus
3760 1026 3904 1082 meis,
3930 1034 3978 1076 et

2429 1133 2557 1169 caro
2589 1133 2652 1169 ex
2683 1132 2912 1185 corpore
2943 1133 3083 1169 ineo.
3114 1118 3268 1170 Nunc
3302 1126 3613 1169 autemnon
3647 1130 3729 1168 cst
3749 1116 3978 1183 .ttnplills

2427 1226 2488 1261 os
2510 1225 2689 1262 meum
2718 1224 2895 1276 neque
2918 1206 3056 1262 caro
3083 1227 3224 1267 mea.
3256 1208 3349 1261 sed
3388 1209 3601 1263 diversa
3647 1220 3751 1269 est,
3787 1210 3977 1265 ablata,

2427 1302 2630 1365 excisa,
2681 1302 2987 1355 abalienata
3029 1312 3114 1354 est
3164 1301 3233 1354 ab
3283 1301 3500 1354 ossibus
3538 1303 3675 1354 meis
3717 1311 3774 1353 et
3824 1317 3977 1354 carne

2429 1404 2566 1441 mea.

2502 1480 2601 1533 llic
2631 1488 2811 1533 autem
2838 1481 2891 1534 in
2918 1481 3017 1535 hac
3032 1480 3341 1535 admirabili
3375 1481 3643 1550 stupenda
3672 1492 3823 1534 eosta
3854 1482 3981 1535 Ada-

2433 1574 2504 1625 mi
2537 1573 2632 1641 qui
2668 1573 2893 1636 dicitur,
2924 1590 2954 1625 (τ
2988 1575 3264 1627 contrario
3285 1588 3374 1627 res
3402 1574 3682 1626 dicuntur.
3705 1574 3839 1628 Nam
3866 1585 3980 1626 ante

2430 1662 2759 1714 ablutionem
2784 1672 2837 1715 et
2872 1660 3197 1715 divisionem
3243 1671 3406 1715 costa:
3433 1679 3551 1730 quze
3584 1673 3797 1731 sumpta
3825 1673 3905 1716 est
3932 1675 3979 1714 et

2432 1768 2650 1821 egressa
2682 1771 2747 1807 ex
2778 1770 3011 1822 corpore.
3036 1755 3176 1824 ejus.
3210 1770 3320 1808 non
3358 1754 3595 1807 diximus
3650 1757 3818 1824 ipsum
3846 1772 3899 1807 es
3926 1770 3981 1804 ea:

2434 1846 2630 1900 ossibus
2662 1848 2802 1917 ejus,
2837 1863 3013 1916 neque
3045 1862 3264 1900 carnem
3295 1864 3362 1900 ex
3392 1862 3556 1901 carne
3590 1849 3731 1915 ejus.
3764 1846 3982 1912 Quando

2432 1950 2614 1993 autem
2646 1950 2859 2009 sumpta
2882 1948 2965 1994 est
2992 1949 3049 1993 et
3083 1948 3207 1993 nata
3237 1955 3303 1993 ex
3332 1921 3559 2009 corpore
3589 1942 3729 2007 ejus,
3762 1951 3819 1993 et
3854 1942 3983 1993 facta

2433 2044 2518 2088 est
2549 2045 2800 2103 tanquam
2832 2049 3033 2102 corpus
3060 2034 3202 2103 ejus,
3234 2033 3301 2087 ad
3337 2033 3513 2101 ipsum
3537 2040 3622 2085 est
3647 2032 3904 2094 adducta,
3936 2040 3985 2085 et

2435 2134 2564 2179 tunc
2589 2125 2722 2178 dicit
2755 2144 2767 2177 :
2795 2122 2904 2178 Hoc
2934 2140 3070 2175 uum‘
3093 2140 3148 2176 os
3184 2141 3246 2176 ex
3281 2124 3477 2175 ossibus
3506 2124 3655 2183 meis,
3688 2132 3737 2174 et
3775 2139 3898 2175 curo
3929 2138 3985 2173 ex

2435 2233 2593 2269 turne
2630 2233 2765 2279 inea,
2794 2217 3005 2269 scilicet
3036 2215 3281 2285 ejusdem
3304 2215 3538 2284 generis.
3569 2213 3721 2267 Unde
3743 2230 3840 2281 per
3866 2215 3983 2274 hoc,

2434 2309 2578 2377 quod
2613 2307 2747 2361 dicit
2799 2317 2854 2360 et
2883 2307 3033 2359 addit
3095 2306 3251 2368 illud,
3305 2306 3474 2366 Nunc,
3536 2304 3779 2356 ostendit
3818 2304 3986 2361 nobis,

2436 2401 2581 2470 quod
2610 2401 2761 2469 prius
2792 2415 2899 2453 non
2928 2408 3047 2453 erat
3102 2400 3215 2452 lucc
3246 2407 3395 2451 costa
3431 2397 3766 2457 .lndzeorum,
3826 2410 3991 2464 neque

2436 2507 2500 2545 os
2531 2508 2599 2545 ex
2625 2491 2843 2544 ossibus
2877 2491 3017 2560 ejus,
3056 2505 3233 2558 neque
3258 2505 3384 2542 caro
3403 2504 3468 2542 ex
3504 2505 3664 2541 carne
3691 2490 3832 2551 eius,
3859 2487 3987 2545 veri,

2438 2582 2682 2650 inquam,
2707 2582 2919 2634 Adami.
2953 2580 3020 2633 Et
3053 2580 3098 2634 si
3122 2580 3349 2633 dixisset
3375 2577 3595 2647 quidem
3630 2595 3641 2628 :
3682 2577 3790 2629 Iloc
3832 2593 3887 2628 os
3936 2592 3995 2627 η

2439 2674 2633 2727 ossibus
2683 2674 2828 2737 meis,
2863 2673 3042 2726 locum
3090 2669 3321 2725 haberet
3382 2669 3605 2723 Judzeus
3659 2665 3993 2736 intelligendi

2439 2764 2505 2819 ad
2532 2764 2770 2818 litteram
2825 2763 2878 2816 id
2930 2762 3076 2831 quod
3106 2761 3330 2816 dicitur.
3386 2759 3588 2814 Addito
3650 2767 3835 2812 autem
3886 2758 3994 2819 illo,

2437 2854 2609 2916 Nunc,
2636 2861 2823 2921 aperte.
2856 2851 3013 2905 nobis
3040 2851 3279 2906 ostendit
3300 2849 3470 2919 quod,
3504 2866 3571 2902 ex
3611 2865 3723 2918 quo
3771 2848 3996 2902 excessit

2440 2944 2715 2999 secundus
2765 2944 2959 3006 Adam,
3013 2942 3246 3012 pulchro
3303 2951 3359 2996 et
3390 2942 3549 2995 beato
3579 2949 3637 2995 et
3673 2939 3999 2994 immutabili

2440 3051 2691 3099 excessu,
2715 3045 2771 3088 et
2793 3034 3016 3089 dormiit
3034 3034 3157 3103 (nos
3176 3049 3368 3088 omnes
3385 3032 3773 3101 viviﬁcantem)
3800 3031 3998 3086 tridua—

784 3133 834 3176 ετ
869 3122 991 3177 nm
1022 3131 1071 3181 ει
1099 3120 1327 3192 spira“
1363 3119 1532 3172 “me”
1559 3118 1624 3171 ’⁸-
1660 3117 1869 3171 Eum“
1890 3117 2051 3186 907
2094 3115 2337 3184 colligite
2366 3141 2407 3197 (ζ
2440 3139 2564 3177 nam
2592 3138 2745 3176 suam
2781 3133 3035 3186 mortem,
3064 3132 3121 3177 et
3153 3122 3366 3191 peperit
3394 3122 3678 3190 pulchram
3712 3136 3866 3173 suam
3900 3121 3999 3172 Ee-

782 3229 936 3270 meos
961 3214 1101 3267 ﬁlios
1165 3211 1484 3281 dispersos,
1538 3209 1783 3261 membra
1835 3210 2138 3278 dispersa;
2187 3207 2340 3260 unite

782 3320 934 3359 meas
970 3318 1166 3357 carnes
1193 3300 1444 3366 divisas;
1480 3299 1799 3368 eonjungite
1838 3315 1957 3353 mea
2006 3314 2129 3354 ossa
2160 3297 2339 3351 disso-

786 3396 931 3459 luta;
954 3393 1209 3447 adducite
1240 3392 1306 3445 ad
1359 3406 1442 3444 me
1476 3399 1681 3442 costam
1729 3404 1851 3457 qua:
1876 3398 1964 3443 est
1997 3404 2028 3442 a
2067 3404 2152 3442 me
2187 3404 2343 3456 sepa-

785 3493 940 3551 rata;
989 3494 1181 3538 vocate
1241 3482 1307 3535 ad
1367 3497 1452 3534 me
1510 3494 1737 3533 uxorem
1796 3496 2023 3545 meam,
2086 3496 2207 3549 qua:
2249 3480 2345 3532 ab-

784 3578 947 3632 ducta
988 3587 1077 3631 est
1108 3577 1349 3645 captiva;
1400 3572 1664 3627 :ediﬁcate
1712 3587 1833 3626 eam
1859 3588 2050 3627 rursus
2085 3572 2139 3627 iu
2167 3588 2341 3626 meam

785 3671 1074 3740 conjugem
1115 3667 1437 3721 Ecelesiam.
1490 3666 1818 3737 Conjungitc
1860 3664 2020 3723 mihi.
2085 3665 2182 3733 qui
2218 3680 2340 3717 sum

789 3761 926 3831 lapis
955 3762 1153 3813 excisus
1178 3775 1240 3811 ea:
1281 3768 1452 3811 monte
1503 3767 1695 3813 sancto
1725 3759 1837 3811 sine
1865 3756 2100 3809 manibus
2125 3755 2192 3819 ",
2224 3755 2345 3807 illos

789 3853 997 3923 lapides
1028 3853 1097 3905 de
1125 3851 1332 3920 quibus
1370 3851 1505 3904 dicit
1532 3850 1701 3905 Isaias
1732 3867 1746 3901 :
1778 3848 1963 3903 Sancti
1996 3846 2205 3917 lapides
2231 3846 2346 3899 vol-

788 3953 993 3998 vuntur
1045 3957 1210 4010 super
1262 3951 1499 3995 terram:
1548 3956 1648 4011 per
1705 3955 1846 4009 quos
1900 3938 2162 3993 aediﬁcata
2194 3948 2344 3992 costa

787 4033 995 4089 Christi
1046 4033 1321 4096 Ecclesia;
1357 4040 1414 4086 et
1444 4032 1756 4102 conjunctis
1787 4029 2051 4085 membris
2097 4029 2347 4097 cognatis

789 4125 972 4179 carnis
1025 4138 1158 4187 sure,
1212 4130 1268 4175 et
1321 4121 1531 4175 coactis
1568 4136 1633 4175 ac
1681 4119 1996 4174 constrictis
2048 4117 2205 4171 nobis
2250 4116 2344 4181 qui

798 4230 991 4270 sumus
1010 4215 1131 4285 ejus
1164 4228 1288 4267 ossa
1314 4214 1537 4282 (unione
1562 4213 1629 4267 ad
1666 4213 1843 4283 ipsum
1885 4219 1944 4264 et
1979 4207 2347 4263 coalescentia

796 4307 971 4375 ﬁdei),
1007 4307 1200 4360 videns
1232 4306 1372 4359 adeo
1395 4305 1622 4375 pulchre
1660 4320 1692 4359 a
1722 4305 1833 4359 Deo
1853 4303 2175 4359 aediﬁcatam
2216 4318 2350 4357 con-

793 4397 1134 4467 corporalem
1163 4399 1523 4467 etconjugem
1568 4411 1722 4450 suam
1772 4404 1981 4449 costam
2028 4395 2348 4454 Eeelesiam,

2441 3216 2686 3278 clesiam,
2718 3223 2924 3270 costam
2966 3215 3435 3283 concorporalem,
3466 3223 3523 3267 et
3568 3211 3857 3266 a‘diﬁcavit
3884 3226 3997 3263 eam

2441 3307 2497 3361 in
2528 3324 2681 3361 suam
2706 3323 2951 3371 uxorem,
2995 3317 3052 3361 et
3086 3306 3317 3362 adduxit
3362 3320 3482 3359 eam
3517 3304 3660 3358 Deus
3707 3303 3775 3356 ab
3816 3316 4004 3356 errore

2441 3416 2762 3455 conversam
2815 3400 2883 3453 ad
2925 3398 3233 3463 Christum,
3263 3398 3439 3451 donec
3487 3396 3603 3449 hsce
3654 3392 3837 3448 omnia
3866 3393 4001 3447 facta

2443 3503 2592 3556 sunt,
2636 3492 2880 3545 nondum
2913 3499 3033 3545 erat
3075 3507 3131 3543 os
3170 3506 3233 3543 ex
3274 3489 3471 3543 ossibus
3499 3489 3640 3557 ejus,
3681 3495 3729 3540 et
3778 3500 3904 3538 cura
3944 3497 4002 3533 ex

2443 3600 2600 3637 eunte
2634 3584 2771 3653 ejus.
2804 3582 2938 3635 Illud
2980 3598 3146 3651 ergo,
3184 3580 3356 3643 Nunc,
3399 3580 3605 3634 dicitur
3653 3587 3881 3647 propter
3909 3574 4000 3628 ad—

2442 3685 2689 3739 ventum,
2718 3674 2939 3743 quando
2974 3689 3099 3728 cum
3136 3682 3282 3728 esset
3307 3687 3478 3743 prope
3514 3671 3807 3733 Adamum,
3842 3669 3894 3721 ei
3920 3670 4001 3719 est

2443 3766 2847 3837 propinquitate
2890 3766 3202 3833 conjuncta,
3236 3772 3293 3818 et
3335 3764 3509 3823 unita,
3539 3770 3594 3815 et
3625 3761 3919 3829 desponsa,
3953 3765 4007 3809 et

2443 3857 2718 3926 copulata.
2752 3856 2819 3909 Et
2854 3855 2977 3908 ideo
3004 3855 3072 3908 ab
3100 3854 3217 3923 ipso
3251 3870 3264 3905 :
3305 3854 3415 3907 Hoc
3448 3870 3589 3906 nunc
3618 3868 3680 3904 os
3723 3851 3790 3903 de
3814 3849 4007 3902 ossibus

2444 3950 2593 4010 meis,
2617 3955 2666 3999 et
2690 3963 2816 3999 curo
2855 3946 2918 3998 de
2940 3962 3099 3999 carne
3131 3962 3245 3998 mea
3271 3961 3290 3999 :
3320 3960 3461 4007 mea,
3501 3944 3746 4011 inquam,
3781 3939 4009 4001 Christi,

2444 4053 2511 4089 ex
2541 4051 2652 4105 quo
2675 4035 2839 4089 etiam
2864 4043 2993 4087 nata
3010 4044 3113 4088 est.
3140 4033 3209 4087 Et
3238 4032 3363 4085 ideo
3409 4030 3562 4084 audit
3587 4030 3776 4093 etiam,
3826 4027 3910 4081 Ad
3934 4042 4009 4079 νι-

2446 4143 2565 4179 rum
2600 4134 2748 4179 tuum
2784 4126 3047 4177 conversio
3070 4134 3183 4188 tua,
3211 4132 3259 4176 et
3284 4124 3393 4188 ipse
3444 4130 3700 4189 tanquam
3751 4119 4014 4172 Dominus

2446 4218 2690 4271 onmium
2734 4216 3111 4269 dominabitur.
3162 4212 3267 4267 Sed
3300 4213 3354 4265 in
3392 4227 3485 4265 sex
3528 4209 3752 4280 quidem
3798 4208 4013 4262 dierum

2447 4308 2744 4369 creatione,
2772 4307 3021 4360 ultimum
3073 4313 3225 4359 creat
3254 4311 3310 4357 et
3344 4302 3497 4372 ﬁngit
3528 4302 3846 4363 hominem;
3878 4301 3932 4353 in
3955 4314 4014 4350 ea

2449 4408 2633 4453 autem
2671 4414 2791 4467 qua:
2850 4399 2955 4452 fuit
3009 4405 3215 4467 postea,
3250 4410 3377 4448 eum
3424 4393 3661 4464 primmn
3694 4391 3931 4451 inducit,
3964 4397 4016 4441 et

793 4487 1013 4557 quando
1034 4502 1154 4541 eam
1190 4486 1256 4541 ad
1290 4502 1349 4541 se
1387 4488 1544 4541 duxit
1590 4488 1735 4540 Deus
1762 4496 1820 4539 et
1859 4487 2041 4550 Pater,
2091 4484 2230 4538 dixit
2261 4500 2349 4538 se-
2386 4478 2429 4533 1)
2455 4489 2654 4543 deinde
2682 4503 2768 4542 res
2798 4504 2920 4557 qua:
2947 4486 3202 4541 Ecclesia:
3233 4484 3481 4538 referunt
3512 4481 3829 4552 imaginem.
3888 4479 4018 4533 Nam

798 4579 1016 4632 etnnlus
1045 4578 1214 4632 Adam
1247 4588 1370 4648 post
1400 4582 1516 4648 ejus
1550 4594 1580 4633 a
1625 4579 1857 4632 mortuis
1894 4578 2306 4632 suscitationem
2334 4595 2348 4632 :

796 4669 907 4725 Hoc
933 4686 1068 4723 nunc
1097 4687 1152 4723 os
1167 4687 1231 4723 ea:
1265 4672 1460 4724 ossibus
1489 4674 1636 4735 meis,
1690 4681 1738 4724 et
1778 4687 1901 4723 curo
1944 4686 2006 4723 ea:
2032 4686 2188 4724 carne
2212 4688 2349 4725 utea.

801 4760 863 4813 Ei
887 4776 1020 4830 ergo
1061 4762 1153 4829 qui
1186 4763 1253 4816 ad
1292 4763 1526 4817 litteram
1576 4764 1752 4817 solum
1800 4762 1976 4816 nudas
2005 4764 2241 4818 attendit
2270 4764 2355 4818 di-

797 4852 1012 4907 ctiones
1034 4868 1155 4921 qum
1193 4854 1357 4908 dieue
1387 4864 1535 4917 sunt,
1562 4854 1720 4908 valde
1742 4854 2112 4923 discrepantia
2144 4864 2201 4908 et
2223 4872 2357 4909 eou-

800 4942 963 4995 traria
1004 4951 1133 4995 sunt
1190 4943 1363 4997 verba
1402 4943 1589 4998 rebus.
1650 4944 1784 4998 Nam
1833 4944 2078 5013 quandiu
2132 4944 2352 5013 quidem

871 5141 918 5171 "
935 5141 1073 5196 Osee
1106 5158 1141 5197 ιι
1204 5142 1258 5198 9..

803 5221 861 5278 ν,
895 5210 987 5265 so.

1333 5144 1377 5175 "‘
1400 5141 1585 5198 Matth.
1631 5157 1741 5204 xvi,
1800 5142 1881 5196 18.
1948 5142 2008 5210 ,⁷⁸
2026 5140 2226 5211 Ephes.
2272 5156 2331 5203 ιι,
2366 5140 2459 5195 20.

2457 4583 2694 4651 primum
2750 4581 2971 4650 quidem
3030 4593 3252 4633 carnem
3312 4576 3555 4645 suscepit
3615 4574 3911 4636 Christus,
3965 4578 4020 4623 et

2454 4673 2655 4727 deinde
2688 4671 2830 4725 facta
2870 4681 2957 4725 est
2991 4670 3252 4733 Ecclesia,
3286 4669 3471 4738 inqua
3509 4666 3699 4720 bestia:
3760 4666 4020 4735 ingressa:

2455 4773 2587 4818 sunt
2612 4764 2838 4819 ultimm.
2867 4763 2973 4832 Ipsi
3003 4762 3225 4816 Christo
3256 4763 3351 4830 qui
3388 4758 3717 4820 introduxit,
3742 4758 3821 4811 sit
3852 4756 4019 4827 gloria

2457 4856 2511 4909 in
2547 4856 2742 4910 secula
2769 4856 3113 4908 seculorum.
3151 4854 3322 4909 Amen

2536 5140 2581 5173 "
2619 5139 2809 5194 Matth.
2848 5155 3032 5205 xxvm,
3070 5139 3155 5194 19.

3235 5140 3279 5172 ⁷⁷
3308 5140 3442 5194 Dan.
3475 5153 3533 5203 ιι,
3562 5138 3652 5194 54.
3732 5139 3782 5171 ⁷⁸
3825 5136 4020 5211 Ephes.
