4186 6442
196 437 329 499 ton;

1288 440 1367 499 IN
1410 435 1950 496 llEXAEMERON.
1983 460 2050 468 --
2078 437 2215 495 LIB.
2261 440 2326 496 Χ.

3272 442 3403 509 1006

1316 778 1658 867 LIBER
1739 775 2294 869 DECIMUS.

1169 974 1245 1013 ιιιέ.
1296 974 1593 1016 MELIERIS
1634 970 1985 1014 CBEATIONE
2030 973 2107 1014 ΕΤ
2145 976 2442 1016 ΡιῐϐίῖΛΤυ.

266 1234 395 1303 Ipsa
428 1232 700 1285 rocabitur
731 1229 1202 1299 tmtlier,quouiam
1231 1240 1440 1301 sumptu
1464 1241 1534 1282 cst
1566 1245 1627 1282 ea:
1647 1232 1754 1280 riro
1787 1234 1830 1289 Α
1860 1245 1997 1289 mea,
2031 1230 2281 1298 quoniam
2332 1227 2656 1295 ampli/irata
2698 1238 2772 1281 est
2811 1230 3085 1297 [aruit-alio
3117 1241 3207 1286 tua
3253 1250 3411 1305 super

185 1338 303 1379 suo.
349 1325 419 1379 Et
451 1341 551 1378 cur
583 1322 764 1377 statim
821 1322 1039 1376 mulier.
1091 1328 1146 1376 et
1201 1340 1307 1375 non
1359 1322 1528 1390 magis
1552 1334 1749 1372 conve-

184 1418 406 1471 nicnter
433 1414 614 1469 ordini
652 1412 973 1466 incrementi
1024 1428 1335 1481 corporum.
1371 1413 1603 1480 primum
1667 1410 1749 1461 in-

186 1513 330 1570 fans,
358 1506 561 1561 deinde
588 1506 791 1574 puella,
822 1502 1020 1556 deinde
1064 1503 1490 1562 adolescentula,
1544 1511 1599 1556 et
1624 1512 1753 1555 tunc

184 1602 410 1661 mulier,
435 1598 530 1653 sed
554 1597 736 1651 statim
766 1595 1063 1665 perfectam
1098 1605 1257 1649 vocat
1288 1595 1594 1655 iuulierem,
1649 1594 1753 1646 hoc

184 1702 290 1753 est,
333 1708 449 1745 rem
511 1688 829 1758 perfectam,
884 1697 1211 1747 matronam,
1267 1683 1751 1742 matremfamilias,

185 1793 447 1836 matrem.
502 1780 774 1834 nutricem
827 1788 882 1831 et
934 1777 1278 1845 genitricem,
1312 1786 1368 1830 et
1420 1777 1620 1830 lllllllOS
1661 1775 1754 1826 ba-

186 1876 412 1928 lteutcm
457 1874 633 1927 filios?
680 1871 1044 1936 Quamobrem
1094 1870 1229 1924 dicit
1279 1888 1291 1921 :
1335 1870 1455 1939 Ipsa
1488 1868 1754 1921 vocabitur

184 1964 423 2017 mulier?
453 1963 620 2030 Atqui
647 1962 756 2031 jam
794 1961 1073 2014 dixitcum
1104 1977 1133 2013 a
1180 1961 1291 2013 Deo
1336 1958 1657 2012 :edificatam
1697 1958 1751 2008 iu

183 2060 500 2119 mulierem,
548 2064 604 2109 ct
636 2052 832 2107 deinde
860 2052 1149 2105 adductam
1207 2050 1274 2104 ad
1323 2049 1610 2103 Adamum.
1646 2049 1753 2100 Sed

189 2159 249 2200 ut
276 2147 597 2199 ostenderet
649 2141 794 2211 quod
820 2142 933 2193 luce
970 2140 1283 2193 referuntur
1329 2138 1395 2190 ad
1434 2136 1754 2195 Ecclesium,

186 2251 306 2304 qua:
334 2234 392 2287 in
426 2232 636 2286 ultimis
660 2229 874 2283 swculis
898 2228 1004 2281 fuit
1027 2227 1296 2295 desponsa
1330 2225 1568 2286 Christo,
1598 2240 1660 2276 ea
1688 2222 1757 2275 de

183 2342 349 2379 causa
378 2325 433 2375 in
458 2322 628 2377 verbo
656 2322 841 2372 futuro
859 2318 1031 2387 ponit,
1055 2318 1242 2372 dicens
1274 2334 1284 2367 :
1316 2316 1438 2385 Ipsa
1462 2313 1757 2382 aliquando

185 2416 457 2469 vocabitur
496 2411 707 2473 mulier,
752 2411 997 2480 quoniam
1028 2409 1141 2477 ipsa
1174 2418 1383 2477 smupta
1428 2415 1502 2458 est
1554 2421 1617 2457 ea:
1650 2406 1756 2457 viro

186 2524 300 2560 suo.
336 2506 507 2574 Atqui
536 2504 680 2573 quod
714 2519 778 2556 ex
812 2502 931 2555 viro
958 2502 1193 2555 sumitur
1230 2509 1326 2551 aut
1354 2498 1616 2559 nascitur,
1647 2512 1754 2550 non

1853 1319 2137 1375 Sodomam
2156 1335 2392 1373 sororem
2416 1328 2566 1372 tuam
2596 1322 2662 1373 ⁸⁰.
2692 1322 2758 1375 Et
2807 1323 2956 1376 mille
2984 1324 3088 1377 alia
3118 1326 3407 1393 ejusmodi,

1854 1421 2110 1479 tanquam
2145 1410 2407 1463 adultera:
2430 1411 2674 1464 cernitur
2714 1413 2853 1467 Deus
2885 1416 3071 1470 dicere
3116 1417 3411 1489 Synagoga:

1852 1502 1906 1555 in
1956 1502 2096 1570 lege.
2125 1501 2279 1567 Quod
2314 1502 2358 1555 si
2401 1502 2623 1556 Judaaus
2652 1518 2716 1558 ea
2770 1520 2891 1573 quae
2932 1523 2962 1560 a
2992 1524 3078 1563 me
3127 1509 3410 1574 dicuntur,

1854 1592 2152 1646 toleranter
2170 1592 2323 1646 audit
2343 1600 2400 1646 et
2422 1593 2630 1661 patitur
2662 1613 2673 1645 :
2708 1596 2943 1650 ostendo
2980 1598 3031 1651 ei
3056 1600 3201 1667 quod
3244 1603 3409 1656 etiam

1849 1685 1969 1752 ejus
1994 1699 2130 1738 uxor
2151 1684 2431 1755 Synagoga
2456 1702 2522 1739 ex
2540 1695 2705 1740 carne
2728 1697 2813 1741 est
2837 1697 3043 1753 creata,
3073 1692 3218 1746 sicut
3242 1694 3411 1748 etiam

1854 1775 2118 1835 Ecclesia,
2151 1783 2213 1827 ut
2230 1790 2352 1842 qua:
2372 1775 2444 1828 sit
2466 1784 2585 1829 orta
2618 1792 2686 1830 ex
2714 1778 3139 1838 circumcisione
3158 1787 3410 1853 praeputii

1852 1866 2082 1920 Abrahae
2103 1866 2265 1935 primi
2292 1867 2864 1934 parentisJudzeorum
2901 1890 2911 1923 :
2947 1875 3224 1940 quomodo
3251 1876 3415 1931 Chri-

1852 1956 1920 2008 sti
1972 1956 2217 2009 Ecclesia
2277 1972 2343 2009 ex
2390 1971 2554 2011 carne
2616 1968 2784 2013 costa:
2844 1959 3061 2015 Adami.
3131 1963 3235 2016 Sed
3289 1978 3414 2020 eam

1855 2048 1945 2100 illa
2006 2048 2377 2117 (praeputium,
2444 2049 2689 2117 inquam,
2743 2048 2997 2119 Abraluc)
3046 2051 3257 2121 abiecta
3312 2058 3416 2108 l'mt

1852 2156 1977 2193 cum
1997 2140 2230 2208 primum
2256 2148 2344 2194 est
2373 2140 2721 2203 circumcisa,
2749 2153 2805 2196 et
2834 2143 2985 2197 lmmi
3022 2144 3127 2198 fuit
3186 2149 3414 2201 concul-

1854 2237 1975 2282 cata
2020 2246 2032 2280 :
2072 2230 2374 2297 praedicens
2423 2229 2750 2298 ejectionem
2801 2231 3149 2288 Abrahamici
3197 2238 3415 2304 generis

1857 2316 2159 2371 lsraelitici.
2185 2317 2327 2371 Caro
2346 2325 2532 2372 autem
2563 2329 2729 2373 costa:
2751 2334 2783 2373 a
2828 2320 2939 2373 Deo
2969 2321 3257 2385 honorata,
3296 2333 3415 2378 tan-

1854 2424 2017 2477 quam
2070 2407 2203 2470 vita,
2243 2408 2476 2462 nonfuit
2519 2410 2726 2478 ejecta;
2772 2409 2869 2463 sed
2901 2410 3087 2465 statim
3125 2427 3292 2467 manu
3317 2414 3414 2467 Dei

1854 2499 1959 2553 fuit
1986 2498 2254 2553 aedificata
2303 2499 2355 2553 in
2389 2500 2677 2555 mulierem
2722 2500 3045 2570 perfectam,
3078 2518 3276 2573 nempe
3318 2505 3414 2561 Dei

187 2599 393 2653 dicitur
420 2596 527 2649 viri
553 2596 751 2648 innlier
779 2603 874 2647 aut
894 2609 1050 2652 uxor,
1080 2590 1174 2643 sed
1209 2591 1335 2652 filia,
1363 2597 1457 2642 aut
1477 2599 1623 2651 nata,
1661 2597 1756 2641 aut
1784 2570 1830 2629 Β
1858 2590 2177 2645 Ecclesium.
2233 2590 2601 2656 Quamobrem
2639 2592 2784 2646 sicut
2832 2608 2960 2647 caro
2987 2594 3078 2649 illa
3140 2604 3198 2650 et
3228 2611 3416 2651 semen

188 2695 355 2755 filius,
382 2699 478 2745 aut
524 2690 667 2743 fetus
698 2686 1009 2756 :quomodo
1036 2686 1197 2738 etiam
1248 2684 1298 2737 in
1342 2682 1669 2736 animalibus
1701 2688 1757 2732 et

187 2783 507 2837 volucribus
541 2790 596 2835 et
629 2779 839 2842 bestiis,
866 2777 1045 2831 omnis
1073 2791 1199 2829 caro
1218 2791 1338 2844 qua:
1353 2791 1418 2828 ex
1445 2788 1606 2827 carne
1630 2788 1758 2841 pro-

188 2876 338 2928 cedit
398 2871 676 2943 (videlicet
726 2869 1030 2923 substantia
1057 2883 1121 2920 ex
1162 2865 1469 2919 substantia
1512 2865 1756 2934 ejusdem

190 2965 357 3018 simul
399 2962 675 3024 essentia»
706 2960 849 3014 fetus
896 2959 1101 3012 dicitur
1133 2969 1189 3013 et
1222 2958 1400 3021 filius;
1440 2957 1529 3010 hic
1577 2965 1755 3009 autent

191 3070 297 3107 non
326 3052 563 3107 dicitita
617 3051 685 3104 de
714 3066 879 3104 carne
914 3060 1078 3104 costa:
1125 3064 1246 3118 quae
1305 3057 1521 3117 sumpta
1582 3055 1758 3101 estex

189 3147 309 3198 viro
330 3145 477 3212 ejus.
502 3142 642 3196 Ecce
668 3142 771 3194 alia
802 3155 992 3193 rursus
1018 3138 1308 3192 dubitatio.
1334 3138 1581 3192 Nondum
1608 3137 1755 3190 enim

189 3243 309 3287 erat
336 3234 424 3286 vir
446 3233 567 3302 ejus
600 3231 792 3293 Adam,
828 3229 1070 3283 nondum
1101 3228 1280 3283 fuerat
1324 3229 1501 3283 coitus
1542 3238 1637 3282 aut
1666 3244 1757 3283 co-

191 3325 319 3391 pula
358 3331 456 3377 :et
493 3323 768 3391 quomodo
827 3322 964 3375 dicit
1009 3321 1155 3390 quod
1188 3337 1251 3375 ea
1302 3330 1515 3388 sumpta
1561 3322 1633 3373 sit
1690 3337 1757 3374 ex

191 3418 311 3471 viro
329 3432 435 3470 suo
451 3416 476 3467 Ἰ
494 3416 588 3469 Est
608 3430 738 3483 ergo
755 3414 1012 3466 omnibus
1039 3412 1215 3467 modis
1240 3414 1589 3481 perspicuum
1611 3411 1756 3479 quod

192 3508 257 3560 ad
286 3506 573 3561 Christum
598 3506 803 3575 potius,
828 3511 883 3557 ct
914 3504 982 3557 ab
1013 3503 1128 3572 ipso
1151 3504 1388 3571 genitam
1419 3513 1476 3556 et
1535 3504 1584 3556 ei
1634 3504 1756 3555 uni—

195 3610 301 3652 tam
328 3597 632 3652 Ecclesium
659 3597 772 3649 haec
800 3594 1111 3649 referuntur
1130 3605 1186 3648 et
1222 3594 1611 3663 prmdicuntur.
1669 3595 1758 3647 Et-

190 3691 340 3744 enim
370 3689 523 3742 solus
547 3686 801 3741 Christus
838 3695 920 3740 est
949 3695 1004 3739 et
1029 3686 1265 3754 genitor,
1294 3696 1351 3739 et
1372 3686 1456 3739 vir
1490 3702 1601 3739 sua:
1626 3703 1758 3738 uxo-

193 3780 269 3832 ris
317 3787 375 3832 ct
405 3790 622 3845 sponsa:
674 3777 950 3830 Ecclesia}.
982 3774 1236 3829 Nonnulli
1270 3784 1450 3829 autem
1481 3792 1547 3829 ex
1606 3792 1755 3829 colu-

192 3867 622 3930 mentatoribus,
656 3867 767 3920 haec
798 3881 1015 3935 quoque
1042 3868 1120 3919 sic
1152 3865 1252 3919 visi
1280 3873 1409 3919 sunt
1451 3866 1639 3920 audire
1686 3867 1754 3920 de

193 3960 465 4014 Ecclesia.
513 3958 664 4021 Erat,
718 3957 996 4026 inquiunt,
1028 3958 1181 4026 prius
1226 3959 1376 4011 unita
1405 3958 1516 4012 Deo
1540 3959 1760 4027 quando

195 4050 341 4105 facta
399 4056 488 4104 est
529 4049 813 4102 hominum
865 4057 1080 4102 natura.
1132 4048 1337 4103 Deinde
1370 4065 1436 4103 ex
1477 4049 1596 4102 viro
1646 4051 1764 4120 ejus

195 4150 421 4211 sumpta
452 4151 537 4194 est
572 4140 708 4209 ipsa,
740 4156 833 4193 seu
860 4140 1130 4193 abstracta
1157 4149 1212 4193 et
1239 4142 1428 4194 evulsa
1451 4157 1465 4204 ;
1498 4156 1526 4193 δ
1548 4140 1763 4195 diabolo

195 4233 347 4287 enim
374 4232 558 4286 fuerat
604 4231 834 4284 adducta
884 4231 939 4284 in
996 4231 1369 4299 captivitatem
1424 4232 1760 4287 idololatriae.

265 4321 506 4390 Quando
530 4338 661 4390 ergo
694 4339 812 4374 eam
849 4338 1170 4376 conversam
1218 4321 1447 4377 deduxit
1471 4324 1616 4377 Deus
1646 4322 1762 4392 (qui

197 4414 383 4467 fuerat
404 4411 705 4479 aliquando
729 4412 812 4463 vir
845 4410 983 4480 ejus)
1014 4411 1082 4464 ad
1141 4412 1382 4481 seipsum
1416 4412 1762 4484 (secundum,

198 4506 453 4575 inquam,
484 4504 798 4571 Adalnum),
819 4503 957 4556 dixit
986 4522 997 4555 :
1023 4502 1129 4556 Hoc
1155 4520 1291 4556 nunc
1313 4513 1436 4573 post
1449 4505 1763 4559 conversio-

196 4614 325 4651 nem
361 4612 419 4649 os
442 4612 507 4648 ea:
545 4596 742 4647 ossibus
770 4596 915 4656 uicis,
948 4605 997 4648 et
1021 4612 1145 4648 caro
1192 4612 1254 4649 ea:
1281 4612 1438 4649 carne
1464 4613 1618 4660 mea;
1651 4598 1767 4666 ipsa

194 4688 475 4743 vocabitur
529 4685 716 4738 mulier
774 4702 868 4738 seu
922 4702 1058 4738 uxor
1104 4702 1244 4751 mea,
1268 4687 1363 4756 qui
1401 4704 1521 4743 sum
1556 4688 1767 4758 primus

193 4781 317 4846 ejus
346 4793 554 4847 parens
592 4788 647 4830 et
694 4777 889 4845 conjux
941 4776 1210 4831 Christus.
1258 4778 1525 4844 Quoniam
1574 4796 1639 4834 ex
1681 4796 1768 4833 me

194 4870 425 4924 Christo
452 4870 547 4936 qui
579 4884 697 4921 smn
729 4868 813 4920 vir
830 4868 950 4937 ejus
1000 4879 1215 4938 sumpta
1242 4879 1347 4935 est,
1395 4871 1541 4925 furto
1572 4873 1767 4925 subre-

198 4969 317 5029 pta,
366 4970 425 5014 et
461 4974 607 5012 nunc
654 4958 967 5021 revertitur,
1016 4958 1121 5012 fuit
1165 4960 1313 5014 enim
1358 4962 1460 5016 sub
1502 4962 1609 5015 alio
1648 4962 1769 5016 viro

200 5053 428 5122 (nempe
460 5050 705 5116 diabolo)”
754 5058 811 5104 et
839 5049 1105 5104 adultera.
1148 5050 1204 5105 Si
1236 5062 1417 5106 autem
1445 5053 1769 5106 contradicit

194 5144 449 5202 Judaeus,
481 5142 685 5195 debent
708 5142 883 5196 nostri
910 5141 1013 5194 hoc
1046 5142 1208 5205 scire,
1233 5142 1518 5197 audientes
1542 5144 1768 5196 omnino

1856 2680 2310 2746 circumcisionis,
2336 2683 2474 2736 duas
2495 2681 2890 2752 appellationes
2918 2683 3112 2739 habuit
3140 2700 3238 2755 per
3299 2703 3420 2741 mu-

1856 2772 2045 2828 lierem
2081 2772 2313 2842 (Saram,
2352 2772 2599 2842 inquam,
2630 2773 3108 2843 primum,deinde
3134 2776 3415 2849 Sarram);

1858 2863 1933 2918 ita
1961 2865 2123 2919 etiam
2177 2865 2274 2920 Dei
2312 2865 2557 2921 Ecclesia
2608 2864 2721 2920 Eva
2765 2866 2877 2920 duo
2906 2868 3116 2936 accepit
3141 2869 3362 2925 nomina
3398 2887 3417 2927 :

1856 2954 2155 3008 secundum
2193 2962 2378 3008 autem
2431 2955 2603 3024 priori
2643 2970 2808 3025 supra
2859 2956 3080 3011 modum
3128 2959 3324 3013 melius
3362 2972 3414 3014 et

1854 3045 2230 3100 excellentius.
2278 3045 2462 3100 Primo
2496 3046 2647 3100 enim
2698 3047 2977 3101 nominata
3028 3048 3133 3103 fuit
3191 3051 3411 3112 mulier,

1855 3141 2047 3200 postea
2123 3133 2234 3187 vita
2294 3151 2305 3186 :
2364 3150 2527 3203 quam
2580 3134 2747 3188 etiam
2823 3151 2920 3204 per
2983 3146 3169 3206 typum
3230 3141 3417 3207 expri—

1858 3240 2013 3280 mens
2065 3241 2200 3280 uxor
2258 3227 2518 3290 Abrahae,
2576 3237 2769 3283 vocata
2826 3238 2911 3284 est
2968 3232 3205 3299 primum
3250 3232 3414 3295 Sara,

1858 3317 1960 3370 hoc
1990 3326 2073 3371 est
2127 3318 2237 3371 dux
2269 3327 2326 3371 et
2378 3319 2665 3387 princeps;
2722 3320 2921 3376 deinde
2975 3324 3155 3385 Sarra,
3209 3324 3262 3379 id
3311 3338 3415 3385 est,

1858 3408 2146 3462 abundans
2180 3409 2386 3464 liberis.
2432 3411 2727 3479 Imperavit
2754 3414 2902 3466 enim
2938 3414 3196 3469 omnibus
3230 3416 3417 3470 Eccle—

1857 3499 1953 3555 sia,
1990 3512 2113 3548 cum
2164 3499 2364 3551 multos
2394 3499 2700 3568 peperisset
2732 3501 2941 3555 fideles.
2997 3502 3121 3573 Ipsa
3153 3506 3422 3559 vocabitur

1858 3586 2045 3639 mulier
2068 3591 2319 3656 quoniam
2352 3606 2415 3643 ea:
2443 3592 2553 3643 viro
2573 3607 2667 3644 suo
2694 3602 2903 3662 sumpta
2926 3604 3024 3655 est,
3086 3606 3298 3666 propter
3328 3598 3423 3650 hoc

1860 3680 2115 3747 relinquet
2138 3682 2291 3733 homo
2318 3691 2523 3750 patrem
2548 3692 2596 3734 et
2620 3692 2864 3747 matrem,
2888 3695 2935 3737 et
2960 3688 3241 3740 adlucrebit
3271 3691 3423 3741 uxori

1856 3788 1982 3825 suu'.
2013 3772 2235 3841 Propter
2267 3776 2360 3826 hoc
2396 3774 2567 3843 :quid
2599 3782 2683 3828 est
2730 3775 2852 3839 hoc,
2877 3776 3100 3849 Pmpter
3126 3780 3262 3832 hoc?
3310 3779 3424 3835 lloc

1784 3900 1827 3960 ε
1856 3873 1956 3925 est,
1995 3873 2217 3932 propter
2246 3864 2298 3916 id
2313 3865 2476 3933 ‘quod
2496 3875 2711 3935 sumpta
2742 3876 2826 3921 est
2869 3883 2936 3922 ex
2968 3870 3086 3922 viro
3120 3910 3132 3921 .
3169 3880 3421 3940 propter-

1860 3972 1924 4008 ea
1989 3956 2133 4024 quod
2166 3957 2237 4012 sit
2266 3957 2386 4025 ejus
2408 3967 2578 4020 costa,
2612 3975 2761 4021 caro,
2786 3968 2842 4013 et
2874 3974 2956 4021 os,
2991 3971 3048 4014 ct
3096 3962 3421 4025 metnlmuu,

1862 4058 1918 4102 et
1948 4061 2094 4116 pars,
2117 4057 2173 4101 ct
2194 4048 2358 4101 veluti
2392 4058 2579 4117 partus
2621 4051 2741 4118 ejus
2782 4061 2838 4104 et
2865 4052 3009 4105 fetus
3035 4063 3092 4105 et
3117 4056 3417 4121 generatio.

1863 4140 2095 4209 l'ropter
2126 4141 2230 4193 hoc
2256 4156 2421 4194 verus
2453 4141 2542 4194 ille
2569 4152 2626 4195 et
2663 4144 2818 4196 solus
2850 4144 2995 4198 Deus
3022 4153 3077 4198 et
3128 4144 3292 4199 homo
3324 4162 3423 4200 ne-

1863 4244 1954 4303 gat
1984 4242 2191 4301 patrem
2251 4243 2306 4287 et
2342 4242 2573 4288 inatrem
2620 4251 2796 4289 suam.
2850 4236 2997 4289 Dixit
3022 4237 3170 4292 enim
3204 4256 3215 4290 :
3252 4239 3422 4292 Mater

1864 4339 1980 4377 mea
2039 4332 2089 4376 et
2140 4324 2329 4391 fratres
2358 4326 2458 4376 mei
2489 4326 2527 4377 ii
2557 4334 2679 4377 sunt
2709 4327 2797 4395 qui
2858 4326 3059 4393 faciunt
3100 4327 3421 4382 voluntatem

1866 4429 2038 4465 meam
2066 4412 2132 4464 ".
2160 4412 2225 4466 Et
2260 4414 2545 4466 adliwrcln't
2570 4416 2720 4466 uxori
2746 4430 2873 4468 sum.
2913 4414 3145 4469 Uxorem
3177 4417 3298 4486 ejus
3354 4418 3419 4472 il-

1864 4501 1974 4555 lam
2009 4502 2131 4555 dico
2155 4518 2275 4569 qua:
2299 4503 2565 4570 processit
2589 4518 2656 4556 ex
2690 4502 2811 4571 ejus
2860 4503 3033 4557 latere
3062 4512 3119 4558 et
3166 4519 3330 4558 carne
3364 4516 3423 4559 ct

1865 4593 1982 4647 suis
2009 4593 2244 4656 ossibus,
2268 4609 2390 4662 qua:
2412 4602 2495 4646 est
2533 4594 2647 4647 sola
2678 4609 2814 4647 uxor
2841 4594 3033 4648 Adami
3068 4595 3370 4664 spiritualis
3406 4614 3422 4651 :

1866 4685 2014 4738 nulla
2042 4685 2193 4739 enim
2229 4686 2334 4739 alia
2359 4685 2559 4738 mulier
2588 4685 2856 4754 processit
2904 4701 2973 4739 ex
3010 4685 3130 4739 viro
3163 4702 3266 4741 suo
3318 4689 3425 4741 nisi

1868 4779 1957 4832 illa
1997 4778 2134 4831 sola.
2164 4778 2297 4830 Nam
2329 4783 2540 4831 uetera:
2566 4790 2756 4829 omnes
2808 4776 2862 4829 in
2912 4775 3116 4830 mundo
3169 4776 3426 4829 mulieres

1866 4865 2173 4936 procedunt
2224 4875 2282 4919 et
2324 4875 2653 4932 generantur
2704 4879 2773 4916 ex
2817 4863 3165 4926 mulieribus,
3221 4865 3423 4920 deinde

1868 4956 2062 5010 alienis
2079 4967 2137 5011 et
2151 4955 2393 5010 externis
2410 4957 2510 5009 viri
2527 4958 2832 5027 junguntur
2852 4956 3222 5019 matrimonio,
3242 4974 3421 5027 neque

1869 5056 2049 5102 tamen
2072 5048 2351 5102 adbaarent
2364 5056 2419 5101 ct
2434 5048 2898 5116 conglutinantur.
2918 5048 3052 5101 Nam
3080 5048 3225 5116 quod
3243 5048 3425 5103 adhae-

1870 5146 1952 5190 ret
2008 5146 2064 5190 et
2092 5136 2518 5205 conglutinatur,
2572 5138 2773 5191 nullam
2828 5152 3009 5207 neque
3065 5139 3186 5193 loco
3242 5154 3421 5207 neque

200 5236 378 5290 Deum
413 5234 472 5287 in
509 5234 649 5303 Lege
675 5250 901 5288 uxorem
931 5235 1226 5305 aliquando
1262 5236 1633 5290 nominautem
1664 5236 1765 5306 Sy-
1799 5230 1841 5285 Ι)
1865 5229 2033 5285 modo
2061 5228 2226 5282 habet
2245 5227 2412 5297 908
2434 5229 2755 5282 divisionem
2798 5242 2977 5297 neque
3001 5229 3421 5299 disjunctionem

197 5341 497 5396 nagogam,
529 5334 585 5379 et
610 5340 757 5380 nunc
808 5327 1029 5395 quidem
1058 5327 1106 5381 ei
1150 5327 1422 5382 dicentem
1460 5346 1472 5380 :
1507 5327 1767 5383 Pudorem

196 5418 396 5471 texuisti
416 5416 560 5485 apud
587 5434 764 5470 omnes
788 5419 832 5449 τ’
862 5436 872 5470 :
900 5418 1001 5472 hoc
1024 5428 1127 5481 est,
1161 5433 1189 5470 a
1211 5434 1295 5472 me
1313 5419 1581 5481 defecisti,
1615 5419 1768 5473 unita

198 5507 473 5561 omnibus
521 5506 627 5561 diis
664 5508 932 5562 idolorum
981 5509 1243 5567 fornicata
1299 5524 1381 5571 cs,
1420 5516 1475 5561 et
1530 5508 1766 5561 adorasti

200 5612 432 5651 omnem
461 5606 788 5651 creaturam.
812 5598 879 5651 Et
911 5599 1033 5653 ideo
1060 5614 1250 5653 rursus
1280 5598 1329 5653 ei
1354 5598 1572 5652 diccbat
1605 5615 1617 5649 :
1654 5598 1767 5650 Non

202 5704 323 5739 sum
380 5685 612 5754 amplius
653 5688 731 5739 uir
773 5697 913 5752 tuus,
965 5698 1011 5742 et
1053 5699 1108 5740 tu
1150 5703 1253 5739 non
1287 5705 1337 5740 es
1371 5688 1593 5755 amplius
1637 5702 1770 5739 uxor

276 5852 325 5885 ”
357 5852 561 5906 Jcrcm.
596 5868 674 5914 Ill,
740 5852 787 5903 l.
887 5854 931 5881 '“
962 5856 1087 5908 (ise.
1144 5869 1198 5915 ιι,
1247 5853 1303 5905 ε’..

1872 5320 1941 5373 ab
1963 5320 2094 5382 alio,
2144 5319 2240 5374 sed
2274 5321 2443 5374 semel
2492 5321 2563 5373 ita
2609 5328 2693 5372 est
2720 5321 3178 5390 conglutinatum,
3224 5332 3287 5373 ut
3332 5337 3428 5374 aer

1874 5410 1982 5464 luci
2022 5411 2231 5473 unitur,
2262 5418 2320 5462 et
2349 5410 2554 5464 ferrum
2588 5410 2723 5478 igni,
2770 5418 2828 5464 et
2879 5410 3114 5464 tinctura
3168 5424 3429 5479 purpurae

1872 5500 2191 5570 chlamydis,
2226 5508 2281 5553 et
2301 5501 2480 5554 anima
2511 5500 2792 5555 individue
2842 5509 2927 5554 est
2978 5500 3131 5554 unita
3186 5502 3427 5571 corpori.

1874 5593 2149 5661 lntelligcs
2177 5603 2360 5646 autem
2394 5610 2490 5663 per
2522 5595 2664 5648 hanc
2690 5608 2911 5646 uxorem
2967 5602 3024 5647 et
3052 5593 3153 5647 viri
3211 5609 3335 5648 cum
3366 5614 3429 5650 ea

1874 5684 2356 5754 agglutinatimiem
2425 5696 2479 5741 et
2541 5686 2951 5749 aclhzesionem,
3028 5700 3149 5739 eam
3227 5687 3430 5759 agglu-

1384 5852 1424 5879 '”
1464 5849 1648 5903 Matth.
1686 5866 1775 5909 xu,
1812 5849 1895 5899 illi.
