4186 6442
808 418 937 481 1007

1978 404 2037 458 S.
2080 396 2472 458 ANASTASII
2514 394 2834 454 SINAITAS

3891 391 4016 461 1008

804 531 1129 587 tiuatioucm
1171 532 1226 577 et
1262 521 1630 575 adhmsioncm
1697 515 1786 567 llei
1849 512 2002 566 Verbi
2076 526 2197 578 qua:
2262 524 2359 577 per
2390 515 2433 567 Α
2466 506 2593 559 ldeo
2618 506 2778 574 plane
2800 506 3060 572 quoniam
3091 503 3262 556 altera
3291 513 3375 556 est
3396 502 3608 555 Domini
3635 503 3839 566 anima,
3874 519 4017 557 ricin-

804 620 1138 695 hypostasim
1168 618 1227 670 fit
1257 631 1380 668 cum
1414 619 1597 664 nostra
1632 617 1846 667 natura,
1881 621 2000 671 quae
2023 602 2245 670 quidem
2274 608 2355 651 est

804 715 1033 788 genitrix
1082 709 1336 773 Ecclesia:
1365 722 1378 756 :
1411 700 1668 769 quoniam
1708 697 1946 749 iinnobra
1996 709 2185 745 smnus
2233 706 2353 742 eor-

803 785 951 877 poris
983 806 1104 873 ejus
1130 819 1191 853 ex
1229 812 1392 851 carne
1435 796 1573 863 ejus,
1600 800 1655 844 et
1678 789 1893 843 ossibus
1912 787 2030 854 ejus
2053 785 2122 847 ⁸³,
2155 796 2355 835 come-

805 874 1019 954 jm-mcr
1047 896 1161 949 γυιτί
1195 889 1364 945 l’auli.
1404 888 1523 951 Quo
1554 885 1612 937 lit
1640 891 1696 934 ut
1734 876 2139 948 quodammodo
2187 874 2354 927 Adam

801 994 945 1045 sitet
975 996 1127 1056 pater
1155 993 1209 1035 et
1231 980 1462 1034 maritus
1479 993 1590 1030 suze
1612 972 1815 1035 uxoris,
1849 970 1992 1022 sicut
2015 969 2177 1021 etiam
2202 965 2358 1019 Chri-

803 1096 918 1138 stus
958 1076 1227 1134 Ecclesiae.
1262 1075 1420 1127 Pater
1450 1070 1692 1137 quidem,
1754 1073 1811 1116 ut
1863 1066 2032 1130 ipsam
2094 1073 2358 1127 geiieraus

804 1192 897 1244 per
930 1185 1123 1240 aquam
1176 1176 1231 1219 ct
1278 1163 1579 1232 Spiritum;
1639 1156 2099 1214 maritusautem,
2156 1160 2215 1202 ut
2261 1149 2355 1217 qui

808 1243 963 1321 Verbi
997 1276 1182 1316 semen
1209 1260 1262 1311 iu
1285 1272 1402 1309 eam
1432 1251 1672 1321 dcjieiat.
1732 1248 1833 1301 Per
1872 1244 2016 1313 quod
2046 1243 2245 1295 multos
2271 1250 2355 1294 at-

800 1372 905 1426 que
945 1356 1082 1407 adeo
1112 1342 1539 1403 innumerabiles
1566 1342 1664 1393 hos
1694 1338 1831 1391 lilios
1870 1335 2053 1403 (filios,
2111 1333 2356 1399 inquam,

801 1424 1073 1517 gentium)
1100 1442 1149 1495 ei
1185 1435 1415 1507 peperit,
1444 1442 1500 1486 et
1529 1430 1779 1493 enutriit,
1811 1438 1867 1481 et
1896 1426 2068 1487 ausit,
2093 1434 2147 1477 et
2170 1424 2358 1476 mulli-

804 1538 1047 1609 plicavit.
1088 1533 1199 1586 lloc
1218 1531 1365 1583 enim
1388 1526 1549 1579 modo
1580 1525 1743 1579 etiam
1771 1519 1973 1574 Christi
1999 1517 2235 1586 adjutrix
2272 1517 2357 1569 di-

803 1633 947 1684 citur
988 1624 1248 1685 Ecclesia,
1278 1636 1345 1675 eo
1376 1618 1519 1689 quod
1582 1618 1695 1684 ipsa
1724 1621 1846 1683 post
1872 1613 1990 1681 ejus
2028 1609 2359 1677 assumptio-

804 1739 927 1777 nem
959 1723 1275 1789 generet,et
1297 1716 1506 1769 doceat,
1530 1718 1585 1762 et
1616 1706 1906 1766 illuminet,
1934 1702 2278 1771 etpraedieet,
2305 1709 2361 1753 et

804 1821 1092 1869 convertat
1120 1817 1310 1879 gentes
1340 1804 1406 1857 ad
1433 1803 1624 1855 Deum.

2464 615 2529 665 pe
2569 598 2796 650 rationis
2829 598 3103 665 particeps
3147 605 3203 648 et
3234 597 3562 666 intelligens,
3600 605 3655 650 et
3685 599 3787 650 alia
3831 598 4014 652 Eccle—

2463 692 2578 755 sim,
2610 707 2803 760 nempe
2840 692 3080 760 Spiritus
3118 700 3357 744 sanctus.
3396 689 3550 755 Quod
3590 699 3773 742 autem
3836 690 4013 743 direr-

2463 803 2551 839 sas
2588 800 2779 839 carnes
2804 784 3039 836 habeant
3060 784 3160 835 \‘iri
3188 793 3241 835 et
3270 783 3527 835 mulieres
3578 782 3702 835 audi
3738 784 3909 835 Deum
3941 782 4017 833 di-

2462 889 2676 933 centem
2707 897 2717 929 :
2753 876 2865 931 Non
2896 878 3213 945 perumnehit
3247 876 3463 943 spiritus
3490 892 3626 927 mea:
3652 876 3703 926 in
3730 875 4015 925 hominibus

2462 973 2594 1031 istis,
2626 982 2897 1039 propterea
2932 970 3068 1037 quod
3097 971 3198 1021 sint
3229 970 3324 1036 ipsi
3354 979 3536 1019 carnes
3568 968 3633 1027 '",
3664 977 3714 1017 ul
3742 966 3838 1033 qui
3868 968 4015 1034 plane

2466 1064 2737 1117 insaniant
2766 1064 2817 1115 in
2840 1062 3089 1116 feminas.
3119 1062 3186 1114 Et
3233 1076 3422 1113 rursus
3446 1059 3579 1112 dicit
3609 1078 3618 1110 :
3653 1059 3933 1125 lii/Tumtum
3961 1074 4017 1108 ex

2463 1161 2647 1228 spiritu
2673 1174 2785 1210 meo
2814 1160 2866 1210 in
2884 1172 3087 1209 onmem
3104 1172 3315 1207 carnem
3333 1154 3401 1218 ",
3419 1162 3464 1205 et
3486 1152 3672 1204 videbit
3698 1152 3869 1203 omnis
3901 1168 4017 1201 caro

2463 1253 2699 1305 salutare
2718 1250 2813 1302 Dei
2841 1251 3004 1302 nostri
3027 1249 3093 1300 ⁸⁸.
3128 1248 3264 1300 Audi
3302 1262 3434 1312 ergo
3468 1244 3692 1297 Paulum
3722 1244 3896 1296 (item
3932 1257 4017 1310 pa-

2466 1342 2633 1396 radisi
2662 1341 2837 1410 (cujus
2869 1350 2952 1394 est
2984 1350 3186 1394 {eterna
3215 1338 3499 1405 memoria)
3543 1337 3838 1395 dicentem,
3870 1335 4020 1387 Chri-

2465 1448 2607 1491 stum
2627 1445 2680 1490 et
2704 1434 3002 1489 Ecclesiam
3024 1448 3143 1487 esse
3168 1434 3219 1485 in
3239 1448 3451 1484 carnem
3474 1448 3634 1483 unam
3660 1431 3700 1459 "’
3724 1440 3813 1482 :et
3836 1430 4018 1481 Adauii

2463 1537 2519 1580 et
2548 1529 2671 1581 Eva:
2694 1526 3000 1595 exetuplum
3020 1523 3086 1577 ad
3116 1524 3260 1593 ipsos
3291 1524 3641 1578 referentem.
3672 1523 3886 1576 Dicitur
3924 1537 4018 1573 au-

2467 1627 2573 1673 tem
2607 1620 2772 1672 etiam
2820 1618 2980 1671 aliter
3031 1616 3074 1668 si
3138 1615 3240 1674 \‘is,
3300 1614 3430 1677 Eva,
3489 1612 3597 1666 vita
3638 1616 3701 1665 ad
3736 1613 4017 1678 imaginem

2466 1714 2659 1766 auinue
2682 1710 3030 1764 virilicantis.
3064 1707 3187 1761 Ihec
3206 1723 3336 1776 ergo
3363 1707 3474 1759 duo
3506 1709 3745 1773 (corpus,
3783 1706 4018 1773 inquam,

2464 1814 2520 1857 et
2555 1802 2753 1872 anima)
2780 1803 2915 1854 fiunt
2941 1817 3082 1854 uitus
3116 1801 3298 1860 homo,
3344 1807 3400 1852 et
3431 1800 3507 1852 sic
3535 1797 3773 1867 perfecte
3836 1795 4019 1865 imple-

876 1906 1089 1961 Etenim
1123 1900 1377 1970 quoniam
1413 1895 1563 1964 prior
1612 1891 1893 1960 Synagoga
1923 1886 2027 1939 fuit
2091 1885 2360 1945 adllllcmi
2394 1884 2436 1938 Β
2467 1904 2556 1948 tur
2582 1894 2713 1947 illud
2743 1893 2944 1946 :Emnt
2966 1892 3070 1943 duo
3093 1892 3145 1943 in
3177 1907 3337 1942 unam
3365 1906 3611 1952 carnem;
3650 1899 3733 1942 est
3762 1887 3912 1942 enim
3960 1904 4020 1940 ex

805 2010 860 2054 et
888 1999 1060 2069 ipsius
1090 1994 1184 2049 lilii
1225 2006 1365 2060 quos
1398 1989 1543 2042 Deus
1573 1983 1761 2054 genuit
1788 1988 1844 2034 et
1879 1981 1933 2031 in
1962 1979 2132 2031 altum
2166 1977 2363 2028 extulit

804 2068 930 2145 enim
984 2090 1363 2158 spreverunt:
1406 2085 1629 2149 propter
1678 2074 1823 2126 hunc
1874 2080 2078 2133 actmn,
2141 2068 2365 2137 reliquit

805 2182 1058 2237 Christus
1083 2185 1293 2248 patrem
1311 2186 1493 2231 suum,
1525 2180 1718 2234 nempe
1738 2163 1997 2233 pepulmn
2025 2160 2361 2223 .ludmorum,

805 2285 861 2329 et
885 2284 1112 2328 matrem
1140 2281 1295 2322 suam
1321 2264 1679 2333 Synagogam,
1723 2265 1778 2309 et
1808 2254 2035 2308 adhaesit
2065 2251 2217 2305 uxori
2254 2267 2365 2305 sua:

808 2382 972 2437 quam
996 2361 1228 2430 sumpsit
1259 2372 1324 2411 ex
1354 2352 1630 2425 gentibus,
1669 2358 1724 2402 et
1750 2348 1971 2401 fuerunt
2013 2344 2124 2398 duo
2160 2344 2212 2396 in
2242 2358 2363 2396 car-

810 2476 933 2513 nem
970 2469 1132 2509 unam
1168 2450 1333 2503 unius
1378 2444 1584 2514 populi.
1622 2441 1924 2510 Mysterium
1964 2440 2057 2491 hoc
2116 2452 2364 2505 magnum

810 2559 883 2603 est
912 2550 1025 2618 (ego
1054 2543 1258 2599 Paulus
1287 2538 1421 2605 dico)
1464 2539 1517 2590 in
1546 2534 1749 2588 Christo
1778 2540 1824 2583 et
1857 2529 2090 2584 Ecclesia
2112 2529 2157 2559 ⁸³
2193 2546 2209 2581 :
2253 2528 2368 2579 haec

811 2642 1033 2695 fuerunt
1062 2635 1399 2706 pneligurata
1429 2636 1487 2682 et
1541 2626 1694 2697 prius
1725 2622 2018 2691 descripta.
2062 2618 2320 2684 Quzenam
2344 2619 2368 2670 ’ἰ

815 2730 888 2782 Ea
912 2727 1117 2781 scilicet
1144 2736 1265 2790 qua:
1287 2718 1487 2786 scripta
1511 2722 1639 2768 sunt
1662 2713 1729 2765 de
1750 2712 1955 2765 Adamo
1982 2719 2037 2764 et
2064 2710 2171 2762 Era
2206 2725 2218 2759 :
2249 2709 2368 2777 ejus

812 2819 1021 2874 scilicet
1046 2813 1288 2877 lictio,in
1312 2824 1433 2864 eam
1479 2805 1795 2868 insumatio,
1844 2803 2091 2873 pesitura
2119 2800 2172 2853 iu
2208 2814 2369 2868 para-

814 2914 935 2966 diso
971 2908 1038 2964 ad
1070 2904 1407 2977 operandqu
1457 2912 1512 2954 et
1568 2894 1987 2952 custodiendum
2040 2900 2369 2960 praeceptum

813 3004 881 3056 de
906 2999 1235 3055 animalibus
1263 2995 1451 3048 datum
1476 2989 1704 3051 Adamo,
1736 2987 2013 3056 ingressus
2041 2984 2095 3036 in
2149 2980 2371 3049 paradi-

815 3112 958 3157 sum,
990 3105 1233 3152 sonmus,
1266 3084 1517 3145 exstasis,
1549 3091 1699 3136 costa
1720 3077 2006 3138 mdilicata,
2030 3074 2151 3143 ejus
2199 3071 2373 3124 addu-

815 3190 947 3250 etio,
982 3194 1039 3239 et
1079 3191 1230 3239 tanto
1265 3179 1435 3247 magis
1459 3192 1605 3230 caro.
1637 3174 1866 3240 Propter
1896 3185 2018 3238 quae.
2064 3167 2230 3220 etiam
2278 3165 2364 3217 di-

816 3290 964 3333 etum
987 3285 1071 3329 est
1100 3293 1112 3326 ε
1144 3272 1365 3340 Propter
1383 3270 1476 3321 hoc
1497 3265 1747 3334 relinquet
1780 3263 1930 3315 homo
1953 3266 2155 3329 patrem
2173 3267 2222 3310 et
2250 3274 2366 3309 mo-

818 3383 950 3423 trem
973 3377 1020 3421 et
1039 3363 1316 3419 adhwrcbit
1344 3362 1493 3413 uxori
1520 3373 1648 3419 suat,
1667 3365 1715 3407 et
1746 3362 1897 3407 erunt
1942 3354 2042 3404 duo
2073 3353 2125 3403 in
2164 3366 2375 3402 carnem

819 3477 1001 3513 unam.
1026 3456 1330 3524 Mysterium
1358 3454 1449 3504 hoc
1474 3464 1725 3518 magnum
1754 3456 1850 3506 est,
1868 3460 1959 3513 ego
1986 3454 2162 3495 autem
2188 3443 2301 3493 dico
2320 3442 2375 3491 in

733 3549 738 3557 ’
819 3552 1023 3605 tihristo
1057 3558 1104 3601 et
1152 3544 1405 3599 Ecclesia.
1456 3540 1590 3594 Nam
1625 3538 1670 3591 si
1711 3542 1991 3605 spectetur
2019 3534 2225 3593 littera,
2268 3546 2376 3583 non

820 3654 969 3705 sunt,
1003 3641 1088 3694 vir
1112 3649 1168 3693 et
1194 3638 1389 3691 mulier
1410 3628 1708 3700 conjugati,
1740 3642 1847 3680 una
1872 3640 2000 3679 caro
2038 3633 2093 3678 et
2125 3623 2378 3677 substan-

823 3737 914 3789 tia.
986 3732 1081 3786 Est
1147 3736 1330 3782 autem
1400 3724 1563 3779 etiam
1632 3721 1789 3787 longe
1853 3714 2179 3770 imbecillior
2248 3729 2378 3767 caro

824 3825 1069 3881 mulieris
1113 3836 1279 3875 carne
1321 3817 1446 3870 viri.
1478 3814 1547 3867 Et
1592 3808 1867 3880 quomodo
1925 3805 2069 3860 una?
2120 3804 2227 3858 Sed
2277 3818 2379 3857 nec

822 3917 1004 3971 omnis
1040 3915 1124 3967 vir
1152 3910 1429 3965 desiderat
1462 3915 1519 3958 et
1553 3904 1786 3956 honorat
1812 3913 1965 3953 suam
2001 3912 2224 3951 uxorem
2257 3896 2379 3964 plus

824 4025 985 4079 quam
1009 4016 1217 4075 patrem
1243 4015 1401 4055 suum
1432 4006 1487 4051 et
1516 4002 1769 4049 matrem.
1801 3990 1955 4046 Unde
1982 3990 2145 4044 etiam
2171 3990 2296 4041 licet
2323 3988 2376 4040 in

824 4103 944 4157 dies
994 4098 1181 4151 ridere
1248 4088 1676 4146 immmerabiles
1730 4086 1824 4153 qui
1885 4084 2202 4151 relinquunt
2252 4094 2379 4133 suas

827 4206 1045 4249 uxores,
1098 4196 1155 4241 et
1189 4191 1473 4239 transerunt
1502 4180 1565 4233 ad
1612 4178 1775 4238 alias;
1815 4185 2021 4246 patrem
2073 4184 2250 4227 autem
2285 4179 2380 4225 aut

828 4291 1055 4336 matrem
1084 4293 1194 4331 non
1227 4274 1385 4328 facile
1412 4279 1590 4341 potest
1618 4283 1907 4337 quisquam
1930 4280 2128 4334 negare
2164 4272 2260 4316 aut
2289 4276 2379 4314 re-

828 4375 1093 4441 linquere.
1133 4368 1294 4436 Atqui
1345 4362 1606 4418 floruimus
1648 4359 1905 4413 Christus
1934 4368 2219 4427 postquam
2278 4354 2382 4408 fuit

828 4462 987 4515 nobis
1022 4459 1230 4518 unitus,
1272 4468 1415 4506 unus
1465 4451 1572 4505 fuit
1600 4447 1901 4519 hypostasi,
1933 4462 2057 4500 cum
2102 4444 2381 4514 propriam

2463 1986 2698 2046 duobus,
2727 1984 2980 2038 Christus
3007 2000 3020 2036 :
3048 1983 3192 2037 Deus
3218 1982 3377 2035 simul
3402 1992 3458 2034 et
3486 1982 3671 2035 homo.

2534 2077 2653 2145 Ipse
2679 2091 2898 2144 quoque
2923 2075 3175 2128 advertes
3199 2073 3368 2143 quod,
3407 2073 3461 2127 in
3488 2083 3640 2126 sexto
3673 2073 3761 2126 die
3790 2073 4019 2127 creatio-

2465 2170 2550 2223 nis
2586 2184 2680 2222 sex
2709 2168 2947 2231 dierum,
2980 2167 3094 2220 haec
3134 2175 3264 2219 tunc
3295 2166 3621 2220 dicebantur
3652 2178 3708 2217 et
3757 2165 3960 2219 fiebant
3993 2180 4020 2217 a

2468 2260 2599 2322 Deo,
2630 2258 2889 2329 quoniam
2943 2274 3010 2311 eo
3048 2268 3201 2312 sexto
3231 2258 3320 2311 die
3357 2257 3540 2311 smeuli
3601 2255 3761 2310 finem
3802 2272 4022 2324 accepe-

2466 2355 2594 2399 runt
2617 2348 2669 2399 in
2709 2345 2930 2399 Christo
2957 2355 3013 2399 et
3042 2345 3285 2399 Ecclesia
3310 2362 3324 2409 ;
3357 2346 3718 2399 nihilominus
3753 2347 3806 2398 in
3833 2354 4025 2414 quarto

2466 2438 2554 2490 die
2586 2435 2652 2489 de
2672 2437 2785 2490 sole
2816 2445 2871 2489 et
2894 2436 3021 2489 luna
3040 2436 3395 2496 disserentes,
3422 2436 3760 2489 ostendimus
3783 2434 3937 2499 illud,
3964 2434 4024 2487 Et

2468 2538 2619 2581 erunt
2641 2529 2743 2581 dno
2773 2530 2828 2581 in
2854 2545 3015 2581 carne
3038 2544 3167 2590 una,
3193 2527 3559 2596 intelligentes
3594 2527 3703 2580 duo
3739 2528 4023 2580 luminaria

2469 2623 2536 2675 de
2573 2621 2794 2676 Christo
2823 2630 2879 2675 et
2933 2621 3199 2675 Ecclesia.
3246 2621 3378 2674 Nam
3418 2620 3496 2673 sol
3534 2620 3755 2689 quidem
3790 2620 4027 2674 creditus

2468 2721 2703 2767 estesse
2758 2712 2965 2765 siccum
3026 2720 3082 2763 et
3132 2722 3409 2764 terrenum
3451 2720 3608 2764 terrae
3660 2712 4023 2769 elementum;

2471 2805 2598 2858 luna
2630 2812 2811 2858 autem
2844 2802 3069 2872 spiritus
3098 2803 3270 2865 venti,
3313 2804 3365 2855 in
3390 2804 3507 2855 loco
3547 2802 3775 2869 spiritus
3812 2802 4022 2854 anima}.

2472 2894 2637 2951 linito
2665 2909 2796 2964 ergo
2821 2895 2952 2946 limo
2981 2902 3139 2947 teme
3166 2901 3223 2946 et
3252 2893 3468 2961 Spiritu,
3504 2893 3811 2947 cllieiunlur
3843 2895 3950 2946 duo
3975 2893 4025 2945 in

2473 3000 2641 3038 unum
2700 2984 2996 3037 hominem.
3040 2984 3288 3036 Fortasse
3350 2994 3535 3035 autem
3569 2983 3739 3053 magis
3774 2984 4028 3053 mysticus

2474 3092 2670 3131 sensus
2705 3077 3002 3129 creationis
3029 3075 3191 3129 habet
3230 3075 3333 3127 hoc
3363 3074 3541 3128 modo.

2547 3169 2994 3237 Quandoquidem
3039 3167 3290 3223 Christus
3314 3167 3583 3220 inhabitat
3610 3167 3664 3220 in
3688 3167 3870 3230 nobis,
3902 3182 4027 3220 con-

2480 3263 2762 3315 venienter
2789 3261 2839 3314 ei
2891 3258 3035 3328 quod
3067 3260 3329 3327 scriptum
3362 3269 3445 3312 est
3474 3278 3485 3310 :
3528 3258 3834 3312 Inhabitabo
3864 3262 3916 3312 in
3952 3260 4028 3329 ip-

2476 3356 2547 3407 sis
2587 3362 2635 3407 et
2662 3353 3001 3406 inambulabo
3029 3351 3073 3383 ⁸⁸
3098 3393 3112 3413 ,
3145 3367 3206 3403 ea
3238 3351 3303 3404 de
3325 3367 3485 3404 causa
3519 3366 3680 3403 omne
3746 3367 3840 3405 cor
3882 3367 4030 3404 mun—

2477 3446 2607 3499 dqu
2648 3445 2859 3497 unitum
2892 3444 3000 3496 Deo
3024 3442 3220 3503 Verbo,
3255 3443 3415 3494 ambo
3442 3450 3572 3495 sunt
3607 3441 3717 3495 duo
3761 3441 3816 3494 in
3873 3456 4027 3494 unam

2476 3550 2692 3590 carnem
2720 3552 2730 3585 :
2753 3548 2874 3586 nam
2898 3532 2991 3600 qui
3019 3533 3129 3585 Deo
3157 3531 3419 3591 adlnerct,
3444 3540 3528 3584 est
3554 3546 3696 3584 unus
3723 3530 4025 3600 spiritus".

2478 3625 2594 3678 Non
2621 3624 2797 3677 solum
2837 3632 3017 3674 autem
3052 3620 3104 3673 in
3128 3620 3313 3684 rebus,
3355 3620 3449 3673 sed
3475 3621 3637 3673 etiam
3675 3620 3728 3672 in
3755 3620 3889 3688 ipsis
3918 3634 4031 3671 ver-

2479 3716 2565 3768 bis
2592 3715 2720 3767 licet
2739 3713 2930 3766 audire
2956 3711 3195 3764 divinam
3245 3710 3584 3777 Scripturam
3619 3710 4029 3780 conjungentem

2477 3819 2533 3861 et
2567 3822 2734 3860 unum
2784 3805 3069 3858 facientem
3128 3803 3392 3856 Adamum
3434 3814 3491 3855 et
3545 3801 3734 3864 Eram,
3778 3810 4029 3869 tanquam

2480 3914 2647 3951 unum
2678 3897 2973 3956 hominem,
3010 3896 3062 3947 in
3087 3904 3270 3965 typum
3297 3894 3498 3947 Christi
3530 3893 3858 3947 etEcclesia:
3900 3890 4031 3945 :Fa-

2479 3992 2698 4053 ciamus,
2734 3988 2910 4057 inquit
2938 3988 3110 4050 enim,
3136 3987 3395 4038 hominem
3425 3985 3493 4036 ad
3515 3986 3796 4054 imaginem
3817 3995 3864 4036 et
3889 3984 4030 4036 simi-

2481 4081 2753 4134 litudinem
2789 4089 3045 4133 nostram.
3110 4079 3251 4131 Ecce
3290 4094 3412 4130 eum
3446 4077 3500 4129 in
3541 4094 3645 4130 una
3686 4081 3925 4146 persona
3951 4075 4029 4128 di-

2478 4174 2669 4236 xisset,
2702 4174 2982 4231 hominem,
3041 4170 3342 4240 subjunxit,
3404 4170 3636 4223 dicens:
3672 4168 3737 4221 Et
3786 4169 4031 4237 imperent

2480 4265 2697 4335 piscibus
2723 4265 2904 4316 maris.
2930 4261 3068 4316 Illud
3093 4272 3296 4324 autem,
3315 4260 3597 4331 lmpcrent,
3626 4270 3708 4313 est
3737 4274 3838 4311 vox
3862 4257 4033 4310 dualis

2482 4374 2577 4411 seu
2609 4356 2850 4426 pluralis,
2892 4354 3098 4407 unitate
3125 4353 3177 4406 in
3218 4352 3452 4414 hinario,
3487 4362 3542 4404 et
3574 4350 3785 4403 binario
3814 4351 3867 4402 in
3921 4349 4031 4401 unio

2484 4457 2593 4503 tate
2625 4464 2720 4502 eos
2749 4449 3105 4517 conjungens.
3147 4445 3217 4498 Et
3250 4460 3439 4497 rursus
3469 4443 3603 4495 dicit
3637 4461 3648 4493 :
3678 4442 3745 4495 Et
3795 4443 3912 4511 fecit
3937 4439 4033 4494 Do-

827 4551 1137 4620 rcliquisset
1169 4545 1371 4599 tribum
1395 4557 1457 4595 ac
1473 4540 1871 4609 cognationem,
1903 4545 1959 4589 et
1989 4534 2376 4589 lramiisselad
2411 4540 2453 4594 ι)
2482 4543 2651 4594 minus
2672 4538 2807 4592 Deus
2828 4539 3118 4601 hominem;
3147 4536 3215 4588 ad
3249 4538 3529 4605 imaginem
3569 4535 3660 4586 Dei
3682 4535 3798 4602 fecit
3848 4536 4033 4603 ipsum,

825 4643 1064 4698 Grzecam
1097 4653 1191 4692 seu
1236 4633 1511 4705 gentilem.
1552 4629 1607 4683 Si
1652 4638 1833 4682 autem
1870 4644 1976 4681 una
2019 4635 2098 4679 est
2140 4642 2268 4679 caro
2301 4625 2384 4679 vir

827 4725 1134 4797 corporalis
1200 4734 1257 4776 et
1315 4720 1548 4782 mulier,
1615 4716 1843 4769 oninino
1884 4724 2141 4784 oportet,
2199 4715 2243 4768 si
2299 4716 2385 4768 vir

830 4821 900 4871 sit
947 4816 1218 4875 inﬁrmus,
1258 4812 1524 4864 inllrmam
1578 4822 1797 4876 quoque
1833 4823 1953 4861 esse
1993 4807 2303 4869 mulierem,
2330 4816 2387 4859 et

834 4923 1021 4962 rursus
1040 4906 1085 4959 si
1104 4903 1301 4957 mulier
1331 4901 1600 4969 allligatur
1618 4906 1994 4961 autsencscat,
2021 4898 2183 4951 simul
2222 4898 2385 4951 etiam

832 5013 1048 5053 carnem
1096 4996 1199 5048 viri
1257 4992 1557 5053 tabescere,
1605 4999 1663 5044 et
1720 4990 1767 5043 si
1806 4989 1892 5041 vir
1929 4989 2177 5052 decedat,
2223 4990 2385 5043 simul

831 5104 1048 5159 quoque
1077 5088 1215 5141 mori
1253 5098 1496 5139 uxorem.
1551 5081 1819 5147 Quoniam
1855 5089 2036 5135 autem
2097 5098 2161 5136 ea
2194 5083 2388 5152 loquor

831 5196 953 5250 qua:
975 5176 1260 5233 faciuntad
1284 5189 1501 5228 causam
1522 5172 1726 5227 Christi
1750 5172 2169 5231 defendendam,
2199 5183 2253 5227 et
2276 5190 2386 5228 sua:

832 5271 1082 5343 conjugis
1117 5268 1395 5330 Ecclesia,
1438 5282 1586 5320 arma
1635 5280 1793 5320 sunto
1844 5265 2108 5320 adversus
2147 5267 2382 5321 Judwos.

834 5367 987 5420 Dicat
1016 5378 1147 5431 ergo
1183 5361 1314 5415 mihi
1343 5358 1564 5415 Judmus
1599 5376 1611 5411 :
1645 5359 1701 5412 Si
1748 5362 1912 5412 homo
1960 5368 2016 5412 et
2044 5359 2127 5411 vir
2157 5369 2285 5413 sunt
2335 5362 2388 5412 in

832 5472 1043 5508 carnem
1068 5469 1249 5514 unam,
1282 5449 1558 5520 quomodo
1574 5464 1683 5502 non
1700 5448 1876 5503 dixit:
1910 5449 1977 5502 Et
2015 5454 2067 5502 in
2084 5468 2245 5503 nnam
2276 5454 2392 5505 ani-

838 5560 1001 5608 mam,
1036 5541 1183 5612 quod
1220 5540 1439 5610 quidem
1464 5548 1584 5593 erat
1613 5538 1735 5593 aliis
1761 5539 1931 5606 magis
1983 5542 2393 5595 necessarium?

904 5730 947 5759 "’
978 5730 1173 5798 Ephes.
1230 5746 1281 5790 ν.
1312 5729 1399 5783 30.
1477 5730 1522 5760 ⁸³
1546 5730 1679 5783 ibid.
1713 5730 1799 5784 '52.

1092 5745 1173 5797 res.
1230 5746 1281 5790 ν.
1312 5730 1399 5783 30.
1477 5730 1522 5760 ⁸³
1546 5730 1679 5783 ibid.
1713 5730 1799 5784 52.
1874 5733 1919 5762 ⁸⁸
1952 5731 2086 5782 Gen.
2110 5746 2180 5791 γι,
2207 5730 2259 5782 5.

832 5797 956 5851 Cor.
987 5797 1058 5863 vi,
1094 5802 1175 5853 16.
1253 5800 1343 5854 ⁶⁹Ι
1382 5798 1489 5853 Cor
1537 5816 1607 5855 \‘l.
1657 5800 1734 5853 l7.

2337 5731 2380 5759 "
2406 5729 2522 5782 Joel
2570 5746 2625 5789 ιι,
2674 5729 2763 5785 98.

2483 4632 2585 4686 hoc
2606 4640 2709 4692 est,
2734 4646 2860 4684 eum
2894 4628 3093 4697 quiest
3122 4643 3264 4681 unus
3288 4637 3343 4681 et
3372 4627 3522 4681 solus
3545 4636 3797 4694 tanquam
3818 4627 3872 4678 in
3905 4626 4033 4679 duo-

2484 4726 2604 4778 bus.
2636 4724 2799 4791 ldque
2828 4730 2912 4775 est
2949 4721 3297 4790 perspicuum
3326 4735 3391 4773 ex
3430 4719 3496 4772 iis
3532 4734 3651 4787 qua:
3693 4718 3970 4787 subjungit
4019 4734 4029 4766 :

2483 4815 2774 4870 Mascnfnm
2798 4824 2845 4867 et
2876 4815 3121 4883 feminam
3162 4813 3398 4882 feciteos.
3424 4811 3585 4873 Ecce,
3622 4809 3762 4863 duos
3787 4809 3883 4879 qui
3917 4817 4035 4862 sunt

2485 4909 2540 4962 in
2568 4923 2730 4962 unam
2757 4922 2995 4970 carnem,
3055 4920 3225 4957 unum
3259 4903 3392 4957 dicit
3417 4902 3713 4956 hominem.

2558 4997 2730 5052 Porro
2756 5004 2937 5050 autem
2962 4995 3017 5048 in
3054 5002 3325 5063 ιιι-ινσεριο
3358 5008 3576 5062 quoque
3602 4992 3669 5045 de
3692 4990 3960 5046 vescendo
3986 4997 4036 5043 et

2487 5086 2845 5149 abstinendo,
2899 5086 3027 5140 licet
3078 5087 3270 5141 audire
3328 5087 3499 5141 Deum
3560 5088 3703 5141 idem
3733 5088 4034 5144 dicentem.

2491 5193 2685 5246 nempe
2716 5192 2884 5230 unum
2935 5176 3212 5231 hominem
3268 5193 3393 5231 eum
3447 5179 3555 5233 sint
3585 5178 3695 5231 duo
3731 5198 3743 5231 :
3774 5178 3849 5231 De
3907 5177 4037 5232 omni

2490 5270 2630 5339 ligno
2650 5270 2786 5339 quod
2812 5276 2887 5322 est
2912 5269 2968 5321 in
3008 5270 3254 5337 paradiso
3292 5272 3553 5334 comedas,
3588 5271 3915 5340 alloquendo
3942 5270 4034 5323 bo-

2492 5363 2690 5415 miuem
2712 5377 2726 5421 ;
2749 5360 2809 5411 de
2841 5358 2980 5427 ligno
3004 5369 3177 5413 antem
3203 5363 3539 5430 cognoscendi
3567 5363 3757 5415 bonum
3783 5372 3833 5414 et
3849 5360 4035 5414 malum

2494 5470 2557 5505 ne
2585 5452 2888 5513 comedatis;
2906 5466 3008 5519 quo
3040 5460 3216 5504 autem
3242 5452 3325 5505 die
3342 5453 3405 5505 de
3430 5470 3488 5506 eo
3517 5455 3866 5517 comederitis,
3886 5463 4038 5506 morte

2496 5541 2809 5595 moriemini.
2837 5538 3003 5593 Vides
3042 5538 3131 5593 hic
3158 5556 3377 5611 quoque
3407 5559 3599 5599 rursus
3648 5543 3897 5599 diversas
3919 5558 4038 5620 pcr-

3929 5726 4035 5779 ⁸⁸11

2832 5731 2879 5763 ⁸⁸
2922 5732 3050 5786 Luc.
3093 5748 3171 5792 In,
3215 5734 3265 5783 6.
3344 5731 3389 5762 ⁸⁷
3432 5730 3632 5801 Ephes.
3661 5730 3831 5795 v,29,
