4186 6442
205 410 345 477 1ω9

1298 420 1376 479 ΙΝ
1416 420 1960 483 IIEXAEMERON.
1993 448 2059 458 —
2094 424 2237 483 LIB.
2281 427 2352 484 Χ.

3290 424 3423 486 10111

201 540 369 578 sonas
395 522 666 577 nominari
699 540 865 579 unum
901 525 1200 588 hominem,
1240 528 1342 581 hoc
1371 537 1475 591 est,
1506 529 1767 583 unitatem
1798 543 1843 595 Α
1871 540 1927 584 et
1965 532 2203 603 dispergi
2235 542 2483 602 possunt,
2507 532 2861 595 conveniunt,
2900 532 3095 599 inquit,
3126 535 3194 589 iis
3221 535 3314 603 qui
3346 536 3424 587 vi-

200 615 430 685 agnosci
460 615 517 668 in
548 615 783 681 binario,
822 625 1043 686 propter
1070 629 1275 672 natura:
1328 619 1765 673 similitudinem.

200 705 307 759 llic
335 707 591 771 docetur,
618 709 918 777 dogmaque
946 718 1001 762 et
1022 725 1213 779 magna
1247 724 1393 765 arma
1419 709 1769 780 validumque

204 805 476 866 tropteum
508 798 671 853 refert
710 799 953 853 Ecclesia
1002 799 1264 853 adversus
1303 800 1520 855 Judazos
1547 800 1641 870 qui
1672 818 1769 855 nos

200 901 469 944 accusant
522 892 667 960 quod
715 901 1017 945 statuamus
1054 901 1161 945 trrs
1205 894 1362 957 Deos,
1420 900 1479 947 et
1506 893 1772 947 Barbaros

200 985 299 1053 qui
336 984 502 1038 nobis
534 985 726 1040 dicunt
755 1005 767 1037 :
800 984 854 1039 Si
884 986 1027 1039 Deus
1045 994 1127 1038 est
1165 1002 1231 1039 ex
1262 987 1392 1050 Deo,
1426 1001 1492 1038 ex
1534 986 1644 1039 Deo
1671 1003 1770 1039 au-

203 1085 313 1129 tem
342 1085 431 1130 est
458 1076 627 1129 Filius
664 1094 675 1127 :
706 1076 979 1145 quomodo
1021 1076 1136 1130 fieri
1169 1086 1368 1145 potest,
1420 1085 1479 1129 ut
1526 1077 1635 1131 duo
1662 1077 1773 1130 sint

202 1182 350 1220 unus
381 1168 561 1220 Deus?
587 1167 798 1231 Quibus
830 1177 975 1221 recte
1018 1178 1253 1237 apteque
1297 1176 1353 1221 et
1378 1168 1623 1235 apposite
1661 1167 1769 1220 dici

202 1269 390 1329 potest
425 1276 437 1310 :
478 1260 532 1313 Si
566 1260 675 1313 Eva
720 1275 787 1312 ex
841 1259 1048 1313 Adamo
1083 1268 1186 1323 est,
1217 1260 1380 1312 homo
1408 1274 1474 1312 ex
1527 1260 1768 1320 homine,

200 1348 488 1415 quomodo
532 1349 665 1402 dicit
692 1348 833 1402 Deus
886 1348 1026 1402 duos
1073 1364 1241 1401 unum
1274 1348 1586 1401 hominem?
1623 1348 1676 1402 Si
1707 1365 1773 1402 ex

201 1454 291 1492 Ine
316 1455 536 1507 quaeras
558 1440 833 1507 quomodo
866 1440 1106 1493 Trinitas
1134 1440 1188 1493 in
1224 1441 1455 1504 unitate,
1494 1441 1583 1493 die
1614 1441 1769 1504 mihi,

200 1531 485 1600 quomodo
516 1531 761 1584 binarius
789 1533 843 1585 in
883 1534 1091 1584 unitate
1120 1532 1381 1585 dicuntur
1416 1532 1526 1585 duo
1583 1542 1771 1599 proto-

200 1623 407 1690 plasti?
432 1623 576 1676 Dicit
599 1623 743 1675 enim
779 1642 791 1675 :
822 1621 957 1674 Fecit
992 1623 1124 1675 Deus
1152 1626 1431 1685 hominem,
1469 1624 1537 1675 ad
1585 1625 1773 1692 imagi—

200 1729 319 1765 nem
340 1712 438 1765 Dei
466 1714 583 1782 fecit
620 1716 813 1781 ipsum,
844 1714 946 1767 hoc
973 1725 1078 1777 est,
1104 1731 1273 1768 unum
1302 1715 1577 1768 hominem
1615 1734 1625 1766 :
1658 1716 1772 1768 Mu-

196 1803 408 1856 sculum
444 1813 493 1857 et
542 1806 791 1873 feminam
822 1805 936 1873 fecit
996 1822 1100 1858 eos.
1138 1806 1277 1859 Ecce
1317 1822 1483 1859 unum
1529 1807 1665 1859 dixit
1691 1806 1774 1859 di-

1871 635 2004 677 vunt
2030 636 2226 693 pra:ter
2252 624 2550 677 hominem.

1944 713 2009 767 Et
2046 724 2196 767 erant
2229 715 2380 767 ambo
2421 713 2567 777 nudi,
2604 715 2774 769 Adam
2814 723 2862 768 et
2900 730 3033 769 tutor
3068 716 3200 785 ejus,
3236 725 3284 770 et
3320 733 3423 769 non

1874 805 2256 858 erubescebant.
2276 805 2330 859 Si
2369 813 2495 859 ante
2514 807 2998 876 transgressionem
3027 806 3248 876 quidem
3273 809 3424 863 dice-

1875 907 2026 948 retur
2056 897 2169 950 lnee
2203 897 2427 950 nudatio
2461 898 2512 951 in
2546 898 2913 967 protoplastis,
2947 899 3051 954 dici
3089 908 3272 968 posset
3304 914 3422 953 eam

1872 1004 1992 1042 esse
2022 989 2438 1057 \‘itnperabilem
2470 1004 2572 1043 nec
2605 988 2930 1042 laudandam
2964 1009 2974 1043 :
3004 991 3264 1059 quoniam
3296 1005 3428 1043 vero

1874 1082 2053 1134 statim
2086 1081 2152 1134 ab
2186 1080 2304 1149 ipso
2334 1088 2456 1132 ortu
2486 1090 2540 1133 ct
2571 1080 2848 1134 creatione
2877 1080 2978 1133 fuit
3003 1096 3125 1134 cum
3154 1081 3236 1134 eis
3265 1079 3424 1134 nudi-

1875 1181 1973 1235 tas,
1998 1184 2121 1227 ante
2147 1173 2330 1225 omnia
2360 1171 2602 1240 quidem,
2625 1174 2691 1225 ad
2715 1172 2963 1227 Judtcum
2994 1188 3076 1224 me
3104 1182 3428 1227 convertens

1870 1266 2029 1333 cupio
2071 1281 2262 1317 rursus
2298 1280 2361 1317 ex
2406 1264 2524 1331 ipso
2566 1263 2774 1318 discere
2822 1263 3097 1333 quomodo
3140 1264 3285 1317 nulla
3322 1262 3427 1316 alia

1872 1366 2065 1408 natura
2108 1372 2138 1408 a
2180 1356 2292 1408 Deo
2329 1354 2469 1407 facta
2499 1355 2664 1416 nuda,
2698 1370 2836 1422 opus
2865 1355 3055 1408 habuit
3094 1364 3423 1423 legumento,

1871 1448 1974 1500 nisi
2002 1448 2150 1500 solus
2175 1447 2367 1499 homo?
2390 1446 2523 1499 Nam
2546 1454 2603 1499 ct
2623 1446 2819 1514 angeli,
2841 1455 2894 1497 et
2917 1447 3063 1511 ferae,
3085 1456 3141 1499 ct
3158 1446 3424 1516 jumenta,

1871 1548 1929 1589 et
1965 1538 2232 1602 volucres,
2262 1547 2316 1591 et
2352 1535 2753 1606 quadrupedes,
2784 1545 2839 1588 et
2880 1537 3107 1590 maxime
3147 1536 3361 1605 rcptilia
3398 1552 3425 1588 a

1873 1627 1984 1680 Deo
2021 1637 2209 1681 creata
2248 1640 2377 1681 sunt
2415 1628 2579 1690 nuda,
2615 1642 2792 1695 neque
2832 1628 3002 1681 ullqu
3040 1644 3105 1681 ex
3148 1628 3213 1681 iis
3250 1644 3280 1681 a
3318 1628 3431 1682 Deo

1870 1719 1973 1772 fuit
2006 1719 2257 1773 indutum
2288 1721 2391 1772 nisi
2424 1721 2575 1774 solus
2607 1720 2788 1774 homo.
2822 1719 2878 1773 In
2915 1719 3049 1789 ipsis
3078 1735 3207 1788 ergo
3239 1730 3429 1787 proto-

1875 1810 2063 1878 plastis
2092 1810 2444 1863 nudationcm
2478 1810 2756 1879 intelligis,
2785 1811 2949 1879 idque
2982 1809 3141 1865 simul
3171 1821 3222 1863 et
3255 1809 3428 1880 typice

199 1912 391 1949 versas
424 1913 707 1965 personas.
763 1898 933 1967 Igitur
969 1898 1247 1966 quomodo
1286 1899 1391 1952 Eva
1454 1915 1519 1953 ex
1566 1899 1775 1952 Adamo
1809 1891 1847 1943 Β
1876 1910 1929 1953 et
1968 1900 2366 1969 pneﬁgurative
2405 1916 2433 1953 a
2477 1901 2588 1953 Deo
2626 1901 2820 1953 factam
2863 1917 2981 1955 esse
3024 1901 3077 1953 in
3117 1899 3335 1953 Christo
3374 1908 3431 1951 et

199 2002 519 2055 progressa,
548 2003 692 2040 unus
730 1987 896 2040 homo
938 2003 1061 2041 cum
1092 1989 1209 2056 ipso
1235 2006 1264 2041 a
1308 1988 1418 2041 Deo
1464 1998 1547 2041 est
1581 1989 1771 2056 appel-

199 2080 326 2141 lata,
368 2080 443 2131 ita
464 2080 631 2133 etiam
663 2079 835 2133 Filius
865 2095 1187 2149 progressus
1235 2096 1265 2133 a
1301 2081 1482 2139 I’atre,
1515 2088 1570 2131 et
1612 2080 1771 2131 l'ater

196 2178 280 2222 cst
308 2186 457 2223 unus
491 2170 651 2224 Deus.
698 2170 804 2224 Sed
845 2187 1023 2240 neque
1078 2179 1205 2224 sunt
1241 2171 1353 2223 duo
1405 2171 1509 2233 Dii,
1564 2170 1773 2223 necdi~

198 2272 430 2315 cuntur.
461 2262 585 2316 llaec
603 2271 784 2315 autem
817 2263 989 2315 fusius
1020 2280 1049 2316 a
1076 2262 1238 2315 nobis
1256 2261 1398 2314 dicta
1428 2272 1554 2315 sunt
1582 2262 1635 2314 in
1651 2276 1774 2314 ver-

199 2351 283 2406 bis
318 2354 444 2406 :Ad
477 2355 784 2422 imaginem,
833 2355 884 2407 in
921 2355 1124 2423 quibus
1152 2352 1481 2407 adduximus
1536 2353 1772 2421 plurima

200 2442 405 2496 divina:
448 2443 751 2512 Scriptura:
778 2445 1112 2508 testimonia,
1147 2445 1202 2499 in
1251 2446 1452 2513 quibus
1500 2447 1645 2499 Deus
1676 2460 1774 2497 no-

202 2537 377 2589 minat
405 2536 839 2592 innumerabiles
873 2538 1156 2590 hominum
1185 2554 1444 2607 personas
1477 2554 1644 2591 unum
1677 2538 1775 2592 ho-

202 2630 433 2693 minem,
468 2638 529 2682 ut
549 2645 673 2683 eum
702 2630 837 2684 dicit
870 2646 881 2682 :
917 2631 1102 2686 Delebo
1132 2634 1390 2687 hominem
1410 2648 1563 2699 quem
1590 2633 1683 2700 feri
1706 2634 1771 2687 Μ.

203 2720 260 2773 Si
301 2731 494 2773 autem
525 2721 958 2775 innumerabiles
986 2738 1236 2790 persona:
1275 2731 1482 2775 natura:
1508 2721 1616 2774 dici
1653 2736 1776 2789 pos-

204 2820 334 2863 sunt
360 2827 510 2863 unus
529 2811 711 2875 homo,
746 2822 1035 2880 propterea
1065 2813 1209 2881 quod
1234 2822 1319 2865 est
1361 2812 1553 2866 eadem
1589 2827 1776 2865 essen-

204 2899 300 2961 tia,
335 2900 711 2970 multomagis
764 2910 872 2954 tres
918 2916 1163 2970 persona:
1196 2900 1500 2955 divinitatis
1550 2906 1776 2968 possunt

204 2988 443 3059 intelligi
475 3000 532 3044 et
589 2991 871 3060 prmdicari
894 3008 1035 3045 unus
1087 2993 1253 3055 Deus,
1303 2999 1592 3060 propterea
1629 2989 1776 3058 quod

202 3091 288 3136 est
317 3082 519 3137 eadem
550 3094 745 3136 natura
774 3092 829 3136 et
855 3084 1006 3136 nullo
1029 3082 1289 3136 distincta
1319 3082 1657 3135 discriminc.
1697 3081 1777 3133 Ita

203 3174 372 3227 etiam
403 3174 572 3227 Israel
622 3175 678 3227 in
737 3175 1012 3228 sexcentis
1065 3174 1308 3227 millibus
1337 3187 1687 3242 personarum
1720 3171 1774 3224 in

206 3280 313 3318 una
347 3281 588 3334 persona
618 3268 932 3320 nominatur
957 3281 1098 3319 unus
1122 3265 1323 3329 Israel;
1366 3264 1438 3317 ita
1484 3263 1651 3317 etiam
1678 3264 1777 3315 As-

206 3358 411 3427 syrius,
444 3357 518 3409 ita
537 3357 701 3411 etiam
737 3357 925 3420 Persa,
963 3357 1051 3410 ita‘
1089 3356 1251 3409 etiam
1286 3355 1474 3408 Ismael
1506 3355 1563 3406 in
1598 3352 1779 3406 infini-

208 3449 278 3501 tis
295 3448 546 3501 millibus
570 3464 924 3517 personarum
948 3448 1208 3502 dicuntur
1232 3461 1339 3499 una
1364 3460 1618 3513 persona,
1638 3460 1779 3512 quo-

208 3538 374 3591 modo
415 3554 564 3591 unus
602 3539 917 3592 nominatur
952 3539 1140 3602 homo,
1169 3536 1425 3606 quamvis
1456 3536 1640 3589 multa:
1666 3536 1777 3589 sint

208 3628 542 3699 hypostases
568 3646 663 3683 seu
695 3644 963 3699 personat,
990 3629 1178 3694 Persa,
1214 3629 1463 3696 inquam,
1498 3627 1776 3697 Assyrius,

208 3721 426 3775 Ismael.
460 3722 827 3788 Quamobrem
883 3722 1021 3776 nulli
1053 3729 1138 3775 est
1164 3719 1575 3789 reprehensioni
1602 3718 1779 3774 allinis

210 3815 347 3869 ﬁdes
378 3815 843 3877 Christianorum,
873 3814 1163 3868 nominans
1179 3824 1291 3867 tres
1309 3812 1453 3882 (qua:
1481 3822 1610 3865 sunt
1629 3814 1778 3881 ejus-

206 3908 332 3960 dem
388 3908 555 3961 simul
575 3906 844 3975 essentia)
881 3904 1186 3960 divinitatis
1214 3904 1537 3973 hypostases
1558 3944 1572 3967 ,
1606 3920 1777 3957 unum

203 4009 262 4053 et
282 4000 468 4053 solum
512 4000 704 4062 Deum,
765 4014 874 4052 non
917 4006 1099 4052 autem
1141 4004 1254 4051 tres
1286 3996 1441 4050 deos.
1508 3996 1644 4051 Cum
1671 3996 1779 4049 huc

210 4105 386 4159 usque
413 4090 687 4143 orationis
704 4097 905 4143 nostra:
928 4104 1077 4143 arma
1104 4089 1488 4142 strinxerimus
1517 4093 1781 4142 adversus

206 4198 304 4235 eos
333 4182 432 4251 qui
459 4191 571 4235 tres
592 4182 725 4235 deos
754 4182 966 4243 dicunt,
1002 4180 1291 4234 redeamus
1319 4181 1384 4233 ad
1417 4182 1615 4233 seriem
1656 4198 1781 4234 coti-

208 4272 541 4341 sequentize,
571 4270 984 4325 considerantes
1012 4284 1259 4338 quasnam
1314 4269 1387 4322 sit
1416 4270 1591 4322 virtus
1645 4287 1782 4337 pra:-

208 4368 355 4437 cepti
384 4368 535 4437 quod
593 4367 677 4421 sic
730 4367 905 4420 dicit:
933 4366 1016 4419 Ea:
1063 4367 1206 4419 omni
1254 4364 1397 4435 ligno
1427 4368 1563 4435 quod
1603 4375 1680 4420 est
1726 4370 1783 4421 in

209 4462 464 4527 paradiso
501 4460 755 4514 comedes.

1871 1988 2134 2051 Ecclesia,
2157 1990 2211 2041 in
2242 1988 2434 2042 initiis.
2458 1989 2576 2042 Non
2606 1988 2750 2043 enim
2777 1989 2869 2058 qui
2899 2006 3111 2042 onmem
3137 1988 3428 2041 essentiam

1873 2087 1979 2133 tam
2013 2081 2225 2134 ratione
2258 2081 2539 2149 praeditam
2571 2098 2735 2150 quam
2768 2091 3046 2149 expertem
3083 2082 3309 2133 rationis
3348 2089 3430 2133 est

1872 2170 2166 2225 fabricatus
2187 2188 2281 2241 per
2302 2189 2357 2226 se
2382 2173 2648 2237 indutam,
2674 2189 2780 2227 non
2804 2180 3019 2242 poterat
3042 2171 3199 2226 facile
3220 2172 3430 2225 eillccrc

1873 2261 2145 2317 hominem
2174 2280 2283 2317 non
2310 2274 2556 2333 egentem
2590 2265 3006 2335 integumentis?
3037 2263 3142 2318 Sed
3174 2264 3433 2332 quoniam

1874 2354 2016 2407 Deus
2043 2355 2280 2408 Verbum
2312 2355 2403 2423 qui
2434 2356 2643 2409 eratab
2671 2356 2831 2409 initio
2862 2355 3042 2409 nudus
3073 2364 3127 2407 ct
3151 2355 3430 2420 incompo-

1873 2446 2032 2505 situs,
2065 2462 2091 2496 ρ
2128 2446 2236 2499 Deo
2263 2456 2385 2501 erat
2413 2446 2825 2516 componendus
2854 2455 2910 2500 et
2938 2444 3248 2499 induendus
3274 2443 3432 2511 pelli-

1872 2554 2022 2593 ceam
2048 2548 2246 2593 aostn‘c
2269 2540 2449 2593 carnis
2474 2539 2734 2602 tunicam,
2759 2554 2887 2591 earo
2909 2538 3082 2591 factus
3103 2546 3159 2590 ct
3183 2536 3433 2589 habitans

1875 2631 1931 2682 in
1977 2630 2164 2692 nobis,
2209 2630 2333 2683 ideo
2375 2630 2520 2683 Dcus
2558 2628 2727 2682 Adam
2776 2628 3052 2681 hominem
3102 2624 3430 2695 (secundum

1874 2721 2065 2775 Adami
2094 2721 2464 2790 prototypum)
2493 2719 2700 2773 nudum
2730 2719 2994 2781 condidit,
3018 2728 3073 2771 et
3100 2718 3217 2786 ejus
3241 2716 3431 2785 conju-

1874 2828 1995 2882 gem
2040 2812 2348 2875 mulierem,
2380 2811 2667 2880 imaginem
2698 2810 2953 2865 Ecclesia:
2980 2814 3096 2878 ipso
3129 2823 3318 2861 rursus
3354 2808 3435 2861 in-

1875 2905 2039 2957 dute.
2069 2904 2203 2958 Nam
2236 2902 2545 2972 quicunque,
2575 2903 2773 2971 inquit,
2802 2904 2854 2954 in
2889 2899 3149 2955 Christum
3182 2898 3433 2966 baptismi

1877 2997 2019 3059 estis,
2047 2994 2309 3049 Christum
2340 2997 2581 3048 imluislis
2603 2996 2668 3048 ".
2695 2996 2761 3048 Et
2788 2995 2909 3047 idco
2939 2994 3072 3047 dicit
3102 2993 3381 3061 Scriptura
3420 3010 3432 3041 :

1877 3086 1947 3141 Et
1977 3097 2127 3140 erant
2157 3088 2307 3141 ambo
2341 3089 2468 3141 nudi
2497 3089 2668 3141 Adam
2702 3095 2751 3139 et
2781 3087 2892 3155 ejus
2923 3102 3077 3149 uxor,
3101 3094 3148 3137 et
3179 3101 3281 3137 non
3312 3099 3433 3135 cru--

1880 3179 2146 3232 bescebmtt
2166 3180 2229 3232 θ’.
2248 3180 2351 3234 Ubi
2367 3180 2514 3233 enim
2532 3177 2775 3231 nondum
2797 3178 2996 3231 factum
3020 3185 3103 3230 est
3129 3182 3433 3245 peccatum,

1882 3266 1993 3321 illic
2035 3283 2143 3321 non
2185 3276 2438 3321 versatur
2477 3266 2653 3335 pudor
2704 3283 2716 3317 :
2762 3264 2939 3334 pudor
2980 3264 3124 3317 enim
3168 3271 3253 3316 est
3294 3261 3437 3313 fetus

1876 3361 2115 3429 peccati;
2165 3368 2220 3413 et
2250 3360 2342 3414 ubi
2372 3369 2456 3413 est
2487 3373 2622 3428 pura
2651 3368 2706 3411 et
2732 3357 2932 3411 munda
2966 3367 3179 3415 natura,
3206 3361 3260 3407 et
3288 3352 3433 3405 nuda

1877 3452 1945 3504 ab
1983 3452 2131 3504 omni
2172 3460 2400 3520 peccato
2442 3449 2743 3504 adventitio
2783 3457 2839 3503 et
2878 3447 3200 3500 indumento
3236 3442 3436 3496 veteris

1878 3542 2139 3607 hominis,
2174 3542 2304 3595 illuc
2338 3543 2519 3595 nullus
2554 3539 2862 3610 ingreditur
2894 3538 3093 3608 pudor.
3126 3535 3271 3589 Facti
3309 3540 3437 3586 sunt

1876 3650 2007 3704 ergo
2024 3632 2342 3704 protoplasti
2364 3631 2497 3685 nudi
2522 3632 2590 3685 ab
2606 3630 2751 3684 onmi
2770 3629 2913 3692 labe,
2934 3625 3165 3689 macula,
3189 3622 3441 3691 inquina-

1878 3736 2059 3781 mento
2076 3732 2131 3778 et
2148 3726 2398 3786 VUiDCI‘O,
2424 3732 2481 3777 οι
2508 3738 2572 3777 ea
2589 3722 2656 3776 de
2673 3737 2836 3776 causa
2872 3736 2979 3774 IIOII
3000 3717 3395 3774 erubescebant
3424 3736 3435 3768 ;

1878 3816 2121 3870 nondum
2153 3815 2301 3869 enim
2336 3814 2584 3869 sciebant
2616 3813 2749 3866 illud
2786 3822 3011 3881 propter
3041 3810 3186 3879 quod
3221 3818 3306 3862 est
3335 3822 3437 3877 pu-

1878 3908 1998 3962 dor.
2024 3906 2079 3962 Si
2102 3917 2286 3961 autcm
2317 3907 2481 3960 etiam
2516 3906 2573 3959 in
2603 3906 2714 3960 Deo
2740 3905 2922 3958 Verbo
2950 3903 3033 3957 vis
3060 3903 3249 3957 audire
3282 3901 3435 3959 illud,

1879 3999 2091 4070 pudore
2125 4014 2237 4053 non
2266 3997 2633 4060 adiciendum,
2662 3996 2787 4049 audi
2817 4012 2963 4059 ('lllll,
2992 3994 3230 4062 seipsum
3258 3991 3441 4044 nomi-

1880 4099 2121 4153 nantem,
2143 4090 2387 4160 judicem
2414 4087 2739 4157 iniquitatis,
2765 4101 2960 4154 nempe
2988 4084 3438 4137 condcmnantcm

1880 4183 2125 4252 iniquam
2178 4182 2507 4236 mundanam
2564 4179 2773 4250 peccati
2828 4177 3216 4246 irruptioncm,
3266 4190 3442 4241 neque

1880 4277 2051 4329 Deum
2090 4275 2375 4329 timentem
2423 4272 2592 4341 (Deus
2630 4271 2776 4325 enim
2835 4272 2961 4334 est),
3019 4282 3195 4335 neque
3246 4281 3441 4319 verens

1883 4367 2194 4427 hominem,
2222 4373 2281 4418 ut
2314 4364 2409 4433 qui
2444 4372 2593 4416 recte
2621 4361 2830 4431 judicet
2860 4370 2915 4413 et
2946 4359 3079 4412 citra
3115 4357 3278 4412 ullam
3314 4370 3439 4425 pcr-

1883 4477 2140 4517 sonarum
2179 4458 2582 4527 acceptionem.
2614 4455 2681 4508 Et
2714 4453 2838 4507 ideo
2870 4453 3125 4506 dicebant
3157 4449 3249 4519 qui
3283 4457 3443 4502 erant

281 4552 605 4605 Paradisum
650 4561 833 4605 autem
855 4592 870 4612 ,
904 4560 966 4604 ut
1001 4552 1287 4615 existimo,
1337 4551 1584 4605 nominat
1626 4550 1778 4604 illum
1811 4560 1858 4618 ι)
1885 4557 1940 4609 in
1966 4550 2226 4606 cathedra
2250 4548 2533 4604 Sadduczci
2566 4565 2577 4600 :
2608 4546 2878 4616 Magister,
2901 4544 3035 4615 quod
3060 4552 3191 4595 recte
3206 4542 3441 4612 judicas,

211 4641 391 4712 ipsum
424 4642 694 4696 Adamum
735 4651 960 4711 propter
982 4658 1101 4696 eam
1133 4659 1255 4711 qua:
1283 4654 1368 4697 est
1419 4642 1474 4694 in
1508 4642 1626 4710 ipso
1673 4642 1781 4695 cir-

210 4734 518 4788 cuitionem
551 4750 649 4802 per
700 4735 796 4788 Dei
854 4735 1366 4804 participationem;
1396 4735 1540 4804 ligna
1595 4742 1779 4788 autem

213 4826 479 4895 paradisi,
505 4842 629 4894 qua:
654 4826 710 4879 in
742 4827 859 4896 ipso
894 4834 1024 4881 sunt
1061 4828 1325 4896 plantata,
1380 4828 1784 4898 intelligentias

216 4918 607 4985 percipiendas
643 4926 697 4972 et
720 4920 916 4974 vitales
972 4920 1224 4974 virtutes.
1278 4920 1372 4974 Eis
1401 4931 1576 4985 utere,
1603 4920 1782 4974 Verbo

212 5008 466 5076 iubente.
496 5008 603 5062 Sed
634 5017 692 5063 ut
714 5009 812 5063 tibi
848 5011 973 5064 data
1002 5022 1153 5076 sunt,
1183 5019 1239 5065 et
1261 5026 1361 5079 pro
1393 5019 1586 5064 natura
1618 5026 1783 5079 quam

216 5098 426 5152 habent
452 5100 619 5164 ligna,
649 5109 709 5154 ut
736 5118 856 5170 qua:
897 5102 1005 5155 sint
1027 5102 1240 5156 scilicet
1262 5102 1545 5156 insensilia
1598 5112 1654 5156 et
1683 5102 1785 5155 im-

217 5191 447 5243 mobilia
472 5190 539 5244 ad
569 5206 786 5246 omnem
828 5193 1126 5247 belluinam
1173 5193 1522 5248 affectionem
1548 5211 1562 5259 ;
1598 5194 1667 5248 de
1695 5209 1782 5248 re-

219 5282 324 5334 bus
359 5290 549 5335 autem
579 5284 871 5339 sensilibus
897 5301 1019 5355 qua:
1043 5288 1110 5339 ad
1141 5287 1245 5339 hoc
1282 5296 1338 5339 et
1362 5286 1495 5340 illud
1527 5286 1780 5339 dividan-

220 5381 313 5425 tur
339 5380 602 5442 tanquam
625 5374 693 5428 ad
723 5374 925 5429 bonum
947 5384 1003 5430 et
1022 5378 1248 5441 malum,
1273 5392 1395 5445 qua:
1417 5375 1639 5445 quidem
1670 5375 1784 5430 dis-

222 5463 431 5517 tributa
462 5473 592 5518 sunt
616 5466 1009 5532 animantibus,
1040 5469 1157 5522 Non
1173 5467 1338 5538 909
1359 5468 1612 5521 eomedes.
1646 5467 1781 5520 Nam

222 5555 390 5609 unius
424 5554 610 5611 forma:
648 5558 943 5613 dictionem
1000 5560 1229 5615 verbum
1265 5560 1315 5612 ei
1357 5560 1608 5629 largitur,
1666 5568 1784 5611 tcu-

222 5642 449 5698 dentem
469 5645 535 5699 ad
563 5662 733 5701 unum
762 5648 1049 5703 Dominum
1085 5665 1239 5719 :qua:
1264 5658 1445 5702 autem
1471 5655 1601 5701 sunt
1630 5647 1779 5701 varia

304 5820 352 5849 ’°
381 5821 518 5875 Gen.
556 5839 603 5875 \‘l
651 5825 702 5879 7.

781 5826 821 5855 ³⁸³
844 5826 1016 5879 Galat.
1045 5844 1118 5889 tu,
1142 5824 1228 5878 9.7.
1307 5827 1350 5855 ³³
1375 5824 1508 5877 Gtt".
1540 5839 1592 5883 II,
1616 5823 1705 5876 Elii.

1784 5823 1977 5877 93Luc.
2007 5839 2093 5882 xx,
2116 5821 2205 5874 ‘21.

1886 4657 1933 4701 et
1986 4662 2264 4717 personam
2321 4661 2424 4697 non
2478 4643 2697 4712 accipis,
2731 4642 2812 4693 die
2862 4641 2924 4691 de
2974 4654 3129 4691 censu
3153 4635 3218 4688 ".
3254 4636 3444 4702 Itaque

1886 4739 2104 4810 quando
2135 4747 2255 4791 erat
2285 4738 2504 4807 quidem
2537 4734 2720 4787 nudus
2751 4734 2913 4792 Deus,
2944 4746 3054 4783 non
3088 4726 3445 4783 suﬂ'undeba-

1888 4841 1977 4886 tur
2021 4831 2230 4901 pudore
2284 4849 2296 4882 :
2348 4826 2568 4897 quando
2609 4834 2790 4879 autem
2837 4838 2999 4877 carne
3044 4827 3307 4887 suscepta
3334 4832 3443 4870 non

1887 4921 2121 4990 amplius
2151 4928 2270 4973 crat
2293 4918 2495 4980 nudus,
2522 4915 2860 4970 adiciebatur
2881 4913 3121 4983 pudore;
3153 4919 3211 4962 et
3235 4907 3445 4977 pudore

1890 5018 2227 5079 contempto,
2254 5022 2472 5062 crucem
2513 5024 2614 5076 pro
2651 5006 2810 5059 nobis
2848 5001 3127 5056 sustinuit.
3158 4999 3225 5052 Et
3256 4998 3381 5051 ideo
3415 5013 3444 5049 a

1888 5100 2090 5156 Judacis
2125 5100 2393 5169 pulsatus,
2423 5096 2604 5166 flagris
2636 5110 2827 5156 cwsus,
2858 5101 2913 5145 ct
2953 5098 3260 5159 consputus
3295 5088 3444 5141 diec-

1890 5190 1981 5243 hat
2020 5208 2033 5241 :
2077 5189 2298 5259 Tergum
2338 5203 2511 5239 meum
2546 5186 2664 5237 dedi
2706 5184 2773 5237 ad
2806 5181 3042 5253 ﬂagella,
3073 5196 3233 5249 genas
3270 5187 3449 5231 autem

1890 5298 2031 5333 meas
2062 5282 2131 5333 ad
2163 5279 2380 5348 alapas,
2413 5279 2600 5346 {aciem
2639 5284 2813 5327 autem
2856 5290 3029 5326 meum
3068 5288 3168 5323 non
3211 5271 3374 5322 averti
3414 5288 3447 5322 (ι

1892 5371 2087 5441 pudore
2118 5380 2388 5439 sputorum
2410 5367 2471 5421 ν’.
2503 5368 2571 5421 Ει
2599 5382 2785 5419 rursus
2820 5364 2963 5416 idem
2994 5364 3152 5416 Jcsus
3186 5376 3282 5427 per
3316 5373 3447 5427 pro-

1892 5463 2111 5531 phetam
2158 5462 2293 5515 dicit
2321 5460 2468 5513 Patri
2507 5478 2518 5511 :
2551 5458 2623 5511 Tu
2648 5460 2746 5509 scis
2772 5455 3146 5525 improperium
3177 5466 3369 5510 meum,
3398 5455 3447 5498 et

1888 5551 2140 5621 pudorem
2191 5565 2395 5611 meum,
2446 5556 2493 5600 et
2548 5546 2886 5598 reverentiam
2943 5558 3147 5603 meum,
3197 5538 3445 5607 quoniam

1886 5645 2055 5711 pudor
2078 5641 2249 5695 vultus
2280 5642 2377 5692 mei
2408 5639 2671 5707 cooperuit
2698 5636 2863 5688 nte”.
2889 5634 2943 5686 Si
2974 5640 3156 5685 autem
3189 5638 3445 5698 tanquam

2282 5820 2325 5849 ³³³
2353 5820 2449 5872 Isa.
2480 5834 2527 5879 l.,
2552 5818 2602 5871 6.
2681 5818 2725 5847 ’⁵
2750 5814 2899 5869 I’sal.
2937 5827 3115 5873 LXVIII,
3139 5812 3191 5872 li,
3217 5810 3268 5861 8.
