4186 6442
743 351 871 418 1011

1933 355 1994 413 S.
2035 351 2433 412 ANASTASII
2474 355 2796 414 SlﬁAlTE

3843 353 3977 418 101?.

737 464 995 530 carnalis,
1019 463 1088 518 de
1121 463 1332 534 pudore
1360 463 1633 532 corporali
1671 463 1786 518 bzec
1819 465 2082 534 intelligis
2115 465 2170 518 in
2207 481 2311 516 nu-
2342 467 2388 520 Δ
2415 466 2723 522 Salomonis
2766 469 2996 539 singulis
3037 470 3197 524 annis
3236 469 3424 524 venire
3466 482 3531 521 ex
3573 466 3829 531 'l’liarsis,
3863 483 3984 543 quae

736 554 959 607 datione
991 550 1187 606 Adami
1220 561 1276 607 et
1301 552 1448 616 Evze,
1475 552 1564 606 dic
1599 553 1760 618 mihi,
1789 568 1914 608 cum
1950 553 2137 609 nullus
2168 554 2311 610 alius

736 647 952 700 adesreet
982 661 1108 700 cum
1139 647 1243 707 eis,
1267 646 1552 716 cujusnam
1587 656 1745 700 erant
1773 645 1986 714 pudore
2014 645 2307 711 alliciendi,

736 753 972 793 maxime
1001 739 1046 793 si
1077 737 1400 792 nesciebant
1424 749 1551 792 ante
1582 739 2073 808 transgressionem
2103 748 2310 810 mystc-

736 830 884 884 rium
930 830 1170 900 partium
1219 830 1428 884 liberos
1475 831 1911 908 procreantium,
1947 842 2005 885 et
2046 830 2193 901 quod
2240 833 2312 886 sit

733 923 1037 977 discrimen
1061 937 1256 976 eorum
1280 921 1647 983 formationis,
1675 939 1856 993 neque
1880 922 2026 992 quod
2054 938 2132 977 ea:
2157 923 2311 978 facta:

735 1026 865 1069 sunt
906 1014 972 1068 ad
1025 1016 1231 1069 coitum
1291 1024 1347 1069 et
1387 1014 1689 1084 nuptialem
1737 1031 2115 1085 congressum,
2145 1025 2201 1069 et
2243 1013 2310 1068 ad

735 1107 844 1163 hoc
878 1124 909 1162 a
944 1109 1055 1162 Deo
1084 1108 1213 1162 facti
1250 1107 1361 1161 sint
1389 1089 1670 1162 masculus
1698 1117 1754 1163 et
1778 1108 2014 1162 femina?
2045 1107 2150 1173 Qui
2180 1122 2311 1177 ergo

735 1216 801 1255 ca
848 1201 1092 1255 nondum
1140 1199 1423 1265 sciebant,
1458 1216 1695 1269 qumlam
1744 1208 1903 1254 erant
1945 1199 2311 1270 perfundendi

736 1291 985 1361 pudore?
1027 1291 1398 1359 Quamobrem
1441 1293 1560 1347 sine
1603 1292 1978 1348 controversia
2021 1292 2312 1348 referenda

735 1395 822 1438 cst
847 1385 1068 1439 nuditas
1098 1385 1165 1440 ad
1196 1384 1474 1441 Christum
1509 1397 1564 1441 et
1595 1387 1893 1442 Ecclesiatn
1934 1405 1945 1438 :
1974 1385 2146 1442 Erant
2175 1390 2312 1440 enim

736 1475 891 1530 umbo
919 1477 1044 1531 nudi
1072 1478 1136 1531 ab
1182 1479 1355 1542 initio,
1395 1479 1539 1533 Deus
1582 1478 1805 1548 quidem
1836 1479 2100 1541 Verbum,
2130 1480 2313 1534 nudus

734 1570 804 1624 ab
833 1569 1201 1639 humanitate,
1231 1571 1477 1626 Ecclesia
1514 1583 1699 1627 autem
1747 1572 1895 1627 nuda
1926 1588 1957 1627 a
1987 1572 2310 1638 divinitate,

734 1661 1014 1721 Christum
1057 1665 1301 1719 nondum
1347 1665 1559 1720 induta.

803 1754 1075 1815 Caeterum,
1105 1774 1215 1812 non
1246 1759 1611 1814 erubescebat
1640 1770 1934 1831 antequam
1960 1769 2108 1816 esset
2130 1769 2313 1815 trans.

735 1864 943 1917 gressa,
977 1851 1177 1919 partim
1217 1850 1465 1920 quidem,
1496 1861 1556 1906 ut
1593 1867 1753 1922 pura,
1778 1819 1837 1907 et
1866 1854 1978 1922 jam
2021 1859 2208 1922 parata
2246 1851 2314 1906 ad
2345 1819 2388 1876 Β

736 1938 1211 2009 incorruptionem
1259 1942 1312 2011 (a
1361 1951 1557 1996 natura
1602 1942 1752 1996 enim
1802 1941 1973 1998 habet
2022 1940 2202 2010 pudor
2257 1950 2319 1996 ut

736 2031 1007 2085 consistat
1043 2035 1101 2086 in
1142 2033 1332 2103 figuris
1375 2045 1432 2090 et
1466 2035 1797 2104 corporibus
1839 2037 1894 2090 in
1932 2051 2053 2105 qua:
2093 2036 2318 2090 omnino

734 2121 882 2177 cadit
924 2123 1207 2193 corruptio
1251 2132 1308 2178 et
1355 2125 1645 2190 interitus,
1683 2135 1740 2179 et
1785 2134 1918 2179 sunt
1959 2125 2314 2196 ntaterialia),

736 2216 941 2286 partim
976 2226 1161 2272 autem
1197 2227 1258 2271 ut
1285 2233 1407 2287 quae
1437 2218 1586 2271 nuda
1616 2226 1672 2271 et
1696 2227 1884 2287 aperta
1915 2217 2074 2282 facie,
2102 2217 2316 2270 Domini

736 2309 946 2362 vultum
985 2310 1483 2378 contemplaretur.
1517 2309 1593 2364 De
1626 2325 1733 2379 qua
1767 2309 2031 2363 laudabili
2065 2307 2317 2362 nuditate

735 2398 874 2452 dicit
901 2398 1064 2453 divus
1095 2398 1301 2454 Paulus
1336 2418 1348 2452 :
1383 2398 1800 2468 Ingemiscimus,
1835 2397 2191 2452 habitaculum
2223 2415 2316 2451 no-

734 2502 905 2546 strum
946 2493 1084 2565 quod
1125 2509 1188 2546 ea:
1225 2492 1349 2546 mlo
1388 2492 1695 2563 superindui
1733 2494 1999 2565 cupientes
2020 2493 2090 2556 “,
2118 2509 2316 2568 nempe

735 2586 980 2640 futuram
1031 2601 1326 2657 corporum
1369 2584 1887 2655 incorruptionem,
1926 2585 2183 2654 siquidem
2236 2585 2317 2636 in-

736 2679 868 2738 duti,
894 2695 994 2738 non
1027 2679 1151 2732 nudi
1178 2679 1513 2742 inveniamur
1531 2680 1598 2732 ⁸⁷.
1623 2678 1744 2733 Non
1770 2677 1903 2735 nudi
1929 2693 1959 2732 a
1983 2677 2158 2748 gratia
2190 2693 2315 2730 san-

737 2769 811 2823 cti
855 2768 1127 2840 Spiritus,
1167 2786 1333 2840 quam
1379 2771 1687 2826 nuditatem
1726 2779 1788 2824 ut
1824 2769 2025 2825 eﬂiciat
2064 2770 2313 2824 innatum

735 2870 823 2916 est
849 2861 1048 2916 tunicae
1075 2861 1342 2918 malarum
1373 2862 1679 2930 actionum,
1703 2877 1810 2932 qua
1842 2861 2070 2920 indutus
2093 2862 2198 2916 fuit
2222 2860 2314 2915 ille

737 2953 831 3020 qui
859 2954 1071 3022 ejectus
1109 2961 1195 3007 est
1232 2967 1264 3007 e
1302 2953 1544 3023 nuptiis;
1575 2969 1740 3023 quam
1779 2969 1890 3007 non
1927 2952 2180 3024 ferebant
2217 2953 2312 3022 qui

738 3043 893 3112 prius
938 3055 1098 3101 erant
1140 3043 1277 3100 nudi
1319 3045 1643 3116 protOplasti
1696 3063 1709 3098 :
1759 3059 1938 3114 neque
1981 3059 2174 3104 rursus
2221 3046 2312 3099 ille

2411 567 2496 612 est
2524 557 2783 630 Hesperia
2813 560 3052 630 regionis
3083 559 3464 624 occidentalis,
3491 567 3547 613 et
3575 557 3720 613 ferre
3751 558 3824 612 ad
3855 573 3982 623 eum

2411 667 2607 706 aurum
2653 662 2711 707 et
2751 652 3022 724 ejusmodi
3066 652 3387 708 animantia.
3423 652 3541 706 Non
3589 659 3672 706 cst
3717 666 3852 721 ergo
3901 651 3984 720 (ut

2410 753 2694 800 ostensum
2729 746 2835 816 est)
2868 761 3097 818 serpens
3133 744 3460 819 prudentior
3489 745 3750 798 omnibus
3791 742 3984 798 bestiis

2412 849 2593 893 terrae.
2619 838 2986 910 Quamobrem
3019 839 3106 894 vel
3139 839 3419 896 diabolum
3455 838 3591 893 dicit
3623 840 3932 908 ingressum
3969 856 3982 890 :

2409 932 2496 986 vel
2540 932 2737 1002 ipsum,
2772 932 2982 986 nudum
3029 931 3270 1005 appellat
3312 942 3625 1000 serpentem
3672 929 3982 999 Scriptura.

2411 1023 2542 1080 Mihi
2583 1033 2766 1081 autem
2806 1025 3047 1088 videtur,
3077 1025 3254 1095 prius,
3287 1023 3487 1078 melius
3521 1021 3788 1078 secundo.
3823 1022 3985 1092 Sym-

2412 1118 2641 1172 machus
2678 1120 2825 1174 enim
2868 1127 2925 1173 et
2966 1117 3187 1186 Aquila,
3219 1131 3320 1187 pro
3364 1115 3696 1186 prudentior,
3729 1113 3988 1168 dixerunt

2412 1209 2658 1264 callidior
2683 1229 2701 1266 :
2731 1212 2878 1281 quod
2905 1209 3129 1282 quidem
3159 1209 3382 1279 proprie
3412 1207 3739 1278 intelligitur
3763 1217 3822 1262 et
3849 1206 3982 1261 dici-

2417 1315 2504 1359 tur
2534 1303 2602 1359 de
2635 1303 2828 1358 doloso
2863 1311 3056 1359 nostro
3091 1302 3428 1360 adversario.
3463 1300 3519 1356 Si
3559 1308 3742 1354 autem
3781 1297 3987 1369 quatis

2413 1412 2513 1451 cur
2535 1411 2646 1449 non
2683 1394 2830 1449 nude
2870 1394 2987 1455 haec
3023 1396 3170 1454 Deus
3203 1402 3336 1448 tunc
3365 1401 3451 1446 est
3484 1391 3723 1454 locutus,
3753 1389 3849 1444 sed
3885 1405 3986 1460 pro

2413 1483 2633 1538 diabolo
2663 1483 2970 1538 nominavit
3018 1493 3358 1553 serpentem,
3409 1491 3600 1552 aperte
3642 1480 3796 1536 disce
3834 1479 3982 1550 quod

2413 1590 2538 1630 cum
2572 1577 2712 1630 mala
2743 1585 2801 1631 et
2825 1575 3123 1631 libidinosa
3159 1585 3321 1646 gente
3355 1575 3607 1645 loquens,
3639 1573 3820 1631 noluit
3851 1589 3984 1643 ape-

2415 1669 2526 1723 rire
2559 1669 2746 1724 lsraeli
2781 1684 2962 1740 neque
2993 1685 3117 1739 quae
3149 1668 3216 1724 ad
3253 1668 3475 1738 angelos
3516 1673 3765 1736 spectant
3802 1681 3986 1735 neque

2414 1777 2537 1832 qua:
2575 1761 2644 1816 ad
2685 1761 2940 1816 Satanam
2982 1762 3077 1832 qui
3118 1761 3462 1820 conculcavit
3504 1760 3703 1821 Evam,
3745 1775 3816 1814 ne
3858 1773 3988 1813 eum

2417 1856 2663 1910 colerent
2698 1863 2756 1909 et
2795 1854 3092 1909 adorarent
3128 1863 3390 1924 tanquam
3434 1853 3545 1907 Deo
3583 1851 3898 1914 fortiorem,
3929 1860 3992 1904 ut

2414 1947 2510 2016 qui
2535 1946 2805 2015 potuisset
2827 1962 2927 2000 sua
2956 1945 3244 2015 prudentia
3271 1943 3635 2015 protoplastos
3671 1959 3703 1998 a
3745 1943 3865 1996 Deo
3916 1941 3985 1994 ad

2418 2053 2476 2093 se
2506 2037 2808 2091 attrahere.
2841 2036 2923 2090 Tu
2971 2046 3154 2091 autem
3177 2052 3301 2090 cum
3327 2034 3572 2089 audieris
3592 2033 3737 2104 quod
3758 2049 3980 2102 serpens

2416 2141 2532 2185 erat
2577 2131 2885 2201 prudentior
2927 2129 3171 2183 omnibus
3213 2127 3394 2182 bestiis
3439 2136 3618 2190 terrai,
3652 2127 3798 2178 scias
3841 2123 3991 2194 quod

2414 2239 2580 2295 super
2609 2238 2825 2277 omnem
2855 2222 3150 2275 humanam
3183 2218 3534 2290 prudentiam
3568 2225 3654 2272 est
3682 2217 3846 2287 longe
3874 2215 3992 2269 for-

2413 2317 2524 2370 tior
2565 2314 2770 2369 diaboli
2812 2312 3112 2368 calliditas.
3148 2310 3522 2378 Quamobrem
3566 2308 3787 2363 dicebat
3827 2306 3994 2362 nobis

2412 2405 2680 2460 Dominus
2709 2422 2724 2456 :
2754 2404 2935 2459 Estote
2962 2403 3245 2474 prudentes
3273 2403 3408 2456 sicut
3438 2407 3708 2470 serpentes
3725 2399 3771 2429 ⁹³
3788 2400 3827 2452 ⁸.
3854 2397 3993 2452 Nam

2411 2498 2672 2568 quoniam
2707 2497 2857 2568 genti
2890 2512 3013 2566 qua:
3046 2511 3156 2550 non
3191 2494 3350 2549 facile
3385 2500 3604 2564 poterat
3633 2490 3988 2562 persuaderi,

2413 2590 2470 2644 in
2513 2589 2720 2644 vertice
2771 2587 2921 2642 illius
2967 2587 3172 2642 montis
3228 2585 3378 2640 Sinai
3426 2585 3573 2639 Deus
3626 2599 3727 2654 per
3797 2583 3987 2638 Mosen

2412 2681 2589 2750 legem
2636 2679 2892 2743 ferebat,
2957 2695 3022 2734 ea
3063 2678 3132 2734 de
3175 2693 3340 2733 causa
3385 2691 3511 2731 cum
3558 2676 3675 2730 haec
3722 2674 3997 2731 scriberet

2413 2781 2621 2830 terrere
2661 2771 2857 2825 volens
2897 2770 3242 2826 incredulum
3285 2769 3563 2831 lsraelem,
3599 2768 3682 2821 eis
3724 2765 3995 2828 describit

2412 2865 2586 2935 legem
2617 2879 2740 2934 qua:
2769 2863 2895 2917 data
2927 2873 3013 2917 est
3036 2861 3270 2926 Adamo,
3299 2871 3356 2918 et
3387 2859 3909 2931 transgressionem,
3937 2869 3996 2913 et

2412 2972 2637 3029 pinnas,
2670 2964 2728 3010 et
2770 2954 3101 3017 sententias,
3135 2961 3193 3008 et
3233 2952 3688 3008 incondonabiles
3727 2950 3997 3007 extemi-

2411 3049 2703 3113 nationes,
2748 3056 2805 3102 et
2847 3045 2970 3100 illas
3015 3043 3324 3098 horrendas
3370 3042 3638 3098 adversus
3680 3050 3996 3112 serpentem

738 3137 938 3206 iustus,
968 3146 1025 3190 et
1061 3137 1195 3192 nulli
1236 3135 1415 3191 amnis
1453 3136 1901 3206 reprehensioni,
1932 3145 1988 3192 et
2024 3137 2148 3206 pius
2183 3137 2304 3192 Job.
2335 3158 2378 3217 ο
2409 3141 2844 3204 exsecrationes,
2881 3147 2939 3193 et
2974 3137 3197 3192 dolores
3243 3145 3301 3190 et
3344 3136 3584 3206 gemitus
3627 3133 3911 3198 mulieris,
3942 3141 4000 3187 et

739 3227 807 3281 Et
843 3227 966 3282 ideo
999 3227 1222 3282 dicebat
1260 3246 1272 3281 :
1309 3227 1494 3283 Nudus
1529 3228 1599 3282 ab
1631 3229 1780 3283 omni
1817 3239 2044 3310 peccato
2077 3233 2214 3284 exivi
2249 3247 2312 3284 ex

738 3329 920 3373 ventre
955 3322 1141 3376 matris
1176 3337 1325 3389 mere,
1359 3321 1423 3374 ab
1454 3337 1514 3374 ea
1544 3338 1749 3392 quoque
1779 3321 1949 3376 nudus
1984 3323 2221 3377 recedam
2243 3322 2310 3378 ⁸⁸.

740 3409 881 3471 Num
906 3419 1089 3464 autem
1118 3419 1173 3465 et
1192 3411 1459 3466 Dominus
1483 3421 1539 3466 et
1561 3428 1661 3466 nos
1688 3422 1810 3482 post
1832 3416 2312 3479 resurrectionem,

745 3502 798 3554 in
832 3517 895 3554 ca
930 3502 1179 3570 corporis
1217 3501 1466 3556 nuditate
1507 3501 1660 3556 nullo
1701 3501 1910 3572 pudore
1951 3503 2314 3574 perfundendi

741 3594 973 3656 erimus,
1001 3594 1117 3664 ipse
1151 3610 1370 3663 quoque
1399 3593 1655 3648 advertes
1683 3603 1737 3648 et
1767 3594 2079 3651 adnotabls.

813 3684 1037 3756 Serpens
1067 3694 1245 3739 autem
1272 3695 1386 3738 erat
1412 3685 1722 3754 prudentior
1743 3686 1979 3740 omnibus
2005 3686 2178 3740 bestiis
2202 3703 2317 3758 qua

745 3785 865 3831 sunt
907 3792 1070 3848 supra
1112 3786 1332 3828 terram.
1367 3773 1523 3842 Quod
1564 3784 1620 3835 et
1658 3785 1924 3845 quantum
1961 3777 2160 3831 attinet
2190 3778 2315 3847 qui-

745 3866 868 3921 dem
901 3867 970 3920 ad
1006 3865 1358 3937 prudentiam
1390 3880 1513 3934 quae
1541 3873 1626 3919 est
1655 3865 1709 3918 in
1734 3880 1868 3920 voce
1895 3873 1953 3920 et
1982 3874 2175 3920 natura
2207 3883 2314 3922 non

748 3958 959 4012 ratione
990 3957 1243 4028 prtedita,
1273 3955 1446 4010 multa
1475 3969 1597 4010 esse
1623 3956 1880 4013 animalia
1909 3967 2163 4030 serpente
2189 3973 2320 4028 pru-

746 4049 1021 4112 ofcntiora,
1045 4063 1206 4102 nemo
1230 4047 1324 4119 qui
1353 4049 1494 4118 sapit
1516 4048 1933 4104 contradixerit.
1955 4051 2145 4120 Neque
2169 4051 2316 4106 enim

747 4141 969 4194 domum
1004 4140 1265 4204 custodit,
1296 4156 1475 4210 neque
1509 4156 1732 4212 gregem
1767 4157 2008 4214 unquam
2042 4151 2230 4198 servat
2258 4153 2320 4200 ut

748 4232 932 4296 canis;
962 4247 1070 4285 non
1098 4231 1246 4285 fures
1271 4232 1459 4302 abigit,
1483 4249 1587 4287 nec
1613 4241 1784 4288 terret
1804 4233 1975 4298 feras;
2002 4249 2110 4288 non
2138 4245 2316 4298 curat,

747 4323 920 4379 veluti
952 4323 1188 4393 quadam
1223 4333 1341 4378 arte
1375 4323 1683 4390 medicinae,
1719 4325 1976 4391 vulnera;
2018 4342 2197 4395 neque
2219 4343 2320 4382 suo

746 4416 972 4472 domino
1010 4416 1288 4486 privatus,
1321 4416 1490 4486 ejulat
1529 4426 1586 4480 et
1623 4415 1817 4484 deﬂet,
1845 4434 1970 4472 eum
2007 4418 2316 4487 requirens,

2417 3231 2648 3288 sudores
2685 3239 2743 3286 et
2773 3237 2937 3282 terra!
2972 3226 3435 3288 exsecrationem,
3460 3231 3519 3278 et
3550 3223 3672 3294 ejus
3709 3221 3904 3291 spinas
3944 3231 4001 3276 et

2415 3320 2674 3378 tribulos.
2703 3327 2759 3374 et
2781 3316 2979 3372 mortis
3007 3315 3363 3379 sententiam,
3387 3323 3445 3369 et
3472 3314 3530 3367 in
3561 3322 3765 3366 terram
3796 3329 3866 3367 ex
3893 3327 4000 3382 qua

2414 3415 2674 3476 sumptus
2704 3413 2792 3460 est
2821 3405 3224 3468 reversionem,
3251 3409 3310 3458 et
3338 3403 3626 3457 interitum
3657 3401 3908 3455 hominis
3937 3417 4002 3455 ac

2415 3498 2857 3554 dissolutionem.
2883 3496 3017 3564 Quae
3046 3495 3272 3569 quidem
3306 3495 3492 3551 omnia
3525 3494 3674 3565 passi
3703 3503 3840 3548 sunt
3869 3509 4001 3563 pro-

2416 3591 2677 3663 toplasti,
2715 3592 2977 3660 quoniam
3024 3589 3296 3648 scelerato
3339 3588 3586 3659 serpenti
3632 3587 4000 3651 obedientes,

2416 3686 2600 3740 conati
2636 3693 2767 3738 sunt
2796 3683 3010 3752 seipsos
3041 3680 3178 3736 deos
3207 3679 3407 3745 facere,
3439 3681 3494 3733 in
3528 3688 3919 3749 contemptum
3948 3688 4005 3734 et

2417 3776 2783 3832 defectionem
2830 3777 2900 3830 ab
2946 3791 3058 3828 uno
3102 3782 3159 3828 et
3203 3775 3322 3829 solo
3365 3788 3500 3827 vero
3547 3773 3691 3837 Deo;
3744 3772 4004 3841 rapinam

2417 3869 2671 3925 arbitrati
2696 3869 2809 3922 Deo
2833 3883 2955 3925 esse
2978 3868 3245 3937 mquales,
3270 3867 3377 3921 hoc
3402 3872 3511 3928 est,
3535 3864 3924 3919 ascensionem
3949 3875 4005 3918 et

2419 3960 2476 4027 in
2511 3959 2682 4013 altum
2719 3959 3039 4024 elationem,
3067 3967 3124 4012 et
3156 3971 3324 4028 super
3357 3955 3582 4025 angelos
3612 3955 4001 4009 extensionem

2419 4051 2464 4107 si
2506 4051 2585 4105 dii
2625 4050 2843 4105 ﬁerent.
2874 4050 2994 4104 Hoc
3029 4050 3178 4105 enim
3217 4048 3383 4103 tacite
3421 4044 3770 4117 signiﬁcabat
3809 4047 4002 4101 consi-

2418 4144 2554 4199 lium
2583 4142 2777 4197 dicens
2814 4159 2828 4194 :
2859 4140 3026 4195 Eritis
3057 4142 3189 4194 sicut
3217 4137 3291 4192 dii
3322 4144 3686 4209 cognoscentes
3717 4136 3921 4190 bonum
3953 4145 4003 4190 et

2419 4235 2643 4305 malum,
2678 4234 2891 4288 scilicet
2927 4233 3071 4291 ultra
3117 4241 3357 4287 mentem
3399 4229 3730 4300 angelicam,
3768 4229 3815 4283 si
3867 4229 4002 4285 facti

2418 4335 2606 4386 essent
2657 4326 2759 4381 dii.
2811 4325 2938 4381 Hac
2993 4333 3178 4380 autem
3235 4323 3423 4378 omnia
3479 4321 3795 4392 exponebat
3851 4322 4007 4377 Deus

2421 4415 2649 4488 populo,
2675 4429 2775 4471 eos
2810 4414 3088 4484 repellens
3124 4423 3183 4468 et
3216 4412 3388 4466 veluti
3428 4411 3740 4482 reprimens
3777 4426 3809 4466 ι
3849 4411 4010 4468 defe-

749 4507 937 4576 Ncque
975 4523 1165 4560 rursus
1202 4506 1349 4575 quod
1388 4507 1649 4577 sphinges
1684 4517 1740 4561 et
1776 4509 1967 4572 simiae,
1995 4517 2179 4580 potest
2215 4527 2320 4565 un-
2351 4508 2396 4562 D
2424 4508 2606 4562 ctione
2651 4520 2760 4575 qua
2804 4506 2994 4560 statim
3043 4505 3372 4560 laborarunt
3416 4505 3472 4559 in
3519 4504 3724 4568 ﬂoreb,
3759 4520 3898 4559 cum
3947 4506 4005 4560 hi

747 4615 912 4667 quam
940 4614 1170 4666 serpens
1205 4597 1404 4652 imitari
1439 4608 1496 4655 et
1519 4598 1776 4670 eﬂingere
1799 4599 2000 4672 ﬁguras
2022 4611 2321 4673 gestusque

747 4699 807 4743 et
828 4689 1008 4746 studia
1035 4689 1340 4742 hominum.
1359 4688 1454 4743 His
1476 4689 1624 4744 enim
1650 4690 2027 4746 animantibus
2071 4693 2323 4750 humanae

751 4791 963 4838 natura:
1007 4781 1123 4836 fere
1172 4780 1310 4835 nihil
1358 4781 1533 4848 deest,
1565 4783 1668 4838 nisi
1719 4783 1900 4837 solum
1951 4786 2150 4840 oratio.
2184 4787 2318 4841 Nam

751 4873 984 4930 naturali
1011 4873 1249 4950 quodam
1282 4874 1476 4929 habitu
1506 4875 1715 4930 habent
1746 4885 1802 4930 et
1828 4892 2013 4931 rerum
2041 4887 2097 4932 et
2125 4879 2324 4949 ﬁgura-

753 4979 876 5018 rum
906 4980 1042 5034 quas
1066 4965 1256 5020 vident
1282 4966 1647 5021 imitationem
1674 4979 1731 5021 et
1755 4968 2226 5024 exercitationem.
2255 4971 2325 5025 Et

753 5056 879 5114 ideo
918 5057 1092 5112 simia:
1129 5057 1318 5113 Graece
1361 5057 1646 5122 dicuntur,
1680 5059 1924 5130 πίθηκοι,
1955 5062 2034 5114 ὅτι
2063 5062 2169 5116 πὰν
2202 5062 2324 5132 ἠθι-

752 5150 1025 5210 κοὺονται,
1050 5150 1104 5212 id
1136 5159 1240 5212 est,
1266 5151 1526 5220 quoniam
1553 5167 1748 5206 omnes
1775 5167 1956 5206 mores
1983 5155 2320 5223 exprimunt.

752 5241 940 5310 Neque
969 5241 1318 5296 abominetur
1348 5243 1570 5296 auditor
1599 5243 1763 5313 huius
1795 5243 2047 5300 animalis
2076 5247 2322 5318 appella.

758 5333 963 5392 tionem
1009 5342 1266 5402 tanquam
1313 5334 1591 5404 indignam
1637 5337 1868 5390 auribus
1911 5338 2323 5393 ecclesiasticis.

756 5422 1024 5479 Audimus
1049 5423 1198 5478 enim
1223 5438 1415 5477 eorum
1439 5440 1561 5492 qua:
1590 5434 1718 5477 sunt
1743 5425 1833 5479 bis
1860 5425 2097 5489 minora,
2125 5425 2179 5479 in
2210 5427 2329 5498 lege

759 5516 874 5572 fieri
916 5518 1252 5572 mentionem
1292 5517 1360 5570 ab
1401 5516 1519 5586 ipso
1557 5518 1851 5586 itnpoiluto
1885 5535 1980 5573 ore
2017 5520 2133 5574 Dei.
2159 5519 2331 5585 Quin-

753 5608 924 5661 ctium
986 5613 1038 5661 in
1092 5611 1256 5663 tertio
1307 5609 1450 5663 libro
1509 5611 1719 5680 llcgutn
1773 5611 2081 5666 invenimus
2134 5627 2328 5667 narem

827 5804 871 5835 -“
899 5804 937 5858 ll
967 5805 1090 5858 Cur.
1120 5822 1166 5868 \,
1193 5807 1240 5856 '2.
1320 5806 1362 5834 ’τ
1393 5804 1522 5858 ibid.
1549 5804 1597 5856 5.
1677 5804 1719 5838 ⁸³
1742 5805 1842 5859 Joh
1870 5821 1905 5870 1,
1929 5806 2015 5856 2i.

2419 4613 2706 4655 sermones
2763 4597 2946 4653 adhuc
2999 4597 3132 4652 Mosi
3185 4597 3510 4655 dicerentur
3562 4597 3618 4652 in
3667 4606 3902 4664 monte,
3951 4607 4010 4654 et

2419 4691 2588 4746 etiam
2615 4690 2684 4745 ab
2710 4690 2837 4744 aliis
2863 4697 3055 4758 postea
3079 4689 3289 4744 secutis
3315 4688 3664 4753 idololatriis,
3689 4705 3815 4759 qua
3845 4691 4009 4745 illinc

2422 4793 2761 4854 acceperunt
2811 4783 3032 4837 initium
3089 4781 3547 4852 transgressionis
3595 4781 3665 4835 ab
3717 4782 3815 4836 illo
3875 4784 4009 4838 mali

2424 4884 2650 4930 auctore
2688 4883 2976 4942 serpente,
3011 4881 3069 4927 et
3108 4888 3139 4927 a
3177 4871 3328 4944 ligno
3365 4871 3512 4940 quod
3553 4870 3764 4925 dicitur
3803 4872 4008 4928 inube-

2425 4966 2669 5022 dientize.
2704 4965 2774 5020 Et
2805 4964 3040 5027 fortasse
3073 4980 3139 5018 ea
3173 4963 3243 5018 de
3276 4979 3442 5018 causa
3477 4965 3625 5018 Deus
3659 4963 3728 5018 ad
3763 4979 3866 5018 eos
3905 4965 4009 5020 ad-

2425 5056 2734 5113 monendos
2768 5065 2826 5110 et
2857 5056 2927 5110 ad
2962 5055 3334 5110 revocandum
3368 5057 3451 5110 eis
3486 5056 3540 5109 in
3572 5057 3902 5111 memoriam
3942 5073 4008 5113 ea

2424 5168 2546 5221 qua:
2575 5150 2715 5204 facta
2745 5156 2878 5204 sunt
2907 5149 2962 5203 in
2993 5149 3274 5218 paradiso,
3302 5148 3387 5203 eis
3413 5147 3630 5203 diversa
3658 5149 4008 5206 unanimiter

2422 5242 2677 5300 exhibuit
2699 5241 2947 5311 prodigia
2976 5257 3076 5311 per
3103 5248 3420 5310 serpentem
3447 5240 3614 5310 910
3643 5248 3702 5294 et
3732 5240 3954 5310 lignum
3991 5259 4005 5295 :

2424 5350 2575 5390 nunc
2598 5333 2822 5402 quidem
2847 5332 3059 5403 virgam
3091 5332 3257 5387 Mosis
3281 5340 3658 5386 transmutans
3684 5331 3743 5385 in
3771 5347 4007 5401 serpen-

2425 5437 2568 5490 tem,
2609 5425 2810 5480 deinde
2859 5433 3174 5496 serpentem
3225 5424 3284 5479 in
3333 5424 3542 5496 lignum
3589 5421 3945 5478 mortificans
3987 5441 4002 5479 :

2423 5521 2578 5593 prius
2617 5517 2939 5574 describens
2974 5517 3124 5588 quod
3165 5533 3277 5572 non
3317 5522 3572 5586 oporteat
3606 5515 3842 5569 obedire
3878 5529 4005 5568 scr-

2425 5611 2576 5678 pcnti
2609 5609 2674 5664 ad
2714 5608 2922 5680 lignum
2955 5608 3319 5673 adorandum,
3351 5607 3435 5662 vel
3469 5606 3617 5677 quod
3653 5622 3755 5676 per
3785 5607 4002 5677 lignum

2093 5805 2136 5838 "‘
2191 5805 2377 5859 Matth.
2409 5821 2459 5870 λ,
2491 5805 2572 5860 lii.
