4186 6442
181 435 315 493 1013

1288 437 1367 497 ΙΝ
1410 434 1954 496 ΠΕΧᾹΕΜΕΠΟΝ.
1982 459 2051 472 -·
2084 437 2229 495 LIB.
2271 439 2343 496 Χ.

3273 427 3405 491 1011

176 542 367 596 erucis
397 541 595 611 perdet
618 549 674 595 et
699 549 876 595 morte
906 540 1102 595 allieiet
1131 542 1429 610 paradisini
1460 542 1590 611 ligni
1620 556 1748 594 con-
1780 548 1820 601 Α
1849 550 1971 595 ctus
1992 541 2096 597 mn
2119 544 2395 613 particeps
2419 545 2526 597 dati
2555 563 2581 597 ιι
2609 544 2837 597 muliere
2870 562 2881 596 :
2908 542 3053 611 quod
3079 541 3303 611 quidem
3327 551 3411 596 est

175 634 453 686 snltorem
484 642 820 701 serpentem.
851 632 1081 701 Propter
1107 647 1270 700 quem
1301 648 1491 685 rursus
1519 643 1572 686 et
1600 632 1751 701 virga

175 725 478 785 Aaronica,
510 742 573 777 ex
613 725 763 792 ligno
793 723 1030 778 animata
1065 726 1266 793 serpsit
1295 740 1539 794 serpens,
1564 738 1619 779 ct
1648 724 1752 777 l'al-

177 834 269 871 sas
301 818 548 886 magicas
583 818 636 869 in
674 818 821 886 ligno
852 816 1125 885 serpentis
1152 817 1503 886 operationes
1531 826 1753 885 repente

178 910 555 978 consumpsit.
588 910 653 962 Et
686 909 739 961 iu
772 909 920 977 ligno
951 923 1143 960 rursus
1176 924 1403 976 serpens
1432 923 1615 961 :eneus
1644 922 1752 959 non

178 1002 407 1069 Spirans
445 1003 499 1054 in
534 1001 755 1054 deserto
790 1002 1096 1069 suspensus
1131 1009 1249 1053 erat
1285 1016 1313 1052 a
1350 1000 1495 1053 Μοεο
1539 1018 1550 1049 :
1592 998 1754 1052 tacite

180 1096 379 1148 dicens
418 1095 564 1163 quod
598 1095 703 1146 erit
736 1094 1028 1162 aliquando
1064 1102 1277 1161 tempus
1311 1094 1365 1145 iu
1400 1108 1535 1161 quo,
1569 1091 1753 1159 subie-

180 1197 271 1239 cto
302 1185 533 1239 Christo
562 1185 917 1255 insuperabili
952 1185 1171 1247 incude,
1198 1200 1490 1254 percussus
1520 1182 1752 1251 improbi

179 1278 407 1330 consilii
454 1278 707 1345 princeps
748 1292 978 1346 serpens
1020 1277 1194 1331 Pilato
1238 1286 1491 1345 tanquam
1533 1275 1754 1328 mallea-

182 1378 305 1421 torc
340 1370 600 1422 malleum
636 1369 959 1433 incutiente,
987 1378 1042 1423 et
1070 1370 1343 1423 nstulatus
1373 1375 1427 1422 et
1457 1368 1670 1420 solutus
1702 1372 1760 1421 et

182 1469 368 1511 morte
431 1459 703 1522 affectus,
759 1459 812 1512 in
873 1461 1018 1529 ligno
1076 1468 1330 1512 mortuus
1386 1468 1639 1527 tanquam
1702 1457 1756 1510 in

182 1553 449 1604 Columna
489 1550 713 1603 infamia
748 1560 969 1604 notatus
1000 1550 1373 1619 proscrihetur
1404 1549 1635 1610 mundo,
1665 1547 1759 1616 qui

186 1657 369 1708 usque
423 1641 491 1693 ad
540 1641 645 1693 hoc
699 1650 916 1710 tempus
961 1649 1079 1693 erat
1128 1641 1181 1693 iu
1230 1640 1526 1694 solitudine
1582 1638 1761 1691 oumis

184 1731 318 1782 boni
362 1748 375 1780 :
410 1740 468 1783 et
501 1731 879 1799 rcprimcutur
913 1745 1127 1784 morsus
1162 1730 1348 1800 populi
1382 1730 1549 1782 morsi
1580 1744 1609 1782 a
1640 1744 1758 1782 scr-

184 1832 379 1891 pculo.

261 1914 327 1966 Et
359 1913 494 1966 dixit
523 1928 735 1980 serpens
771 1912 977 1965 mulieri
1009 1929 1027 1965 :
1064 1910 1201 1975 Quid
1234 1911 1371 1979 quod
1400 1910 1529 1963 dixit
1568 1911 1700 1963 Deus
1739 1952 1753 1972 ,

182 2003 301 2058 Non
335 2004 619 2055 comedetis
655 2019 716 2055 ea:
745 2004 886 2055 omni
918 2003 1061 2072 ligno
1115 2001 1251 2071 quod
1284 2009 1358 2053 est
1389 2003 1443 2053 in
1479 2000 1762 2071 paradiso?

188 2096 255 2148 Et
288 2096 428 2147 dixit
466 2094 653 2146 mulier
682 2096 912 2163 serpenti
946 2111 963 2147 :
1000 2093 1080 2146 Ea:
1109 2095 1249 2146 onmi
1283 2094 1422 2164 ligno
1448 2092 1585 2161 quod
1611 2092 1762 2143 estin

186 2186 447 2253 paradiso
483 2185 822 2245 comedimus,
853 2184 915 2236 de
949 2186 1122 2253 fructu
1157 2195 1333 2237 autem
1367 2184 1496 2253 ligni
1524 2184 1661 2253 quod
1688 2191 1761 2234 est

186 2281 239 2329 in
271 2279 447 2329 medio
478 2276 713 2344 paradisi
740 2276 870 2328 dixit
897 2275 1055 2337 Deus,
1076 2276 1156 2329 Ne
1181 2293 1244 2329 ex
1270 2293 1328 2329 eo
1348 2276 1649 2335 comedatis,
1674 2290 1764 2327 ue-

188 2388 286 2439 que
307 2371 572 2439 tangatis,
598 2386 661 2420 ne
684 2370 1003 2423 moriamini.
1029 2369 1095 2424 Et
1120 2372 1253 2423 dixit
1277 2386 1488 2439 serpens
1514 2370 1721 2422 mulieri
1745 2384 1764 2421 :

190 2462 361 2517 Morte
399 2479 507 2514 non
548 2462 878 2525 moriemini,
909 2462 1103 2515 sciebat
1141 2465 1279 2515 enim
1319 2463 1455 2515 Deus
1492 2463 1627 2531 quod
1665 2476 1765 2525 quo

187 2551 270 2602 die
294 2567 358 2601 ea:
386 2566 446 2601 eo
478 2550 823 2614 romederitis,
854 2551 1157 2619 aperientur
1179 2552 1335 2604 vestri
1364 2550 1522 2613 oculi,
1546 2560 1593 2602 et
1622 2548 1766 2601 eritis

192 2648 460 2708 tanquam
484 2640 558 2691 dii
585 2649 946 2709 cognoscentes
972 2642 1162 2693 bonum
1186 2649 1235 2693 et
1259 2640 1477 2694 malum.
1498 2637 1652 2704 Quod
1678 2638 1769 2692 hic

192 2730 428 2798 quidem
475 2731 872 2783 sententiarum
914 2746 977 2784 ac
1016 2731 1503 2800 intelligentiarum
1547 2730 1770 2800 pelagus

189 2830 250 2875 et
293 2822 602 2875 obscurum
647 2822 1006 2891 profundum,
1046 2839 1210 2892 supra
1252 2822 1436 2876 omnia
1479 2837 1600 2892 qua:
1644 2830 1771 2876 sunt

195 2912 562 2974 transmissa,
599 2913 760 2968 nobis
792 2914 864 2967 sit
898 2915 1238 2984 propositum
1274 2930 1380 2968 non
1413 2924 1498 2969 est
1524 2925 1770 2969 nostrum

196 3006 391 3059 dicere
442 3022 456 3056 :
502 3004 779 3074 proposita
820 3004 966 3058 enim
1010 3004 1180 3059 dictio
1219 3004 1324 3059 hoc
1357 3021 1423 3059 cx
1458 3020 1517 3058 se
1555 3005 1767 3059 clamat.

197 3098 377 3163 Quam
403 3096 502 3165 qui
532 3096 792 3150 historice
814 3106 870 3151 et
893 3112 1001 3150 non
1032 3096 1395 3167 spiritualiter
1419 3098 1603 3167 potius
1627 3099 1773 3151 acci-

199 3189 401 3259 piunt,
437 3187 537 3242 sed
581 3196 852 3241 venantur
896 3187 1167 3242 dictiones

202 3281 424 3333 solvent
464 3280 804 3348 obiectiones
836 3295 959 3348 quae
987 3280 1070 3333 eis
1098 3278 1234 3333 ﬁunt
1266 3279 1335 3332 ab
1375 3279 1599 3333 Irenaeo.
1635 3277 1774 3331 Dicit

200 3371 353 3423 enim
390 3370 684 3423 decertans
716 3370 977 3424 adversus
1009 3370 1449 3424 haeresiarchiam
1479 3385 1775 3425 exsecran-

202 3458 407 3511 dorum
450 3458 777 3527 Ophitarum
823 3477 834 3511 :
874 3458 1157 3524 Quomodo
1194 3460 1311 3514 fieri
1348 3468 1528 3524 potest
1564 3473 1624 3515 ut
1657 3478 1775 3515 ser-

202 3566 346 3620 pens
383 3550 480 3617 qui
522 3550 697 3604 factus
730 3560 816 3604 est
851 3566 880 3604 a
912 3551 1044 3616 Deo,
1075 3563 1292 3614 natura,
1323 3568 1519 3621 expers
1554 3553 1777 3607 rationis

202 3651 262 3695 et.
286 3642 512 3700 mentis.
538 3642 748 3696 ratione
767 3642 1028 3711 prmditus
1049 3652 1104 3696 ct
1129 3643 1358 3712 loquens
1374 3646 1622 3698 dicatur?
1644 3646 1774 3699 Nam

202 3732 251 3785 si
296 3733 405 3784 sibi
446 3748 549 3785 suo
593 3734 735 3786 l'acto
769 3733 1136 3787 commodavit
1166 3736 1454 3798 rationem,
1485 3744 1541 3789 et
1568 3736 1775 3791 discre-

207 3821 461 3881 tionem,
494 3832 549 3876 et
591 3824 1003 3892 intelligentiam
1040 3833 1095 3877 et
1137 3826 1545 3893 responsionem
1584 3841 1777 3879 eorum

204 3930 332 3982 qu:e
363 3914 695 3968 dicebantur
716 3930 745 3968 a
778 3915 1024 3977 muliere,
1082 3932 1214 3987 ergo
1243 3927 1296 3970 et
1325 3918 1502 3972 cuivis
1536 3917 1777 3986 serpenti

205 4022 320 4059 non
352 4014 438 4059 cst
468 4006 697 4058 vetitum
730 4008 1024 4074 quominus
1056 4008 1159 4062 hoc
1189 4008 1369 4062 faciat.
1397 4008 1452 4062 Si
1484 4018 1663 4062 autem
1691 4008 1777 4062 di-

204 4104 358 4159 cent,
389 4095 586 4150 divino
614 4097 844 4150 consilio
873 4108 930 4151 et
954 4098 1357 4167 dispensatione
1388 4114 1512 4153 eum
1541 4099 1776 4153 humana

203 4189 468 4240 oratione
500 4186 701 4256 alloqui
742 4188 946 4253 Evam,
1001 4197 1249 4242 statuunt
1286 4190 1456 4242 Deum
1495 4197 1777 4243 auctorem

207 4277 452 4345 peccati.
487 4276 593 4330 Sed
639 4293 819 4347 neque
865 4279 1098 4348 maligno
1142 4279 1271 4332 licet
1310 4280 1575 4344 dwnioiii,
1605 4297 1669 4334 ex
1712 4296 1781 4334 eo

206 4370 359 4438 quod
396 4385 509 4422 non
548 4377 631 4423 est
665 4370 731 4423 ad
768 4371 870 4425 hoc
907 4379 969 4423 ιιι
1004 4371 1104 4435 sit,
1134 4380 1345 4425 natura:
1373 4388 1494 4440 qum
1518 4381 1667 4426 caret
1691 4389 1779 4427 ra-

209 4462 367 4515 tione
393 4462 584 4529 largiri
610 4465 910 4525 rationem;
938 4478 1062 4515 nam
1089 4478 1367 4531 nunquam
1396 4464 1690 4517 cessaverit
1711 4463 1778 4517 ad

1849 642 2099 701 apertum
2130 634 2398 690 indicium
2430 638 2680 703 perfecta:
2707 634 3100 689 imbecillitatis
3130 642 3187 689 et
3210 634 3413 687 mentis

1852 726 2075 792 iguavze.
2111 726 2245 779 Nam
2278 726 2496 779 mulieri
2532 726 2752 794 quidem
2787 730 2872 778 est
2903 723 3318 793 ignoscendum,
3350 730 3411 775 ut

1851 832 1972 884 quze
1996 815 2163 870 fuerit
2185 829 2439 887 superata
2471 833 2500 871 a
2531 828 2780 885 serpente
2814 816 3061 871 :Adamo
3088 822 3269 869 autem
3297 830 3407 869 non

1852 918 1935 962 est
1964 908 2376 977 ignoscendum,
2401 918 2459 962 ut
2484 908 2576 978 qui
2604 908 2767 962 fuerit
2793 916 3081 977 superatus
3103 922 3134 961 a
3158 906 3408 971 muliere,

1854 1015 1978 1053 cum
2027 1000 2141 1069 ipse
2198 1000 2249 1053 in
2297 1002 2513 1070 propria
2568 1014 2797 1069 persona
2847 1016 2875 1053 a
2924 1000 3037 1053 Deo
3093 997 3411 1053 mandatum

1854 1090 2146 1156 acceperit.
2183 1090 2315 1143 Nam
2361 1092 2557 1145 mulier
2590 1106 2715 1143 eum
2751 1089 2819 1141 ab
2855 1089 3059 1142 Adamn
3095 1088 3411 1143 mandatum

1855 1180 2120 1242 audisset,
2175 1181 2247 1233 ita
2277 1180 2377 1233 fuit
2405 1181 2596 1235 affecta
2629 1192 2690 1235 ut
2716 1189 3118 1241 contemneret.
3145 1181 3230 1233 vel
3261 1177 3409 1249 quod

1856 1287 1964 1323 non
2002 1271 2161 1339 digna
2196 1280 2342 1325 esset
2371 1271 2558 1324 habita
2592 1288 2715 1325 cum
2749 1287 2855 1340 qua
2890 1273 3035 1325 Deus
3070 1272 3409 1340 loqueretur,

1855 1362 1940 1414 vel
1977 1373 2035 1414 ut
2066 1379 2186 1429 quze
2218 1362 2356 1417 forte
2388 1362 2668 1417 dubitaret
2696 1372 2751 1416 et
2782 1364 3121 1417 existimaret
3145 1362 3409 1415 Adammn

1859 1448 1967 1503 hoc
1989 1466 2054 1503 cx
2086 1466 2144 1505 se
2170 1452 2219 1504 ci
2253 1452 2565 1505 mandatum
2594 1451 2831 1505 dedisse.
2858 1452 2957 1507 Ubi
2990 1461 3174 1505 autem
3208 1450 3417 1505 invenit

1860 1555 2088 1609 serpens
2114 1557 2232 1595 eam
2263 1558 2507 1597 seorsum
2542 1552 2814 1613 agentem,
2846 1550 2904 1596 ut
2933 1553 3119 1610 posset
3145 1558 3265 1597 eam
3301 1542 3417 1610 pri-

1861 1633 2026 1685 vatim
2052 1633 2277 1702 alloqni,
2298 1649 2414 1687 eam
2441 1644 2535 1687 aut
2556 1635 2751 1688 videns
2772 1633 3147 1687 comedentcm
3170 1649 3235 1686 ex
3260 1631 3421 1701 lignis

1861 1733 1956 1778 aut
1982 1741 2091 1778 non
2119 1726 2521 1790 comedentem,
2547 1727 2747 1781 obtulit
2770 1728 2951 1781 cibum
2979 1725 3131 1796 ligni.
3160 1723 3226 1779 Et
3250 1723 3420 1793 siqui-

1860 1818 1983 1871 dem
2014 1818 2417 1880 comcdentem,
2443 1827 2525 1871 est
2547 1818 2897 1886 perspicuum
2927 1819 3069 1887 quod
3101 1832 3163 1871 ea
3195 1825 3339 1871 esset
3363 1815 3416 1870 in

1861 1924 2091 1976 corpore
2136 1907 2189 1961 in
2232 1908 2376 1977 quod
2421 1909 2567 1963 cadit
2605 1908 2861 1963 interitus
2906 1926 2919 1962 :
2960 1907 3225 1977 quidquid
3272 1907 3417 1961 enim

1864 2000 2030 2053 intrat
2078 2000 2130 2052 in
2177 2016 2259 2063 os,
2295 2000 2445 2053 vadit
2491 2002 2546 2053 in
2596 2016 2893 2054 secessum.
2931 2000 2985 2053 Si
3027 2016 3160 2069 ergo
3206 1999 3255 2053 in
3300 2015 3420 2052 eam

1862 2088 2092 2141 cadebat
2118 2088 2396 2149 interitus,
2421 2100 2503 2142 est
2532 2089 2878 2158 perspienmu
2910 2089 3054 2158 quod
3086 2096 3230 2142 esset
3255 2087 3423 2142 etiam

1864 2179 2131 2231 mortalis.
2167 2178 2222 2231 Si
2266 2187 2447 2232 autem
2482 2188 2601 2232 erat
2633 2179 2911 2242 mortalis,
2940 2195 3048 2232 non
3083 2186 3203 2232 erat
3234 2177 3425 2246 utique

1862 2268 2198 2333 exsecratio,
2230 2285 2407 2338 neque
2450 2271 2739 2325 sententia:
2775 2270 3149 2340 pronuntiatio
3186 2285 3290 2322 vox
3333 2270 3424 2323 illa

1866 2361 1958 2413 Dei
1988 2360 2176 2415 dicens
2209 2362 2416 2416 homini
2454 2381 2466 2416 :
2495 2363 2657 2417 Terra
2690 2380 2764 2427 es,
2795 2373 2842 2416 et
2874 2366 2926 2417 in
2963 2372 3161 2415 terram
3195 2371 3425 2416 reverte-

1868 2453 1939 2502 ris
1961 2452 2006 2482 ”
2035 2468 2048 2503 ε
2088 2452 2231 2505 sicut
2258 2456 2424 2505 etiam
2457 2453 2623 2507 habet
2651 2468 2832 2506 rerum
2863 2453 3085 2507 veritas.
3116 2452 3211 2506 Sin
3242 2460 3425 2507 autem

1869 2558 2058 2595 rursus
2081 2558 2189 2595 nou
2219 2544 2597 2598 comedcnlcm
2625 2559 2855 2613 serpens
2885 2545 3098 2613 aspexit
3120 2545 3426 2607 mulierem,

1868 2635 2146 2702 quomodo
2181 2634 2429 2688 traduxit
2457 2636 2522 2689 ad
2560 2635 2955 2690 comedendum
2984 2652 3103 2691 eam
3133 2653 3254 2706 quze
3285 2652 3430 2691 nuu-

1868 2737 2029 2789 quam
2058 2722 2402 2776 comederat?

1938 2832 2282 2898 Quisautem
2314 2834 2444 2889 huic
2473 2850 2692 2905 quoque
2724 2845 2957 2891 cruento
2988 2837 3280 2895 homicidae
3313 2856 3433 2895 ser-

1871 2924 2021 2993 penti
2062 2924 2342 2988 indicavit,
2401 2925 2547 2995 quod
2600 2942 2720 2995 quae
2760 2928 2868 2982 lata
2903 2937 2989 2983 est
3026 2945 3055 2983 a
3096 2930 3209 2985 Deo
3248 2932 3302 2986 in
3340 2947 3437 2987 eos

1873 3015 2069 3068 mortis
2112 3016 2414 3079 sententia,
2452 3032 2563 3070 non
2603 3028 2835 3073 ventura
2882 3019 2955 3074 sit
3000 3019 3065 3073 ad
3116 3020 3309 3084 linem,
3342 3022 3436 3090 qui

1876 3105 2012 3160 dixit
2048 3124 2060 3158 :
2100 3105 2210 3169 Quo
2241 3115 2416 3160 autem
2443 3107 2527 3161 die
2554 3109 2901 3173 comederitis,
2927 3122 3093 3164 morte
3123 3113 3433 3167 moriemini.

1214 3206 1227 3239 :
1269 3188 1456 3241 nescio
1502 3186 1775 3255 quomodo
1802 3214 1844 3269 ο
1876 3198 1987 3252 Nec
2040 3198 2145 3251 hoc
2191 3200 2399 3263 solum,
2436 3199 2529 3254 sed
2579 3201 2745 3255 etiam
2795 3216 2919 3256 eum
2962 3219 3029 3256 eo
3073 3204 3218 3272 quod
3264 3215 3439 3260 morte

1880 3290 2175 3352 carebunt,
2206 3307 2398 3345 eorum
2445 3293 2766 3361 aperientur
2802 3296 2947 3349 oeuli
2992 3296 3085 3364 qui
3129 3296 3284 3365 prius
3328 3313 3440 3355 non

1883 3391 2030 3434 recte
2055 3381 2337 3445 videbant,
2364 3398 2428 3436 ea
2463 3392 2645 3436 autem
2677 3400 2798 3452 quze
2826 3385 3031 3440 dicitur
3060 3387 3341 3455 apertione
3372 3387 3441 3442 ad

1882 3484 2109 3527 mortem
2137 3475 2407 3529 dederunt
2433 3477 2675 3531 aditum?
2706 3477 2843 3533 Cum
2874 3481 3313 3549 praecedentibus
3341 3499 3440 3538 au-

1881 3573 1987 3619 tem
2027 3566 2467 3621 dubitationibus
2509 3568 2625 3622 hzec
2661 3586 2881 3639 quoque
2920 3572 3264 3640 coniungam.
3292 3572 3439 3640 Quo-

1882 3659 2044 3711 modo
2086 3660 2317 3714 rationis
2347 3674 2542 3729 cxpers
2573 3669 2629 3714 ct
2660 3664 2771 3716 I'era
2806 3662 2979 3717 bestia
3015 3664 3226 3719 audivit
3252 3681 3442 3720 vocem

1882 3748 2001 3811 Dei,
2034 3749 2254 3819 quando
2292 3751 2342 3805 ci
2382 3752 2713 3806 horrendam
2754 3753 2950 3807 ell‘atus
2989 3762 3074 3809 est
3109 3756 3444 3810 exsecratio-

1885 3854 2031 3900 nem,
2066 3854 2230 3909 quam
2269 3841 2546 3910 accipiens
2579 3841 2799 3897 videtur
2836 3843 2889 3898 in
2928 3859 3024 3897 sua
3062 3860 3296 3913 persona
3332 3846 3447 3899 Deo

1884 3930 2145 3993 astitissc,
2216 3931 2485 4001 siquidem
2548 3943 2697 3987 recte
2740 3933 2878 3987 dicit
2917 3950 3021 3988 vox
3068 3936 3374 4005 theologica
3425 3953 3439 3989 :

1886 4019 2051 4073 Deum
2107 4037 2255 4074 nemo
2308 4022 2435 4075 uidit
2488 4039 2719 4091 unquam
2742 4022 2837 4083 "‘,
2883 4038 3060 4091 neque
3110 4022 3205 4077 Dei
3252 4039 3442 4077 vocem

1885 4109 2035 4163 auris
2068 4109 2285 4178 excepit
2314 4110 2635 4179 corporalis,
2665 4118 2759 4163 aut
2787 4126 3027 4178 unquam
3061 4110 3303 4164 audivit?
3333 4111 3447 4166 Iloc

1885 4202 2031 4254 enim
2064 4218 2131 4255 ex
2157 4217 2293 4255 voce
2322 4201 2535 4255 Domini
2574 4201 2627 4255 in
2661 4202 2973 4271 Evangeliis
3002 4218 3194 4258 omnes
3227 4203 3444 4272 accepi-

1888 4307 2027 4345 mus.
2053 4292 2264 4346 Rursus
2295 4307 2425 4361 ergo
2455 4292 2521 4345 ad
2554 4307 2639 4346 me
2664 4292 2812 4355 veni,
2845 4307 2878 4346 ο
2915 4293 3010 4355 fili,
3036 4292 3238 4362 iubens
3263 4294 3446 4346 valere

1887 4383 2123 4437 litteram
2152 4400 2276 4452 quae
2305 4383 2506 4438 occidit
2536 4401 2549 4437 :
2579 4392 2635 4438 et
2663 4401 2909 4453 quaenam
2942 4384 3024 4452 (re
3049 4384 3272 4453 quidem
3304 4383 3445 4453 ipsa)

1890 4473 2053 4526 fuerit
2088 4473 2184 4527 Dei
2228 4473 2474 4541 operatio
2510 4472 2578 4526 de
2616 4483 2870 4542 serpente
2907 4474 3000 4543 qui
3040 4474 3263 4536 dicitur,
3290 4481 3345 4527 et
3379 4473 3449 4527 do

211 4553 470 4605 fraudem
511 4568 607 4621 per
634 4561 919 4622 serpentes
945 4564 1001 4608 et
1028 4554 1231 4608 bestias
1257 4563 1310 4607 et
1338 4556 1587 4609 volucres
1627 4556 1778 4623 loqui
1815 4563 1855 4615 D
1886 4563 2033 4631 ligno
2064 4572 2120 4616 ct
2150 4563 2400 4626 muliere,
2432 4573 2489 4617 ct
2519 4563 2795 4632 quomodo
2827 4580 2884 4617 se
2916 4564 3116 4618 habeat
3148 4572 3367 4625 natura.
3393 4571 3451 4617 et

207 4659 339 4696 cum
386 4645 709 4699 hominibus
750 4657 807 4700 et
845 4662 941 4700 eos
983 4646 1258 4717 decipere.
1289 4648 1443 4704 Unde
1486 4660 1690 4709 autem.
1724 4657 1783 4703 ct

210 4750 342 4787 cum
380 4744 535 4789 esset
571 4736 767 4801 bestia,
799 4738 1008 4791 audivit
1045 4740 1357 4793 mandatum
1396 4742 1541 4809 quod
1580 4758 1608 4794 a
1650 4742 1782 4805 Deo,

212 4827 429 4880 homini
478 4836 533 4881 et
573 4829 693 4889 soli,
723 4830 948 4899 mystice
984 4830 1167 4884 datum
1208 4842 1292 4886 est
1341 4851 1353 4885 :
1397 4849 1521 4887 cum
1568 4849 1635 4886 nc
1680 4834 1785 4888 hoc

212 4918 446 4985 quidem
482 4918 594 4986 ipsa
625 4918 909 4973 didicisset
931 4920 1157 4973 mulier?
1181 4919 1293 4974 Cur
1319 4931 1498 4976 autem
1536 4939 1644 4976 non
1680 4938 1781 4991 po-

214 5009 332 5062 tius
353 5010 636 5062 hominem
663 5026 823 5078 quam
849 5013 1019 5080 ipsam
1046 5028 1333 5081 aggressus
1357 5024 1440 5069 est
1462 5015 1785 5068 mulierem?

213 5101 378 5166 Quod
426 5101 474 5154 si
514 5101 647 5154 mihi
687 5102 893 5157 dixeris
931 5103 1075 5172 quod
1118 5103 1184 5157 ad
1227 5119 1345 5158 eam
1391 5107 1685 5159 accesserit
1726 5115 1790 5159 ut

215 5209 348 5269 qua:
387 5201 537 5246 esset
574 5193 921 5260 imbecillior,
982 5204 1168 5249 contra
1210 5196 1401 5249 fortior
1442 5213 1507 5251 ac
1550 5197 1788 5258 virilior,

218 5293 492 5353 tanquam
538 5285 770 5353 adiutrix
808 5287 1046 5341 hominis
1090 5289 1345 5356 apparuit
1388 5288 1441 5340 in
1486 5297 1792 5357 transgres-

219 5371 386 5434 εἰοιιὲ
424 5380 689 5435 mandati.
721 5382 837 5451 Ipsa
873 5383 1019 5437 enim
1050 5390 1107 5437 et
1135 5384 1249 5437 sola
1287 5384 1495 5437 resistit
1524 5383 1788 5452 serpenti,

217 5480 278 5525 et
313 5486 444 5525 cum
474 5471 704 5540 quadam
739 5473 1048 5543 obiectione
1081 5481 1136 5528 et
1165 5476 1519 5529 contentione
1554 5474 1793 5546 (callidi-

221 5570 346 5617 tate
378 5563 658 5633 superata)
687 5564 926 5618 comedit
949 5581 1016 5620 ex
1044 5566 1220 5636 ligno;
1252 5568 1421 5621 Adam
1455 5578 1636 5623 autem
1668 5586 1793 5625 cum

222 5653 376 5708 nihil
408 5653 636 5709 omnino
665 5655 1030 5727 depugnasset
1058 5666 1154 5712 aut
1186 5660 1642 5728 contradixisset,
1672 5662 1794 5717 fruv

300 5832 355 5866 ’³
374 5830 507 5888 Gen.
535 5851 608 5899 ιιι,
637 5834 716 5889 l9.
793 5837 1037 5895 "‘Joan.
1062 5858 1098 5905 ι,
1128 5843 1208 5898 18.
1286 5845 1300 5876 ¹
1326 5843 1509 5899 Matth.
1539 5860 1643 5910 xiv.
1673 5844 1753 5898 l2.

1886 4653 2162 4722 quomodo
2196 4668 2284 4707 res
2316 4661 2467 4722 gesta
2499 4654 2571 4707 sit
2598 4654 2667 4708 ab
2703 4654 2879 4716 initio,
2911 4654 3330 4725 relinquendum
3367 4662 3459 4709 est.

1886 4746 1987 4799 soli
2034 4746 2164 4808 Deo,
2194 4746 2285 4815 qui
2329 4761 2393 4799 ea
2442 4754 2498 4799 et
2544 4744 2676 4800 fecit
2716 4755 2771 4799 ct
2817 4747 2981 4806 dixit.
3016 4753 3074 4799 et
3112 4746 3285 4801 novit.
3320 4745 3455 4811 Quze

1888 4846 2068 4893 autem
2100 4838 2273 4892 divini
2312 4839 2641 4907 interpretes
2673 4839 2741 4893 de
2778 4840 2863 4891 his
2895 4848 3023 4891 sunt
3058 4835 3451 4907 philosoiihati,

1887 4940 1943 4983 ct
1991 4932 2269 4999 quomodo
2316 4931 2383 4984 de
2428 4931 2650 4985 Christo
2697 4940 2750 4984 et
2795 4931 3041 4985 Ecclesia
3089 4930 3348 4999 praeclare
3397 4938 3455 4983 et

1890 5023 2292 5078 admirabiliter
2323 5023 2549 5077 fuerunt
2576 5024 2939 5093 praefigurata,
2968 5022 3145 5076 dicam
3179 5020 3354 5074 fretus
3387 5020 3456 5074 iis

1892 5115 1984 5184 qui
2012 5115 2271 5170 dixerunt
2294 5134 2307 5168 :
2333 5115 2435 5180 Qui
2462 5124 2637 5169 autem
2658 5125 2822 5185 potest
2852 5129 3058 5183 capere,
3083 5113 3261 5183 capiat
3285 5113 3332 5177 ‘;
3356 5119 3413 5166 et
3436 5128 3451 5164 :

1895 5206 1995 5272 Qui
2024 5207 2176 5259 habet
2212 5205 2382 5259 sancti
2423 5205 2663 5274 Spiritus
2703 5223 2860 5259 aures
2897 5203 3173 5266 audiendi,
3205 5201 3450 5255 audiat’.

1896 5300 2002 5352 lles
2027 5298 2275 5365 quaedam
2297 5306 2469 5351 artem
2492 5313 2710 5352 omnem
2734 5310 3028 5366 superans,
3049 5304 3103 5349 et
3120 5295 3232 5348 Deo
3253 5305 3454 5361 prope-

1895 5388 2117 5442 modum
2166 5389 2366 5442 slmilis
2411 5389 2800 5457 informisque,
2831 5395 2887 5441 et
2928 5402 3037 5440 non
3081 5380 3456 5438 matcrialibus

1897 5480 2160 5534 membris
2188 5480 2484 5534 lneﬂ‘ahilis
2516 5478 2872 5549 pulchritudo
2895 5494 3015 5547 quae
3042 5476 3107 5529 ad
3137 5474 3231 5529 Dei
3265 5472 3455 5539 imagi-

1898 5586 2025 5625 nem
2053 5569 2197 5626 facta
2227 5570 2335 5625 fuit
2359 5578 2546 5624 nostra
2577 5570 2755 5623 anima
2784 5568 2997 5622 ratione
3020 5564 3244 5635 priedita
3271 5570 3327 5616 et
3353 5561 3457 5616 im-

1899 5661 2169 5725 mortalis,
2194 5677 2225 5715 a
2249 5661 2691 5718 suocresscntiali
2718 5659 2981 5722 essentia,
3005 5657 3199 5712 eﬂ‘ecta
3222 5660 3458 5710 essentia

1833 5846 1852 5877 ’
1876 5843 2065 5899 Matth.
2091 5858 2205 5905 xm,
2231 5842 2283 5895 9.
