4186 6442
745 385 878 451 1015

1934 392 1996 450 S.
2034 388 2429 476 ANASTASII
2464 391 2635 451 SINA
2646 393 2787 451 [TIR

3835 387 3964 451 1016

738 516 808 555 ex
849 517 959 555 non
999 500 1256 564 essentia,
1282 511 1498 571 sumpta
1536 510 1674 555 erat.
1707 501 1921 555 Rursus
1956 511 2075 556 erat
2112 503 2305 555 simili-
2336 508 2378 562 Α
2412 521 2556 559 rans.
2590 506 2645 560 ld
2685 516 2915 561 testatur
2941 506 3077 560 Abel
3113 505 3253 560 dona
3287 506 3396 560 Deo
3427 504 3696 567 oﬂ‘erens;
3728 500 3961 555 Lamech

742 593 907 657 tudo,
950 600 1004 646 et
1050 592 1436 653 simulacrum,
1475 600 1530 645 et
1572 606 1638 645 ex
1687 591 1919 647 adverso
1969 594 2306 660 respondens

743 685 1003 756 splendor
1051 683 1300 738 informis
1356 684 1625 748 idearum,
1680 685 1946 754 principis
1998 692 2055 738 et
2107 684 2306 739 formas

741 774 992 831 facientis
1010 774 1103 829 Dei
1122 773 1308 830 divino
1325 774 1494 829 factas
1514 791 1762 829 munere.
1776 774 1897 829 ΙΙωο
1916 791 2045 845 ergo
2060 786 2115 829 et
2132 777 2306 845 imago

743 876 795 921 et
827 866 1132 921 similitudo
1158 867 1277 937 ejus
1302 866 1394 935 qui
1423 876 1507 921 est
1532 883 1696 936 super
1720 867 2008 935 imaginem
2034 878 2090 921 et
2117 867 2309 921 simili-

745 956 1026 1018 tudinetn,
1059 964 1115 1009 et
1151 956 1412 1025 apparuit
1448 966 1504 1011 et
1543 956 1645 1009 fuit
1682 958 1972 1027 appellata.
2004 958 2178 1024 Quam
2213 958 2308 1027 qui

743 1048 953 1103 dicitur
996 1062 1256 1117 serpens,
1291 1048 1350 1101 ut
1400 1049 1715 1118 intelligens
1763 1050 2152 1120 intelligentia,
2184 1066 2309 1104 cum

743 1142 974 1196 vidisset
1019 1142 1419 1213 intelligentem
1476 1141 1677 1196 nudam
1727 1150 1979 1211 tanquam
2033 1143 2309 1211 reginam,

746 1245 876 1288 tunc
931 1233 1239 1304 virginem,
1300 1250 1531 1304 puram,
1585 1234 1883 1296 intactam,
1939 1233 2310 1302 incorruptam

739 1329 1113 1399 juveneulam,
1144 1327 1239 1381 Dei
1276 1341 1553 1395 sponsam,
1586 1340 1786 1380 corona
1821 1325 2128 1378 redimitam
2165 1334 2312 1391 (ttin-

743 1435 909 1488 quam
944 1421 997 1472 in
1028 1418 1263 1489 quodam
1301 1417 1561 1486 thalamo)
1593 1416 1780 1470 divino
1811 1431 1995 1469 amore
2035 1418 2311 1485 stipatam,

747 1513 803 1567 in
850 1513 1079 1583 mystico
1122 1526 1323 1565 arcano
1368 1520 1423 1564 et
1464 1510 1550 1563 cui
1604 1526 1711 1562 non
1758 1519 1843 1563 est
1887 1509 1972 1562 vir
2014 1509 2313 1573 admisti-5,

746 1606 983 1677 paradisi
1030 1605 1287 1659 cubiculo
1334 1603 1663 1657 residentem
1713 1622 1725 1655 :
1774 1618 1897 1655 Ctllll
1942 1611 2088 1654 esset
2131 1600 2316 1654 infelix

747 1698 1168 1761 exterminatus,
1195 1704 1251 1750 et
1282 1695 1350 1748 ab
1384 1695 1581 1748 axibus
1618 1693 1931 1749 emlestihus
1969 1692 2311 1746 exturbatus.

748 1790 1043 1860 Postquam
1078 1790 1155 1844 sic
1185 1788 1323 1842 vidit
1355 1787 1586 1841 formam
1620 1797 1674 1839 et
1704 1793 1955 1838 naturam
1987 1792 2231 1838 nostram
2261 1792 2318 1838 et

750 1883 958 1937 divinis
998 1881 1252 1936 manibus
1292 1879 1598 1938 formatam,
1628 1890 1683 1931 et
1725 1875 1911 1929 divino
1950 1874 2159 1944 Spiritu
2198 1874 2318 1927 ani-

754 1983 976 2036 matam,
999 1981 1056 2026 et
1077 1972 1347 2025 lllllVCl‘S:l‘
1374 1983 1495 2037 quae
1519 1977 1603 2020 cst
1625 1966 1727 2020 sub
1754 1966 1866 2019 sole
1892 1974 2160 2019 creaturae
2184 1964 2321 2033 regi-

753 2081 878 2118 nam
911 2062 1263 2118 constitutam
1292 2078 1306 2113 :
1337 2075 1445 2113 non
1473 2060 1655 2111 ferens
1686 2058 1912 2111 honoris
1934 2056 2108 2111 nostri
2134 2056 2321 2109 altitu‘

755 2156 966 2220 dinem,
996 2154 1285 2209 mmulatus
1317 2159 1402 2205 est
1433 2152 1755 2211 sceleratus,
1787 2148 2004 2212 invidit,
2035 2162 2237 2217 angore
2266 2154 2323 2199 et

755 2230 948 2301 dolere
990 2255 1074 2301 est
1108 2245 1359 2306 allectus,
1392 2242 1598 2311 stupuit
1639 2251 1693 2293 et
1735 2240 2038 2294 admiratus
2076 2247 2160 2292 est
2198 2238 2321 2307 pul-

758 2339 1150 2401 ehritudinem,
1182 2338 1447 2407 gloriam,
1492 2342 1839 2403 potestatem,
1897 2331 2178 2394 virtutem,
2209 2330 2323 2383 lor-

761 2447 934 2496 mam,
967 2431 1077 2485 Deo
1109 2431 1344 2485 similem
1377 2429 1641 2482 visionem
1684 2435 1740 2479 et
1772 2425 2046 2480 decorem.
2077 2424 2324 2492 Cumque

759 2523 943 2579 omnia
991 2524 1306 2593 speculatus
1350 2531 1496 2576 esset
1544 2537 1606 2575 ac
1652 2521 1972 2581 lustrasset,
2009 2526 2070 2571 ut
2115 2517 2207 2587 qui
2254 2516 2327 2570 sit

758 2617 924 2671 simul
972 2624 1029 2669 et
1071 2614 1341 2683 malignus
1386 2621 1441 2667 ct
1494 2612 1741 2674 invidus,
1778 2609 1972 2665 fraude
2014 2624 2112 2663 sua
2156 2608 2327 2661 valuit

764 2707 1049 2760 mulierem
1081 2721 1110 2758 a
1141 2706 1262 2758 viro
1293 2704 1576 2763 seducrre,
1608 2717 1838 2771 eamque
1873 2718 1996 2755 eum
2028 2700 2328 2768 accepisset

764 2811 1012 2851 seorsum
1056 2804 1306 2865 agentem
1355 2810 1419 2849 ac
1466 2801 1804 2862 separatam,
1852 2792 2066 2860 decepit
2111 2808 2123 2844 ε
2174 2806 2324 2859 spem

763 2903 957 2941 vanam
1006 2895 1063 2943 et
1104 2887 1323 2941 inanem
1372 2885 1421 2941 ei
1468 2899 1799 2955 suggerens,
1839 2884 1981 2938 sicut
2020 2884 2130 2952 jam
2177 2882 2328 2950 prius

765 2978 900 3031 dixi.
927 2976 1264 3047 Suggerebat
1289 2976 1434 3029 enim
1466 2975 1581 3028 fore
1612 2984 1670 3027 ut
1701 2991 1799 3043 per
1827 2990 1980 3028 esum
2014 2974 2209 3027 mulier
2237 2974 2330 3028 lie-

767 3079 853 3124 ret
877 3069 999 3130 dea,
1026 3080 1085 3122 ut
1112 3085 1233 3139 quae
1261 3068 1519 3123 evaderet
1546 3068 1656 3121 Deo
1683 3068 1876 3121 similis
1905 3078 1959 3121 et
1989 3068 2189 3120 collum
2221 3083 2327 3120 non

764 3162 1001 3230 amplius
1040 3160 1284 3214 flecteret
1324 3160 1389 3213 ad
1433 3160 1603 3213 Deum
1649 3158 1984 3212 adorandqu

764 3252 878 3306 Deo
917 3260 1082 3317 esset,
1111 3265 1448 3322 cognoscens
1489 3249 1673 3305 omnia
1718 3249 1859 3304 bona
1899 3260 1954 3305 et
1995 3251 2160 3314 mala,
2189 3251 2333 3304 sicut

766 3342 928 3397 Deus.

838 3434 947 3488 llac
968 3448 1064 3503 spe
1089 3432 1235 3487 inani
1259 3432 1652 3502 phantasticam
1680 3432 1926 3487 mulieris
1951 3433 2145 3488 anima:
2166 3433 2333 3487 facul—

789 3534 932 3579 atem
955 3525 1011 3578 in
1037 3524 1207 3578 alttttn
1227 3524 1577 3579 extollensac
1595 3524 1953 3595 suspendens,
1978 3541 2097 3578 eam
2119 3525 2335 3596 decepit

766 3629 823 3672 et
855 3618 907 3671 in
945 3633 1187 3672 errorem
1229 3618 1460 3672 induxit.
1487 3617 1766 3672 Mulierem
1804 3627 1983 3672 autem
2027 3634 2172 3672 nunc
2210 3618 2334 3673 dico

772 3712 940 3766 Evam
981 3728 995 3763 :
1035 3719 1345 3780 serpentem
1380 3718 1562 3764 autem
1600 3725 1724 3764 eum
1758 3710 1850 3779 qui
1886 3710 2088 3764 dicitur
2116 3711 2335 3780 sapien-

774 3803 884 3857 tior
910 3802 1170 3856 omnibus
1196 3817 1318 3871 qua:
1348 3801 1478 3856 fecit
1503 3802 1766 3855 Dominus
1792 3802 1955 3866 Deus,
1981 3818 2101 3871 qua:
2127 3810 2255 3855 stitit
2282 3802 2336 3855 in

773 3904 941 3957 terra,
966 3894 1061 3948 sed
1094 3910 1202 3948 non
1232 3895 1395 3948 etiam
1425 3909 1546 3962 qua:
1573 3893 1625 3946 in
1656 3894 1833 3947 cmlis.
1864 3894 1990 3947 llate
2018 3893 2151 3946 mihi
2181 3892 2339 3946 intel-

770 3986 1010 4055 iigantur
1042 3995 1412 4055 congruenter
1443 3985 1636 4039 litterie
1666 3986 1772 4037 veli
1805 3985 2098 4039 exterioris
2128 3995 2183 4038 et
2213 4000 2336 4037 eor-

771 4079 923 4148 poris
980 4077 1312 4147 Scripturaa,
1358 4092 1426 4131 ne
1484 4076 1665 4146 porcis
1717 4084 1774 4130 et
1829 4078 2058 4131 canibus
2111 4079 2338 4147 (nempe

775 4167 1095 4223 hominibus
1119 4167 1213 4237 qui
1239 4167 1584 4221 delectantur
1604 4168 2121 4237 vituperationihus)
2147 4167 2340 4223 demus

772 4272 960 4312 ansam
998 4275 1011 4310 :
1048 4256 1140 4327 qui
1174 4255 1362 4309 dicunt
1396 4256 1509 4311 hare
1543 4271 1652 4310 non
1689 4255 1805 4309 fieri
1840 4257 1906 4309 ad
1946 4256 2201 4311 litteram.
2234 4256 2337 4323 Qui

773 4356 958 4403 autem
1000 4362 1031 4401 a
1072 4347 1242 4402 Paulo
1287 4354 1416 4401 sunt
1458 4346 1684 4411 eruditi,
1715 4346 1807 4416 qui
1854 4346 1921 4399 ad
1962 4346 2241 4400 Christum
2284 4359 2341 4402 ct

776 4438 1079 4494 Ecclesiam
1134 4438 1349 4493 reducit
1394 4438 1576 4492 omnia
1632 4454 1753 4507 qua:
1803 4447 1934 4492 sunt
1982 4438 2036 4491 in
2090 4439 2241 4507 lege,
2285 4448 2342 4492 et

2407 603 2573 669 (sicut
2604 598 2794 668 Adam)
2826 598 2893 653 de
2922 597 3141 653 Christo
3174 607 3430 667 tanquam
3466 597 3731 667 propheta
3767 592 3965 664 pnedi-

2406 709 2572 757 cens;
2601 689 2756 755 Seth,
2787 692 2908 761 ejus
2938 689 3226 759 imaginem
3259 688 3353 757 qui
3386 687 3452 741 ad
3478 686 3767 755 imaginem
3793 685 3967 738 factus

2408 795 2547 848 erat,
2600 799 2899 847 renovans;
2932 783 3101 847 Enos,
3130 781 3223 852 qui
3270 782 3437 850 ccepit
3486 782 3739 834 invocare
3772 792 3967 830 nomen

2409 878 2660 941 Domini;
2696 876 2904 939 I‘lnoeh,
2934 875 3028 943 qui
3063 875 3275 943 primus
3306 885 3558 941 tanquam
3602 871 3712 923 ilco
3752 869 3970 937 placens

2410 969 2563 1039 prius
2599 968 2889 1035 descripsit
2930 982 2994 1020 ac
3036 965 3288 1035 figuravit
3328 962 3823 1021 resurrectionem,
3872 959 3939 1011 im

2412 1061 2656 1113 mortalis
2704 1058 2933 1111 ell'ectus
2980 1067 3035 1111 ct
3077 1073 3107 1110 a
3153 1055 3265 1108 Deo
3314 1053 3640 1127 translatus;
3674 1050 3970 1104 ilathusala

2413 1151 2597 1204 Enoch
2633 1150 2806 1211 filius;
2843 1147 3077 1201 Lamech
3108 1147 3228 1214 ejus
3258 1159 3465 1212 nepos,
3498 1144 3590 1211 qui
3634 1142 3826 1211 genuit
3864 1140 3970 1193 Noe

2410 1239 2612 1295 Christi
2654 1242 2903 1308 ligurem,
2941 1246 2995 1289 et
3036 1237 3176 1289 dixit
3217 1254 3229 1287 :
3268 1234 3372 1289 Isle
3411 1252 3501 1286 nos
3542 1236 3692 1303 faciet
3716 1234 3973 1303 quiescere

2414 1335 2477 1387 ab
2507 1335 2744 1402 operibus
2774 1342 2821 1385 et
2852 1330 3205 1400 afﬂictionibus
3238 1329 3447 1389 nostris,
3475 1338 3522 1379 et
3562 1346 3591 1379 υ
3633 1337 3774 1377 terra
3820 1342 3972 1394 quam

2415 1433 2709 1478 exsecratus
2753 1433 2825 1475 est
2877 1422 3123 1473 ltonn'nus
3170 1419 3381 1483 Deus‘;
3418 1418 3555 1479 Nec,
3588 1434 3750 1484 quem
3799 1416 3972 1468 virum

2414 1533 2535 1572 esse
2563 1516 2863 1585 perfectum
2893 1522 2949 1567 et
2972 1515 3180 1582 justum
3209 1519 3440 1564 testatus
3464 1518 3548 1563 est
3574 1509 3860 1567 Dominus,
3887 1508 3975 1575 qui

2416 1612 2579 1665 etiam
2606 1624 2731 1662 eum
2765 1606 3019 1676 placavit,
3050 1621 3118 1659 ne
3144 1613 3314 1658 totum
3334 1604 3495 1657 simul
3531 1602 3781 1655 interiret
3809 1617 3978 1670 genus

2418 1704 2741 1755 humanum.
2769 1699 2837 1754 Ut
2865 1699 3028 1752 etiam
3062 1697 3193 1752 fecit
3219 1696 3503 1756 Dominus,
3531 1705 3787 1762 tanquam
3820 1693 3979 1745 homo

2420 1795 2636 1850 Patrem
2669 1790 3031 1847 reconcilians
3055 1804 3157 1858 pro
3182 1787 3517 1841 hominibus.

2487 1885 2737 1951 Quandiu
2766 1884 2985 1953 quidem
3015 1882 3148 1935 tales
3174 1880 3365 1933 habuit
3393 1879 3532 1931 filios
3557 1885 3611 1930 et
3634 1876 3847 1929 fruetus
3866 1887 3981 1941 qua:

2420 1980 2622 2033 dieitur
2638 1976 2825 2031 Adami
2854 1975 3089 2027 humana
3111 1972 3375 2031 Ecclesia,
3395 1971 3710 2038 priusquam
3729 1973 3982 2032 corrupta

2421 2085 2564 2129 esset
2601 2084 2740 2126 terra
2763 2070 2830 2123 ab
2856 2064 3429 2128 idololatria,iibidine
3464 2079 3526 2116 ac
3563 2061 3797 2122 luxuria,
3823 2068 3880 2113 et
3906 2060 3984 2111 iu-

2422 2182 2547 2220 rore
2579 2166 2632 2218 in
2683 2163 2912 2217 feminas
2941 2178 2953 2211 :
2997 2174 3189 2212 revera
3234 2172 3357 2211 eum
3390 2156 3509 2208 viro
3544 2170 3642 2208 suo
3689 2161 3811 2206 erat
3845 2150 3983 2203 nuda

2422 2258 2533 2312 Deo
2559 2275 2571 2309 :
2604 2270 2781 2323 neque
2810 2252 2970 2306 ambo
3000 2248 3419 2309 erubescebant,
3448 2246 3541 2299 sed
3574 2245 3743 2297 libere
3768 2258 3833 2296 ac
3862 2258 3984 2294 con-

2424 2349 2655 2411 iidenter
2687 2346 2741 2399 in
2776 2345 2947 2397 Deum
2974 2349 3094 2395 erat
3124 2338 3338 2401 allecta,
3376 2346 3435 2391 ut
3472 2352 3593 2405 quae
3624 2343 3848 2404 peccato
3880 2347 3984 2385 non

2423 2448 2569 2494 esset
2602 2436 2857 2491 obnoxia.
2894 2434 2967 2487 Ea
3000 2446 3131 2501 ergo
3159 2430 3239 2484 sic
3270 2430 3461 2484 affecta
3505 2437 3560 2482 et
3602 2428 3819 2481 lwtante
3865 2438 3985 2477 eum

2425 2533 2544 2586 viro
2578 2546 2698 2591 suo,
2734 2526 3085 2582 a3mulatione
3130 2530 3310 2577 motus
3355 2521 3419 2574 ad
3452 2535 3570 2573 eam
3615 2518 3849 2572 accessit
3878 2532 3988 2570 ser-

2426 2639 2580 2693 pens.
2615 2621 2935 2689 Serpentem
2969 2625 3153 2669 autem
3203 2613 3459 2676 audiens,
3510 2627 3607 2680 per
3649 2610 3986 2677 corporalem

2427 2722 2768 2783 serpentem,
2825 2707 3065 2776 intelligo
3112 2705 3406 2758 draconem
3456 2701 3609 2755 illtttn
3651 2699 3987 2751 desertorem

2426 2820 2588 2875 quem
2633 2804 2777 2856 licus
2815 2800 2958 2868 apud
2991 2797 3187 2853 Jobum
3233 2795 3366 2848 dans
3399 2807 3659 2861 responsa
3702 2790 3781 2843 sic
3814 2787 3987 2841 nomi-

2428 2897 2596 2951 navit.
2631 2896 2736 2948 lste
2776 2900 2859 2946 est
2906 2890 3053 2945 enim
3083 2888 3176 2957 qui
3223 2885 3440 2954 decepit
3481 2881 3805 2937 Ecclesium.
3850 2877 3989 2933 Dixit

2428 2992 2575 3046 enim
2605 3002 2831 3056 Serpens
2860 2983 3077 3037 mulieri
3103 2981 3328 3033 omnino
3348 2995 3456 3033 non
3484 2977 3645 3038 bona,
3672 2989 3868 3042 nempe
3895 2972 3978 3025 lic-

2430 3084 2631 3139 clesi:e.
2660 3081 2716 3134 Si
2750 3089 2931 3134 autem
2967 3075 3032 3130 ad
3080 3074 3315 3128 litteram
3348 3072 3525 3126 solum
3569 3069 3725 3123 audis
3752 3082 3876 3136 qua:
3908 3064 3991 3118 di-

2034 3178 2046 3212 ³
2092 3158 2185 3212 δοιι
2233 3175 2329 3227 [κη’
2356 3177 2398 3234 C
2433 3184 2633 3230 cuntur
2667 3175 2736 3227 de
2770 3180 3022 3239 serpente
3054 3176 3111 3221 et
3143 3165 3390 3228 muliere,
3419 3162 3707 3233 oportebat
3738 3169 3992 3227 utrosque

2437 3269 2598 3323 simul
2630 3265 2869 3335 aggredi,
2917 3273 2971 3316 et
3000 3262 3174 3316 multo
3213 3258 3384 3329 magis
3409 3257 3607 3310 virum.
3653 3253 3708 3306 Si
3741 3250 3991 3320 spiritua-

2438 3359 2564 3414 litcr
2591 3367 2771 3411 autem
2816 3357 2991 3408 solum
3025 3351 3315 3419 intelligas,
3352 3363 3458 3401 non
3500 3342 3790 3414 oportebat
3822 3339 3992 3393 solum

2436 3449 2724 3517 attingere,
2783 3459 2976 3513 nempe
3020 3441 3319 3495 Christum.
3365 3438 3536 3491 Adam
3577 3435 3717 3485 enim
3760 3447 3865 3483 non
3904 3428 3994 3497 {ait

2437 3545 2704 3609 deceptus,
2742 3545 2801 3589 ut
2846 3535 2939 3604 qui
2973 3543 3118 3586 esset
3148 3540 3307 3600 typus
3342 3524 3567 3587 Christi,
3609 3521 3797 3575 mulier
3826 3528 3994 3572 autem

2439 3632 2535 3700 fuit
2564 3604 2787 3697 decepta
2822 3626 2864 3689 ⁸,
2907 3637 3100 3690 nempe
3151 3618 3431 3673 hominum
3474 3622 3691 3671 natura,
3736 3604 3995 3661 Ecclesia.

2439 3723 2534 3777 Est
2569 3729 2751 3774 autem
2781 3713 3151 3770 adnotandum
3179 3708 3322 3779 quod
3360 3706 3646 3761 mulierem
3675 3707 3997 3767 separatam,

2438 3822 2492 3867 et
2516 3828 2546 3865 a
2573 3812 2693 3864 viro
2723 3824 2824 3862 suo
2854 3808 3072 3876 (nempe
3105 3798 3235 3868 Deo)
3266 3796 3455 3867 procul
3492 3799 3755 3846 remotam
3784 3786 3997 3845 invasit,

2440 3914 2496 3957 et
2535 3900 2753 3968 decepit
2788 3912 2906 3951 eam
2952 3907 3177 3961 serpens
3208 3908 3219 3942 :
3252 3901 3355 3941 nec
3395 3900 3515 3938 eam
3550 3880 3726 3950 potuit
3749 3876 3999 3944 decipere

2439 3993 2679 4066 quamliu
2712 3990 2848 4043 vidit
2872 4003 2991 4041 eam
3020 4001 3048 4039 a
3074 3984 3195 4036 viro
3232 3993 3333 4034 suo
3359 3992 3469 4031 non
3493 3980 3823 4043 separatam.
3852 3967 4000 4066 lllipe

2439 4057 2622 4143 autem
2658 4084 2787 4138 licet
2824 4087 3011 4148 aperte
3055 4075 3267 4129 discere
3319 4067 3466 4139 quod
3517 4065 3584 4119 ad
3625 4062 3829 4118 Christi
3872 4057 3999 4148 refe-

2442 4187 2639 4232 runtur
2666 4147 2965 4229 Eeelesiam
3003 4178 3345 4237 quaecunque
3382 4166 3511 4214 sunt
3543 4156 3708 4225 hujus
3738 4147 4005 4211 mulieris,

2440 4271 2560 4325 Non
2608 4264 2913 4320 invenimus
2955 4258 3100 4313 enim
3155 4254 3380 4309 omnino
3415 4249 3680 4305 Adamum
3731 4258 3859 4297 eum
3897 4254 4000 4293 ser-

2441 4370 2603 4432 pente
2632 4372 2753 4411 esse
2786 4354 3138 4409 collocutum.
3173 4345 3327 4401 Unde
3369 4341 3534 4396 etiam
3578 4354 3609 4392 a
3646 4337 3761 4390 Deo
3795 4340 4007 4432 rogatps

2442 4421 2542 4507 cur
2572 4445 2895 4504 comederit,
2918 4457 3027 4495 non
3062 4438 3197 4493 dicit
3223 4454 3235 4489 :
3264 4434 3489 4503 Serpens
3519 4446 3600 4483 me
3628 4427 3852 4495 decepit,
3879 4421 4002 4477 sed.

775 4531 1009 4586 maxime
1034 4546 1156 4600 qua:
1185 4531 1385 4599 scripta
1412 4541 1534 4585 sunt
1561 4530 1629 4584 de
1654 4530 1862 4584 Adamo
1885 4538 1941 4584 et
1966 4531 2097 4593 Eva,
2124 4547 2343 4600 compa-
2371 4512 2416 4567 Ῐ)

2371 4512 2416 4567 θ
2445 4542 2636 4597 Mulier
2658 4538 2782 4591 mihi
2803 4535 2964 4596 dedit,
2989 4541 3037 4584 et
3058 4528 3275 4583 comedi.
3296 4525 3488 4579 Mulier
3510 4528 3691 4575 autem
3714 4517 3852 4570 dicit
3871 4515 4004 4567 Deo:

779 4636 899 4675 rent
923 4620 1227 4690 spiritualia
1256 4636 1378 4675 cum
1406 4621 1817 4689 spiritualibus;
1844 4623 1928 4675 lex
1953 4622 2099 4674 enim
2124 4631 2211 4676 est
2233 4623 2343 4691 spi-

778 4713 995 4768 ritualis
1013 4713 1052 4767 ³.
1080 4714 1433 4782 l’crspieuum
1477 4725 1563 4767 est
1603 4724 1784 4768 autem
1827 4715 1974 4783 quod
2016 4714 2179 4769 etiam
2223 4732 2343 4784 qua:

779 4814 907 4858 sunt
943 4804 998 4859 in
1038 4805 1186 4874 lege,
1228 4807 1407 4860 omnia
1454 4807 1607 4876 prius
1639 4816 1769 4861 sunt
1798 4806 2071 4875 descripta
2105 4823 2168 4861 ac
2206 4824 2341 4877 prie-

780 4896 1011 4966 tigurata
1065 4896 1133 4951 de
1189 4896 1429 4953 Christo.
1477 4899 1618 4968 Ergo
1656 4908 1712 4953 ct
1740 4900 2046 4969 paradisus,
2079 4912 2136 4954 et
2175 4901 2340 4970 ligna,

782 4999 839 5043 et
868 4990 1097 5053 fructtts,
1125 5000 1182 5045 et
1211 4990 1474 5053 Adamus,
1509 5001 1565 5045 et
1598 4992 1817 5055 mulier,
1840 5003 1895 5047 et
1915 4994 1983 5046 ad
2007 5009 2126 5047 eam
2157 5008 2344 5049 acces-

783 5096 897 5143 sus,
924 5089 979 5134 et
1013 5082 1081 5136 de
1122 5083 1237 5151 ipsa
1278 5082 1528 5147 victoria,
1556 5095 1612 5138 et
1646 5099 1892 5152 serpens,
1920 5094 1976 5138 et
2016 5086 2191 5147 cibus,
2224 5096 2347 5156 post

785 5173 1069 5225 historiam
1098 5188 1219 5241 qua!
1246 5182 1331 5228 est
1357 5174 1423 5227 ad
1454 5175 1713 5237 litteram,
1741 5176 1808 5230 de
1836 5176 2055 5230 Christo
2080 5188 2136 5232 et
2162 5180 2347 5233 Eccle-

785 5263 865 5317 sia
898 5264 1239 5334 pricligurata
1267 5265 1573 5320 fueruntet
1600 5267 1921 5322 adumbrata
1956 5270 2009 5322 in
2039 5269 2343 5339 Scriptura.

786 5354 921 5408 Nam
951 5356 1192 5410 humana
1217 5357 1439 5426 quidem
1469 5358 1764 5427 aliquando
1787 5371 1983 5415 natura
2010 5371 2131 5415 erat
2153 5364 2223 5416 ab
2251 5364 2353 5418 ini-

788 5447 868 5499 tio
887 5448 1055 5502 veluti
1080 5448 1177 5502 Dei
1198 5449 1354 5518 911
1379 5452 1601 5521 conjux,
1618 5468 1743 5506 eum
1768 5469 2069 5523 agnoscens
2089 5466 2147 5510 et
2167 5456 2354 5511 colens

786 5546 845 5593 et
880 5539 953 5593 ab
992 5556 1060 5594 eo
1101 5541 1503 5611 inseparabilis,
1543 5554 1799 5614 tanquatn
1844 5547 1954 5601 Eva
1991 5562 2113 5616 qua:
2151 5549 2354 5603 dicitur

790 5629 987 5684 mulier
1008 5639 1065 5683 ct
1090 5646 1226 5685 uxor
1253 5633 1598 5701 protoplasti,
1624 5634 1796 5689 Deum
1830 5635 2109 5691 individuo
2140 5638 2353 5693 deside-

862 5811 1056 5865 llliam.
1090 5828 1173 5872 in,
1207 5813 1282 5867 li.
1369 5812 1520 5865 'tien
1573 5830 1617 5874 κ,
1650 5814 1730 5867 ζῖδ.
1813 5816 1827 5839 ‘
1865 5813 1880 5870 Ι
1918 5816 2033 5869 lim
2096 5834 2150 5879 it,
2200 5817 2276 5871 ii.

2447 4628 2674 4696 Serpens
2705 4639 2786 4677 mc
2814 4620 3028 4689 decepit,
3061 4627 3109 4670 et
3143 4615 3360 4668 comedi.
3398 4613 3609 4665 Rursus
3633 4616 3820 4661 autem
3852 4605 3906 4657 in
3927 4617 4011 4657 ex-

2448 4718 2750 4775 secratione
2787 4710 3076 4781 serpentis,
3104 4709 3171 4762 de
3213 4704 3437 4760 homine
3474 4718 3600 4756 eum
3647 4699 3789 4753 nihil
3832 4696 4004 4752 crimi-

2448 4819 2610 4864 natur
2634 4808 2797 4867 Deus,
2832 4802 2926 4856 sed
2970 4801 3037 4854 de
3070 4798 3320 4852 muliere.
3351 4795 3419 4848 Et
3463 4792 3589 4846 ideo
3630 4788 3766 4843 dicit
3792 4788 3844 4841 ei
3873 4805 3886 4839 :
3913 4785 4002 4839 Po-

2451 4919 2577 4956 nant
2607 4897 2909 4953 inimicitias
2952 4895 3089 4947 inter
3133 4902 3182 4944 te
3228 4897 3276 4941 et
3319 4886 3613 4941 mulierem.
3653 4881 3723 4936 Et.
3764 4896 3870 4934 eur
3911 4892 4010 4931 non

2448 4995 2612 5050 etiam
2643 4992 2787 5045 inter
2815 4989 2995 5042 virum
3029 4985 3207 5038 ?Nam
3234 4979 3380 5051 quod
3408 4978 3606 5033 attinet
3646 4975 3714 5029 ad
3753 4974 4010 5031 litteram,

2451 5087 2656 5141 amicos
2691 5097 2813 5136 esse
2852 5079 2970 5131 vult
3009 5077 3185 5129 virum
3211 5084 3267 5125 et
3297 5078 3630 5139 serpentem,
3657 5066 3853 5119 dicens
3880 5081 3893 5116 :
3920 5061 4014 5115 Po-

2452 5194 2576 5230 nant
2603 5172 2905 5227 inimicitias
2936 5170 3073 5221 inter
3098 5176 3147 5218 te
3188 5174 3236 5217 et
3266 5162 3556 5222 mulierem,
3585 5168 3929 5225 quaecunque
3955 5165 4009 5205 ea

2453 5272 2542 5329 sit,
2573 5268 2666 5321 sed
2707 5281 2814 5318 non
2861 5264 3004 5315 inter
3033 5260 3180 5312 viros
3210 5274 3221 5309 :
3254 5266 3311 5309 ut
3340 5254 3561 5323 quando
3591 5252 3770 5321 ipsum
3800 5258 4009 5318 quoque

2449 5362 2727 5416 Christum
2758 5356 2893 5410 dicit
2920 5371 2983 5406 ex
3011 5353 3207 5405 semine
3236 5348 3405 5402 David
3428 5348 3711 5400 scentulum
3738 5357 3953 5397 carnem
3974 5339 4010 5401 ⁸.

2450 5462 2505 5505 et
2552 5449 2695 5519 quod
2729 5464 2903 5501 semen
2944 5445 3165 5498 Mira/ia!
3212 5440 3550 5511 apprehendit
3579 5438 3623 5499 ",
3648 5433 3869 5490 etiamsi
3911 5446 4010 5486 non

2450 5553 2597 5598 esset
2618 5559 2681 5596 ex
2710 5541 2916 5595 semine
2939 5538 3066 5601 viri,
3096 5535 3189 5589 sed
3221 5550 3285 5588 ex
3315 5547 3481 5587 carne
3506 5530 3761 5584 mulieris
3788 5529 3869 5598 (et
3886 5525 4012 5592 sola)

2450 5652 2670 5690 carnem
2720 5630 3052 5701 suscepisset
3102 5626 3453 5682 ineilabiliter
3494 5633 3547 5678 et
3600 5619 4001 5691 incomprchcn

2361 5817 2375 5836 ‘
2418 5816 2551 5870 Rom
2609 5829 2644 5871 t.
2674 5812 2725 5866 ὖ.
2808 5811 2823 5839 τ
2860 5807 3026 5864 llcbr.
3058 5824 3115 5871 n,
3156 5808 3236 5863 lt}.
