4186 6442
199 381 343 448 1017

1328 392 1406 451 IN
1447 393 1989 453 lIEX.~\E.\1ERON.
2026 421 2089 429 —
2125 398 2267 457 LIB.
2310 402 2382 460 Χ.

3296 404 3431 469 1018

194 492 454 545 sibiliter.
484 492 696 546 Etenim
723 508 947 547 somnus
977 496 1066 549 ille
1105 494 1295 549 Adami
1324 506 1379 549 et
1404 496 1633 550 exstas-is
1663 512 1756 549 seu
1793 500 1841 556 Α
1872 499 2043 554 tulum
2086 503 2281 567 leonis,
2320 521 2416 559 nos
2442 506 2646 561 docens
2670 519 2723 563 et
2760 509 2959 563 tribum
2984 517 3039 565 et
3063 510 3244 565 locum
3286 515 3429 569 unde

192 598 459 636 excessus
483 583 748 653 ejusmodi
778 593 834 637 ut
864 584 997 638 nihil
1020 584 1229 640 videret
1261 586 1313 638 in
1348 585 1591 655 ﬁngemla
1615 594 1763 640 costa

191 689 263 726 ex
308 688 379 727 eo
423 684 660 743 sumpta,
712 676 864 743 prius
897 675 1036 730 forte
1068 675 1413 730 describebat
1454 678 1631 730 omnis
1658 676 1761 729 viri

193 763 620 833 ignorationem,
656 774 709 819 et
742 782 771 820 a
814 767 927 820 Deo
964 766 1143 821 Verbo
1183 775 1445 837 suscepta:
1476 766 1657 821 carnis
1683 767 1763 819 in-

191 860 876 927 comprehensibilitatem.

264 950 335 1005 Et
372 953 504 1005 dixit
548 968 772 1022 serpens
818 953 1053 1007 mulieri.
1106 953 1361 1007 Protinus
1408 951 1758 1021 quaerendum

189 1050 278 1095 est
308 1043 362 1095 in
393 1042 508 1111 ipsa
531 1042 682 1096 arida
711 1044 971 1102 dictione.
1000 1059 1234 1112 quanam
1261 1044 1328 1096 de
1355 1058 1536 1105 causa,
1564 1052 1762 1112 przeter

188 1133 377 1186 omnia
424 1134 720 1188 animantia
762 1144 816 1188 et
858 1135 1128 1198 volucres,
1176 1144 1483 1202 serpentem
1529 1133 1763 1203 appellat

187 1226 595 1289 adversarium,
659 1236 712 1281 et
769 1226 1026 1281 Ecclesia:
1074 1226 1485 1279 insidiatorem“?
1536 1225 1603 1279 Et
1651 1223 1757 1278 dici

186 1327 377 1387 potest
418 1318 566 1386 quod
612 1319 797 1373 multa:
840 1318 1111 1387 serpentis
1158 1317 1521 1387 proprietates
1551 1316 1762 1370 assimi-

185 1408 381 1462 lantur
421 1409 624 1464 diaboli
658 1410 1171 1463 machinationibus.
1206 1409 1271 1463 Et
1312 1409 1544 1478 primunt
1595 1408 1760 1461 totius

183 1502 310 1571 ejus
353 1502 601 1571 corporis
632 1501 865 1573 dejectio
896 1502 949 1555 in
986 1509 1203 1555 terram.
1240 1499 1428 1554 Omnis
1470 1500 1615 1553 enim
1660 1515 1758 1552 na-

186 1603 311 1649 tura
334 1595 702 1648 animatorum
727 1602 782 1648 et
806 1593 1173 1647 inanimorum
1198 1592 1359 1644 habet
1384 1588 1587 1657 aliquid
1612 1588 1758 1656 quod

184 1701 413 1739 sursum
461 1685 658 1751 fertur,
694 1684 761 1740 ad
806 1700 1038 1754 superna
1069 1693 1274 1737 motum
1321 1681 1528 1734 habens
1557 1688 1611 1733 et
1658 1693 1758 1731 au—

182 1787 497 1847 gmentum,
535 1785 731 1847 przeter
773 1777 949 1829 solum
983 1782 1313 1845 serpentem.
1351 1772 1483 1826 Nam
1522 1771 1757 1841 idipsum

182 1869 334 1938 quod
384 1885 552 1939 super
585 1878 782 1923 terram
817 1867 1083 1938 graditur,
1129 1865 1369 1921 ostendit
1408 1864 1553 1935 quod
1601 1878 1754 1916 suam

183 1961 565 2031 prudentiam,
617 1968 674 2016 et
729 1976 823 2015 cor
848 1974 1006 2014 suum
1048 1974 1149 2012 sua
1207 1968 1397 2027 sponte
1449 1955 1752 2017 conculcat,

183 2055 322 2108 nihil
356 2054 581 2123 penitus
609 2053 884 2107 excelsum
925 2060 981 2105 et
1013 2052 1229 2105 cmleste
1272 2051 1512 2103 sentiens
1537 2054 1631 2099 aut
1665 2062 1755 2099 Co-

180 2136 385 2215 gitans.
415 2145 781 2213 Quamobrem
808 2160 947 2214 szepe
983 2160 1133 2198 suam
1167 2142 1317 2197 exuit
1344 2140 1570 2194 formam
1614 2140 1756 2194 sicut

182 2253 416 2308 serpens
464 2237 617 2292 exuit
658 2236 1065 2305 transformatus
1117 2234 1169 2286 in
1220 2231 1463 2302 angelum
1539 2230 1664 2284 lucis
1709 2230 1752 2295 ⁸,

184 2337 452 2397 tauquam
496 2333 717 2380 mutans
762 2340 791 2378 a
836 2323 1013 2395 prisca
1052 2320 1364 2392 prudentia.
1412 2320 1547 2375 llinc
1587 2321 1753 2374 etiam

183 2431 467 2472 venenum
507 2416 825 2471 lethil'erum
858 2431 956 2485 per
993 2430 1056 2468 os
1095 2421 1150 2467 et
1181 2412 1359 2466 inania
1394 2412 1621 2466 consilia
1655 2412 1756 2463 im-

183 2509 356 2563 mittit
392 2509 453 2563 in
498 2509 757 2573 animam,
804 2516 860 2561 et
903 2507 1028 2561 vita:
1087 2515 1455 2560 extremorum
1500 2506 1757 2559 observat

182 2600 530 2663 calcaneum,
568 2607 623 2651 et
662 2599 729 2652 ad
763 2597 1129 2652 insidiandum
1158 2598 1210 2651 in
1241 2597 1448 2651 semitis
1472 2596 1751 2650 hominum

182 2706 405 2761 semper
436 2690 637 2745 insidet
668 2699 727 2744 ut
760 2690 1019 2759 impediat
1055 2698 1275 2744 nostros
1302 2688 1366 2742 ad
1403 2689 1571 2742 Demn
1601 2703 1753 2757 gres-

182 2799 292 2839 sus.
336 2784 409 2837 Et
453 2783 578 2837 ideo
610 2782 792 2837 ell'ecit
836 2782 980 2836 Deus
1022 2791 1083 2835 ut
1115 2788 1407 2835 venaretur
1432 2789 1487 2833 et
1516 2778 1751 2849 perime-

183 2885 343 2931 retur
368 2874 679 2945 sapientum
714 2873 1171 2927 incantationibus
1195 2882 1249 2927 et
1279 2871 1552 2941 precibus.
1583 2870 1752 2924 Porro

182 2978 371 3023 autem
406 2967 554 3038 quod
609 2967 830 3021 sibilant
874 2976 928 3020 et
968 2975 1198 3020 evocant
1242 2980 1361 3035 qua:
1412 2964 1466 3017 in
1514 2980 1650 3032 aqua
1696 2972 1753 3016 et

181 3061 382 3130 spiritu
432 3060 729 3130 gignuntur
761 3057 1076 3120 animantia,
1127 3056 1381 3109 habentia
1427 3055 1653 3108 formam
1696 3062 1752 3108 et.

184 3148 419 3218 ﬁguram
450 3147 738 3218 serpentis,
763 3146 831 3200 ad
862 3146 1299 3217 conjunctionem
1326 3154 1379 3199 et
1408 3146 1473 3199 ad
1504 3145 1708 3199 coitum
1733 3161 1749 3198 :

179 3240 482 3295 admodum
523 3239 768 3308 apposite
796 3238 903 3292 dici
934 3246 1114 3307 potest
1141 3236 1207 3291 de
1231 3236 1464 3307 maligno
1492 3236 1748 3290 dracone.

180 3331 298 3385 Non
324 3339 512 3401 potest
548 3330 695 3385 enim
724 3345 820 3384 eos
848 3345 949 3383 suo
986 3338 1105 3383 satu
1141 3328 1431 3398 impertiri,
1466 3328 1638 3383 donec
1668 3328 1752 3397 ip-

179 3436 269 3475 sos
287 3421 360 3475 ab
386 3436 529 3490 aqua
557 3428 611 3475 et
640 3420 835 3490 Spiritu
859 3428 1135 3489 separatos
1157 3419 1211 3472 in
1236 3418 1442 3472 aridam
1479 3418 1748 3481 eduxerit,

178 3530 287 3567 non
315 3512 508 3567 valens
541 3511 655 3580 ipse
684 3511 920 3581 seipsum
959 3526 1099 3581 aqua
1122 3518 1178 3565 et
1204 3510 1401 3579 spiritu
1432 3509 1657 3579 tingere,
1693 3517 1752 3563 nt

180 3603 272 3673 qui
308 3602 382 3657 sit
410 3601 667 3655 inimicus
690 3601 835 3655 etab
856 3600 937 3656 eis
963 3601 1194 3654 alienus.
1228 3599 1286 3653 In
1318 3598 1541 3653 hortum
1568 3607 1749 3652 autem

179 3709 275 3749 seu
308 3693 641 3764 pomarium,
672 3692 825 3757 dicit,
856 3702 1121 3762 quantum
1156 3692 1274 3761 capi
1306 3699 1505 3761 potest,
1542 3691 1749 3760 ingres—

180 3802 302 3839 sum
338 3801 465 3840 esse
508 3784 787 3838 inimicum
818 3784 1147 3837 bellaturum
1176 3782 1436 3835 adversus
1462 3781 1746 3834 mulierem

178 3893 300 3947 qum
341 3876 570 3939 dicitur,
602 3876 753 3945 prius
798 3875 1135 3945 signiﬁcante
1170 3874 1448 3942 Scriptura
1504 3871 1647 3941 quod
1692 3872 1745 3926 in

178 3967 421 4022 hominis
450 3966 668 4019 hortum
696 3980 789 4019 seu
817 3965 1124 4035 pomarium
1159 3964 1213 4017 in
1243 3963 1450 4017 ultimis
1486 3962 1745 4032 tempori-

180 4057 283 4112 bus
332 4055 654 4127 ingrediens
699 4055 814 4125 ipsc
860 4057 1025 4110 draco
1072 4063 1316 4125 apostata
1363 4070 1458 4109 seu
1506 4055 1747 4108 delector

179 4160 444 4219 tanquam
461 4146 834 4203 Antichristus
856 4156 911 4201 et
932 4146 1136 4201 Christi
1158 4146 1523 4209 adversarius,
1544 4162 1640 4215 per
1669 4145 1747 4199 ci-

182 4242 313 4295 bum
352 4255 551 4294 rursus
578 4240 814 4309 deeipiet
838 4239 1136 4293 Ecclesiam
1164 4238 1230 4291 ad
1263 4238 1366 4292 hoc
1400 4250 1459 4293 ut
1487 4239 1660 4308 ipsum
1690 4246 1746 4292 et

182 4347 288 4385 non
338 4330 517 4384 Deum
557 4328 748 4383 adoret
778 4336 1034 4396 tanquam
1080 4328 1270 4383 Deum.
1320 4327 1475 4395 Quod
1524 4328 1743 4398 quidem

178 4420 305 4473 fecit
330 4418 501 4473 etiam
534 4417 589 4471 in
615 4417 745 4481 Eva,
770 4427 829 4469 ut
854 4416 1110 4470 dixerunt
1133 4417 1223 4486 qui
1250 4417 1304 4471 in
1336 4417 1403 4471 iis
1433 4418 1596 4472 rebus
1616 4427 1745 4472 sunt

179 4508 490 4564 exercitati.
512 4506 689 4573 Quod,
716 4507 992 4576 inquiunt,
1020 4519 1144 4561 ante
1174 4508 1354 4561 omnia
1380 4510 1616 4562 comedit
1644 4510 1745 4563 Ec-

181 4601 367 4664 clesia,
400 4599 457 4653 in
484 4613 554 4653 eo
581 4608 706 4651 ante
729 4598 911 4650 omnia
938 4598 1182 4667 peccavit
1211 4598 1453 4652 Ecclesia
1485 4600 1572 4653 cui
1597 4599 1745 4653 dice-

182 4692 341 4747 batur
398 4690 470 4744 de
522 4699 773 4758 serpente
819 4705 833 4742 :
882 4688 1002 4757 Ipse
1068 4688 1383 4743 observabit
1432 4692 1745 4745 calcaneum

182 4794 357 4847 tuum,
392 4789 453 4835 et
484 4789 541 4834 tu
594 4781 915 4835 observabis
964 4780 1084 4850 ejus
1135 4790 1315 4851 caput.
1366 4781 1520 4847 Quod
1564 4791 1745 4836 autem

180 4874 424 4931 calcanei
463 4873 783 4928 observator
811 4882 867 4927 et
908 4873 1151 4927 calcanci
1185 4884 1502 4942 persecutor
1533 4876 1603 4928 sit
1633 4876 1747 4929 An-

183 4967 494 5030 tichristus,
529 4966 645 5035 ipse
685 4981 787 5020 nos
817 4964 977 5019 docet
1001 4964 1177 5019 Moses
1202 4966 1257 5019 in
1288 4966 1392 5020 hoc
1420 4967 1539 5021 loco
1568 4965 1749 5022 Gene-

185 5057 276 5123 sis,
306 5057 551 5111 Leonem
579 5058 859 5124 appellans
879 5056 1157 5111 Christum
1192 5058 1245 5111 in
1274 5058 1747 5113 benedictionibus

182 5147 390 5201 Jacobi.
409 5144 600 5201 Catule
618 5146 798 5199 Lemu’s
813 5147 975 5207 Iuda,
993 5163 1055 5201 ea:
1070 5150 1330 5218 germine,
1356 5147 1436 5215 ﬁli
1453 5150 1545 5212 mi,
1566 5166 1745 5202 ascen-

185 5238 303 5290 disti
331 5236 376 5300 ’,
414 5243 471 5289 et
500 5251 622 5303 qua
660 5235 919 5305 deinceps
950 5245 1275 5306 sequuntur.
1312 5237 1371 5291 ln
1406 5238 1745 5292 Deuterono-

186 5328 292 5381 mio
324 5334 511 5381 autem
548 5326 611 5390 '°,
646 5326 699 5379 in
740 5326 1216 5381 benedictionibus
1244 5327 1406 5382 Mosis
1439 5344 1576 5397 quas
1608 5346 1743 5398 prze-

187 5418 321 5473 dixit
342 5419 631 5473 duodecim
661 5418 934 5483 tribubus,
969 5428 1223 5488 tanquam
1250 5420 1451 5473 Christi
1486 5420 1741 5474 adversa-

190 5512 329 5564 rium
362 5510 716 5564 introduccns
749 5510 1141 5564 Antichristum
1173 5511 1489 5580 pr0phetice
1524 5512 1742 5565 divinus

190 5600 383 5667 Moses,
413 5602 667 5657 similiter
690 5602 853 5657 etiam
883 5603 1058 5673 ipsum
1080 5601 1357 5657 Christum
1388 5604 1622 5673 appellat
1652 5623 1739 5659 ca-

257 5777 278 5802 "
309 5778 349 5833 ll
382 5780 504 5833 Cur.
542 5796 611 5840 xl,
652 5780 728 5833 ll.
805 5781 819 5808 -'
854 5781 989 5835 (ica.
1034 5799 1175 5843 attx.
1210 5784 1259 5837 9.

1342 5787 1381 5816 "’
1431 5788 1579 5846 Deut,
1625 5802 1803 5849 \.\.\|tl,
1848 5788 1863 5838 ι
1902 5801 2050 5852 seqq.

1865 601 2139 647 nascetur.
2186 592 2323 647 Cum
2354 606 2534 649 autem
2570 598 2811 652 venisset
2838 599 2905 652 ad
2940 600 3281 670 prophetiam
3328 604 3427 657 tri-

1862 682 1963 735 bus
2006 683 2139 747 Dan,
2176 684 2311 739 dicit
2340 703 2351 737 :
2380 684 2598 740 Catulus
2643 688 2803 743 leonis
2848 688 2988 754 Dan,
3045 702 3092 745 ct
3132 692 3333 745 exsiliet
3366 710 3429 746 ea:

1860 772 2039 827 Busan
2056 777 2118 829 ".
2135 776 2304 831 Basan
2323 787 2504 832 autem
2521 780 2740 847 quidam
2767 782 2963 836 dicunt
2984 798 3103 836 esse
3126 784 3429 855 Scythopo-

1860 866 1976 929 lim,
2011 883 2132 936 qua:
2159 880 2241 921 est
2276 870 2580 940 propinqua
2613 872 2842 928 Calilzezc
2871 891 2883 927 :
2913 873 3057 927 unde
3084 876 3247 929 etiam
3268 875 3428 931 Chri-

1861 968 1977 1011 stus
1998 960 2265 1028 processit
2298 963 2596 1017 secuudnm
2619 978 2861 1021 carnem.
2888 967 3091 1021 Locum
3123 977 3302 1022 autem
3327 969 3424 1025 tibi

1861 1066 2005 1105 nunc
2033 1052 2273 1106 ostendit
2299 1049 2619 1109 Antichristi
2652 1059 2981 1123 necessario,
3013 1060 3289 1115 undenam
3326 1061 3423 1115 ha-

1860 1141 1985 1197 beat
2032 1145 2237 1197 exitum
2284 1154 2340 1199 et
2383 1157 2589 1201 motum
2619 1166 2631 1201 :
2662 1148 3106 1219 quandoquidem
3150 1162 3277 1207 ante
3310 1154 3427 1223 ejus

1860 1233 2151 1288 adventum
2173 1237 2291 1306 ejus
2313 1236 2566 1307 deeeptio
2590 1242 2792 1295 multos
2816 1242 3065 1297 homines
3088 1244 3427 1312 praeveniens

1858 1323 2095 1393 decepit,
2130 1326 2377 1381 dicentes
2410 1328 2555 1398 quod
2605 1346 2669 1383 ex
2714 1331 2954 1401 quodam
2985 1348 3121 1401 pago
3152 1332 3423 1387 Leuchusi

1858 1427 2115 1470 nascetur
2144 1419 2534 1475 Antichristus.
2566 1420 2664 1474 llic
2694 1433 2873 1477 autem
2902 1423 3005 1477 fuit
3044 1433 3194 1479 astus
3219 1436 3275 1480 et
3306 1442 3423 1480 ma-

1858 1505 2019 1558 china
2048 1506 2269 1571 diaboli,
2299 1518 2359 1561 ut
2387 1509 2634 1563 homines
2676 1510 2823 1563 hunc
2854 1527 2917 1564 ex
2954 1511 3187 1583 1Egypto
3227 1528 3421 1583 exspe-

1857 1605 2067 1649 ctantes
2107 1596 2333 1651 credant
2361 1608 2413 1651 et
2458 1601 2730 1669 excipiant
2776 1601 2927 1655 illum
2957 1605 3048 1671 qui
3078 1604 3324 1659 nascitur
3356 1622 3420 1659 ex

1857 1686 2093 1750 Galihea,
2140 1703 2263 1741 eum
2321 1698 2575 1757 tanquam
2626 1691 2904 1745 Christum
2962 1692 3272 1757 adorantes,
3327 1694 3419 1763 qui

1857 1779 2016 1847 plane
2045 1789 2129 1833 est
2153 1781 2348 1849 planus
2372 1790 2425 1833 et
2450 1780 2841 1836 Antichristus.
2879 1783 3067 1837 Restat
3090 1799 3220 1852 ergo
3243 1792 3302 1837 ut
3323 1801 3423 1838 nos

1858 1885 1921 1923 ex
1954 1869 2141 1923 Jacobi
2190 1886 2407 1939 quoque
2447 1873 2892 1941 przedietiunibus
2936 1885 3302 1937 congruenter
3328 1892 3420 1931 os-

1860 1960 2167 2023 tendamus,
2195 1976 2259 2013 ex
2296 1962 2440 2014 tribu
2475 1962 2587 2015 Dan
2620 1964 2916 2031 procedere
2946 1963 3341 2019 Antichristum
3366 1975 3421 2019 et

1860 2061 2167 2121 serpentem
2221 2053 2560 2108 mordentem
2624 2056 2939 2109 calcaneum
2994 2057 3151 2124 equi,
3202 2056 3297 2127 qui
3350 2056 3421 2111 ita

1860 2144 2162 2213 appellatur
2190 2145 2366 2213 utqui
2394 2160 2539 2198 nune
2582 2146 2636 2200 in
2679 2146 2929 2216 paradiso
2963 2147 3125 2201 nobis
3158 2149 3420 2218 proponi-

1862 2244 1968 2289 tur.
2018 2236 2332 2290 Patriarcha
2372 2238 2519 2289 enim
2569 2252 2692 2290 cum
2748 2237 2968 2291 Christo
3012 2237 3292 2292 disserens
3343 2237 3423 2292 sic

1858 2328 1991 2382 dicit
2036 2328 2105 2383 de
2149 2329 2262 2382 Dan
2299 2347 2310 2381 :
2342 2328 2460 2381 Dan
2497 2329 2758 2398 judicabit
2790 2330 3040 2400 pupulum
3088 2345 3240 2382 suum
3288 2330 3425 2383 sicut

1858 2436 1962 2470 una
1987 2417 2149 2470 tribus
2174 2419 2229 2470 in
2260 2416 2451 2481 Israel,
2477 2426 2524 2469 et
2549 2417 2638 2484 fiet
2670 2418 2783 2471 Dan
2808 2435 3018 2489 serpens
3046 2420 3098 2472 in
3126 2420 3211 2472 via
3238 2420 3422 2483 sedans

1856 2512 1910 2564 in
1953 2511 2142 2563 semita
2187 2509 2426 2563 mordens
2471 2508 2777 2562 calcaneum
2820 2512 2957 2579 equi,
2989 2520 3037 2563 et
3080 2526 3232 2579 eques
3274 2512 3423 2565 cadet

1858 2610 1996 2654 retro
2050 2608 2350 2670 exspectans
2399 2600 2622 2654 salutem
2687 2600 2898 2654 Domini
2948 2602 3011 2654 “.
3063 2600 3202 2656 Ecce
3253 2601 3423 2655 habes

1857 2703 2042 2762 aperte
2072 2702 2380 2760 serpentem
2430 2701 2485 2745 et
2531 2693 2844 2747 calcaneum
2877 2692 3017 2747 sumi
3049 2692 3117 2747 de
3146 2693 3423 2747 Antichri-

1858 2793 1964 2842 sto.
1995 2791 2050 2837 et
2074 2782 2364 2837 ostendere
2411 2782 2511 2835 tibi
2539 2798 2723 2836 casum
2758 2798 2947 2837 eorum
2976 2782 3069 2853 qui
3100 2782 3423 2838 mordentur

1857 2874 1926 2928 ab
1960 2874 2074 2943 ipso
2108 2890 2120 2925 :
2156 2888 2253 2942 per
2282 2888 2445 2942 quem
2500 2872 2705 2941 primos
2742 2887 2961 2941 quoque
3002 2879 3272 2942 parentes,
3306 2872 3419 2925 Dan

1858 2965 2081 3019 deduxit
2113 2964 2179 3018 ad
2228 2964 2590 3033 impietatem.
2621 2964 2754 3017 Nam
2787 2965 3003 3019 etiamsi
3031 2964 3421 3017 convenienter

1858 3056 1957 3126 ipsi
1993 3054 2221 3111 dictioni
2268 3054 2381 3108 lucc
2433 3054 2570 3107 laeta
2622 3062 2828 3118 essent,
2880 3054 2933 3107 in
2986 3053 3240 3123 paradiso
3270 3055 3423 3107 visus

1855 3158 1999 3203 esset
2030 3148 2176 3202 Deus
2202 3146 2409 3201 Adamo
2441 3156 2497 3201 ct
2525 3146 2741 3201 mulieri
2776 3146 2832 3200 in
2874 3144 3065 3216 ﬁgura,
3094 3153 3152 3200 et
3186 3160 3309 3199 cum
3341 3144 3424 3199 eis

1854 3239 2235 3301 disseruisset,
2280 3236 2375 3291 sed
2406 3246 2466 3291 ut
2508 3238 2601 3307 qui
2636 3252 2745 3291 non
2775 3246 3001 3307 possent
3027 3236 3204 3306 ipsum
3233 3234 3422 3289 videre

1852 3331 2147 3400 Opiﬁcem;
2180 3330 2310 3383 hinc
2345 3338 2569 3398 accepta
2602 3328 2888 3382 occasione
2909 3327 3180 3397 malignus
3207 3326 3419 3380 diemou

1851 3423 2070 3492 decepit
2100 3421 2385 3475 mulierem
2415 3420 2465 3474 ei
2498 3435 2796 3489 suggerens
2820 3421 2990 3473 Deum
3023 3433 3145 3472 esse
3172 3416 3421 3487 ejusdem

1851 3515 2064 3585 generis
2099 3523 2153 3567 et
2185 3512 2429 3582 ejusdem
2460 3512 2620 3565 simul
2646 3512 2895 3565 essentia:
2920 3512 3075 3580 cujus
3102 3511 3217 3579 ipsa
3250 3517 3417 3572 esset,

1851 3605 2244 3665 convenienter
2280 3603 2468 3657 forma:
2514 3613 2569 3656 et
2606 3602 2790 3674 ﬁgura:
2820 3618 2982 3672 quam
3029 3602 3145 3671 ipsa
3174 3601 3416 3655 videbat.

1920 3696 1985 3749 Et
2018 3694 2141 3748 ideo
2172 3693 2306 3747 dicit
2333 3693 2382 3745 ei
2413 3710 2426 3745 :
2459 3690 2617 3757 Quid,
2657 3692 2794 3762 quod
2838 3692 2971 3745 dixit
2998 3690 3140 3744 Deus
3171 3708 3189 3745 :
3215 3689 3293 3744 Ne
3334 3706 3421 3742 co-

1850 3787 2068 3840 medatis
2093 3802 2156 3839 ea:
2179 3786 2319 3838 omni
2345 3783 2482 3853 ligno
2507 3784 2644 3853 quod
2673 3792 2746 3836 est
2766 3785 2820 3837 in
2855 3784 3146 3853 paradiso?
3171 3782 3308 3837 Hinc
3330 3791 3415 3837 est

1849 3878 2199 3948 perspicuum
2230 3875 2374 3945 quod
2411 3886 2537 3929 ante
2569 3890 2786 3928 omnem
2828 3890 3007 3939 esum,
3047 3875 3161 3928 lucc
3193 3888 3421 3943 serpens

1847 3968 2173 4037 loquebatur
2202 3982 2328 4020 cum
2361 3965 2607 4019 muliere.
2636 3964 2750 4018 Hoc
2780 3974 2884 4025 est,
2914 3980 3036 4017 cum
3062 3965 3249 4034 jejuna
3271 3969 3420 4018 esset

1850 4061 2086 4116 Ecclesia
2120 4059 2197 4113 ab
2231 4058 2379 4112 omni
2412 4066 2637 4127 peccato
2684 4067 2740 4111 et
2773 4056 3079 4110 idololatria
3110 4074 3125 4109 :
3156 4070 3281 4109 cum
3310 4072 3418 4125 qua

1850 4161 2105 4222 tanquam
2157 4167 2281 4208 cum
2324 4151 2552 4204 muliere
2605 4151 2785 4219 aliqua
2837 4151 2892 4204 in
2943 4148 3101 4204 initio
3145 4149 3419 4219 malignus

1847 4258 2075 4311 serpens
2101 4250 2157 4296 et
2186 4241 2351 4294 draco
2378 4238 2527 4293 delet
2540 4249 2624 4293 tor
2656 4240 2840 4294 dolose
2874 4238 3151 4293 disserens
3175 4245 3232 4292 et
3251 4238 3421 4292 collo-

1846 4350 2039 4405 quens,
2074 4344 2131 4388 et
2159 4332 2227 4387 ad
2271 4332 2498 4401 impium
2531 4331 2733 4385 multos
2768 4331 2902 4385 deos
2927 4328 3143 4384 colendi
3169 4344 3417 4384 errorem

1845 4430 2034 4482 volens
2059 4428 2339 4491 seducere,
2364 4425 2583 4481 dicebat
2604 4426 2831 4496 quinam
2856 4426 2966 4478 sint
2990 4425 3025 4478 ii
3050 4424 3144 4492 qui
3170 4423 3227 4477 in
3257 4422 3418 4476 initio

1850 4522 2026 4591 ipsum
2057 4520 2255 4572 malum
2288 4518 2587 4571 daemonem
2633 4517 2949 4577 adorarunt,
2985 4524 3040 4569 et
3068 4515 3239 4569 Deum
3285 4513 3415 4567 reli-

1844 4620 2101 4682 querunt.
2130 4609 2267 4676 Quid
2297 4608 2444 4679 quod
2475 4608 2613 4663 dixit
2635 4608 2791 4661 vobis
2829 4609 2973 4662 Deus
3004 4622 3071 4660 ne
3114 4606 3417 4659 comedalis

1841 4718 1905 4757 ex
1948 4702 2095 4754 omni
2130 4701 2275 4769 ligno
2307 4700 2451 4770 quod
2481 4708 2566 4754 est
2598 4699 2650 4752 in
2683 4697 2974 4768 paradiso?
3021 4697 3134 4749 lloc
3182 4704 3267 4750 est
3296 4713 3307 4748 :
3338 4696 3413 4751 Ne

1844 4794 2083 4847 adoretis
2108 4807 2297 4847 omnes
2325 4802 2605 4847 creaturas
2634 4801 2689 4845 et
2719 4806 2827 4853 me,
2860 4789 2954 4843 sed
2988 4788 3038 4843 ei
3086 4787 3186 4842 soli
3225 4797 3413 4842 osten-

1844 4883 1985 4938 datis
2017 4884 2397 4937 adoratiunem
2427 4894 2483 4937 et
2518 4883 2748 4937 cultum.

1916 4974 2123 5028 Deinde
2167 4990 2291 5027 eum
2329 4973 2558 5026 dixisset
2601 4972 2802 5025 mulier
2850 4986 2864 5024 :
2908 4969 2986 5023 De
3028 4970 3172 5024 omni
3208 4968 3415 5037 quidem

1845 5063 1986 5130 ligno
2015 5063 2152 5133 quod
2179 5074 2255 5117 est
2284 5066 2336 5116 in
2373 5064 2625 5129 paradiso
2658 5062 2996 5125 comedimus,
3021 5062 3084 5114 de
3112 5062 3286 5129 fructu
3313 5078 3413 5114 au-

1847 5167 1950 5208 tem
1985 5155 2113 5225 ligni
2151 5156 2281 5209 dixit
2316 5154 2447 5207 Deus
2476 5170 2538 5206 ne
2578 5155 2849 5215 comeaite,
2893 5169 3055 5221 neque
3086 5144 3257 5221 ipsum
3288 5160 3412 5205 tan-

1843 5248 1947 5314 gite
1971 5264 2036 5298 ne
2058 5246 2378 5305 moriemini,
2408 5245 2683 5313 quomodo
2716 5244 2984 5313 malignus
3016 5244 3104 5296 ille
3144 5254 3230 5296 est
3269 5257 3413 5295 mor-

1846 5346 1989 5388 tuus.
2022 5335 2100 5388 Ad
2150 5334 2262 5387 luec
2308 5332 2599 5402 respondet
2643 5332 2875 5386 callidus
2906 5348 3129 5402 serpens
3170 5332 3359 5385 dicens
3393 5344 3408 5361 ·

1824 5425 2005 5492 .912
2040 5424 2204 5477 Morte
2247 5439 2350 5475 non
2384 5420 2698 5483 moriemini,
2725 5422 2917 5475 sciebat
2962 5422 3109 5475 enim
3141 5421 3275 5474 Deus
3305 5437 3410 5488 quo

1845 5515 1927 5566 die
1950 5531 2011 5566 ea:
2041 5531 2097 5565 eo
2121 5513 2466 5575 comederitis,
2495 5519 2550 5565 et
2584 5527 2669 5565 me
2697 5511 3078 5574 adoraveritis,
3103 5514 3406 5580 aperientur

1844 5605 1999 5657 vestri
2030 5603 2167 5655 oculi
2191 5619 2287 5671 per
2320 5620 2426 5666 me,
2453 5612 2499 5655 et
2526 5603 2671 5655 eritis
2699 5611 2952 5673 tanquam
2982 5604 3074 5665 dii,
3108 5604 3251 5658 sicut
3284 5617 3403 5657 sum

2134 5786 2169 5815 "
2206 5784 2335 5837 ibid.
2372 5782 2461 5837 22.
2538 5784 2579 5815 "
2606 5783 2742 5840 Gen.
2771 5800 2910 5850 xux,
2948 5783 3127 5839 16-18.
