4186 6442
781 410 920 474 1010

1979 415 2038 472 S.
2080 413 2469 473 ANAS’I’ASH
2512 415 2682 474 SINA
2695 417 2834 474 [Txli

3866 410 3887 470 1
3899 407 3999 469 0‘20

775 540 911 596 ego,
959 536 1313 597 cognoscentes
1360 528 1549 580 bonum
1605 535 1652 579 et
1697 527 1916 581 malum.
1971 527 2141 581 Audis
2173 545 2184 579 :
2221 528 2338 582 Non
2369 535 2412 587 Α
2443 529 2765 598 increpavit,
2799 546 2906 583 non
2954 529 3324 600 exprobravit,
3356 544 3464 583 non
3501 525 3835 582 contumelia
3873 523 4005 576 affe-

776 619 918 673 dixit
949 619 1196 672 diabolus
1228 637 1240 670 :
1271 619 1432 672 Erilis
1466 620 1598 671 sicut
1634 619 1790 683 Deus,
1825 619 1920 673 sed
1948 621 2079 672 sicut
2114 621 2210 682 dii,
2244 614 2341 674 e05

777 709 982 764 docens
1021 717 1077 763 et
1111 709 1376 763 inducens
1423 709 1486 762 ad
1535 725 1779 764 errorem
1829 712 2010 766 cultus
2041 713 2340 770 multormn

779 804 1028 855 deorum.
1082 802 1235 857 Unde
1283 803 1444 855 etiam
1494 802 1573 856 eis
1616 804 1782 857 Deum
1833 813 2054 857 accusat
2101 805 2338 861 invidias

779 892 984 954 Vobis,
1024 895 1219 961 inquit,
1264 893 1504 956 invidet,
1543 910 1609 946 ne
1657 911 1751 947 vos
1791 894 2340 964 quoqueeﬂiciamini

779 981 922 1035 sicut
951 983 1085 1051 ipse,
1121 982 1193 1034 dii
1240 994 1630 1050 cognoscentes
1661 985 1841 1039 «munia
1871 1003 1883 1042 :
1916 996 1971 1040 ct
2014 987 2137 1040 ideo
2180 989 2344 1058 jussit

781 1075 939 1127 vobis
970 1090 1036 1127 ne
1065 1074 1364 1127 comedatis
1393 1075 1460 1128 de
1495 1076 1608 1144 ipso
1650 1075 1830 1129 fructu
1870 1093 2010 1140 meo,
2042 1094 2219 1147 neque
2258 1096 2342 1134 me

781 1164 1036 1232 tangatis,
1067 1181 1244 1234 neque
1286 1182 1372 1220 me
1404 1166 1662 1220 adoretis.
1695 1168 1756 1220 Εἰ
1793 1169 1938 1222 enim
1974 1171 2066 1238 qui
2107 1188 2190 1224 me
2214 1172 2345 1225 ado-

787 1266 887 1316 rat,
917 1256 983 1309 de
1006 1257 1315 1324 cognitione
1349 1258 1614 1310 bonormu
1641 1269 1695 1312 et
1719 1261 1983 1313 malorum
2029 1262 2098 1315 do
2129 1264 2344 1332 sapien-

786 1349 916 1403 tiam
951 1349 1282 1412 inferiorem,
1317 1351 1687 1419 astrologiam,
1733 1352 2144 1416 divinationem,
2183 1372 2346 1408 vene-

785 1440 990 1501 ﬁcium,
1034 1441 1433 1507 prtedictioncs,
1467 1442 1940 1510 prweognitioues,
1972 1446 2344 1515 prodigiorum

782 1532 1121 1591 ell'eetioues,
1159 1531 1574 1593 incantationes,
1621 1533 1920 1587 bestiarum
1955 1537 2344 1604 obedientiam,

785 1625 1068 1675 volucrmu
1121 1625 1512 1687 ministerium,
1564 1626 1939 1694 jumentorum
1998 1630 2349 1683 transforma-

786 1716 984 1776 tiones,
1019 1731 1201 1766 rerum
1249 1715 1562 1768 sublimium
1599 1719 1980 1782 serutatioucs,
2019 1719 2157 1788 ignis
2201 1720 2348 1790 deje-

785 1805 1042 1867 ctionem,
1076 1805 1378 1874 pedestrem
1432 1824 1675 1876 gressum
1718 1824 1884 1876 super
1929 1824 2117 1878 aquas,
2166 1811 2344 1880 abyssi

2446 622 2542 684 cit,
2573 639 2678 676 non
2706 623 2903 691 repulit
2933 641 2944 675 :
2974 624 3065 677 sed
3092 641 3214 676 cum
3247 624 3315 676 ab
3336 639 3422 684 ea,
3451 622 3534 675 vel
3566 619 3747 690 potius
3774 633 3873 684 pro
3900 617 4006 684 ipsa

2447 715 2746 784 accepisset
2774 714 3012 768 fructum
3060 716 3210 784 ligni.
3243 728 3494 784 prompto
3522 723 3576 766 et
3617 711 3785 766 alaeri
3827 710 4010 762 animo

2446 822 2571 859 cum
2590 806 2847 876 gustavit.
2867 807 3122 860 Fructum
3143 807 3272 873 ligni
3295 806 3534 874 intellige
3557 813 3788 856 mortem
3806 798 4005 852 Christi

2450 897 2502 952 in
2535 915 2698 950 cruce
2740 916 2752 950 :
2788 914 2948 966 quam
2982 914 3078 967 pro
3111 899 3374 959 Ecclesia,
3412 906 3665 965 tanquam
3697 910 3796 964 pro
3846 905 4008 944 uxore

2448 1004 2544 1043 sua
2578 989 2646 1042 ab
2687 989 2800 1057 ipsa
2835 990 3064 1059 accepit,
3097 999 3149 1042 et
3183 989 3364 1042 triduo
3394 988 3648 1057 gustavit,
3677 995 3737 1038 ut
3771 999 3873 1052 pro
3898 998 4008 1034 otii-

2451 1083 2610 1134 nibus
2639 1092 2881 1150 gustaret
2919 1094 3174 1146 mortem,
3204 1092 3567 1150 congruenter
3598 1080 3716 1132 voci
3761 1075 3917 1131 Pauli
3949 1075 4006 1126 “.

2449 1175 2619 1238 Quam
2651 1175 2872 1242 quidem
2917 1184 3145 1228 mortem
3177 1185 3231 1228 et
3261 1176 3443 1246 cibum
3475 1175 3634 1228 tacite
3667 1167 4012 1238 signiﬁcabat

2453 1264 2580 1317 illud
2611 1275 2822 1318 acetum
2856 1275 2911 1319 et
2936 1265 3001 1318 lci
3032 1265 3174 1332 quod
3212 1265 3265 1318 in
3292 1265 3453 1319 horto
3486 1274 3538 1317 et
3572 1262 3718 1328 ligno
3743 1256 4011 1326 Golgolha

2450 1356 2686 1419 gustavit
2716 1356 2806 1424 qui
2859 1356 2910 1408 in
2945 1356 3198 1410 omnibus
3240 1355 3305 1408 ad
3355 1354 3773 1409 similitmliuem
3823 1348 4009 1403 Adami

2453 1449 2626 1499 laetus
2649 1456 2731 1500 est
2772 1456 2967 1514 praeter
2993 1449 3167 1501 solum
3213 1459 3515 1516 peccatum.
3548 1445 3603 1499 Si
3637 1444 3784 1498 enim
3831 1442 4011 1492 omnia

2451 1546 2634 1588 nostra
2658 1535 2722 1589 ad
2759 1535 3176 1589 similitudinem
3219 1536 3376 1590 .lcsns
3407 1551 3502 1588 sua
3532 1541 3727 1602 sponte
3773 1529 3882 1582 sibi
3925 1543 4012 1580 ae—

2452 1626 2837 1688 commodavit,
2855 1636 2937 1681 est
2953 1626 3172 1679 omnino
3189 1627 3532 1694 perspicuum
3549 1623 3691 1693 quod
3713 1623 4014 1676 tcntationc

2451 1732 2668 1785 quoque
2700 1733 2862 1786 quam
2890 1733 2918 1770 a
2944 1717 3161 1771 diabolo
3191 1717 3372 1769 statim
3407 1724 3529 1784 post
3557 1715 3890 1783 baptismum
3921 1727 4013 1760 vo-

2456 1809 2688 1862 luntarie
2731 1809 2994 1876 suscepit,
3021 1809 3084 1862 ad
3116 1807 3526 1862 similitudinem
3557 1805 3746 1862 Adami
3775 1813 4017 1860 tentatus

783 1897 1302 1962 considerationem,
1335 1909 1648 1967 scrpcntmn
1689 1899 2190 1969 intercmptioncm.
2227 1904 2346 1958 the-
2389 1879 2428 1932 Β
2452 1911 2535 1956 est
2559 1901 2971 1955 intentabiliter.
2997 1901 3130 1954 Vide
3158 1900 3303 1953 enim
3333 1899 3384 1952 in
3416 1900 3663 1967 utrisque
3691 1911 3882 1950 rerum
3911 1893 4012 1948 sibi

784 2000 1070 2036 saurornm
1101 1986 1507 2039 revelationem.
1546 1987 1640 2040 llis
1666 1997 1721 2041 et
1743 1990 2010 2056 ejusmodi
2039 1992 2164 2044 aliis
2190 1993 2350 2046 imm-

787 2075 1143 2128 merahilibns
1186 2077 1646 2148 promissionihus
1679 2095 1803 2132 cum
1851 2081 2113 2135 molestus
2158 2081 2350 2137 fuisset

788 2165 1005 2218 mulieri
1046 2170 1185 2234 (quin
1230 2167 1562 2236 dicebatur),
1587 2187 1781 2238 nempe
1830 2182 2037 2226 natura:
2075 2174 2345 2237 humanae,

786 2257 1087 2311 sceleratus
1121 2273 1385 2326 serpens:
1413 2260 1661 2328 plurimis
1703 2263 1861 2316 annis
1905 2264 1954 2316 ei
1990 2267 2260 2332 persuasit.
2295 2276 2350 2321 et

784 2345 1070 2400 inclinavit
1100 2357 1160 2400 ut
1194 2365 1222 2401 a
1261 2349 1370 2418 Deo
1399 2350 1656 2404 deﬁceret
1684 2361 1738 2406 ct
1764 2353 1940 2421 ipsum
1967 2356 2195 2410 coleret.
2223 2358 2350 2410 Ideo

784 2436 920 2489 dicit
948 2455 960 2488 :
990 2437 1056 2490 Et
1085 2441 1205 2490 vidit
1243 2441 1431 2493 mulier
1463 2443 1601 2510 quod
1630 2444 1819 2497 bonum
1861 2454 1989 2497 esset
2035 2447 2237 2516 lignum
2283 2452 2352 2501 ad

785 2528 1174 2582 comedendum.
1203 2530 1380 2595 Quare
1412 2544 1628 2600 apertos
1658 2536 1848 2588 habuit
1876 2538 2083 2601 oculos,
2112 2549 2168 2592 et
2203 2556 2354 2594 ama-

785 2618 866 2671 vit
894 2620 1080 2672 cibum
1115 2637 1209 2675 seu
1255 2634 1492 2689 gustum,
1525 2626 1668 2693 quod
1707 2627 1908 2681 bonum
1958 2640 2102 2683 esset
2145 2631 2348 2700 lignum

785 2711 853 2764 ad
879 2713 1273 2768 comedendum
1307 2734 1320 2766 :
1353 2718 1530 2771 omnis
1559 2719 1705 2772 enim
1733 2719 1893 2773 cibus
1925 2721 2272 2789 cognoscitur
2295 2731 2352 2775 ct

786 2803 1058 2870 probatur
1111 2820 1205 2872 per
1252 2817 1489 2872 gustum.
1542 2809 1907 2873 Quamobrem
1959 2810 2089 2863 hinc
2132 2825 2350 2879 quoque

789 2911 978 2946 mrsns
1003 2895 1323 2950 refelluntur
1346 2898 1436 2966 qui
1462 2900 1773 2953 existimant
1807 2902 1919 2956 lucc
1951 2903 2056 2956 dici
2085 2905 2260 2956 solum
2286 2903 2351 2956 ad

789 2985 1027 3038 litteram
1057 3003 1068 3036 :
1101 2986 1164 3038 l'It
1197 2987 1321 3039 vidit
1356 2990 1545 3046 mulier
1578 2993 1713 3052 quod
1751 2993 1942 3045 bonum
1982 3004 2110 3047 esset
2155 2994 2354 3062 lignum

796 3075 865 3129 ad
885 3077 1272 3140 romedendmn,
1310 3089 1358 3132 et
1378 3082 1667 3148 jucundum
1697 3085 1858 3136 oculis
1887 3086 1957 3136 ad
1983 3087 2279 3149 videndum,
2307 3097 2356 3142 et

792 3166 1068 3234 puli-Irrupit
1118 3170 1186 3220 ml
1227 3173 1685 3227 consider-mulum.
1723 3176 1854 3228 Nam
1886 3178 2029 3244 quod
2062 3177 2128 3231 ad
2161 3194 2355 3249 corpo—

791 3258 958 3310 ralem
993 3261 1212 3326 quidem
1249 3263 1541 3317 dictionem
1576 3268 1771 3319 attinet
1799 3284 1919 3336 quae
1957 3278 2040 3323 cst
2070 3271 2122 3324 in
2169 3287 2351 3340 prom-

790 3359 910 3416 ptu,
971 3352 1145 3403 visum
1192 3362 1276 3405 est
1324 3356 1647 3422 quihusdam
1700 3357 1883 3412 dicere
1931 3361 2076 3428 quod
2126 3361 2351 3416 formam

788 3439 1084 3504 quanulam
1113 3459 1271 3509 supra
1306 3445 1522 3497 nuulmn
1551 3447 1889 3513 splendidam
1919 3459 1973 3502 et
1995 3460 2216 3519 stupore
2243 3453 2356 3521 plc-

793 3545 918 3580 uam
957 3533 1168 3584 mulieri
1204 3533 1465 3588 iudicavit
1506 3539 1773 3606 malignus
1814 3543 2032 3609 quando
2064 3560 2182 3597 eam
2223 3547 2356 3598 allo-

791 3621 1085 3688 quebatur,
1123 3626 1349 3691 seipsunt
1400 3628 1787 3696 transﬁguratus
1831 3632 1883 3682 in
1927 3632 2172 3699 angelum
2205 3634 2354 3696 luris,

795 3719 854 3762 ut
887 3711 1018 3762 dicit
1045 3713 1335 3780 Apostolus
1370 3718 1432 3776 ”,
1467 3719 1690 3784 perinde
1724 3736 1786 3772 ac
1812 3721 1855 3775 si
1893 3721 2103 3777 diceret
2129 3742 2142 3776 :
2171 3725 2225 3778 ln
2257 3726 2358 3780 hac

796 3799 969 3852 I‘orina
1002 3811 1056 3853 et
1089 3803 1256 3870 gloria
1286 3806 1438 3857 eritis
1469 3808 1610 3859 sicut
1642 3808 1740 3872 dii,
1769 3809 1814 3862 si
1862 3808 2073 3865 fructus
2104 3814 2207 3867 mei
2238 3814 2358 3868 lue-

799 3891 922 3944 ritis
950 3894 1263 3961 participes.
1296 3897 1362 3949 Et
1391 3898 1490 3949 hac,
1515 3898 1582 3950 de
1609 3915 1792 3961 causa,
1822 3901 2019 3971 inquit,
2044 3904 2251 3958 dictum
2277 3914 2360 3960 est

801 3980 930 4033 illud
981 4001 991 4034 :
1045 3984 1109 4035 Et
1155 3987 1279 4037 rirlit
1317 3988 1500 4039 mulier
1544 3989 1738 4056 lignum
1787 3993 1922 4061 quod
1956 3995 2249 4063 jucundum
2285 4004 2359 4048 est

799 4072 959 4123 oculis
992 4075 1059 4124 ml
1092 4076 1385 4136 ridendum,
1420 4089 1466 4128 et
1494 4082 1766 4146 pulchrum
1795 4084 1865 4135 ml
1894 4085 2360 4152 considerandum;

801 4174 866 4211 an
901 4170 1083 4212 autem
1119 4164 1231 4216 haec
1265 4167 1334 4217 ita
1371 4167 1621 4227 habeant.
1655 4187 1763 4223 non
1795 4171 1968 4225 habeo
1993 4175 2122 4242 quid
2161 4175 2358 4230 dicam.

803 4249 870 4304 Et
907 4255 1159 4319 arripiens
1187 4257 1248 4306 de
1281 4257 1451 4324 [ructu
1483 4261 1651 4327 ipsum
1687 4263 1922 4322 comedit.
1949 4273 1997 4316 et
2033 4266 2171 4318 dedit
2201 4270 2360 4322 etiam

802 4343 916 4394 riro
959 4361 1074 4404 suo,
1104 4354 1149 4397 et
1189 4350 1429 4403 romerlit.
1481 4350 1642 4420 Atqui
1689 4354 1928 4408 nomlum
1965 4366 2083 4410 erat
2110 4360 2191 4411 vir
2219 4361 2358 4429 ejus,

806 4449 982 4502 neque
1012 4436 1123 4505 ipsa
1151 4440 1268 4508 ejus
1291 4443 1504 4496 mulier.
1526 4443 1636 4496 Cur
1661 4456 1840 4499 autem
1868 4463 1976 4500 non
2009 4451 2169 4502 ambo
2197 4452 2359 4508 simul

2447 2009 2513 2046 ex
2561 1992 2790 2045 adverso
2837 1989 3231 2058 respondentes
3278 1989 3610 2041 imitationes
3647 1997 3704 2040 et
3741 1983 4012 2054 exempla,

2446 2082 2551 2134 hoc
2581 2090 2631 2134 te
2661 2090 2847 2148 aperte
2889 2079 3164 2141 docentia,
3199 2087 3253 2131 et
3288 2077 3431 2145 quod
3469 2076 3744 2144 quomodo
3775 2075 4013 2144 priorem

2446 2171 2712 2226 Adamum
2748 2186 2846 2239 per
2868 2171 3032 2223 Evam
3055 2169 3377 2222 adhortatus
3406 2177 3488 2221 est
3517 2169 3582 2221 ad
3610 2167 4011 2220 idololatriam:

2448 2263 2519 2317 ita
2546 2265 2709 2317 etiam
2744 2262 2982 2317 secundo
3009 2263 3215 2316 Adamo
3245 2277 3342 2328 per
3371 2275 3611 2320 carnem,
3643 2274 3867 2312 causam
3894 2256 4015 2326 qui-

2447 2331 2569 2406 dem
2603 2353 2844 2406 admovit
2888 2361 2943 2404 et
2989 2350 3368 2418 irruptionem.
3405 2348 3497 2401 sed
3529 2363 3756 2416 scopum
3790 2363 3904 2399 non
3938 2355 4019 2399 at—

2447 2448 2588 2514 tigit.
2623 2446 2699 2500 Ad
2730 2461 2856 2499 eum
2906 2453 3089 2497 autem
3124 2444 3214 2511 qui
3257 2440 3585 2497 contradicit
3628 2439 4015 2498 refellendum.

2448 2538 2645 2591 suﬂicit
2666 2553 2848 2590 rerum
2872 2537 3095 2598 veritas,
3124 2551 3245 2603 qua:
3272 2535 3378 2588 hoc
3400 2534 3562 2586 modo
3590 2548 3646 2586 sc
3667 2532 3854 2585 habet.
3882 2531 4016 2586 Cum

2450 2625 2682 2692 primum
2727 2623 2873 2675 enim
2923 2631 3212 2689 generatus
3255 2620 3357 2674 fuit
3412 2621 3618 2689 primus
3651 2620 3846 2683 Adam,
3923 2637 4020 2690 per

2449 2713 2692 2780 conjugis
2717 2714 2834 2781 ejus
2857 2723 3060 2768 costam
3096 2713 3312 2781 (nempe
3352 2711 3540 2780 Evam)
3571 2727 3695 2764 cum
3727 2727 4018 2779 aggressus

2449 2811 2534 2854 est
2564 2803 2749 2863 Satan,
2776 2810 2832 2854 et
2861 2817 2984 2854 cum
3017 2802 3253 2870 prinmm
3285 2799 3564 2854 secundus
3591 2800 3761 2853 Adam
3795 2809 4018 2868 (nempe

2451 2895 2726 2961 Christus)
2769 2909 2947 2947 veram
2997 2892 3238 2945 ostendit
3283 2891 3751 2959 regenerationem
3798 2893 3888 2944 sui
3922 2891 4019 2944 ba~

2453 2987 2727 3056 ptismatis
2760 3002 2855 3055 per
2881 3002 3033 3038 suam
3063 2984 3372 3054 conjugcm,
3399 2999 3525 3039 cum
3559 2993 3769 3039 tentare
3796 2998 4019 3053 aggrcs‘

2455 3095 2549 3134 SIIS
2573 3088 2657 3132 οεῑ
2685 3088 2937 3132 ῑρηιτιιοτ.

2527 3172 2743 3226 Primus
2776 3172 2943 3224 Adam
2982 3172 3171 3225 habuit
3201 3170 3293 3224 Dei
3330 3169 3782 3230 insuﬂhtionem;
3821 3182 4021 3220 secun-

2455 3263 2578 3326 dus,
2603 3263 2866 3332 Spiritum
2899 3280 2964 3316 cx
2995 3265 3152 3316 co-Io.
3178 3264 3392 3316 Rursus
3421 3261 3472 3313 in
3499 3259 3678 3313 medio
3708 3259 4020 3327 plantarum

2453 3357 2549 3409 fuit
2603 3356 2834 3408 tcutatio
2882 3355 3072 3407 Adami
3123 3355 3176 3407 in
3227 3355 3375 3409 fonte
3423 3353 3590 3406 Edent
3624 3358 3722 3404 :et
3772 3349 4018 3403 secunda

2454 3447 2705 3511 tentatio,
2759 3447 2812 3499 in
2861 3455 3045 3498 monte
3091 3445 3368 3499 Olivarum
3423 3444 3474 3497 in
3521 3442 3704 3497 medio
3752 3442 4017 3493 arborum

2453 3538 2672 3592 Christo
2721 3545 2804 3590 est
2846 3537 3086 3590 exhibita
3138 3536 3380 3604 surgenti
3429 3551 3494 3588 ex
3541 3535 3690 3586 fonte
3739 3532 4019 3586 Jordanis.

2455 3628 2669 3682 Primus
2714 3627 2877 3680 homo
2910 3635 3146 3678 tentatus
3178 3635 3262 3678 est
3295 3640 3418 3678 cum
3445 3633 3591 3677 esset
3624 3623 3677 3674 in
3712 3622 3898 3674 medio
3925 3622 4021 3673 bc-

2457 3720 2682 3773 stiarum
2710 3737 2722 3771 :
2747 3719 2997 3772 similiter
3017 3719 3180 3770 etiam
3209 3717 3276 3770 de
3301 3716 3519 3770 Christo
3541 3714 3678 3767 dixit
3710 3714 3929 3767 Marcus
3957 3714 4020 3773 ",

2457 3811 2600 3881 quod
2627 3821 2744 3865 erat
2778 3827 2899 3865 cum
2936 3811 3126 3864 bestiis
3170 3810 3224 3864 in
3255 3809 3473 3863 deserto
3509 3819 3768 3862 tentatus.
3795 3808 3936 3863 Cum
3966 3809 4022 3861 in

2458 3905 2711 3976 paradiso
2728 3905 2999 3974 jejunarct
3027 3912 3081 3956 et
3110 3902 3242 3955 nihil
3269 3901 3448 3955 adhuc
3475 3899 3802 3954 comedisset
3835 3899 4022 3962 homo,

2465 3994 2717 4048 diabolus
2763 4009 2860 4062 per
2902 3992 3086 4046 cibum
3123 3992 3369 4044 exercuit
3405 3989 3758 4042 tentationcm
3786 4005 3801 4041 :
3830 3987 4029 4042 simili-

2461 4096 2543 4140 ter
2570 4086 2733 4138 etiam
2765 4085 2830 4137 ad
2865 4083 3140 4137 Christum
3175 4098 3296 4135 cum
3321 4083 3620 4150 jejunasset
3663 4081 4025 4149 quadraginta

2462 4179 2599 4238 dies,
2647 4193 2744 4246 per
2773 4177 2956 4228 cibum
3001 4175 3231 4229 accessit
3266 4174 3534 4242 malignus
3575 4172 3765 4226 dicens
3795 4190 3809 4224 :
3846 4171 3944 4224 Dic
3973 4179 4028 4225 ut

2464 4269 2660 4337 lapides
2687 4268 2771 4320 isti
2801 4283 2959 4335 pones
2987 4265 3122 4332 ﬁant
3154 4267 3217 4318 ".
3247 4265 3361 4318 Illic
3389 4263 3524 4317 dixit
3556 4279 3782 4332 serpens
3813 4281 3826 4315 :
3861 4263 4027 4317 Eritis

2461 4363 2592 4416 sicut
2625 4363 2696 4415 dii
2713 4381 2730 4425 ,·
2759 4373 2814 4414 et
2839 4361 2969 4413 huic
2994 4358 3131 4412 dixit
3161 4375 3174 4410 :
3208 4357 3263 4410 Si
3285 4356 3425 4424 filius
3461 4355 3552 4409 Dei
3575 4372 3648 4416 es,
3679 4355 3794 4418 die;
3823 4354 3945 4409 btec
3973 4363 4030 4408 et

2465 4453 2572 4507 illa.
2628 4454 2805 4507 Prima
2860 4450 3089 4504 teutatio
3141 4448 3243 4502 fuit
3294 4463 3388 4516 per
3436 4445 3927 4516 interrogationem
3975 4451 4030 4498 et

804 4525 1182 4587 comederunt,
1215 4529 1308 4581 sed
1353 4531 1548 4585 mulier
1580 4534 1814 4602 primum
1842 4555 1855 4589 :
1885 4537 2082 4593 deinde
2113 4540 2196 4593 vir
2237 4558 2359 4596 cum
2395 4556 2438 4610 ι)
2467 4545 2769 4599 contrarias
2795 4541 3132 4610 objectioues
3174 4556 3205 4593 a
3246 4539 3477 4593 muliere
3509 4545 3566 4589 et
3609 4545 3870 4604 serpente
3902 4554 3918 4590 :
3955 4537 4033 4591 si.

805 4616 874 4670 ab
904 4633 966 4670 ea
997 4620 1315 4687 accepisset.
1349 4633 1403 4676 et
1446 4640 1550 4678 non
1585 4629 1930 4690 contradixit,
1965 4646 2142 4700 neque
2181 4635 2371 4690 excla-

806 4710 994 4764 mavit.
1029 4727 1200 4780 neque
1232 4715 1454 4768 omnino
1500 4719 1552 4770 in
1603 4734 1721 4771 eam
1772 4720 2087 4786 infremuit,
2137 4733 2196 4778 ut
2245 4743 2365 4796 qua:

806 4816 915 4852 non
962 4802 1263 4858 ohediissct
1292 4807 1542 4862 mandato
1573 4809 1706 4864 Dei?
1735 4809 1857 4866 llzec
1891 4829 2022 4884 ergo
2051 4815 2156 4871 hoc
2202 4818 2364 4872 modo

807 4907 868 4944 se.
899 4892 1123 4947 habent.

877 4983 1145 5040 Convenit
1186 5003 1315 5057 ergo
1342 4993 1610 5061 malignus
1645 4993 1854 5049 d:emon
1889 4997 2126 5064 primum
2173 4996 2363 5052 Eccle-

807 5073 946 5126 siam
979 5092 992 5126 :
1022 5077 1265 5131 molestia
1295 5081 1495 5144 aﬂ‘ecit,
1540 5084 1828 5152 persuasit,
1874 5084 2108 5154 decepit,
2155 5085 2366 5154 accepit

809 5174 865 5218 et
909 5168 1322 5234 cmuprehemlit
1354 5172 1586 5226 fructum
1629 5175 1753 5228 mali
1785 5191 1931 5238 esus,
1962 5177 2214 5231 adoravit
2245 5194 2361 5232 ma-

811 5253 1019 5320 lignum
1069 5263 1323 5324 tanquam
1371 5260 1572 5326 Deum;
1608 5261 1804 5316 deinde
1849 5280 1974 5317 eum
2021 5265 2367 5334 comedisset,

816 5362 1035 5401 reversa
1065 5358 1147 5403 est
1191 5352 1256 5405 ad
1303 5352 1500 5418 virum,
1535 5357 1744 5411 dimisit
1786 5369 2112 5428 serpentem.
2143 5359 2278 5415 Cum
2304 5378 2368 5415 ea

810 5453 946 5507 ergo
973 5449 1121 5494 recte
1151 5452 1294 5496 esset
1341 5460 1553 5501 reversa
1601 5448 1669 5502 ad
1710 5465 1836 5502 cum
1876 5467 2037 5518 quem
2070 5453 2208 5506 male
2237 5454 2369 5506 reli-

813 5539 1032 5596 querat,
1066 5531 1150 5584 vir
1177 5548 1294 5586 eam
1336 5538 1549 5606 excepit
1597 5555 1757 5607 quam
1802 5540 1957 5594 valde
1988 5542 2281 5610 quaerebat,
2316 5552 2372 5597 ct

815 5628 1070 5688 tanquam
1096 5623 1372 5694 prodigam
1396 5628 1628 5698 excepit.
1643 5631 1758 5685 Non
1781 5638 1865 5686 est
1880 5643 2230 5702 conquestus,
2257 5652 2366 5689 non

893 5798 936 5831 ”
963 5802 1003 5856 ll
1033 5805 1158 5858 Cor.
1190 5823 1262 5868 λι,
1295 5809 1370 5863 l-i.
1454 5810 1492 5841 "
1523 5810 1685 5866 Hebr.
1718 5828 1775 5878 tt,
1807 5815 1860 5869 9.
1940 5815 1980 5848 "
2007 5815 2174 5871 Marc.
2210 5831 2246 5884 ι,
2282 5815 2360 5871 l5.

2439 5815 2483 5844 η
2509 5813 2695 5871 Matth.
2727 5830 2799 5881 tv,
2835 5813 2885 5868 5.

2463 4638 2666 4694 militer
2690 4637 2852 4690 etiam
2888 4634 3098 4689 Domini
3133 4632 3361 4687 tentatio
3386 4639 3572 4684 secuta
3628 4637 3713 4681 est
3741 4627 4032 4682 contradi.

2464 4730 2644 4785 ctoric
2677 4730 2819 4782 inter
2853 4728 3029 4796 ipsum
3063 4734 3116 4779 ct
3151 4725 3444 4791 malignum
3468 4721 3791 4774 daemonem.
3831 4719 3888 4773 Si
3913 4719 4030 4774 hac

2461 4836 2590 4889 ergo
2632 4821 2814 4873 omnia
2859 4818 3093 4871 similem
3147 4815 3350 4869 habent
3380 4821 3566 4882 typum
3600 4819 3657 4863 et
3693 4810 3925 4878 ﬁguram
3976 4811 4029 4863 in

2461 4913 2637 4982 primo
2671 4910 2875 4965 Adamo
2906 4917 2961 4964 et
2985 4909 3038 4962 in
3080 4907 3320 4963 Christo.
3355 4905 3423 4960 de
3450 4914 3648 4957 caatero
3681 4917 3750 4955 ne
3779 4901 4029 4965 dubites,

2467 5002 2562 5055 sed
2603 5012 2755 5056 certo
2788 5002 2928 5054 scias
2950 5000 3096 5069 quod
3134 5000 3186 5052 id
3212 4997 3355 5068 quod
3380 4995 3599 5052 Christo
3624 5003 3709 5048 est
3735 4994 4032 5048 oblocutus

2469 5090 2677 5151 dicens,
2703 5100 2762 5144 ut
2788 5089 2989 5144 cadens
3015 5089 3265 5142 adoraret
3294 5087 3468 5155 ipsum
3503 5085 3800 5153 malignum
3836 5083 4035 5138 draco-

2470 5195 2594 5233 nem
2625 5180 2666 5210 ¹⁷
2692 5198 2704 5232 :
2735 5179 2838 5231 hoc
2859 5187 2977 5232 erat
3001 5177 3144 5246 quod
3172 5176 3452 5229 mulierem
3479 5173 3776 5228 Ecclesiam
3803 5172 3859 5226 in
3882 5173 4035 5241 prin-

2469 5269 2614 5337 cipio
2645 5278 2729 5322 est
2757 5268 3012 5330 adortus,
3059 5275 3114 5320 et
3152 5266 3460 5335 persuasit,
3493 5273 3551 5318 et
3596 5261 3833 5329 decepit.
3876 5261 4033 5317 Unde

2465 5362 2629 5416 etiam
2647 5377 2768 5415 cum
2794 5358 3296 5428 probrishomincm
3329 5356 3689 5409 insectaretur
3703 5353 3871 5414 Deus,
3889 5361 4036 5422 posto

2468 5466 2630 5519 quam
2664 5465 2789 5503 eum
2837 5447 3016 5500 induit
3059 5445 3239 5499 tunica
3288 5443 3536 5513 pellicea,
3569 5442 3636 5496 de
3665 5440 3791 5496 cibo
3829 5440 3880 5494 ei
3931 5441 4035 5496 cri-

2469 5555 2592 5593 men
2625 5554 2734 5592 non
2779 5537 3030 5596 intentat,
3063 5533 3156 5588 sed
3201 5533 3268 5587 de
3311 5532 3495 5586 divina
3526 5530 3737 5588 visione
3776 5540 3836 5584 et
3876 5527 4034 5585 defe-

2467 5632 2671 5695 ctione,
2695 5630 2922 5684 dicens:
2956 5627 3086 5683 Ecce
3126 5625 3292 5696 factus
3326 5632 3401 5678 est
3431 5623 3601 5680 Adam
3637 5623 3771 5679 sicut
3801 5639 3950 5679 uitus
3976 5637 4035 5676 ω

2966 5811 3008 5846 "
3035 5809 3225 5866 Matth.
3272 5824 3346 5874 tv,
3377 5809 3434 5864 9.
