4186 6442
180 348 306 414 1091

1304 347 1381 405 IN
1423 340 1965 406 ΗΕΧΑΕΜΕΗΟΝ.
1995 367 2063 378 -·
2100 344 2246 403 LIB.
2287 346 2359 403 Χ.

3284 341 3418 405 1029

176 461 324 512 nobis
355 467 413 512 ut
446 469 769 529 cognosceret
797 459 989 513 bonum
1027 466 1077 512 et
1107 455 1308 511 malum
1331 476 1350 512 :
1373 457 1582 519 dicens,
1605 454 1748 510 Ada-
1775 455 1821 511 Δ
1847 465 1980 516 stos.
2008 456 2208 510 deinde
2234 454 2583 511 comedentes
2606 454 2843 524 aliquam
2871 468 2900 506 a
2931 463 3186 524 serpente
3211 468 3415 516 escam,

176 562 356 612 mum,
383 547 574 602 mundi
607 549 886 603 hominem
917 548 972 602 in
1001 562 1221 618 genere.
1264 548 1339 601 Ita
1383 546 1532 600 enim
1561 543 1753 600 existi-

174 638 411 693 mabant
449 642 658 710 seipsos
704 655 826 695 esse
872 641 1026 703 deos,
1061 648 1316 708 tanquam
1357 639 1653 692 Saturnum
1697 643 1752 689 et

173 728 397 794 Jovem,
439 740 498 785 et
539 729 864 784 Mercurium
901 737 958 783 et
987 727 1315 797 Apollinem,
1357 735 1414 780 et
1460 725 1750 780 llerculem

174 832 231 875 et
260 823 523 892 Serapin,
547 832 604 876 et
630 822 853 877 Dianam
888 830 944 876 et
985 821 1226 890 reliquos
1259 819 1385 873 illos
1408 819 1544 872 nihil
1570 819 1752 872 minus

174 930 346 982 quam
402 914 556 968 deos.
604 914 816 981 Quibus
861 913 1154 968 admodum
1203 911 1447 980 apposite
1495 908 1753 964 convenit

174 1007 328 1075 quod
368 1017 492 1076 post
537 1009 738 1061 malum
781 1005 933 1060 illum
966 1020 1120 1059 esum
1157 1003 1621 1073 protoplastorum
1667 1000 1752 1054 di-

173 1108 332 1151 ctum
367 1108 454 1153 est
479 1116 492 1151 :
517 1098 653 1155 Nam
682 1113 799 1150 cum
826 1095 1185 1156 comedissent,
1212 1092 1408 1161 inquit,
1438 1091 1607 1161 aperti
1627 1097 1749 1142 sunt

173 1204 367 1241 eorum
411 1187 569 1251 oculi,
613 1195 663 1239 et
702 1191 1053 1257 cognoverunt
1101 1183 1236 1254 quod
1287 1182 1414 1235 nudi
1444 1187 1595 1233 erant
1627 1195 1656 1233 a
1688 1193 1749 1233 re

173 1295 349 1350 quam
373 1280 757 1334 existimarunt
777 1294 835 1332 se
860 1292 980 1331 esse
1003 1284 1348 1335 consecutos,
1379 1280 1751 1340 cognoverunt

173 1383 370 1428 autem
403 1372 550 1442 quod
593 1372 922 1427 aberrarunt
950 1384 980 1423 a
1008 1385 1068 1422 re
1097 1382 1259 1437 quam
1283 1371 1667 1434 exspectamnt
1690 1376 1750 1416 se

173 1478 298 1519 esse
332 1471 707 1518 assecuturos.
737 1458 1008 1530 Cognovit
1042 1456 1258 1512 tandem
1284 1453 1526 1509 Ecclesia
1555 1458 1612 1506 et
1635 1465 1752 1504 om-

173 1556 262 1610 nis
307 1555 482 1610 homo
534 1554 628 1624 qui
671 1553 791 1622 ejus
828 1550 1003 1606 errori
1052 1549 1302 1613 adhaesit,
1337 1545 1486 1615 quod
1527 1544 1752 1598 fuerunt

174 1646 400 1716 decepti
423 1662 455 1700 a
485 1645 721 1715 maligno
745 1651 1021 1714 serpente,
1045 1649 1101 1695 et
1123 1636 1752 1704 czecutiebantputantes

175 1757 233 1794 se
264 1755 396 1795 esse
439 1739 593 1794 deos.
625 1735 856 1805 Quando
887 1742 1070 1788 autem
1120 1729 1300 1786 illuxit
1340 1727 1430 1781 tua;
1469 1742 1592 1785 vera
1633 1738 1752 1795 qua

173 1791 684 1886 illuminat—omnem
705 1791 966 1882 hominem
984 1826 1049 1890 ⁸⁸,
1073 1824 1242 1892 aperti
1257 1819 1526 1878 suntoculi
1556 1791 1751 1871 animae
1783 1791 1828 1851 Β

173 1941 365 1976 eorum
404 1939 425 1978 :
458 1931 515 1978 et
541 1929 922 1992 cognoverunt
955 1916 1103 1989 quod
1132 1915 1288 1986 prius
1321 1923 1482 1968 erant
1522 1909 1656 1964 nudi
1701 1918 1756 1963 et

174 2017 394 2071 miseri.
421 2017 520 2071 Est
541 2016 689 2071 enim
715 2012 1090 2069 adnotandum
1114 2009 1260 2080 quod
1287 2023 1396 2062 non
1424 2005 1558 2061 dicit
1582 2021 1596 2058 :
1619 2002 1755 2059 Sunt

175 2109 329 2171 nudi,
368 2107 469 2163 sed
501 2107 648 2178 quod
676 2115 829 2161 erant
868 2107 1014 2174 prius
1059 2103 1136 2173 (in
1181 2110 1428 2169 tempore
1456 2097 1755 2168 praeterito)

174 2198 542 2252 caecutientes
572 2196 900 2251 idololatria.
930 2194 1048 2248 Alia
1082 2199 1166 2246 est
1201 2205 1330 2259 ergo
1367 2188 1538 2258 prima
1563 2201 1755 2239 eorum

175 2289 437 2355 nudatio,
469 2289 576 2344 hoc
599 2297 702 2351 est,
730 2302 760 2341 a
788 2287 950 2340 bonis
976 2283 1255 2347 alienatio,
1277 2279 1633 2351 quamobrem
1657 2291 1759 2331 nec

177 2393 314 2437 tunc
347 2380 791 2445 erubescebant;
826 2379 930 2432 alia
976 2386 1159 2433 autem
1203 2381 1286 2431 est
1330 2389 1397 2428 ea
1442 2386 1564 2441 quae
1611 2385 1758 2424 nunc

177 2473 392 2528 dicitur
422 2472 674 2536 nudatio,
699 2485 896 2540 nempe
927 2485 957 2523 a
987 2468 1098 2522 Deo
1125 2464 1414 2522 excidisse.
1440 2460 1540 2527 Qui
1573 2468 1756 2514 autem

176 2564 246 2618 ad
292 2564 544 2619 litteram
572 2562 748 2617 solum
775 2561 1010 2616 audiunt
1032 2573 1153 2628 qua:
1178 2555 1380 2624 scripta
1420 2559 1550 2607 sunt
1571 2549 1640 2605 de
1664 2564 1759 2620 pa-

180 2656 394 2719 radiso,
420 2665 479 2710 et
504 2653 794 2717 fructibus,
820 2663 878 2706 et
915 2651 1097 2722 lignis,
1126 2656 1184 2703 et
1211 2648 1356 2712 cibo,
1381 2657 1439 2702 et
1477 2650 1755 2715 serpente,

179 2758 237 2806 et
269 2749 430 2803 visus
469 2745 907 2815 recuperatione,
945 2743 1199 2798 incidunt
1239 2740 1294 2794 in
1323 2737 1612 2796 exitiosam
1650 2734 1760 2789 Ma-

181 2837 531 2893 nichaeorum
557 2845 613 2889 et
637 2833 962 2904 Ophitarum
986 2831 1340 2901 impietatem,
1367 2827 1452 2882 llli
1475 2825 1624 2881 enim
1646 2840 1760 2879 ser.

181 2929 342 3004 penti
380 2937 639 2998 tanquam
665 2924 1003 2981 bencl'actori
1041 2923 1304 2978 maximas
1340 2926 1510 2991 agunt
1536 2916 1755 2988 gratias,

183 3005 443 3076 dicentes
470 3019 615 3089 quod
645 3034 743 3088 per
776 3025 1086 3087 serpentem
1113 3013 1274 3068 nobis
1299 3009 1532 3067 accessit
1569 3008 1756 3074 cibus;

1851 557 1907 601 et
1940 563 2036 616 per
2069 549 2242 618 ipsam
2272 549 2448 602 visum
2483 556 2889 616 recuperantes.
2920 545 3058 599 Venl
3105 546 3174 602 de
3218 554 3421 602 caetero

1851 653 1881 692 a
1913 640 2052 709 typis
2085 641 2150 694 ad
2187 655 2371 694 rerum
2403 638 2710 692 veritatem.
2761 638 3029 692 Evertens
3074 636 3221 691 enim
3252 636 3420 695 Chri-

1850 739 1968 783 stus
2001 728 2147 783 illam
2179 730 2465 784 amborum
2499 729 2803 783 nuditatem
2823 770 2838 792 ,
2883 739 2939 783 et
2967 744 3170 783 curans
3200 730 3418 786 caecita-

1851 828 1982 884 tem,
2012 830 2068 874 et
2095 821 2321 874 abolens
2351 821 2548 876 malam
2598 821 2818 875 illorum
2862 835 3042 875 escam
3084 836 3184 891 per
3223 836 3419 890 quam-

1850 914 1973 968 dam
2000 911 2460 974 benedictionem,
2489 922 2546 967 et
2570 928 2601 967 a
2621 911 2848 983 proprio
2872 927 2999 966 casu
3026 928 3122 968 eos
3152 913 3420 977 excitans,

1849 1014 1905 1060 et
1935 1005 2205 1060 reducens
2233 1019 2329 1058 eos
2352 1003 2600 1058 videntes
2629 1005 2776 1060 unde
2804 1003 3062 1059 exierunt
3086 1020 3198 1060 non
3226 1005 3421 1061 viden-

1850 1106 1961 1163 tes;
1995 1096 2123 1151 audi
2153 1096 2287 1166 quid
2333 1096 2462 1151 facit
2507 1104 2793 1165 postquam
2824 1095 3068 1151 surrexit
3095 1111 3127 1150 a
3169 1098 3419 1153 mortuis.

1848 1189 2087 1260 CleOpha
2120 1191 2288 1255 enim,
2317 1201 2372 1245 et
2407 1192 2500 1260 qui
2549 1204 2675 1244 cum
2708 1205 2774 1244 eo
2805 1200 2920 1244 erat
2961 1190 3106 1245 Luca
3154 1190 3235 1260 (ut
3268 1190 3422 1246 dixe.

1853 1291 1981 1334 runt
2010 1282 2240 1352 mysue),
2268 1283 2335 1335 ad
2381 1283 2581 1336 Emaus
2615 1283 2683 1336 ab
2713 1281 3039 1346 Jerusalem,
3073 1282 3220 1337 sicut
3251 1282 3423 1337 Adam

1851 1383 1909 1430 et
1936 1375 2066 1438 Eva,
2095 1375 2381 1443 separatis,
2417 1383 2473 1428 et
2504 1376 2681 1428 lucem
2718 1390 2907 1429 veram
2942 1390 3049 1428 non
3083 1375 3420 1441 videntibus,

1850 1467 1998 1522 Iesus
2041 1469 2470 1538 appropinquans
2515 1467 2821 1521 ambulabat
2867 1485 2985 1521 cum
3028 1469 3097 1521 eis
3138 1477 3237 1522 :et
3284 1468 3424 1522 oculi

1853 1577 2034 1614 eorum
2063 1560 2229 1614 adhuc
2260 1561 2570 1614 tenebantur
2609 1578 2672 1614 ne
2716 1577 2834 1614 eum
2871 1569 3209 1631 agnoscerent
3238 1562 3302 1615 ¹⁹.
3329 1561 3424 1616 Αις

1852 1655 1945 1725 qui
1991 1653 2081 1707 hic
2125 1652 2345 1723 quidem
2391 1653 2495 1706 fuit
2525 1652 2746 1707 videndi
2778 1653 3046 1716 defectus,
3077 1653 3204 1709 audi
3237 1663 3421 1717 autem
3489 1685 3492 1692 -

1853 1747 2013 1802 etiam
2042 1761 2163 1815 qua:
2186 1745 2448 1814 deinceps
2475 1753 2604 1798 sunt
2637 1755 2822 1800 secuta
2853 1763 2866 1799 :
2897 1745 3113 1800 Factum
3140 1756 3213 1801 est
3246 1755 3422 1800 autem

1858 1838 1982 1891 dum
2005 1838 2115 1905 ipse
2145 1836 2457 1888 recumberet
2489 1853 2604 1890 cum
2643 1837 2735 1900 eis,
2764 1838 3021 1907 accipiens
3051 1856 3238 1908 panem
3267 1839 3418 1893 bene-

1857 1931 1988 1983 dixit
2016 1929 2084 1981 '°.
2113 1927 2246 1982 Ecce
2282 1927 2592 1983 benedictio
2617 1945 2716 1998 pro
2744 1931 3143 1985 exsecratione.
3175 1930 3245 1985 Et
3273 1932 3424 1999 fran-

1857 2039 1981 2091 gens
2027 2021 2167 2072 dedit
2212 2022 2312 2083 eis;
2354 2038 2537 2075 eorum
2586 2033 2760 2076 autem
2795 2025 2966 2093 aperti
3013 2035 3135 2078 sunt
3174 2025 3333 2088 oculi,
3374 2042 3420 2080 ε.

1858 2121 2178 2183 agnoverunt
2202 2130 2318 2167 eum
2349 2115 2413 2167 ⁸³.
2442 2114 2583 2169 Ecce
2608 2113 2779 2169 babes
2810 2131 2991 2170 escam
3025 2133 3037 2168 :
3069 2115 3240 2170 habes
3260 2117 3424 2173 etiam

1856 2223 1954 2277 per
1984 2223 2165 2261 escam
2215 2208 2365 2262 visus
2411 2208 2908 2276 recuperationem,
2944 2216 3002 2262 et
3045 2208 3137 2263 Dei
3192 2209 3425 2280 agnitio-

1856 2317 1982 2356 nem
2014 2316 2174 2370 quem
2213 2317 2309 2369 per
2337 2316 2515 2354 escam
2558 2302 2948 2370 ignoraverunt
2971 2301 3317 2371 protoplasti.

1927 2393 2133 2448 Deinde
2170 2393 2301 2461 quid
2333 2393 2392 2446 ﬁt
2417 2401 2540 2461 post
2564 2401 2838 2462 sumptam
2874 2394 3100 2448 escam?
3135 2392 3420 2464 Surgentes

1855 2484 1974 2554 ipsa
2002 2484 2132 2537 liora
2151 2483 2346 2536 reversi
2380 2491 2502 2536 sunt
2531 2484 2585 2535 in
2643 2481 2939 2536 Jerusalem
2972 2485 3040 2537 ¹¹.
3065 2484 3208 2538 Ecce
3260 2486 3423 2539 etiam

1857 2588 2039 2629 acasu
2091 2573 2393 2629 excitatio:
2448 2588 2577 2628 ecce
2616 2573 2786 2626 etiam
2842 2574 3077 2643 pulchra
3120 2574 3189 2629 ab
3233 2590 3425 2630 errore

1861 2666 2122 2722 reversio.
2181 2665 2426 2720 Primum
2485 2665 2867 2728 comederunt,
2918 2665 3118 2720 deinde
3172 2665 3252 2721 sic
3298 2675 3428 2722 sunt

1859 2758 2088 2812 reversi.
2139 2757 2432 2826 Postquam
2466 2765 2649 2810 autem
2684 2757 2794 2811 Eva
2818 2757 3056 2826 primum
3099 2754 3428 2811 comeditex

1859 2851 2068 2915 fructu,
2117 2849 2319 2904 deinde
2361 2849 2428 2903 ad
2481 2848 2750 2904 Adamum
2793 2859 2878 2904 est
2925 2864 3165 2914 reversa,
3198 2857 3254 2903 et
3297 2864 3425 2903 eum

1857 2945 2040 3000 fructu
2093 2943 2380 3012 impertiit,
2425 2951 2482 2996 et
2516 2943 2777 2997 comedit.
2829 2942 2936 2996 Sed
2967 2942 3142 2998 Adam
3196 2960 3301 2996 non
3353 2949 3428 2996 est
3509 2933 3519 2943 ’

1859 3035 2100 3102 deceptus
2123 3032 2187 3095 ",
2230 3032 2334 3085 hoc
2355 3039 2460 3093 est,
2495 3029 2908 3090 Christus:sed
2947 3030 3108 3085 simul
3146 3031 3428 3097 accubuit,

183 3128 286 3184 Ρθτ
317 3112 534 3176 Cibum»
562 3111 904 3180 Γθειιβθηιίο
931 3108 1114 3174 Visus;
1148 3122 1246 3198 Per
1269 3121 1389 3160 eam
1413 3103 1635 3198 deum?!
1659 3117 1762 3198 mf"
1791 3137 1836 3198 ο
1866 3125 2056 3177 volens
2080 3131 2141 3176 nt
2173 3130 2425 3190 surgeret
2447 3137 2571 3190 qua:
2593 3119 2893 3176 ceciderat.
2925 3120 3005 3174 Tu
3038 3127 3222 3174 autem
3247 3119 3431 3177 adhuc

185 3206 318 3275 ptia:
345 3221 360 3270 ;
393 3219 494 3275 per
520 3203 739 3273 nuptias
781 3211 986 3262 autem,
1012 3197 1250 3254 mundus
1277 3215 1290 3253 :
1322 3205 1546 3267 propter
1588 3193 1766 3248 bomis-

186 3297 277 3350 nis
326 3305 517 3350 autem
565 3305 872 3365 peccatum,
906 3294 1051 3356 Deus
1082 3293 1245 3346 homo
1288 3290 1464 3344 factus
1491 3296 1594 3343 est.
1628 3286 1766 3340 llinc

187 3390 464 3444 caelorum
495 3403 724 3457 regnum
749 3397 807 3441 et
837 3387 981 3440 bona
1005 3393 1207 3438 aeterna
1229 3396 1464 3452 quorum
1490 3389 1682 3434 auctor
1711 3387 1767 3434 et

187 3481 520 3535 conciliator
543 3479 646 3532 fuit
679 3478 839 3532 nobis
863 3492 1105 3546 serpens.
1141 3475 1290 3552 Ergo
1318 3488 1388 3528 ne
1417 3487 1519 3526 nos
1547 3485 1766 3540 quoque

189 3573 506 3627 incidamus
536 3571 590 3625 in
616 3587 808 3625 eorum
850 3570 1178 3638 impietates,
1205 3565 1527 3636 prophetice
1568 3562 1770 3617 intelli-

187 3680 385 3735 gamus
419 3664 487 3718 de
521 3663 738 3719 Christo
768 3671 823 3716 et
865 3661 1106 3716 Ecclesia
1134 3673 1474 3728 quaecunque
1504 3655 1767 3710 historice

188 3757 400 3825 scripta
447 3764 574 3808 sunt
601 3762 698 3807 aut
727 3753 866 3807 facta
898 3752 950 3805 in
982 3749 1259 3820 paradiso,
1287 3747 1533 3818 quaedam
1560 3755 1769 3817 tempo-

189 3849 329 3902 ralia
383 3856 696 3914 temporum
748 3843 1034 3899 intervalla
1088 3843 1144 3896 in
1191 3855 1522 3910 unoquoque
1576 3854 1768 3895 eorum

191 3940 414 3994 diverse
439 3922 824 4007 intelligentes,
849 3934 1066 3990 etiamsi
1089 3933 1324 3987 maxime
1349 3932 1531 3986 omnia
1556 3930 1649 3985 illa
1673 3946 1769 3988 au-

191 4034 415 4089 diamus
458 4040 714 4100 tanquam
756 4028 900 4084 facta
948 4028 1004 4082 in
1043 4041 1154 4081 uno
1184 4035 1450 4094 tempore.
1479 4023 1641 4087 Aliud
1683 4033 1767 4079 est

194 4127 340 4180 enim
374 4124 512 4178 illud
550 4132 766 4191 tempus
800 4119 1020 4190 quando
1058 4127 1178 4172 erat
1206 4117 1452 4171 Ecclesia
1488 4130 1598 4172 non
1636 4130 1766 4168 eru-

197 4219 454 4278 bescens,
492 4223 554 4268 ut
581 4229 702 4283 quae
740 4211 886 4267 nuda
927 4210 996 4266 δὴ
1024 4210 1174 4264 omni
1202 4215 1428 4278 peccato
1468 4215 1616 4262 esset
1643 4221 1766 4261 cum

198 4325 296 4363 suo
322 4308 450 4362 viro
475 4323 488 4360 :
515 4313 573 4360 et
593 4303 742 4358 aliud
775 4318 967 4358 rursus
1004 4311 1223 4370 tempus
1250 4299 1469 4370 quando
1511 4299 1648 4353 laxis
1673 4298 1770 4351 ha-

199 4404 358 4459 benis
390 4402 516 4456 viro
544 4400 737 4455 relicto
780 4395 1232 4453 consuetudinem
1266 4394 1461 4449 habuit
1501 4409 1625 4448 cum
1655 4409 1770 4447 ser-

1867 3214 2167 3268 immorans
2225 3212 2276 3266 in
2330 3211 2544 3274 littera,
2606 3211 2901 3267 considera
2957 3211 3122 3266 etiam
3185 3212 3428 3280 ipsorum

1865 3303 2165 3364 actionem.
2197 3313 2253 3356 et
2283 3317 2466 3371 quaere
2522 3301 2647 3370 quis
2704 3316 2831 3354 cum
2890 3309 3037 3355 esset
3078 3299 3272 3362 Adam,
3297 3300 3429 3369 quid

1867 3399 2046 3453 factus
2101 3405 2187 3450 est
2243 3404 2368 3464 post
2401 3394 2916 3463 transgressionem.
2949 3393 3080 3448 Erat
3111 3393 3258 3447 enim
3284 3400 3433 3448 totus

1866 3492 2082 3546 lucidus
2108 3499 2164 3545 et
2192 3487 2499 3552 deil‘ormis,
2525 3497 2581 3541 et
2627 3487 2805 3556 imago
2849 3485 3094 3556 quaedam
3131 3485 3214 3554 (ut
3238 3487 3313 3540 ita
3350 3486 3433 3540 di-

1868 3581 2009 3650 cam)
2039 3581 2152 3634 Deo
2175 3579 2388 3632 similis.
2412 3577 2544 3633 Post
2571 3577 3004 3632 inobedientiam
3039 3584 3222 3630 autem
3253 3575 3432 3630 factus

1867 3679 1951 3726 est
1979 3669 2309 3725 tenebrosus
2338 3677 2393 3722 et
2418 3667 2726 3730 inornatus,
2767 3676 2948 3720 atrum
2993 3674 3281 3736 peccatum
3309 3681 3432 3720 om-

1867 3766 2001 3819 nino
2038 3762 2288 3817 indutus.
2317 3761 2441 3816 Haec
2473 3777 2608 3830 ergo
2660 3769 2970 3815 evenerunt
3009 3759 3202 3829 primis
3232 3775 3435 3829 paren-

1867 3855 2038 3909 tibus.
2097 3854 2165 3908 Et
2211 3851 2380 3906 David
2431 3860 2622 3921 postea
2651 3849 2859 3905 deﬂens
2886 3849 3137 3903 dicebat:
3179 3848 3295 3903 Dies
3327 3849 3436 3902 diei

1867 3951 2071 3999 eructat
2120 3942 2335 3996 verbum
2389 3951 2437 3994 et
2495 3956 2598 3994 no.1:
2657 3941 2795 3994 nocti
2846 3939 3133 3992 annuntiat
3183 3941 3435 4010 cognitio-

1868 4053 1988 4090 nem
2004 4036 2074 4088 “.

1938 4125 2151 4189 Adhuc,
2177 4123 2375 4193 inquit,
2416 4132 2680 4192 tanquam
2713 4121 2833 4177 dies
2868 4122 3038 4179 lucidi
3076 4129 3233 4178 erant
3269 4121 3434 4191 primi

1867 4227 2142 4289 parentes,
2173 4213 2394 4284 quando
2421 4214 2566 4282 (cum
2596 4228 2663 4269 ex
2701 4214 2852 4284 ligno
2884 4197 3128 4268 nondum
3159 4211 3440 4276 comedis-.

1868 4311 2012 4380 sent)
2031 4309 2264 4364 verbum
2297 4308 2514 4362 consilii
2543 4307 2814 4376 serpentis
2839 4322 2870 4361 a
2898 4306 3132 4360 muliere
3162 4304 3228 4359 ad
3253 4305 3433 4358 virum

1871 4403 2114 4458 nondum
2149 4399 2454 4456 transibat:
2481 4407 2538 4454 et
2577 4397 2680 4452 sub
2730 4396 3150 4466 intelligentiam
3186 4393 3440 4450 cadentis

200 4499 389 4565 petite,
421 4503 480 4548 et
502 4492 641 4547 facta
670 4499 754 4545 est
787 4489 1058 4544 adultera.
1087 4487 1250 4543 Aliud
1277 4502 1468 4544 rursus
1505 4485 1611 4539 fuit
1636 4493 1762 4539 tem-

1876 4495 2010 4550 solis
2053 4492 2238 4550 radios
2280 4491 2504 4562 penitus
2554 4487 2730 4542 induti
2765 4495 2926 4542 erant
2965 4493 3226 4555 ianquam
3280 4487 3437 4539 vesti-

201 4605 323 4658 pus,
351 4587 601 4657 quando,
636 4583 863 4638 dimisso
905 4590 1161 4651 serpente
1189 4589 1247 4638 et
1284 4581 1335 4635 ei
1380 4579 1546 4634 veluti
1568 4593 1772 4633 renun-

201 4683 368 4744 tians,
405 4694 628 4734 reversa
652 4685 736 4733 est
763 4677 828 4732 ad
858 4676 1099 4746 priorem
1135 4673 1314 4730 virum
1344 4682 1401 4728 et
1431 4671 1771 4743 spiritualem

201 4771 497 4826 Adamum.
532 4768 646 4822 Hoc
685 4769 832 4822 enim
883 4766 989 4828 fuit
1034 4774 1249 4834 tempus
1277 4767 1497 4834 quando
1521 4763 1776 4837 cognovit

201 4873 257 4917 et
292 4861 520 4934 agnovit
541 4875 599 4915 se
627 4875 748 4915 esse
777 4859 978 4914 nudam
1006 4867 1064 4912 et
1087 4857 1393 4912 inornatam
1423 4865 1480 4911 et
1504 4855 1776 4910 deforma-

206 4966 341 5010 tam.
373 4957 491 5010 Hoc
533 4954 638 5008 fuit
664 4963 878 5022 tempus
906 4952 1126 5024 quando
1157 4952 1244 5006 vir
1275 4967 1394 5006 eam
1425 4948 1685 5018 suscepit,
1719 4956 1776 5002 et

206 5064 330 5104 cum
379 5062 446 5101 ea
489 5047 726 5101 fructum
760 5047 892 5116 ligni
925 5046 1183 5116 gustavit,
1216 5058 1318 5113 pro
1346 5059 1409 5097 ea
1439 5050 1612 5096 morte
1640 5039 1775 5094 aﬁ‘e-

207 5152 328 5194 ctus
357 5149 417 5193 et
461 5153 750 5209 resurgens
777 5153 806 5191 a
840 5137 1091 5192 mortuis.
1118 5135 1384 5202 Quoniam
1414 5145 1596 5188 autem
1635 5149 1780 5188 nunc

208 5251 238 5287 a
271 5248 360 5287 me
390 5231 560 5284 verba
596 5231 734 5285 ﬁunt
760 5230 827 5285 ad
856 5229 1176 5291 Ecclesiam,
1209 5243 1319 5282 non
1359 5235 1538 5280 autem
1586 5224 1651 5278 ad
1679 5224 1777 5279 Ju-

210 5326 380 5388 daeos,
412 5323 562 5387 audi,
599 5323 795 5383 ﬁdelis,
830 5331 887 5376 et
930 5321 1091 5376 ﬁdem
1123 5321 1262 5375 habe
1301 5329 1557 5389 tanquam
1580 5319 1776 5383 ﬁdelis,

212 5419 408 5472 videns
453 5417 932 5472 indiscriminatim
976 5413 1137 5485 913
1181 5413 1362 5469 omnia
1395 5429 1517 5483 quae
1551 5421 1678 5467 sunt
1723 5411 1776 5466 in

216 5510 492 5580 paradiso,
523 5524 633 5565 non
656 5508 906 5563 videntes
932 5520 1084 5562 suam
1116 5505 1468 5561 nudationem
1499 5506 1778 5576 protopla-

1874 4594 2129 4642 mentum.
2160 4583 2268 4639 Sed
2305 4581 2526 4652 quando
2556 4581 2673 4651 ipsa
2693 4592 2959 4650 persuasa
2982 4576 3246 4640 comedit,
3269 4577 3437 4632 etiam

1872 4684 2174 4740 nocturnas
2223 4674 2434 4745 peccati
2467 4672 2727 4728 tenebras
2777 4668 2983 4731 induit,
3015 4677 3275 4738 tanquam
3330 4682 3437 4721 nox

1872 4769 2133 4825 videlicet
2183 4767 2360 4822 oﬂ'usa
2404 4764 2667 4828 tenebris,
2700 4776 2884 4831 neque
2920 4759 3102 4815 sciens
3145 4758 3282 4829 quid
3319 4758 3439 4813 viro

1874 4862 2142 4926 consulat,
2171 4861 2266 4931 qui
2292 4861 2410 4930 ipse
2437 4871 2656 4929 quoque
2689 4854 2868 4910 factus
2895 4860 2981 4908 est
3015 4868 3120 4907 nos
3154 4851 3226 4906 ob
3252 4867 3443 4922 parem

1882 4953 2267 5028 ignorantiam,
2318 4961 2366 5007 et
2396 4951 2678 5010 annuntiat
2727 4947 3095 5017 cognitionem,
3145 4958 3342 5014 nempe
3385 4942 3441 4998 id

1882 5047 2028 5118 quod
2072 5043 2330 5118 cognosci
2372 5049 2554 5113 potest
2576 5040 2710 5094 boni
2764 5049 2821 5094 et
2872 5038 3024 5099 mali,
3053 5036 3105 5092 ei
3137 5035 3304 5091 tradit
3339 5051 3433 5090 an.

1887 5141 2167 5196 nuntians.
2190 5137 2294 5193 Sed
2323 5145 2408 5191 est
2426 5134 2591 5188 etiam
2618 5132 2779 5186 aliter
2804 5127 3284 5184 considerandum.
3308 5127 3441 5181 Nam

1884 5242 2042 5287 antea
2070 5231 2314 5301 quidem,
2345 5224 2588 5290 quandiu
2622 5223 2943 5293 priusquam
2975 5217 3293 5275 comederet
3320 5227 3440 5274 tan.

1882 5337 2046 5394 quam
2068 5321 2189 5375 dies
2217 5324 2336 5373 erat
2362 5314 2569 5379 lucida,
2593 5311 2827 5366 verbum
2853 5306 3225 5370 annuntiavit,
3242 5319 3440 5373 nempe

1883 5413 2121 5486 graviter
2136 5427 2200 5466 ac
2231 5422 2460 5464 severe:
2495 5406 2564 5461 de
2599 5404 2884 5459 voluntate
2918 5400 3066 5455 enim
3092 5398 3159 5453 ad
3213 5411 3442 5467 peccan-

1884 5485 2015 5563 dum
2039 5520 2148 5559 non
2170 5500 2387 5557 sinebat
2404 5497 2575 5553 Evam
2594 5492 2836 5566 longiori
2852 5491 2933 5548 uti
2963 5489 3232 5546 oratione.
3251 5485 3433 5554 Quan-

288 5713 328 5742 “
358 5713 512 5794 Joan.
550 5728 586 5780 ι,
615 5715 647 5770 9
744 5712 785 5745 "
827 5712 957 5786 Luc.
988 5728 1127 5780 μιν,
1158 5713 1243 5780 15,
1274 5711 1358 5769 16.
1437 5713 1480 5745 '°
1516 5716 1650 5772 ibid.
1685 5714 1762 5769 5οη

1853 5715 1889 5747 ²¹
1927 5710 2059 5768 ibid.
2097 5709 2184 5766 51.
2261 5709 2304 5741 ⁸³
2331 5701 2572 5760 ibid.’53.
2651 5701 2694 5732 ’³
2722 5697 2902 5755 Ιτίιη.
2947 5691 3115 5760 11,Η.
3212 5688 3257 5721 ’⁵
3293 5685 3438 5748 Psal.

222 5799 362 5847 l'v‘llt,
402 5805 452 5838 ο.
