4186 6442
826 406 844 465 l
856 405 957 466 02.3

1990 412 2049 469 S.
2088 413 2478 471 ANASTASII
2542 416 2863 474 SlNAl'lIli

3910 408 4030 470 1024

816 526 889 570 do
932 528 1113 571 autem
1155 517 1358 571 malum
1392 519 1495 573 fuit
1537 532 1841 588 peractum,
1870 532 1926 574 et
1961 538 2118 574 suum
2150 524 2379 576 fruendo
2411 538 2451 585 Α
2481 529 3035 597 eontemplationibus
3053 544 3174 596 qua:
3210 527 3367 580 dicta:
3410 537 3538 578 sunt
3566 542 3659 593 per
3716 526 4029 578 universum

819 609 1063 677 implevit
1087 608 1446 672 desiderium,
1473 622 1527 664 et
1559 613 1747 667 sedata
1797 624 1880 668 est
1924 614 2117 666 satiata
2178 617 2371 679 libido,

818 713 948 756 tunc
975 704 1321 757 annnntiavit
1364 706 1756 772 cognitionem.
1803 708 1963 769 Ecce,
2025 708 2221 776 inquit,
2276 727 2374 761 nu-

814 789 927 841 dati
952 805 1141 843 sumus
1184 806 1249 843 ex
1296 791 1493 858 planta:
1543 795 1839 848 virtutibus
1891 807 1946 849 et
1991 799 2370 865 qualitatibus.

815 881 1002 948 Apcrli
1032 882 1180 933 enim
1205 890 1325 933 sunt
1353 883 1551 937 mentis
1585 902 1765 937 eorum
1826 887 1982 949 oculi,
2012 897 2067 939 ct
2108 905 2375 951 cognove-

817 979 950 1023 runt
1011 971 1077 1024 ad
1119 971 1264 1038 quod
1330 976 1529 1027 malum
1576 976 1949 1036 devenerunt.
2010 990 2064 1030 et
2120 995 2364 1046 qna-nam

817 1063 963 1131 passi
999 1062 1110 1115 sint
1139 1062 1281 1115 inter
1310 1080 1367 1116 se
1399 1065 1679 1121 docentes.
1712 1068 1803 1119 Sic
1834 1069 1963 1120 mihi
1988 1070 2165 1136 placet
2205 1070 2368 1123 intel-

819 1152 984 1221 ligere
1010 1157 1194 1210 omnia
1222 1175 1341 1225 qua:
1366 1158 1565 1224 scripta
1598 1171 1722 1212 sunt
1749 1162 1814 1211 de
1853 1161 2109 1228 paradiso
2162 1171 2217 1213 et
2250 1180 2375 1229 pro-

819 1246 1088 1313 toplastis.
1142 1249 1245 1300 Pro
1280 1248 1481 1299 Christo
1519 1251 1663 1301 enim
1713 1252 1899 1319 [ungor
1930 1251 2187 1320 legntionc
2228 1255 2274 1285 ’⁵
2323 1266 2377 1307 et

815 1354 916 1406 pro
944 1357 1061 1393 mea
1089 1357 1344 1408 germana
1378 1354 1569 1404 matre,
1609 1344 1717 1395 l-lva
1752 1344 1994 1397 Ecclesia
2025 1345 2171 1407 vite,
2214 1362 2377 1413 quam

814 1429 1050 1483 del'cndo
1082 1433 1343 1484 adversus
1371 1432 1656 1485 Juda-oset
1684 1433 1990 1497 lia-retices,
2017 1436 2157 1488 ildeli
2184 1439 2384 1504 populo

817 1534 1016 1591 tropum
1073 1523 1302 1592 erigens
1324 1533 1377 1575 et
1412 1532 1681 1590 statuens,
1714 1535 1769 1577 et
1803 1526 1886 1579 his
1917 1527 2300 1596 intelligentiis
2323 1537 2378 1580 et

1870 1889 1972 1971 Ll
2002 1889 2215 1973 lilii}

2484 620 2587 672 hoc
2613 636 2751 687 opus
2783 637 2875 672 sex
2903 620 3138 680 dierum,
3197 618 3373 671 ﬁdelis
3424 618 3655 684 populus
3706 616 3764 667 ﬁt
3795 625 4033 668 armatus

2477 723 2667 764 contra
2697 711 3070 764 adversarios:
3110 726 3287 777 neque
3312 710 3418 762 erit
3444 724 3580 775 opus
3636 707 3907 759 adversus
3946 722 4034 758 eos

2477 804 2881 872 potentioribus
2946 804 3164 871 trolneis
3226 812 3321 854 aut
3374 804 3556 861 armis,
3603 819 3710 853 non
3764 800 4030 859 Mosaieis,

2479 912 2583 948 non
2610 896 2968 963 propheticis,
2997 912 3105 948 non
3166 895 3457 949 Davidicis.
3518 895 3636 947 [her
3688 895 3841 947 enim
3887 910 4031 943 arma

2481 997 2671 1039 Hoslra'
2714 988 2915 1039 militia:
2962 989 3204 1039 carnalia
3251 988 3317 1049 π,
3355 1002 3453 1038 nec
3499 985 3734 1053 fragilia,
3774 984 3873 1035 sed
3932 983 4031 1034 Deo

2480 1075 2721 1144 potentia
2758 1077 2823 1127 ad
2861 1076 3295 1129 destructionem
3346 1074 3885 1142 priqmguaculoruin
3946 1069 4032 1120 ad—

2478 1167 2847 1219 vvrsariorum
2893 1169 3294 1220 destruentium
3325 1183 3514 1219 eorum
3570 1165 3953 1231 cogitationes.
3986 1172 4032 1213 et

2478 1271 2693 1306 onmem
2738 1254 3087 1308 altitudinem
3134 1271 3255 1321 qua:
3305 1256 3588 1307 extollitur
3634 1254 3908 1305 adversus
3942 1268 4029 1303 co-

2480 1345 2781 1411 gnitionem
2830 1355 2885 1399 et
2923 1347 3084 1399 ﬁdem
3135 1345 3261 1398 Jesu
3301 1344 3503 1397 Christi
3544 1343 3653 1395 \‘(tl‘l
3696 1342 3792 1393 Dei
3822 1341 4027 1392 nostri:

2481 1437 2568 1488 cui
2601 1437 2773 1503 gloria
2795 1447 2850 1489 et
2886 1438 3130 1505 [uitentia
3171 1438 3333 1489 simul
3380 1453 3502 1488 eum
3549 1436 3706 1488 l'atre
3736 1441 3792 1485 et
3844 1443 4031 1485 sancto

2483 1528 2711 1595 Spiritu,
2752 1527 2804 1578 in
2830 1530 3025 1579 szerula
3068 1529 3415 1581 satculorum.
3452 1530 3646 1579 Amen.

2302 1888 3023 1973 UNDliClﬁ‘lllS.

1480 2098 1555 2137 Itl'l
1602 2098 1678 2136 H33
1718 2096 1859 2147 ρυιε
1906 2096 2056 2135 ιιυδτ
2107 2093 2351 2134 PRIMUM
2388 2094 2717 2134 I‘ECC.\TU.\1
2757 2094 2992 2135 SECUTA
3031 2093 3353 2136 FUERUNT.

878 2383 995 2436 .lam
1028 2378 1253 2448 quidem
1287 2393 1317 2429 a
1364 2375 1524 2429 nobis
1577 2376 1741 2443 paulo
1775 2383 1901 2428 ante
1952 2384 2036 2427 est
2079 2383 2360 2428 ostensum
2396 2383 2435 2436 Β
2464 2376 2610 2444 nea),
2646 2377 2929 2445 cujusnam
2956 2379 3165 2445 pudore
3201 2378 3407 2443 ali‘ecti,
3445 2395 3510 2433 ex
3556 2380 3703 2437 foliis
3730 2382 3872 2438 ﬁcus
3899 2400 4029 2439 eone

808 2472 955 2542 qmnl
986 2481 1111 2525 ante
1133 2484 1312 2524 escam
1345 2478 1569 2536 apertos
1591 2468 1867 2520 habebant
1918 2467 2128 2519 oculos.
2176 2467 2363 2520 Dicere

804 2568 954 2620 enim
977 2564 1121 2633 quod
1146 2564 1269 2614 vidit
1313 2561 1501 2613 mulier
1531 2561 1667 2629 quod
1690 2561 1888 2630 lignum
1921 2569 2049 2611 esset
2078 2561 2267 2612 bonum
2299 2561 2366 2612 ad

807 2659 1199 2718 comedendum,
1229 2655 1470 2708 ostendit
1496 2670 1612 2707 eam
1649 2664 1810 2707 acute
1842 2654 2047 2707 videre.
2096 2654 2207 2708 Nec
2265 2656 2366 2708 hoc

807 2752 1008 2811 solum,
1057 2748 1150 2800 sed
1188 2748 1291 2799 hoc
1337 2760 1555 2813 quoque
1610 2743 1828 2803 dicere,
1874 2743 2021 2811 quod
2058 2744 2361 2813 jucundum

804 2852 891 2895 est
919 2841 984 2893 ad
1011 2840 1329 2899 videndum,
1356 2848 1411 2890 et
1446 2837 1734 2905 pulchrum
1758 2836 1826 2888 ad
1858 2837 2361 2903 contcinplamlum,

806 2950 907 3003 per
940 2934 1038 2985 has
1062 2944 1172 2984 tres
1199 2932 1471 2983 dictiones
1491 2929 1650 2996 plane
1698 2928 1935 2981 dicimus
1993 2928 2363 2997 perspicacem

804 3027 1004 3087 aciem,
1046 3024 1432 3090 eui-insanique
1466 3030 1522 3073 ct
1547 3028 1752 3073 certam
1795 3020 2130 3073 evidentiam
2168 3021 2365 3074 lueidm

803 3116 1091 3169 oculorum
1152 3114 1403 3167 visionis.
1442 3112 1594 3165 Unde
1648 3100 1810 3164 etiam
1868 3111 2231 3181 Symmachus
2265 3128 2363 3180 pro

803 3206 1131 3273 aperientur,
1178 3205 1380 3271 posuit,
1429 3202 1556 3269 ﬁent
1603 3202 1969 3271 intclligeutrs.
2014 3202 2282 3254 Similiter
2309 3214 2364 3257 et

804 3310 907 3364 pro
938 3297 1110 3363 aperti
1146 3305 1266 3346 sunt
1294 3295 1567 3345 niuborunt
1620 3292 1754 3344 oculi
1814 3293 1972 3355 dixit,
2020 3293 2361 3362 intelligente;

805 3385 932 3453 [acti
961 3394 1103 3447 smn,
1130 3386 1231 3436 hoc
1254 3395 1358 3441 est.
1388 3384 1516 3435 l'aeti
1550 3392 1679 3435 sunt
1705 3382 2005 3449 sapientes.
2031 3392 2086 3435 ct
2109 3384 2175 3435 ad
2206 3384 2360 3453 agni-

806 3479 1012 3531 tionem
1040 3494 1152 3530 sua:
1184 3477 1449 3529 nuditatis
1471 3485 1737 3527 venerunt
1774 3476 2125 3528 oculianima:
2146 3492 2358 3530 eorum.

804 3573 1105 3641 Dequibns
1135 3571 1405 3638 l'ropheta
1443 3568 1627 3637 regius
1674 3584 1895 3636 quoque
1942 3569 2051 3622 Deo
2085 3579 2209 3622 vota
2241 3570 2362 3622 luli-

804 3666 991 3727 debat,
1023 3665 1243 3717 dicens:
1273 3661 1460 3713 Revela
1486 3660 1660 3712 oculos
1690 3676 1852 3721 meos,
1890 3664 2139 3729 quoniam
2184 3661 2359 3714 lmnen

2467 2476 2697 2520 suerunt
2736 2469 3110 2537 snbligacula?
3138 2471 3270 2523 Nam
3295 2474 3338 2525 si
3375 2473 3634 2528 volebant
3690 2486 3885 2544 tegere
3914 2495 4030 2531 cor-

2467 2560 2615 2629 poris
2649 2560 2976 2624 nuditatem,
3044 2564 3209 2617 inulta
3274 2566 3377 2618 alia
3416 2568 3727 2635 plantarum
3781 2571 3913 2624 folia
3964 2573 4026 2625 ad

2465 2667 2591 2703 cum
2648 2668 2805 2705 usum
2860 2662 2989 2707 sunt
3042 2671 3137 2707 sua
3182 2663 3375 2709 natura
3421 2661 3927 2714 accommodatiora
3971 2672 4027 2715 et

2468 2743 2708 2804 utiliora,
2742 2745 3045 2811 (-njnsmodi
3080 2745 3330 2799 videmus
3370 2748 3495 2801 folia
3538 2751 3845 2817 palmarum
3884 2753 4025 2807 Indi—

2466 2850 2675 2886 carum.
2711 2834 2828 2886 Non
2868 2845 3047 2888 tamen
3097 2839 3405 2899 renuimus,
3456 2855 3631 2907 neque
3683 2845 4026 2910 corporalem

2465 2926 2639 2991 ipsius
2695 2925 2892 2979 divin:e
2960 2927 3256 2996 Scriptura:
3302 2929 3585 2983 historiam
3641 2933 4023 2989 dissolvimus.

2466 3018 2676 3070 Rursus
2705 3026 2887 3070 autem
2915 3018 3210 3085 qn:erimus
3238 3021 3514 3087 quomodo
3540 3022 3654 3075 hzec
3688 3040 3718 3075 e
3767 3024 3878 3077 ﬁcu
3906 3036 4025 3080 nata

2464 3108 2798 3175 subligacula
2826 3109 2891 3160 de
2918 3111 3132 3161 Christo
3161 3120 3216 3161 et
3235 3110 3474 3164 Ecclesia
3503 3121 3629 3165 sunt
3655 3115 4024 3183 pneﬁgnrata.

2463 3198 2731 3263 siquidem
2766 3200 2903 3252 facta
2938 3210 3064 3252 sunt
3090 3202 3271 3253 onmia
3299 3216 3395 3269 per
3449 3202 3627 3270 ipsum
3654 3212 3709 3256 et
3734 3207 3806 3257 ad
3849 3209 4025 3274 ipsum

2464 3291 2832 3357 respicientia.
2863 3290 2927 3342 Et
2946 3302 3258 3343 consuerunt
3285 3293 3411 3359 folia
3437 3293 3588 3360 ﬁcus,
3613 3304 3657 3347 et
3684 3298 4027 3362 feceruntsibi

2461 3380 2856 3450 snlrligarula,et
2874 3382 3151 3435 audierunt
3170 3400 3338 3435 vocem
3363 3383 3571 3436 Domini
3593 3385 3689 3437 Dei
3705 3387 4027 3439 ambulantis

2463 3474 2515 3523 in
2552 3471 2795 3539 paradiso
2821 3472 2872 3522 in
2897 3471 3130 3525 nteridie.

2531 3564 2627 3617 Est
2653 3578 2965 3625 commune,
2999 3574 3054 3616 et
3078 3574 3271 3618 contra
3325 3564 3473 3633 quod
3511 3564 3650 3618 nihil
3677 3565 3791 3620 dici
3822 3577 4025 3637 potest,

2462 3655 2678 3724 dogma,
2703 3654 2986 3708 meridiem
3011 3657 3149 3708 sexti
3172 3656 3321 3709 illius
3352 3656 3461 3711 dici
3481 3659 3848 3712 hebdomadis
3875 3675 4027 3712 crea-

805 3754 1142 3809 oculorumet
1163 3754 1331 3821 ipsum
1386 3767 1488 3802 non
1524 3759 1595 3801 est
1628 3765 1828 3801 mecum
1880 3750 1947 3813 ’⁷,
1979 3751 2067 3802 sed
2119 3749 2357 3802 illumina
2389 3719 2429 3775 ϐ
2465 3748 2649 3808 tionis,
2704 3746 2867 3799 tacite
2918 3747 3232 3815 signiﬁcare
3274 3764 3337 3802 ac
3394 3750 3717 3804 describere
3783 3751 4026 3805 medium

804 3846 978 3899 oculos
1034 3861 1192 3905 meos,
1227 3860 1290 3895 ne
1343 3858 1575 3911 unquam
1632 3841 1957 3892 obdormiam
2004 3841 2058 3891 in
2097 3849 2262 3891 morte
2294 3841 2338 3869 ’⁸

806 3937 1021 3993 Peecati
1062 3952 1194 4005 ergo
1228 3935 1560 4003 agnitionem
1590 3942 1647 3986 et
1680 3948 2006 3986 consensum
2042 3932 2107 3985 ad
2136 3948 2363 3985 conver-

804 4029 1039 4087 sionem,
1092 4025 1333 4093 intellige
1383 4034 1663 4091 aspectum
1718 4023 2027 4075 oculorum.
2078 4022 2170 4074 Est
2212 4023 2360 4074 enim

805 4121 1098 4187 diligenter
1153 4126 1209 4171 et
1252 4125 1507 4171 accurate
1570 4114 1947 4169 adnotandum
2014 4115 2181 4182 quod,
2236 4129 2360 4167 eum

806 4213 1007 4265 mulier
1045 4220 1191 4265 esset
1232 4225 1399 4278 prope
1434 4220 1768 4277 serpentem,
1798 4219 1853 4262 et
1886 4218 2137 4276 separata
2174 4222 2203 4258 a
2243 4206 2362 4259 viro

806 4305 922 4373 ipsa
943 4303 1113 4371 prima
1138 4303 1469 4355 comedisset
1495 4317 1560 4355 cx
1581 4302 1750 4371 ligno,
1778 4317 1884 4353 non
1918 4300 2101 4353 statim
2123 4299 2363 4367 respexit

804 4397 981 4450 donec
1001 4410 1264 4449 conversa
1291 4393 1395 4447 l'uit
1418 4393 1485 4446 ad
1513 4394 1713 4446 virum.
1744 4393 1879 4446 Cum
1913 4400 2096 4444 autem
2119 4390 2362 4458 accepis-

804 4498 890 4542 set
914 4497 968 4541 et
992 4488 1325 4541 comedisset
1349 4486 1655 4555 spiritualis
1679 4486 1872 4546 Adam,
1894 4484 1998 4537 hoc
2036 4493 2141 4544 est,
2167 4498 2362 4551 passus

804 4587 950 4632 esset
970 4577 1242 4638 Christus,
1295 4587 1423 4629 tunc
1466 4592 1560 4643 per
1606 4576 1724 4643 ejus
1750 4575 2057 4643 passionem
2091 4589 2215 4626 cum
2241 4572 2360 4641 ipso

807 4670 1047 4737 respexit
1075 4670 1293 4721 lllllllCl‘.
1333 4666 1389 4719 Si
1435 4676 1616 4719 autem
1654 4682 1741 4719 res
1792 4682 1900 4719 non
1935 4666 2015 4719 sic
2069 4664 2355 4732 intelligis,

804 4760 1429 4829 Oportebatmulierem,
1474 4772 1595 4810 cum
1630 4756 1805 4825 prima
1860 4755 2210 4819 comedisset,
2248 4756 2361 4824 pri-

806 4865 949 4903 mam
977 4850 1269 4918 respicere.

880 4940 1170 4994 Videamus
1194 4941 1302 5008 jam
1334 4956 1396 4992 ea
1446 4955 1566 5008 qua:
1612 4941 1879 5009 deinceps
1918 4947 2242 5007 sequuntur.
2292 4937 2359 4991 Et

2461 3840 2597 3894 sexti
2640 3839 2748 3891 diei
2780 3839 2985 3901 saeculi,
3013 3855 3207 3908 nempe
3247 3839 3543 3909 quinquies
3587 3842 3946 3895 millesimum
3974 3851 4029 3896 et

2459 3930 2957 3999 quingentesimum
2979 3946 3207 3994 annum,
3228 3931 3286 3983 in
3314 3947 3425 4001 quo
3450 3932 3717 3986 Dominus
3750 3932 3902 3987 Dens
3928 3935 4027 3986 ho-

2461 4037 2551 4073 mo
2586 4022 2759 4075 laetus
2786 4032 2889 4075 est.
2926 4022 3164 4091 Tempus
3209 4038 3339 4089 ergo
3369 4025 3514 4092 quod
3550 4034 3635 4079 est
3690 4034 3822 4078 ante
3862 4028 4032 4081 meri-

2461 4113 2605 4165 diem
2636 4114 2903 4180 signiﬁcat
2926 4115 3133 4166 cultum
3157 4114 3460 4183 legitimum
3488 4115 3810 4186 Synagogzn,
3839 4128 3901 4172 ut
3934 4120 4029 4187 qui

2463 4206 2657 4257 habeat
2694 4206 2821 4257 folia
2875 4205 3027 4266 ﬁcus,
3061 4222 3257 4274 nempe
3299 4221 3583 4261 sermones
3620 4208 3893 4275 quosdam
3943 4212 4029 4265 in-

2460 4296 2784 4366 frugiferos,
2839 4306 2896 4350 et
2940 4307 3208 4367 przecepta
3276 4298 3558 4353 moderate
3616 4300 4032 4369 quodammodo

2461 4393 2787 4460 pruricntia,
2811 4402 2867 4446 et
2898 4393 2952 4445 in
2995 4393 3288 4462 superﬁcie
3325 4394 3731 4462 quodammodo
3774 4398 4030 4451 radentia

2460 4481 2679 4535 sordida
2700 4481 2983 4534 hominum
3015 4482 3278 4535 vulnera:
3310 4497 3436 4534 nam
3476 4481 3606 4536 folia
3635 4482 3775 4537 ﬁcus
3812 4486 4031 4553 placide

2460 4573 2859 4642 quodammodo
2906 4572 3106 4625 radunt
3130 4573 3323 4627 sordes
3367 4589 3644 4635 vasorum,
3680 4591 3781 4643 per
3814 4577 4030 4630 medio-

2459 4680 2607 4719 crem
2648 4680 2767 4732 qum
2794 4673 2877 4717 est
2936 4664 2989 4716 in
3023 4663 3107 4717 eis
3140 4664 3518 4733 asperitatem.
3578 4664 3683 4719 Sed
3723 4674 3783 4718 et
3818 4677 4031 4722 natum

2458 4758 2762 4811 nuditatem
2785 4766 2838 4809 et
2867 4757 3259 4825 turpitudinem
3281 4767 3581 4827 contegunt
3607 4774 3705 4827 per
3734 4761 4033 4815 circumci-

2460 4851 2689 4902 sionem.
2727 4847 3071 4916 Quapropter
3091 4847 3259 4900 etiam
3294 4847 3441 4901 circa
3475 4849 3621 4902 illam
3647 4862 3860 4918 partem
3910 4867 4032 4920 quae

2461 4940 2703 5009 suscepit
2728 4938 3231 5000 cirenlncisioncm,
3269 4950 3580 5008 posuerunt
3623 4939 3789 5008 primi
3836 4943 4020 4996 nostri

806 5036 1153 5095 cognoverant
1199 5027 1335 5095 quod
1396 5036 1547 5079 erant
1607 5029 1751 5089 nudi,
1793 5036 1839 5079 et
1896 5037 2204 5079 consuerunt
2234 5026 2358 5094 folia
2392 5050 2434 5104 ι)
2463 5040 2719 5101 parentes
2778 5029 3121 5098 subligacula
3181 5044 3247 5082 ex
3304 5028 3453 5083 loliis
3502 5029 3683 5083 ﬁcus:
3734 5030 3841 5083 hoe
3893 5034 4033 5086 forte

806 5119 959 5185 licus,
1009 5127 1056 5169 et
1089 5119 1316 5185 fecerim:
1374 5118 1469 5172 sibi
1526 5119 1871 5188 subligaculo.
1914 5118 2049 5172 Cum
2082 5119 2137 5171 in
2180 5119 2362 5186 priore

808 5210 1109 5263 nadatione
1167 5211 1401 5264 dixisset
1464 5212 1698 5280 scriptor
1744 5226 1840 5263 eos
1881 5226 1990 5263 non
2049 5211 2358 5271 erubuisse,

810 5317 956 5355 nune
981 5302 1116 5356 dicit
1143 5303 1285 5370 quod
1310 5304 1541 5356 alterum
1583 5304 1815 5356 alterius
1843 5302 2104 5371 pudebat,
2159 5318 2358 5356 conse-

810 5411 987 5463 quens
1019 5397 1166 5448 cnim
1194 5405 1313 5448 erat
1367 5397 1471 5449 hoc
1500 5396 1704 5449 dicere.
1734 5395 1868 5449 Cum
1906 5404 2088 5448 autem
2140 5396 2205 5448 ad
2255 5412 2359 5448 nu-

814 5485 1035 5554 ptialem
1092 5487 1336 5540 nondum
1384 5487 1623 5540 coissent
1674 5487 2142 5555 eonjnnctionem,
2182 5504 2359 5555 neque

815 5577 1022 5630 scirent
1055 5588 1274 5646 propter
1300 5595 1458 5647 quam
1489 5595 1707 5634 causam
1732 5586 1915 5648 partes
1943 5578 2361 5648 genitaleszqiud

818 5684 915 5724 eos
940 5680 1068 5723 sunt
1105 5673 1321 5727 diversa
1366 5673 1533 5741 ﬁgura
1565 5674 1783 5741 (nempe
1837 5672 2079 5726 mascula
2124 5681 2179 5724 et
2209 5670 2366 5724 lenii-

896 5808 939 5838 "
971 5806 1162 5873 Ephcs.
1196 5822 1266 5867 vt,
1297 5805 1384 5859 “2.0.
1465 5807 1509 5839 “
1533 5805 1570 5858 ll
1596 5805 1720 5859 Cur.
1752 5822 1800 5869 x,
1840 5806 1881 5859 l.

1982 5807 2021 5837 ³⁷
2078 5805 2215 5858 Psal.
2248 5803 2514 5867 cxvm,l8.

2458 5125 2782 5177 ostendente
2824 5123 3074 5190 exemplo
3122 5121 3269 5189 quod
3325 5122 3379 5174 in
3420 5136 3649 5190 vespera
3708 5121 3823 5175 diei
3877 5139 4028 5179 creac

2460 5215 2628 5268 tionis
2653 5214 2838 5268 saeculi
2886 5213 3243 5281 eooperietur
3273 5213 3681 5282 quodammodo
3704 5223 3763 5267 et
3814 5214 4035 5271 delebi-

2458 5314 2548 5357 tur
2569 5303 2919 5357 circumcisio
2952 5317 3047 5370 per
3079 5302 3260 5355 velum
3289 5302 3533 5369 pellice-.e
3561 5302 3759 5356 tunica:
3790 5303 4029 5359 Christi.

2457 5396 2595 5450 Sunt
2614 5395 2761 5448 enim
2785 5394 2911 5447 folia
2948 5393 3158 5446 umbrae
3182 5391 3494 5446 eﬁicientia.
3522 5392 3630 5445 Lex
3658 5394 3808 5445 enim
3838 5396 4035 5450 habuit

2467 5486 2715 5539 umbram
2768 5493 3165 5553 praeceptorum
3222 5482 3427 5537 Christi
3451 5486 3516 5534 υ.
3552 5483 3687 5536 Nam
3748 5486 3857 5537 sub
3896 5488 4034 5541 foliis

2470 5576 2754 5645 tegebatur
2787 5573 2999 5628 fructus
3030 5573 3236 5627 Christi
3273 5572 3326 5625 in
3352 5572 3639 5641 Scriptura
3686 5574 4033 5639 Judzeorum.

2470 5669 2563 5738 qui
2601 5668 2670 5721 ab
2693 5666 2777 5719 eis
2799 5682 2907 5719 non
2937 5666 3230 5719 videbatur
3270 5672 3496 5733 propter
3545 5666 3878 5735 operculum
3924 5691 4040 5727 «ιον-

2594 5803 2635 5833 3‘
2669 5800 2807 5856 l’sal.
2850 5816 2941 5858 xu.
2978 5800 3029 5853 -l.
3109 5798 3337 5852 "’llebr.
3391 5814 3439 5859 x,
3478 5798 3521 5850 1-
