4186 6442
180 382 324 451 10Ξῦ

1250 396 1329 454 ΙΝ
1370 393 1912 455 ΠΕΧΛΕΜΕΠΟΝ.
1940 424 2008 432 -
2041 403 2182 461 ΜΒ.
2222 405 2323 465 XI.

3284 420 3420 487 1026

175 498 272 551 clis
302 507 361 552 et
386 499 566 554 velum
602 502 859 557 foliorum
892 501 1560 561 verbormnexteriorum.
1599 506 1753 561 Unde
1782 513 1826 565 A
1857 509 2022 579 hujus
2054 512 2343 579 litterm,et
2369 518 2539 573 veluti
2563 537 2761 591 magno
2782 527 3017 594 quodam
3043 530 3224 601 lapide
3258 549 3420 605 oper-

168 590 352 643 ctiam
383 602 470 646 est
498 596 811 648 contrarius
838 596 986 649 loliis
1014 598 1362 668 Soljnstitiae,
1384 616 1445 653 ea
1468 600 1751 653 exsieeans

166 692 232 734 et
271 685 607 749 emundans,
645 698 701 741 et
736 688 967 741 maxime.
998 689 1128 743 l‘nlia
1164 691 1327 758 hujus
1352 691 1505 744 tiens.
1533 692 1746 745 Etenim

169 772 345 826 ticum
382 791 524 846 saepe
547 778 786 846 appellat
826 781 1089 834 Dominus
1119 782 1498 851 inl‘rngil'erum
1538 783 1748 837 cultum

165 864 500 936 Synagogm,
527 885 651 922 cutn
681 886 800 924 eam
842 872 1066 940 quidem
1098 874 1254 945 914
1295 875 1590 943 aliquando
1622 876 1749 929 visi-

166 964 350 1011 tasset
404 976 503 1028 per
533 962 856 1028 triennium,
901 976 955 1020 et
1002 984 1121 1020 eam
1183 970 1484 1036 aspexisset
1534 971 1744 1023 nullutn

162 1047 379 1103 aﬂ'erre
409 1050 675 1116 fructum,
709 1065 766 1108 et
791 1058 1045 1124 iussisset
1079 1060 1334 1128 agrieolm
1397 1070 1456 1113 ut
1493 1075 1612 1115 eam
1645 1079 1744 1115 ex-

160 1138 482 1205 scinderet,
522 1159 589 1197 ne
623 1155 826 1199 terram
857 1162 1155 1217 occuparet
1184 1154 1433 1205 otiosam.
1475 1152 1610 1206 Cum
1643 1170 1743 1207 au-

167 1239 285 1281 tent
344 1243 626 1300 postremo
661 1253 854 1294 rursus
882 1243 1121 1298 venisset
1150 1246 1417 1313 justitiam
1448 1248 1661 1310 sitiens,
1688 1258 1743 1302 et

157 1324 502 1378 accessisset
551 1325 617 1377 ad
669 1328 830 1383 ticum
877 1330 1095 1402 (nempe
1131 1336 1483 1401 Jerusalem),
1532 1350 1587 1392 et
1630 1356 1737 1393 non

156 1413 475 1470 invenisset
553 1420 657 1472 nisi
741 1423 891 1488 l‘olia,
955 1443 1019 1480 ex
1098 1429 1300 1497 quibus
1361 1441 1518 1485 erant
1572 1436 1737 1486 etiam

154 1503 254 1557 illa
289 1506 662 1577 subligacula,
708 1530 828 1568 eam
879 1520 1176 1573 exsiccavit
1210 1521 1433 1575 dicens:
1472 1524 1585 1578 Non
1619 1542 1737 1577 (lm-

151 1597 299 1664 ylius
341 1615 406 1651 ea:
433 1610 483 1652 te
510 1615 762 1657 nascatur
810 1610 1015 1675 peccati
1050 1612 1251 1679 fructus
1296 1616 1350 1667 in
1382 1624 1633 1668 (cternnm
1667 1618 1731 1671 ".

149 1690 439 1752 Quoniam
470 1704 656 1747 autetn
687 1696 795 1750 iota
827 1716 989 1752 intum
1011 1713 1405 1773 antapexunus
1435 1724 1535 1759 non
1554 1718 1732 1761 trans-

148 1783 243 1834 ibit
279 1800 347 1836 ea:
383 1785 499 1855 lege
524 1788 684 1842 donec
734 1794 910 1847 omnia
937 1794 1073 1860 [iant
1104 1797 1143 1826 ³¹
1183 1798 1236 1849 in
1276 1797 1516 1862 Christo,
1548 1802 1730 1854 consi-

1858 605 1945 667 tis,
1984 621 2176 676 nempe
2219 610 2555 665 obscuritate
2589 616 2760 680 :Qnis
2789 618 2948 672 nobis
2998 624 3237 679 revolvet
3287 628 3423 682 cali-

1854 694 2034 763 ginem
2066 698 2285 764 litterae,
2318 712 2378 755 ut
2400 704 2542 757 intra
2568 706 2768 760 nubem
2794 709 3051 765 etdivina
3085 713 3201 769 hzec
3233 716 3416 789 adyta,

1856 787 1909 839 in
1946 787 2143 843 Sancta
2170 802 2485 849 sanctorum
2534 796 2828 860 intuentes,
2884 802 3172 858 videamus
3202 812 3418 867 occulta

1853 878 2016 947 lntjus
2047 884 2288 951 mysterii
2328 888 2501 955 orgia,
2540 904 2661 958 quae
2706 893 2925 959 quidem
2979 897 3265 965 perspicua
3322 917 3416 958 or-

1856 970 2102 1026 thodoxa:
2127 973 2251 1027 ﬁdei
2289 978 2617 1033 rectitudine
2654 996 2763 1035 non
2808 988 3413 1058 comprelnenderimus,

1851 1060 1895 1113 si
1924 1061 2182 1117 historice
2209 1065 2430 1121 abducti
2467 1071 2734 1127 fueritnns
2779 1090 2809 1126 a
2859 1073 3119 1133 dictionis
3149 1082 3415 1137 crassitu-

1849 1150 1995 1204 dine.
2030 1154 2173 1207 lleus
2200 1157 2347 1209 enim
2383 1160 2477 1226 qui
2514 1160 2702 1229 implet
2736 1163 2936 1217 cmlum
2971 1175 3015 1221 :9
3053 1177 3275 1236 terram,
3319 1174 3414 1244 qui

1848 1240 2010 1294 dicit:
2054 1243 2168 1296 Non
2209 1248 2400 1301 videbit
2429 1252 2581 1301 homo
2634 1252 2820 1318 facient
2854 1270 3023 1307 nteant
3063 1266 3112 1308 et
3141 1261 3273 1313 vivet
3331 1263 3412 1329 ³³;

1846 1334 2122 1400 quomodo
2150 1338 2423 1404 personali
2448 1340 2756 1407 pnescnti’a,
2794 1352 2849 1395 et
2902 1344 3058 1398 locali
3120 1347 3279 1403 simul
3315 1368 3413 1407 va-

1845 1423 1981 1476 dens
2017 1426 2273 1489 transitu,
2306 1438 2362 1481 et
2387 1429 2542 1481 vocis
2565 1429 2736 1483 edens
2764 1432 3029 1493 sonitum.
3078 1436 3133 1491 in
3182 1440 3413 1498 meridie

1843 1516 2074 1568 accessit
2129 1516 2196 1569 ad
2245 1518 2827 1588 Adannnn?Qu:mam
2887 1537 3067 1581 autem
3120 1529 3190 1585 de
3243 1547 3411 1590 causa

1840 1622 1966 1659 eum
1988 1608 2184 1677 puduit
2206 1612 2410 1665 nudum
2441 1615 2684 1683 conspici
2725 1633 2755 1670 a
2783 1617 2915 1681 Deo,
2948 1636 3070 1673 cum
3103 1626 3286 1679 statim
3337 1628 3412 1683 ab

1842 1698 2001 1752 initio
2030 1701 2208 1755 nudus
2230 1718 2258 1755 a
2286 1704 2397 1756 Deo
2424 1706 2621 1761 fuisset
2651 1711 2830 1764 l'actus
2866 1720 2921 1765 et
2956 1719 3217 1783 apertus?
3249 1719 3410 1789 Igno-

1842 1790 2067 1845 rabatne
2086 1793 2250 1856 heus,
2278 1795 2371 1862 qui
2394 1797 2602 1851 sciebat
2623 1802 2802 1854 omnia
2833 1815 2960 1857 ante
2982 1815 3163 1859 ortum
3191 1825 3404 1876 eorum,

148 1873 286 1926 dera
319 1892 513 1930 rerum
548 1886 1022 1952 consequentiam.
1058 1885 1498 1944 ComeditAdnm
1549 1894 1722 1947 cibum

1838 1881 2014 1934 loemn
2055 1883 2106 1935 in
2153 1899 2264 1951 quo
2294 1886 2497 1940 latebat
2548 1889 2741 1954 Adam,
2787 1904 2842 1947 et
2874 1896 2998 1951 ideo
3041 1901 3402 1958 exclamavit:

150 1968 415 2023 nntlieris
460 1971 819 2031 insidiatricis
856 1999 869 2030 :
905 1977 1107 2033 deinde
1161 1982 1403 2051 seipsum
1460 1986 1733 2042 suecinxit

145 2060 508 2129 subligaculo
536 2078 822 2135 postquam
865 2072 1229 2127 comedisset:
1264 2075 1464 2130 deinde
1491 2080 1731 2134 comedit

147 2158 207 2201 et
241 2149 415 2205 latuit
444 2154 549 2208 sub
570 2156 720 2225 ligno
744 2158 797 2212 in
824 2162 1101 2230 paradiso,
1126 2172 1185 2218 et
1216 2165 1324 2218 fuit
1362 2169 1646 2236 qntesitus,
1673 2180 1730 2227 et

146 2249 352 2294 uetera
395 2259 522 2311 quae
561 2260 891 2316 sequuntur.
950 2252 1040 2309 Sic
1082 2255 1247 2310 etiam
1276 2257 1530 2315 Christus
1584 2280 1727 2334 sa:pe

145 2332 404 2389 comedit
433 2351 559 2392 cum
595 2339 712 2395 suis
758 2341 1045 2414 discipulis
1081 2347 1309 2419 legalem
1339 2351 1523 2406 cibum
1589 2332 1727 2409 insi-

142 2420 361 2478 diantis
388 2425 710 2499 Synagogm,
738 2445 793 2487 et
836 2437 1001 2489 etiam
1038 2440 1259 2507 quando
1281 2457 1513 2510 serpens
1556 2444 1727 2500 Judas

144 2512 280 2566 fecit
303 2518 684 2584 proditionem
734 2526 1042 2581 collocutus
1092 2545 1216 2584 eum
1258 2534 1511 2590 adultera
1550 2535 1726 2608 Syna-

141 2621 328 2675 gnga:
390 2609 591 2667 deinde
642 2625 932 2685 postquam
970 2622 1319 2696 comedisset,
1379 2642 1610 2696 surgens
1656 2646 1723 2684 ex

138 2710 307 2751 curua
360 2698 536 2754 Adam
585 2704 909 2772 spiritualis,
963 2712 1232 2768 suecinxit
1286 2731 1346 2769 se
1380 2718 1722 2788 subligaculo

141 2787 346 2842 lintei:
384 2789 590 2847 deinde
618 2809 716 2849 sua
751 2807 944 2866 sponte
970 2800 1109 2872 fugit
1146 2804 1201 2857 in
1235 2804 1477 2873 hortum,
1526 2787 1580 2866 et
1614 2812 1720 2868 l‘nit

137 2879 440 2945 quaesitus,
478 2892 805 2954 etegressus
824 2898 909 2943 est
932 2906 999 2945 ex
1027 2892 1207 2948 horto.
1242 2895 1355 2966 Ego
1399 2907 1581 2954 autem
1618 2904 1721 2956 mi-

141 2982 238 3019 ror
284 2970 593 3026 cecitatem
633 2975 975 3045 Judzeorum,
1030 2994 1320 3053 propterea
1362 2989 1507 3056 quod
1574 2992 1719 3045 Seri-

138 3070 309 3129 ptura
363 3073 452 3117 est
500 3065 640 3121 adeo
688 3079 878 3124 exacta
922 3080 981 3125 et
1031 3086 1308 3131 accurata.
1373 3079 1591 3134 Etenim
1646 3083 1715 3137 de

134 3152 357 3206 Adamo
384 3154 652 3225 scriptum
676 3162 931 3230 estquod
967 3164 1208 3234 seipsum
1240 3169 1479 3223 accinxit
1506 3190 1518 3224 :
1561 3174 1714 3227 simi-

133 3243 265 3298 liter
299 3247 474 3300 etiam
508 3249 576 3302 de
614 3249 863 3307 Christo.
908 3254 962 3308 Si
1016 3269 1201 3312 autem
1238 3261 1323 3314 vis
1348 3262 1534 3317 videre
1581 3280 1707 3319 cum

131 3337 306 3390 etiam
332 3338 390 3391 in
434 3339 596 3395 horto
619 3344 919 3409 nudum,et
938 3349 1111 3403 linteo
1135 3352 1312 3406 solum
1342 3357 1706 3421 succinctum,

132 3428 263 3483 vide
293 3446 425 3484 eum
494 3432 550 3486 in
595 3432 887 3505 Golgotha,
941 3441 1287 3512 subligaculo
1322 3454 1534 3500 tantum
1584 3465 1710 3504 suc-

132 3516 382 3572 cinctum
406 3521 736 3588 pendentem
767 3525 823 3580 in
859 3542 1045 3595 cruce,
1080 3547 1245 3601 supra
1269 3534 1399 3589 Ada:
1434 3540 1706 3604 cranium,

132 3623 235 3675 pro
292 3610 508 3665 Adamo
541 3622 598 3667 et
641 3614 751 3669 Eva
788 3608 1111 3686 patientem,
1146 3624 1213 3678 de
1247 3627 1450 3693 quibus
1495 3630 1704 3686 dictum

129 3711 245 3754 cst:
284 3700 353 3756 Et
383 3705 663 3761 audierunt
720 3726 894 3763 vocem
926 3711 1136 3768 Domini
1180 3716 1274 3770 Dei
1317 3719 1704 3777 deambulantis

130 3795 184 3847 in
206 3796 467 3862 paradiso
498 3802 731 3864 meridie,
752 3813 800 3855 et
831 3803 1103 3859 latuerunt
1131 3809 1302 3862 Adam
1328 3818 1378 3863 et
1407 3829 1541 3865 uxor
1588 3816 1702 3884 ejus

130 3901 161 3935 ιι
182 3885 324 3952 facie
354 3884 569 3941 Domini
614 3889 710 3943 Dei
734 3894 787 3945 in
820 3896 986 3949 medio
1014 3896 1142 3966 ligni
1173 3903 1427 3968 paradisi,
1470 3914 1517 3957 et
1545 3923 1700 3961 voca-

127 3976 196 4026 vit
273 3974 534 4029 Dominus
566 3979 698 4033 Dens
725 3983 1010 4049 Adamum,
1044 3998 1093 4040 et
1123 3990 1255 4042 dixit
1277 3994 1362 4046 ei:
1397 3995 1589 4060 Adam,
1616 4000 1701 4053 ubi

126 4066 303 4120 esH-Jt
331 4070 469 4122 dixit
515 4072 563 4123 ei
584 4088 603 4125 :
628 4072 809 4128 Vocem
839 4086 986 4131 tuam
1011 4082 1191 4135 audivi
1221 4084 1607 4143 deombnlantis
1643 4094 1699 4145 in

125 4158 406 4224 paradiso,
425 4168 477 4213 et
500 4162 671 4227 timui,
699 4167 824 4234 quia
849 4170 1017 4221 nudus
1047 4187 1187 4235 sum,
1210 4181 1256 4224 et
1280 4173 1433 4229 latni.
1469 4178 1536 4232 Et
1566 4182 1697 4234 dixit

127 4250 171 4300 ei
221 4248 404 4303 Deus:
431 4249 558 4315 Quis
610 4255 702 4307 tibi
722 4262 1057 4314 annuntiavit
1089 4265 1226 4332 quod
1260 4267 1330 4317 sis
1376 4270 1565 4333 nudas,
1596 4274 1697 4327 nisi

124 4352 185 4389 ex
208 4338 382 4407 ligno,
420 4355 485 4391 et:
512 4356 614 4409 quo
640 4343 751 4396 solo
782 4346 873 4399 tibi
900 4351 1151 4405 mandavi
1183 4370 1248 4407 ne
1298 4359 1610 4423 concederes,
1632 4377 1695 4416 ex

124 4441 179 4478 eo
213 4428 528 4482 comedisses
557 4431 582 4482 ?

1834 1971 2005 2025 Adam
2023 1974 2109 2025 ubi
2145 1976 2243 2026 es?
2295 1975 2447 2041 Quod
2513 1990 2597 2031 est
2643 1992 2826 2036 autem
2856 1986 3270 2056 :ulmirabilius,
3305 2008 3404 2048 cur

1834 2078 1939 2116 non
1978 2073 2136 2117 vocat
2180 2076 2464 2136 utrosque,
2497 2080 2555 2123 et
2576 2072 2748 2124 tnulto
2777 2076 2945 2145 magis
2968 2080 3254 2136 mulierem
3278 2100 3406 2153 qua:

1830 2154 2011 2209 fuerat
2030 2155 2290 2226 decepta:
2339 2160 2510 2213 Adam
2545 2164 2684 2216 enim
2728 2182 2831 2218 non
2890 2178 2965 2221 est
2992 2169 3255 2239 deceptas,
3307 2177 3403 2229 sed

1830 2246 2023 2299 mulier
2060 2249 2161 2318 fuit
2194 2250 2429 2319 decepta.
2459 2252 2741 2319 Quomodo
2784 2267 2965 2313 autem
2999 2276 3107 2316 non
3152 2265 3403 2321 cernitur

1829 2337 1973 2392 Deus
2016 2342 2245 2393 omnino
2295 2341 2466 2396 fuisse
2529 2344 2750 2401 locutus
2798 2364 2922 2402 cum
2988 2352 3221 2409 muliere
3268 2365 3401 2411 ante

1829 2432 2317 2499 transgressionem
2336 2434 2358 2485 ?
2378 2432 2646 2499 Quoniam
2670 2452 2801 2507 ergo
2825 2453 2912 2494 est
2939 2457 3131 2511 magna
3153 2454 3209 2498 et
3238 2461 3397 2501 como

1825 2524 2106 2592 prehensu
2158 2523 2397 2579 dillicilis
2449 2542 2614 2596 super
2676 2530 2860 2585 ninnia
2894 2549 3015 2602 qua:
3054 2537 3210 2604 prius
3239 2538 3391 2595 dicta

1826 2626 1958 2671 sunt
1982 2632 2109 2670 vera
2136 2632 2329 2671 eorum
2364 2635 2487 2687 qua:
2524 2631 2653 2675 sunt
2686 2626 2965 2692 proposita
2998 2630 3389 2695 consideratio,

1823 2725 1933 2763 non
1981 2710 2155 2764 solum
2186 2710 2253 2763 iis
2296 2712 2390 2780 qui
2442 2722 2573 2766 sunt
2616 2716 2821 2769 nostris
2878 2720 3254 2789 temporibus,
3291 2724 3391 2779 sed

1820 2801 1983 2855 etiam
2011 2802 2080 2854 iis
2113 2802 2207 2871 qui
2257 2802 2445 2856 multis
2488 2812 2613 2857 ante
2661 2806 2876 2861 saeculis
2913 2824 2942 2861 a
2977 2809 3088 2863 Deo
3116 2810 3270 2868 luere
3302 2814 3389 2869 af-

1821 2889 1958 2953 ﬂati,
1987 2899 2041 2945 et
2088 2891 2142 2944 in
2174 2892 2241 2945 iis
2261 2902 2388 2945 sunt
2416 2894 2643 2961 pulchre
2672 2898 2896 2961 versati,
2929 2899 3074 2954 sicut
3115 2903 3281 2959 etiam
3306 2904 3391 2961 di-

1820 2983 1896 3035 cit
1924 2983 2263 3038 Adamantus
2286 2986 2490 3038 Christi
2534 2985 2854 3056 indagator:
2911 2990 3026 3044 lucc
3069 3008 3288 3064 quoque
3312 2996 3385 3051 ad

1817 3073 2050 3126 aliorum
2108 3074 2526 3129 similitudinem
2574 3093 2885 3145 precemur,
2941 3090 3000 3135 ut
3051 3083 3389 3153 accipiamus

1817 3158 2047 3226 digitum
2075 3159 2165 3226 qui
2200 3161 2376 3228 tetigit
2399 3162 2590 3215 oculos
2614 3164 2741 3217 caici
2765 3166 2833 3218 ab
2858 3175 3007 3220 ortu.
3028 3167 3131 3234 Qui
3153 3170 3380 3240 quidem

1815 3248 2329 3305 DominusAdamus
2348 3252 2529 3335 statim
2557 3254 2775 3315 abortu
2816 3255 3285 3325 fuitimmortalis,
3319 3272 3381 3316 ut

1813 3341 1905 3410 qui
1924 3340 2349 3396 lueritoculatns
2371 3359 2401 3396 a
2416 3344 2510 3397 Dei
2525 3345 2754 3411 lumine,
2773 3356 2852 3412 ut,
2872 3365 2995 3404 cum
3013 3352 3272 3421 tetigisset
3286 3369 3381 3409 no-

1811 3445 1953 3488 stros
1964 3435 2172 3498 oculos,
2192 3434 2403 3489 diceret
2419 3454 2431 3487 :
2449 3435 2740 3512 Epltplzeta,
2755 3439 2892 3507 quod
2903 3451 2998 3500 est,
3014 3443 3293 3512 adaperirc
3309 3446 3376 3501 ³⁸.

1809 3526 1992 3580 Nostri
2028 3526 2175 3579 enim
2240 3526 2384 3580 oculi
2419 3511 2678 3581 tenentur
2716 3545 2785 3583 ne
2833 3539 3023 3599 aperte
3050 3545 3376 3603 agnoscant.

1878 3618 2164 3684 Quomodo
2209 3619 2476 3687 propheta
2533 3620 2755 3689 quidem
2804 3621 3008 3687 Moses,
3053 3625 3140 3679 vel
3188 3628 3379 3696 potius

1806 3713 2033 3781 angelus
2059 3712 2153 3781 qui
2203 3712 2446 3780 loquitur
2494 3712 2549 3765 in
2581 3712 2723 3782 ipso,
2758 3730 2858 3783 per
2910 3730 3131 3772 omnem
3186 3730 3372 3776 actum

1805 3805 1901 3875 qui
1937 3813 2023 3857 est
2080 3804 2132 3857 in
2166 3788 2562 3865 inobedientia,
2598 3814 2656 3858 et
2690 3816 2978 3873 peceatum
3009 3808 3167 3877 ligni,
3217 3826 3370 3864 com-

1805 3913 2000 3951 munes
2022 3897 2153 3950 facit
2212 3905 2268 3949 et
2296 3897 2579 3965 eonjungit
2625 3898 2816 3951 ambos
2856 3900 3244 3968 protoplastos,
3280 3902 3370 3957 vel

1802 3990 1988 4059 potius
2014 3988 2301 4041 mulierem
2329 3989 2501 4041 solam
2524 3989 2765 4042 ostendit
2799 4006 2921 4044 esse
2941 3990 2996 4043 in
3028 3992 3223 4061 culpa:
3248 3993 3368 4064 ipsa

1800 4090 1884 4134 est
1906 4080 2165 4142 allocuta,
2199 4080 2313 4148 ipsa
2352 4087 2438 4133 est
2491 4080 2741 4150 decepta,
2794 4082 2908 4150 ipsa
2944 4084 3205 4149 comedit,
3247 4086 3369 4156 ipsa

1800 4174 1919 4225 viro
1949 4171 2123 4234 dedit,
2144 4171 2259 4239 ipsa
2280 4171 2328 4225 ei
2355 4182 2435 4223 est
2469 4170 2746 4233 insidiata,
2770 4174 2886 4241 ipsa
2909 4174 3013 4227 fuit
3046 4191 3210 4229 causa
3234 4191 3365 4246 pse.

1798 4264 1927 4325 cati,
1972 4263 2271 4325 nuditatis,
2329 4264 2574 4326 timoris,
2627 4264 3136 4333 subligaculorum,
3188 4268 3366 4337 fugae,

1796 4354 2176 4408 absconsionis
2202 4370 2231 4406 a
2279 4355 2411 4416 Deo,
2437 4371 2634 4424 ptume,
2679 4358 3100 4422 cxsecrationis,
3143 4361 3358 4428 mortis,

1793 4457 1869 4511 et,
1900 4456 1959 4499 ut
1985 4447 2153 4499 semel
2180 4446 2379 4507 dicam,
2420 4447 2687 4499 tnalorum
2741 4448 3248 4506 innumerabilium.
3290 4453 3361 4509 Ει

190 4518 452 4574 Fortasse
479 4537 588 4575 non
626 4534 713 4579 est
748 4527 1013 4595 alienum,
1064 4534 1213 4603 quod
1248 4536 1357 4593 illa;
1407 4540 1685 4609 dixerunt,
1712 4534 1767 4594 D
1792 4556 1913 4594 cum
1936 4538 2053 4591 lucc
2078 4537 2150 4589 ita
2182 4536 2436 4598 habeant,
2475 4539 2754 4607 quomodo
2803 4540 2949 4595 Deus
2995 4557 3118 4595 cum
3167 4558 3358 4601 acces-

125 4605 294 4661 llaria
335 4618 395 4663 et
442 4608 657 4666 Salome
690 4623 745 4668 et
797 4615 1032 4684 Joanna,
1082 4634 1397 4690 quaerentes
1426 4643 1552 4682 eum
1594 4605 1688 4699 qui

125 4698 328 4753 latebat
386 4700 442 4753 in
476 4704 730 4769 paradiso
781 4706 1052 4777 Golgotba
1109 4715 1212 4768 sub
1264 4716 1433 4786 ligno,
1491 4698 1687 4792 nempe

124 4792 339 4846 nudum
359 4788 646 4849 Christum
677 4798 849 4853 Adam
880 4818 1042 4870 quem
1067 4807 1282 4860 vocavit
1303 4818 1353 4862 et
1381 4788 1689 4867 eduxitD—o-

122 4886 307 4940 minus
341 4886 489 4940 Deus
515 4902 584 4941 ex
635 4889 883 4954 latebris,
908 4894 1152 4949 excitans
1184 4912 1309 4951 eum
1350 4915 1414 4953 ex
1457 4905 1687 4959 mortuis

121 4976 429 5032 secundum
461 4993 701 5046 carnem,
742 4982 849 5037 hoc
873 4999 974 5038 nos
1010 5002 1227 5057 quoque
1274 4990 1459 5046 dicere
1486 4993 1553 5047 de
1583 4995 1686 5051 hoc

121 5068 329 5121 Adamo
357 5067 455 5136 qui
486 5067 689 5123 latebat
735 5071 788 5125 in
837 5071 941 5127 hoc
987 5073 1147 5128 horto
1201 5076 1254 5130 in
1300 5079 1481 5134 medio
1526 5082 1682 5152 ligni,

123 5173 283 5226 quem
307 5173 563 5226 quaerens
590 5158 735 5215 Deus
765 5162 1033 5219 suscitare
1055 5164 1111 5218 in
1139 5166 1388 5235 meridie,
1412 5169 1479 5223 ad
1502 5172 1681 5241 ipsum

122 5250 367 5306 advenit.
391 5250 502 5305 Illa:
537 5252 706 5318 enim,
740 5269 939 5324 nempe
993 5256 1162 5312 Maria
1205 5259 1519 5331 Magdalene
1553 5280 1680 5319 cum

122 5342 342 5397 duabus
361 5342 781 5400 aliisdicebant:
817 5345 947 5413 Quis
970 5348 1194 5403 revolvat
1216 5352 1360 5406 nobis
1380 5352 1609 5423 lapidem
1634 5358 1678 5389 ³¹

123 5443 178 5488 ut
205 5433 501 5490 videamus
528 5451 654 5492 eum
684 5437 778 5507 qui
807 5438 957 5495 intus
987 5442 1156 5497 latet?

183 5526 457 5583 Similiter
490 5526 634 5583 idem
673 5529 808 5584 mihi
831 5547 1052 5603 quoque
1083 5539 1357 5593 succurrit
1386 5538 1677 5597 dicendum

125 5617 173 5671 in
203 5617 513 5691 propositis
559 5629 618 5676 et
663 5637 771 5677 non
828 5626 1349 5696 contemplabilibus
1399 5638 1678 5706 mysteriis

189 5793 236 5826 ⁸⁸
264 5794 453 5848 Matth.
485 5811 587 5848 χιιι.
618 5798 701 5854 19.
782 5802 822 5835 ³³
845 5803 1032 5857 Matth.
1059 5821 1088 5858 v
1135 5806 1219 5862 l8.

1296 5810 1342 5843 "
1369 5811 1533 5870 Marc.
1562 5831 1671 5886 XVI,
1697 5819 1747 5872 5.

1796 4632 1956 4685 sisset
1982 4631 2079 4683 illo
2110 4629 2341 4684 meridie
2374 4629 2441 4684 ad
2484 4631 2903 4700 inquisitionem
2940 4644 2996 4687 et
3029 4634 3201 4689 veluti
3223 4651 3356 4691 exa-

1796 4723 2151 4776 minationem
2185 4738 2379 4775 eorum
2429 4723 2524 4792 qui
2576 4740 2685 4778 non
2737 4724 3092 4790 obedicrunt,
3118 4743 3227 4781 non
3255 4744 3355 4783 vo-

1792 4814 2189 4868 eatmulierem
2213 4813 2280 4867 ad
2317 4814 2805 4879 examinationem,
2858 4832 2967 4869 non
3019 4832 3137 4871 eam
3172 4818 3353 4886 gravi-

1793 4917 1877 4960 ter
1911 4907 2180 4976 inerepat,
2203 4921 2314 4959 non
2362 4907 2515 4974 ponit
2541 4907 2770 4959 omnino
2820 4908 2872 4960 in
2914 4908 3035 4977 ejus
3062 4924 3225 4977 paena
3254 4926 3352 4963 ex-

1788 4997 2170 5060 secrationem,
2205 5012 2313 5050 non
2344 4997 2439 5050 dat
2472 4997 2521 5051 ei
2571 5006 2774 5051 terram
2822 4997 2888 5050 ad
2925 4998 3354 5067 comedendum,

1785 5106 1892 5142 non
1928 5088 2134 5158 spinas,
2163 5104 2271 5141 non
2317 5089 2577 5153 tribulos,
2606 5105 2715 5143 non
2756 5105 2912 5143 esum
2936 5090 3069 5154 leni,
3112 5106 3221 5144 non
3252 5106 3351 5145 su-

1782 5182 1972 5237 dorem
2011 5184 2217 5243 vultus,
2245 5182 2340 5236 sed
2398 5198 2577 5252 neque
2624 5199 2743 5237 eam
2794 5183 3022 5251 expellit
3049 5191 3145 5237 aut
3166 5194 3346 5239 exter-

1781 5276 1954 5329 minat
1984 5290 2015 5329 a
2038 5274 2314 5345 paradiso,
2345 5290 2453 5328 non
2493 5274 2544 5328 ei
2576 5274 2801 5328 omnino
2850 5282 3073 5329 revocat
3120 5290 3349 5345 serpen-

1784 5376 1895 5421 tem
1921 5369 1977 5422 in
2013 5366 2356 5433 memoriam,
2391 5381 2501 5420 non
2524 5382 2641 5421 eam
2670 5366 2884 5435 pudore
2907 5365 3092 5431 allicit,
3121 5366 3341 5422 dicens:

1781 5456 1892 5511 Cur
1905 5456 2168 5527 deeepisti
2184 5457 2487 5511 Adamum?
2509 5457 2612 5511 Sed
2630 5472 2753 5511 cum
2776 5459 3107 5514 ostendisset
3127 5473 3342 5512 omnem

1782 5549 2178 5619 benignitatem
2198 5558 2255 5603 et
2287 5551 2592 5604 bonitatem
2621 5550 2676 5603 in
2722 5550 3013 5605 mulierem
3050 5566 3171 5620 qum
3195 5549 3342 5604 ceci-

1778 5642 1956 5707 derat,
1988 5641 2166 5711 pergit
2189 5640 2256 5695 ad
2282 5642 2581 5705 hominem,
2637 5650 2694 5696 et
2739 5640 2872 5695 dicit
2903 5641 2989 5696 ei:
3022 5643 3214 5707 Adam,
3253 5640 3344 5694 ubi

1826 5821 1872 5853 ³³
1903 5821 2073 5875 Exod.
2095 5838 2279 5883 xxxtn,
2308 5820 2394 5873 9.0.
2476 5820 2519 5850 “
2550 5820 2710 5874 Mare.
2737 5836 2829 5879 vn.
2862 5820 2950 5875 34.
