4186 6442
777 402 797 464 1
811 404 908 465 ΟΞΠ

1970 412 2029 469 S.
2075 410 2463 469 ΛΝΛΞΤΛςΙΙ
2507 413 2828 471 SlNAI'l‘d’.

3872 421 4002 488 1028

775 561 827 597 es
852 546 876 595 Ρ
900 543 966 598 Iit
996 548 1125 599 dia‘it
1156 547 1202 597 ei
1228 561 1244 598 .·
1281 545 1470 597 Audiri
1491 560 1669 617 rorem
1713 552 1857 593 tuum
1901 542 2244 604 unabulanlis,
2286 551 2333 593 ιί
2364 533 2408 585 Α
2440 547 2603 607 Deus,
2630 548 2914 600 utvidcret
2944 546 3073 614 quid
3101 562 3163 599 ea
3188 556 3404 600 vocaret
3433 558 3685 616 tanquam
3709 549 3774 601 ad
3794 567 3993 617 regem.

774 636 929 699 latui,
958 637 1207 704 quoniam
1248 650 1363 686 sum
1418 634 1604 684 nudus.
1667 631 1806 684 Audi
1851 641 1905 683 et
1953 630 2219 683 Adamum
2249 648 2333 683 re-

778 729 1139 796 spondentem
1171 743 1235 779 ea
1278 742 1397 795 quae
1436 726 1548 777 Deo
1589 724 1943 777 conveniunt.
1979 724 2138 775 Solus
2185 724 2329 776 enim

773 818 1033 885 qua-situs
1053 825 1111 870 ct
1135 825 1361 869 vocatus
1386 815 1681 885 respondet
1731 813 2105 882 singulariter,
2142 825 2199 868 et
2224 832 2329 867 non

773 908 1059 976 conjunxit
1082 908 1185 960 sibi
1216 908 1524 959 mulierem.
1554 907 1669 959 Non
1688 908 1834 956 enim
1859 904 2013 963 dicit.
2044 906 2333 957 audivimus

771 1014 947 1051 vocem
987 1007 1131 1050 tuam
1183 997 1571 1049 deambulantis
1594 998 1645 1046 in
1677 996 1946 1063 paradiso,
1974 1006 2019 1046 et
2064 997 2332 1048 timuimus

773 1092 899 1161 quia
930 1091 1055 1142 nudi
1098 1107 1298 1151 sumus,
1329 1100 1375 1141 et
1427 1088 1701 1151 latuimus,
1754 1089 1897 1156 quod
1944 1086 2163 1155 quidem
2215 1098 2336 1139 erat

773 1199 982 1235 verum.
1019 1181 1126 1234 Sed
1154 1184 1648 1233 mittensaecusare
1675 1190 2068 1241 suaincostam,
2094 1180 2332 1247 seipsum

775 1275 957 1343 prodit
993 1290 1091 1342 pro
1120 1290 1204 1326 ea.
1231 1274 1349 1325 Ihec
1372 1288 1910 1345 ClllllJNl‘b’CtlUCl‘Cl‘,
1941 1270 2335 1339 paradisicivis

775 1368 977 1419 l’aulus
1017 1381 1233 1418 rursum
1262 1363 1535 1416 accedens
1559 1364 1612 1415 in
1652 1364 1916 1425 medium,
1950 1362 2119 1415 dixit:
2147 1362 2337 1431 Mysu-

774 1459 915 1509 rium
959 1472 1208 1525 ntagnum
1251 1464 1346 1506 est.
1404 1455 1514 1522 ligo
1552 1462 1733 1507 autem
1784 1472 1906 1506 cum
1956 1454 1991 1522 i1
2016 1471 2072 1506 sc
2107 1456 2220 1505 dico
2281 1456 2334 1505 in

777 1548 981 1603 Christo
1003 1556 1049 1599 et
1078 1545 1313 1599 Ecclesia
1337 1546 1403 1609 ³⁸,
1450 1561 1550 1614 pro
1576 1562 1679 1613 qua
1708 1562 1765 1597 se
1803 1545 1955 1597 dedit
1990 1548 2056 1595 ad
2082 1554 2332 1597 mortem.

776 1636 930 1691 Unde
975 1634 1142 1687 etiam
1186 1651 1214 1687 a
1264 1635 1375 1687 Deo
1417 1642 1610 1684 vocato
1662 1648 1795 1685 vero
1844 1633 2074 1695 Adamo,
2115 1634 2336 1700 quando

776 1729 937 1790 dixit.
968 1728 1164 1791 Adam,
1201 1726 1401 1778 ubics?
1447 1740 1555 1776 non
1592 1724 1800 1777 dictum
1849 1734 1933 1778 est
1976 1726 2029 1777 in
2052 1726 2336 1793 Scriptura

777 1817 926 1886 quod
958 1818 1094 1871 exiit
1118 1824 1212 1869 aut
1266 1815 1416 1868 venit
1472 1815 1540 1867 ad
1576 1815 1769 1879 Deum,
1801 1825 1885 1868 est
1927 1816 2073 1869 enim
2122 1832 2337 1884 semper

775 1910 921 1980 apud
948 1910 1117 1963 Deum
1155 1906 1539 1976 inseparabilis
1568 1907 1757 1960 Filius.

848 2002 971 2055 llaic
1019 2001 1405 2070 praemisimus,
1464 2016 1556 2052 ora
1599 1998 1915 2052 Judzcorum
1961 1999 2333 2059 obstruentes,

777 2110 844 2148 ne
890 2109 992 2147 nos
1018 2093 1311 2145 audientes
1336 2092 1519 2143 onmia
1550 2091 1744 2144 Adami
1791 2091 1857 2144 ad
1888 2090 2164 2144 Christum
2200 2092 2339 2142 rele-

785 2195 990 2249 rentcs,
1022 2185 1340 2238 existiment
1366 2199 1489 2236 eum
1516 2183 1683 2237 fuisse
1711 2184 1815 2237 sub
1870 2192 2115 2253 peccato,
2150 2193 2205 2235 ct
2231 2182 2339 2234 cri-

777 2277 1069 2331 minationi
1109 2276 1405 2328 obnoxium
1442 2284 1497 2328 et
1532 2277 1916 2329 exsecrationi.
1957 2275 2167 2328 Sullicit
2190 2274 2338 2327 enim

779 2368 1182 2423 demonstratio
1212 2382 1404 2419 eorum
1436 2382 1557 2434 qua:
1582 2382 1728 2419 nunc
1755 2367 1900 2420 dicta
1943 2377 2089 2430 sunt,
2113 2365 2179 2417 ad
2211 2379 2337 2433 pcr-

779 2459 1118 2513 suadendum
1152 2458 1237 2511 vel
1278 2458 1509 2509 maxime
1552 2458 1856 2521 ineredulo,
1895 2459 2038 2527 quod
2086 2474 2340 2526 quaecun-

780 2567 887 2619 que
935 2550 1157 2619 quidem
1204 2550 1420 2618 objecta
1478 2559 1608 2602 sunt
1663 2551 1900 2612 mulieri,
1953 2551 2165 2619 objecta
2213 2558 2341 2602 sunt

779 2646 1114 2709 accusando,
1159 2660 1496 2714 quaecunque
1545 2654 1726 2696 autem
1754 2644 1921 2696 Adam
1955 2660 1984 2695 a
2035 2644 2145 2696 Deo
2190 2642 2342 2695 audi-

781 2738 1110 2805 vit,absque
1174 2739 1561 2791 criminatione
1600 2753 1697 2789 seu
1739 2735 2108 2797 accusatione,
2163 2750 2227 2788 ea
2275 2734 2342 2786 de

780 2830 1004 2885 Christo
1034 2829 1298 2881 dicuntur
1334 2844 1391 2882 se
1416 2828 1763 2881 demittenda
1800 2843 1899 2896 pro
1934 2826 2194 2889 Ecclesia,
2236 2826 2342 2879 sibi

782 2919 1138 2973 attribuendo
1198 2919 1347 2971 illius
1400 2928 1683 2986 peccatum
1729 2926 1784 2969 et
1826 2916 2255 2970 exsecrationem
2288 2926 2346 2969 et

783 3021 1038 3065 mortem.
1069 3011 1368 3078 l’rOpterea
1391 3009 1537 3062 enim
1570 3009 1714 3060 Deus
1736 3008 1866 3061 fecit
1906 3023 1993 3060 res
2026 3007 2218 3060 Adami
2264 3006 2346 3059 di-

784 3124 973 3162 versas
999 3117 1054 3161 et
1086 3106 1420 3160 excelsiores
1448 3120 1613 3174 supra
1669 3104 1978 3163 mulierem,
2021 3109 2081 3154 ut
2128 3117 2229 3153 nos
2263 3100 2345 3154 di-

2433 648 2489 690 et
2508 638 2597 706 qui
2617 646 2733 690 erat
2753 639 2833 691 eis
2862 637 3421 693 ι1ι›ιιιίιι;ιιυι·υδ.[ιιι1ρ
3443 639 3568 692 licet
3599 639 3809 701 videre,
3833 642 3998 693 etiam

2433 744 2560 781 vere
2584 730 2857 782 hominem
2880 740 3133 799 umquam
3160 731 3253 797 qui
3288 730 3453 783 habet
3478 740 3803 799 potestatem
3832 741 3887 784 et
3917 743 3999 783 est

2436 817 2700 871 Dominus
2754 820 2991 888 (nempe
3007 820 3309 883 Christum)
3351 836 3572 873 uxorem
3608 821 3984 875 nominantem

2432 906 2592 978 915
2607 910 2924 972 licelesiam,
2940 928 3002 965 ex
3026 912 3138 980 ipsa
3156 912 3522 979 appellantem
3541 914 3656 982 ejus
3674 929 3899 975 nomen,
3921 914 4007 966 Vi-

2438 1003 2564 1051 tam.
2586 1000 2720 1052 Vere
2757 999 2899 1052 enim
2932 1000 3169 1054 vivilicat
3190 1018 3327 1069 quos
3350 1013 3593 1068 generat,
3615 1009 3807 1071 nenip‘e
3828 1003 4007 1072 bapti-

2436 1106 2628 1150 smate.
2660 1096 2725 1149 Et
2754 1095 2820 1149 de
2851 1096 2967 1147 solo
2996 1096 3234 1158 homine,
3260 1096 3529 1164 Propheta
3552 1097 3685 1149 dicit
3713 1099 3825 1151 Deo
3858 1115 3872 1149 :
3905 1098 4005 1149 Mi~

2436 1190 2595 1241 nuisti
2625 1204 2740 1239 eum
2777 1188 2935 1256 paulo
2984 1189 3152 1239 minus
3187 1189 3248 1239 ab
3281 1188 3502 1257 angelis,
3532 1188 3699 1257 gloria
3731 1200 3779 1241 et
3809 1193 4007 1241 honore

2435 1280 2699 1331 coronasti
2741 1295 2880 1341 cum,
2920 1289 2966 1330 et
2997 1280 3308 1331 constituisti
3338 1296 3452 1331 eum
3484 1281 3615 1347 (non
3647 1290 3830 1333 autem
3886 1288 4004 1337 eos)

2434 1386 2591 1438 super
2647 1382 2807 1437 opera
2858 1386 3110 1421 manuum
3158 1378 3390 1431 tuarum,
3445 1380 3493 1421 et
3528 1371 3705 1423 omnia
3738 1372 4007 1439 subjeeisli

2436 1462 2526 1513 sub
2559 1461 2768 1530 pedibus
2799 1460 3259 1528 ejus“,etsolius,
3277 1476 3381 1514 non
3406 1469 3587 1513 autem
3614 1461 3884 1530 ipsorum,
3905 1464 4007 1515 hoe

2437 1564 2543 1617 est,
2625 1569 2729 1607 non
2759 1553 3068 1615 amborum,
3116 1553 3210 1605 sed
3246 1555 3417 1606 solius
3441 1552 3655 1617 Adami,
3691 1554 3744 1608 in
3777 1553 4007 1622 ﬁguram

2436 1645 2663 1699 Christi.
2696 1646 2949 1699 Ostendit
2986 1645 3081 1699 tibi
3115 1646 3255 1698 hanc
3282 1661 3530 1713 magnam
3570 1655 3626 1699 et
3658 1648 4009 1717 incompara-

2438 1736 2601 1789 bilem
2632 1737 2995 1790 dill'erentiam
3032 1736 3223 1791 Adami
3272 1738 3339 1789 ah
3368 1738 3476 1790 Eva
3497 1779 3510 1799 ,
3554 1738 3934 1807 honoremque
3960 1751 4011 1791 et

2366 1867 2409 1921 Β
2438 1833 2685 1898 gloriam,
2711 1842 2769 1885 ut
2798 1843 2986 1887 exacte
3024 1842 3078 1885 et
3112 1843 3364 1887 accurate
3398 1832 3577 1885 discas
3598 1831 3820 1899 quando
3856 1832 4011 1883 vide-

2438 1925 2513 1977 ris
2541 1925 2816 1979 hominem
2852 1925 2906 1978 in
2946 1926 3115 1991 ﬁgura
3151 1924 3354 1978 Christi
3384 1940 3440 1978 se
3465 1924 3741 1977 dimittere
3779 1924 3849 1976 ad
3893 1940 4008 1976 inn-

2438 2016 2649 2076 lierem,
2679 2024 2735 2068 et
2785 2016 2946 2067 simul
2978 2032 3101 2067 eum
3147 2032 3210 2068 ea
3254 2014 3545 2068 comedere
3580 2030 3645 2067 ex
3694 2015 3845 2083 ligno
3892 2030 3907 2065 :
3960 2023 4007 2063 el

2437 2107 2597 2160 simul
2632 2107 2840 2168 videre,
2883 2116 2937 2160 et
2984 2107 3142 2160 simul
3191 2107 3413 2171 nudari,
3445 2116 3500 2162 et
3535 2108 3695 2161 simul
3738 2123 4012 2161 censuere

2438 2194 2565 2246 folia
2610 2193 2745 2247 ﬁcus
2776 2213 2788 2246 :
2816 2196 2918 2248 hoc
2947 2205 3054 2257 est,
3101 2196 3464 2264 praemeditari
3492 2206 3549 2250 et
3569 2213 3926 2265 componere,
3962 2207 4015 2249 et

2438 2286 2598 2339 simul
2650 2288 2805 2339 uuire
2865 2287 3092 2339 verbum
3141 2304 3263 2341 eum
3306 2289 3477 2342 verbo
3516 2287 3580 2342 ad
3608 2288 4012 2348 defensionem,

2437 2388 2493 2433 et
2526 2380 2691 2433 simul
2720 2380 2915 2433 audire
2948 2396 3135 2433 vocem
3174 2380 3391 2433 Domini
3419 2380 3512 2435 Dei
3545 2380 3885 2433 ambulantis
3907 2420 3921 2443 ,
3962 2392 4018 2433 et

2441 2472 2661 2535 timere,
2709 2484 2766 2526 et
2802 2473 3025 2540 lugere.
3068 2482 3123 2526 et
3176 2473 3369 2534 latere,
3405 2483 3460 2525 et
3499 2472 3682 2527 vocari
3718 2473 3899 2525 solum
3947 2472 4015 2524 ad

2440 2563 2924 2625 examinationem,
2960 2574 3015 2616 et
3043 2564 3209 2616 duras
3232 2578 3421 2631 pugnas
3466 2579 3564 2631 pro
3592 2564 3682 2616 illa
3709 2563 4015 2631 suscipere.

2441 2664 2495 2707 et
2524 2656 2699 2705 solum
2730 2654 2927 2722 expelli
2959 2669 3023 2707 ex
3075 2654 3352 2722 paradiso,
3387 2662 3442 2707 et
3481 2654 3765 2722 suscipere
3794 2664 4014 2707 senten-

2445 2745 2575 2797 tiam
2611 2745 2824 2798 mortis.
2879 2743 3004 2798 llaec
3055 2746 3238 2799 omnia
3287 2745 3508 2812 quando
3543 2744 3821 2813 aspexeris
3870 2744 4016 2798 Ada-

2444 2852 2592 2889 mum
2632 2846 2688 2889 et
2713 2852 2875 2903 agere
2896 2846 2952 2890 et
2983 2838 3238 2900 sull‘erre,
3267 2838 3541 2907 intelliges
3579 2838 3864 2891 Christum
3895 2840 4019 2906 (per

2443 2922 2695 2991 Paulum)
2728 2922 2827 2975 tibi
2856 2923 3039 2976 dicere
3064 2941 3077 2975 :
3102 2925 3273 2977 Adam
3303 2940 3407 2975 non
3437 2934 3510 2977 est
3544 2926 3785 2992 deceptus
3804 2925 3871 2977 ’7.
3894 2924 4019 2977 Alio

2443 3013 2593 3066 enim
2622 3012 2783 3065 modo
2809 3014 3049 3067 comedit
3078 3013 3337 3082 antiquus
3363 3014 3451 3067 ille
3484 3014 3538 3067 in
3569 3025 3755 3083 typum
3782 3013 4015 3075 Christi.

2445 3102 2553 3156 alio
2587 3114 2767 3157 autem
2804 3104 2968 3157 modo
3010 3106 3205 3159 mulier
3243 3107 3296 3158 in
3343 3116 3530 3176 typum
3564 3107 3847 3161 Ecclesiie.
3895 3108 4021 3161 Alio

785 3213 1069 3251 sceremus
1117 3207 1171 3250 et
1233 3196 1564 3249 doceremur
1592 3193 2077 3261 incomparabilem
2141 3190 2344 3245 Christi
2373 3196 2415 3253 C
2448 3192 2611 3246 modo
2633 3201 2713 3245 est
2732 3193 3083 3262 intelligenda
3107 3194 3299 3247 Adami
3322 3196 3474 3247 visus
3501 3196 3883 3264 recuperatio;
3910 3197 4021 3250 alio

784 3289 1152 3342 diﬂ‘erentiain
1184 3304 1348 3357 supra
1395 3287 1715 3339 Ecclesiam.
1774 3286 1907 3339 Nam
1948 3301 2072 3338 cum
2120 3284 2348 3337 dixisset

786 3383 950 3443 Deus,
978 3380 1257 3432 Faciamus
1287 3380 1548 3431 hominem
1579 3380 1651 3430 ad
1675 3378 1960 3445 imaginem
1994 3385 2042 3428 et
2097 3374 2346 3428 similitu-

784 3473 959 3525 dinem
984 3484 1242 3533 nostram,
1297 3469 1432 3522 nihil
1485 3469 1757 3538 ejusmodi
1817 3468 1955 3521 dixit
2001 3466 2069 3520 de
2115 3467 2347 3519 muliere

797 3563 1021 3633 quando
1040 3578 1160 3615 eam
1192 3571 1309 3614 erat
1345 3562 1715 3614 labricaturus
1740 3576 1805 3613 ex
1832 3560 2003 3613 latere
2028 3558 2243 3612 Adami.
2284 3558 2351 3610 Et

804 3655 1196 3710 rursusdieens
1215 3671 1229 3707 :
1250 3654 1388 3707 Fecit
1404 3654 1539 3707 Deus
1562 3656 1845 3717 hominem;
1864 3653 1931 3704 ad
1951 3651 2230 3721 imaginem
2253 3650 2348 3702 Dei

790 3748 909 3818 fecit
944 3748 1096 3801 illum
1119 3789 1133 3811 ,
1169 3763 1278 3800 non
1305 3747 1441 3799 dicit
1474 3747 1542 3798 de
1572 3760 1657 3808 ea,
1691 3745 1808 3812 fecit
1850 3745 2022 3807 illam,
2054 3743 2150 3797 sed
2198 3750 2349 3812 post-

790 3855 953 3909 quam
987 3839 1126 3892 dixit
1151 3837 1217 3891 de
1248 3838 1493 3899 homine,
1518 3837 1634 3905 fecit
1670 3836 1854 3899 illum,
1895 3845 2025 3889 tunc
2046 3835 2348 3904 subjungit,

791 3930 1086 3985 masculum
1114 3941 1160 3982 ct
1192 3930 1443 3998 [minam
1457 3930 1576 3997 fecit
1604 3927 1743 3980 illos.
1802 3928 2066 3981 Similiter
2088 3927 2252 3980 etiam
2297 3926 2351 3979 in

790 4023 1120 4077 formatione
1148 4021 1408 4085 hominis,
1437 4020 1657 4090 quando
1696 4020 1863 4073 dixit:
1893 4020 2043 4072 Fecit
2081 4024 2216 4071 Deus
2264 4020 2355 4071 ho-

793 4116 985 4167 minem
1005 4113 1128 4166 limo
1157 4123 1367 4182 accepto
1390 4122 1597 4174 eterra,
1622 4122 1667 4164 et
1684 4112 1965 4181 imm/ﬂavit
1984 4112 2036 4163 in
2054 4112 2222 4179 ipsum
2248 4110 2355 4178 spi-

795 4204 956 4256 ritum
978 4204 1115 4264 vitat,
1153 4202 1356 4255 nullam
1383 4201 1515 4254 fecit
1558 4199 1893 4253 mentionem
1928 4196 2193 4250 mulieris.
2221 4196 2352 4248 Nam

794 4294 940 4365 quod
957 4295 1154 4349 attinet
1170 4295 1235 4347 ad
1250 4292 1706 4355 essentiam,nihi|
1725 4290 2172 4344 habuitEeclesia
2191 4303 2255 4341 ex
2269 4286 2355 4339 di-

799 4388 927 4441 vina
958 4387 1385 4454 essentia.eujus
1417 4386 1518 4439 fuit
1550 4385 1859 4456 symbolum
1885 4380 2357 4449 insultlatio,prius

798 4462 1113 4547 significans
1166 4478 1260 4531 Dei
1298 4477 1461 4530 Verbi
1508 4492 1573 4529 ex
1607 4476 1765 4529 Patre
1812 4473 1863 4527 id
1914 4472 2059 4542 quod
2106 4488 2171 4525 ex
2200 4470 2359 4523 nobis

2448 3283 2633 3345 modo,
2682 3284 2947 3337 mulieris.
2982 3283 3099 3337 Alia
3137 3292 3220 3338 est
3266 3285 3369 3338 viri
3402 3286 3651 3347 nudatio,
3683 3286 3788 3338 alia
3832 3295 4018 3341 autem

2448 3375 2710 3429 mulieris.
2750 3375 2923 3428 Aliter
2955 3375 3107 3429 timet
3132 3376 3301 3429 Adam
3332 3377 3426 3445 qui
3455 3386 3539 3429 est
3576 3377 3781 3431 Christi
3816 3378 4020 3447 ﬁgura,

2462 3483 2572 3521 non
2599 3467 2897 3535 deceptus;
2943 3477 2997 3521 et
3022 3468 3356 3521 alitertimet
3384 3469 3580 3523 mulier
3612 3469 3867 3537 decepta.
3901 3472 4020 3539 Ipsa

2462 3557 2609 3611 enim
2623 3573 2723 3626 per
2740 3557 3190 3621 inobedientiain,
3207 3559 3351 3613 sicut
3369 3559 3631 3626 Ecclesia;
3648 3560 3819 3615 Adam
3833 3573 4022 3616 autem

2450 3651 2667 3719 (nempe
2690 3650 2965 3719 Christus)
2991 3668 3057 3705 eo
3072 3652 3217 3721 quod
3241 3668 3339 3722 pro
3359 3653 3631 3708 ambobus
3653 3653 3705 3707 id
3731 3654 4021 3723 suscipiat.

2450 3742 2565 3796 lloc
2592 3740 2755 3795 modo
2780 3741 3133 3811 intelligenda
3163 3752 3248 3797 est
3281 3744 3445 3797 etiam
3485 3743 3713 3797 nudatio
3755 3759 3924 3813 quam
3970 3747 4023 3799 in

2448 3832 2697 3887 Calvaria
2720 3833 3003 3897 sustinuit,
3032 3842 3088 3887 et
3112 3834 3261 3904 luga.
3284 3833 3656 3899 Quamobrem
3682 3850 3781 3904 per
3796 3834 4026 3904 diSpen-

2452 3928 2720 3980 sationem
2748 3927 2911 3981 etiam
2944 3926 3082 3995 fugit
3120 3926 3175 3979 in
3207 3924 3532 3996 IEgyptum,
3564 3936 3620 3981 et
3648 3929 3869 3981 vocavit
3896 3945 4024 3982 eum

2454 4019 2717 4071 Dominus
2760 4018 2902 4069 Deus
2923 4018 3182 4070 latentem
3214 4018 3267 4071 in
3304 4016 3559 4087 Aigyplo.
3585 4017 3770 4083 Quare
3803 4020 4027 4073 dicebat

2452 4107 2617 4160 etiam
2649 4126 2660 4158 :
2699 4106 2779 4159 Er.
2805 4106 3032 4175 zEgypto
3060 4108 3237 4159 vocavi
3264 4106 3459 4160 Filium
3497 4126 3664 4161 meum
3688 4110 3753 4162 ⁸³.
3784 4110 3947 4176 Quod
3980 4112 4025 4165 si

2455 4201 2538 4252 vis
2567 4200 2733 4252 etiam
2767 4198 2952 4251 videre
2982 4197 3261 4251 Christum
3287 4198 3592 4253 voluntarie
3611 4201 3902 4255 timentem
3929 4218 4027 4271 pro

2455 4291 2717 4353 Ecclesia,
2766 4290 2895 4343 audi
2933 4290 3319 4359 evangelistam
3363 4290 3431 4344 de
3482 4307 3549 4345 eo
3580 4291 3860 4346 dicentem
3916 4314 3929 4346 :
3964 4296 4028 4348 Et

2454 4400 2571 4435 cum
2598 4392 2729 4435 esset
2757 4384 2811 4434 in
2842 4383 3031 4451 agonia
3054 4422 3069 4443 ,
3108 4384 3275 4435 oravit
3311 4384 3567 4436 intensius
3583 4383 3649 4447 ³’,
3680 4394 3734 4437 et
3768 4385 3898 4440 ideo
3933 4388 4027 4453 fuit

2457 4474 2622 4525 tristis
2646 4489 2809 4539 usque
2829 4472 2898 4524 ad
2931 4482 3149 4525 mortem
3169 4473 3211 4503 ‘°
3242 4490 3255 4525 :
3290 4473 3571 4527 medicans
3600 4475 3883 4529 tristitiam
3909 4493 4031 4530 mu-

796 4582 882 4626 est
912 4570 1123 4622 luteum
1178 4569 1504 4637 ingressum,
1532 4574 1587 4618 et
1633 4564 2023 4618 habitationem
2075 4562 2129 4614 in
2183 4561 2355 4631 hypo-
2389 4569 2430 4622 ι)
2460 4563 2631 4625 lieris,
2666 4574 2719 4615 et
2757 4579 2855 4632 pro
2875 4578 2937 4616 ea
2961 4563 3159 4617 ductus
3176 4563 3241 4617 ad
3269 4564 3599 4633 passionem.
3629 4566 3905 4630 Quoniam
3929 4583 4028 4619 au-

799 4660 953 4715 stasi.
1001 4658 1068 4713 Et
1099 4658 1221 4711 ideo
1250 4672 1361 4710 non
1409 4656 1502 4709 dat
1548 4656 1691 4709 Deus
1749 4653 1966 4709 mulieri
2012 4651 2357 4705 essentialem

800 4753 888 4807 sui
913 4749 1381 4812 insulnationem,
1444 4746 1703 4816 quoniam
1759 4760 1872 4799 non
1917 4753 2004 4798 est
2058 4742 2359 4811 composita

802 4846 1003 4901 mulier
1029 4860 1096 4897 ex
1118 4841 1409 4897 divinitate
1432 4847 1488 4893 et
1517 4837 1879 4900 humanitate,
1941 4836 2083 4890 sicut
2104 4834 2359 4889 Christus

802 4938 1010 4994 Adam:
1065 4934 1158 4989 sed
1188 4949 1253 4987 ex
1282 4948 1389 4985 una
1414 4931 1528 4984 sola
1558 4944 1744 4992 carne,
1786 4942 1981 4997 nempe
2031 4927 2202 4979 latere
2252 4926 2357 4978 hu-

805 5026 1103 5084 manitatis.
1132 5027 1301 5080 Porro
1318 5034 1500 5077 autem
1523 5023 1578 5075 in
1608 5021 1879 5091 positione
1903 5034 2121 5087 quoque
2171 5026 2227 5072 et
2276 5018 2358 5070 in-

807 5137 995 5193 gressu
1061 5118 1254 5174 Adanii
1306 5116 1362 5170 in
1418 5114 1759 5185 paradisum,
1816 5127 1927 5165 non
1965 5110 2136 5163 dicit:
2187 5108 2358 5163 Simul

808 5210 955 5282 ponit
980 5225 1097 5261 cum
1124 5223 1183 5260 eo
1207 5205 1499 5259 mulierem.
1548 5204 1736 5272 Neque
1764 5216 1897 5254 vero
1933 5200 1989 5253 in
2037 5199 2357 5268 operatione

808 5300 939 5354 facit
994 5296 1155 5351 simul
1204 5310 1329 5349 cum
1380 5309 1447 5348 eo
1480 5290 1724 5360 operari,
1782 5305 1960 5359 neque
2005 5289 2060 5343 in
2110 5288 2360 5343 custodia

812 5388 979 5445 simul
1034 5402 1154 5441 esse
1198 5386 1500 5439 custodem.
1541 5382 1649 5436 Sed
1699 5396 1879 5451 neque
1925 5396 1991 5435 ex
2038 5380 2188 5435 omni
2214 5380 2364 5449 ligno

809 5478 957 5550 quod
985 5487 1069 5533 est
1106 5478 1160 5532 in
1192 5476 1445 5547 paradiso
1471 5474 1697 5546 jubetur
1732 5472 2026 5527 comedere
2080 5472 2187 5525 nisi
2214 5472 2365 5525 solus

809 5569 1083 5623 Christus.
1110 5567 1215 5621 Sed
1248 5582 1423 5636 neque
1450 5564 1682 5634 imponit
1704 5563 1897 5616 mulier
1922 5577 2122 5617 nomen
2174 5561 2366 5616 bestiis

812 5671 869 5716 et
886 5660 1201 5715 volucribus
1230 5678 1242 5712 :
1276 5660 1345 5713 ad
1373 5659 1548 5713 solum
1572 5657 1720 5711 enim
1741 5655 2007 5710 Adamum
2028 5671 2125 5709 eos
2142 5654 2367 5710 adduxit

910 5779 955 5809 ⁸⁵
989 5778 1187 5861 Ephes.
1222 5794 1273 5839 ι’,
1311 5778 1397 5831 39..
1505 5777 1547 5808 ³⁸
1571 5777 1710 5831 Psal.
1753 5792 1863 5841 vni,
1891 5775 2003 5827 6.8.

819 5863 959 5912 xxvi,

2115 5774 2155 5806 ³⁷
2187 5776 2203 5829 1
2240 5777 2381 5831 Tim.
2405 5794 2461 5841 ιι,
2496 5778 2580 5831 ll.

2460 4664 2566 4707 tem
2600 4655 2915 4717 meridiem,
2965 4654 3058 4707 Dei
3098 4655 3255 4708 Verbi
3301 4654 3595 4708 adventum
3629 4671 3749 4709 esse
3794 4666 4029 4724 paterno

2458 4743 2732 4806 dedimus.
2762 4758 2985 4797 necesse
3002 4752 3088 4797 est
3108 4746 3332 4797 omnino
3344 4745 3531 4798 ridere
3548 4746 3827 4814 quomodo
3854 4747 4027 4800 etiam

2460 4836 2527 4891 de
2563 4836 2785 4889 homine
2808 4834 3084 4889 communi
3116 4835 3231 4904 (qui
3262 4842 3346 4889 est
3370 4836 3537 4891 veluti
3572 4836 3795 4906 quidam
3830 4838 4027 4901 Adam)

2459 4939 2516 4981 et
2555 4926 2623 4981 de
2655 4926 2775 4995 ejus
2805 4927 3034 4996 conjuge
3086 4925 3352 4991 Ecclesia,
3380 4927 3535 4996 prius
3585 4935 3716 4981 sunt
3749 4927 4029 4998 descripta

2463 5020 2744 5091 proposita
2770 5010 3005 5088 paradisi
3029 5030 3309 5089 mysteria,
3336 5028 3392 5072 et
3416 5018 3577 5073 linem
3598 5030 3937 5089 acceperunt
3975 5023 4028 5074 in

2463 5111 2646 5166 nobis.
2684 5110 2820 5166 Cum
2862 5126 2993 5181 ergo
3044 5110 3371 5165 comedisset
3400 5111 3597 5165 mulier
3641 5127 3764 5181 quze
3796 5112 4029 5177 dicitur,

2462 5223 2529 5261 ex
2556 5205 2699 5259 malo
2752 5204 3048 5275 impietatis
3090 5204 3269 5259 fructu
3302 5204 3456 5273 ligni,
3496 5213 3649 5259 stans
3694 5220 3870 5273 prope
3915 5220 4033 5259 ser-

2464 5305 2685 5367 pentem
2716 5305 2975 5366 tanquam
3009 5304 3153 5351 esset
3183 5297 3303 5366 ejus
3331 5312 3489 5358 uxor,
3519 5295 3718 5349 deinde
3737 5296 3789 5349 ei
3816 5312 4032 5350 renun-

2462 5386 2672 5448 tiasset,
2696 5394 2756 5439 ut
2778 5386 2886 5456 jam
2921 5385 3036 5439 dixi
3066 5396 3245 5450 antea,
3279 5394 3335 5440 et
3367 5385 3431 5439 ad
3467 5386 3721 5439 maritum
3758 5396 3908 5440 esset
3941 5404 4032 5442 re-

2462 5492 2640 5537 versa,
2680 5492 2787 5530 non
2824 5476 3134 5530 invenimus
3154 5492 3273 5531 eam
3300 5476 3534 5546 amplius
3553 5476 4032 5547 appropinquasse

2462 5578 2560 5621 aut
2601 5584 2724 5622 cum
2790 5577 3044 5637 serpente
3082 5568 3307 5622 omnino
3355 5582 3475 5623 esse
3525 5568 3783 5621 locutam.
3832 5568 4032 5624 Omnia

2466 5677 2596 5731 ergo
2621 5676 2741 5731 qua:
2776 5660 3005 5715 luerunt
3033 5668 3155 5729 post
3177 5662 3297 5731 ejus
3321 5660 3735 5715 conversionem
3774 5659 3842 5714 ad
3884 5659 4032 5714 Atla-

2682 5779 2723 5810 ³⁸
2757 5776 2881 5832 05c.
2921 5793 2992 5842 xi,
3027 5779 3072 5830 Ι.
3178 5779 3219 5812 ³’
3252 5778 3382 5833 Luc.
3421 5793 3548 5845 xxn,
3578 5778 3663 5832 45.
3766 5780 3809 5808 ⁸⁸
3840 5778 4011 5831 Matth
