4186 6442
172 412 192 476 1
204 416 312 479 0'29

1254 413 1334 473 IN
1375 406 1922 471 ῙΙΕΧΛΕΜΕΒΟΝ.
1950 432 2018 445 -
2048 408 2192 468 LIB.
2234 409 2337 467 Χῐ.

3277 412 3414 479 1030

164 543 317 579 llttlul
357 527 487 593 (hoc
510 538 616 590 est,
651 526 955 595 Christum)
999 523 1302 593 intelligere
1339 530 1557 592 oportet
1605 520 1746 572 bona
1776 522 1821 576 Α
1848 515 2012 572 lecta.
2039 517 2166 572 lla~c
2190 517 2376 571 omnia
2408 532 2516 572 non
2546 524 2673 573 sunt
2704 517 2992 573 irascentis
3008 519 3228 589 judieis,
3257 540 3322 579 ex
3348 527 3416 581 iis

158 631 216 671 et
246 628 385 672 tunc
417 622 766 690 praeﬁgurata
788 618 854 671 ad
880 618 1138 671 Ecclesia:
1172 616 1529 673 beneﬁcium,
1560 622 1615 665 et
1644 628 1741 664 ru-

158 710 395 778 jnslibet
414 710 661 764 hominis
683 711 779 779 qui
807 720 894 764 cst
915 709 1160 779 ejusdem
1193 710 1352 778 cujus
1370 708 1484 776 ipsa
1501 703 1740 776 generis.

158 804 471 857 “culorum
507 804 729 873 quidem
770 804 921 858 visus
967 803 1478 871 recuperationem,
1534 798 1744 852 Christi

160 911 307 950 vera:
344 896 488 950 lucis
514 896 882 965 agnitionem;
916 896 1181 948 nuditatis
1215 904 1397 948 autem
1425 892 1742 954 teetioncm,

160 988 389 1040 initium
425 1004 625 1041 sensus
664 989 731 1040 ad
777 990 1194 1043 correctionem.
1246 988 1379 1042 Nam
1430 986 1743 1054 sapientes,

161 1078 372 1146 inquit,
407 1088 596 1147 tegunt
622 1096 775 1133 suam
803 1078 1208 1132 verecundiam.
1244 1078 1385 1131 Audi
1411 1076 1557 1130 enim
1596 1074 1743 1144 quod

160 1169 260 1221 ﬁat
308 1179 581 1237 przeterea
635 1178 759 1237 post
790 1170 979 1223 induta
1028 1170 1389 1238 subligacula.
1444 1170 1546 1235 Qui
1598 1168 1745 1221 enim

157 1261 321 1327 prius
347 1278 460 1314 non
493 1262 818 1315 obedierant
845 1263 962 1316 voci
1001 1272 1057 1317 et
1083 1262 1341 1316 mandato
1374 1261 1463 1315 Dei
1502 1263 1745 1331 quiante

159 1353 455 1406 meridiem
487 1365 794 1423 temporum
818 1355 1061 1408 nondum
1089 1355 1405 1416 advenerat,
1430 1365 1485 1407 et
1508 1371 1604 1423 per
1624 1370 1745 1407 ear-

158 1460 287 1497 nem
317 1447 483 1499 nobis
526 1461 635 1499 non
669 1447 1157 1517 appropinquarat,
1192 1457 1247 1501 et
1276 1448 1517 1500 nondum
1552 1446 1743 1499 ambu-

159 1538 313 1591 labat
352 1539 453 1592 Dei
507 1541 827 1608 przedicatio
868 1551 998 1593 tunc
1028 1556 1152 1593 cum
1187 1541 1239 1594 in
1276 1557 1495 1594 onmem
1543 1550 1743 1594 terram

157 1628 338 1681 exivit
370 1644 547 1682 sonus
566 1631 686 1697 ejus
723 1627 958 1682 dicentis
988 1647 999 1681 ε
1033 1629 1397 1682 Pwuitentiam
1443 1632 1602 1699 agite,
1650 1648 1745 1699 ap-

158 1720 495 1788 propinquat
549 1721 687 1771 enim
743 1735 958 1788 regnum
1004 1720 1348 1781 cwlorum“,
1394 1721 1614 1788 quando
1640 1737 1743 1774 vox

161 1811 389 1867 Domini
428 1812 570 1864 facta
603 1821 688 1864 est
719 1829 886 1881 super
915 1828 1107 1880 aquas,
1140 1812 1361 1879 quando
1400 1813 1608 1865 tonitru
1648 1828 1745 1865 vo-

1847 624 1970 677 qua:
2018 620 2147 663 sunt
2187 610 2581 678 consequentia
2618 610 2884 665 historia}.
2917 611 3052 665 Nam
3107 628 3229 667 cum
3270 616 3415 671 Deus

1845 700 2076 755 dixisset
2105 701 2315 755 Adamo
2360 719 2373 753 :
2401 698 2526 765 Quis
2559 702 2649 754 tibi
2681 704 3001 757 renuntiavit
3028 706 3166 774 quod
3195 708 3265 759 sis
3314 726 3417 762 nu-

1844 793 1963 856 dus,
1995 795 2095 846 nisi
2115 794 2421 847 comedisset:
2449 808 2512 845 ea:
2536 792 2675 861 ligno
2716 796 2851 863 quod
2882 796 2971 848 tibi
2982 797 3125 864 jussi
3159 814 3223 851 ne
3245 816 3417 853 come-

1845 886 2042 938 deres?
2082 885 2215 940 Vide
2265 886 2410 955 quod
2460 885 2632 939 Adam
2681 886 2790 939 Deo
2838 889 3135 958 respondet
3187 890 3416 946 dicens:

1846 975 2039 1030 Mulier
2067 992 2228 1045 quam
2263 977 2448 1028 dedisti
2485 977 2608 1029 milii
2638 992 2857 1039 uicerint,
2889 979 3002 1045 ipso
3036 981 3159 1032 mihi
3187 980 3327 1033 dedit
3353 998 3419 1035 ex

1848 1070 2009 1139 ligno,
2070 1079 2117 1123 et
2166 1072 2381 1124 comedi.
2434 1070 2650 1124 Audisti
2691 1072 2968 1139 quomodo
3014 1090 3120 1127 non
3173 1077 3421 1143 peccavit

1845 1164 2040 1226 Adam,
2074 1172 2134 1217 ut
2161 1164 2253 1232 qui
2290 1179 2397 1216 non
2426 1163 2591 1216 fuerit
2620 1164 2884 1233 deceptus
2905 1166 3049 1219 ?non
3074 1168 3369 1223 dicitenim
3401 1188 3416 1222 :

1847 1254 2057 1323 Decepit
2083 1272 2162 1307 me
2196 1254 2404 1308 mulier.
2430 1254 2551 1308 Non
2583 1255 2719 1309 dicit
2752 1274 2764 1308 :
2798 1257 2878 1310 Me
2908 1259 3301 1327 supplantavit,
3327 1269 3422 1314 aut

1845 1360 1909 1399 ea
1950 1346 2084 1399 mihi
2122 1345 2227 1399 iuit
2260 1345 2467 1413 peccati
2501 1345 2846 1398 consiliatrix
2870 1389 2884 1409 ,
2911 1363 2977 1401 nc
3022 1348 3273 1403 conferat
3306 1352 3421 1403 cnl-

1846 1453 1969 1506 pani
1994 1438 2190 1490 incum
2214 1439 2307 1506 qui
2342 1438 2511 1508 ipsam
2535 1440 2587 1492 ei
2614 1438 2788 1492 dedit.
2822 1440 3203 1495 Poteratenim
3236 1458 3294 1497 se
3320 1443 3419 1495 de-

1844 1526 2291 1593 fendere,etlleo
2322 1532 2678 1600 respondere,
2707 1532 2896 1586 dicens
2928 1552 2939 1585 :
2965 1533 3417 1590 Ilectehahebam

1844 1640 1969 1677 eum
2016 1624 2170 1693 prius
2209 1640 2386 1678 essent
2428 1627 2611 1689 solus;
2639 1626 2732 1680 sed
2756 1626 2999 1696 adjutrix
3029 1639 3192 1697 quam
3216 1629 3417 1683 dedisti

1843 1715 1981 1769 mihi
2021 1731 2130 1769 non
2169 1725 2291 1769 erat
2319 1717 2582 1785 adjutris,
2608 1717 2703 1770 sed
2730 1718 2952 1772 inimica
2986 1728 3043 1771 et
3085 1718 3417 1773 insidiatrix.

1916 1807 2063 1861 Nihil
2095 1816 2279 1860 autem
2309 1807 2447 1860 dicit
2495 1819 2592 1862 aut
2627 1809 2831 1877 cogitat
2878 1810 3219 1879 lmjusmodi.
3276 1811 3421 1866 Dicit

158 1902 239 1954 cis
269 1904 614 1970 evangelicae
638 1905 839 1956 laetum
866 1911 949 1955 est
980 1903 1031 1955 in
1069 1912 1187 1956 rota
1211 1904 1422 1964 mutuli.
1451 1904 1741 1957 audierunt
1778 1890 1817 1943 Β
1848 1898 2031 1966 itaque
2063 1915 2076 1949 :
2101 1896 2293 1951 Mulier
2313 1915 2475 1968 quam
2496 1899 2685 1951 dedisti
2704 1899 2850 1962 mihi,
2873 1900 2938 1953 ad
2959 1916 3043 1953 ine
3064 1902 3417 1965 servandum,

159 2008 353 2047 vocem
407 1994 626 2047 Domini
684 1994 923 2047 dicentis
956 2011 969 2047 :
1001 1992 1130 2048 Oves
1179 2010 1306 2047 mea:
1351 2010 1524 2047 vocem
1573 2010 1744 2047 ineant

158 2086 388 2137 rudiuut
429 2087 496 2147 ⁸⁵,
552 2087 833 2137 audierunt
864 2102 1038 2138 uocem
1077 2084 1289 2137 Domini
1334 2084 1655 2137 anrbulantis
1690 2086 1741 2138 in

158 2178 420 2243 paradiso
457 2176 717 2231 Ecclesia:
746 2178 1111 2231 olcastrorum
1141 2180 1360 2245 (nempe
1389 2178 1653 2245 gentium)
1689 2187 1745 2231 et

158 2268 407 2324 dicentis
455 2289 467 2322 :
531 2269 706 2323 Venite
762 2272 833 2323 ad
889 2286 991 2333 me,
1033 2286 1210 2323 omnes
1268 2272 1357 2339 qui
1410 2271 1743 2335 laboratis",

158 2361 619 2430 quandoquidem
671 2362 817 2431 ligna
862 2362 1114 2416 scinditis
1160 2364 1427 2416 montium
1469 2363 1535 2416 ad
1611 2363 1745 2417 deos

160 2450 359 2505 iranes
388 2452 819 2522 exsculpendos,
842 2462 899 2507 et
924 2453 993 2508 iis
1029 2454 1245 2507 onerati
1278 2455 1416 2507 estis
1452 2462 1513 2507 ut
1537 2455 1746 2509 abeatis

157 2544 217 2596 ad
246 2545 465 2613 templa
492 2545 850 2608 exsecranda,
871 2554 927 2599 et
950 2561 1052 2614 ego
1082 2545 1151 2599 ab
1179 2546 1246 2599 iis
1267 2545 1524 2599 omnibus
1541 2563 1639 2599 vos
1671 2547 1746 2601 fa-

158 2632 305 2683 ciant
348 2631 660 2701 quiescere.
702 2633 770 2687 Et
802 2634 1107 2688 timuerunt
1151 2635 1439 2689 Dominum
1468 2637 1564 2705 qui
1590 2638 1747 2706 prius

162 2722 353 2790 ipsum
382 2738 496 2777 non
540 2725 831 2778 timebant.
869 2726 1216 2793 Timuerunt,
1250 2728 1381 2797 quia
1422 2744 1531 2781 non
1573 2729 1748 2783 habe~

159 2813 299 2869 bant
344 2815 731 2871 indumentum
774 2818 1049 2888 nuptiale;
1100 2818 1344 2874 nondum
1393 2821 1539 2873 enim
1571 2819 1746 2890 bapti-

164 2907 274 2959 zati
298 2915 468 2960 erant
491 2909 545 2961 in
573 2907 1246 2974 Christum,utChristum
1275 2912 1586 2965 induerent.
1605 2912 1745 2967 Nudi

156 3007 348 3062 erant,
374 2999 528 3052 exuti
571 3001 742 3069 priori
770 3002 1091 3057 indumento
1120 3003 1555 3073 incorruptionis
1572 3013 1625 3058 et
1649 3005 1747 3057 im-

162 3090 544 3145 mortalitatis.
596 3092 703 3146 Sed
742 3095 965 3162 quando
1028 3095 1328 3149 audierunt
1376 3111 1562 3151 vocem
1627 3098 1747 3165 ejus

158 3180 258 3249 qui
296 3180 503 3249 qumrit
526 3196 684 3235 ovem
702 3198 824 3251 qua:
847 3185 1107 3252 perierat,
1126 3195 1183 3239 et
1217 3193 1588 3255 tegumentum
1611 3186 1741 3255 ligni

162 3269 295 3321 vita:
324 3267 639 3337 Christiqui
666 3269 804 3324 dicit
849 3286 947 3339 per
977 3270 1307 3341 Prophetam
1347 3272 1415 3327 de
1442 3273 1602 3327 nobis
1635 3293 1647 3325 :
1680 3274 1741 3327 In

163 3359 399 3427 tegmine
420 3358 633 3412 alarum
660 3368 873 3414 tuarum
896 3371 1133 3433 proteges
1163 3380 1257 3417 nos
1270 3364 1468 3428 “,cum
1490 3365 1742 3433 fuerimus

161 3449 217 3501 in
252 3466 464 3503 arcano
496 3450 669 3505 vultus
706 3453 805 3505 tui.
848 3453 915 3506 Et
952 3469 1076 3509 cum
1106 3454 1409 3523 accepisset
1453 3456 1740 3525 prodigum

164 3540 317 3596 linire
352 3541 565 3595 nudum
596 3542 895 3609 hominem,
918 3545 1011 3614 qui
1041 3547 1385 3600 extrinsecus
1425 3547 1571 3601 intro
1594 3557 1742 3603 recte

162 3644 289 3686 erat
323 3634 630 3703 ingressus,
660 3651 790 3690 eum
842 3638 979 3692 texit
1017 3638 1208 3693 dicens
1242 3656 1254 3691 :
1283 3639 1475 3709 Alferte
1512 3642 1742 3709 primum

159 3722 430 3777 stolam"
455 3740 619 3794 quam
646 3726 750 3781 iste
782 3726 1184 3798 ferebatprius,
1218 3745 1414 3799 nempe
1451 3730 1742 3785 indumen-

163 3822 283 3867 tum
320 3814 780 3885 incorruptionis,
826 3827 882 3872 et
927 3818 1138 3874 induite
1161 3834 1309 3873 eum.
1346 3820 1575 3886 Quando
1610 3838 1744 3892 ergo

162 3905 330 3959 audis
356 3906 432 3960 de
461 3906 698 3961 Domino
732 3908 843 3963 Deo
864 3920 1154 3977 prtesente,
1178 3922 1235 3965 et
1253 3912 1471 3967 dicente
1498 3913 1740 3968 Adamo:

168 3996 263 4051 Ubi
299 4013 378 4060 es,
405 3997 462 4051 in
492 3998 696 4052 bonum
724 4002 969 4071 intellige
996 4002 1136 4055 hanc
1167 4004 1527 4058 vocationem.
1569 4003 1742 4071 Quem

162 4086 318 4140 enim
359 4089 563 4156 quaerit
603 4098 661 4142 et
693 4098 849 4143 vocat
879 4091 946 4143 ad
990 4106 1049 4146 se
1075 4092 1239 4155 Deus,
1270 4101 1356 4147 est
1391 4093 1743 4163 perspicuum

166 4177 317 4246 quod
342 4178 558 4232 recedit
584 4180 807 4249 quidem
833 4197 865 4235 a
890 4182 1064 4249 malo,
1096 4198 1221 4237 cum
1250 4183 1365 4238 Deo
1390 4193 1571 4239 autem
1592 4185 1743 4240 inve-

166 4264 345 4318 nitor.
404 4261 507 4319 Sin
543 4277 728 4322 autem
772 4284 896 4324 cum
943 4270 1045 4335 ira,
1077 4281 1133 4325 et
1163 4273 1615 4328 excandescentia
1637 4316 1651 4338 ,
1686 4288 1746 4330 ut

165 4354 399 4423 quidam
431 4355 780 4424 existimant,
825 4360 971 4414 Deus
1011 4362 1241 4416 accessit
1272 4362 1342 4416 ad
1380 4363 1646 4419 Adamum
1689 4376 1746 4420 et

166 4448 340 4504 Evam
384 4450 443 4503 in
482 4450 737 4519 paradiso
763 4450 833 4505 ad
874 4467 971 4507 eos
992 4452 1304 4522 puniendos
1321 4454 1741 4521 eteruciandos,

1852 1998 1908 2044 et
1944 1988 2313 2043 liberandum.
2337 1998 2392 2042 et
2412 1989 2846 2057 suscipiendum,
2863 2005 2925 2042 ea
2941 1989 3074 2043 mihi
3099 1990 3251 2045 dedit
3274 2007 3421 2045 mor-

1846 2086 1954 2131 tem
1986 2077 2191 2148 abipsa
2226 2076 2549 2144 profectam,
2584 2076 2822 2130 fructum
2858 2077 3020 2147 ligni,
3055 2087 3419 2148 promptaque

1841 2180 1897 2224 et
1925 2145 2095 2223 alam.
2128 2169 2313 2222 animo
2341 2169 2578 2231 comedi,
2614 2169 2755 2223 nihil
2782 2145 3003 2237 penitus
3028 2145 3420 2225 Contradicens

1844 2279 2026 2332 neque
2052 2278 2334 2317 recusans.
2364 2263 2662 2331 Propterea
2702 2264 2850 2317 enim
2880 2263 3050 2317 Adam
3074 2265 3278 2319 nullam
3317 2280 3415 2320 eo-

1846 2370 1965 2407 rum
2015 2354 2237 2422 penitus
2270 2352 2396 2406 facit
2432 2354 2798 2415 mentionem,
2832 2370 2957 2407 cum
2992 2355 3105 2408 Deo
3140 2355 3373 2424 loquens
3402 2396 3418 2418 ,

1844 2458 1905 2499 ut
1937 2446 2031 2515 qni
2072 2462 2249 2514 neque
2279 2454 2428 2499 esset
2478 2445 2830 2510 inobediens,
2870 2461 3048 2514 neque
3095 2462 3125 2501 a
3160 2456 3421 2517 serpente

1843 2537 2071 2589 omnino
2117 2536 2283 2589 ullam
2334 2536 2635 2605 accepisset
2694 2536 3091 2603 irruptionem,
3140 2553 3317 2606 neque
3350 2537 3421 2591 ad

1843 2643 1971 2681 eum
2010 2626 2238 2680 omnino
2260 2626 2605 2689 accessisset,
2627 2634 2686 2679 ιιι
2713 2642 2894 2695 neque
2932 2626 3202 2681 Christus.
3231 2628 3421 2697 Neque

1847 2738 2041 2776 rursus
2072 2724 2321 2777 cernitur
2364 2723 2510 2776 Deus
2548 2722 2601 2775 in
2638 2722 2730 2776 illa
2768 2724 3003 2776 terribili
3040 2724 3421 2779 exsecratione

1845 2815 2137 2883 serpentis,
2166 2814 2465 2884 quidquam
2488 2828 2615 2867 eum
2644 2829 2766 2867 esse
2792 2814 3118 2869 criminatus
3142 2814 3210 2869 de
3242 2816 3424 2870 homi-

1847 2921 1940 2967 ne,
1964 2915 2061 2958 aut
2096 2904 2165 2957 de
2191 2904 2401 2958 Adamo
2430 2904 2573 2973 apud
2594 2920 2723 2958 cum
2757 2906 2921 2959 ullam
2960 2906 3157 2961 fecisse
3188 2906 3425 2962 mentio.

1846 3011 2009 3059 nem;
2040 2995 2134 3050 sed
2167 3011 2295 3050 eum
2326 3012 2529 3065 susque
2558 2996 2737 3067 deque
2766 3010 3089 3051 exsecratur
3117 2998 3186 3052 de
3216 3000 3420 3053 mulie-

1848 3101 1927 3148 re,
1962 3096 2019 3140 et
2050 3087 2240 3157 abjieit
2268 3087 2513 3142 elliciens
2552 3095 2612 3140 ut
2657 3089 2879 3142 caderet
2913 3104 3043 3143 casu
3094 3104 3123 3143 a
3163 3106 3274 3159 quo
3306 3106 3418 3146 non

1849 3188 2035 3249 posset
2056 3180 2309 3246 excitari,
2345 3192 2400 3236 et
2417 3190 2621 3235 :eterna
2646 3197 2773 3236 eum
2800 3181 3176 3236 condemnatis
3196 3181 3420 3237 damna-

1847 3268 1995 3321 tione
2022 3309 2036 3331 ,
2074 3270 2337 3337 quoniam
2380 3270 2663 3323 mulierem
2704 3268 3004 3323 Eeclesiam
3059 3271 3254 3331 solam,
3310 3285 3421 3326 non

1843 3368 2024 3413 autem
2054 3360 2322 3414 Adamum
2356 3361 2637 3415 Christum
2662 3361 2902 3429 decepit.
2932 3360 3085 3415 Nunc
3111 3362 3258 3416 enim
3278 3404 3293 3427 ,
3331 3364 3420 3416 in-

1842 3451 1984 3520 quit,
2018 3453 2156 3503 venit
2191 3453 2430 3521 princeps
2458 3451 2639 3505 muudi
2667 3452 2844 3520 hujus,
2880 3460 2928 3501 et
2964 3451 3018 3502 in
3055 3466 3135 3502 me
3164 3449 3299 3503 nihil
3336 3451 3420 3503 in-

1843 3546 1981 3597 venit
2005 3545 2071 3597 “.
2122 3543 2278 3597 Unde
2321 3545 2485 3599 etiam
2536 3553 2705 3601 ratam
2770 3552 2827 3596 et
2881 3550 3163 3611 acceptam
3209 3541 3420 3596 habens

1843 3633 1988 3687 Deus
2014 3633 2253 3688 insontis
2278 3634 2469 3688 Adami
2496 3634 2911 3704 responsionem
2944 3633 2996 3687 in
3020 3634 3243 3703 ﬁguram
3260 3633 3419 3689 Chri-

1844 3726 1911 3778 sli
1933 3726 2025 3794 qui
2052 3740 2161 3778 non
2190 3727 2459 3795 peccavit,
2486 3742 2610 3780 cum
2637 3726 2865 3779 dixisset
2888 3744 2900 3777 :
2930 3725 3122 3778 Mulier
3149 3743 3310 3796 quam
3328 3729 3421 3779 de-

1843 3817 1967 3869 disti
1997 3833 2219 3881 mecum,
2239 3834 2300 3869 eo
2332 3819 2455 3870 mihi
2488 3818 2629 3870 dedit
2655 3833 2716 3870 ex
2743 3818 2907 3885 ligno,
2945 3827 2991 3870 et
3020 3820 3242 3883 comedi,
3277 3820 3415 3875 nihil

1844 3908 2079 3977 amplius
2107 3924 2234 3961 eum
2274 3908 2597 3976 interrogat,
2629 3908 2724 3961 sed
2756 3909 2940 3960 statim
2976 3908 3042 3961 ad
3086 3924 3207 3963 eam
3240 3910 3415 3973 vadit,

1844 3996 1978 4051 dicit
1996 3997 2143 4051 enim
2168 3996 2372 4050 Moses:
2401 3995 2466 4049 Et
2485 3999 2531 4049 ei
2565 3997 2699 4049 dicit
2726 3997 2859 4050 Deus
2886 4014 2903 4051 :
2933 3996 3072 4062 Quid
3103 4000 3198 4052 hoc
3214 4001 3419 4069 fecisti?

1846 4088 1913 4142 Et
1971 4088 2103 4140 dixit
2162 4086 2392 4141 mulier:
2427 4085 2651 4156 Serpens
2684 4104 2766 4141 rue
2824 4089 3052 4158 decepit,
3106 4101 3154 4144 et
3197 4094 3415 4149 comedi.

1844 4179 2131 4245 Quomodo
2164 4190 2347 4232 autem
2404 4178 2473 4232 de
2503 4179 2672 4233 Adam
2701 4195 2731 4233 a
2768 4180 2878 4233 Deo
2918 4190 3193 4244 accusata,
3222 4182 3290 4236 de
3325 4183 3419 4237 illo

1847 4288 1955 4325 non
1987 4272 2307 4340 respondet,
2336 4270 2431 4324 sed
2469 4271 2537 4323 de
2571 4286 2629 4324 se
2654 4272 2773 4324 ?An
2815 4286 2923 4325 non
2953 4280 3037 4326 est
3064 4274 3418 4342 perspicuum

1845 4362 1991 4432 quod
2022 4361 2319 4415 ostendens
2342 4370 2627 4431 peccaturo
2657 4377 2766 4415 non
2799 4362 2997 4416 cadere
3027 4364 3082 4416 in
3108 4363 3421 4419 Adamum?

1846 4454 2075 4524 perinde
2104 4469 2169 4507 ac
2193 4453 2238 4507 si
2272 4452 2485 4506 diceret
2513 4453 2624 4506 Deo
2655 4470 2668 4505 :
2701 4452 2871 4507 Adam
2899 4464 2982 4507 est
3016 4453 3300 4519 innocens,
3319 4471 3420 4526 ego

165 4540 471 4611 oportebat
500 4556 625 4595 eum
660 4542 845 4596 statim
876 4559 1102 4613 pergere
1132 4543 1198 4597 ad
1231 4556 1540 4615 serpentem
1568 4556 1623 4601 et
1647 4565 1749 4617 pn-
1777 4565 1821 4619 ι)
1850 4546 1963 4599 sola
2012 4545 2126 4599 Deo
2156 4558 2279 4598 meo
2303 4558 2413 4597 non
2434 4543 2616 4597 obedii
2638 4585 2651 4607 ,
2681 4553 2739 4598 et
2781 4544 2915 4613 fregi
2951 4554 3106 4612 pacta
3149 4558 3421 4603 conventa

170 4631 291 4685 nire
311 4640 608 4685 auctorem
638 4632 933 4686 malorum.
956 4632 1259 4702 Oportebat
1287 4634 1571 4689 mulierem
1612 4636 1750 4691 insi-

168 4723 473 4777 diatricem
525 4722 629 4776 viri
670 4723 1070 4787 condemnare.
1100 4736 1157 4780 et
1190 4741 1257 4780 ex
1296 4725 1549 4795 paradiso
1573 4736 1752 4782 exter-

170 4818 433 4881 minare,
478 4825 537 4871 et
579 4819 944 4873 exsecrationi
1000 4828 1057 4873 et
1107 4819 1271 4874 morti
1319 4820 1612 4891 subjicere.
1655 4821 1753 4877 llic

168 4917 363 4963 autem
426 4908 489 4962 ﬁt
564 4910 940 4975 contrarium;
1000 4910 1221 4965 attende
1268 4910 1434 4965 enim.
1470 4910 1602 4965 Eam
1649 4928 1755 4967 nec

169 5006 526 5064 exsecratur,
543 5015 645 5056 nec
658 5001 1006 5064 criminatur,
1021 5016 1195 5071 neque
1214 5014 1388 5058 morte
1401 5003 1750 5072 condemnat;

172 5091 270 5145 sed
294 5100 356 5145 et
406 5101 647 5161 separat,
689 5102 745 5147 et
772 5094 993 5149 redimit
1022 5095 1091 5149 ab
1120 5095 1443 5151 iusidiatore
1476 5098 1596 5167 ejus
1635 5113 1754 5152 ser-

173 5192 343 5251 pente
364 5225 381 5247 ,
430 5183 485 5237 ei
520 5184 712 5239 dicens
740 5204 752 5238 :
781 5185 985 5241 Portam
1020 5188 1346 5253 inimicitias,
1376 5198 1432 5243 et
1453 5190 1620 5244 veluti
1665 5207 1754 5245 re-

172 5272 411 5342 podium
430 5275 571 5328 inter
597 5286 646 5329 te
672 5285 721 5330 et
746 5277 1039 5341 mulierem,
1061 5294 1183 5334 eam
1223 5296 1253 5335 a
1291 5290 1343 5335 te
1372 5282 1636 5343 liberans,
1695 5289 1755 5336 et

173 5363 392 5419 iaciens
429 5375 491 5420 ut
507 5382 573 5421 ea
591 5369 724 5423 mihi
759 5369 1032 5425 adhaereat
1054 5372 1148 5442 qui
1176 5387 1297 5426 sum
1318 5373 1406 5427 vir
1424 5375 1544 5445 ejus
1567 5383 1624 5429 et
1639 5374 1751 5429 Do-

175 5455 385 5518 minus,
420 5464 481 5511 et
503 5473 623 5513 eam
656 5460 892 5515 induens
918 5463 1122 5525 tunica,
1148 5479 1343 5533 nempe
1376 5480 1465 5519 me
1506 5464 1599 5534 qui
1623 5480 1742 5519 sum

176 5554 477 5602 contextus
504 5564 573 5603 ex
596 5550 870 5619 supernis.
900 5550 1012 5606 Ate
1046 5553 1192 5607 enim
1233 5552 1414 5609 inerat
1440 5553 1664 5618 nudata,
1690 5568 1747 5607 et

176 5651 299 5691 eam
334 5640 567 5695 nomino
604 5641 804 5707 Vitam,
843 5649 904 5695 ut
937 5659 1059 5712 qua;
1088 5659 1120 5698 a
1149 5653 1201 5698 te
1236 5644 1415 5700 fuerat
1444 5655 1618 5701 morte
1659 5646 1742 5700 af-

251 5755 508 5878 “;illatth.
543 5774 619 5822 In,
648 5756 731 5841 ‘3...
777 5758 821 5791 δ’
849 5758 1004 5813 Joan.
1060 5776 1111 5817 κ.
1169 5759 1248 5813 l6.

251 5842 278 5878 “.
308 5844 340 5877 ι’)
387 5868 397 5877 ι

180 5839 278 5889 ιν,
308 5839 397 5878 at.

1329 5761 1370 5792 ³³
1398 5760 1583 5816 Matth.
1618 5780 1691 5826 xi,
1723 5765 1813 5820 θα.

1850 4646 2029 4691 tecum
2067 4638 2224 4701 inita,
2247 4645 2301 4690 et
2337 4636 2519 4689 erravi
2546 4636 2691 4689 sicut
2715 4636 2834 4689 ovis
2860 4650 2981 4704 qua:
3012 4635 3196 4703 periit,
3222 4638 3420 4694 eﬂ‘ecta

1848 4728 2160 4783 errabunda
2193 4743 2257 4783 ac
2285 4728 2418 4782 deos
2451 4728 2658 4792 colens,
2686 4738 2741 4783 et
2766 4744 2934 4796 super
2972 4737 3187 4782 montes
3213 4742 3270 4783 et
3308 4731 3423 4784 col-

1848 4821 1930 4875 lcs
1967 4820 2116 4875 nuda
2152 4835 2356 4890 vagans
2384 4835 2449 4874 ac
2472 4819 2711 4882 ﬂuitans,
2746 4830 2802 4873 et
2842 4820 3048 4889 polluta
3070 4820 3307 4875 sordidis
3335 4838 3425 4875 sa-

1851 4911 2188 4967 criﬁciorum
2220 4912 2694 4981 inquinamentis?
2717 4912 2985 4978 Quoniam
3014 4912 3167 4967 vafer
3189 4927 3421 4982 serpens

1856 5021 1941 5059 me
1991 5004 2252 5076 decepit,
2293 5011 2550 5073 tanquam
2607 5003 2912 5072 imperitam
2950 5004 3419 5059 adolescentulam

1853 5098 2218 5167 supplantans
2251 5105 2307 5151 et
2334 5096 2596 5150 aberrare
2632 5095 2859 5149 iaciens.
2903 5095 3027 5149 llaec
3063 5111 3188 5150 cum
3219 5096 3421 5150 mulier

1852 5187 2247 5258 propemodum
2304 5187 2448 5256 apud
2503 5186 2673 5240 Deum
2727 5186 3103 5250 conﬁteretur,
3156 5201 3255 5256 per
3314 5186 3420 5240 hoe

1854 5277 1999 5348 quod
2020 5277 2157 5333 dixit
2188 5296 2201 5330 :
2236 5276 2460 5346 Serpens
2497 5292 2577 5330 me
2597 5277 2816 5346 decepit,
2847 5284 2908 5328 ut
2938 5291 3061 5345 qua:
3093 5290 3248 5329 suam
3280 5275 3391 5330 indi

1853 5379 2032 5425 casset
2086 5370 2491 5439 paenitentiam,
2555 5380 2612 5424 ct
2677 5369 2727 5423 ei
2792 5379 2940 5423 esset
2998 5368 3418 5422 condonatum:

1859 5463 2052 5516 transit
2076 5462 2220 5515 Deus
2245 5461 2310 5513 ad
2336 5462 2538 5515 malum
2564 5460 2883 5523 draconem,
2918 5458 3256 5515 defectorem
3298 5476 3417 5513 ser-

1852 5564 2092 5624 pentem,
2125 5553 2248 5606 etei
2287 5551 2590 5606 dicit:Cur
2625 5554 2721 5605 hoc
2759 5552 2969 5620 fecisti?
2998 5550 3102 5605 Sed
3146 5552 3275 5621 quia
3316 5552 3420 5604 hoc

1850 5647 2046 5710 fecisti,
2082 5654 2137 5699 et
2168 5660 2335 5700 ausus
2371 5661 2432 5699 es
2461 5646 2643 5700 statim
2691 5645 2945 5713 decipere
2980 5644 3143 5715 916
3178 5644 3417 5713 primum

1917 5765 1962 5794 ιδ
2000 5765 2140 5818 l’sal.
2189 5780 2347 5825 xxxv,
2392 5763 2479 5816 80.
2584 5763 2625 5793 ⁷⁵⁸
2670 5762 2802 5817 Luc.
2855 5778 2937 5814 xv.
2984 5761 3074 5816 93.
3172 5762 3217 5791 “
3262 5760 3416 5819 loan.
