4186 6442
788 395 916 461 1031

1962 396 2021 451 ὃ.
2064 391 2453 450 ANAS'I‘ASll
2494 391 2558 449 Sl
2573 391 2663 447 ΝΑ
2677 389 2815 448 l'l'zli

3885 386 4026 447 10339.

785 512 1099 578 figmentum
1132 521 1390 560 manumn
1441 520 1717 569 mearum,
1753 504 1897 572 quod
1932 504 2131 556 factum
2171 513 2254 555 est
2284 503 2347 555 ad
2380 509 2421 562 Α
2454 513 2718 570 ponuntur
2757 504 3040 553 inimicitia:
3074 505 3139 554 ab
3162 503 3264 554 hoe
3290 514 3531 571 tempore
3564 505 3699 555 inter
3729 514 3777 555 te
3809 515 3856 555 et
3887 509 4025 558 inter

784 613 956 651 meam
994 596 1283 666 imaginem
1312 605 1366 647 et
1392 595 1847 658 similitmlinem;
1884 604 1936 645 ιιι
1971 610 2029 645 es
2064 608 2355 645 exsecran-

783 690 884 742 dus
918 688 987 742 ab
1023 690 1277 742 omnibus
1311 688 1613 756 jumentis,
1659 696 1714 739 et
1753 687 1821 739 ab
1866 686 2122 738 omnibus
2162 686 2354 737 bestiis

781 797 903 849 qua:
936 791 1063 834 sunt
1093 795 1256 848 super
1278 788 1500 832 terram.
1537 781 1915 833 l'lxseerandus
1938 796 1996 831 es
2025 789 2077 831 tu
2103 788 2157 831 et
2183 782 2350 841 solus,

783 873 879 927 scd
916 890 1022 926 non
1044 873 1254 935 Adam;
1292 882 1344 925 tu
1385 872 1553 933 solus,
1582 882 1636 924 et
1667 886 1772 923 non
1804 873 2022 924 mulier.
2066 874 2169 924 Sed
2196 881 2249 925 tu
2296 888 2355 925 es

783 964 1152 1018 exsecrandus
1186 963 1253 1015 ab
1292 964 1547 1017 omnibus
1589 965 1723 1015 meis
1771 965 2037 1017 creaturis
2077 980 2196 1033 qua:
2226 976 2355 1017 sunt

784 1072 950 1125 super
986 1067 1225 1117 terram,
1272 1073 1378 1109 non
1427 1056 1494 1107 ab
1530 1055 1595 1107 iis
1630 1072 1750 1124 qua:
1780 1067 1908 1109 sunt
1942 1057 1993 1108 in
2025 1057 2183 1107 t-(elo.
2219 1056 2352 1108 Nam

781 1150 873 1216 qui
907 1149 958 1200 in
1007 1149 1099 1200 illo
1145 1157 1293 1208 sunt,
1342 1147 1515 1213 angeli
1554 1147 1679 1209 mei,
1718 1155 1844 1199 sunt
1888 1146 2183 1206 benedicti,
2217 1162 2356 1213 quo-

786 1243 930 1293 niam
970 1258 1054 1293 me
1090 1242 1422 1293 bencdicunt
1454 1241 1601 1293 missi
1633 1240 1697 1291 ad
1742 1255 1966 1291 munera
1999 1240 2353 1293 administra-

790 1334 944 1385 toria.
965 1333 1044 1384 Ίίι
1069 1332 1213 1384 enim
1240 1333 1495 1401 sperasti,
1526 1332 1567 1383 si
1600 1341 1917 1399 peccassent
1941 1333 2212 1392 homines,
2239 1332 2353 1384 tia-ri

784 1424 905 1474 loco
938 1438 1130 1474 eorum
1172 1439 1261 1474 rex
1302 1424 1544 1474 onmium
1570 1439 1690 1489 qua:
1740 1433 1870 1475 sunt
1924 1438 2077 1490 Sll|.;l
2129 1432 2353 1485 terram,

783 1512 972 1565 dicens
1014 1529 1027 1565 :
1067 1513 1170 1564 Ero
1231 1511 1417 1563 similis
1479 1513 1750 1564 Altissimo
1772 1515 1849 1576 ‘7;
1884 1514 1976 1563 seol
2027 1523 2115 1565 tua
2154 1531 2249 1581 spe
2296 1529 2357 1565 es

785 1607 1082 1658 frustratus
1110 1621 1122 1655 :
1150 1605 1232 1657 eis
1259 1604 1407 1657 enim
1429 1604 1499 1656 do
1522 1620 1737 1658 oinnem
1762 1613 2085 1672 potestatem
2107 1605 2352 1658 calcamli

784 1713 945 1763 supra
989 1705 1255 1764 serpentes
1294 1704 1350 1747 et
1390 1698 1589 1747 collum
1625 1705 1798 1747 tmnn.
1841 1696 2044 1748 Deinde
2086 1712 2210 1748 cum
2243 1697 2356 1748 lucc

785 1785 1034 1847 dixisset,
1062 1786 1309 1853 pnedicit
1332 1787 1380 1837 ei
1413 1786 1577 1837 etiam
1610 1786 1799 1838 vitimn
1820 1796 1875 1839 et
1898 1789 2090 1839 malam
2117 1797 2354 1841 mentem

786 1881 949 1948 cujus
980 1881 1125 1932 nulla
1170 1890 1485 1945 tangeretur
1521 1881 1863 1947 pamitcntia,
1897 1882 2107 1942 dicens,
2140 1896 2246 1932 non
2276 1881 2362 1947 ju-

787 1972 968 2024 beudo
997 1972 1088 2024 sed
1123 1972 1507 2040 prophetando
1545 1989 1556 2023 :
1592 1972 1764 2039 Super
1812 1981 1987 2041 pectus
2020 1982 2076 2024 et
2127 1982 2358 2024 ventrem

789 2072 957 2121 tuum.
985 2065 1087 2117 hoc
1107 2074 1212 2125 est,
1248 2064 1301 2117 in
1333 2065 1410 2116 ira
1436 2074 1490 2116 ct
1513 2064 1793 2131 voluptate
1820 2072 1911 2114 tua
1934 2063 2192 2131 gradieris
2212 2064 2358 2116 milla

789 2155 1091 2207 movendus
1122 2154 1463 2223 pienitentia.
1494 2153 1560 2205 Et
1605 2162 1805 2205 terram
1852 2153 2086 2205 comedes
2112 2124 2360 2203 gmnibus

787 2246 962 2299 diebus
989 2250 1105 2300 vita:
1141 2257 1276 2309 tute;
1318 2246 1420 2297 hoc
1443 2254 1547 2307 est,
1577 2245 1761 2312 lapsus
1784 2260 1812 2296 a
1842 2244 2050 2297 cmlcsti
2093 2242 2362 2311 sapientia

787 2338 1177 2405 etcognitione
1226 2337 1433 2397 divina,
1486 2343 1779 2388 terrestres
1821 2350 2030 2401 ponens
2081 2349 2276 2387 sensus
2308 2341 2365 2386 et

788 2430 1134 2490 materiales,
1174 2428 1568 2495 circumageris
1618 2441 1681 2479 ac
1726 2425 2002 2487 volveris;
2048 2433 2094 2476 et
2143 2423 2365 2476 inimici-

790 2521 889 2572 tias
925 2537 1117 2589 ponam
1169 2520 1306 2571 inter
1352 2529 1400 2570 te
1433 2526 1479 2569 et
1536 2517 1810 2569 mulierem
1860 2531 2022 2583 quam
2074 2514 2360 2582 decepisti,

788 2626 985 2680 nempe
1016 2627 1192 2664 meam
1225 2610 1543 2663 Ecclesiam.
1574 2608 1789 2661 Gratias
1812 2608 2022 2668 agimus
2050 2614 2153 2659 tua:
2177 2606 2367 2659 inella-

789 2701 886 2755 bili
913 2711 968 2755 et
1013 2701 1366 2755 inenarrabili
1417 2701 1745 2759 clementiaz,
1801 2699 2020 2752 Christe
2074 2700 2238 2760 Deus,
2269 2700 2363 2767 qui

791 2808 892 2848 nos
920 2793 1186 2855 liberasti,
1219 2801 1274 2845 et
1300 2792 1563 2861 scparasti
1604 2807 1633 2843 a
1666 2791 1929 2843 societate
1958 2800 2014 2843 et
2042 2789 2362 2855 dilectione,

787 2895 846 2939 et
880 2885 1120 2948 unione,
1166 2892 1223 2936 et
1265 2882 1506 2937 amicitia
1548 2882 1771 2952 maligni
1816 2880 2023 2934 diaboli
2067 2881 2361 2947 serpentis.

789 2976 873 3029 Tu
898 2990 958 3028 es
978 2975 1122 3027 Deus
1150 2972 1241 3041 qui
1273 2972 1406 3024 facis
1431 2972 1581 3024 solus
1615 2970 1888 3023 mirabilia
1920 2984 2114 3037 magna
2138 2968 2183 2998 ⁸⁸
2220 2986 2232 3021 :
2267 2969 2363 3037 qui

788 3074 1021 3137 prepter
1059 3075 1204 3117 tuam
1241 3064 1294 3116 in
1328 3077 1585 3131 sponsam
1613 3070 1759 3115 tuam
1786 3060 2083 3114 Ecclesiam
2120 3059 2362 3111 eharita-

795 3170 901 3212 tem
933 3157 1163 3226 posuisti
1193 3154 1666 3209 iuimicitiasintcr
1688 3162 1859 3207 noset
1881 3152 2165 3206 inimicum
2184 3161 2358 3215 tumn,
2389 3168 2430 3223 ο
2465 3148 2569 3201 Sed
2645 3150 2861 3203 etiamsi
2932 3164 3183 3220 oporteat

792 3260 855 3303 ut
882 3266 988 3303 non
1024 3248 1261 3317 amplius
1286 3247 1335 3301 ei
1376 3247 1700 3308 serviamus,
1725 3246 1820 3300 sed
1849 3245 1945 3298 tibi
1980 3246 2082 3299 soli
2106 3245 2231 3297 vivo
2256 3245 2363 3297 Deo

793 3357 964 3401 vero,
996 3340 1089 3409 qui
1137 3339 1276 3391 dicis
1312 3336 1621 3391 insidiatori
1666 3338 1830 3406 hujus
1871 3346 1975 3390 tua:
2012 3337 2261 3404 conjugis
2311 3344 2367 3389 et

794 3446 1007 3501 sponsa:
1039 3431 1285 3483 mulieris
1321 3447 1332 3480 :
1370 3429 1682 3481 Inimicitias
1702 3444 1894 3497 ponam
1921 3429 2061 3480 inter
2092 3436 2140 3478 te
2162 3436 2207 3479 el
2233 3428 2367 3480 inter

734 3542 741 3551 -
796 3518 1083 3573 mulierem.
1119 3517 1323 3570 Ponam
1377 3518 1722 3570 inimicitias:
1754 3532 1868 3570 rem
1898 3516 2159 3578 futuram,
2183 3526 2238 3569 et
2272 3532 2368 3584 pu-

795 3606 1006 3661 néndas
1034 3608 1352 3662 inimicitias
1383 3608 1658 3677 signiﬁcat
1687 3608 1820 3661 illud
1846 3649 1859 3671 ,
1893 3625 2120 3677 ponam,
2172 3624 2239 3660 eo
2270 3610 2365 3677 qui

736 3742 742 3754 .
796 3699 932 3752 dicit
954 3699 1276 3752 ostendente
1311 3716 1323 3750 :
1354 3699 1466 3767 ligo
1488 3701 1542 3751 in
1570 3699 1885 3752 novissimis
1910 3699 2368 3769 temporibuspo-

798 3791 1265 3845 naminimieitias
1300 3791 1443 3843 inter
1483 3800 1533 3843 te
1565 3798 1622 3843 et
1672 3791 1995 3843 Ecelcsiam.
2045 3791 2179 3843 Nam
2222 3806 2368 3843 nunc

797 3884 1022 3953 quidem
1052 3885 1221 3937 amica
1250 3893 1332 3937 est
1361 3884 1457 3937 tibi
1491 3884 1686 3937 mulier
1708 3924 1721 3946 ,
1753 3900 1898 3937 nunc
1919 3884 2119 3938 esttibi
2147 3886 2364 3954 conjnx,

801 3991 955 4029 nunc
1012 3991 1132 4029 eam
1183 3976 1414 4029 ell‘ecisti
1463 3976 1775 4044 captivam,
1831 3991 1979 4029 nunc
2019 3976 2116 4027 tibi
2173 3978 2365 4041 servit,

797 4086 947 4123 nunc
994 4078 1079 4122 est
1117 4070 1215 4122 tibi
1254 4071 1503 4140 subjecta
1528 4109 1543 4129 ,
1583 4085 1731 4122 nunc
1779 4079 1830 4123 te
1868 4068 2002 4122 colit
2056 4070 2367 4123 sacriﬁcans

802 4163 940 4215 ﬁlios
978 4178 1107 4215 suos
1141 4172 1195 4216 et
1234 4163 1372 4215 tilias
1404 4178 1531 4215 suas
1554 4162 1651 4214 tibi
1678 4172 1733 4214 et
1758 4162 1866 4214 tuis
1902 4162 2228 4225 dremoniis;
2270 4162 2363 4237 sed

801 4270 869 4308 ne
899 4255 1168 4323 glorieris,
1201 4254 1664 4322 nequecﬂ'eraris,
1693 4271 1871 4322 neque
1890 4263 2181 4322 propterea
2218 4254 2368 4305 inso-

802 4347 994 4399 lescas.
1020 4346 1152 4399 Nam
1186 4346 1335 4399 venit
1358 4346 1513 4406 hora,
1537 4356 1594 4398 et
1615 4361 1762 4397 nunc
1792 4354 1877 4398 est
1900 4345 2119 4413 quando
2149 4345 2365 4397 veniam

801 4438 1177 4491 eamvisitans
1216 4437 1464 4498 meridie,
1509 4445 1563 4489 et
1608 4436 1803 4489 faciam
1849 4437 1969 4505 ejus
1998 4436 2281 4496 ultionem,
2312 4445 2369 4489 et

2455 595 2742 645 tttnlirra'm.
2772 596 2879 646 Cur
2903 595 3045 648 enim
3084 596 3223 646 farto
3266 595 3465 648 delicto
3496 606 3781 663 oporteret
3830 611 4024 666 postea

2455 687 2642 738 ulcisci
2676 703 2799 739 eum
2841 689 2933 754 qui
2990 688 3153 740 fecit?
3184 688 3285 739 Sed
3322 689 3405 741 his
3446 689 3629 741 verbis
3682 706 3789 743 non
3840 692 4029 743 credit

2452 774 2695 835 ιΙιιιΙειειικ,
2726 778 2896 828 solam
2930 779 3218 828 attendens
3249 778 3502 832 litteram.
3539 779 3745 833 Deinde
3784 797 3894 833 non
3943 782 4027 833 \i-

2454 864 2550 917 des
2579 866 2675 922 (iili
2706 867 2850 932 dico)
2901 868 3175 919 terribiles
3227 869 3542 922 inimicitias
3596 871 3758 936 hujus
3808 872 4023 925 Christi

2456 956 2642 1009 uxoris
2675 956 2953 1019 Ecclesiae,
2987 974 3123 1024 quas
3157 959 3318 1011 habet
3352 960 3615 1014 adversus
3659 964 4030 1030 serpentem?

2454 1052 2570 1103 l\on
2594 1050 2748 1102 vides
2777 1050 3215 1118 impressionem,
3235 1070 3338 1104 non
3359 1054 3509 1107 vides
3531 1065 3833 1117 certamen,
3857 1056 4029 1124 idque

2455 1159 2575 1196 cum
2615 1153 2671 1195 tu
2708 1144 2913 1210 primus~
2942 1143 3432 1212 esperi:iris?Qiiiil
3456 1148 3599 1199 enim
3634 1164 3739 1200 non
3775 1149 4032 1201 moliris?

2455 1235 2608 1299 ρηωιι
2645 1251 2816 1302 genus
2858 1252 3053 1303 pugna:
3081 1253 3186 1287 non
3220 1239 3458 1289 excitus?
3482 1240 3651 1303 Quam
3684 1249 3869 1293 autem
3907 1257 4031 1294 ma-

2459 1344 2584 1378 num
2646 1344 2753 1379 non
2783 1344 2960 1379 armas
3016 1340 3072 1381 ut
3104 1346 3220 1380 eam
3271 1329 3516 1381 obruas?
3552 1331 3656 1382 Sed
3709 1340 3819 1384 stat
3846 1332 4033 1384 adhuc

2459 1414 2629 1478 magis
2667 1415 2816 1465 lirma
2847 1422 2899 1465 et
2930 1416 3145 1467 stabilis
3177 1436 3189 1469 :
3224 1428 3272 1467 et
3307 1418 3607 1483 procedens
3636 1420 3906 1473 adversus
3930 1437 4033 1473 en-

2458 1518 2566 1561 ses,
2591 1503 2867 1556 Christum
2890 1520 2994 1555 non
3017 1514 3175 1570 negat
3204 1524 3213 1556 :
3241 1506 3301 1558 lit
3322 1509 3370 1558 in
3396 1508 3469 1558 his
3496 1510 3729 1560 omnibus
3748 1512 4032 1578 superavi-

2459 1597 2653 1651 mus“,
2697 1607 2755 1648 nt
2803 1613 2924 1648 cum
2956 1595 3119 1648 l’aulo
3150 1596 3420 1651 dicamus.
3456 1599 3569 1652 Non
3602 1600 3757 1653 vides
3782 1617 3950 1654 enses
3974 1609 4033 1654 et

2459 1686 2683 1753 sagittas
2718 1689 2953 1754 potentis
2985 1689 3075 1741 llei
3106 1700 3315 1750 acutas,
3342 1708 3437 1757 per
3462 1709 3597 1759 quas
3619 1693 3887 1747 adversus
3913 1712 4033 1750 ser-

2460 1788 2676 1843 pentem
2734 1788 2839 1830 stat
2870 1792 3079 1834 armata
3130 1782 3183 1834 in
3222 1784 3338 1835 acie
3385 1793 3440 1835 et
3472 1787 3686 1852 pra'lio,
3744 1800 4031 1843 armatura

2464 1869 2702 1935 undique
2735 1871 2961 1933 innuita,
3014 1882 3069 1926 et
3095 1874 3340 1928 accincta
3372 1878 3552 1944 gladio
3578 1880 3838 1947 spiritus,
3874 1885 4030 1951 galea

2460 1961 2594 2027 spei.
2629 1962 2793 2016 lorica
2823 1964 3032 2031 ﬁdei“,
3071 1968 3263 2036 clypeo
3291 1970 3583 2039 baptismi?
3619 1974 3733 2027 Non
3769 1976 3930 2028 vides
3952 1979 4034 2031 in-

2460 2052 2601 2105 vieta
2626 2064 2679 2106 ct
2708 2055 2933 2111 infracta
2965 2074 3136 2123 arma,
3171 2062 3223 2114 in
3250 2064 3453 2130 quibus
3487 2069 3732 2119 conterit
3760 2078 3817 2121 et
3849 2070 4037 2123 aufert

2462 2155 2626 2212 caput
2654 2150 2926 2215 serpentis
2960 2152 2982 2202 ?
3013 2151 3279 2216 Crucem,
3314 2154 3567 2223 inquam,
3595 2174 3797 2227 corpus
3824 2171 3882 2216 et
3908 2178 4040 2215 san-

2462 2237 2679 2303 guinem
2714 2238 2866 2302 .lesu,
2901 2251 3046 2305 vota,
3100 2261 3311 2311 preces,
3370 2248 3607 2316 vigilias,
3653 2260 3709 2303 et
3757 2253 3867 2305 alia
3910 2270 4039 2321 qua!

2464 2326 2685 2379 molitur
2713 2330 2977 2381 adversus
3008 2344 3342 2400 serpentem.
3372 2346 3427 2388 et
3466 2338 3731 2391 adversus
3751 2356 3881 2393 cum
3923 2352 4041 2396 stat

2464 2417 2516 2468 in
2545 2420 2683 2483 acie,
2714 2436 2781 2472 ne
2816 2423 3051 2490 amplius
3072 2425 3120 2477 ei
3155 2428 3359 2480 serviat
3380 2429 3703 2494 ?Qnoeirca,
3732 2432 3800 2485 de
3830 2445 4040 2487 czetero

2463 2525 2586 2561 cum
2618 2526 2683 2563 eo
2715 2528 2910 2580 gerens
2933 2516 3268 2581 inimicitias,
3293 2529 3351 2572 et
3373 2535 3634 2576 conversa
3654 2524 3716 2577 ad
3742 2529 4039 2594 proprium

2465 2603 2639 2656 virum
2666 2606 2882 2673 (nempe
2902 2608 3229 2679 Christum),
3249 2612 3495 2680 quotidie
3524 2614 3668 2669 bello
3696 2617 3982 2673 invaditur
4008 2637 4038 2674 a

2467 2696 2797 2749 satellitibus
2828 2701 3103 2767 serpentis
3124 2743 3138 2766 ,
3178 2707 3617 2771 persecutionem
3651 2711 3881 2777 patitur,
3909 2728 4043 2764 ver-

2466 2784 2709 2846 beratur,
2762 2798 3080 2857 torquetur,
3142 2796 3441 2857 occiditur,
3496 2800 3769 2860 vincitur,
3832 2802 4039 2868 injuria

2464 2875 2717 2939 allicitur,
2739 2880 3013 2943 esuriens,
3044 2882 3190 2934 nuda
3221 2884 3786 2949 incedens.serviens,
3815 2892 4038 2955 sitiens,

2464 2965 2654 3018 liberis
2684 2968 2871 3022 orbata
2902 2979 2957 3021 et
3006 2973 3351 3027 membratim
3390 2975 3697 3043 discerpta,
3744 2995 3872 3032 eum
3922 2998 4043 3034 ser-

2464 3069 2626 3125 pcnte
2661 3070 2844 3112 :mtem
2873 3078 3052 3127 neque
3082 3064 3281 3126 l'mdus,
3306 3082 3483 3134 neque
3510 3070 3809 3124 amicitiam
3832 3075 4041 3128 iniens.

3278 3157 3477 3210 millies
3534 3160 3719 3211 subire
3777 3172 4042 3226 mortem,

2469 3252 2725 3308 prompto
2757 3252 2813 3295 et
2855 3243 3021 3296 alacri
3077 3247 3261 3299 animo
3289 3250 3536 3300 membra
3567 3265 3665 3303 sua
3719 3259 3776 3303 et
3830 3252 4046 3307 liberos

2469 3332 2578 3399 igni
2616 3333 2801 3393 tradit,
2832 3343 2887 3385 et.
2932 3334 3146 3401 gladiis,
3204 3346 3260 3390 et
3294 3342 3607 3403 tormentis,
3648 3342 3840 3409 potius
3874 3360 4043 3412 quam

2467 3440 2593 3476 cum
2630 3433 2884 3492 serpente
2915 3426 3094 3479 imitus
3133 3430 3410 3496 percutiat
3443 3440 3499 3483 et
3526 3432 3786 3486 amicitia:
3818 3437 4047 3490 obsides

2467 3513 2516 3565 ei
2545 3522 2640 3566 aut
2668 3513 2761 3566 det
2788 3524 2881 3566 aut
2919 3516 3170 3584 accipiat.
3198 3518 3400 3572 Eorum
3420 3527 3602 3574 autem
3636 3537 3756 3590 qum
3788 3540 3941 3578 nunc
3964 3526 4048 3578 ili-

2467 3614 2669 3659 euntur
2722 3623 2825 3660 nos
2872 3617 3039 3662 testes
3086 3627 3279 3664 sumus
3305 3614 3397 3680 qui
3448 3614 3680 3667 Verbum
3734 3618 4045 3671 audimus:

2468 3712 2566 3765 pro
2600 3698 2703 3751 tide
2756 3698 2920 3764 huius
2949 3701 3194 3754 mulieris
3230 3702 3461 3766 Christi,
3502 3705 3747 3772 pericula
3791 3710 4049 3776 quotidie

2468 3790 2754 3855 adeuntes,
2788 3794 3025 3861 serpenti
3071 3804 3253 3848 autem
3304 3812 3413 3848 non
3444 3797 3790 3853 obcdientes.
3852 3800 4050 3857 Testes

2471 3881 2881 3936 inimicitiarum
2927 3895 3056 3939 sunt
3091 3886 3182 3952 qui
3214 3886 3267 3939 in
3298 3886 3530 3943 desertis
3576 3898 3630 3943 et
3665 3892 3963 3946 montibus
3994 3904 4050 3947 et

2468 3974 2744 4040 speluncis
2793 3974 3071 4028 decertant
3130 3976 3393 4031 adversus
3445 3989 3785 4048 serpentem.
3852 3982 4050 4037 Testes

2470 4062 2884 4116 inimicitiarum
2947 4066 3108 4135 hujus
3162 4068 3409 4121 mulieris
3456 4079 3586 4123 sunt
3635 4080 3915 4139 pastores,
3951 4075 4047 4142 qui

2468 4166 2585 4203 cam
2621 4152 2845 4219 pulchre
2874 4153 3071 4206 docent
3095 4156 3345 4221 quotidie
3375 4157 3559 4213 dicere
3588 4159 3909 4214 :Rennntio
3949 4163 4051 4215 Sa—

2472 4251 2607 4296 tana:
2641 4246 2784 4296 man
2833 4247 3096 4312 serpenti,
3151 4256 3206 4300 ct
3233 4250 3351 4317 ejus
3376 4250 3545 4303 cultui
3571 4290 3587 4311 ,
3634 4261 3690 4303 et
3726 4253 3853 4321 ejus
3876 4254 4048 4308 dece-

2470 4335 2663 4402 ptioni,
2694 4347 2751 4389 et
2779 4337 2895 4405 ejus
2922 4337 3104 4399 idolis,
3132 4350 3187 4391 et
3215 4342 3333 4409 ejus
3381 4341 3755 4405 facultatibus,
3815 4356 3875 4399 et
3925 4348 4049 4415 ejus

2472 4426 2849 4489 libaminilnls,
2880 4438 2935 4481 ct
2956 4431 3075 4497 ejus
3101 4432 3374 4485 servituti.
3415 4433 3598 4487 Testis
3619 4444 3706 4487 est
3738 4450 3769 4487 a
3803 4436 3923 4489 Deo
3946 4438 4047 4491 da-

803 4543 1002 4599 ponam
1028 4528 1343 4581 inimicitias
1365 4529 1637 4581 terribiles
1658 4538 1715 4580 et
1745 4527 2120 4595 implacabiles
2150 4526 2293 4579 inter
2317 4535 2367 4578 te
2403 4501 2442 4553 ί)
2474 4529 2649 4570 larum
2677 4519 3201 4589 illiillicitiarumpia:
3229 4523 3390 4593 hujus
3415 4525 3663 4579 mulieris
3680 4542 3825 4594 quas
3852 4544 4047 4584 susce-

803 4630 861 4675 et
882 4620 1172 4674 mulierem
1215 4620 1536 4673 Eeclesiam.
1564 4620 1683 4673 Non
1708 4620 1926 4671 veniam
1977 4618 2125 4670 enim
2152 4626 2283 4671 tunc.
2307 4618 2375 4670 ad

805 4711 1115 4766 mittendum
1164 4711 1306 4763 inter
1343 4720 1393 4763 te
1443 4722 1499 4764 et
1527 4726 1646 4764 eam
1694 4726 1903 4778 pacem,
1954 4711 2044 4761 sed
2075 4707 2310 4777 gladium
2329 4709 2373 4739 δ’

805 4804 1209 4869 evangelicum,
1244 4803 1310 4855 ad
1343 4802 1700 4855 dividendum
1731 4799 2374 4869 etseparandumtema-

809 4897 1017 4965 lignum
1046 4905 1102 4948 et
1135 4895 1444 4948 adulterum
1488 4894 1665 4947 virum
1705 4899 2021 4961 serpentem
2067 4907 2095 4943 a
2142 4892 2374 4946 muliere

807 5002 971 5055 quam
993 5002 1021 5039 a
1062 5001 1146 5039 me
1172 4987 1401 5055 rapuisti
1427 5005 1438 5038 :
1467 4994 1529 5037 ut
1564 4984 1785 5053 quando
1816 4998 1983 5052 super
2009 4998 2202 5036 omnes
2239 4982 2374 5035 alias

811 5077 1096 5140 mulieres,
1124 5093 1420 5147 synagogas
1449 5077 1764 5138 Persarum,
1800 5075 2082 5137 Indorum,
2109 5073 2372 5134 Arabum,

812 5166 1207 5221 lsmaelitarum
1241 5178 1291 5220 te
1322 5166 1536 5229 dilexit,
1567 5167 1643 5220 ita
1670 5180 1832 5234 supra
1863 5179 2054 5217 omnes
2085 5172 2137 5217 te
2160 5163 2373 5217 oderit:

811 5260 898 5311 vel
922 5260 1125 5327 potius,
1157 5266 1218 5312 ut
1239 5260 1403 5313 semel
1433 5260 1635 5321 dicam,
1660 5273 1853 5312 omnes
1881 5268 1933 5311 te
1963 5256 2373 5327 oderint,(mnn

814 5351 951 5403 enim
984 5349 1287 5403 Judazormn
1325 5350 1493 5402 solum
1557 5358 1630 5402 est
1662 5348 1799 5401 Dens
1823 5387 1839 5412 ,
1890 5363 2001 5400 non
2056 5350 2213 5399 etiam
2249 5363 2376 5415 gett—

816 5442 1079 5527 tium
1106 5454 1382 5515 noctuque
1398 5441 1701 5511 etinterdiu
1722 5456 1784 5495 ea
1807 5440 2069 5494 adversus
2090 5448 2142 5493 te
2167 5449 2375 5493 armata

816 5540 872 5585 et
898 5536 1158 5590 reﬂtens
1186 5545 1237 5588 te
1292 5533 1590 5587 interimat.
1629 5532 1686 5587 Si
1738 5532 1852 5586 hare
1902 5532 1977 5585 ita
2021 5546 2130 5583 non
2166 5530 2374 5599 signiti-

818 5634 963 5687 eant,
991 5626 1281 5693 oportebat
1312 5627 1481 5681 Deum
1509 5625 1581 5677 ita
1615 5624 1801 5679 dicere
1830 5622 2073 5692 serpenti
2110 5642 2121 5676 ε
2166 5621 2230 5675 Et
2263 5638 2374 5673 rrec

893 5740 934 5769 ⁸⁷
955 5740 1054 5792 lsa.
1078 5758 1182 5805 λιν,
1210 5742 1293 5795 Η.

1368 5744 1413 5775 ⁸⁸
1436 5745 1574 5800 Psal.
1603 5760 1778 5811 Lxxvi,
1804 5745 1886 5800 l3.

822 5808 870 5838 "”
910 5808 1105 5877 Ephes.
1138 5830 1188 5875 v,
1215 5814 1302 5866 "£5.

1964 5745 2006 5773 ’⁵⁵³
2028 5742 2212 5795 Matth.
2237 5758 2288 5804 κ,
2322 5741 2410 5794 δι.

2474 4607 2710 4687 pilleum
2765 4617 3041 4676 serpente,
3075 4608 3344 4664 idolorum
3393 4611 3729 4675 destructio,
3790 4615 4045 4683 ipsorum

2474 4694 2799 4761 templorum
2837 4695 3071 4758 eversio,
3097 4705 3398 4751 statuarum
3422 4699 3706 4762 contritio,
3744 4702 4046 4757 columna-

2475 4801 2592 4838 rum
2619 4786 2841 4853 deletio,
2871 4789 3015 4867 apud
3045 4799 3237 4858 gentes
3274 4790 3515 4859 cognitio
3540 4791 3636 4844 Dei
3676 4794 3773 4860 qui
3800 4794 3904 4848 has
3945 4797 4043 4849 ho-

2473 4893 2571 4931 nas
2612 4878 2925 4933 inimicitias
2964 4881 3394 4949 praedestinavit.
3448 4883 3515 4935 Et
3555 4882 3699 4938 dixit
3739 4889 3994 4954 serpenti
4029 4906 4043 4918 ·

2468 4970 2674 5024 Ponant
2700 4973 3000 5026 inimicitias
3024 4976 3160 5027 inter
3179 4984 3227 5026 te
3241 4982 3289 5027 et
3309 4974 3599 5027 mulierem.
3624 4975 3693 5028 Et
3723 4992 3901 5044 quare
3921 4995 4046 5032 mn-

2470 5061 2679 5123 licrem,
2712 5070 2766 5114 et
2808 5079 2917 5116 non
2954 5066 3137 5132 potius
3176 5064 3391 5118 virum?
3421 5064 3659 5118 Mulieri:
3706 5068 3847 5119 enim
3884 5080 4047 5138 caput

2473 5156 2640 5207 estrir
2663 5154 2729 5216 ⁸³,
2761 5166 2816 5209 et
2838 5156 3013 5225 ipsum
3041 5158 3183 5225 (cum
3211 5158 3283 5211 sit
3314 5156 3595 5212 inimicum
3617 5161 3806 5228 caput)
3835 5160 4047 5215 bellum

2472 5262 2665 5315 gerere
2694 5264 2817 5301 eum
2857 5250 3034 5318 capite
3057 5250 3327 5319 serpentis
3359 5249 3616 5314 decebat;
3659 5252 3757 5305 sed
3790 5254 3935 5306 nihil
3965 5255 4050 5308 di-

2478 5340 2555 5392 cit
2589 5340 2882 5408 ejusmodi,
2908 5346 3168 5411 quoniam
3201 5343 3340 5397 nihil
3362 5352 3444 5397 est
3476 5358 3769 5398 commune
3797 5347 4046 5414 serpenti

2478 5452 2602 5489 eum
2642 5435 2916 5504 spirituali
2956 5436 3184 5499 Adamo,
3214 5450 3411 5504 nempe
3453 5436 3693 5491 Christo.
3746 5438 3899 5494 Dicit
3945 5441 4050 5495 ita—

2475 5546 2582 5599 que
2626 5548 2637 5583 :
2666 5530 2868 5583 Ponam
2902 5530 3202 5582 inimicitias
3230 5531 3366 5583 inter
3394 5538 3442 5582 te
3464 5542 3511 5582 et
3535 5530 3829 5585 mulierem.
3861 5532 3923 5587 Si
3948 5551 4051 5588 an-

2478 5630 2585 5674 tem
2621 5622 2985 5691 corporaliter
3011 5618 3269 5689 intelligis
3293 5620 3385 5674 Dei
3411 5620 3573 5674 verba
3609 5621 3675 5675 ad
3704 5634 4049 5690 serpentem,

2486 5744 2530 5773 '°
2550 5740 2706 5798 Rom.
2742 5758 2822 5797 III.
2849 5742 2935 5796 9.9.
3014 5743 3054 5773 ⁵¹
3084 5743 3239 5795 nom.
3271 5757 3382 5804 vni,
3407 5740 3494 5794 37.
3572 5741 3656 5795 ⁵³1
3688 5740 3889 5797 Thess.
3918 5759 3975 5809 γ,
3998 5745 4051 5798 8.
