4186 6442
197 384 333 448 1033

1297 386 1378 446 ΙΝ
1417 383 1969 446 HEXAEMERON.
2000 407 2068 418 -
2098 383 2242 444 LIB.
2285 386 2386 445 XI.

3337 393 3471 457 103$

190 493 319 546 vide
357 493 413 545 in
441 506 607 562 quam
633 493 807 549 multa
832 491 1036 549 incidis
1071 492 1315 548 absurda
1340 494 1420 548 sic
1445 492 1783 563 intelligens.
1818 504 1857 555 Α
1892 491 2054 545 modo
2089 492 2155 545 ad
2212 491 2359 547 mille
2400 508 2575 548 annos
2605 493 2721 548 haec
2770 506 2919 549 recte
2964 495 3185 567 legens,
3226 503 3471 557 nondum

192 582 258 637 Et
286 585 532 654 primum
561 585 810 655 quidem,
847 586 995 655 quod
1028 586 1174 640 Deus
1201 584 1406 655 injuste
1432 599 1558 638 eum
1583 594 1668 638 est
1688 598 1785 637 ex-

190 686 469 731 secratus.
499 679 799 741 Nam,eum
828 680 1043 733 ratione
1070 686 1286 732 careret
1318 688 1372 733 et
1398 676 1781 748 intelligentia,

191 766 405 821 invitus
446 769 550 822 fuit
607 770 1043 824 instrumentum
1085 770 1318 834 diaboli;
1363 786 1465 823 nec
1496 769 1785 838 oportebat

191 858 358 913 irasci
405 862 773 917 instrumento
804 862 1015 932 experti
1041 862 1290 916 rationis.
1325 862 1603 925 Secundo,
1636 860 1786 931 quod

190 952 235 1005 si
280 954 576 1007 mulierem
599 956 770 1009 solam
797 956 914 1007 vult
946 954 1266 1008 inimicitias
1297 969 1487 1023 gerere
1511 969 1634 1007 cum
1669 968 1787 1006 ma—

188 1042 366 1113 ligno,
415 1052 503 1095 est
565 1046 919 1115 perspicuum
969 1045 1117 1115 quod
1159 1047 1277 1099 vult
1310 1046 1489 1098 virum
1518 1060 1639 1099 esse
1680 1060 1789 1099 ser-

188 1137 382 1205 petitis
418 1137 707 1192 dilectum.
737 1139 946 1203 Tertio,
982 1138 1129 1207 quod
1176 1141 1222 1193 si
1265 1139 1411 1192 inter
1442 1140 1785 1208 corporalem

190 1238 513 1296 serpentem
556 1237 611 1280 et
651 1230 929 1281 carnalem
968 1238 1210 1281 nostram
1252 1227 1547 1281 mulierem
1598 1225 1787 1296 posuit

189 1319 342 1373 Deus
374 1319 721 1382 inimicitias,
746 1320 803 1372 in
842 1336 952 1373 uno
979 1330 1261 1373 momento
1294 1320 1559 1388 temporis
1585 1332 1788 1371 consu-

188 1419 417 1463 merent
460 1420 752 1479 serpentes
772 1425 966 1465 omnes
990 1411 1253 1465 mulieres
1275 1450 1288 1474 ,
1308 1418 1364 1464 et
1404 1409 1637 1462 maxime
1668 1423 1791 1477 qua:

187 1518 303 1555 non
338 1513 474 1556 sunt
508 1503 563 1555 in
592 1503 827 1556 urbibus
866 1503 997 1555 dum
1030 1502 1332 1557 dormiunt.
1377 1501 1615 1567 Quarto,
1641 1499 1789 1569 quod

187 1594 454 1663 plurima:
492 1595 660 1648 etiam
717 1595 837 1647 alia:
876 1594 1066 1648 bCSlltB
1127 1608 1257 1649 sunt
1302 1593 1463 1648 nobis
1532 1592 1787 1647 inimicae.

187 1686 297 1740 Sed
348 1702 535 1755 neque
583 1696 785 1740 terram
814 1687 1066 1756 quotidie
1112 1686 1609 1755 corneditserpcns
1636 1725 1649 1750 ,
1690 1686 1787 1741 sed

186 1778 362 1831 etiam
401 1779 543 1831 alias
575 1794 732 1833 escas
768 1777 1045 1832 carnium.
1087 1777 1193 1832 Sed
1235 1794 1414 1848 neque
1439 1780 1532 1849 qui
1565 1780 1667 1834 sub
1699 1779 1785 1833 in-

1887 580 2196 650 cognovisti
2228 597 2348 636 eam
2388 598 2508 651 qua:
2536 594 2620 638 est
2660 584 2715 638 in
2753 584 2887 654 ipsis
2918 588 3230 654 veritatem,
3255 606 3382 645 eum
3412 603 3472 647 tu

1889 688 1974 724 nu:
2005 673 2189 742 potius
2240 673 2474 728 deberes
2505 674 2559 727 in
2594 674 2680 730 his
2711 675 3046 741 illuminare,
3089 687 3151 733 ut
3199 682 3293 749 qui
3346 697 3408 737 ea
3440 699 3470 737 a

1889 763 2000 816 Deo
2033 764 2335 834 acceperis,
2367 774 2422 818 et
2459 766 2548 821 cui
2581 782 2645 820 ea
2681 776 2809 821 sunt
2866 768 3099 822 credita.
3136 769 3213 825 De
3246 781 3470 839 cretero,

1887 868 1917 905 a
1954 868 2038 906 me
2065 856 2156 922 qui
2191 871 2311 909 sum
2349 854 2616 909 barbarus
2636 866 2691 909 et
2714 857 2886 914 bestia
2911 860 3065 915 disce
3096 874 3320 915 sensum
3350 873 3471 918 tua-

1891 958 2013 995 rum
2039 943 2240 1013 legum.
2280 945 2459 1013 Atque
2493 955 2553 999 ut
2583 946 2824 1017 maligno
2870 952 3096 1019 quidem
3123 953 3373 1022 serpenti
3403 956 3476 1007 sit

1891 1031 2113 1087 inimica
2149 1034 2272 1088 etei
2299 1051 2407 1087 non
2438 1034 2681 1100 obediat,
2706 1038 2924 1092 mulieri
2953 1050 3008 1095 et
3035 1042 3296 1098 Ecclesia:
3319 1042 3477 1098 dedit

1890 1123 2068 1189 Deus;
2103 1124 2401 1180 observare
2439 1135 2655 1189 autem,
2700 1144 2798 1182 seu
2832 1144 2958 1183 eum
2988 1130 3207 1188 insidiis
3229 1135 3352 1205 ejus
3379 1150 3473 1189 ea-

1888 1224 1988 1283 put
2014 1223 2325 1279 conterere,
2352 1233 2460 1270 non
2503 1227 2684 1287 potest
2706 1220 2971 1276 Ecclesia.

1960 1305 2025 1358 Et
2077 1316 2369 1376 propterea
2424 1325 2456 1361 a
2500 1311 2735 1365 muliere
2794 1313 2861 1367 ad
2917 1314 3201 1371 hominem
3254 1316 3474 1389 (nempe

1888 1395 2191 1467 Christum)
2248 1400 2494 1453 traduxit
2540 1402 2685 1457 Deus
2726 1406 3058 1472 orationem,
3119 1408 3315 1465 dicens
3356 1425 3474 1465 scr-

1891 1492 2043 1563 penti
2066 1510 2077 1544 :
2098 1491 2215 1561 Ipse
2241 1492 2530 1547 observabit
2553 1506 2715 1564 caput
2745 1505 2916 1567 tuum,
2952 1508 3003 1553 te
3032 1512 3327 1557 conterens
3348 1518 3473 1557 cum

1892 1582 2114 1637 insidiis
2146 1601 2158 1635 :
2194 1592 2243 1636 et
2287 1592 2341 1636 tu
2369 1584 2663 1639 observabis
2696 1588 2810 1657 ejus
2840 1588 3171 1655 calcaneum,
3221 1592 3329 1647 hoc
3365 1607 3469 1657 est,

1891 1684 2139 1730 extrema
2194 1677 2366 1731 totius
2414 1680 2671 1747 corporis
2716 1680 2926 1736 Christi
2970 1682 3099 1755 (hoc
3159 1694 3346 1740 autem
3388 1697 3477 1741 est

1893 1768 2164 1838 Ecclesia)
2219 1770 2276 1822 in
2323 1770 2592 1825 extremis
2636 1774 2984 1842 temporibus
3027 1792 3150 1830 eam
3199 1778 3472 1833 cribrans.

188 1871 565 1940 telligentiam
621 1870 769 1923 cadit
818 1886 1082 1939 serpens,
1125 1887 1252 1924 cum
1304 1872 1376 1925 sit
1427 1872 1775 1933 immortalis,

1895 1856 2187 1913 Zalcaueus
2212 1866 2397 1913 autem
2430 1860 2551 1931 ejus
2577 1868 2634 1914 et
2660 1870 2996 1931 extremum,
3035 1875 3121 1921 est
3144 1869 3474 1924 Antichristi

188 1972 399 2015 terram
432 1961 698 2025 comedit,
722 1962 981 2017 omnibus
1010 1962 1211 2018 diebus
1253 1965 1379 2018 vitze
1432 1980 1544 2017 sua:
1589 1964 1789 2016 missus

189 2054 245 2107 in
300 2054 489 2122 ignem
528 2064 819 2107 aeternum.
867 2055 944 2108 De
998 2055 1118 2123 ipso
1149 2064 1331 2108 tamen
1390 2064 1651 2123 serpente
1692 2054 1787 2123 qui

187 2144 345 2197 cadit
394 2144 502 2197 sub
557 2143 1002 2212 intelligentiam,
1034 2152 1090 2198 et
1139 2145 1207 2198 de
1247 2143 1495 2199 Ecclesia
1546 2145 1787 2214 intellige

188 2234 450 2287 divinum
504 2235 786 2303 eloquium
834 2235 981 2303 quod
1014 2236 1151 2290 dicit
1185 2254 1197 2289 :
1240 2236 1445 2290 Ponant
1486 2239 1787 2291 inimicitias

188 2329 337 2379 inter
372 2326 659 2381 diabolum
692 2339 738 2381 et
789 2329 1086 2383 mulierem.
1132 2330 1295 2384 Beata
1335 2337 1419 2383 est
1469 2345 1601 2399 ergo
1642 2329 1787 2382 inter

189 2419 471 2472 mulieres
493 2420 610 2473 sola
634 2421 749 2474 haec
782 2423 1002 2475 mulier.
1036 2420 1175 2475 lline
1215 2422 1363 2475 enim
1388 2420 1654 2474 discimus
1678 2437 1791 2475 ma-

188 2520 369 2574 gnum
409 2504 608 2574 dogma
649 2506 717 2560 de
736 2507 876 2576 ipsa,
900 2508 1071 2561 etiam
1100 2507 1235 2576 ipsis
1259 2506 1414 2562 malis
1435 2508 1707 2561 excelsius
1735 2515 1791 2560 et

188 2597 576 2667 prtestantius.
627 2597 917 2664 Quodnam
969 2609 1053 2653 est
1108 2600 1255 2653 hoc?
1288 2599 1422 2654 Dico
1473 2599 1618 2669 quod
1673 2600 1786 2654 sola

189 2706 319 2759 quae
349 2698 438 2744 est
465 2689 910 2745 Christianorum
944 2691 1191 2746 Ecclesia
1217 2690 1457 2755 Christi,
1489 2701 1573 2751 est
1611 2692 1789 2745 hostis

189 2790 249 2834 et
284 2780 516 2836 inimica
581 2784 856 2850 serpenti;
909 2783 1137 2851 reliqua:
1193 2790 1377 2835 autem
1423 2797 1615 2837 omnes
1670 2798 1792 2851 quae

190 2880 331 2923 sunt
370 2869 429 2923 in
494 2869 704 2924 mundo
763 2871 1059 2942 religiones
1113 2881 1169 2927 et
1199 2874 1334 2927 ﬁdes
1375 2874 1622 2942 gentium
1659 2874 1790 2941 (tam

190 2959 521 3014 3udreorum
545 2976 708 3030 quam
734 2960 1122 3032 Barbarorum)
1150 2972 1278 3017 sunt
1297 2963 1485 3018 amicze
1509 2972 1565 3017 ct
1593 2972 1791 3017 contu-

194 3052 484 3113 bernales,
511 3060 567 3106 et
594 3054 879 3123 conjuges,
902 3062 959 3108 et
983 3055 1222 3123 propria:
1254 3053 1459 3108 diaboli
1482 3055 1787 3124 serpentis:

190 3156 265 3196 ex
305 3158 377 3197 eo
410 3151 571 3206 patre,
606 3151 663 3197 et
698 3159 822 3212 qua:
852 3159 921 3198 ex
958 3159 1026 3198 eo
1066 3153 1443 3215 conc-cperunt
1474 3144 1675 3197 malum
1701 3159 1791 3198 se-

193 3250 328 3289 men
357 3236 830 3289 exsecrandorum
870 3235 1211 3306 dogmatum,
1258 3237 1395 3290 adeo
1432 3245 1493 3290 ut
1530 3237 1612 3291 eis
1646 3236 1789 3290 idem

194 3326 273 3381 sit
316 3334 375 3380 et
403 3335 563 3395 pater
590 3336 647 3380 et
672 3327 780 3389 vir,
813 3328 907 3397 qui
937 3328 1246 3383 introduxit
1279 3329 1671 3385 exsecrandum
1705 3329 1792 3383 sui

195 3416 349 3469 inter
379 3430 439 3469 se
466 3418 881 3485 corruptionem
926 3434 938 3470 :
973 3418 1077 3471 hoc
1104 3421 1251 3473 enim
1288 3419 1600 3489 signiﬁcant
1625 3422 1793 3475 etiam

195 3520 324 3575 qua:
354 3505 623 3574 deinceps
659 3515 974 3575 sequuntur
1002 3509 1097 3562 Dei
1128 3510 1296 3563 verba
1338 3510 1406 3563 ad
1449 3510 1630 3579 ipsum
1677 3526 1793 3565 ser-

194 3605 449 3667 pentem.
476 3597 610 3650 Nam
639 3614 762 3652 cum
790 3599 1021 3654 dixisset
1051 3600 1291 3655 :Ponam
1317 3603 1623 3656 inimicitias
1653 3604 1795 3656 inter

195 3698 247 3738 te
278 3694 330 3737 et
361 3685 676 3751 mulierem,
707 3688 1024 3759 subjunxit,
1055 3689 1248 3743 dicens
1283 3708 1296 3743 :
1326 3689 1397 3743 Et
1430 3693 1568 3744 inter
1612 3709 1789 3747 semen

195 3778 335 3848 ejus.
379 3777 549 3846 Atqui
603 3779 840 3833 debebat
875 3781 1061 3835 dicere
1100 3799 1113 3833 :
1164 3781 1233 3836 Et
1266 3783 1404 3836 inter
1445 3784 1584 3853 fetus
1634 3786 1791 3855 ejus:

195 3868 240 3923 si
278 3868 349 3923 ad
386 3870 732 3939 corporalem
768 3882 1083 3942 serpentem
1111 3881 1169 3927 et
1196 3875 1483 3930 mulierem
1525 3891 1791 3947 corpora-

193 3961 307 4016 lem
343 3961 519 4017 solam
560 3971 747 4016 essent
792 3979 856 4017 ea
912 3980 1034 4033 qua:
1079 3965 1363 4020 dicuntur.
1417 3968 1613 4023 Mulier
1642 3969 1791 4024 enim

197 4068 310 4106 non
352 4052 565 4107 emittit
602 4068 822 4117 semen;
857 4054 952 4108 sed
1002 4071 1127 4109 cum
1156 4058 1470 4126 acceperit,
1514 4059 1660 4128 parit
1708 4059 1791 4114 fe-

198 4151 340 4199 tum.
377 4144 606 4199 Semina
657 4161 788 4215 ergo
839 4146 1104 4201 Ecclesia:
1151 4157 1283 4201 sunt
1321 4148 1411 4218 pia
1455 4149 1711 4220 dogmata
1736 4160 1794 4207 et

196 4233 515 4303 disciplinre
553 4249 689 4303 quas
747 4237 1040 4291 seminavit
1093 4238 1184 4291 ille
1213 4240 1489 4309 agricola,
1542 4241 1734 4297 dicens
1775 4261 1789 4297 :

198 4324 348 4379 Exiit
384 4326 479 4394 qui
508 4326 735 4379 seminat
764 4326 833 4379 ad
855 4328 1310 4382 seminandum”.
1338 4330 1550 4386 Rursus
1565 4347 1793 4403 serpen-

201 4416 270 4469 tis
290 4424 429 4468 sunt
452 4415 593 4468 mala
624 4416 835 4469 semina
866 4425 922 4469 et
948 4417 1133 4486 impia,
1168 4417 1551 4475 haereticorum
1585 4422 1793 4478 zizania

1888 1950 2180 2021 praesentia
2209 1962 2332 2021 qua:
2374 1950 2560 2005 futura
2593 1962 2681 2009 est
2710 1954 2765 2008 in
2793 1957 3061 2012 extremis
3094 1961 3473 2030 temporibus;

1888 2044 2008 2113 ejus
2038 2044 2186 2097 enim
2222 2052 2443 2113 tempus
2472 2045 2734 2102 observat
2763 2058 2820 2103 et
2842 2058 3130 2118 exspectat
3152 2052 3332 2107 malus
3360 2069 3479 2109 ser-

1888 2150 2046 2205 pens,
2097 2150 2210 2202 quo
2253 2142 2441 2189 utetur
2484 2143 2744 2207 tanquam
2794 2141 3188 2210 instrumento,
3236 2145 3306 2198 ad
3342 2160 3475 2217 sup-

1888 2222 2249 2293 plantandum
2286 2240 2485 2279 rursus
2524 2242 2624 2295 per
2670 2228 2857 2282 cibum
2890 2231 3195 2287 Ecclesiam
3243 2251 3256 2287 :
3305 2235 3475 2304 idque

1890 2330 2015 2368 cum
2070 2322 2200 2369 tunc
2244 2318 2317 2370 sit
2367 2316 2551 2371 futura
2599 2317 2795 2383 fames,
2846 2320 2991 2375 sicut
3023 2323 3191 2378 etiam
3249 2325 3480 2380 tradidi-

1892 2421 2017 2460 mus
2058 2405 2111 2459 in
2158 2406 2306 2459 libro
2356 2407 2729 2475 praecedente.
2777 2409 2934 2476 Quod
2989 2421 3175 2468 autem
3221 2414 3481 2471 Christus

1891 2494 2061 2549 fuerit
2098 2504 2289 2549 custos
2329 2495 2615 2562 Ecclesiae,
2661 2512 2774 2554 non
2820 2516 2961 2569 opus
2988 2503 3117 2556 erit
3159 2503 3229 2558 de
3277 2520 3347 2560 eo
3373 2508 3480 2561 alia

1892 2585 2087 2655 majori
2120 2586 2451 2655 probatione
2495 2604 2661 2657 quam
2708 2605 2772 2643 ea
2805 2591 2922 2645 sola
2949 2608 3071 2662 quae
3097 2592 3237 2648 dicit
3267 2595 3321 2649 in
3352 2613 3481 2666 per-

1893 2692 2029 2732 sona
2080 2676 2289 2733 Christi
2336 2698 2347 2732 :
2389 2679 2459 2733 Et
2496 2683 2695 2751 accepit
2736 2680 2991 2737 Dominus
3023 2684 3160 2740 Deus
3192 2688 3481 2754 Adamum,

1893 2779 1942 2822 et
1995 2772 2165 2839 posuit
2220 2787 2340 2824 eum
2372 2772 2428 2824 in
2457 2774 2709 2841 paradiso
2768 2776 2839 2828 ad
2885 2792 3005 2830 eum
3050 2780 3382 2848 operandam
3431 2791 3484 2836 et

1892 2861 2313 2915 custodiendum.

1963 2949 2031 3003 Et
2060 2950 2188 3004 ideo
2224 2951 2409 3019 posuit
2432 2951 2689 3008 Christus
2720 2954 3035 3023 cherubim,
3078 2967 3136 3012 et
3168 2958 3483 3018 ﬂammeam

1892 3040 2267 3111 rhomplueam
2294 3044 2774 3114 versatilem,qu:e
2803 3046 2861 3100 in
2888 3048 3079 3102 orbem
3107 3052 3355 3106 custodit
3376 3053 3483 3108 Ec-

1894 3132 2142 3199 clesiam,
2189 3150 2259 3188 ne
2293 3134 2442 3189 intro
2485 3136 2683 3192 subeat
2711 3147 2879 3208 caput
2902 3142 3192 3210 serpentis.
3227 3143 3485 3201 Fortasse

1894 3233 2079 3278 autem
2130 3242 2322 3282 rursus
2380 3228 2548 3283 etiam
2594 3245 2659 3283 ea
2704 3230 2772 3285 de
2819 3247 3009 3296 causa,
3053 3250 3084 3288 a
3131 3236 3367 3293 muliere
3412 3239 3481 3296 ad

1897 3315 2080 3369 virum
2135 3317 2380 3372 traduxit
2429 3318 2730 3374 dictionem
2776 3321 2943 3386 Deus,
3001 3323 3195 3381 dicens
3236 3330 3482 3398 serpenti

1895 3407 1965 3462 de
2012 3406 2239 3462 Christo
2273 3428 2285 3461 :
2316 3409 2436 3480 Ipse
2485 3411 2777 3466 obseruabit
2816 3410 2974 3483 caput
3009 3423 3156 3470 tuum
3193 3435 3211 3473 :
3256 3430 3485 3490 propter

1897 3517 2089 3558 vocem
2142 3503 2291 3557 illam
2337 3518 2460 3571 qua:
2491 3512 2755 3573 utrosque
2787 3508 3075 3577 conjungit
3104 3511 3372 3568 societate
3398 3513 3486 3568 di-

1894 3607 2029 3648 cens
2063 3612 2075 3646 :
2106 3593 2175 3648 Et
2204 3603 2355 3647 erunt
2382 3598 2486 3648 duo
2518 3597 2573 3648 in
2614 3612 2776 3650 carne
2814 3615 2921 3650 una
2953 3599 3020 3661 ",
3054 3608 3117 3654 ut
3159 3617 3261 3671 per
3289 3619 3480 3661 vocem

1893 3682 2215 3737 femininam
2266 3684 2430 3738 simul
2463 3700 2527 3737 ac
2572 3685 2789 3741 virilem
2823 3703 2924 3741 nos
2966 3688 3164 3745 doceat
3196 3691 3477 3749 Christum

1894 3782 1953 3828 et
1974 3773 2279 3828 Eeclcsiam
2302 3789 2425 3828 esse
2454 3774 2802 3829 individuum
2827 3777 3090 3845 quiddam
3115 3778 3479 3851 ejusdemque

1896 3874 2131 3930 naturze,
2156 3866 2515 3936 ejusdemque
2538 3865 2741 3930 carnis,
2771 3878 2829 3923 et
2850 3872 3266 3940 cuncorporale,
3291 3882 3348 3927 et
3368 3874 3482 3929 sin-

1892 3956 2102 4025 gulare.
2134 3956 2414 4011 Conserva
2438 3957 2598 4020 mihi,
2624 3972 2657 4011 ο
2683 3956 2862 4013 ﬁdelis
2882 3968 2939 4014 et
2960 3975 3117 4015 sacer
3137 3972 3333 4027 coetus,
3362 3964 3481 4020 haec

1897 4047 2121 4102 assidue
2174 4050 2232 4101 in
2277 4050 2566 4113 memoria,
2597 4064 2719 4117 qua:
2748 4048 2895 4103 dicta
2932 4056 3064 4103 sunt
3104 4051 3375 4123 (inquam)
3409 4053 3481 4111 de

1895 4153 2030 4191 voce
2071 4138 2259 4192 divina
2310 4153 2433 4207 quae
2460 4138 2595 4192 dicit
2624 4140 2868 4208 serpenti
2902 4139 3145 4195 :Ponam
3175 4143 3482 4201 inimicitias

1894 4231 2034 4283 inter
2078 4239 2127 4282 te
2167 4238 2214 4282 et
2261 4229 2536 4284 mulierem
2574 4245 2739 4284 unam
2777 4238 2833 4285 et
2856 4230 3028 4285 solam
3067 4249 3082 4286 :
3116 4240 3173 4287 et
3205 4233 3331 4289 ideo
3369 4250 3482 4292 non

1896 4322 2057 4387 dicit,
2082 4324 2370 4387 mulieres;
2418 4324 2681 4394 quoniam
2731 4333 2943 4380 caetera:
2968 4341 3162 4384 omnes
3202 4343 3326 4398 quae
3353 4341 3485 4387 sunt

1901 4414 1957 4468 in
2012 4413 2222 4468 mundo
2258 4414 2415 4479 ﬁdes,
2446 4422 2651 4484 praeter
2683 4430 2850 4470 unam
2882 4425 2939 4471 et
2973 4417 3115 4471 hanc
3143 4415 3349 4474 Christi
3392 4435 3485 4477 so-

198 4514 253 4558 et
311 4504 763 4573 praedicationes.
824 4506 958 4571 Quae
1012 4508 1238 4578 quidem
1296 4511 1495 4565 videns
1545 4512 1803 4569 Christus
1836 4513 2014 4577 Dlam
2067 4526 2296 4566 uxorem
2346 4519 2403 4565 et
2444 4510 2888 4567 Christianorum
2960 4512 3262 4568 Ecclesiam
3298 4552 3314 4577 ,
3358 4524 3488 4570 sunt

199 4594 575 4664 germinantia
622 4596 676 4649 in
714 4596 896 4649 medio
916 4597 1182 4653 frumenti
1210 4640 1225 4665 ,
1268 4600 1487 4655 dicebat
1516 4619 1529 4655 :
1554 4603 1808 4660 Inimicus

200 4685 355 4735 homo
411 4682 525 4735 lucc
552 4684 928 4749 seminavit";
986 4685 1090 4740 hoc
1127 4694 1213 4740 est
1248 4689 1429 4743 malus
1461 4705 1713 4761 serpens,
1750 4704 1811 4749 et

201 4779 503 4840 propterea
534 4779 791 4842 tanquam
821 4774 1037 4828 hostem
1069 4773 1331 4832 Ecclesia:
1359 4794 1484 4832 eum
1516 4780 1808 4850 alloquens

201 4861 431 4917 dicebat
464 4879 479 4915 :
523 4862 729 4917 Ponant
765 4866 1069 4918 inimicitias
1093 4866 1232 4919 inter
1252 4875 1301 4919 te
1331 4876 1379 4919 et
1404 4868 1713 4935 mulierem,
1752 4882 1803 4925 et

201 4953 341 5006 inter
396 4968 579 5006 semen
630 4962 779 5007 tuum
814 4964 865 5008 et
914 4972 1091 5009 semen
1134 4956 1284 5026 ejus,
1341 4960 1453 5027 ipse
1507 4959 1802 5015 observabit

202 5052 389 5113 caput,
429 5054 479 5098 et
516 5053 572 5098 tu
613 5045 904 5101 observabis
940 5048 1054 5119 ejus
1082 5048 1414 5104 calcaneum.
1458 5051 1536 5105 De
1563 5053 1795 5107 muliere

202 5133 446 5203 loquens
494 5137 723 5208 etvejus
768 5139 1001 5203 semine,
1031 5139 1312 5209 quomodo
1354 5142 1420 5195 ad
1492 5144 1794 5199 masculum

204 5225 461 5281 traduxit
487 5230 796 5282 orationem
817 5270 832 5293 ,
862 5228 1057 5283 dicens
1095 5247 1107 5282 :
1134 5229 1256 5299 Ipse
1288 5231 1580 5285 observabit
1613 5242 1798 5303 caput,

207 5322 258 5368 et
308 5323 366 5368 tu
417 5315 714 5371 observabis
746 5317 1059 5372 calcaneum
1104 5320 1217 5390 ejus
1258 5322 1285 5376 2
1345 5320 1536 5391 Ejus?
1599 5322 1805 5393 Cujus,

207 5402 479 5474 Nunquid
511 5406 797 5462 mulieris?
824 5408 1023 5465 Absit!
1080 5410 1201 5466 Non
1255 5410 1424 5466 habet
1461 5413 1610 5467 enim
1656 5415 1804 5483 quod

211 5492 429 5548 dictum
476 5493 641 5564 917
666 5506 772 5562 est,
804 5514 1051 5554 sensum.
1088 5500 1368 5564 Dissecor,
1396 5513 1453 5558 et
1501 5503 1582 5557 tui
1611 5521 1807 5560 rursus

210 5591 412 5641 teneor
448 5587 816 5645 admiratione
860 5592 988 5662 (tibi
1015 5591 1208 5648 Judzno
1246 5610 1440 5650 rursus
1483 5595 1633 5666 dico)
1666 5612 1803 5667 quo-

1906 4604 2099 4658 amicaz
2124 4603 2419 4672 serpentis.
2456 4602 2532 4658 De
2562 4614 2761 4658 caetero
2789 4612 2999 4667 autem,
3026 4604 3249 4673 quando
3277 4606 3489 4662 videris

1907 4690 2154 4759 reliquas
2198 4690 2465 4746 mulieres
2496 4700 2552 4746 et
2596 4691 2753 4755 ﬁdes,
2796 4691 3226 4761 Judzcorumquc
3261 4702 3319 4748 et
3352 4694 3487 4749 Bar-

1906 4782 2166 4837 barorum
2216 4796 2554 4852 synagogas,
2605 4783 2938 4851 psallentes,
2989 4784 3313 4847 clamantes,
3369 4784 3491 4840 dies

1903 4872 2073 4928 festos
2094 4873 2461 4937 celebrantes,
2481 4874 2793 4944 vigilantes,
2817 4875 3152 4945 jejunantes,
3170 4873 3490 4931 sacriﬁcan-

1905 4972 2008 5029 tes,
2054 4966 2385 5029 adorantes,
2440 4966 2611 5021 Deum
2659 4966 3044 5030 nominantes,
3080 4966 3246 5022 ﬁdem
3290 4966 3493 5037 praedi-

1902 5066 2113 5118 cantes.
2165 5056 2424 5129 dogmata
2475 5066 2804 5124 statuentes,
2862 5058 3183 5129 Scripturas
3220 5060 3488 5129 legentes.

1905 5146 2188 5203 Christum
2230 5156 2417 5204 autem
2473 5150 2645 5205 Deum
2694 5166 2887 5206 verum
2929 5167 2996 5207 ex
3042 5152 3155 5207 Deo
3187 5167 3323 5207 vero
3377 5167 3488 5206 non

1907 5238 2260 5304 conﬁtentes,
2286 5249 2443 5296 certo
2475 5241 2617 5295 scias
2640 5242 2789 5311 quod
2812 5258 2892 5297 ea:
2917 5258 3111 5298 onmes
3139 5251 3271 5298 sunt
3298 5242 3490 5298 amica:

1906 5328 2111 5383 diaboli
2161 5330 2384 5401 (nempe
2426 5333 2731 5402 serpentis)
2774 5341 2831 5388 et
2873 5334 3029 5389 nulla
3058 5349 3127 5390 ex
3171 5335 3241 5389 iis
3264 5343 3352 5389 est
3385 5333 3491 5387 iui-

1905 5420 2049 5474 mica
2089 5430 2148 5474 et
2178 5421 2249 5477 ab
2282 5437 2350 5477 eo
2388 5422 2597 5489 aliena,
2630 5424 2737 5479 nisi
2770 5424 2888 5493 ipsa
2932 5441 3109 5495 eaque
3142 5425 3256 5480 sola
3285 5424 3488 5480 Christi

1903 5510 2174 5577 Ecclesia,
2209 5522 2267 5569 et
2289 5515 2409 5584 ejus
2436 5529 2648 5570 semen.
2687 5516 2795 5571 Illae
2820 5518 2969 5571 enim
2994 5533 3190 5573 omnes
3212 5529 3344 5573 sunt
3377 5518 3489 5572 for-

1905 5603 2212 5659 nicationes
2241 5616 2295 5661 et
2325 5607 2614 5673 adulterat,
2647 5616 2702 5661 et
2732 5623 2800 5663 ea
2827 5610 3037 5665 semine
3062 5611 3340 5680 serpentis
3363 5625 3495 5664 eon-

282 5783 334 5819 ⁸⁸
370 5784 568 5841 Matth.
604 5803 720 5853 xm,
746 5789 801 5844 5.
876 5791 921 5822 ⁸⁸
943 5790 1081 5847 ibid.
1108 5794 1199 5849 39.
1276 5794 1322 5826 “
1360 5795 1499 5853 Gen.
1560 5814 1618 5861 ιι,
1658 5799 1761 5867 εις

1898 5804 1997 5861 tth.
2037 5820 2147 5870 nx,
2199 5805 2263 5873 5;
2300 5806 2502 5877 Ephcs.
2558 5824 2612 5875 γ,
2665 5809 2752 5864 Si.

538 5878 814 5943 Ρλτιιοι..
849 5881 965 5943 GI.
1002 5884 1354 5952 ιχυιιχ.

3105 5902 3179 5965 33
