4186 6442
763 427 893 489 1035

755 542 1026 612 cipientcs
1074 545 1131 592 et
1174 534 1456 606 parientes
1470 570 1483 593 ,

757 635 924 689 etiam
957 629 1242 701 proprium
1273 636 1329 681 et
1362 625 1609 679 innatum
1641 633 1828 674 semen
1875 622 2129 683 serpente
2174 612 2330 665 dete-

763 730 879 783 rius
911 744 922 778 :
961 724 1051 778 ille
1083 722 1312 776 enimet
1342 715 1436 786 qui
1470 730 1595 769 cmn
1624 726 1692 766 eo
1727 718 1853 763 sunt
1885 707 2162 759 d;emones
2191 716 2334 771 saepe

760 816 996 873 confessi
1025 820 1237 869 suntet
1280 807 1653 879 praedicarunt
1694 799 1976 855 Christum
2009 796 2205 850 Filium
2237 791 2333 846 Dei

761 909 1037 967 altissimi.
1078 903 1233 960 Unde
1266 901 1434 956 etiam
1467 900 1522 953 in
1564 894 1869 951 tentatione
1892 890 1941 944 ci
1974 888 2192 942 dicebat
2220 900 2338 939 ser-

763 1017 900 1071 pens
918 1010 1176 1065 tanquam
1192 992 1333 1047 Filio
1352 989 1477 1043 Dei:
1498 985 1591 1039 Dic
1612 991 1668 1035 ut
1694 980 1892 1052 lapides
1919 992 2081 1047 panes
2108 973 2243 1041 [iant
2259 972 2334 1037 ⁵⁷;

762 1063 819 1145 et
842 1063 1098 1157 tanquam
1125 1082 1265 1138 Filio
1297 1080 1391 1135 Dei
1425 1075 1646 1131 dicebat
1671 1090 1683 1125 :
1706 1071 1879 1139 chicc
1904 1078 1951 1119 tc
1979 1068 2149 1136 ipsum
2184 1063 2337 1114 dcor-

762 1198 880 1235 sum
922 1180 969 1210 “
992 1193 1059 1232 ex
1101 1174 1306 1244 templo
1340 1189 1351 1223 :
1378 1178 1434 1223 et
1465 1178 1723 1234 tanquam
1765 1163 1875 1215 Deo
1903 1157 2339 1228 deprecabantur

766 1287 960 1327 omnes
1000 1285 1072 1323 ne
1113 1283 1210 1320 eos
1257 1264 1503 1319 mitteret
1553 1260 1609 1312 in
1658 1256 1934 1325 abyssum,
1988 1259 2043 1302 et.
2081 1258 2337 1316 tanquam

766 1366 879 1420 Deo
924 1376 980 1417 et
1024 1359 1259 1416 Domino
1299 1356 1547 1409 omnium
1574 1348 1797 1404 Christo
1842 1341 2245 1412 supplicabant.
2283 1344 2343 1389 ut

767 1461 851 1513 eis
889 1456 1237 1527 permitteret
1276 1451 1482 1502 intrare
1530 1444 1585 1495 in
1637 1455 1821 1511 porcos
1865 1437 1933 1499 ‘9,
1979 1444 2028 1482 rt
2082 1442 2340 1500 tanquam

768 1554 939 1606 Deum
970 1562 1096 1602 cum
1123 1541 1409 1613 adjurabat
1433 1533 1764 1591 dtemonium
1799 1544 1868 1583 ne
1906 1530 2083 1597 ipsum
2119 1536 2343 1593 torque-

773 1656 877 1697 ret.
924 1638 1071 1694 Nulli
1121 1635 1268 1689 enim
1312 1634 1587 1702 justorum
1637 1624 1729 1693 qui
1775 1623 1998 1675 fuerunt
2046 1634 2075 1670 a
2119 1616 2342 1677 Sicculo,

774 1737 909 1789 tales
959 1744 1152 1801 preces
1192 1732 1493 1781 trementes
1523 1718 1671 1773 cllati
1716 1724 1845 1769 sunt
1886 1713 2186 1772 dannones,
2238 1707 2343 1761 nisi

772 1825 875 1878 soli
922 1822 1145 1877 Christo
1178 1818 1311 1871 Deo.
1364 1811 1627 1868 Sciebant
1661 1806 1808 1860 enim
1852 1820 1915 1858 ex
1964 1803 2031 1856 iis
2078 1814 2200 1870 qmc
2248 1812 2345 1867 pa-

774 1914 1075 1973 tiebantur,
1111 1907 1257 1978 quod
1306 1904 1373 1957 ad
1407 1914 1600 1954 eorum
1642 1895 1945 1967 perniciem
1976 1902 2032 1945 et
2063 1889 2347 1944 interitum
2382 1873 2421 1926 Β

774 2015 831 2060 et
874 2003 1131 2059 draconis
1166 2012 1355 2052 eormn
1392 1990 1681 2064 principis,
1732 1988 1886 2041 venit
1922 1984 2089 2055 judex
2125 1981 2190 2035 ad
2225 1995 2348 2033 mu-

777 2099 968 2152 lierem
1004 2104 1061 2148 et
1106 2091 1386 2144 hominem
1432 2085 1525 2154 qui
1574 2086 1957 2151 peccaverant,
2007 2090 2117 2128 non
2157 2082 2217 2125 ut
2258 2085 2352 2125 eos

775 2187 1052 2257 jndiearet
1076 2191 1172 2235 aut
1212 2183 1617 2235 exsccraretnr,
1663 2169 1757 2224 sed
1795 2178 1857 2223 ut
1899 2172 2167 2227 servaret,
2212 2162 2355 2215 sicut

781 2280 896 2348 ipse
945 2276 1203 2330 Servatur
1231 2270 1368 2324 dicit
1396 2284 1408 2319 :
1437 2265 1550 2320 Non
1590 2265 1705 2316 vcni
1737 2269 1793 2313 ut
1813 2260 2048 2329 judicent
2081 2254 2353 2317 mundum,

779 2367 872 2419 sed
904 2374 955 2416 ut
981 2377 1178 2415 servem
1205 2360 1271 2410 5°.
1301 2356 1446 2410 Venit
1476 2353 1615 2405 enim
1660 2347 1820 2403 Filius
1853 2344 2077 2397 hominis
2113 2342 2180 2393 ad
2210 2354 2358 2410 qucr—

783 2454 1006 2508 remlnm
1051 2459 1099 2504 ct
1138 2446 1457 2501 servandum
1502 2440 1641 2512 quod
1682 2438 1914 2509 perierat
1951 2435 2027 2499 5‘;
2075 2449 2178 2485 non
2219 2433 2358 2483 enim

782 2549 924 2601 venit
966 2544 1036 2597 ml
1077 2542 1368 2596 vocandum
1405 2539 1603 2608 justas,
1636 2534 1723 2586 sed
1764 2537 2058 2601 peccatores
2090 2525 2158 2578 ad
2201 2524 2362 2594 panti-

787 2640 1009 2691 tentimn
1036 2636 1103 2698 ⁶²,
1137 2630 1396 2702 quoniam
1439 2643 1543 2680 non
1586 2640 1716 2694 opus
1755 2621 1948 2675 habent
1980 2618 2070 2687 qui
2096 2616 2216 2669 sani
2240 2620 2362 2666 sunt

787 2731 1010 2792 medico,
1041 2726 1131 2781 scd
1150 2727 1237 2792 qui
1268 2722 1404 2776 male
1432 2736 1487 2773 sc
1516 2718 1705 2772 habent
1747 2716 1816 2767 “.
1858 2711 1915 2766 Si
1964 2723 2097 2779 ergo
2140 2715 2366 2777 propter

791 2820 1210 2889 benignitatem,
1256 2824 1312 2869 et
1353 2808 1724 2872 clementiam,
1756 2812 1814 2859 et
1838 2810 2192 2873 peccatormn
2228 2811 2365 2851 con-

791 2885 1147 2966 donationcm
1183 2904 1336 2958 venit
1380 2902 1434 2954 in
1484 2900 1657 2953 vitam
1705 2894 1985 2955 Christus,
2021 2890 2202 2960 Agnus
2246 2885 2365 2949 Dei,

792 3003 881 3073 qni
932 2998 1068 3052 tollit
1105 3005 1321 3067 peccata
1373 2990 1558 3045 mundi
1593 2987 1635 3019 “
1673 3003 1688 3039 :
1721 2986 1841 3054 ejus
1882 2990 2067 3036 autem
2098 2979 2371 3032 adventus

794 3071 849 3144 in
895 3087 1231 3159 paradisum,
1264 3082 1358 3151 qni
1390 3079 1494 3133 fuit
1525 3075 1593 3130 ad
1631 3088 1729 3130 eos
1768 3071 1863 3143 qui
1892 3076 2215 3141 peccarunt,
2250 3073 2372 3121 erat

793 3157 959 3235 verus
993 3188 1154 3249 typus
1186 3176 1307 3242 ejus
1348 3171 1620 3225 adventus
1654 3165 1723 3220 ad
1767 3163 2057 3218 mulierem
2105 3174 2228 3229 qua:
2271 3157 2371 3211 de-

796 3282 952 3341 cepta
974 3270 1172 3327 fuerat,
1204 3266 1390 3326 Evam,
1416 3258 1741 3321 Eeclesiam,
1759 3265 2017 3309 naturam
2042 3251 2369 3314 lnnnanam;

802 3338 1072 3425 intelligat
1101 3352 1337 3423 quilibet
1381 3350 1546 3403 homo
1574 3345 1778 3410 ﬁdelis,
1809 3342 1955 3413 quod
1984 3355 2096 3395 non
2125 3338 2192 3393 ad
2239 3353 2374 3408 sup-

802 3448 1030 3518 pliciuln
1072 3441 1450 3513 irrogandum,
1479 3452 1659 3506 neque
1685 3434 1753 3488 ad
1777 3447 1997 3503 pinnam
2025 3428 2372 3492 sumendam,

799 3551 981 3606 neque
1019 3534 1088 3588 ad
1134 3526 1637 3588 exterminandum,
1676 3536 1853 3590 neque
1877 3520 1944 3573 ad
1978 3514 2373 3572 exsecrandum

802 3638 936 3685 time
987 3626 1139 3681 venit
1182 3624 1329 3678 Deus
1358 3620 1426 3674 ad
1467 3618 1736 3673 Adamum
1776 3622 1832 3668 ct
1866 3613 2055 3667 Evam.
2086 3608 2204 3663 Ovis
2229 3608 2377 3662 enim

807 3738 926 3793 qua:
964 3721 1193 3790 perierat
1228 3717 1273 3747 “
1314 3720 1434 3768 erat
1464 3709 1745 3779 exemplar
1787 3704 2004 3767 Adami,
2035 3717 2213 3771 neque
2252 3714 2379 3755 eum

810 3792 891 3869 ira
945 3814 1120 3882 ipsam
1181 3805 1433 3879 qmesivit
1484 3805 1679 3858 Pastor
1731 3799 1933 3862 bonus,
1996 3796 2093 3850 sed
2142 3792 2379 3865 gestavit

805 3904 1078 3959 intuleris:
1098 3909 1155 3954 et
1174 3899 1396 3966 dragma
1420 3910 1542 3964 qua:
1563 3890 1842 3947 ceciderat
1862 3904 1929 3944 ex
1950 3888 2163 3950 decem,
2183 3899 2382 3955 nempe

806 3995 939 4056 l-Jva,
979 4000 1103 4045 erat
1132 3986 1402 4048 Ecclesia,
1432 3998 1615 4053 neque
1646 3997 1771 4035 emn
1808 3980 1889 4033 ira
1936 3977 2193 4049 quaesivit
2219 3984 2276 4030 et
2300 3976 2385 4030 in-

804 4086 960 4139 venit
987 4098 1107 4138 eam
1156 4080 1252 4134 Dei
1294 4076 1607 4146 benignitas
1635 4092 1647 4127 :
1679 4081 1736 4128 et
1766 4072 1933 4126 homo
1974 4071 2068 4141 qui
2105 4069 2302 4124 incidit
2327 4068 2383 4123 in

805 4177 1072 4237 latrones,
1118 4171 1228 4226 fuit
1252 4168 1626 4240 protoplastus
1652 4164 1854 4227 Adam;
1887 4176 2068 4232 neque
2093 4176 2219 4214 cum
2257 4158 2387 4213 ullis

808 4271 974 4323 minis
1016 4283 1143 4322 eum
1178 4262 1391 4320 curavit
1412 4272 1470 4316 et
1512 4259 1749 4330 gestavit
1779 4256 2028 4311 humeris
2050 4255 2096 4286 “
2119 4293 2136 4319 ,
2184 4252 2270 4307 uti
2299 4252 2388 4308 Je-

808 4372 906 4413 sus
955 4371 1195 4409 crucem.
1242 4355 1415 4408 Porro
1441 4358 1625 4405 autem
1660 4348 1841 4402 bonus
1868 4358 2090 4415 quoque
2118 4344 2260 4397 latro
2292 4357 2389 4397 ex-

810 4446 1083 4519 primebat
1128 4444 1440 4499 evidentem
1471 4450 1661 4512 typum
1694 4436 1910 4503 Adami,
1956 4445 2014 4491 et
2046 4434 2253 4489 donum
2287 4449 2387 4502 pa-

1950 410 2010 467 ὃ.
2066 399 2463 464 ANASTASII
2513 394 2837 457 SINAIT/E

1535 527 1768 582 fortasse
1826 534 2009 577 autem
2064 520 2333 574 habentes
2362 522 2405 577 Α
2435 514 2501 569 ad
2538 514 2732 584 ipsam,
2772 525 2937 581 quem
2988 514 3179 579 aperte
3229 503 3384 575 prius
3423 495 3719 568 descripsit
3764 509 3829 548 ac
3879 495 4019 561 lign-

3875 374 4016 437 NBG

2436 606 2576 659 ravit
2625 605 2720 659 Dei
2774 603 3046 657 adventus
3093 599 3148 653 in
3191 595 3449 667 paradiso
3499 594 3555 646 in
3612 591 3707 644 illo
3755 586 4017 642 meridie.

2435 698 2561 753 llzec
2606 695 2922 752 necessario
2970 708 3091 747 sum
3127 690 3407 762 prmtatus,
3438 694 3493 739 ct
3522 680 3808 755 prmmnnii
3861 677 4023 731 audi-

2437 800 2611 844 torem
2644 804 2711 842 ne
2745 801 2888 857 :egrc
2917 784 3078 848 ferat,
3112 790 3206 836 aut
3239 795 3307 834 ne
3336 785 3493 847 putet
3522 773 3714 827 audire
3744 771 3928 823 aliena
3964 767 4020 819 in

2438 882 2505 936 iis
2527 897 2665 951 quas
2681 877 2882 933 dicturi
2920 890 3111 930 sumus
3131 866 3693 939 contemplationilms
3726 864 3863 916 dum
3896 876 4025 929 age-

2439 990 2561 1028 mus
2609 973 2677 1026 de
2722 970 2922 1041 pmnis,
2972 976 3033 1021 ut
3068 981 3190 1035 qua:
3217 964 3329 1017 sint
3368 974 3548 1022 novze,
3578 957 3796 1014 alienze,
3846 961 3903 1006 ct
3936 952 4020 1003 in—

2439 1064 2752 1120 credibiles.
2783 1062 2901 1116 Non
2926 1066 3105 1114 cessat
3127 1056 3275 1110 enim
3309 1065 3551 1120 unquam
3575 1048 3751 1102 sancti
3778 1044 4027 1113 Spiritus

2439 1156 2613 1227 gratia
2659 1168 2861 1207 ornare
2900 1160 2955 1205 et
2987 1162 3254 1204 coronare
3282 1142 3599 1214 paradisum
3626 1133 3894 1193 Ecclesia:
3927 1152 4029 1188 no-

2440 1248 2524 1301 vis
2566 1244 2796 1299 ﬂoribus
2829 1238 3235 1310 intelligentiis.
3259 1236 3394 1291 Nam
3422 1234 3565 1287 sicut
3585 1233 3699 1302 jam
3721 1229 3834 1283 dixi
3866 1237 4030 1280 antea

2442 1340 2595 1393 mille
2629 1343 2836 1392 exortze
2881 1341 3012 1387 sunt
3050 1331 3289 1385 hmreses
3324 1342 3447 1397 qua:
3482 1323 3777 1377 audierant
3799 1318 4029 1389 quidem

2444 1433 2511 1485 de
2542 1428 2799 1498 paradiso
2830 1436 2886 1480 et
2918 1422 3295 1494 proloplastis,
3339 1418 3476 1473 nihil
3508 1425 3692 1471 autem
3739 1413 4031 1482 spiritualc

2446 1520 2499 1574 in
2534 1518 2615 1573 eis
2659 1516 3067 1570 intellexerant.
3112 1512 3246 1567 Nam
3288 1505 3621 1563 Samaritani
3670 1503 3924 1574 quidem,
3964 1517 4032 1554 c.\

2445 1627 2512 1666 eo
2546 1608 2692 1680 quod
2722 1607 2860 1661 dixit
2891 1624 2902 1658 :
2935 1605 3098 1658 Terra
3134 1620 3209 1667 cs,
3244 1610 3291 1653 ct
3324 1601 3379 1654 in
3408 1609 3606 1652 terram
3638 1595 3920 1649 reverteris
3943 1593 3982 1622 "
4016 1609 4031 1642 :

2446 1702 2696 1757 arbitrati
2735 1707 2907 1753 totum
2940 1695 3221 1749 hominem
3251 1708 3373 1747 esse
3416 1689 3704 1744 mortalem
3736 1695 4036 1757 propterea

2448 1792 2594 1863 quod
2635 1792 2707 1846 sit
2754 1788 3034 1844 terrestris
3077 1786 3257 1840 anima
3298 1797 3520 1853 quoque
3573 1796 3699 1836 cum
3756 1791 3991 1846 corpore
4017 1815 4034 1836 ,

2453 1890 2727 1954 negarunt
2768 1878 3252 1933 resurrectionem.
3290 1873 3562 1944 Origenes
3592 1878 3779 1925 autem
3819 1866 4036 1927 infelix,

2452 1989 2579 2028 cum
2604 1970 2793 2025 nescio
2816 1966 3094 2038 quomodo
3112 1966 3393 2019 diceretur
3414 1978 3535 2017 esse
3560 1962 3801 2031 sapiens,
3832 1959 4041 2013 stultus

2454 2063 2633 2117 factus
2671 2069 2787 2122 est,
2828 2058 3197 2129 prostibulum
3233 2054 3406 2109 fuisse
3440 2051 3811 2122 pronuntians
3855 2050 4041 2103 locum

2456 2151 2914 2220 ineorruptionis,
2976 2150 3183 2203 coitum
3243 2145 3497 2200 mulieris
3551 2158 3674 2197 esse
3732 2143 4045 2197 decernens

2457 2247 2749 2318 pulchrum
2782 2244 3025 2298 fructum
3077 2242 3208 2313 ligni
3258 2238 3665 2295 inobedicntize.

2532 2378 2866 2434 Manichmus
2910 2383 3096 2429 autem
3124 2372 3459 2429 existimavit
3488 2369 3629 2425 duas
3656 2384 3779 2423 esse
3816 2375 4046 2420 contra-

2460 2470 2573 2524 rias
2623 2475 2929 2537 potestates
2962 2464 3297 2526 divinitatis,
3329 2470 3643 2532 serpentem
3670 2468 3726 2513 et
3754 2459 4049 2527 Opiticem,

2461 2576 2585 2630 qua:
2636 2558 2690 2612 in
2748 2557 2866 2612 acie
2905 2557 3049 2610 inter
3083 2570 3141 2609 se
3179 2554 3521 2608 deecrtarint
3571 2552 3625 2605 in
3658 2550 3958 2621 paradiso:
3994 2555 4052 2602 et

2464 2653 2673 2707 bomnn
2717 2649 2940 2719 quidem
2973 2648 3146 2702 Deum
3176 2660 3297 2700 esse
3346 2653 3653 2699 creatorem
3692 2643 3918 2703 animae,
3954 2640 4051 2709 qui

2465 2753 2550 2798 est
2575 2742 2741 2797 etiam
2782 2741 2948 2794 homo
2983 2739 3050 2793 ad
3090 2738 3186 2792 Dei
3238 2735 3565 2806 iinaginem;
3611 2735 3820 2788 malum
3866 2742 4051 2787 autem

2468 2835 2641 2890 Deum
2667 2848 2787 2888 esse
2814 2832 3132 2887 cll'eetorcm
3178 2828 3449 2898 corporis,
3481 2826 3629 2896 quod
3671 2825 3884 2879 bellum
3915 2825 4058 2893 gerit

2468 2927 2734 2981 adversus
2778 2926 3040 2980 animam.
3069 2923 3145 2977 De
3178 2938 3291 2992 quo
3325 2921 3493 2975 etiam
3525 2920 3792 2989 scriptum
3827 2927 3937 2981 est,
3974 2917 4059 2970 in-

2472 3020 2593 3089 quit
2624 3038 2636 3072 :
2670 3018 2738 3073 Et
2766 3018 2920 3085 ﬁnxit
2947 3016 3089 3070 Dens
3126 3017 3389 3069 hominem
3414 3014 3538 3068 [imo
3562 3021 3773 3082 accepto
3803 3027 3833 3063 e
3892 3020 4057 3062 terra.

2476 3111 2713 3166 ll:ercsis
2753 3119 2939 3164 autem
2966 3123 3088 3176 qua:
3108 3106 3316 3160 dicitur
3346 3105 3781 3167 Eneratitarum,
3812 3101 4064 3155 abstinet

2400 3198 2444 3259 C
2476 3218 2507 3257 a
2552 3200 2762 3270 nuptiis
2808 3210 2865 3254 ct
2918 3200 3174 3264 muliere,
3232 3209 3488 3266 tanquam
3525 3211 3555 3249 a
3586 3211 3643 3248 re
3668 3194 3812 3247 mala
3840 3204 3898 3248 et
3927 3194 4064 3247 insi-

2422 3362 2425 3365 _
2475 3295 2661 3359 diosa;
2705 3292 2968 3348 similiter
3016 3292 3183 3346 etiam
3235 3290 3304 3343 ab
3340 3289 3601 3343 arborum
3647 3286 3948 3350 fructibus,
4006 3300 4066 3338 ut

2477 3387 2573 3457 qui
2614 3386 2727 3439 sint
2773 3383 2982 3454 peceati
3022 3382 3347 3448 eﬂicientes,
3380 3390 3606 3452 propter
3633 3378 3891 3435 arborem
3942 3392 4066 3449 quae

2480 3477 2687 3532 dicitur
2729 3473 3143 3529 inobcdientim.

2548 3610 2663 3665 Nec
2700 3609 2807 3663 hoc
2856 3609 3058 3671 solum,
3096 3606 3191 3661 sed
3238 3606 3407 3661 etiam
3452 3605 3675 3676 plurimi
3715 3620 3783 3659 ex
3816 3603 4067 3658 Ecclesia

2480 3707 2885 3753 convertuntur
2923 3698 2991 3751 ad
3040 3698 3236 3767 impias
3262 3698 3331 3751 de
3380 3697 3494 3751 Deo
3528 3696 3912 3767 cogitationes,
3949 3711 4071 3749 cor-

2481 3790 2746 3860 poraliter
2797 3801 2854 3845 et
2909 3804 3093 3844 crasse
3142 3789 3435 3844 audientes
3487 3805 3553 3843 ea
3586 3804 3709 3859 quae
3750 3788 3896 3842 facta
3939 3796 4071 3840 sunt

2485 3884 2540 3937 in
2591 3885 2868 3953 paradiso.
2925 3884 2982 3938 Si
3026 3883 3177 3937 enim
3212 3882 3560 3952 przescicbat,
3605 3881 3886 3950 inquiunt,
3924 3881 4073 3934 Dens

2486 3974 2542 4029 id
2583 3976 2731 4045 quod
2775 3985 3129 4038 eventurum,
3165 3975 3283 4044 ipse
3334 3984 3420 4029 est
3460 3976 3581 4044 ejus
3612 3982 3839 4037 auctor;
3882 3982 3943 4025 ut
3978 3972 4070 4041 qui

2485 4066 2735 4135 serpenti
2760 4064 3101 4119 concesserit
3119 4064 3303 4119 statim
3321 4079 3679 4132 corrumpere
3705 4064 3888 4132 primo
3916 4079 4074 4117 crea-

2487 4162 2604 4207 tum
2652 4168 2793 4223 opus
2823 4168 3086 4207 manuum
3120 4153 3240 4207 Dei.
3279 4152 3421 4218 Quid
3465 4153 3611 4206 enim
3642 4168 3782 4221 opus
3804 4161 3929 4204 erat
3961 4167 4075 4205 om-

2488 4247 2641 4307 nino,
2678 4255 2737 4299 ut
2780 4246 2872 4298 ille
2905 4245 3122 4297 daemon
3157 4244 3321 4298 simul
3351 4260 3477 4298 eum
3516 4246 3599 4298 cis
3624 4244 3853 4313 degeret
3884 4245 3941 4296 in
3982 4261 4075 4312 pa-

2488 4336 2714 4391 radiso?
2743 4335 2977 4400 Quidam
3022 4343 3206 4388 autem
3259 4333 3576 4388 inciderunt
3615 4332 3785 4387 etiam
3832 4332 3889 4385 in
3940 4334 4075 4386 alias

2489 4426 2843 4481 absurdiorcs
2902 4424 3303 4493 cogitationes,
3354 4440 3524 4493 quas,
3579 4440 3649 4479 ne
3716 4422 4075 4479 oll'endantur

808 4539 979 4594 radisi
1004 4536 1167 4591 nobis
1198 4535 1453 4589 Christus
1479 4547 1578 4602 per
1603 4533 1782 4601 ipsum
1813 4527 2054 4599 aperuit.
2089 4526 2165 4581 De
2189 4534 2388 4580 caetero
2420 4531 2464 4586 ι)
2492 4516 2885 4587 simpliciores,
2936 4532 3047 4569 non
3095 4526 3181 4570 est
3209 4531 3437 4571 necesse
3476 4517 3682 4571 dicere.
3719 4516 3878 4572 Unde
3906 4520 4072 4571 etiam

812 4632 922 4685 nuli
949 4645 1057 4683 non
1090 4626 1340 4689 credere,
1361 4625 1510 4693 quod
1534 4624 1697 4677 etiam
1716 4622 1987 4675 adversus
2019 4618 2391 4688 protoplastos

812 4721 905 4788 qui
956 4726 1282 4788 peccarunt,
1332 4725 1465 4768 tunc
1521 4715 1665 4767 Deus
1714 4712 1942 4765 multam
1983 4708 2231 4763 ostendit
2280 4706 2393 4761 cle-

812 4811 1075 4864 mentiam
1128 4809 1183 4865 in
1228 4808 1413 4877 pennis
1458 4822 1580 4875 qme
1606 4805 1675 4858 ab
1714 4804 1835 4873 ipso
1869 4802 2136 4857 adversus
2166 4813 2263 4853 eos
2290 4797 2391 4851 de-

814 4902 1209 4964 cernebantur,
1242 4901 1300 4954 in
1338 4898 1544 4967 quibus
1592 4896 1760 4950 verba
1810 4892 2033 4962 quidem
2088 4888 2391 4944 adumbra-

814 4995 896 5047 vit
924 4994 1098 5049 instar
1144 4990 1508 5061 quarumdam
1550 4986 1992 5042 cxscerationum
2019 4982 2087 5037 ad
2120 4990 2389 5036 terrorem

815 5086 1065 5142 scelesta:
1106 5085 1287 5155 gentis
1328 5083 1667 5147 Judaeorum,
1716 5077 1940 5153 quando
1992 5075 2167 5148 legem
2223 5089 2393 5151 expo-

817 5177 1003 5232 nebat.

892 5270 969 5323 Ea
998 5278 1205 5330 autem,
1235 5265 1590 5336 przedicendo
1614 5280 1724 5318 non
1754 5262 2039 5335 puniendo
2067 5271 2203 5317 sunt
2230 5263 2401 5316 inter.

821 5368 1063 5431 pretata,
1100 5367 1162 5412 ut
1196 5358 1503 5411 referantur
1530 5357 1598 5410 ad
1630 5357 1900 5411 Adamum
1932 5362 1989 5407 et
2014 5353 2205 5417 Evam,
2234 5351 2303 5406 de
2335 5352 2403 5407 iis

825 5464 949 5520 qua:
991 5456 1154 5503 erant
1185 5456 1453 5501 eventura
1504 5446 1786 5510 Eeclesim,
1834 5443 2058 5513 quando
2094 5445 2157 5497 in
2206 5457 2402 5497 errore

824 5541 1058 5612 degebat
1084 5539 1229 5610 apud
1265 5548 1582 5609 serpentem
1610 5546 1738 5592 ante
1783 5537 2078 5591 adventum
2108 5534 2205 5589 Dei
2235 5533 2401 5589 Verbi

936 5739 981 5769 ⁵⁷
1024 5738 1214 5791 .‘lalllt.
1256 5751 1330 5799 Iv,
1387 5736 1440 5790 5.
1518 5736 1563 5767 ⁵⁸
1604 5734 1742 5789 ibid.
1784 5736 1839 5789 6.

864 5824 918 5872 t',
961 5809 1047 5862 3:2.
1126 5810 1170 5837 “
1211 5806 1374 5862 Marc.
1417 5822 1474 5869 ll,
1516 5806 1569 5860 7.
1646 5807 1691 5836 “
1723 5805 1881 5861 .loan.
1924 5820 1963 5869 ι,
2002 5805 2091 5860 29.

1916 5735 1963 5766 ⁸⁹
2005 5733 2195 5787 Matth.
2237 5749 2350 5794 vnl,
2405 5734 2494 5787 3|.

1924 5820 1963 5859 ι.
2002 5805 2091 5859 29.
2167 5805 2213 5836 “
2254 5802 2390 5859 Luc.
2432 5818 2522 5859 xv.
2566 5802 2600 5859 6

2301 5818 2390 5859 llC.
2432 5818 2522 5865 ΧΥ,
2566 5818 2619 5859 υ.

2490 4625 2587 4665 eas
2620 4611 2843 4664 solvens
2890 4624 3122 4679 magnus
3155 4608 3245 4664 ille
3273 4609 3602 4663 Ambrosius
3630 4609 3809 4664 audiit
3858 4625 3923 4665 ea
3957 4626 4077 4681 quze

2489 4704 2754 4758 dicuntur
2779 4704 2849 4757 de
2880 4701 3253 4760 inobedientia
3299 4711 3357 4756 et
3406 4702 3683 4773 paradiso,
3719 4712 3774 4756 et
3801 4702 3996 4773 lignis,
4025 4714 4078 4758 et

2490 4794 2690 4865 poenis,
2725 4801 2782 4848 ct
2806 4801 3004 4859 morte,
3032 4809 3143 4848 non
3200 4808 3321 4848 esse
3378 4803 3635 4863 tanquam
3688 4810 3755 4849 ex
3801 4804 4080 4864 potestate

2492 4887 2782 4951 daemonis,
2825 4887 2923 4941 sed
2975 4901 3100 4941 esse
3152 4895 3412 4958 tanquam
3456 4902 3522 4941 ex
3567 4886 3796 4958 mystica
3838 4888 4079 4956 quadam

2494 4980 2935 5049 dispensatione.
2987 4979 3065 5033 De
3109 4989 3311 5034 caetero
3348 4987 3533 5035 autem
3589 4987 3807 5049 tempus
3836 4989 3927 5034 est
3956 4996 4082 5035 eon-

2496 5072 2745 5127 siderare
2788 5070 2957 5125 verba
3004 5086 3128 5139 qua:
3174 5086 3204 5125 a
3256 5071 3369 5125 Deo
3410 5070 3558 5125 dicta
3606 5080 3739 5124 sunt
3770 5070 3999 5126 mulieri
4031 5079 4082 5123 et

2497 5163 2730 5219 Adamo.
2757 5161 2891 5233 Quae
2912 5163 3139 5233 quidem
3169 5162 3421 5217 nonnulli
3458 5162 3778 5217 existimant
3802 5177 3929 5216 esse
3968 5178 4085 5218 sen-

2498 5256 2705 5312 tentias
2747 5265 2805 5314 et
2838 5255 3334 5313 condemnationcs
3377 5253 3849 5309 exsecrationum.
3891 5252 4083 5307 Prius-

2496 5366 2663 5423 quam
2688 5359 2872 5406 autcm
2897 5364 2964 5404 ea
2986 5347 3307 5413 dissolvam,
3339 5345 3583 5401 auditori
3632 5359 3838 5399 revoco
3862 5343 3922 5397 in
3974 5358 4085 5397 me-

2498 5444 2755 5507 moriam,
2784 5442 2935 5518 quod
2980 5440 3127 5515 apud
3150 5455 3278 5495 cum
3302 5439 3374 5495 de
3397 5439 3599 5510 quinto
3623 5437 3715 5493 die
3744 5437 4086 5494 disserentes

2500 5535 2743 5592 diximus
2770 5534 2840 5594 de
2871 5533 3261 5590 benedictione
3282 5532 3520 5605 piscium
3542 5528 3685 5586 facta
3716 5545 3746 5584 a
3767 5529 3914 5595 Deo;
3942 5526 4085 5600 quod

2606 5734 2652 5766 “
2689 5732 2847 5787 Joan.
2886 5749 2980 5796 xu,
3022 5734 3111 5789 47.
3187 5734 3231 5765 “
3272 5730 3467 5786 Matth.
3505 5745 3657 5796 xvm,
3702 5729 3788 5783 Η.
3866 5728 3915 5763 η
3959 5728 4083 5785 Luc.

2702 5803 2750 5837 “
2788 5802 2921 5858 Luc.
2962 5819 3015 5869 π,
3054 5802 3124 5858 '50
3159 5818 3315 5873 seqq.
3393 5802 3437 5833 "
3479 5799 3618 5854 Gen.
3664 5814 3741 5863 In,
3788 5797 3875 5851 19.
