4186 6442
189 434 321 498 1037

1276 438 1357 500 ΙΝ
1396 438 1938 506 IIEXAEMERON.
1968 472 2035 483 —
2064 448 2212 509 LIB.
2260 451 2361 508 Χῐ.

3296 446 3429 510 1038

184 561 414 618 propter
467 560 780 618 serpentem
813 560 870 603 et
912 550 1345 605 exsecrationem
1394 569 1491 607 seu
1526 554 1757 608 maledi-
1787 561 1829 616 Λ
1858 556 2243 627 fuitdcceptus
2276 557 2483 613 sancita
2511 567 2641 614 sunt
2672 559 2976 629 asperrima
2999 567 3056 615 et
3082 557 3428 631 gravissima,

180 643 424 695 etionem
470 641 638 711 918
691 656 855 710 quam
907 652 1028 696 erat
1084 644 1319 707 laturus,
1372 661 1436 700 ea
1482 647 1550 701 de
1592 663 1755 703 causa

178 734 486 787 animantia
543 748 652 786 non
701 733 969 802 impertiit
1017 735 1134 802 pari
1184 735 1589 791 benedictione.

248 824 371 877 Non
404 825 551 878 enim
579 825 823 879 invenies
850 827 902 878 in
931 836 1043 879 tota
1073 826 1355 896 Scriptura
1389 828 1543 898 legis,
1576 828 1753 897 aliqua

174 930 242 966 ex
296 930 397 967 ore
456 915 551 968 Dei
611 915 780 968 fuisse
828 916 1141 980 benedicta,
1201 926 1258 971 et
1312 933 1504 971 rursus
1555 934 1585 972 a
1643 920 1754 974 Deo

173 1004 351 1056 fuisse
401 1006 647 1075 subjecta
691 1006 1088 1071 exscerationi;
1134 1017 1190 1061 ct
1242 1008 1347 1060 hoc
1400 1010 1753 1076 perspicuum

170 1110 239 1148 cx
274 1094 451 1149 Cham
489 1096 600 1150 ﬁlio
626 1096 759 1150 Noe.
790 1096 923 1150 Nam
954 1113 1078 1150 cum
1116 1098 1161 1151 is
1192 1113 1250 1152 se
1281 1098 1466 1166 inique
1496 1100 1755 1167 gessisset

172 1187 228 1239 in
268 1188 573 1242 mulatione
604 1190 797 1257 patris,
829 1201 887 1244 et
924 1200 1216 1260 postquam
1254 1207 1284 1245 e
1321 1207 1514 1246 somno
1546 1194 1755 1247 excita-

172 1288 262 1332 tus
306 1280 426 1333 Noe
463 1283 778 1347 agnovisset
829 1282 926 1335 ﬁlii
976 1283 1168 1337 Chami
1223 1283 1591 1353 iniquitatem,
1643 1301 1753 1340 non

167 1387 344 1423 ausus
376 1381 461 1425 est
491 1373 604 1425 Noe
626 1375 899 1427 exsecrari
932 1375 1127 1438 ﬁlium,
1159 1377 1419 1444 quoniam
1453 1377 1555 1429 fuit
1582 1393 1610 1430 a
1641 1378 1755 1432 Deo

173 1460 507 1514 benedictus
552 1472 673 1530 post
725 1462 995 1517 diluvium
1051 1480 1174 1517 cum
1211 1465 1428 1520 duobus
1479 1470 1598 1535 ejus
1638 1468 1751 1521 lra-

171 1551 377 1604 tribus.
435 1553 802 1617 Quamobrem
848 1570 958 1607 non
995 1554 1129 1608 dicit
1168 1574 1181 1608 :
1214 1556 1519 1610 Maledicta:
1559 1557 1745 1621 Citam,

166 1645 266 1696 sed
318 1644 629 1697 maledictus
677 1645 934 1698 Chanaan
970 1649 1045 1708 δ”,
1079 1658 1397 1701 exsecratus
1431 1664 1528 1701 eos
1555 1649 1649 1717 qui
1684 1666 1748 1704 ex

168 1736 294 1801 ipso
343 1745 505 1788 erant
552 1735 839 1799 nascituri,
892 1745 948 1790 ct
1001 1753 1109 1790 non
1148 1738 1341 1791 Cham.
1393 1738 1515 1791 Ihec
1566 1749 1746 1794 autem

165 1826 297 1877 dico
343 1826 609 1879 resistens
641 1828 792 1894 prius
836 1828 1133 1881 nominatis
1170 1828 1503 1892 lnercsihus;
1538 1829 1605 1883 de
1645 1847 1748 1885 cm-

1859 648 1916 705 in
1967 650 2260 717 punitione
2306 661 2489 704 autem
2530 652 2653 707 Eva:
2694 651 3077 716 insidiatricis,
3135 666 3247 705 non
3300 660 3431 705 sunt

1856 739 2084 793 omnino
2128 742 2339 796 sancito
2365 758 2379 795 ε
2410 757 2520 795 non
2545 744 2853 798 exsecratio
2877 752 3035 797 terra:
3063 743 3119 797 in
3146 743 3268 813 ejus
3296 756 3431 811 ope-

1857 829 2033 893 ribus,
2066 846 2174 885 non
2206 832 2369 886 cibus
2396 831 2643 886 dolorem
2673 843 2999 904 perpetuum
3029 832 3285 897 aﬂ‘erens,
3317 849 3425 886 non

1854 935 1985 974 esus
2032 920 2234 987 herbae,
2277 937 2390 976 non
2434 922 2728 992 productio
2780 926 3085 994 spinarum,
3135 937 3245 976 non
3273 933 3429 977 ortus

1857 1011 2211 1079 tribulorum,
2259 1028 2373 1067 non
2423 1013 2655 1068 sudores
2709 1016 2916 1077 vultus,
2946 1031 3058 1069 non
3099 1013 3343 1069 reversio
3372 1013 3428 1066 in

1855 1111 2079 1167 terram,
2122 1120 2229 1158 non
2283 1120 2454 1168 mors,
2504 1121 2614 1158 non
2663 1105 2861 1176 ejectio
2899 1122 2967 1160 ex
3005 1105 3283 1176 paradiso,
3316 1120 3425 1159 non

1853 1195 2155 1262 prohibitio
2177 1195 2309 1266 ligni
2331 1197 2457 1250 vita:
2478 1236 2492 1260 ,
2512 1212 2619 1249 non
2641 1197 2790 1251 circa
2813 1197 2985 1266 ipsam
3014 1197 3260 1251 custodia
3293 1196 3428 1250 che—

1855 1288 2198 1351 rubinorum,
2222 1304 2331 1342 non
2379 1299 2571 1343 contra
2618 1303 2738 1342 eam
2761 1288 3079 1357 rhompluea
3102 1287 3375 1341 versatilis
3404 1287 3428 1339 ?

1853 1374 1987 1428 Nam
2020 1376 2114 1443 qui
2162 1376 2216 1428 in
2267 1374 2412 1429 idem
2446 1384 2729 1443 peccatum
2777 1374 3106 1438 inciderant,
3151 1373 3429 1429 debebant

1853 1466 2075 1519 easdem
2109 1476 2163 1519 ct
2193 1481 2353 1536 pares
2383 1480 2572 1535 pmnas
2608 1466 2815 1530 subire,
2845 1474 2902 1520 ct
2936 1467 3110 1520 multo
3135 1465 3308 1536 magis
3334 1463 3429 1518 dc-

1851 1559 2065 1626 ceptrix
2101 1559 2320 1612 mulier.
2354 1558 2409 1612 Si
2443 1567 2629 1612 autem
2659 1558 2794 1611 mihi
2824 1556 2959 1611 dicit
2992 1557 3237 1619 auditor,
3278 1555 3425 1624 quod

1851 1665 1977 1703 cum
2016 1649 2216 1703 mulier
2270 1658 2419 1704 esset
2468 1649 2599 1704 vitae
2645 1649 2793 1704 socia
2825 1658 2882 1703 ct
2915 1648 3138 1718 conjux,
3166 1656 3225 1701 et
3257 1647 3428 1701 coha-

1850 1741 2032 1795 bitans
2064 1756 2189 1794 cum
2230 1740 2464 1804 Adamo,
2516 1750 2637 1794 erat
2669 1740 2896 1793 omnino
2941 1738 3090 1793 socia
3136 1752 3427 1807 peenarum

1849 1842 1907 1885 et
1945 1833 2317 1885 calamitatum
2371 1831 2554 1885 mariti
2598 1848 2611 1884 :
2665 1848 2773 1884 non
2820 1840 2966 1885 recte
3012 1836 3201 1883 censet
3242 1828 3287 1883 is
3330 1829 3423 1897 qui

168 1927 293 1969 tero
336 1933 438 1984 pro
467 1916 669 1971 Christi
720 1934 941 1985 quoque
989 1918 1232 1972 Ecclesia
1278 1934 1396 1972 eam
1442 1920 1748 1973 defendens
1781 1928 1821 1983 B
1851 1924 1967 1976 hzec
2013 1923 2166 1976 dicit.
2210 1922 2343 1975 Nam
2381 1922 2426 1975 si
2476 1922 2581 1975 hoc
2624 1921 2698 1974 ita
2750 1921 2998 1983 haberet,
3035 1919 3165 1989 quid
3201 1919 3426 1972 omnino

166 2007 289 2060 h.ec
332 2006 483 2071 dico;
518 2008 582 2059 ad
610 2008 708 2060 hoc
743 2017 803 2061 ut
830 2022 951 2061 eam
987 2010 1275 2062 ostendam
1303 2010 1491 2062 Judzco
1523 2018 1577 2063 et
1617 2010 1747 2064 Bar-

166 2099 326 2160 haro,
384 2100 457 2151 ab
499 2101 645 2152 omni
694 2100 789 2153 Dei
830 2102 1210 2155 exsecratione
1249 2116 1370 2153 esse
1420 2101 1652 2154 liberam
1695 2111 1750 2156 ct

161 2189 235 2241 ab
261 2189 650 2257 indignatione
680 2189 937 2244 alienam.
969 2189 1110 2254 Quid
1133 2190 1280 2243 enim
1304 2188 1440 2243 dicit
1467 2189 1749 2259 Scriptura

162 2283 232 2335 de
267 2283 505 2335 muliere
529 2290 651 2350 post
673 2282 1106 2335 exsecrationem
1137 2282 1445 2350 serpentis?
1468 2281 1609 2335 Dixit
1642 2283 1751 2337 sci-

160 2375 299 2428 licet
330 2373 471 2426 Deus
504 2373 897 2441 :Multiplicans
927 2372 1283 2442 multiplicabo
1323 2373 1527 2426 dolores
1556 2382 1670 2427 tuos
1700 2385 1749 2428 et

164 2466 396 2533 gemitus
429 2475 577 2528 tuos;
609 2466 665 2517 in
718 2464 986 2519 doloribus
1041 2467 1216 2535 paries
1271 2465 1430 2532 filios,
1473 2475 1521 2520 et
1569 2467 1640 2520 ad
1668 2468 1748 2521 vi-

162 2572 287 2607 rum
321 2562 475 2608 tuum
512 2557 774 2609 conversio
809 2564 922 2620 tua,
973 2565 1020 2608 et
1062 2558 1171 2625 ipse
1228 2556 1319 2608 tibi
1369 2556 1743 2612 dominabitur.

162 2646 234 2699 lit
280 2656 473 2700 autem
516 2647 958 2715 contemplemur
998 2647 1300 2701 dilucidius
1333 2648 1591 2718 mysteria
1626 2664 1748 2717 quae

160 2749 295 2793 sunt
334 2741 393 2793 in
445 2740 514 2792 iis
538 2754 659 2806 qum
679 2738 939 2791 videntur
967 2753 1087 2793 esse
1128 2753 1323 2806 pmnzc,
1353 2740 1749 2808 conjungamus

159 2833 333 2884 etiam
360 2846 484 2897 quae
509 2831 655 2883 dicta
682 2838 810 2883 sunt
842 2829 1075 2883 Adamo.
1111 2830 1247 2883 Nam
1276 2830 1325 2882 ei
1362 2844 1582 2898 quoque
1613 2829 1748 2882 dicit

160 2923 313 2977 Itcus
340 2940 351 2972 :
386 2920 651 2985 Quoniam
682 2921 926 2975 audivisti
954 2936 1168 2973 uxorem
1200 2928 1369 2982 tuam,
1404 2928 1456 2972 et
1481 2920 1747 2974 comedisti

160 3029 227 3065 ra:
263 3012 413 3082 ligno
450 3028 517 3065 ea:
567 3029 667 3082 quo
684 3013 825 3081 jussi
873 3013 964 3065 tibi
993 3029 1057 3065 nc
1103 3012 1417 3073 comcdcrcs,
1465 3011 1745 3066 maledicta

160 3112 238 3154 est
291 3112 441 3155 terra
476 3105 531 3155 i'n
555 3105 791 3171 operibus
817 3104 918 3156 tuis
946 3104 1039 3157 :in
1070 3102 1333 3156 laboribus
1357 3104 1594 3157 comcdes
1626 3120 1746 3157 eam

160 3193 410 3244 omnibus
457 3192 631 3245 diebus
670 3194 789 3245 vita:
823 3201 929 3245 tua:
965 3208 982 3246 :
1019 3194 1201 3261 spinas
1256 3201 1307 3245 et
1362 3192 1579 3246 tribulos
1620 3210 1746 3262 pro-

1849 2022 1996 2068 csset
2020 2030 2159 2083 opus
2187 2014 2455 2067 adversus
2478 2028 2573 2067 cos
2595 2011 2958 2066 dissimilibus
2991 2012 3191 2081 pomis.
3222 2019 3279 2065 et
3306 2027 3428 2079 qua:

1850 2106 2056 2160 habent
2106 2122 2355 2175 magnam
2422 2105 2793 2159 diﬂ’crentiam
2852 2114 2909 2159 ct
2964 2095 3428 2173 repugnantiam?

1847 2195 2139 2264 Oportcret
2164 2195 2311 2247 enim
2341 2209 2491 2253 cum.
2515 2194 2660 2248 sicut
2686 2194 2795 2247 illic
2820 2196 2874 2246 in
2898 2193 3169 2261 principio
3203 2191 3425 2260 quando

1849 2284 1979 2338 fecit
2003 2300 2122 2348 eos,
2150 2284 2313 2338 simul
2333 2285 2415 2337 eis
2442 2283 2595 2338 dedit
2623 2300 2778 2338 esum
2808 2283 3035 2337 seminis
3063 2296 3188 2335 cum
3216 2282 3421 2334 brutis:

1850 2376 1923 2430 ita
1965 2376 2130 2431 etiam
2164 2375 2255 2429 hic
2288 2392 2509 2444 quoque
2543 2376 2914 2429 communiter
2946 2374 3077 2428 dare
3115 2388 3325 2443 pteuas,
3372 2381 3425 2427 et

1847 2465 2032 2520 dicere
2067 2484 2079 2519 :
2121 2485 2138 2516 σ
2168 2466 2459 2521 Maledicta
2512 2476 2659 2521 terra
2696 2466 2751 2519 in
2797 2465 3061 2535 operibus
3095 2465 3318 2528 vestris,
3367 2464 3421 2519 in

1846 2557 2132 2611 doloribus
2167 2557 2470 2613 comedetis
2518 2573 2662 2622 eam,
2709 2559 2895 2628 spinas
2935 2566 2991 2611 et
3030 2557 3266 2612 tribulos
3299 2573 3425 2626 pro-

1847 2649 2014 2702 ducet
2053 2648 2232 2712 vobis,
2278 2658 2335 2704 ct
2364 2650 2668 2704 comedetis
2705 2649 2932 2703 herbam
2968 2649 3083 2718 agri
3131 2648 3184 2702 in
3219 2648 3422 2702 sudore

1845 2740 2033 2795 vultus
2070 2741 2261 2806 vestri,
2295 2741 2470 2796 donec
2490 2741 2845 2796 revertamini
2878 2741 2935 2794 in
2964 2750 3190 2802 terram,
3220 2756 3286 2793 ex
3316 2756 3423 2808 qua

1846 2828 2053 2897 sumpti
2077 2828 2249 2893 estis;
2286 2846 2305 2879 ι
2339 2828 2434 2882 sed
2464 2829 2603 2882 nihil
2641 2829 2747 2884 tale
2795 2829 2929 2883 facit
2957 2838 3054 2885 aut
3090 2828 3228 2886 dicit
3254 2830 3421 2885 Deus.

1847 2919 2002 2973 Unde
2024 2935 2150 2973 cum
2176 2920 2405 2975 dixisset
2428 2921 2672 2985 mulieri,
2696 2920 2759 2975 In
2780 2921 3045 2975 doloribus
3068 2923 3242 2993 paries
3260 2921 3421 2990 ﬁlios.

1846 3006 1985 3060 nihil
2023 3007 2129 3061 tale
2170 3006 2306 3063 dicit
2334 3007 2565 3062 homini.
2597 3009 2664 3063 Et
2696 3024 2795 3076 per
2823 3007 3140 3064 universam
3172 3008 3424 3077 Scriptu-

1847 3113 1961 3151 ram
2002 3107 2189 3167 patres
2231 3099 2522 3153 nominans
2570 3099 2873 3169 genitores,
2911 3099 3008 3154 sed
3050 3114 3161 3153 non
3195 3107 3420 3162 matres.

1848 3202 2039 3241 rursus
2072 3187 2207 3242 dicit
2240 3188 2357 3243 ﬁcri
2392 3188 2643 3243 mulieris
2670 3189 3087 3244 conversionem
3118 3188 3188 3244 ad
3218 3189 3421 3251 virum.

161 3282 317 3333 ducet
343 3281 459 3343 tibi,
494 3290 543 3332 ct
569 3282 799 3334 comcdcs
826 3282 1040 3335 herbam
1079 3283 1197 3351 agri
1227 3297 1245 3334 :
1276 3283 1330 3334 in
1353 3282 1544 3335 sudore
1573 3281 1746 3335 vultus
1774 3274 1815 3330 C
1856 3280 2226 3333 reversionem
2257 3287 2443 3333 autem
2466 3280 2571 3334 viri
2604 3281 2659 3334 in
2683 3289 2907 3336 terram.
2931 3282 2997 3335 Et
3021 3296 3214 3337 rursus
3242 3281 3421 3336 virum

160 3373 239 3424 :ui
284 3371 526 3424 comedas
562 3388 751 3439 panem
773 3380 939 3431 tuum.
969 3372 1131 3424 donec
1162 3373 1443 3424 revertaris
1465 3373 1521 3425 in
1549 3382 1749 3426 terram

162 3478 228 3513 ea:
267 3479 380 3531 qua
419 3469 662 3530 sumptus
698 3478 774 3525 es,
831 3464 1085 3532 quoniam
1116 3471 1259 3515 terra
1294 3478 1346 3515 es
1377 3471 1425 3515 et
1454 3464 1511 3516 in
1551 3471 1750 3516 terram

163 3554 471 3606 reverteris.
522 3553 749 3609 Alienus
796 3564 853 3608 et
905 3569 1123 3607 onmem
1171 3568 1393 3608 sensum
1434 3554 1749 3608 omnimodo

162 3660 443 3713 superans
480 3653 567 3697 est
614 3644 660 3697 is
693 3644 787 3712 qui
834 3644 951 3697 vult
980 3644 1096 3697 hare
1140 3642 1450 3713 intelligere
1483 3658 1747 3711 corpora-

162 3735 316 3797 liter,
356 3744 417 3788 et
452 3733 508 3786 in
538 3733 636 3786 has
660 3726 755 3787 hic
802 3732 1011 3786 incidet
1050 3732 1442 3786 absurditatcs.
1487 3732 1620 3785 Dico
1646 3746 1748 3784 au-

162 3836 276 3879 tem
311 3844 325 3878 :
386 3826 666 3894 quomodo
702 3832 1018 3893 serpentem
1088 3822 1314 3892 quidem
1357 3832 1747 3877 exsccraturus

162 3917 332 3981 Deus,
364 3915 419 3969 ei
466 3915 629 3969 affert
655 3930 876 3969 causam
906 3930 1017 3969 sua:
1042 3914 1461 3977 exsccrationis,
1508 3929 1631 3983 quae
1662 3921 1748 3969 est

157 4006 424 4075 deceptio
454 4006 738 4070 mulieris;
765 4005 1022 4059 similiter
1048 4005 1213 4059 etiam
1255 4005 1524 4059 Adamum
1562 4005 1746 4058 incre-

158 4113 300 4165 pans
318 4098 372 4150 ei
402 4097 666 4157 ostendit,
697 4097 890 4151 dicens
917 4094 1206 4162 :Quoniam
1228 4096 1475 4150 audivisti
1495 4110 1746 4157 uxorem;

159 4190 437 4242 adversus
493 4187 782 4242 mulierem
826 4198 1035 4251 autem,
1066 4187 1122 4241 in
1168 4202 1330 4256 poena
1374 4188 1586 4241 nullum
1626 4202 1773 4240 om-r

160 4282 295 4335 nino
338 4290 631 4350 peccatum
682 4289 778 4334 aut
826 4294 1049 4333 causam
1094 4278 1254 4333 aﬁ‘ert
1306 4279 1450 4333 Deus
1500 4294 1745 4347 :nempc

157 4390 273 4428 non
316 4373 659 4427 mentionem
706 4372 1004 4441 serpentis,
1042 4387 1152 4425 non
1200 4386 1400 4426 nomen
1449 4370 1581 4434 cibi,
1631 4385 1741 4424 non

158 4464 293 4532 ligni
344 4463 742 4517 inobedicntia:
788 4477 970 4532 neque
999 4462 1161 4516 aliam
1202 4460 1454 4529 quamvis
1497 4474 1738 4514 causam.

156 4556 223 4609 Et
266 4564 359 4610 est
408 4554 738 4609 miraculum
787 4563 1011 4624 stupore
1059 4554 1286 4623 dignum
1329 4552 1477 4622 quod
1515 4568 1746 4621 serpens

155 4644 389 4711 quidem
436 4644 532 4712 qui
560 4643 779 4712 decepit
815 4643 1124 4705 mulierem,
1160 4643 1446 4712 subjectus
1481 4641 1585 4695 fuit
1618 4650 1727 4695 tam

153 4737 310 4804 gravi
359 4743 418 4788 et
446 4734 663 4788 acerba:
684 4743 739 4787 et
778 4749 1065 4803 nunquam
1096 4734 1446 4788 condonabili
1470 4748 1733 4788 exsecra-

156 4826 311 4880 tioni
345 4825 404 4879 in
450 4834 750 4890 aeternum;
796 4840 918 4893 qua:
963 4832 1148 4879 autem
1202 4824 1423 4893 decepit
1466 4838 1593 4877 eum
1642 4822 1741 4892 qui

154 4915 337 4971 iactus
376 4924 465 4969 est
506 4915 573 4969 ad
606 4916 701 4969 Dei
737 4915 1029 4986 imaginem
1084 4925 1142 4969 et
1167 4915 1587 4970 similitudinem
1616 4914 1740 4984 (ho-

156 5010 366 5065 minem
388 5007 586 5070 Adam,
613 5008 928 5078 inquam),a
952 5008 1062 5062 Deo
1087 5008 1292 5062 nullam
1317 5008 1742 5077 acccpiteontu-

155 5102 379 5158 meliam
420 5117 434 5153 :
478 5115 603 5154 nam
639 5100 1021 5167 corporalibus
1062 5099 1284 5169 quidem
1322 5099 1536 5167 legibus
1566 5099 1742 5167 major

150 5200 236 5245 est
266 5190 437 5258 culpa
476 5190 597 5258 ejus
630 5190 724 5257 qui
760 5190 979 5259 decepit
1008 5206 1214 5260 regem,
1239 5206 1403 5258 quam
1440 5190 1533 5260 qui
1565 5190 1732 5243 decc-

156 5282 233 5347 pit
261 5280 579 5334 mulierem.
602 5278 757 5344 Quod
776 5280 923 5334 enim
948 5294 1199 5350 serpens,
1224 5293 1403 5348 neque
1429 5289 1513 5331 est
1544 5293 1731 5339 ausus,

156 5384 341 5440 neque
368 5382 880 5439 aggressus,neque
922 5369 1105 5439 potuit
1152 5386 1166 5425 :
1218 5369 1321 5423 hoc
1366 5369 1564 5421 mulier
1609 5368 1742 5422 fecit

155 5460 428 5514 adversus
473 5457 670 5512 virum.
723 5457 855 5524 Quae
906 5467 1037 5512 sunt
1087 5466 1271 5513 autem
1318 5459 1467 5513 omni
1510 5468 1739 5526 stupore

155 5550 320 5617 plena
354 5548 471 5602 hmc
502 5555 632 5602 sunt
662 5548 979 5617 :quomodo
1000 5559 1125 5604 com
1155 5550 1376 5618 sapiens
1390 5549 1593 5604 Christi
1627 5550 1737 5602 lin-

156 5656 256 5708 gua
296 5640 509 5693 Paulus
543 5638 690 5695 dicat
721 5655 736 5693 :
773 5639 947 5693 Adam
986 5657 1089 5697 non
1134 5654 1211 5694 est
1238 5642 1503 5711 deceptus,
1544 5641 1738 5696 mulier

158 5742 336 5782 autem
386 5730 486 5798 fuit
524 5730 738 5799 decepta
773 5731 841 5795 “,
881 5731 937 5784 in
987 5747 1149 5801 paena
1192 5732 1415 5801 quidem
1472 5732 1591 5804 ejus
1638 5732 1733 5804 qui

226 5871 273 5898 ⁸⁸
314 5865 455 5921 Gen.
496 5880 572 5930 ts,
625 5866 679 5920 5.
755 5866 797 5898 "
837 5866 857 5924 ι
898 5868 1039 5923 Tim.
1081 5885 1138 5936 ιι,
1184 5869 1269 5926 li.

1848 3370 2139 3425 nominans
2172 3380 2397 3434 terram,
2438 3388 2545 3425 non
2578 3372 2829 3425 nominat
2879 3373 3187 3428 mulierem.
3234 3373 3425 3441 Neque

1848 3476 1980 3514 vero
2028 3459 2146 3513 ﬁeri
2194 3468 2375 3530 potest
2402 3470 2464 3513 ut
2488 3461 2797 3529 appelletur
2820 3471 2988 3525 terra,
3010 3476 3134 3515 cum
3168 3461 3241 3515 sit
3272 3469 3423 3515 costa

1846 3550 2086 3604 viventis
2127 3559 2183 3604 et
2248 3551 2379 3604 vita.
2429 3550 2569 3605 Cum
2622 3565 2752 3619 ergo
2798 3552 2851 3606 in
2884 3552 3199 3621 'propositis
3246 3550 3425 3622 plenis

1848 3640 2104 3703 tantasit
2153 3640 2487 3709 pcrplexitas
2543 3650 2599 3697 ct
2652 3641 2949 3705 dubitatio,
3000 3644 3112 3712 jam
3165 3643 3259 3696 diu
3307 3644 3425 3697 haec

1848 3745 1933 3787 me
1980 3740 2367 3800 persequente,
2410 3731 2555 3786 latus
2615 3747 2799 3785 meum
2872 3748 3036 3786 manu
3101 3733 3425 3801 frequenter

1846 3820 2040 3889 pungit
2079 3819 2304 3875 divinus
2349 3820 2646 3891 Apostolus
2675 3836 2870 3875 rursus
2913 3822 3107 3877 dicens
3136 3839 3149 3875 :
3184 3823 3306 3877 Hac
3334 3824 3422 3878 in-

1848 3909 2025 3981 telligc
2056 3911 2120 3964 de
2157 3909 2362 3966 Christo
2394 3923 2441 3964 et
2468 3911 2702 3966 Ecclesia
2725 3954 2739 3977 ,
2765 3912 2854 3966 cui
2886 3913 3032 3967 Deus
3064 3915 3121 3971 in
3149 3914 3425 3985 principle

1847 4001 2097 4069 praedicit
2142 4003 2488 4072 propheticc,
2544 4019 2653 4057 non
2694 4012 2876 4058 autem
2920 4004 3204 4070 iracunde,
3258 4005 3423 4060 decc-

1846 4092 2088 4162 ptioncm
2113 4102 2335 4162 qurecst
2351 4094 2401 4148 ci
2429 4102 2692 4149 eventura
2716 4103 2806 4148 :et
2824 4094 3023 4149 deinde
3040 4095 3426 4164 castigationes

1844 4194 1902 4239 ct
1929 4184 2255 4240 aﬁlictioncs
2284 4201 2405 4256 quae
2430 4187 2479 4239 ci
2511 4186 2776 4241 eveniunt
2798 4202 2897 4256 per
2917 4186 3320 4259 deccptiencm,
3353 4189 3419 4246 ad

1845 4278 1965 4347 ejus
1988 4277 2301 4342 utilitatem,
2338 4284 2395 4331 et
2433 4276 2634 4331 deinde
2659 4278 2921 4349 optimam
2956 4294 3054 4349 per
3102 4279 3426 4335 alllictiones

1846 4367 1914 4422 ad
1944 4368 2115 4422 Dcmn
2147 4368 2570 4422 conversionem
2605 4377 2663 4422 ct
2701 4368 2958 4423 salutem.
2994 4369 3129 4424 Nam
3165 4379 3423 4440 tanquam

1848 4474 1943 4512 rex
1976 4458 2251 4527 quispiam
2285 4474 2411 4513 cum
2462 4473 2559 4513 sua
2604 4460 2838 4530 conjuge
2872 4475 2993 4530 quae
3039 4470 3289 4529 stuprum
3342 4472 3427 4520 est

1845 4549 2171 4612 admissura,
2202 4549 2448 4605 modeste
2474 4551 2879 4620 quodammodo
2911 4563 2967 4607 et
2993 4552 3427 4611 misericorditer

1846 4639 2142 4703 disserens,
2182 4640 2349 4693 Evam
2399 4640 2698 4711 alloquitur
2732 4643 2926 4699 dicens
2960 4662 2973 4698 :
3009 4644 3177 4705 Audi.
3200 4647 3423 4712 mulier,

1846 4744 1967 4797 qua:
1996 4744 2026 4781 a
2062 4744 2170 4790 me,
2199 4729 2329 4796 Deo,
2364 4730 2463 4784 tibi
2490 4746 2599 4785 non
2628 4732 2748 4786 sine
2777 4732 2969 4789 dolore
2995 4736 3423 4801 annuntiantur,

1841 4830 1899 4875 et
1928 4836 2047 4889 qua:
2070 4820 2166 4897 tibi
2191 4828 2485 4889 protestor.
2515 4823 2597 4876 Tu
2635 4839 2721 4877 me
2752 4839 2813 4879 cs
2846 4834 3131 4894 spretura,
3183 4828 3276 4897 qui
3300 4842 3422 4882 sum

1843 4914 2106 4970 Dominus
2131 4916 2272 4969 Deus
2296 4923 2423 4971 tuus
2447 4927 2533 4971 :et
2556 4918 2761 4970 malum
2784 4928 3097 4989 serpentem
3123 4917 3422 4972 adoratum

1842 5016 1899 5061 et
1926 5008 2157 5061 cultura.
2182 5007 2292 5076 Ego
2310 5017 2491 5062 autem
2512 5010 2929 5064 conversionem
2946 5018 3003 5063 et
3018 5010 3251 5065 salutem
3272 5017 3422 5063 tuam

1845 5113 2127 5167 qurcrcns,
2178 5099 2549 5169 rnultiplicans
2597 5100 2978 5169 multiplicabo
3031 5101 3254 5155 dolores
3297 5109 3421 5155 tuos

1847 5196 1901 5242 et
1944 5188 2267 5243 alllictioncs
2320 5198 2441 5243 tuas
2473 5197 2528 5242 et
2556 5191 2795 5259 gemitus
2831 5199 2957 5244 tuos
2990 5199 3047 5244 et
3080 5190 3423 5245 calamitates

1848 5288 1968 5331 tuas
2002 5296 2014 5331 :
2047 5295 2196 5332 nunc
2226 5278 2447 5347 quidem
2486 5280 2581 5334 tibi
2617 5280 2858 5335 inferens
2895 5280 3192 5343 diluvium,
3216 5278 3418 5333 deinde

1844 5378 2049 5438 pestem
2076 5385 2140 5425 ac
2188 5371 2422 5433 fantem,
2464 5380 2870 5431 terrzemotum,
2911 5372 3154 5442 pluviam
3190 5370 3333 5441 ignis
3360 5379 3417 5427 et

1841 5461 2142 5528 sulphuris,
2193 5462 2391 5531 pluvias
2428 5463 2795 5517 defectionem
2850 5479 2951 5531 per
3001 5478 3065 5519 os
3107 5462 3416 5533 propheta.

1842 5550 2083 5619 pericula
2133 5566 2197 5604 ex
2242 5550 2400 5616 mari,
2432 5552 2678 5623 pericula
2713 5568 2779 5607 ex
2813 5553 2996 5615 bellis.
3039 5568 3104 5607 ex
3133 5552 3415 5622 gentibus,

1840 5656 1906 5694 ex
1940 5641 2440 5708 persccutionihus,
2486 5650 2542 5696 et
2579 5657 2741 5696 omne
2787 5657 2962 5715 genus
3008 5641 3418 5697 calamitatibus

1840 5740 1896 5787 et
1927 5731 2318 5791 amictionibus
2361 5740 2417 5790 et
2463 5734 2772 5791 doloribus.
2818 5734 3191 5804 Quamobrem
3232 5733 3290 5790 in
3330 5731 3417 5793 his
