4186 6442
770 407 903 466 1039

1963 410 2025 472 S.
2065 405 2458 466 ANASTASII
2515 409 2841 468 SINAITJZ

3911 405 4042 464 1050

769 521 1054 576 dztloribus
1087 519 1269 587 paries
1297 517 1471 573 malos
1514 518 1674 580 filios,
1707 517 2013 572 edicientes
2051 517 2262 586 peccati
2296 524 2350 568 et
2380 519 2423 572 Α
2455 516 2652 570 mulier
2682 534 2802 586 qum
2834 518 3055 571 dicebat
3087 518 3224 572 Osee
3258 516 3542 586 propheta:
3573 535 3584 568 :
3614 515 3703 569 Ibo
3730 525 3775 567 et
3807 527 4043 564 rt’t'tt'lct’

771 611 1128 682 impudicitia:
1152 618 1208 664 et
1252 610 1560 680 iniquitatis
1612 620 1668 664 et
1697 611 2038 664 idololatriae.
2071 609 2177 663 Sed
2205 610 2349 664 bono

770 715 890 759 esto
927 703 1136 766 animo,
1184 719 1368 773 neque
1407 703 1645 756 animam
1681 702 2052 771 despondeas,
2097 717 2198 754 nec
2250 699 2347 754 de-

770 810 982 864 speres,
1035 811 1214 864 neque
1274 799 1473 848 bonam
1513 811 1666 862 spem
1713 793 2053 848 contrahas:
2088 793 2350 861 quoniam

771 896 894 956 post
933 889 1054 941 illos
1080 889 1281 940 multos
1303 903 1443 956 quos
1469 903 1570 953 ego
1606 888 1701 941 libi
1746 886 1918 940 affero
1943 886 2165 940 dolores
2186 925 2199 945 .
2232 896 2354 954 post

772 981 979 1033 mullos
1027 981 1265 1047 gemitus
1309 996 1451 1048 quos
1496 981 1560 1032 ad
1611 995 1695 1032 me
1743 980 1986 1040 emittes,
2031 989 2152 1047 post
2186 979 2352 1031 casti-

773 1073 1023 1138 gationes
1074 1082 1129 1125 et
1164 1073 1363 1126 famem
1394 1088 1456 1125 ac
1493 1073 1899 1134 necessitatem,
1933 1072 2203 1124 annuntio
2253 1069 2353 1121 tibi

773 1163 1030 1231 gaudium
1083 1181 1337 1231 magnum
1388 1165 1532 1233 quod
1582 1165 1691 1217 erit
1748 1165 1896 1215 omni
1959 1164 2160 1231 populo
2209 1172 2349 1214 tuo:

776 1263 1066 1322 postquam
1122 1255 1216 1307 tibi
1259 1255 1422 1307 fuerit
1469 1254 1722 1322 adempta
1769 1253 1949 1304 omnis
1994 1254 2074 1304 via
2118 1261 2174 1305 et
2217 1252 2357 1304 ratio

777 1345 1001 1398 humani
1058 1347 1268 1405 auxilii,
1319 1345 1385 1398 ad
1423 1347 1601 1398 virum
1646 1355 1799 1397 tttttttt
1834 1344 2179 1411 spiritualent
2208 1344 2355 1396 Ada-

780 1448 929 1485 tnutn
959 1437 1174 1501 (nempe
1198 1434 1504 1502 Christum)
1538 1434 1645 1486 erit
1668 1434 1957 1487 conversio
1997 1442 2110 1496 tua,
2157 1442 2212 1486 et
2243 1433 2358 1501 ipse

783 1525 880 1578 tibi
917 1525 1294 1579 dominabitur
1341 1545 1368 1578 a
1407 1527 1539 1579 mari
1584 1542 1756 1596 usque
1788 1527 1853 1579 ad
1889 1542 2061 1588 mare,
2099 1535 2154 1580 et
2180 1542 2208 1579 a
2255 1527 2358 1579 Ilu-

781 1618 1026 1670 minibus
1057 1634 1230 1686 usque
1259 1619 1322 1670 ad
1353 1619 1488 1670 fines
1519 1618 1667 1671 orbis
1701 1626 1860 1670 terra:
1895 1617 2175 1678 Eeclesim,
2211 1617 2355 1679 Evte,

781 1711 908 1762 vita:
947 1720 1052 1764 tute
1097 1724 1218 1778 quae
1268 1710 1474 1763 dicitur
1521 1710 1742 1763 mulier.
1794 1708 2180 1762 Benedicimtts
2235 1708 2356 1771 tibi,

780 1800 1019 1864 Christe,
1053 1803 1148 1871 qui
1195 1802 1398 1855 vocasti
1449 1817 1570 1866 nos,
1623 1811 1676 1855 et,
1725 1803 1794 1854 ab
1845 1817 2035 1854 errore
2067 1800 2245 1854 fecisti
2291 1799 2358 1853 ad

2457 607 2527 658 ad
2565 609 2735 660 uirum
2783 626 2955 661 meum
2999 610 3251 672 priorem.
3308 609 3561 675 quoniam
3607 615 3728 656 tunc
3764 603 3891 655 mihi
3931 611 4046 652 trot

2456 698 2640 750 melius
2675 716 2833 767 quant
2869 717 3006 751 nunc
3038 701 3102 751 τ’.
3139 698 3204 752 Et
3233 709 3523 767 propterea
3569 695 3696 748 dicit
3735 694 3883 746 Deus
3917 692 4046 743 hut-3

2456 790 2711 843 Ecclesia:
2741 805 2862 858 qum
2922 791 3128 844 dicitur
3162 789 3359 841 mulier
3409 807 3420 840 :
3463 786 3529 840 Et
3571 789 3638 838 ad
3670 789 3847 838 virum
3897 794 4042 834 ιιωιη

2456 884 2716 934 conversio
2766 893 2881 944 ttta,
2936 891 2983 934 et
3033 885 3139 951 ipse
3177 882 3267 933 tibi
3307 881 3682 932 dominabitur.

2532 974 2666 1026 lliue
2711 974 2973 1027 discimus
3033 984 3261 1042 propter
3308 987 3428 1025 eam
3475 986 3639 1038 quam
3680 968 3730 1019 in
3781 965 4046 1018 extremis

2459 1068 2801 1134 temporibus
2867 1066 3027 1118 habet
3084 1067 3228 1118 Deus
3256 1065 3306 1116 itt
3333 1063 3622 1116 mulierem
3650 1102 3664 1123 ,
3709 1057 4044 1110 dominatio—

2464 1173 2587 1210 nem
2613 1175 2624 1209 :
2649 1157 2793 1225 quod
2819 1173 2942 1208 eum
2972 1157 3209 1223 primum
3233 1153 3502 1222 plantavit
3523 1153 3667 1204 Deus
3697 1151 4034 1218 paradisum.

2461 1259 2648 1318 typum
2683 1249 2956 1309 lict-lesite,
3011 1249 3316 1301 nominavit
3347 1247 3632 1313 Scriptura
3685 1245 3857 1296 Deum
3919 1260 3931 1293 ε
3978 1249 4038 1293 et

2461 1341 2692 1400 addens,
2718 1341 3032 1392 Dominum.
3062 1339 3178 1391 Non
3211 1336 3358 1390 enim
3421 1341 3668 1392 invenies
3701 1339 3882 1404 ipsum
3918 1345 4044 1387 ante

2462 1433 2776 1503 paradisum
2800 1433 3072 1485 nominari
3100 1432 3389 1485 Dominum
3413 1443 3467 1485 et
3491 1432 3658 1484 Deum
3687 1448 3698 1482 :
3724 1429 3816 1482 sed
3845 1428 4045 1489 solum,

2464 1525 2655 1580 Deum.
2711 1525 2765 1578 Si
2809 1535 2990 1577 autem
3023 1525 3089 1577 ab
3143 1525 3266 1578 aliis
3321 1525 3386 1577 ad
3422 1525 3557 1577 alias
3590 1525 3863 1592 gradatim
3900 1533 4051 1574 tran-

2462 1619 2734 1671 seeudens
2775 1618 3296 1678 demonstrationes.
3350 1633 3456 1671 non
3509 1619 3817 1670 satietatem
3881 1615 4052 1668 afTero

2463 1712 2654 1764 lectori
2686 1712 2852 1764 multa
2885 1711 3075 1763 dicens
3107 1728 3117 1761 :
3155 1711 3203 1762 ei
3262 1711 3550 1763 ostendam
3606 1710 3768 1762 falsas
3829 1721 4052 1777 quoque

2466 1802 2856 1854 similitudines
2891 1817 2954 1854 ac
2993 1801 3256 1869 paritates
3310 1800 3522 1852 erroris
3581 1799 3835 1852 mulieris
3864 1807 3918 1851 et
3953 1797 4056 1853 Eo-

782 1907 883 1944 ttos
925 1909 955 1944 a
1016 1902 1067 1944 lc
1122 1892 1562 1944 conversionem.
1617 1891 1928 1944 Adoramlls
1979 1901 2030 1944 le
2066 1892 2159 1960 qui
2191 1891 2366 1944 dmni-
2398 1889 2439 1943 Β
2468 1897 2668 1950 clesim.
2707 1896 2950 1948 Primum
2979 1897 3125 1948 enim
3155 1895 3435 1963 quomodo
3461 1895 3660 1946 mulier
3699 1894 3752 1945 itt
3792 1890 4054 1960 paradiso

783 1994 948 2037 natus
980 1999 1040 2036 es
1074 1985 1254 2047 nobis,
1291 1995 1548 2052 tanquam
1599 1983 1889 2036 Dominum
1923 1984 2360 2037 dominantium:

783 2092 850 2129 ne
894 2080 1008 2142 ipsa
1055 2084 1148 2128 tua
1196 2077 1396 2146 eonjux
1430 2076 1629 2128 mulier
1667 2084 1722 2129 et
1773 2091 1973 2144 sponsa
2019 2076 2366 2144 opprimatur

783 2169 1068 2222 dominatu
1131 2168 1258 2221 mali
1315 2168 1611 2236 serpentis.
1678 2168 1751 2220 De
1806 2177 2005 2220 cretero
2064 2168 2258 2235 psallat
2311 2177 2367 2222 et

784 2276 975 2327 magna
1003 2276 1133 2312 voce
1149 2261 1478 2312 clamethrec
1506 2259 1618 2312 vita
1639 2259 1837 2312 mulier
1861 2275 1986 2312 eum
2016 2259 2106 2312 illa
2133 2260 2366 2314 muliere

782 2366 902 2417 qtae
959 2358 1043 2401 est.
1092 2365 1221 2401 vere
1274 2350 1382 2402 vita
1428 2357 1484 2400 et
1529 2364 1652 2417 quae
1697 2349 1865 2401 vitam
1921 2348 2060 2412 fert,
2113 2359 2169 2402 et
2222 2351 2364 2418 parit

784 2445 971 2505 vitam,
1002 2442 1192 2494 dicetis
1225 2460 1237 2493 :
1272 2441 1578 2510 Magni/ica!
1620 2443 1799 2494 anima
1844 2457 1960 2493 mea
1991 2456 2117 2493 eum
2153 2441 2246 2509 qtti
2283 2450 2368 2494 est

783 2533 919 2587 mihi
971 2534 1310 2596 dominatus,
1352 2551 1473 2602 qua:
1515 2550 1635 2587 sum
1679 2534 1924 2588 Ecclesia
1970 2549 2036 2586 ex
2067 2534 2365 2603 gentibus:

787 2625 854 2676 Iz't
903 2625 1186 2678 exsultavit
1215 2627 1433 2694 spiritus
1486 2642 1630 2678 meus
1688 2627 1741 2678 in
1805 2625 1910 2678 Deo
1959 2624 2188 2678 salutari
2234 2643 2365 2678 meo.

785 2717 922 2777 Quia
964 2718 1188 2785 respexit
1226 2716 1579 2770 humilitatem
1635 2717 1844 2770 ancillte
1891 2734 2022 2770 stuc.
2061 2716 2193 2770 Ecce
2229 2718 2368 2770 enim

784 2810 970 2862 abhinc
1016 2810 1223 2862 beatam
1260 2825 1341 2862 me
1373 2811 1543 2863 dicen!
1578 2827 1757 2863 omnes
1799 2812 2182 2878 generationes.
2229 2810 2370 2874 Quo-

785 2901 930 2952 niam
972 2900 1092 2967 fecit
1122 2903 1414 2968 potentiam
1440 2902 1493 2952 in
1525 2902 1736 2954 brachio
1773 2902 1910 2954 Filio
1939 2917 2060 2964 suo,
2087 2911 2136 2954 et
2167 2902 2368 2970 disper-

784 2991 851 3042 sit
895 2992 1140 3059 superbos
1195 2992 1417 3045 Judreos
1450 3007 1512 3044 ex
1562 2993 1714 3044 corde
1773 2995 1959 3045 mentis
2019 3009 2148 3056 sum,
2206 2993 2271 3046 Et
2317 2996 2370 3046 in

794 3081 965 3133 ultum
1013 3081 1200 3134 extulit
1240 3097 1343 3135 nos
1389 3081 1632 3135 Immites.
1676 3083 1981 3136 Esuricntes
2031 3099 2196 3138 canes
2242 3100 2373 3154 geno

790 3174 928 3227 tium
976 3173 1310 3243 populorum
1356 3173 1598 3243 implevit
1653 3176 1799 3227 bouis
1851 3174 2005 3241 panis
2036 3176 2185 3238 vit:e,
2216 3185 2262 3227 ct
2293 3176 2372 3228 di-

787 3274 913 3320 vites
945 3267 999 3319 itt
1036 3266 1326 3322 sacrificiis
1372 3276 1428 3320 et
1467 3267 1824 3320 libamiuibus
1855 3268 2052 3320 dimisit
2090 3269 2277 3320 inanes
2301 3269 2368 3332 "°,

789 3375 858 3413 ne
893 3359 1129 3427 amplius
1154 3359 1208 3411 in
1239 3359 1321 3411 eis
1346 3359 1530 3412 colant
1563 3367 1620 3412 et
1655 3359 1890 3413 adorent
1923 3359 2130 3428 templo
2160 3360 2369 3416 diruto.

793 3451 1157 3506 Excandescit
1192 3461 1248 3504 et
1296 3451 1636 3519 discerpitur
1682 3451 1800 3504 ltt'ec
1847 3451 2080 3505 attdietts
2127 3451 2370 3514 Jtttlxetts,

791 3552 846 3597 et
868 3560 978 3597 non
1020 3553 1202 3612 potest
1243 3543 1376 3596 falsa
1417 3542 1736 3596 ostendere.
1776 3542 1831 3596 Si
1863 3551 2044 3595 autem
2076 3559 2185 3596 non
2215 3546 2286 3597 ita
2317 3560 2374 3598 se

794 3636 960 3690 habet
1035 3651 1220 3689 rerum
1273 3636 1497 3696 veritas,
1563 3635 2033 3705 quemadmodum
2085 3636 2140 3688 itt
2190 3637 2376 3689 verbis

794 3727 891 3782 Dei
946 3727 1013 3781 ad
1057 3728 1350 3780 mulierem
1415 3727 1760 3796 interpretati
1808 3743 2037 3781 sumus:
2083 3725 2231 3780 dicat
2275 3727 2374 3781 Ju-

794 3822 966 3883 dreus,
1013 3820 1131 3881 ttbi,
1176 3836 1300 3873 cum
1335 3820 1631 3874 avertisset
1661 3820 1770 3873 Eva
1827 3830 1921 3874 aut
1954 3831 2207 3889 separata
2239 3819 2376 3873 fuis-

795 3919 878 3966 set
913 3911 980 3964 ah
1024 3910 1253 3973 Adamo,
1303 3911 1444 3964 dixit
1489 3913 1538 3965 ei
1573 3911 1717 3965 Deus
1761 3911 1882 3965 :Ad
1920 3913 2093 3964 cirum
2131 3919 2276 3964 tuum
2304 3920 2378 3964 est

795 4003 1061 4055 conversio
1097 4011 1186 4056 tua
1213 4004 1236 4054 ?
1264 4003 1329 4055 Et
1374 4018 1613 4070 quonam
1661 4003 1711 4054 ei
1745 4002 2064 4057 dominante
2118 4003 2254 4056 dicit
2285 4004 2334 4056 ei
2365 4022 2376 4056 :

800 4090 890 4145 Vir
931 4093 1021 4145 tibi
1070 4093 1472 4145 dominabitur?
1519 4101 1780 4160 tauquaut
1821 4093 2030 4146 scilicet
2080 4092 2128 4146 ei
2178 4093 2380 4160 aliquis

798 4183 1120 4236 insultasset
1170 4193 1225 4235 et
1273 4183 1323 4236 ei
1383 4191 1532 4236 esset
1582 4183 1883 4236 dominata.
1933 4183 2068 4236 Nam
2121 4183 2381 4236 omnibus

799 4273 977 4327 modis
1032 4275 1279 4327 cernitur
1327 4274 1444 4328 haec
1489 4274 1689 4328 mulier
1727 4291 1757 4327 a
1809 4275 1930 4327 viro
1987 4283 2262 4343 separata,
2324 4283 2382 4327 et

799 4364 1001 4418 deinde
1051 4365 1118 4418 ad
1166 4381 1292 4418 eum
1325 4381 1518 4418 rursus
1564 4381 1850 4418 conversa.
1887 4365 2022 4419 Nam
2068 4365 2164 4434 qui
2191 4380 2380 4418 rever—

801 4457 957 4518 titur,
1003 4465 1085 4509 est
1119 4457 1470 4525 perspicuum
1519 4457 1667 4525 quod
1713 4456 1844 4510 illuc
1885 4457 2184 4510 revertitur
2233 4457 2380 4510 ttttde

2468 2005 2496 2040 a
2523 1997 2776 2056 serpente
2804 1988 3051 2049 seducta,
3078 2003 3236 2055 passa
3269 1997 3348 2041 est
3380 2004 3476 2054 per
3500 1986 3693 2039 oculos
3725 2000 3851 2035 eum
3882 1983 4053 2035 vitiis-

2468 2091 2550 2134 set
2590 2081 2735 2148 qttod
2769 2081 2974 2147 lignum
3038 2079 3242 2132 bonum
3283 2089 3367 2132 est
3413 2078 3481 2131 ad
3528 2075 3956 2136 comedendum,
3999 2083 4051 2126 et

2468 2184 2680 2241 gratum
2707 2173 2883 2225 oculis
2911 2172 2976 2224 ad
3017 2172 3340 2231 videndum.
3380 2179 3430 2224 et
3482 2172 3790 2238 Speciosum
3819 2167 3886 2220 ad
3911 2181 4044 2220 con—

2469 2261 2823 2314 siderandum
2850 2279 2864 2325 ;
2890 2261 3137 2314 secundo
3165 2271 3353 2315 autem
3395 2259 3589 2314 affecta
3638 2268 3722 2312 est
3757 2257 4056 2311 affectione

2469 2368 2566 2421 per
2618 2361 2933 2406 contactum
2988 2368 3184 2405 manus
3230 2355 3410 2405 l'ructu
3463 2358 3735 2418 accepto;
3785 2358 3841 2402 et
3889 2347 4057 2401 tertio

2471 2459 2666 2495 rursus
2698 2459 2793 2511 per
2844 2458 3000 2495 esmn
3036 2443 3155 2495 :sic
3189 2443 3322 2495 tttilti
3355 2443 3613 2508 deinceps
3640 2441 3707 2494 ab
3757 2457 3819 2492 ea
3853 2437 4056 2491 accede.

2471 2536 2536 2588 ad
2570 2535 2895 2588 catholicam
2939 2534 3224 2586 hominum
3258 2534 3582 2593 lieelesiam,
3621 2542 3677 2585 et
3711 2531 3929 2583 videbis
3967 2545 4058 2582 ea-

2472 2627 2594 2679 dem
2621 2642 2840 2695 qttoque
2872 2627 2922 2678 ei
2959 2626 3010 2678 in
3040 2626 3236 2695 primis
3270 2625 3559 2677 accidisse.
3600 2624 3732 2677 Nam
3769 2638 3894 2674 eum
3935 2622 4058 2674 due

2474 2731 2603 2772 tunc
2627 2729 2811 2772 essent
2840 2719 3227 2787 generationes
3258 2718 3546 2770 hominum
3589 2716 3642 2768 itt
3674 2715 3952 2783 principio
4004 2713 4057 2767 in

2473 2813 2699 2872 mundo,
2738 2813 2830 2880 qui
2862 2813 2913 2864 in
2943 2812 3220 2880 propriam
3265 2819 3323 2864 et
3372 2818 3679 2877 separatam
3735 2806 4060 2860 refereban-

2474 2915 2563 2958 tur
2613 2906 3009 2972 genealogiam,
3060 2911 3332 2970 erantque
3387 2901 3758 2969 prmliguratio
3817 2903 4058 2952 duorum

2473 2996 2798 3064 populorum
2836 3003 2922 3047 :el
2957 2994 3045 3046 alii
3075 2993 3300 3062 quidem
3350 2993 3418 3045 ab
3456 2993 3674 3049 \damo.
3725 2991 3816 3043 alii
3870 3005 4001 3042 vero
4031 3005 4059 3042 a

2471 3087 2606 3141 Cain
2630 3087 2902 3156 parricida
2933 3086 3310 3155 procedebant
3335 3105 3347 3139 :
3371 3086 3462 3154 qtti
3499 3085 3567 3138 ab
3599 3087 3809 3138 Adamn
3830 3085 4058 3153 quidem

2474 3178 2868 3247 procedebant,
2901 3178 2953 3231 in
2993 3179 3221 3246 figuram
3270 3178 3457 3246 pepuli
3516 3176 3722 3230 Christi
3779 3177 4064 3230 habebant

2473 3270 2768 3339 quamdam
2837 3272 3070 3340 gratiam
3127 3273 3303 3327 sancti
3362 3270 3604 3337 Spiritus
3656 3287 3707 3323 Ill
3743 3271 3901 3322 vultu
3937 3286 4061 3326 sun.

2474 3380 2596 3434 qum
2623 3379 2720 3417 cos
2755 3364 3081 3417 ostendebat
3109 3374 3166 3418 et
3219 3365 3512 3434 separabat
3540 3379 3569 3417 a
3612 3363 3816 3433 populo
3844 3363 4007 3416 Caitti
4045 3383 4056 3413 ;

2475 3466 2531 3511 et
2562 3457 2794 3510 tnaxime
2817 3457 2949 3509 Seth
2987 3471 3150 3525 quem
3187 3458 3379 3525 genuit
3427 3457 3598 3511 Adam
3627 3457 3692 3508 ad
3736 3471 3894 3508 snam
3937 3472 4065 3524 spe-

2477 3548 2615 3602 ciem
2639 3560 2696 3602 et
2728 3549 3042 3617 imaginem,
3073 3557 3133 3602 ut
3159 3549 3293 3602 dicit
3334 3549 3639 3617 Scriptura.
3685 3547 4066 3612 Quamobrem

2478 3639 2732 3692 homines
2758 3639 2851 3708 qtti
2876 3648 3035 3692 erant
3061 3639 3114 3691 itt
3153 3639 3246 3692 illo
3273 3649 3540 3707 tempore,
3569 3637 3722 3691 illum
3749 3637 3924 3691 Deum
3974 3652 4070 3705 ap-

2477 3728 2778 3800 pellabant.
2814 3729 2916 3794 Qui
2944 3738 3128 3782 autem
3153 3729 3523 3783 nascebantur
3548 3745 3613 3782 ex
3647 3728 3859 3781 semine
3884 3728 4069 3790 Caini.

2479 3822 2536 3874 in
2567 3832 2754 3891 typum
2775 3821 2966 3889 populi
2998 3821 3239 3880 lsraelis,
3264 3833 3421 3874 erant
3451 3820 3700 3889 hospites
3725 3831 3775 3872 et
3803 3819 3973 3873 alieni
4002 3819 4071 3873 ab

2481 3913 2573 3967 illa
2605 3913 2780 3981 gratia
2809 3923 2865 3966 et
2885 3912 3288 3966 illuminationc
3313 3927 3433 3980 qua:
3455 3920 3572 3964 erat
3604 3911 3659 3963 in
3688 3910 3867 3972 vultu,
3893 3910 4070 3979 utqui

2481 4004 2750 4073 originem
2784 4003 3070 4058 duxissent
3100 4020 3129 4058 a
3157 4003 3452 4072 parricida.
3481 4002 3851 4068 Quamobrem
3883 4003 3954 4056 iis
3975 4002 4070 4070 qui

2480 4104 2730 4149 erantex
2753 4095 2961 4148 semine
2986 4095 3158 4148 Adam
3193 4094 3309 4164 (qui
3339 4102 3458 4147 erat
3486 4101 3649 4163 typus
3687 4093 3948 4155 Christi),
3977 4093 4071 4162 qui

2481 4184 2912 4238 nominabantur
2940 4184 3036 4237 lilii
3083 4183 3203 4246 Dei,
3248 4183 3283 4235 ii
3315 4182 3409 4252 qui
3437 4191 3597 4236 erant
3626 4198 3695 4236 ex
3734 4180 3894 4244 Cain,
3932 4183 4075 4235 iuvi-

2483 4277 2685 4330 debant
2731 4283 2955 4344 propter
2989 4274 3343 4342 splendorem
3396 4274 3488 4340 qui
3545 4273 3628 4326 eis
3681 4274 3968 4327 eminebat
4019 4273 4073 4327 in

2483 4370 2659 4422 vultu.
2690 4368 2728 4421 li
2754 4382 2883 4436 ergo
2904 4367 2998 4435 qui
3026 4365 3355 4420 dicebantur
3382 4365 3484 4432 lilii
3511 4365 3624 4428 Dei,
3655 4374 3716 4418 ut
3762 4366 3858 4433 qui
3884 4378 4073 4418 essent

2486 4460 2580 4513 filii
2618 4460 2743 4513 Evze
2767 4473 2796 4511 a
2821 4467 3016 4520 matre,
3051 4471 3150 4524 per
3195 4456 3388 4510 oculos
3419 4457 3652 4525 primam
3705 4465 4076 4525 susceperunt

799 4551 952 4617 prius
993 4550 1223 4602 exierat.
1275 4549 1401 4602 Mihi
1432 4549 1578 4602 enim
1628 4551 1806 4617 cogita
1836 4548 2181 4602 individuatn
2216 4550 2381 4601 tmio-
2413 4544 2460 4602 Ι)
2486 4550 2873 4604 affectionem:
2905 4548 3105 4602 deinde
3156 4547 3411 4609 alteram,
3469 4563 3567 4616 per
3619 4557 3824 4600 tactum
3859 4559 3922 4600 et
3974 4563 4074 4615 gu-

798 4655 923 4692 ttem
955 4639 1057 4691 viri
1098 4651 1153 4691 et
1186 4639 1452 4700 mulieris,
1491 4637 1638 4708 quod
1665 4647 1750 4691 est
1777 4653 2000 4706 corpus,
2042 4637 2376 4703 membrum,

794 4741 849 4783 et
895 4743 1047 4784 costa
1080 4731 1218 4799 ejus.
1251 4731 1620 4796 Quamobrem
1650 4733 1716 4784 de
1745 4746 1810 4784 ea
1857 4746 2079 4800 quoque
2113 4731 2376 4784 dicebat:

799 4822 905 4874 iloe
936 4839 1074 4874 mtnc
1102 4838 1156 4874 os
1187 4838 1250 4876 ea:
1279 4823 1476 4875 assibus
1512 4825 1656 4885 meis,
1686 4835 1734 4876 ct
1767 4839 1893 4876 caro
1925 4839 1988 4876 ea?
2026 4840 2187 4876 carne
2217 4841 2330 4878 mea
2362 4841 2380 4888 ;

797 4913 1161 4981 quamobrem
1192 4929 1384 4968 sumus
1406 4914 1516 4968 duo
1551 4917 1605 4968 itt
1630 4931 1850 4969 carttcm
1881 4931 2066 4970 unam.
2092 4915 2382 4981 Quomodo

796 5019 927 5073 ergo
973 5020 1095 5058 cum
1134 5022 1240 5059 una
1288 5023 1418 5061 caro
1458 5007 1528 5061 sit
1562 5007 1938 5089 conglutinata
1981 5017 2037 5061 et
2086 5023 2258 5061 unum
2291 5023 2374 5072 os,

798 5100 908 5151 duo
954 5099 1064 5153 siut
1111 5100 1414 5165 individue,
1457 5103 1598 5156 Deus
1629 5118 1776 5156 nune
1821 5103 1955 5156 dicit
2002 5103 2265 5156 mulieri:
2299 5104 2381 5158 Ad

798 5192 966 5243 t-irum
1015 5199 1163 5244 tuum
1210 5195 1306 5245 erit
1345 5195 1606 5246 conversio
1635 5203 1747 5256 ttta,
1783 5202 1830 5244 et
1868 5195 1976 5262 ipse
2021 5194 2096 5246 tui
2132 5194 2378 5246 domina-

799 5281 984 5334 bitur?
1018 5281 1303 5347 Quomodo
1341 5300 1403 5338 os
1433 5295 1488 5338 et
1522 5299 1650 5337 caro
1677 5298 1802 5337 cum
1835 5285 1904 5337 sit
1927 5285 2067 5353 ejus,
2105 5283 2171 5336 ad
2202 5284 2378 5352 ipsum

801 5373 1182 5427 convertitur?
1208 5375 1349 5444 Ergo
1373 5390 1471 5444 per
1510 5376 1694 5428 omnia
1719 5390 1842 5445 qua:
1871 5375 2018 5428 dicta
2056 5385 2184 5429 suttt
2213 5375 2382 5429 disci-

803 5475 925 5515 mus
954 5461 1102 5531 quod
1142 5472 1296 5517 extra
1347 5465 1524 5517 virum
1573 5480 1735 5517 suum
1780 5463 2051 5518 abscessit
2082 5464 2384 5526 mulier,ct

802 5551 1002 5607 deinde
1044 5569 1266 5608 reversa
1313 5565 1396 5607 est
1439 5553 1505 5608 ad
1561 5555 1762 5624 ipsum,
1803 5565 1859 5608 et
1903 5568 2098 5610 rursus
2129 5555 2270 5608 facta
2297 5563 2383 5609 est

801 5642 922 5708 ejus
965 5654 1114 5697 costa
1152 5653 1209 5698 et
1249 5643 1450 5698 mulier
1479 5653 1529 5699 et
1564 5661 1710 5700 caro.
1756 5645 1876 5716 Ipsa
1920 5645 2088 5716 919
2113 5657 2198 5700 est.
2234 5647 2382 5701 enim

875 5819 919 5850 "
973 5818 1107 5874 Luc.
1145 5838 1180 5885 t,
1223 5823 1412 5878 57-53.

1487 5821 1528 5853 "
1573 5821 1708 5878 Osee
1750 5841 1805 5888 tt,
1839 5825 1891 5880 7.
1971 5825 2012 5856 ”
2044 5823 2182 5881 Gott.
2216 5840 2288 5891 XI,
2316 5826 2372 5880 Ξ.

2481 4650 2647 4694 stunt.
2672 4639 2960 4706 Quomodo
2983 4637 3130 4691 enim
3160 4636 3227 4690 de
3257 4653 3322 4690 ea
3371 4637 3580 4691 dictum
3607 4647 3692 4692 est
3725 4637 3877 4706 quod
3935 4639 4073 4691 vitli‘.

2477 4730 2687 4799 lignum
2721 4731 2924 4784 bonum
2961 4727 3030 4783 ad
3061 4727 3487 4792 comedendum,
3530 4737 3586 4782 et
3633 4730 3813 4783 oculis
3849 4741 4074 4799 gratum

2483 4822 2550 4876 ad
2575 4821 2896 4885 videndum,
2925 4821 3299 4890 etpulcbrum
3353 4819 3423 4873 ad
3464 4820 3965 4886 considerandum,
4004 4823 4074 4876 ita

2481 4913 2649 4966 etiam
2681 4914 2950 4981 scriptum
2981 4920 3066 4966 est
3103 4912 3171 4966 de
3209 4911 3336 4966 filiis
3363 4913 3485 4982 ejus
3520 4930 3533 4965 :
3563 4911 3631 4964 Et
3676 4913 3930 4967 viderunt
3979 4914 4076 4981 ﬁlii

2483 5004 2598 5068 Dei,
2633 5005 2738 5058 hoc
2763 5013 2868 5068 est,
2901 5004 2996 5073 qui
3050 5004 3322 5073 originem
3365 5001 3646 5057 duxerunt
3689 5003 3756 5056 ab
3806 5005 4028 5060 Adamo
4057 5048 4072 5069 ,

2483 5097 2626 5164 ﬁlias
2670 5098 2964 5158 hominum,
2989 5109 3188 5164 nempe
3238 5109 3434 5150 eorum
3464 5095 3558 5164 qui
3600 5095 4020 5154 descenderunt
4047 5115 4076 5154 a

2481 5188 2654 5243 Caino
2680 5231 2695 5250 ,
2727 5189 2865 5258 quod
2905 5190 3011 5241 sint
3045 5187 3295 5257 pulchra',
3340 5191 3392 5241 ἐι
3430 5199 3741 5258 acceperunt
3805 5205 3904 5244 eas
3949 5207 4079 5245 uxo-

2485 5298 2565 5334 res
2587 5282 2654 5333 ".
2695 5281 2834 5334 Ecce
2863 5279 3214 5334 aﬂ'ectionem
3238 5280 3392 5334 visus
3415 5289 3472 5334 et
3514 5289 3712 5333 tactus.
3744 5280 3954 5337 Postea
3984 5298 4077 5336 au-

2485 5383 2594 5427 tem
2635 5371 2998 5426 comederunt
3054 5372 3259 5425 malum
3293 5371 3558 5432 fructum,
3624 5387 3822 5441 nempe
3884 5390 4078 5428 carnes

2485 5464 2882 5520 sacriﬁciorum
2914 5463 3340 5518 daemoniorum.
3393 5463 3501 5519 Sed
3534 5463 3650 5518 haec
3679 5465 3919 5533 quidem
3952 5476 4076 5521 sunt

2485 5555 2860 5609 inobedientia
2928 5566 3136 5609 natura:
3190 5555 3462 5610 mulieris.
3523 5555 3797 5624 Deinceps
3857 5559 4077 5627 primus

2480 5648 2602 5717 ejus
2632 5646 2791 5700 dolor
2819 5655 2875 5702 et
2907 5647 3143 5717 gemitus
3168 5645 3270 5700 fuit
3300 5646 3474 5701 totius
3501 5645 3692 5700 mundi
3733 5646 4036 5705 inundatio
4062 5669 4075 5703 :
