4186 6442
200 372 337 436 1041

1304 383 1386 442 ΙΝ
1425 384 1972 444 HEXAEMERON.
2012 387 2245 446 -LIB.
2284 391 2386 450 XI.

3334 390 3471 454 10-12

195 500 251 545 et
281 500 408 558 post
445 489 591 542 illam
619 487 840 543 dolores
891 498 946 542 et
977 492 1214 560 gemitus
1255 491 1350 559 qui
1389 507 1512 546 eam
1543 493 1783 547 adduee-
1813 499 1855 552 Α
1886 495 1986 556 eis,
2033 512 2158 549 cum
2192 495 2462 553 deberent
2525 499 2710 568 potius
2755 498 2880 553 exui
2933 500 2986 553 in
3037 501 3468 566 examinatione,

196 579 333 634 bant
393 580 462 632 ad
529 579 932 647 paenitentiam.
987 581 1284 649 Propterea
1339 597 1471 652 ergo
1537 598 1638 636 nec
1688 599 1787 651 po-

196 673 342 726 situs
393 671 618 740 quidem
662 679 747 725 est
801 672 856 725 in
901 679 1160 741 serpente
1205 672 1363 726 dolor
1390 689 1491 728 nec
1525 677 1786 743 gemitus,

193 761 348 830 quod
408 762 454 815 is
506 762 654 815 nulla
717 763 844 816 duci
891 763 1065 832 possit
1129 764 1474 833 poenitentia.
1525 765 1633 818 Sed
1691 781 1788 819 ne-

194 870 306 922 que
345 854 398 907 in
427 870 493 908 eo
527 854 673 909 dicta
704 869 787 909 est
806 857 1093 921 conversio,
1125 859 1270 911 sicut
1299 857 1351 910 in
1388 858 1618 912 muliere
1644 875 1658 923 ;
1685 873 1784 912 ne-

195 963 308 1016 qne
354 964 550 1001 rursus
582 949 635 1000 in
683 949 905 1003 homine
958 951 1139 1004 dictus
1170 961 1256 1004 est
1284 951 1562 1020 gemitus;
1603 967 1784 1020 neque

193 1038 348 1090 enim
392 1038 721 1106 paenitentia
755 1038 960 1108 indiget
988 1040 1160 1093 Adam
1191 1040 1516 1108 spiritualis,
1569 1051 1630 1093 ut
1687 1041 1784 1110 qui

195 1145 309 1183 non
349 1131 418 1182 sit
450 1130 734 1199 deceptus.
766 1131 918 1186 Unde
954 1147 1054 1185 nec
1086 1133 1140 1185 in
1189 1148 1255 1186 eo
1322 1134 1502 1202 posita
1539 1142 1624 1187 est
1652 1148 1785 1186 eon-

195 1223 408 1285 rersio,
442 1240 619 1292 neque
651 1226 798 1278 enim
848 1222 951 1276 fuit
1007 1240 1244 1293 unquam
1293 1225 1589 1293 deceptus.
1645 1224 1783 1277 llinc

193 1315 347 1368 enim
391 1331 569 1385 neque
601 1316 806 1384 aliquis
838 1316 888 1368 ei
915 1316 1120 1369 dicitur
1145 1315 1417 1370 dominari
1471 1317 1614 1369 sicut
1664 1332 1784 1369 mu-

195 1407 344 1464 lieri.
373 1425 500 1462 cum
541 1409 656 1476 ipse
687 1409 758 1462 sit
815 1408 1070 1462 Dominus
1115 1407 1512 1460 Dontinantium
1545 1408 1606 1461 ⁷³.
1645 1408 1781 1462 Vide

192 1499 680 1566 autemqnomodo
712 1515 811 1552 nec
842 1499 1120 1552 hominem
1154 1499 1376 1568 subjicit
1426 1499 1474 1552 ei
1510 1515 1632 1566 qua:
1681 1515 1782 1566 pro

193 1587 313 1654 ipsa
339 1598 426 1643 est
451 1605 644 1658 postne,
673 1591 850 1644 donec
884 1593 1004 1658 ejus
1036 1591 1102 1643 ad
1137 1591 1316 1659 ipsum
1357 1589 1489 1644 fecit
1538 1606 1777 1644 conver-

191 1681 433 1740 sionem,
467 1682 658 1736 dicens
685 1700 696 1734 :
726 1682 794 1734 Et
841 1682 909 1734 ad
939 1685 1110 1735 virum
1171 1692 1320 1735 tuum
1351 1684 1616 1736 conversio
1663 1694 1777 1744 tua,

190 1783 239 1823 et
266 1776 380 1841 ipse
420 1775 509 1826 tibi
544 1775 924 1828 dominabitur.
971 1775 1241 1841 Quoniam
1291 1791 1422 1846 ergo
1456 1792 1636 1829 sermo
1682 1777 1777 1830 Dei

188 1876 276 1918 est
300 1881 563 1932 operans,
600 1876 859 1935 tanquam
887 1883 950 1920 ea
980 1883 1268 1930 conversa,
1313 1877 1368 1922 ct
1401 1869 1628 1937 proprio
1655 1869 1778 1921 viro

187 1957 237 2009 ei
272 1957 436 2011 unito
471 1974 569 2026 per
598 1961 860 2014 unionem
894 1961 948 2013 in
986 1961 1262 2030 hypostasi
1302 1969 1461 2028 :post
1513 1962 1778 2014 unionem

187 2067 317 2102 eum
341 2051 529 2105 statim
570 2052 948 2106 inducitDeus
991 2054 1227 2122 proipsa
1265 2053 1587 2121 patientem.
1636 2053 1779 2106 Dicit

185 2143 334 2196 enim
392 2155 798 2212 consequenter
848 2164 859 2198 :
907 2145 974 2200 Et
1025 2147 1156 2199 dixit
1188 2148 1397 2200 Adamo
1441 2164 1454 2199 :
1513 2146 1775 2210 Quoniam

189 2237 440 2288 audivisti
471 2253 644 2289 vocem
689 2239 865 2290 uxoris
895 2247 1000 2292 tua:
1032 2248 1080 2290 et
1136 2239 1403 2292 comedisti
1441 2254 1502 2291 ca:
1529 2239 1669 2307 ligno
1713 2239 1777 2291 de

186 2343 288 2391 quo
311 2328 429 2380 solo
448 2328 688 2396 tibijussi
715 2345 777 2381 ne
801 2331 1115 2389 comederes.
1143 2330 1423 2383 maledicta
1449 2339 1523 2382 cst
1554 2339 1695 2384 terra
1720 2333 1775 2383 in

187 2420 454 2486 Operibus.
500 2419 563 2474 In
605 2421 869 2474 laboribus
893 2438 1010 2474 eam
1056 2422 1291 2474 comedes
1321 2423 1559 2474 omnibus
1594 2423 1773 2476 diebus

184 2515 434 2565 vincture
467 2529 485 2565 :
511 2515 692 2580 spinus
725 2522 773 2566 et
809 2514 1026 2566 tribulos
1051 2514 1295 2582 producet
1325 2515 1435 2573 tibi,
1467 2523 1514 2565 et
1539 2517 1773 2568 comedes

183 2621 379 2672 panem
403 2613 581 2666 tuum,
607 2605 766 2657 donec
791 2607 1070 2658 revertaris
1102 2607 1154 2657 in
1181 2615 1376 2658 terram
1405 2623 1467 2658 ea:
1497 2624 1599 2674 qua
1625 2623 1774 2658 sum-

181 2703 304 2762 ptus
328 2712 408 2759 es,
463 2700 712 2764 quoniam
764 2707 904 2750 terra
957 2715 1028 2760 es,
1066 2708 1112 2749 et
1160 2699 1209 2750 in
1247 2708 1444 2751 terram
1477 2699 1769 2750 reverteris.

183 2785 310 2840 Haec
346 2804 476 2840 cum
514 2804 542 2839 a
575 2789 684 2840 Deo
735 2789 1040 2842 audivisset
1091 2789 1286 2852 Adam,
1326 2790 1509 2843 statim
1556 2790 1775 2842 vocavit

182 2895 388 2932 nomen
425 2882 611 2934 uxoris
646 2897 757 2934 suae
781 2882 979 2934 Vitam.
1020 2880 1284 2944 Quoniam
1317 2899 1377 2933 ea
1440 2891 1534 2942 est,
1572 2881 1770 2949 inquit,

183 2976 360 3019 mater
386 2971 623 3021 omnium
642 2972 942 3022 viventium.
978 2969 1117 3035 Quid
1145 2971 1306 3033 dicis,
1344 2988 1377 3023 ο
1411 2971 1608 3023 homo?
1643 2973 1774 3024 Ter-

183 3061 385 3114 ribiles
415 3076 444 3114 a
488 3062 597 3114 Deo
654 3063 1073 3117 criminationes
1117 3070 1246 3115 sunt
1301 3064 1354 3116 in
1399 3071 1449 3116 te
1488 3064 1770 3118 intentatte

1892 596 2261 655 congruenter
2296 590 2476 643 ordini
2533 590 2870 660 judiciorum
2904 591 3130 645 mundi?
3179 591 3472 658 Quomodo

1889 677 1934 729 si
1968 693 2094 732 reus
2123 689 2261 733 astat
2315 681 2483 735 Adam
2537 686 2620 749 (ut
2671 683 2766 753 qui
2800 684 3068 752 deceptus
3128 699 3158 736 a
3215 686 3468 754 muliere)

1889 771 2286 826 condemnatus
2312 773 2365 826 in
2400 773 2514 842 ipsa
2539 777 2969 838 examinatione,
3004 775 3182 828 Vitam
3215 775 3471 828 nomina-

1887 861 1965 914 vit
2021 863 2664 928 mulierem?Quomodo
2717 867 2882 921 homo
2930 865 3050 936 qui,
3095 873 3154 918 ut
3208 873 3265 917 tu
3306 863 3470 928 dicis,

1885 951 2062 1007 factus
2093 954 2196 1008 fuit
2223 956 2325 1008 sub
2350 956 2669 1021 maledicto,
2699 958 2878 1025 potuit
2925 974 3022 1027 per
3047 956 3315 1026 Spiritum
3345 971 3472 1009 san-

1883 1053 2034 1096 ctum
2076 1045 2407 1112 prophetare
2443 1045 2496 1098 in
2541 1047 2656 1114 ipsa
2693 1047 2826 1100 hora
2880 1046 3308 1109 maledictionis,
3347 1060 3470 1114 qua:

1885 1132 2066 1185 futura
2097 1144 2256 1187 erant
2280 1143 2401 1202 post
2427 1136 2614 1189 nescio
2644 1143 2780 1205 quot
2828 1136 2998 1188 millia
3033 1151 3326 1197 annorum,
3379 1133 3466 1187 di-

1882 1240 2013 1278 cens
2044 1226 2111 1280 de
2140 1228 2366 1282 muliere
2391 1247 2400 1280 :
2427 1227 2551 1297 Ipsa
2570 1231 2666 1282 erit
2693 1238 2862 1281 mater
2884 1229 3117 1280 omnium
3143 1228 3422 1280 viventium
3444 1226 3469 1278 Ρ

1883 1314 2169 1379 Quomodo
2193 1328 2375 1371 autem
2412 1334 2604 1372 rursus
2637 1327 2927 1386 Postquam
2955 1332 3053 1371 eos
3086 1315 3287 1377 induit,
3321 1316 3468 1369 Deus

1883 1408 2151 1462 Adamum
2202 1412 2552 1463 subsannans
2580 1417 2636 1462 et
2664 1409 2858 1462 dicens
2885 1426 2898 1461 :
2929 1408 3062 1462 Ecce
3093 1408 3264 1461 Adam
3297 1407 3464 1476 factus

1883 1509 1958 1553 est
1975 1501 2108 1553 sicut
2139 1518 2271 1554 unus
2290 1517 2352 1554 ex
2385 1501 2551 1564 nobis,
2578 1517 2685 1554 non
2716 1501 2882 1554 simul
2909 1501 3074 1553 etiam
3115 1499 3320 1568 probro
3354 1498 3469 1552 alli-

1882 1595 1957 1649 cit
1980 1595 2270 1648 mulierem
2301 1611 2423 1664 quae
2447 1602 2564 1647 erat
2594 1594 2764 1663 magis
2799 1594 2855 1646 in
2874 1594 3034 1661 culpa
3061 1607 3225 1661 quam
3247 1591 3418 1643 Adam
3440 1590 3466 1642 τ

1883 1690 1990 1744 Sed
2020 1706 2122 1744 nec
2149 1705 2270 1744 eam
2304 1689 2465 1741 simul
2503 1703 2627 1741 cum
2657 1688 2774 1757 ipso
2805 1686 3064 1741 amandat
3086 1700 3152 1739 ex
3185 1682 3464 1753 paradiso,

1885 1800 2062 1852 neque
2095 1784 2145 1837 ei
2175 1783 2311 1835 dicit
2347 1781 2656 1834 :Muledicta
2676 1791 2749 1833 est
2773 1789 2915 1833 terra
2941 1782 2992 1833 in
3055 1780 3296 1848 operibus
3325 1779 3425 1828 tuis
3445 1793 3463 1830 .'

1883 1876 2027 1945 quod
2041 1874 2261 1943 quidem
2287 1873 2336 1926 ei
2356 1874 2526 1943 magis
2543 1873 2830 1942 oportebat
2850 1874 3035 1926 dicere
3055 1887 3216 1936 quam
3232 1869 3462 1923 Adamo.

1953 1968 2096 2036 Ergo
2123 1967 2166 2020 si
2201 1965 2553 2034 ﬁdelisapud
2601 1975 2653 2019 te
2714 1964 2990 2025 videatur,
3047 1962 3139 2031 Qui
3177 1960 3464 2016 Christum

1881 2061 2046 2114 habet
2094 2061 2147 2112 in
2194 2075 2252 2112 se
2295 2060 2615 2127 loquentem
2658 2056 2858 2110 Paulus
2896 2055 3086 2108 dicens
3119 2053 3326 2107 :Adam
3359 2069 3463 2104 non

1881 2154 2220 2220 estdeceptus
2252 2153 2320 2213 ⁷⁸,
2373 2159 2458 2203 est
2503 2148 2856 2217 perspicuum
2908 2145 3056 2214 quod
3111 2160 3214 2198 nec
3249 2144 3352 2197 fuit
3407 2143 3463 2196 in

1879 2259 2004 2297 cum
2031 2243 2238 2296 crimen
2274 2242 2626 2295 intentatum.
2656 2238 2751 2292 Sin
2783 2245 2967 2290 autem
3005 2237 3109 2290 fuit
3140 2237 3351 2289 crimen
3377 2235 3462 2287 in-

1881 2343 2178 2393 tentatum,
2208 2333 2407 2403 injuria
2434 2332 2663 2384 omnino
2693 2329 2794 2381 fuit
2819 2329 3050 2381 allectus
3081 2327 3154 2380 ob
3179 2326 3327 2379 illam
3350 2326 3460 2380 cri-

1879 2426 2258 2478 minationem.
2299 2424 2355 2477 Si
2386 2433 2570 2477 autem
2600 2438 2707 2474 non
2737 2420 2839 2473 fuit
2864 2419 3065 2486 injuria
3088 2419 3343 2481 allectus,
3377 2427 3462 2472 est

1880 2518 2231 2586 perspicuum
2257 2515 2401 2586 quod
2432 2529 2534 2567 nec
2569 2513 2672 2566 fuit
2723 2511 3072 2566 maledictus.
3127 2508 3236 2563 Sed
3290 2525 3461 2563 uxore

1878 2628 1974 2666 sua
2003 2612 2068 2664 ad
2103 2611 2281 2681 ipsum
2304 2623 2541 2669 reversa,
2563 2607 2678 2676 ipse
2707 2621 2817 2658 non
2852 2605 3120 2671 deceptus
3141 2603 3306 2673 (sicut
3331 2599 3459 2656 mil-

1881 2705 1980 2758 lies
2007 2705 2118 2773 jam
2166 2700 2428 2767 diximus)
2457 2701 2510 2751 in
2540 2714 2600 2752 se
2646 2697 2891 2766 suscepit
2927 2711 3167 2766 pmnam.
3222 2694 3285 2747 Et
3321 2709 3460 2761 quo-

1880 2797 2025 2850 niam
2064 2793 2357 2847 universus
2393 2800 2594 2844 nostra:
2628 2789 2900 2842 orationis
2920 2803 3123 2856 scopus
3151 2794 3234 2839 est
3259 2784 3460 2838 adver-

1876 2904 1970 2942 sus
2007 2886 2247 2944 Jndzeos.
2274 2884 2342 2937 ad
2373 2881 2774 2936 obstruendmn
2801 2895 2896 2932 ora
2935 2879 3153 2932 illorum
3196 2873 3458 2938 dicentia,

1875 2979 2022 3050 quod
2053 2979 2097 3031 si
2127 2978 2386 3031 Christus
2439 2975 2542 3027 fuit
2576 2972 2921 3029 maledictus.
2982 2977 3039 3023 et
3069 2969 3122 3021 in
3177 2965 3460 3020 Christum

1878 3068 2228 3124 maledictum
2254 3072 2438 3134 sperat
2477 3062 2774 3115 multitudo
2821 3060 3268 3114 Christianorum
3297 3073 3308 3108 :
3337 3070 3460 3110 om-

183 3163 419 3221 propter
460 3155 770 3217 mulierem,
822 3164 878 3208 et
931 3155 1361 3217 exsecrationes,
1388 3163 1444 3208 et
1489 3171 1682 3222 ptume,
1715 3165 1771 3209 et

1879 3163 2007 3215 nino
2032 3173 2255 3214 necesse
2297 3165 2506 3209 estnos
2555 3155 2721 3208 etiam
2763 3168 2829 3207 ex
2861 3153 3193 3207 documento
3226 3149 3464 3219 propheo

181 3246 502 3309 sententiae,
545 3255 601 3300 et
631 3262 800 3308 mors,
837 3256 893 3300 et
922 3245 1333 3308 externiinatio,
1356 3254 1413 3299 et
1443 3246 1682 3307 dolores,
1715 3254 1771 3298 et

183 3351 386 3404 parum,
411 3347 469 3392 et
499 3339 708 3399 tribuli,
734 3350 788 3392 et
816 3337 1071 3398 sudores,
1101 3346 1156 3391 et
1185 3339 1299 3399 irae,
1332 3347 1388 3392 et
1424 3354 1772 3406 qua'cunquc

181 3437 310 3479 sunt
347 3429 538 3496 gravia
568 3446 579 3479 :
616 3438 672 3481 et
695 3443 816 3481 eam
847 3444 968 3496 quas
1003 3428 1098 3481 tibi
1130 3430 1378 3481 mnuium
1419 3429 1614 3480 horum
1670 3427 1772 3480 fuit

180 3537 345 3574 causa
397 3523 578 3576 Vitam
625 3525 913 3592 appellas!
957 3540 1076 3578 eam
1125 3541 1256 3593 ergo
1303 3523 1487 3593 potius
1547 3522 1772 3577 nomina

182 3622 445 3673 mortem,
478 3613 900 3674 insidiatricem,
929 3616 1315 3684 proditricem,
1340 3623 1395 3668 et
1416 3615 1584 3668 totius
1617 3631 1774 3669 Inun-

180 3703 234 3757 di
263 3703 593 3758 scandalum
644 3715 699 3760 ct
730 3706 1074 3777 naufragium
1112 3727 1122 3759 :
1159 3716 1218 3760 nt
1275 3725 1396 3776 qua:
1454 3724 1562 3760 non
1592 3707 1773 3761 feren-

180 3795 383 3848 doruni
419 3798 687 3849 malorum
724 3799 794 3852 sit
836 3799 1042 3852 mundo
1078 3800 1442 3861 conciliatrix,
1475 3809 1534 3852 ut
1558 3815 1678 3867 qua:
1701 3800 1773 3854 sit

179 3891 447 3943 omnibus
480 3890 756 3954 insidiata,
792 3899 992 3960 utqua:
1037 3907 1230 3947 omnes
1263 3893 1511 3947 aﬂ‘ecerit
1547 3893 1769 3963 injuria,

182 3993 238 4035 ut
262 4000 390 4052 qua:
419 3984 680 4037 omnibus
708 3985 993 4037 interitum
1021 3985 1287 4048 attulerit,
1317 3994 1371 4038 et
1401 4000 1597 4038 omnes
1649 4001 1774 4053 per—

179 4075 413 4128 diderit.
446 4075 612 4136 Siste,
646 4075 843 4144 inquit,
891 4076 1058 4128 homo
1108 4077 1200 4144 qui
1243 4076 1359 4130 hzec
1407 4076 1548 4129 dicis
1585 4095 1594 4127 :
1637 4076 1772 4128 Deus

178 4176 248 4216 est
295 4165 390 4233 qui
428 4164 716 4232 justiﬁcat,
762 4165 878 4233 quis
935 4175 1009 4217 est
1054 4166 1142 4233 qui
1193 4166 1498 4218 condemnet
1523 4165 1570 4196 ”
1601 4166 1622 4217 ?
1653 4165 1772 4218 Non

177 4257 327 4310 enim
391 4257 498 4310 fuit
566 4257 807 4310 hominis
868 4257 1090 4326 adjulor
1157 4258 1276 4326 ejus
1337 4257 1626 4320 inimicus,
1682 4273 1776 4310 ne-

181 4361 290 4415 que
329 4346 443 4400 erit
476 4362 739 4411 unquam.
783 4346 858 4399 De
894 4357 1095 4400 ett-tero
1125 4362 1192 4400 ne
1223 4346 1366 4400 nuda
1403 4347 1566 4399 verba
1597 4355 1776 4399 atten-

178 4441 297 4502 das,
342 4437 439 4490 sed
479 4437 715 4505 aspicias
742 4437 808 4490 ad
856 4451 1043 4490 rerum
1081 4446 1355 4489 naturam.
1406 4435 1540 4489 Nam
1571 4437 1616 4490 si
1655 4437 1771 4490 lucc

1879 3254 1989 3306 tieo
2035 3249 2327 3305 ostendere
2378 3248 2589 3312 Judaeo,
2650 3246 2797 3315 quod
2834 3261 2936 3314 pro
2984 3243 3232 3298 Ecclesia
3264 3255 3461 3312 passus

1874 3352 1956 3396 est
1989 3340 2262 3402 Christus,
2306 3355 2415 3392 non
2449 3347 2636 3391 autem
2670 3353 2770 3406 pro
2798 3337 2913 3390 suis
2943 3335 3203 3405 peccatis.
3253 3332 3462 3387 Scribit

1874 3435 2095 3506 quidem
2122 3443 2273 3489 certe
2296 3433 2463 3487 lsaias
2480 3431 2726 3486 clamans
2753 3427 3344 3483 adversusJudmorum
3377 3425 3463 3479 in-

1874 3529 2256 3584 credulitatem
2279 3541 2292 3576 :
2315 3524 2557 3585 Domine,
2578 3524 2693 3592 quis
2711 3520 2930 3574 credidit
2951 3519 3161 3571 uuditui
3189 3524 3383 3575 nostra,
3411 3525 3462 3568 et

1873 3621 2140 3675 brachium
2159 3618 2391 3678 Domini,
2416 3629 2611 3682 nempe
2629 3613 2903 3665 t‘hristus.
2932 3612 3014 3663 cui
3038 3618 3110 3662 est
3131 3607 3412 3662 revelatum
3436 3607 3462 3659 .’

1873 3712 2264 3768 Annuntiamus
2295 3723 2475 3759 coram
2501 3709 2634 3774 ipso,
2668 3712 2925 3771 tanquam
2973 3716 3102 3769 puer
3127 3707 3176 3753 et
3201 3707 3460 3768 tanquam

1876 3805 2028 3855 radix
2057 3804 2109 3854 in
2133 3811 2276 3852 terra
2310 3798 2507 3850 sitienti
2538 3806 2626 3849 :et
2658 3795 2880 3847 vidimus
2910 3794 3107 3860 ipsum,
3136 3797 3184 3842 et
3226 3806 3328 3842 non
3364 3790 3462 3842 ha-

1873 3894 2023 3947 bebat
2063 3892 2283 3961 speciem
2317 3906 2410 3942 nec
2459 3881 3055 3957 puchn-itudinent:sed
3101 3882 3294 3950 species
3347 3881 3460 3950 ejus

1874 3986 2142 4044 indecora,
2175 3981 2421 4048 deﬁciens
2461 3987 2655 4048 prtcter
2681 3976 2819 4043 filios
2852 3973 3209 4026 hominum".
3243 3971 3298 4025 In
3333 3986 3460 4040 pas.

1876 4077 2028 4131 sione
2067 4074 2252 4128 crucis
2281 4087 2409 4126 eum
2434 4087 2542 4124 non
2581 4068 2787 4122 habere
2833 4065 3074 4135 speciem
3108 4079 3287 4133 neque
3337 4064 3460 4132 pul-

1874 4167 2248 4221 chritudinem
2280 4164 2558 4222 audimus,
2589 4159 2854 4230 quoniam
2889 4158 3087 4210 malam
3141 4155 3460 4225 pulchritu-

1875 4261 2058 4314 dinem
2081 4259 2230 4313 illius
2260 4257 2391 4328 ligni
2421 4254 2568 4325 quod
2601 4252 2817 4321 aspexit
2841 4249 3044 4303 mulier
3075 4247 3368 4316 pulchrum
3394 4245 3462 4300 ad

1875 4350 2174 4404 videndum
2200 4356 2255 4402 et
2289 4346 2573 4417 pulchram
2603 4342 2811 4396 habens
2834 4338 3101 4408 speciem,
3127 4337 3288 4390 Jesus
3314 4334 3464 4389 dele-

1878 4443 1955 4495 vit
1989 4442 2042 4493 in
2062 4440 2236 4493 forma
2277 4437 2497 4507 propria
2539 4450 2636 4503 per
2661 4434 2868 4501 lignum
2900 4428 3106 4492 crucis,
3143 4425 3291 4496 quod
3344 4441 3465 4480 sus-

177 4533 408 4601 quidem
461 4529 783 4583 dicerentur
829 4528 1073 4582 denuda
1109 4528 1357 4590 muliere,
1391 4529 1551 4595 justas
1583 4537 1769 4581 essent
1803 4512 1845 4565 Ῐ)
1875 4535 2018 4604 cepit
2053 4549 2151 4602 pro
2195 4529 2468 4599 spirituali
2519 4542 2618 4582 sua
2659 4522 2928 4578 Ecclesia.
2971 4519 3270 4590 Subiunxit
3312 4518 3463 4573 enim

181 4634 288 4679 tum
337 4623 804 4693 reprehensiones
845 4640 854 4673 :
903 4636 1028 4675 cum
1076 4631 1261 4674 autem
1313 4621 1473 4672 nobis
1520 4619 1665 4672 adsit
1716 4631 1773 4674 et

178 4725 450 4786 sequatur
495 4715 899 4783 inseparabilis,
959 4713 1014 4767 in
1065 4729 1130 4768 eo
1158 4712 1304 4782 quod
1352 4713 1484 4767 dicit
1517 4712 1584 4766 de
1632 4712 1777 4766 Ada-

180 4822 270 4861 mo
303 4815 363 4860 et
416 4806 549 4868 Eva,
583 4805 991 4858 sacratissimus
1035 4803 1259 4867 Paulus,
1318 4813 1374 4857 et
1406 4820 1603 4874 magna
1632 4819 1771 4859 voce

180 4901 386 4953 clamet
413 4915 427 4950 :
470 4897 776 4967 Mysterium
810 4898 904 4950 hoc
932 4913 1182 4966 magnum
1209 4906 1305 4960 est,
1326 4913 1418 4967 ego
1451 4905 1630 4950 autem
1658 4897 1773 4950 dico

182 4993 232 5044 in
262 4990 478 5046 Christo
498 4998 546 5042 et
577 4989 813 5043 Ecclesia
836 4991 881 5020 "
906 5005 921 5054 ;
963 4990 1190 5042 omnino
1217 5005 1442 5044 necesse
1471 4998 1555 5043 est
1583 4999 1642 5042 ut
1671 5005 1772 5044 nos

182 5096 360 5150 usque
389 5079 459 5133 ad
490 5095 658 5132 unum
689 5079 799 5132 iota
848 5087 904 5132 et
931 5094 1099 5132 unum
1142 5079 1374 5146 apicem,
1418 5078 1601 5131 omnia
1649 5095 1773 5146 qua:

181 5175 388 5242 scripta
418 5182 548 5226 sunt
571 5171 638 5225 de
669 5171 1016 5240 Protoplasto
1060 5171 1270 5225 Adamo
1333 5180 1389 5224 et
1411 5171 1544 5233 Eva,
1605 5172 1771 5226 intel-

182 5263 422 5334 ligamus
443 5262 510 5317 de
548 5261 771 5318 Christo
795 5271 851 5317 et
885 5263 1150 5318 Ecclesia.
1182 5262 1238 5317 Si
1278 5271 1463 5316 autem
1497 5279 1775 5333 repugnas

184 5356 254 5411 iis
279 5372 410 5427 qua:
436 5355 587 5409 dicta
607 5365 768 5410 sunt:
799 5355 888 5410 die
911 5355 1068 5420 mihi,
1095 5371 1303 5425 qureso,
1336 5356 1616 5425 quomodo
1639 5357 1774 5411 nudi

183 5464 212 5502 a
243 5448 594 5517 subligaculo
625 5447 679 5501 in
705 5447 1113 5502 examinatione
1153 5447 1385 5516 ingressi
1421 5447 1772 5516 protoplasti,

187 5539 496 5611 injudieio,
528 5555 558 5592 a
593 5539 704 5593 Deo
732 5537 912 5592 induti
949 5546 1078 5592 sunt
1106 5546 1161 5592 et
1191 5537 1320 5592 tecti
1346 5537 1597 5607 pelliceis
1626 5538 1774 5592 tuni-

255 5740 305 5773 "
331 5739 349 5792 I
376 5738 520 5792 Tim.
555 5754 627 5798 γι,
664 5739 742 5791 15.

192 5812 298 5871 25;
329 5809 506 5864 Galat.
544 5824 622 5874 in,
670 5808 754 5862 l3.

819 5739 865 5770 ’δ
899 5738 1056 5793 Rom.
1086 5753 1199 5803 \‘lll,
1223 5737 1311 5801 55,
1345 5737 1434 5790 Si.
1513 5737 1558 5766 "
1592 5734 1772 5806 Ephes

1827 5751 1876 5796 γ,
1902 5734 1987 5786 '52.

1872 4625 2140 4697 propheta
2170 4623 2237 4676 de
2263 4637 2330 4676 eo
2367 4621 2563 4675 dicens
2597 4637 2608 4671 :

1942 4723 2238 4796 Ignominia
2278 4731 2352 4774 est
2381 4723 2594 4791 affectus
2625 4726 2671 4770 et
2717 4732 2820 4769 non
2876 4720 2951 4766 est
2983 4717 3302 4780 reputatus;
3358 4708 3464 4763 hoc

1870 4828 1955 4873 est
1990 4835 2002 4870 :
2036 4817 2079 4870 Α
2108 4817 2219 4869 Deo
2254 4813 2490 4867 traditus
2529 4810 2634 4864 fuit
2667 4815 2894 4877 propter
2940 4819 3060 4868 nos,
3094 4811 3150 4856 et
3180 4801 3464 4872 subjectus

1872 4906 1976 4960 fuit
2003 4919 2175 4974 poma:
2200 4910 2428 4972 pr0pter
2459 4899 2772 4958 mulierem,
2800 4905 2856 4949 et
2904 4909 3014 4947 non
3041 4901 3333 4961 repntatus
3358 4891 3465 4945 fuit

1881 4998 1991 5067 pati
2022 5002 2246 5064 propter
2263 5009 2343 5048 se.
2369 4993 2484 5056 Ipse
2508 4991 2668 5050 enim,
2704 4986 2904 5055 inquit,
2937 4984 3044 5038 fert
3075 4991 3301 5051 peccata
3364 4998 3465 5036 no-

1882 5098 2015 5153 stra,
2064 5096 2120 5140 et
2153 5102 2251 5155 pro
2293 5084 2456 5139 nobis
2506 5082 2656 5136 dolet
2707 5078 2986 5134 audiens:
3053 5073 3339 5128 Maledicta
3388 5083 3466 5126 est

1884 5188 2045 5239 terra,
2080 5176 2188 5229 hoc
2219 5183 2324 5240 est,
2355 5185 2578 5228 terrena
2609 5183 2702 5227 tua
2755 5171 2886 5233 vita,
2940 5167 3083 5237 apud
3112 5165 3336 5218 Iudaeos
3367 5165 3464 5232 qui

1877 5267 1956 5320 sic
1979 5265 2228 5336 judicant
2261 5266 2315 5319 in
2346 5263 2612 5333 operibus
2643 5261 2752 5315 tuis
2800 5257 3201 5314 inell‘abilibus.
3236 5253 3466 5308 Maledi-

1879 5368 2028 5410 ctum
2082 5355 2231 5408 enim
2265 5355 2582 5407 nominatus
2611 5368 2670 5406 es
2726 5368 2755 5405 a
2794 5351 2944 5405 Mose
2987 5350 3209 5403 dicente
3246 5365 3259 5399 :
3299 5343 3470 5399 Male-

1879 5451 2044 5500 dictus
2077 5457 2149 5499 est
2167 5447 2336 5499 omnis
2372 5447 2462 5513 qui
2515 5443 2703 5512 pendet
2746 5445 2802 5496 in
2854 5443 2996 5511 ligno
3034 5440 3103 5493 ".
3142 5438 3211 5493 Et
3241 5437 3414 5492 Judtei
3450 5455 3464 5491 :

1883 5537 1983 5591 Iste
2016 5537 2167 5588 homo
2227 5544 2301 5588 est
2352 5533 2680 5594 maledictus.
2730 5534 2982 5602 quoniam
3034 5527 3322 5584 Sabbatum
3359 5544 3464 5580 non

2059 5733 2302 5788 "lTim.
2332 5752 2390 5800 ιι,
2427 5736 2506 5788 Η.
2564 5734 2604 5764 ⁷⁷
2639 5733 2738 5788 lsa.
2773 5748 2878 5795 LIII,
2910 5733 3017 5785 1-3.
3095 5731 3139 5763 ’⁸
3171 5732 3328 5785 Deut.
3354 5745 3464 5794 xxi,
