4186 6442
803 362 936 429 1043

2007 380 2064 441 S.
2108 379 2506 442 ANASTASII
2545 386 2868 448 SlNAlT/E

3907 386 4031 452 inti

796 480 1018 532 custodit
1062 482 1127 531 ⁷⁵.
1163 478 1225 533 In
1255 479 1519 534 doloribus
1557 481 1726 549 ipsam
1785 482 1953 553 920
1975 487 2207 538 comeiles
2232 503 2249 539 :
2279 488 2359 541 vi-
2396 502 2432 553 Α
2462 505 2693 548 secratns
2715 507 2787 548 est
2810 497 3064 552 Dominus
3088 499 3276 553 Deus"
3308 516 3532 570 :nempr
3560 501 3612 554 in
3640 517 3797 570 pmna
3824 502 4032 557 Adami.

796 571 1014 632 delicet,
1055 569 1177 624 sine
1212 582 1435 639 peccato
1462 572 1630 624 vives.
1674 572 1729 625 Si
1767 574 1915 626 enim
1970 573 2183 628 viveres
2241 592 2365 628 cum

795 668 1041 738 peccato,
1074 661 1311 714 mundus
1362 671 1411 712 tc
1467 673 1725 731 umquam
1769 664 2049 732 proprium
2083 664 2362 735 diligeret,

792 761 974 804 etnon
1000 753 1250 806 molestia
1291 752 1549 806 alliceret.

863 840 988 898 lbec
1009 854 1190 898 autem
1233 845 1392 899 nobis
1418 846 1767 901 audientibus
1812 848 1881 901 ab
1921 848 2039 919 ipso
2086 849 2201 904 Deo
2230 867 2363 906 con-

793 934 1010 997 donari,
1053 936 1431 1003 reputavimus
1453 954 1715 991 cumesse
1756 940 1808 992 in
1829 941 2015 995 labore
2035 952 2083 997 et
2110 944 2261 1011 plaga
2307 953 2363 997 et

795 1024 847 1077 in
902 1025 1217 1089 aﬂlictionc,
1266 1037 1523 1094 tanquam
1577 1030 1670 1097 qui
1726 1045 1940 1099 pennam
1992 1033 2259 1086 subiisset
2308 1042 2365 1087 et

792 1103 1023 1169 mortem
1068 1131 1166 1185 pro
1193 1118 1307 1171 suis
1336 1120 1590 1187 peccatis.
1631 1120 1746 1189 Ipse
1784 1133 1959 1175 autent
2002 1124 2123 1193 fuit,
2162 1127 2361 1195 inquit,

789 1205 1099 1261 vulneratus
1125 1220 1335 1279 propter
1364 1211 1670 1279 iniquitates
1696 1222 1923 1277 nostras,
1948 1232 2147 1284 nempe
2167 1234 2359 1271 eorum

787 1297 882 1364 qui
910 1315 1099 1352 suuuts
1116 1316 1181 1353 ex
1217 1301 1444 1354 muliere
1464 1301 1726 1363 Ecclesia,
1754 1315 1800 1355 et
1846 1308 2117 1373 wgrotavit
2150 1319 2365 1375 propter

789 1401 1000 1457 peccata
1034 1400 1235 1446 nostra.
1264 1392 1549 1462 Disciplina
1573 1395 1713 1461 paris
1733 1395 1875 1449 nobis
1901 1414 2057 1466 super
2078 1400 2278 1466 ipsum;
2303 1400 2365 1453 li—

787 1496 908 1533 vore
930 1482 1042 1551 ejus
1070 1498 1162 1536 nos
1178 1484 1355 1536 sanati
1378 1499 1578 1535 sumus.
1602 1482 1716 1552 Ipse
1734 1486 1870 1538 enim
1893 1491 2120 1555 portavit
2150 1499 2362 1557 peccata

787 1572 1097 1634 multorum,
1132 1584 1179 1627 et
1209 1586 1424 1644 propter
1446 1586 1659 1645 peccata
1697 1587 1879 1631 nostra
1920 1580 2022 1647 fuit
2045 1582 2273 1634 traditas
2292 1582 2360 1636 “'.

788 1663 969 1719 llabes
996 1663 1292 1733 perfectam
1331 1676 1388 1720 et
1423 1667 1771 1722 manifestam
1810 1671 2258 1739 supputationem
2308 1683 2364 1726 ct

785 1753 1315 1809 demonstrationem
1350 1756 1495 1825 quod
1518 1773 1615 1825 pro
1650 1757 1888 1825 peccatis
1911 1759 2159 1813 mulieris
2208 1761 2364 1815 audit

2469 584 2700 653 Egresso
2720 587 2941 655 quidem
2969 599 3115 643 certe
3142 590 3255 644 Noe
3286 600 3340 643 et
3370 590 3495 642 [iliis
3531 592 3650 660 ejus
3676 608 3738 643 ex
3766 607 3894 644 arca
3922 603 4037 659 post

2468 677 2757 740 diluvium,
2798 680 2881 732 eis
2934 683 3270 749 apertiorem
3308 684 3659 736 conlirtuavit
3692 684 4034 737 benedictio-

2468 785 2592 823 nem
2644 788 2749 839 qua
2787 772 3067 826 benedixit
3106 776 3495 843 protoplaslos,
3533 785 3588 828 ct
3633 789 3818 843 postea
3856 776 3991 828 dixit
4024 794 4034 828 :

2467 860 2717 931 Cogitans
2756 879 2857 915 non
2894 863 3149 930 adjiciam
3189 864 3417 932 muplius
3448 867 3707 917 ersrrruri
3739 874 3943 918 terram
3975 868 4035 919 ¹¹¹.

2467 953 2545 1005 Τυ
2579 964 2761 1007 autem
2787 970 2910 1007 cum
2941 955 3181 1010 audieris
3203 957 3347 1025 quod
3384 973 3555 1026 usque.
3599 958 3662 1010 ad
3692 972 3877 1010 arcam
3918 960 4039 1011 uui-

2465 1060 2621 1099 versa
2656 1054 2799 1100 terra
2831 1047 2934 1102 fuit
2990 1049 3094 1102 sub
3135 1050 3449 1112 maledicto,
3497 1051 3631 1103 nihil
3690 1051 3841 1103 aliud
3882 1061 4038 1119 putes

2465 1154 2586 1193 esse
2642 1138 2746 1191 nisi
2804 1140 3015 1193 Christi
3047 1141 3372 1202 Ecclesium,
3438 1142 3489 1194 in
3539 1157 3646 1209 qua
3686 1142 4034 1194 confirmavi:

2465 1229 2631 1283 etiam
2687 1231 2831 1285 Deus
2882 1240 2937 1286 et
2994 1232 3283 1285 renovavit
3338 1245 3579 1285 veterem
3636 1232 3882 1283 hominis
3950 1231 4038 1281 heu

2467 1319 2878 1383 nedictionem,
2937 1321 3202 1389 quoniam
3278 1330 3403 1391 post
3467 1321 3738 1373 diluvium
3822 1320 3878 1373 in
3947 1320 4041 1371 iu-

2466 1412 2835 1467 numcrabiles
2890 1414 3216 1468 alllictioues
3284 1422 3339 1467 et
3394 1414 3786 1481 castigationes
3844 1429 3874 1465 a
3939 1412 4042 1465 Deo

2465 1505 2621 1572 pulsa
2678 1503 2879 1557 cecidit
2937 1506 3229 1559 hominum
3293 1513 3489 1558 natura
3560 1506 3647 1557 cui
3709 1503 4042 1557 dominaba-

2466 1605 2556 1647 tur
2604 1594 2875 1663 impietas.
2900 1594 3105 1647 Exhac
3139 1610 3269 1648 vero
3288 1594 3450 1648 nobis
3472 1594 3753 1663 proposita
3800 1593 4039 1646 Deicqu

2465 1684 2675 1740 Adamo
2726 1685 3114 1750 collocutione,
3159 1700 3262 1738 nos
3305 1685 3569 1738 docemur
3628 1683 3802 1736 multo
3867 1682 4041 1747 magis

2465 1778 2829 1846 spiritualitcr
2849 1779 3039 1833 audire
3069 1787 3124 1831 et
3162 1777 3471 1846 intelligere
3525 1792 3645 1844 qua:
3679 1776 3947 1827 dicuntur
3976 1774 4040 1825 de

783 1845 955 1899 Adam
987 1845 1171 1900 omnia
1193 1862 1317 1916 qua:
1342 1858 1470 1901 sunt
1499 1848 1552 1900 in
1582 1864 1743 1917 pruna
1784 1852 2093 1920 preposita,
2125 1868 2251 1906 cum
2290 1854 2355 1908 sit

2466 1845 2716 1935 paradiso
2739 1876 2795 1921 et
2821 1867 2987 1937 lignis
3046 1877 3101 1921 et
3130 1868 3314 1921 fructu
3353 1845 3528 1935 quem
3568 1865 3807 1918 comedit
3842 1864 4042 1917 mulier

785 1936 902 2006 ipse
926 1938 1044 1998 sine
1068 1949 1293 2008 peccato
1334 1940 1387 1994 iu
1413 1947 1599 2009 typum
1628 1939 1855 1995 Christi.
1881 1942 1999 1996 Jam
2048 1943 2361 2008 videamus,

783 2030 830 2084 si
878 2029 1161 2094 videatur,
1186 2030 1652 2099 quemadmodum
1674 2033 1839 2087 etiam
1882 2034 1997 2103 ipsa
2019 2035 2166 2089 nuda
2197 2037 2361 2091 verba

783 2136 959 2190 paena:
988 2137 1111 2191 qua:
1136 2121 1419 2189 dicuntur,
1447 2125 1655 2178 nullam
1680 2125 1920 2180 habeant
1953 2127 2049 2181 Dei
2088 2129 2231 2197 apud
2265 2129 2363 2182 ho-

783 2211 962 2267 mines
991 2213 1426 2267 exsecrationem
1455 2228 1554 2267 seu
1582 2214 2046 2270 maledictionem.
2071 2216 2191 2271 Non
2214 2218 2360 2271 enim

782 2300 921 2353 dixit
957 2300 1007 2353 ei
1050 2300 1194 2353 sicut
1252 2300 1493 2369 serpenti
1528 2310 1585 2355 et
1623 2300 1795 2355 Caiuo
1845 2301 2200 2356 :Illaledictus
2265 2311 2362 2369 tu;

780 2389 876 2443 sed
897 2389 1180 2443 Maledicta
1206 2398 1348 2442 terra
1378 2390 1434 2442 in
1455 2390 1694 2459 aperibus
1721 2392 1845 2444 tuis.
1896 2390 1961 2445 In
1983 2394 2247 2462 operibus,
2270 2394 2359 2448 in-

779 2481 920 2550 quit,
982 2482 1107 2545 tuis,
1140 2496 1264 2550 qua:
1296 2495 1356 2533 es
1410 2488 1837 2549 compacturus:
1871 2490 2075 2536 terram
2114 2483 2357 2539 adorans

777 2582 837 2628 et
866 2573 1077 2642 lapides
1095 2581 1152 2627 et
1172 2580 1378 2627 statuas
1407 2581 1463 2626 et
1490 2573 1610 2641 ejus
1665 2587 1837 2641 aquas
1891 2581 1948 2627 et
1974 2573 2155 2643 ignem
2215 2576 2359 2645 ejus,

781 2675 838 2718 tu
882 2680 1006 2720 eam
1039 2662 1210 2718 facies
1269 2662 1638 2717 maledictum.
1700 2661 1766 2716 In
1812 2661 2078 2717 doloribus
2125 2666 2361 2720 comedes

781 2774 922 2819 eam,
955 2771 1044 2811 me
1096 2754 1392 2809 inducente
1423 2754 1732 2808 siccitatem
1787 2763 1845 2809 et
1890 2755 2263 2820 sterilitatem,
2306 2767 2363 2812 et

780 2863 923 2917 sepe
955 2846 1150 2901 famem
1173 2845 1240 2900 ad
1272 2854 1420 2899 tuam
1442 2846 1863 2915 castigationem
1895 2856 1951 2905 et
1981 2848 2359 2913 aﬂlictionem,

777 2938 1053 3007 quomodo
1083 2937 1250 2992 etiam
1306 2936 1417 2991 dixi
1446 2936 1667 2990 mulieri
1700 2954 1713 2989 :
1761 2937 2125 3007 Multiplimbo
2152 2939 2359 2993 dolores

778 3038 895 3082 tuos
928 3036 978 3081 et
1005 3030 1229 3098 gemitus
1261 3036 1375 3081 tuos
1410 3043 1427 3081 :
1456 3028 1636 3097 spinas
1666 3036 1715 3081 et
1738 3029 1962 3083 tribulos
1989 3030 2239 3100 producet
2265 3031 2358 3085 tibi

777 3131 945 3183 terra,
986 3129 1035 3173 et
1069 3120 1305 3173 comedes
1362 3120 1576 3173 herbam
1611 3122 1748 3190 agri,
1783 3129 1975 3191 utpote
2004 3123 2151 3192 quod
2210 3132 2356 3178 terra

775 3212 849 3266 sit
879 3211 1084 3266 inculta
1118 3220 1175 3265 et
1211 3211 1428 3265 deserta
1455 3184 1684 3281 propter
1709 3184 2037 3267 siccitatem.
2057 3224 2113 3269 et
2147 3216 2357 3269 stcrili-
2385 3184 2431 3244 ο

776 3310 965 3356 tatem.
997 3302 1060 3357 In
1078 3302 1270 3355 sudore
1296 3311 1344 3355 et
1381 3301 1561 3355 labore
1585 3302 1760 3357 vultus
1792 3305 1868 3357 tui
1898 3306 2130 3358 romedcs
2169 3322 2356 3361 rarum

773 3401 832 3448 et
856 3393 1114 3463 exiguum
1142 3410 1333 3463 panem
1363 3400 1538 3459 tuum,
1568 3395 1729 3448 donec
1764 3398 2046 3449 revertaris
2069 3397 2123 3450 in
2158 3406 2357 3451 terram

734 3555 743 3564 .
776 3502 841 3540 ex
863 3501 968 3556 qua
997 3494 1236 3555 sumptus
1266 3502 1319 3539 es
1339 3529 1353 3551 ,
1396 3486 1649 3556 quoniam
1697 3496 1844 3541 terra
1891 3504 1943 3539 es
1975 3497 2023 3540 et
2068 3490 2123 3541 in
2156 3496 2357 3543 terram

774 3578 1070 3630 reverteris.
1120 3576 1246 3631 “me
1284 3577 1508 3647 quidem
1573 3587 1659 3634 est
1709 3579 2108 3633 convenienter
2157 3580 2357 3635 littera:

771 3668 1170 3736 contemplatio
1192 3684 1385 3723 eorum
1414 3684 1537 3738 qure
1562 3678 1696 3723 sunt
1723 3671 2026 3738 proposita.
2050 3670 2185 3725 Nam
2211 3673 2356 3726 sicut

732 3764 741 3774 ‘
773 3760 968 3814 dicunt
988 3759 1419 3829 historiographi
1445 3761 1740 3814 mundana:
1762 3762 1957 3830 prisca:
1980 3764 2313 3818 narrationis
2336 3781 2350 3818 :

772 3852 1026 3917 dolores,
1076 3852 1269 3915 fames,
1305 3852 1601 3918 siccitates,
1639 3854 1884 3923 penuria:
1918 3862 1973 3908 et
2007 3855 2351 3920 sterilitates,

770 3944 1182 4013 persuadebant
1229 3944 1337 3998 illis
1384 3945 1628 4015 antiquis
1666 3956 1727 4001 ut
1782 3955 2205 4001 exsecrarentur
2237 3954 2351 4000 ter-

770 4050 910 4089 ram.
958 4035 1114 4091 Unde
1167 4036 1334 4089 etiam
1375 4037 1516 4090 fame
1566 4047 1882 4106 pereuntes,
1926 4038 2188 4093 dicebant
2230 4054 2351 4093 esse

771 4136 974 4179 terram
1000 4141 1031 4179 a
1062 4126 1176 4179 Deo
1221 4126 1569 4180 maledictam
1610 4146 1623 4180 :
1652 4128 1932 4196 quomodo
1960 4129 2127 4184 etiam
2176 4129 2350 4184 bene—

768 4217 996 4281 dictam,
1026 4234 1149 4272 cum
1178 4219 1427 4272 cernitur
1465 4218 1685 4283 fertilis,
1714 4235 1835 4274 eam
1868 4221 2119 4275 nominat
2170 4221 2352 4275 homi-

768 4324 900 4362 num
929 4308 1293 4363 consuetudo.
1323 4308 1430 4363 Sed
1457 4324 1636 4377 neque
1661 4309 1892 4364 sationis
1914 4318 2035 4363 erat
2068 4310 2214 4378 apud
2248 4326 2346 4365 eos

766 4403 951 4472 aliqua
980 4402 1342 4472 experientia.
1384 4404 1586 4457 Dicunt
1626 4404 1775 4458 enim
1831 4420 2027 4459 rursus
2066 4405 2343 4465 historici.

2462 1965 2518 2009 et
2550 1957 2733 2012 homo.
2769 1958 2902 2011 Nam
2931 1973 3055 2011 cum
3088 1959 3203 2012 illic
3222 1957 3453 2012 dixisset
3490 1957 3633 2010 Deus
3666 1974 3678 2008 :
3706 1955 3821 2019 Quo
3866 1964 4045 2009 autem

2463 2050 2546 2102 (lie
2574 2066 2636 2103 ea:
2664 2067 2723 2102 eo
2750 2051 3005 2114 camertes,
3030 2059 3196 2103 morte
3222 2052 3460 2105 morieris
3492 2068 3509 2105 .'
3533 2049 3810 2118 quomodo
3837 2049 3947 2101 hoc
3992 2049 4043 2101 in

2462 2141 2640 2210 pannis
2666 2157 2775 2196 nou
2812 2143 2986 2196 solum
3025 2143 3109 2197 eis
3157 2144 3402 2204 sustulit,
3457 2144 3551 2196 sed
3598 2143 3679 2195 cis
3729 2142 3823 2193 dat
3876 2140 4043 2192 vitam

2464 2234 2760 2288 multorum
2789 2250 3084 2297 annorum,
3112 2234 3333 2289 mulieri
3365 2234 3587 2303 quidem
3609 2234 3804 2287 dicens
3834 2247 3959 2285 eam
3993 2231 4042 2283 iu

2461 2325 2747 2378 doloribus
2772 2325 2915 2379 lilios
2942 2327 3267 2394 parituram,
3300 2325 3509 2379 Adamo
3546 2336 3753 2388 autem,
3796 2322 3863 2377 In
3900 2322 4047 2374 dolo-

2461 2418 2603 2469 ribus
2634 2417 2866 2470 comedes
2901 2426 3101 2471 terram
3150 2418 3385 2471 onmibus
3415 2418 3592 2470 diebus
3617 2419 3736 2469 rita:
3781 2426 3909 2469 tum.
3941 2415 4041 2479 Qui

2462 2518 2777 2562 autemnon
2816 2509 3236 2573 convenienter,
3291 2509 3452 2563 nobis
3492 2509 3783 2568 iuell‘abili.
3822 2508 4041 2561 cuidam

2464 2599 2558 2653 Dei
2576 2599 2973 2669 dispensationi
2994 2599 3308 2671 intelligunt
3326 2599 3690 2669 spiritualiter
3718 2598 3908 2650 omnia
3927 2614 4044 2665 qttzl:

2461 2693 2724 2747 dicuntur
2773 2692 2842 2746 de
2896 2692 3153 2761 paradiso
3198 2699 3520 2762 :eoguntur
3578 2690 3804 2743 onmiuo
3865 2689 4044 2741 facere

2460 2791 2770 2851 serpentem
2799 2792 3083 2837 auctorem
3106 2792 3163 2837 et
3191 2782 3606 2837 conciliatorem
3635 2789 3690 2834 et
3716 2779 4042 2833 elleetorem

2462 2874 2737 2927 universm
2777 2882 2977 2926 nostra:
3006 2873 3291 2926 hominum
3323 2871 3715 2942 generationis,
3752 2878 3806 2925 ct
3850 2870 4042 2922 mundi

2460 2964 2895 3025 constitutionis,
2931 2980 3027 3033 per
3051 2964 3239 3017 datum
3298 2964 3518 3018 mulieri
3572 2962 3898 3017 consilium.
3937 2961 4041 3013 Sed

2460 3069 2570 3107 non
2596 3055 2668 3108 ita
2693 3053 2855 3107 docet
2881 3054 3087 3108 chorus
3119 3064 3436 3108 sanctorum
3466 3055 3689 3108 Patrqu
3727 3071 3739 3105 :
3774 3052 3873 3106 sed
3896 3052 4041 3121 quod

2460 3146 2629 3200 etiam
2660 3146 2869 3214 absque
2919 3156 3179 3214 serpente
3204 3155 3260 3199 et
3289 3146 3439 3216 ligno
3465 3152 3521 3199 ct
3547 3146 3695 3207 cibo,
3729 3160 3796 3196 ev
3832 3145 3927 3197 ilia
3961 3145 4043 3197 di-

2460 3238 2585 3290 vina
2616 3250 2754 3290 voce
2780 3251 2902 3305 qua:
2951 3236 3098 3289 dicta
3125 3244 3212 3289 est
3258 3235 3614 3305 protoplastis
3649 3253 3661 3287 :
3698 3233 3957 3297 Crescite,
4000 3240 4045 3283 et

2460 3313 2911 3395 multiplicamini,
2944 3333 2994 3378 et
3043 3324 3238 3394 replete
3269 3333 3505 3389 terram;
3538 3324 3786 3377 futurum
3826 3332 3952 3377 erat
3987 3332 4047 3374 ut

2459 3419 2790 3474 consisteret
2815 3433 2989 3489 genus
3023 3417 3327 3471 humanum
3355 3432 3455 3485 per
3499 3416 3779 3470 carnalem
3812 3430 4045 3483 genera-

2460 3508 2664 3563 tionem
2696 3507 3040 3562 dissimilitcr
3065 3522 3228 3576 quam
3267 3504 3438 3559 creati
3466 3513 3627 3558 erant
3670 3502 3874 3570 angeli.
3911 3503 4044 3556 Pro-

2462 3600 2549 3653 cul
2585 3600 2732 3653 enim
2768 3615 2797 3652 a
2829 3599 2992 3653 nobis
3018 3597 3242 3651 recedat
3270 3594 3555 3665 Origenes,
3613 3604 3667 3647 et
3702 3601 3899 3663 mystae
3924 3592 4049 3647 Ori-

2456 3690 2632 3761 geuis,
2661 3688 2875 3743 animas
2925 3696 3146 3742 nostras
3173 3687 3331 3755 prius
3362 3699 3486 3738 esse
3530 3683 3744 3736 visione
3789 3682 4047 3736 fabulose

2456 3780 2964 3850 apprchemlentes.
2994 3779 3131 3832 Nam
3163 3792 3289 3833 cum
3332 3776 3423 3829 ille
3454 3785 3615 3829 natus
3645 3782 3818 3834 esset,
3848 3782 3907 3827 et
3948 3790 4048 3827 ex-

2456 3874 2706 3934 stitisset,
2735 3880 2792 3926 et
2813 3872 2880 3926 ad
2925 3870 3293 3931 identitatem,
3329 3876 3391 3920 ut
3424 3866 3497 3919 ita
3534 3866 3739 3927 dicam,
3795 3866 4049 3918 venisset

2455 3982 2579 4020 cum
2627 3963 2811 4017 tunica
2846 3963 3073 4031 pellicea
3114 3978 3126 4013 :
3163 3959 3355 4013 nescio
3394 3956 3542 4010 unde
3573 3964 3760 4008 motus
3799 3965 3859 4008 et
3897 3956 4047 4008 unde

2454 4053 2560 4107 hoc
2604 4064 2821 4116 nactus,
2848 4052 3044 4120 dogma
3097 4045 3410 4109 constituit,
3447 4044 3717 4098 Adamum
3755 4052 3813 4097 et
3856 4044 4030 4098 Evam

2453 4142 2624 4197 luisse
2656 4144 2806 4211 (ante
2844 4140 3082 4208 tunicas)
3113 4138 3292 4194 nudas
3346 4145 3562 4190 mentes
3627 4135 3683 4189 in
3712 4151 3859 4203 quas
3888 4135 4049 4187 nullo

2452 4232 2617 4285 modo
2642 4232 2865 4285 caderet
2891 4231 3172 4293 interitus,
3211 4236 3267 4283 et
3294 4244 3417 4298 quze
3453 4242 3563 4280 non
3596 4234 3784 4281 essent
3811 4240 4052 4294 capaces

2451 4323 2649 4376 mortis
2693 4331 2749 4376 et
2794 4321 2971 4375 ﬂuxus
3005 4331 3061 4374 et
3092 4319 3202 4374 cibi
3234 4327 3290 4373 et
3325 4325 3491 4387 potus
3520 4325 3577 4372 et
3611 4315 3816 4370 somni.
3872 4316 4049 4381 Cujus

2450 4411 2823 4480 prodigiosum
2860 4410 3129 4463 insaniam
3165 4417 3419 4463 evertens
3450 4405 3907 4476 sapientissimus
3933 4407 4043 4459 Ille-

764 4493 914 4563 quod
947 4493 1162 4563 primus
1221 4494 1497 4549 Abraham
1534 4494 1798 4549 frumenti
1835 4512 2022 4550 semen
2082 4512 2179 4565 per
2223 4512 2347 4550 ara—
2380 4512 2422 4566 ι)
2453 4501 2697 4562 thodius.
2735 4517 2843 4553 nou
2877 4516 3039 4553 uuam
3086 4509 3181 4553 aut
3239 4500 3489 4558 alteram,
3512 4497 3624 4573 sed
3659 4497 3833 4552 etiam
3891 4497 4046 4551 deci-

764 4594 911 4639 trum
941 4584 1233 4639 seminavit
1266 4585 1322 4637 in
1346 4593 1491 4639 terra
1526 4603 1540 4638 :
1577 4585 1755 4642 nobis.
1784 4594 1845 4639 ut
1874 4587 2097 4655 opinor,
2129 4587 2343 4657 signiﬁ-

762 4691 894 4730 cans
924 4673 1234 4744 patriarcha
1265 4689 1367 4743 per
1402 4674 1734 4743 exemplum,
1765 4674 1913 4742 quod
1948 4691 2014 4728 ex
2066 4676 2188 4745 ejus
2258 4692 2347 4730 sc-

764 4768 913 4821 miue
942 4766 1223 4821 videbitur
1252 4765 1493 4820 cmlestis
1526 4766 1686 4835 panis
1711 4765 1966 4820 Christus
1991 4766 2044 4820 iu
2079 4776 2222 4823 terra
2271 4768 2341 4821 ad

762 4874 921 4913 esum
943 4866 1001 4912 et
1015 4858 1248 4912 salutem
1275 4857 1579 4919 bomiumu,
1601 4856 1823 4925 quando
1841 4867 1985 4912 terra
2011 4859 2341 4912 Abrahami-

762 4964 840 5003 ca:
868 4948 1051 5002 Maria:
1078 4948 1326 5017 Deiparae
1344 4948 1583 5016 pluviam
1611 4948 1852 5016 excipiet
1892 4949 2194 5004 C(elestem.
2229 4950 2341 5004 'l‘e-

763 5046 943 5095 statur
975 5047 1157 5093 autem
1181 5039 1418 5093 Lamcch
1440 5054 1660 5108 quoque
1699 5049 1854 5108 pater
1884 5040 2020 5103 Noe,
2061 5041 2207 5110 quod
2232 5058 2340 5095 non

762 5130 1047 5185 hominem
1086 5131 1230 5186 Deus
1262 5141 1347 5186 est
1372 5139 1709 5196 exsecratus,
1738 5130 1834 5185 sed
1863 5131 2085 5195 famem,
2120 5143 2181 5187 ut
2205 5133 2342 5195 dixi,

760 5231 823 5273 ct
855 5220 1206 5288 corporalem
1242 5219 1594 5274 alllictiouem
1632 5227 1763 5273 tunc
1793 5219 1982 5273 intulit
2032 5221 2142 5275 illis
2173 5238 2343 5291 gene-

764 5308 1098 5363 rationibus.
1129 5308 1266 5363 Nam
1300 5323 1425 5363 cum
1459 5309 1575 5378 ipse
1599 5319 1918 5379 generasset
1945 5310 2139 5373 lilium,
2166 5311 2300 5365 dicit
2328 5329 2341 5365 :

764 5399 1066 5454 Nominavit
1086 5417 1273 5453 nomen
1302 5402 1417 5470 ejus
1439 5400 1569 5465 Noe,
1601 5402 1736 5472 quod
1760 5405 2143 5472 interpretatur
2167 5401 2344 5469 Quies,

767 5491 945 5543 dicens
982 5508 1001 5544 :
1026 5489 1200 5544 Faciet
1236 5508 1328 5544 nos
1371 5492 1632 5561 quiescere
1670 5493 1733 5546 ab
1768 5494 2011 5563 operibus
2046 5496 2261 5559 nostris,
2294 5502 2343 5546 et

771 5582 1034 5637 laboribus
1058 5600 1313 5637 manuum
1362 5593 1686 5650 nostrarum,
1722 5596 1769 5638 et
1798 5604 1829 5639 a
1866 5597 2009 5639 terra
2059 5604 2220 5655 quam
2251 5604 2343 5640 ex-

1353 5764 1398 5795 "
1436 5763 1539 5819 lsa.
1582 5779 1689 5829 LIII,
1719 5764 1770 5829 5,
1810 5764 1889 5819 l2.
1965 5765 2006 5797 ¹¹¹
2032 5765 2169 5820 Gen.
2200 5765 2357 5833 ἢεί).

838 5759 886 5792 ”
920 5759 1076 5817 Joan.
1113 5764 1276 5830 miti.

2452 4605 2596 4642 mam
2615 4589 2774 4642 nobis
2796 4588 2959 4641 all‘ert
2981 4587 3282 4656 Scriptura:
3296 4586 3707 4656 probationem,
3726 4585 4039 4639 ostenden-

2454 4685 2561 4730 tem
2608 4674 2757 4745 quod
2815 4676 2959 4729 Deus
3011 4676 3079 4728 ab
3110 4675 3268 4728 initio
3327 4690 3455 4728 vere
3496 4674 3627 4728 fecit
3679 4673 3974 4728 hominem
4011 4690 4044 4729 a

2451 4774 2596 4821 terra
2632 4765 2877 4834 genitum
2908 4774 2962 4818 et
2992 4771 3332 4829 terrestrem,
3354 4762 3633 4833 quomodo
3668 4762 3840 4816 etiam
3870 4763 4039 4818 nobis

2450 4856 2699 4926 loquitur
2728 4871 2826 4925 per
2851 4871 2915 4910 os
2943 4856 3120 4917 Pauli,
3146 4856 3339 4911 dicens
3366 4872 3379 4907 :
3410 4855 3621 4909 Primus
3645 4853 3819 4908 Adam
3839 4870 3868 4907 c
3893 4864 4045 4907 terra

2451 4949 2746 5012 terrestris;
2772 4947 3011 5017 primum
3069 4948 3217 5001 enim
3264 4956 3349 5002 est
3391 4956 3655 5001 terrestre
3676 4986 3690 5009 ,
3720 4944 3926 4999 deinde
3949 4961 4050 5016 per

2447 5039 2729 5094 Christum
2764 5040 3085 5109 spirituale:
3116 5048 3176 5092 ut
3200 5042 3336 5093 sicut
3371 5042 3699 5110 portavimus
3744 5040 4048 5107 imaginem

2451 5134 2737 5197 terrestris,
2802 5142 3068 5201 portemus
3124 5134 3288 5184 etiam
3352 5132 3642 5202 imaginem
3696 5127 3929 5183 ctrlestis
3972 5130 4044 5183 ⁸³.

2449 5223 2585 5277 Nam
2639 5223 2683 5277 si
2721 5238 2820 5291 per
2878 5222 3335 5285 inobedientiam,
3365 5221 3568 5291 inquit,
3628 5220 3821 5289 lapsus
3871 5221 4048 5274 homo

2450 5312 2554 5366 luit
2581 5321 2985 5367 trausmutatus
3037 5321 3093 5367 et
3128 5313 3181 5366 in
3214 5312 3455 5367 essentia
3491 5311 3761 5364 alteratus
3818 5310 3905 5379 (ut
3943 5311 4046 5381 qui

2448 5404 2597 5457 aliud
2640 5404 2709 5457 ab
2759 5405 2867 5458 alio
2907 5421 3110 5476 corpus
3145 5405 3363 5460 exuerit
3418 5414 3474 5459 et
3505 5404 3800 5466 induerit),
3857 5404 3916 5457 in
3978 5420 4049 5459 eo

2447 5495 2550 5549 fuit
2580 5512 2608 5548 a
2638 5496 2751 5550 Deo
2776 5496 3006 5552 allectus
3038 5496 3238 5567 injuria
3273 5513 3288 5547 :
3317 5495 3612 5564 oportebat
3636 5494 3782 5548 enim
3822 5495 4044 5548 damm-

2451 5602 2547 5641 nes
2601 5602 2824 5658 quoque
2866 5587 2960 5657 qui
3006 5588 3170 5657 longe
3216 5588 3342 5658 plus
3379 5586 3747 5656 deliquerant,
3783 5585 3897 5641 hoc
3930 5585 4047 5657 pati

2436 5766 2481 5798 "
2517 5765 2653 5823 Gen.
2673 5782 2746 5832 ix,
2774 5765 2864 5822 2i.
2924 5767 2971 5799 "
2999 5767 3169 5824 ICor.
3194 5783 3283 5834 xv,
3311 5766 3398 5822 i7.
