4186 6442
198 401 336 463 10ίό

1286 395 1368 457 ΙΝ
1410 390 1957 455 ΙΙΕΧΛΕΜΕΙΙΟΝ.
1994 414 2064 425 -
2092 390 2236 449 LIB.
2278 390 2381 449 XI.

3328 387 3463 450 1016

190 522 323 563 :mlc
357 508 677 574 hominem;
713 516 770 562 et
803 521 869 561 ex
897 514 1093 559 natura
1132 505 1426 559 immortali
1450 510 1782 572 experteqnc
1814 509 1858 563 Α
1889 507 2092 552 tatem:
2130 506 2226 551 aut
2252 497 2298 551 si
2334 511 2527 552 rursus
2549 494 2794 567 tetigerit
2828 495 2882 550 id
2909 497 3057 567 quod
3078 506 3163 552 est
3183 498 3457 561 deterius,

190 601 444 653 materia:
485 608 541 652 et
578 600 632 652 in
662 613 826 667 quam
860 612 969 651 non
1008 597 1157 652 cadit
1186 595 1442 649 interitus
1470 612 1484 660 ;
1520 593 1782 647 inducere

190 708 433 761 corpora
458 692 716 744 mortalia
742 699 799 743 et
824 690 970 743 lluxa
998 698 1055 743 et
1082 689 1136 742 iu
1164 702 1285 757 qua:
1318 688 1540 742 caderet
1587 682 1781 738 interi-

192 793 308 836 tus.
347 784 669 836 Secundum
700 797 894 836 rursus
936 780 1072 834 dicit
1102 780 1283 842 Pater,
1317 777 1463 848 quod
1490 775 1782 830 diversitas

194 880 389 944 ﬁgura:
417 875 745 944 genitalium
775 872 1171 927 membrorum
1198 870 1390 924 Adami
1433 879 1488 923 et
1514 869 1659 929 Evm,
1692 880 1781 919 os-

194 968 380 1022 tendit
417 967 566 1036 quod
597 982 664 1020 ea
709 965 820 1019 illis
877 965 1021 1017 facta
1051 964 1267 1017 ltierant
1322 962 1686 1015 instrumenta
1711 957 1782 1011 ad

192 1059 577 1130 procreandos
602 1070 659 1112 et
709 1056 1061 1112 sentiuandos
1088 1055 1249 1109 ﬁlios.
1305 1054 1576 1116 Tertium,
1633 1049 1782 1121 quod

192 1153 407 1206 dixerit
439 1152 725 1221 Scriptura
759 1150 949 1205 statim
984 1163 1110 1203 cum
1154 1148 1271 1217 ipsa
1311 1147 1591 1200 creatione
1631 1143 1785 1196 :Ma-

188 1246 402 1298 scutum
430 1256 478 1297 ct
513 1246 766 1314 feminam
796 1243 914 1311 fecit
938 1258 1040 1295 eos.
1070 1241 1128 1295 ln
1158 1248 1354 1294 natura
1378 1239 1619 1292 incrcata
1644 1246 1698 1290 et
1726 1235 1781 1289 in

191 1350 365 1403 quant
419 1349 531 1386 non
567 1332 794 1386 caderet
843 1330 1126 1395 interitus,
1161 1330 1289 1399 quis
1335 1336 1456 1383 erat
1494 1341 1629 1380 usus
1663 1342 1783 1380 tua-

192 1427 341 1482 sculi
378 1436 438 1481 et
460 1425 722 1480 femina)?
763 1423 1055 1489 Quartum,
1100 1421 1251 1492 quod
1282 1436 1382 1491 per
1407 1419 1486 1476 cis
1514 1420 1716 1474 dictam
1752 1434 1783 1472 a

191 1520 309 1573 Deo
346 1516 797 1572 benedictionem
837 1532 850 1567 :
881 1513 1130 1579 Crescite,
1164 1522 1213 1566 et
1255 1510 1705 1590 multiplicamini,
1734 1519 1781 1562 et

191 1608 397 1674 replete
427 1615 649 1668 terram,
675 1603 992 1658 ostenditur
1015 1618 1208 1656 eorum
1242 1602 1480 1655 ﬁliorum
1529 1615 1784 1669 procrea-

192 1696 272 1749 tio
304 1712 403 1765 per
429 1706 609 1751 satutn
635 1703 693 1748 ct
719 1693 998 1747 carnalem
1038 1702 1278 1762 partum.
1310 1692 1601 1758 Quintum,
1634 1689 1782 1761 qttod

189 1796 326 1840 ante
350 1787 570 1856 lapsum
602 1786 748 1840 Deus
768 1783 1045 1838 mandarit
1075 1794 1134 1838 ut
1162 1784 1297 1853 ipsis
1343 1792 1399 1837 et
1422 1783 1691 1854 iumentis
1727 1790 1783 1835 et

1881 590 2042 659 921
2096 589 2397 658 perlectam
2429 588 2624 643 subeat
2654 597 2926 653 mortem;
2957 589 3106 657 quod
3154 590 3323 643 etiam
3382 591 3462 643 fa-

1884 693 2034 735 ctum
2056 689 2140 735 est
2168 681 2567 735 convenienter
2592 679 2714 735 voci
2747 694 2871 749 qua:
2900 679 2952 734 ei
2975 679 3113 734 dixit
3141 698 3153 732 :
3182 680 3345 734 Terra
3386 696 3461 741 es,

1883 782 1932 826 et
1968 776 2018 825 in
2047 782 2246 827 terram
2269 774 2567 826 reverteris.

1954 864 2062 919 Sed
2086 864 2153 919 de
2173 865 2277 919 hac
2308 862 2498 918 divina
2527 863 2802 918 sententia
2849 862 2918 919 de
2950 871 3151 919 caetero
3184 862 3347 917 nobis
3369 878 3462 915 oc-

1883 957 2062 1011 currit
2095 958 2147 1010 in
2177 955 2473 1026 praesentia
2518 954 2818 1011 dicendum
2847 955 3112 1011 adversus
3166 954 3464 1009 Samarita-

1883 1062 2038 1100 num.
2079 1046 2228 1101 llanc
2259 1045 2408 1101 enim
2435 1045 2599 1099 nobis
2620 1044 2863 1100 divinam
2884 1060 3077 1100 vocem
3104 1060 3311 1112 susque
3360 1044 3462 1098 de-

1885 1153 1991 1207 que
2016 1136 2293 1206 objicitad
2320 1136 2622 1207 negandam
2657 1144 2714 1191 et
2744 1136 3069 1191 abolendam
3107 1145 3460 1190 mortuorum

1887 1229 2380 1294 resurrectionem,
2413 1244 2536 1299 qua:
2558 1226 2924 1283 dieitAdamo
2954 1244 2966 1279 :
3000 1228 3164 1281 Terra
3202 1243 3277 1291 es,
3310 1235 3358 1279 et
3406 1228 3460 1280 in

1886 1332 2086 1377 terram
2114 1323 2408 1377 reverteris.
2443 1321 2727 1377 Adversus
2760 1335 2927 1391 quem
2951 1318 3038 1390 (ut
3077 1320 3245 1372 etiam
3281 1320 3460 1374 dicam

1885 1414 2252 1483 corporalius)
2292 1412 2426 1467 illud
2476 1420 2600 1465 ante
2661 1412 2767 1466 alia
2822 1419 3043 1481 oportet
3100 1409 3461 1473 contendere,

1884 1504 2033 1573 quod
2062 1520 2171 1558 nou
2200 1512 2287 1557 est
2311 1504 2522 1572 integre
2546 1518 2615 1556 ex
2662 1511 2811 1557 terra
2846 1518 2859 1553 :
2886 1501 2984 1557 sed
3024 1502 3210 1570 aliqua
3236 1499 3461 1570 quidem

1886 1610 2013 1665 pars
2044 1611 2111 1649 ex
2140 1604 2308 1655 terra,
2334 1594 2518 1663 aliqua
2577 1601 2763 1646 autem
2789 1608 2902 1646 non
2932 1608 3001 1647 ex
3032 1603 3202 1659 terra,
3247 1593 3344 1647 sed
3396 1609 3463 1647 ex

1886 1688 1999 1741 Deo
2053 1704 2150 1755 per
2202 1686 2661 1741 insulllationcm.
2727 1686 2963 1755 Propter
3027 1685 3175 1755 qttod
3226 1686 3462 1741 animam

1886 1795 2107 1848 quoque
2134 1778 2413 1832 viventem
2443 1777 2663 1832 vocavit
2691 1778 2847 1832 illum
2880 1779 3062 1842 Deus;
3094 1787 3149 1832 et
3172 1778 3465 1847 oportebat

187 1878 527 1931 volucribus
552 1878 863 1931 communis
895 1886 1042 1932 esset
1064 1892 1196 1931 esus
1223 1874 1516 1930 seminum.
1555 1877 1779 1929 Sextum
1813 1852 1855 1907 Β
1890 1870 2061 1940 (sicut
2111 1869 2279 1924 etiam
2317 1869 2454 1923 dicit
2505 1869 2734 1937 quidam
2790 1885 2860 1924 ex
2915 1869 3183 1939 externis)
3224 1870 3373 1939 quod
3397 1886 3462 1924 ex

191 1985 398 2023 rursus
444 1969 580 2022 dicit
625 1968 887 2037 magister
918 1984 933 2021 :
977 1967 1035 2022 Si
1078 1984 1230 2021 omne
1258 1967 1396 2038 quod
1424 1968 1590 2020 intrat
1620 1968 1674 2019 in
1703 1982 1781 2032 os,

187 2062 337 2113 radit
361 2063 420 2113 in
452 2077 713 2113 secessum
740 2060 885 2123 ⁸⁸⁸⁸⁵,
913 2069 974 2114 ut
996 2068 1081 2114 est
1112 2074 1215 2113 vox
1239 2058 1480 2123 Domini,
1508 2057 1626 2113 ﬁeri
1671 2073 1781 2113 non

187 2163 385 2222 posset
420 2160 483 2205 ut
512 2166 637 2206 cum
689 2152 794 2221 ipsi
826 2151 1197 2205 communiter
1234 2158 1423 2205 essent
1481 2148 1783 2220 participes

185 2260 323 2297 usus
346 2243 645 2306 seminum,
665 2242 760 2312 qui
780 2251 864 2296 est
890 2243 1147 2312 proprius
1170 2240 1455 2312 iumentis,
1480 2256 1589 2294 non
1617 2241 1781 2294 etiam

193 2350 392 2404 parem
422 2344 480 2389 ct
507 2334 579 2388 ab
610 2334 845 2389 interitu
872 2349 982 2388 non
1015 2334 1182 2387 alieni
1212 2333 1420 2387 ferrent
1484 2334 1783 2387 necessita-

190 2438 326 2481 tem.
370 2426 686 2495 Septimum
709 2424 861 2495 quod
894 2436 951 2480 et
972 2426 1150 2480 soumi
1173 2440 1453 2490 excessus,
1486 2435 1543 2479 et
1572 2425 1784 2479 excisio

190 2528 386 2583 cusuc,
421 2531 555 2571 sunt
582 2517 786 2571 indicia
820 2524 877 2571 et
901 2526 1225 2585 argumenta
1265 2517 1451 2572 carnis
1478 2516 1785 2571 materialis

185 2621 245 2664 et
278 2625 310 2663 e
357 2618 509 2663 terra
554 2608 771 2677 genitze,
820 2615 885 2660 ut
926 2624 1049 2677 qua:
1077 2610 1259 2662 locum
1308 2624 1419 2663 non
1458 2610 1698 2663 habeant
1726 2607 1782 2661 in

189 2695 501 2751 immortali
544 2706 762 2751 natura.
790 2693 1079 2760 Octavum,
1106 2698 1150 2751 si
1186 2713 1383 2767 expers
1421 2698 1667 2752 materia:
1727 2707 1783 2752 et

189 2792 567 2857 incorporeus
607 2796 726 2841 erat
774 2787 943 2842 homo
982 2798 1111 2843 ante
1140 2788 1598 2853 inobcdientiatn,
1644 2805 1782 2857 quo-

188 2880 359 2933 modo
381 2877 614 2932 dicitde
636 2887 788 2931 costa
818 2892 885 2931 ex
911 2894 980 2931 eo
1012 2889 1234 2947 sumpta
1271 2896 1285 2932 :
1311 2879 1422 2933 Hoc
1446 2896 1586 2932 nunc
1628 2896 1683 2933 os
1717 2895 1782 2933 ex

184 2969 394 3022 ossibus
460 2969 611 3029 meis,
664 2977 713 3019 et
742 2983 868 3020 caro
908 2984 973 3021 ea:
1021 2985 1182 3022 carne
1236 2970 1392 3023 mea?
1422 2970 1677 3034 Nonum,
1732 2972 1777 3025 si

187 3055 437 3109 Christus
469 3055 678 3108 dicitur
703 3056 952 3124 primitia:
977 3054 1025 3087 ⁸⁸
1049 3066 1098 3108 et
1138 3058 1515 3129 primogenitus
1540 3075 1603 3112 ex
1634 3076 1777 3113 mor—

1890 1969 2037 2013 terra
2074 1966 2180 2023 est,
2231 1959 2287 2013 in
2316 1970 2543 2022 terram,
2570 1958 2719 2028 quod
2748 1966 2935 2013 autem
2988 1975 3056 2013 ex
3086 1959 3199 2013 Deo
3245 1968 3350 2024 est,
3396 1960 3463 2013 ad

1884 2050 2058 2105 Deum
2091 2051 2298 2105 reverti
2343 2067 2357 2102 :
2392 2050 2845 2119 quandoquidem
2891 2064 2995 2104 nec
3043 2050 3159 2119 ipsa
3203 2055 3464 2105 universa

1883 2142 2133 2211 corporis
2174 2142 2417 2197 essentia
2452 2150 2537 2196 est
2569 2142 2779 2211 integre
2807 2160 2871 2196 ex
2902 2150 3069 2206 terra,
3089 2141 3186 2197 sed
3218 2158 3285 2198 ex
3315 2142 3463 2213 igne,

1883 2242 1942 2289 ct
1969 2249 2037 2288 ex
2063 2249 2213 2297 aere,
2246 2243 2302 2289 et
2324 2250 2489 2304 aqua.
2522 2234 2617 2289 Sin
2644 2243 2827 2287 autem
2849 2235 3016 2287 homo
3042 2244 3128 2289 est
3151 2235 3364 2304 integre
3398 2252 3463 2289 ex

1887 2335 2052 2392 terra,
2078 2326 2215 2381 nihil
2242 2327 2429 2381 dill‘ert
2452 2342 2483 2381 a
2515 2341 2643 2381 vase
2681 2326 2855 2390 ﬁctili,
2885 2336 2941 2381 et
2970 2327 3082 2397 jam
3130 2335 3317 2397 posset
3344 2327 3468 2396 qui-

1885 2416 2021 2472 libet
2051 2416 2249 2487 ﬁgulus
2278 2416 2488 2488 lingere
2509 2416 2786 2471 homines.
2823 2417 2929 2471 Sed
2964 2432 3147 2487 neque
3172 2417 3352 2472 factus
3380 2426 3468 2473 est

1883 2509 2028 2565 alius
2058 2508 2226 2563 homo
2257 2524 2325 2563 ex
2357 2518 2504 2563 terra
2529 2509 2638 2563 nisi
2664 2510 2817 2563 solus
2838 2507 3010 2562 Adam
3049 2516 3144 2562 :et
3173 2508 3466 2579 oportebat

1883 2599 1940 2653 in
1966 2599 2148 2669 ipsum
2186 2598 2367 2653 solum
2392 2598 2541 2653 ferre
2563 2598 2760 2652 mortis
2781 2596 3137 2662 sententiam,
3173 2608 3231 2653 et
3267 2613 3380 2652 non
3410 2598 3466 2652 in

1885 2691 2059 2745 ullum
2086 2690 2277 2745 alium.
2306 2690 2511 2745 Omnes
2534 2689 2682 2743 enim
2718 2704 2821 2744 nos
2852 2690 3110 2744 homines
3165 2704 3358 2745 sumus
3399 2706 3467 2745 ex

1882 2780 2226 2846 hominibus,
2271 2789 2330 2836 et
2364 2795 2477 2835 non
2525 2796 2592 2835 ex
2633 2790 2779 2835 terra
2817 2798 2828 2831 :
2882 2790 2937 2834 et
2969 2780 3206 2837 maxime
3240 2781 3347 2837 hoc
3396 2782 3466 2837 de

1881 2873 2113 2928 muliere
2140 2872 2251 2927 dici
2279 2888 2390 2927 non
2416 2872 2582 2925 habet
2612 2871 2817 2937 locum,
2838 2872 3103 2941 quoniam
3130 2872 3272 2927 facta
3293 2881 3379 2928 est
3398 2889 3466 2927 ex

1880 2966 2055 3020 latere
2080 2965 2207 3019 vitae
2228 2963 2292 3035 υ.
2328 2962 2457 3035 viri]
2482 2980 2495 3015 :
2527 2973 2584 3019 et
2607 2973 2888 3034 oporteret
2914 2964 2965 3019 ei
2992 2963 3213 3020 dicere:
3240 2964 3393 3020 Costa
3412 2982 3465 3021 es

1880 3059 2129 3120 hominis,
2146 3066 2193 3110 et
2211 3058 2280 3111 ad
2306 3064 2507 3111 costam
2529 3057 2954 3126 reverterimSed
2982 3074 3162 3129 neque
3186 3061 3464 3126 volucres,

188 3149 293 3199 tuis
334 3148 382 3179 ⁸⁷
410 3155 498 3215 (ut
526 3146 621 3215 qui
660 3147 874 3215 primus
907 3148 1123 3203 scilicet
1149 3150 1505 3205 suscitaverit
1546 3152 1780 3207 sanetis—
1806 3179 1851 3239 α
1884 3148 1930 3203 si
1963 3159 2287 3219 spectentur
2308 3148 2478 3203 verba
2502 3147 2858 3213 Samaritani,
2881 3150 3145 3219 subjecta:
3162 3158 3293 3206 sunt
3315 3167 3466 3206 mor--

186 3236 398 3289 simum
428 3250 593 3288 suum
648 3250 850 3303 corpus
902 3236 971 3290 ab
1032 3236 1266 3291 interitu
1314 3238 1559 3292 alienqu
1588 3246 1645 3293 et
1675 3240 1780 3292 im-

186 3326 476 3393 mortale),
506 3327 786 3395 quomodo
829 3325 947 3379 ﬁeri
979 3336 1164 3395 potest
1200 3338 1278 3393 ut,
1308 3339 1605 3399 antequam
1635 3339 1782 3385 esset

186 3419 624 3489 primogenitus,
656 3417 837 3472 factus
881 3419 954 3473 sit
980 3418 1149 3474 homo
1202 3436 1233 3474 a
1285 3421 1397 3476 Deo
1428 3421 1483 3476 in
1529 3422 1782 3476 incorru-

188 3512 387 3581 ptione
410 3510 596 3564 carnis
626 3519 682 3565 et
706 3510 762 3562 in
790 3510 1246 3567 immortalitate?
1272 3514 1557 3568 Decimum
1591 3523 1779 3569 autem

185 3605 256 3657 ad
297 3606 455 3674 ipsos
504 3603 1043 3658 demonstrationem
1074 3605 1207 3660 facit
1260 3606 1352 3660 ille
1384 3607 1568 3672 l’atcr,
1630 3606 1779 3660 illam

186 3696 508 3751 Servatoris
557 3712 750 3751 vocem
791 3697 860 3751 ad
920 3698 1253 3753 Saddueaaos
1293 3713 1416 3767 qua:
1442 3698 1598 3762 dicit,
1630 3699 1779 3768 quod

184 3784 282 3852 qui
312 3783 470 3854 digni
497 3785 669 3840 habiti
708 3787 918 3843 fuerint
951 3786 1087 3841 illud
1138 3786 1399 3840 saeculum
1431 3787 1676 3855 assequi,
1724 3794 1781 3840 ct

184 3873 341 3929 illam
404 3890 475 3930 ex
527 3879 766 3934 mortuis
838 3878 1327 3942 resurrectionem,
1367 3896 1532 3948 neque
1588 3897 1778 3934 uxores

183 3968 412 4030 ducunt,
447 3983 542 4021 nec
589 3969 791 4023 nubunt
816 3970 881 4024 ⁸⁸.
930 3969 1122 4038 Neque
1174 3968 1322 4023 enim
1356 3969 1594 4037 amplius
1637 3972 1778 4025 mori

184 4068 450 4128 possunt.
483 4058 540 4113 Si
569 4075 702 4130 ergo
727 4077 839 4116 non
868 4069 1102 4131 possunt
1134 4061 1275 4114 mori
1304 4076 1431 4114 cum
1463 4062 1577 4115 sint
1612 4062 1666 4116 in
1694 4063 1780 4117 in-

182 4153 575 4222 corruptione,
605 4152 650 4206 si
687 4154 913 4222 quidem
958 4152 1239 4207 fabulatur
1289 4152 1578 4222 Origenes,
1633 4155 1779 4222 quod

184 4247 543 4317 resurgimus
571 4248 708 4302 tales
729 4256 930 4303 natura
944 4245 1218 4316 corporis,
1241 4245 1423 4315 qualis
1452 4253 1576 4300 erat
1604 4246 1778 4300 Adam

183 4351 315 4395 ante
340 4341 869 4411 transgressionem.

255 4430 371 4485 Sed
426 4430 782 4485 manifestum
815 4438 901 4485 est
943 4430 1238 4500 Origenem
1274 4445 1478 4500 negare
1526 4445 1780 4486 resurre-

180 4522 433 4575 ctioncm
465 4520 669 4585 carnis,
697 4528 755 4575 et
793 4520 920 4575 ideo
943 4520 1122 4574 nudas
1150 4535 1215 4574 ac
1242 4520 1389 4574 solas
1413 4535 1536 4575 esse
1565 4521 1778 4576 animas
1812 4515 1855 4572 D

180 4627 284 4666 nos
308 4620 371 4665 et
401 4610 697 4676 Adamum,
723 4612 947 4681 quando
968 4611 1152 4666 factus
1174 4612 1303 4677 fuit,
1336 4613 1504 4682 impie
1554 4613 1777 4667 fabula-

183 4713 297 4767 tur,
334 4712 401 4757 ut
446 4719 570 4772 qua;
632 4713 823 4758 essent
856 4714 985 4759 ante
1021 4719 1243 4774 corpus.
1295 4708 1476 4773 Atque
1502 4704 1598 4773 qui
1637 4704 1778 4760 dicit

179 4795 433 4863 quidem,
459 4796 538 4849 ait
571 4796 690 4865 ipse
714 4795 1050 4861 Mcthodius,
1082 4796 1486 4866 prot0plastum
1514 4795 1775 4851 habuisse

179 4902 390 4958 corpus
426 4887 643 4943 ﬁrmius
671 4904 736 4943 ac
760 4889 923 4960 longe
950 4891 1173 4953 melius,
1204 4890 1353 4959 quod
1393 4891 1646 4946 ordinem
1676 4891 1775 4946 ha-
1824 4952 1827 4957 ,

182 4980 357 5034 bebat
384 4980 780 5035 intermedium
804 4981 950 5036 inter
976 4982 1265 5035 interitqu
1303 4992 1361 5036 et
1408 4983 1778 5053 incorruptio-

180 5090 333 5136 nem,
371 5089 473 5128 seu
508 5076 867 5130 remotiorem
898 5076 967 5129 ab
986 5075 1252 5138 interitu,
1280 5076 1328 5130 is
1355 5077 1585 5131 minimc
1612 5077 1775 5133 abero

182 5164 414 5218 raverit.
450 5162 624 5218 Nobis
666 5166 815 5219 enim
846 5166 954 5220 hoc
998 5166 1292 5221 conﬁrmat
1335 5167 1778 5237 sapientissimus

181 5254 475 5317 Salomon,
498 5254 693 5310 dicens
733 5273 747 5310 :
768 5255 996 5325 Propter
1023 5259 1475 5327 incorruptionem
1498 5260 1617 5328 fecit
1639 5258 1777 5315 Deus

180 5345 453 5399 hominem
480 5344 527 5376 ”
564 5364 577 5400 :
613 5346 719 5402 hoc
750 5359 856 5412 est,
883 5348 1276 5403 intermedium
1309 5350 1454 5403 inter
1493 5350 1779 5405 iulluxibi—

183 5436 400 5490 litatetn
436 5446 494 5491 et
542 5437 776 5504 ﬂuxum,
835 5449 896 5494 ut
938 5450 1035 5494 aut
1061 5440 1130 5508 (si
1180 5440 1233 5494 id
1268 5442 1417 5510 quod
1464 5450 1549 5496 est
1576 5444 1777 5500 melius

181 5527 442 5596 elegerit,
466 5538 526 5581 ut
554 5528 777 5583 videtur
818 5529 987 5583 etiam
1011 5529 1284 5600 Gregorio
1315 5530 1619 5601 Thcologo)
1651 5549 1775 5602 pro-

183 5622 351 5677 cedat
371 5620 442 5674 ad
474 5621 779 5690 perfectam
833 5621 1305 5693 incorruptionem
1365 5626 1775 5685 etimntortali-

250 5809 375 5844 ⁸δ⁶⁸⁸
397 5810 590 5865 Matth.
616 5826 704 5870 xv,
744 5809 824 5863 Π.
901 5809 946 5842 ⁸⁸
974 5810 994 5865 Ι
1026 5809 1151 5865 Cor.
1180 5826 1267 5876 xv,
1294 5810 1383 5865 9.0.

1461 5811 1504 5843 ⁸⁷
1534 5811 1749 5870 Coloss.
1803 5829 1841 5882 t,
1872 5814 1954 5868 l8.

1886 3241 1947 3304 ti,
1985 3256 2165 3310 neque
2195 3242 2376 3310 pisces
2406 3258 2419 3294 :
2457 3256 2569 3295 non
2600 3240 2748 3295 enim
2774 3243 2887 3296 nati
2911 3250 3039 3296 sunt
3068 3258 3137 3298 ex
3173 3253 3340 3307 terra,
3369 3242 3464 3298 sed

1881 3345 1949 3385 ex
1978 3331 2157 3399 aquis.
2193 3329 2483 3398 Quomodo
2506 3340 2693 3385 autem
2737 3348 2863 3386 cum
2897 3332 2951 3386 in
2980 3343 3254 3403 prmcepto
3291 3334 3466 3390 dixis-

1881 3433 1970 3477 set
2004 3424 2150 3478 Deus
2174 3423 2385 3478 homini
2412 3441 2425 3477 :
2457 3423 2575 3489 Qua
2623 3436 2801 3479 autent
2822 3426 2906 3479 die
2956 3426 3283 3479 comederitis
3307 3441 3371 3479 ea;
3396 3426 3464 3480 li-

1881 3533 1985 3587 gno
2008 3518 2352 3586 cognoscendi
2377 3515 2572 3570 bonum
2596 3524 2646 3570 et
2672 3516 2897 3581 malum,
2926 3527 3092 3572 morte
3126 3520 3464 3575 moriemini:

1883 3607 1975 3661 hic
2004 3608 2060 3661 in
2094 3607 2274 3677 pomis
2305 3607 2537 3662 omnino
2566 3622 2675 3662 non
2716 3608 3030 3663 nominavit
3076 3618 3333 3675 mortem,
3365 3610 3463 3666 sed

1884 3699 2285 3764 reversionem,
2313 3699 2507 3755 dicens
2537 3716 2551 3753 :
2576 3699 2741 3754 Terra
2771 3717 2849 3765 es,
2892 3708 2940 3752 ct
2971 3701 3022 3754 in
3047 3710 3244 3755 terram
3290 3718 3465 3755 rever-

1882 3795 2031 3847 teris.
2069 3793 2154 3847 'l‘u
2174 3793 2355 3848 solum
2390 3792 2606 3849 redibis
2628 3801 2686 3848 et
2718 3794 3020 3848 reverteris
3051 3793 3105 3848 in
3149 3804 3375 3859 terram,
3406 3804 3463 3850 tu

1880 3886 2060 3951 solus,
2082 3902 2194 3940 non
2219 3887 2389 3941 etiam
2420 3887 2644 3941 mulier.
2679 3886 2953 3953 Quoniam
2995 3902 3130 3957 ergo
3160 3903 3273 3945 non
3324 3887 3465 3941 dixit

1882 3978 2030 4033 Deus
2060 3994 2075 4032 :
2109 3978 2280 4033 Terra
2314 3978 2468 4042 estis,
2499 3988 2554 4033 et
2587 3978 2642 4032 in
2696 3988 2842 4033 terra
2890 3980 3243 4037 revertemini
3272 3997 3286 4033 :
3323 3996 3465 4049 quo-

1883 4071 2048 4125 modo
2083 4071 2201 4125 illic
2230 4071 2603 4125 communiter
2643 4072 2906 4141 praecepit
2935 4090 2951 4129 :
2979 4070 3155 4127 Nolite
3176 4074 3462 4138 comedere,

1883 4177 1947 4214 ne
1971 4162 2280 4215 moriamini
2309 4163 2334 4215 ?
2371 4163 2440 4216 Et
2474 4179 2670 4217 rursus
2711 4163 2851 4218 dixit
2900 4165 3311 4218 communiter:
3346 4164 3464 4222 Μα-

1878 4252 2084 4307 sculum
2109 4262 2157 4306 et
2190 4253 2444 4322 feminam
2484 4255 2604 4324 fecit
2647 4272 2755 4319 eos,
2782 4268 2838 4311 et
2866 4256 3240 4311 communiter
3287 4256 3466 4310 domi-

1880 4344 2035 4399 nium
2060 4344 2311 4398 omnium
2354 4344 2510 4399 dedit
2542 4345 2647 4410 eis,
2680 4346 3054 4400 communiter
3095 4361 3277 4401 escam
3310 4347 3464 4415 prio-

1883 4450 2022 4499 rem,
2071 4443 2128 4489 et
2164 4435 2538 4491 communiter
2586 4436 2714 4489 vitae
2770 4435 3036 4508 degendae
3081 4436 3351 4490 rationem
3407 4438 3462 4491 in

1880 4528 2141 4597 paradiso
2178 4545 2191 4580 :
2233 4528 2606 4583 communiter
2659 4528 3029 4583 comederunt
3075 4544 3144 4584 ex
3196 4528 3367 4598 ligno,
3407 4538 3465 4582 et

1880 4619 2253 4674 communiter
2287 4620 2471 4674 visum
2495 4629 2831 4688 receperunt
2866 4636 2879 4672 :
2913 4620 3288 4675 communiter
3313 4621 3462 4676 fece-

1882 4717 2016 4763 runt
2071 4708 2433 4779 subligacula,
2479 4707 2852 4762 communiter
2910 4707 3212 4764 audierunt
3268 4724 3462 4766 vocem

1883 4802 1981 4858 Dei
2036 4800 2452 4858 deambulantis
2503 4800 2654 4856 sicut
2685 4800 2755 4856 de
2802 4817 2870 4855 co
2911 4801 3067 4870 prius
3109 4801 3371 4867 diximus,
3405 4813 3464 4859 et

1882 4893 2256 4949 communiter
2278 4892 2604 4955 timuerunt,
2627 4900 2683 4945 et
2710 4891 2876 4947 simul
2905 4892 3250 4949 delituerunt
3274 4908 3462 4963 :opor-

1882 4985 2033 5041 tebat
2060 4985 2234 5040 etiam
2267 4999 2365 5039 eos
2392 4984 2486 5053 qui
2515 4983 2702 5038 omnia
2730 4984 3103 5039 communiter
3125 4983 3379 5041 fecerunt
3405 4995 3463 5041 et

1879 5076 2027 5148 passi
2060 5084 2210 5140 sunt,
2251 5090 2603 5130 communem
2635 5084 2693 5130 et
2721 5075 2972 5130 eamdem
3011 5091 3043 5130 a
3066 5076 3179 5131 Deo
3208 5077 3460 5145 accipere

1879 5168 2210 5224 sententiam
2232 5183 2355 5238 qua:
2379 5168 2515 5222 dicit
2548 5166 2763 5221 homini
2793 5167 2957 5237 eique
2994 5167 3097 5223 soli
3129 5184 3143 5222 :
3192 5166 3355 5223 Terra
3384 5186 3457 5231 es,

1878 5272 1926 5315 et
1956 5263 2009 5315 in
2049 5273 2252 5314 terram
2278 5262 2570 5317 reverteris.
2598 5260 2701 5315 llic
2727 5259 2900 5323 enim,
2947 5260 2995 5315 si
3025 5259 3162 5314 mihi
3196 5276 3306 5315 non
3335 5276 3459 5313 sue-

1878 5360 2103 5406 censeat
2126 5352 2510 5407 Samaritanus
2539 5360 2597 5407 et
2628 5350 2874 5415 Judaaus,
2902 5366 3013 5405 non
3043 5351 3289 5418 loquitur
3314 5350 3459 5405 Deus

1878 5444 1947 5497 de
1974 5458 2083 5498 una
2122 5443 2340 5507 eadem,
2372 5443 2469 5497 sed
2498 5442 2568 5498 de
2589 5442 2827 5498 duabus.
2847 5442 2967 5498 Non
2994 5442 3143 5498 enim
3173 5451 3304 5496 tunc
3320 5441 3459 5495 dixit

1880 5534 2130 5590 homini:
2164 5535 2246 5588 Ea:
2285 5544 2429 5588 terra
2464 5551 2540 5599 es,
2589 5544 2638 5587 et
2666 5535 2719 5588 in
2755 5542 2956 5588 terram
2988 5535 3263 5587 reverteris
3288 5549 3306 5585 :
3335 5534 3454 5593 sed,

1880 5629 2039 5684 Terra
2062 5644 2137 5693 es,
2164 5638 2211 5681 et
2243 5630 2296 5682 in
2329 5638 2525 5682 terram
2559 5627 2856 5691 reverteris,
2886 5625 3049 5681 aliam
3075 5635 3132 5682 et
3157 5626 3318 5681 aliam
3347 5634 3457 5679 ter-

2034 5816 2079 5845 ⁸⁸
2109 5813 2242 5868 Luc.
2279 5828 2365 5877 xx,
2394 5810 2479 5865 55.
2560 5809 2603 5841 ’ν
2632 5810 2761 5880 Sap.
2800 5824 2836 5874 ι,
2876 5810 2956 5866 14.
