4186 6442
752 374 882 438 104Ἱ

1935 373 1997 432 8.
2056 371 2456 432 ANASTASII
2508 369 2832 431 SINAIT.'E

3878 361 4019 424 1058

747 488 1129 541 ramiunucns
1185 484 1254 540 Et
1281 485 1543 555 quoniam
1577 486 1797 540 videtur
1832 486 2020 539 multis
2055 485 2145 539 hic
2198 500 2326 538 sen-
2359 490 2402 541 A
2500 486 2773 552 Quoniam
2804 496 2951 553 ergo
2998 480 3297 536 didicimus
3355 477 3828 550 quemadmodum
3894 490 4019 529 ser-

743 596 840 633 sus
890 577 1065 630 durus
1117 583 1175 629 et
1223 584 1450 630 coactus
1479 616 1494 639 ,
1542 576 1588 630 si
1630 577 1872 640 videtur,
1922 577 2027 630 hoc
2084 575 2331 645 probabo

743 667 1034 736 exemplis.
1086 666 1364 723 Ponamus
1416 668 1587 721 Deum
1641 668 1829 722 dicere
1895 668 1996 737 ipsi
2051 668 2331 722 elemento

745 769 904 813 terra:
942 777 955 813 :
991 760 1114 814 Tibi
1148 760 1296 823 dico,
1329 775 1362 814 o
1410 769 1585 825 terra,
1635 770 1781 815 terra
1823 776 1883 815 cs
1917 772 1975 814 et
2010 760 2064 814 in
2124 771 2329 815 terram

746 850 1078 914 reverteris;
1109 864 1178 902 an
1211 863 1320 903 non
1354 849 1644 904 manifesta
1676 858 1759 904 est
1786 852 1987 916 oratio,
2018 852 2164 922 quod
2196 852 2334 905 ᾱίρὶι

745 940 814 994 de
839 939 1055 994 duabus
1090 939 1295 994 terris?
1324 938 1394 994 Et
1425 956 1619 996 rursus
1645 942 1688 995 si
1708 941 1859 996 dicat
1899 958 2058 1011 aqua:
2084 959 2095 994 :
2130 943 2199 996 Es
2222 942 2332 995 ele-

747 1042 1018 1096 mentum,
1033 1033 1165 1087 etad
1179 1035 1513 1087 elementum
1531 1035 1847 1100 reverteris,
1870 1044 1955 1087 est
1971 1035 2328 1103 perspicuum

747 1125 895 1193 quod
929 1125 1159 1181 dicitde
1181 1126 1401 1180 duobus
1430 1127 1740 1181 elementis.
1789 1127 2059 1181 Similiter
2089 1126 2255 1179 etiam
2283 1125 2329 1179 si

747 1217 951 1272 dixerit
979 1218 1216 1287 angelo:
1248 1218 1319 1272 Es
1345 1217 1585 1287 angelus,
1614 1228 1662 1272 et
1695 1220 1765 1272 ad
1803 1218 2053 1289 angelum
2100 1228 2330 1272 reverte-

749 1311 842 1373 ris,
868 1309 1201 1376 significavit
1231 1310 1391 1365 nobis
1449 1310 1589 1365 duos
1615 1311 1877 1381 angelos:
1912 1311 1987 1365 ita
2019 1312 2185 1365 etiam
2234 1328 2334 1366 nor

752 1401 910 1463 illud,
946 1402 1105 1455 Terra
1132 1419 1205 1464 es,
1238 1410 1286 1453 et
1327 1404 1382 1455 in
1419 1411 1621 1456 terram
1654 1404 1951 1467 reverteris,
1996 1419 2221 1459 .:ccc.ssc
2246 1416 2334 1461 cst

752 1493 1126 1563 intelligamus
1175 1493 1340 1548 aliam
1391 1500 1447 1549 et
1498 1495 1663 1549 aliam
1696 1504 1922 1560 terram,
1956 1506 2012 1550 et
2061 1498 2230 1551 alium
2278 1508 2335 1553 et

750 1586 920 1639 alium
966 1586 1162 1650 Adam,
1219 1595 1277 1640 et
1327 1587 1490 1641 aliam
1522 1596 1580 1641 et
1616 1589 1777 1642 aliam
1827 1589 2220 1653 reversionem,
2277 1598 2335 1644 et

750 1679 919 1732 alium
942 1689 997 1733 et
1024 1679 1192 1732 alium
1223 1679 1483 1732 reditum.
1513 1679 1636 1733 llaec
1653 1680 1936 1733 disserens
1961 1680 2329 1743 Samaritano,

753 1778 805 1821 te
842 1768 1059 1821 ﬁdelem
1086 1768 1400 1836 prmmunii,
1434 1778 1495 1821 ut
1553 1769 1828 1839 intelligas
1860 1769 2013 1824 illum
2070 1772 2334 1840 spiritua-

2435 592 2572 647 pens
2603 574 2847 631 comedit
2874 584 3074 628 terram
3102 572 3366 627 omnibus
3391 570 3743 636 diebusjvita:
3774 582 3891 623 sua:
3919 583 3935 620 :
3967 574 4027 620 et

2434 684 2630 723 rursus
2655 667 2935 737 quomodo
2962 665 3214 720 Christus
3238 680 3360 719 eam
3392 662 3675 718 consumit
3720 671 3776 716 et
3813 675 4024 729 expur-

2431 773 2522 832 gat
2554 778 2679 816 cum
2717 762 2843 816 leno
2878 770 2934 814 et
2991 761 3166 829 spinis
3228 770 3285 814 et
3314 759 3537 813 tribulis
3567 777 3578 811 :
3603 758 3673 812 de
3710 766 3919 811 czetero
3954 770 4025 810 ne

2434 857 2655 921 timeas,
2678 870 2857 925 neque
2879 854 3100 908 dubites
3144 853 3353 908 referre
3389 854 3455 906 ad
3489 852 3669 921 ipsum
3727 851 4027 921 cogitatio-

2433 966 2558 1005 nem
2602 950 2824 1004 tuamin
2846 949 2951 1002 hoc
2975 947 3122 1018 quod
3146 948 3354 1000 dicitur
3386 966 3397 1000 :
3436 947 3724 1000 Maledicta
3770 955 3918 997 terra
3971 944 4027 995 in

2432 1044 2672 1115 operibus
2706 1044 2829 1097 tuis.
2860 1043 2964 1097 Et:
2993 1041 3055 1095 lu
3080 1040 3345 1093 doloribus
3376 1039 3606 1091 comedes
3643 1052 3781 1095 eam,
3802 1045 3860 1088 et
3896 1048 4028 1103 pur-

2433 1135 2587 1205 gabis
2614 1144 2876 1203 tanquam
2911 1133 3180 1187 Dominus
3218 1140 3422 1185 terram
3467 1130 3657 1198 populi
3699 1128 3802 1181 tui.
3846 1126 4027 1180 Audi-

2433 1229 2613 1282 vimus
2641 1230 2789 1282 enim
2821 1226 3118 1297 quamdam
3143 1225 3312 1280 etiam
3339 1224 3394 1276 in
3424 1222 3545 1290 ipso
3586 1229 3780 1275 sancto
3811 1218 4029 1288 Spiritu

2436 1320 2716 1374 tristitiam
2750 1328 2978 1389 propter
3031 1325 3319 1385 peccatum
3389 1313 3651 1373 hominis,
3685 1320 3747 1363 ut
3800 1310 4031 1379 quando

2433 1412 2570 1465 dicit
2591 1410 2795 1463 Paulus
2825 1427 2837 1461 :
2864 1408 2941 1462 Ne
2970 1408 3189 1460 tristitia
3218 1406 3455 1475 aﬂiciatis
3476 1402 3733 1473 Spiritum
3755 1410 4030 1460 sanctum,

2435 1505 2487 1557 iu
2527 1501 2842 1571 qugsiguati
2879 1501 3002 1551 estis
3029 1500 3083 1551 iu
3109 1499 3245 1550 diem
3264 1496 3638 1564 redemptionis
3654 1494 3724 1546 ’⁸.
3752 1491 3898 1546 Illud
3935 1506 4035 1543 au-

2437 1605 2585 1648 tem:
2621 1592 2815 1661 Spiuas
2854 1600 2902 1642 et
2942 1589 3163 1642 tribulos
3201 1588 3454 1659 producet
3486 1586 3597 1647 tibi,
3625 1584 3881 1654 apposite
3945 1582 4036 1636 in-

2435 1686 2721 1739 tellexeris
2746 1684 2815 1737 de
2839 1682 3062 1736 Christo
3087 1692 3145 1735 et
3162 1680 3444 1750 Synagoga
3476 1678 3665 1732 Israel.
3684 1676 4034 1731 Undectiam

2436 1774 2531 1828 tali
2554 1782 2714 1828 terra:
2746 1781 2878 1826 tunc
2906 1772 3148 1836 dicebat,
3184 1770 3408 1840 quando
3461 1770 3513 1823 ei
3561 1768 3833 1837 imposuit
3862 1781 4036 1820 coro-

751 1859 857 1911 lcm
881 1856 1151 1912 Adamum
1182 1857 1276 1925 qui
1310 1856 1449 1910 dixit
1479 1876 1490 1909 :
1526 1858 1636 1926 Ego
1677 1838 1755 1910 ex,
1774 1858 1938 1912 Patre
1970 1838 2124 1923 exivi,
2177 1868 2227 1913 et
2256 1876 2336 1913 re-

2440 1881 2561 1920 nam
2586 1882 2653 1919 ex
2680 1864 2858 1934 spinis
2890 1881 2902 1916 :
2940 1862 3253 1932 Exspectavi
3286 1863 3495 1915 vineam
3526 1876 3699 1913 meam
3731 1868 3789 1911 ut
3832 1859 4037 1928 faceret

751 1958 926 2002 vertor
953 1949 1023 2001 ad
1048 1948 1263 2003 Patrem
1290 1965 1461 2001 meum
1482 1949 1622 2000 "'9‘.
1655 1948 1875 2014 Qumret
1899 1958 2084 2003 autem
2109 1945 2335 2004 omnin'o

754 2039 1062 2107 spiritu-alis
1086 2047 1143 2092 et
1171 2038 1458 2093 studiosus
1487 2038 1712 2092 auditor
1743 2056 1755 2091 :
1802 2039 1859 2093 Si
1891 2040 2079 2093 omnia
2106 2047 2236 2093 sunt
2265 2039 2335 2095 de

753 2130 972 2184 Christo
998 2131 1151 2199 prius
1185 2128 1463 2199 descripta
1482 2140 1537 2183 ct
1574 2132 1807 2200 ﬁgurata
1846 2130 1902 2185 in
1935 2132 2075 2202 lege,
2111 2143 2172 2187 ut
2197 2133 2336 2189 dicit

757 2222 1071 2290 Apostolus,
1094 2221 1372 2290 quomodo
1401 2222 1568 2275 etiam
1600 2238 1759 2291 paena
1788 2223 1998 2277 Adamo
2054 2226 2336 2294 proposita

757 2324 937 2383 potest
959 2314 1024 2367 ad
1054 2314 1335 2367 Christum
1371 2313 1565 2368 referri
1596 2315 1979 2383 spiritualiter,
2010 2316 2064 2370 in
2091 2317 2224 2387 ipsis
2244 2335 2339 2373 so-

756 2406 825 2459 lis
857 2414 913 2459 et
938 2403 1104 2458 nudis
1137 2404 1389 2467 vocibus,
1418 2413 1476 2459 et
1504 2406 1740 2461 maxime
1767 2407 1924 2469 illud,
1961 2407 2243 2463 Maledicta
2262 2419 2338 2463 est

758 2506 899 2549 terra
932 2497 987 2548 in
1022 2497 1264 2565 aperibus
1313 2496 1457 2548 luis?
1491 2497 1779 2562 Quomodo
1838 2498 1957 2552 ﬁeri
1994 2508 2174 2569 potest
2195 2510 2256 2554 ut
2283 2502 2339 2555 in

755 2585 979 2640 Christo
1004 2586 1234 2640 omnino
1270 2586 1641 2657 intelligamus
1689 2589 2179 2644 maledictionem?
2230 2591 2339 2645 Ta-

759 2692 885 2733 mcn
908 2679 1170 2747 quoniam
1200 2678 1363 2746 paulo
1404 2687 1531 2732 ante
1572 2679 1887 2734 audivimus
1930 2680 2214 2736 Christum
2249 2682 2339 2735 di-

758 2777 973 2823 centem
1012 2770 1263 2838 serpenti
1327 2769 1717 2824 maledictione
1769 2787 1783 2824 :
1839 2772 2055 2826 Terram
2105 2775 2340 2828 comedes

759 2860 997 2914 omnibus
1022 2861 1199 2915 diebus
1226 2862 1347 2916 vitm
1375 2871 1499 2926 tute,
1531 2862 1637 2917 hoc
1659 2872 1764 2927 est,
1795 2873 2093 2920 terrestres
2120 2875 2179 2920 et
2227 2882 2341 2919 ma-

761 2952 984 3006 teriales
1013 2961 1071 3006 ct
1130 2953 1358 3008 limosos
1387 2970 1587 3009 sensus
1611 2957 1844 3023 peccati.
1892 2957 2084 3021 Cibus,
2138 2960 2339 3028 inquit,

762 3044 1035 3111 serpentis
1065 3043 1167 3097 fuit
1188 3044 1517 3100 maledictus
1542 3052 1598 3099 et
1624 3046 2033 3102 condemnatus
2061 3049 2116 3102 in
2149 3049 2341 3105 inell‘a-

764 3133 970 3187 bilibus
995 3132 1202 3187 Christi
1230 3135 1512 3204 operibus,
1543 3143 1607 3189 ut
1634 3145 1692 3189 et
1715 3152 1946 3207 serpens
1964 3147 2021 3191 et
2040 3140 2161 3209 ejus
2182 3140 2342 3195 cibus

761 3234 948 3279 essent
986 3225 1284 3279 maledicti.
1327 3226 1614 3292 Quomodo
1650 3228 1798 3283 enim
1824 3229 1984 3284 cibus
2010 3229 2219 3285 Christi
2257 3241 2343 3286 est

758 3318 997 3386 justitia,
1048 3319 1123 3372 ita
1177 3317 1344 3372 etiam
1380 3320 1660 3387 serpentis
1702 3322 1863 3377 cibus
1906 3331 1994 3376 est
2024 3333 2339 3394 peccatum.

766 3409 877 3464 Nec
905 3408 1127 3462 mireris
1153 3424 1281 3462 cum
1305 3408 1466 3464 audis
1495 3419 1701 3465 terram
1724 3412 2003 3467 nominari
2052 3422 2344 3468 terrestres

765 3517 965 3556 sensus
1000 3501 1233 3570 peccati,
1280 3501 1513 3556 audiens
1559 3501 1840 3582 Christum
1866 3520 1987 3559 eam
2018 3506 2183 3560 etiam
2238 3523 2341 3561 nc-

767 3594 982 3649 minare
1006 3593 1273 3647 mundum
1310 3593 1534 3662 quando
1577 3594 1713 3648 dicit
1753 3595 2083 3665 discipulis:
2116 3598 2209 3652 l'os
2241 3615 2344 3652 non

766 3688 888 3740 estis
907 3676 972 3739 e'a:
993 3684 1272 3750 mundo“,
1290 3685 1434 3739 sicut
1454 3700 1555 3755 ego
1589 3701 1699 3740 non
1729 3702 1851 3740 sum
1878 3703 1943 3742 ex
1968 3688 2175 3743 mundo
2204 3707 2217 3743 :
2241 3691 2346 3744 hoc

767 3789 873 3844 est,
893 3795 961 3832 ex
987 3778 1255 3846 sapientia
1285 3786 1506 3831 terrena
1535 3786 1592 3833 et
1618 3779 1916 3833 mundana.
1944 3780 2020 3835 De
2046 3796 2155 3849 qua
2176 3782 2343 3835 etiam

769 3874 966 3927 clamat
987 3872 1191 3925 Paulus
1218 3870 1500 3940 aliquibus
1538 3889 1550 3923 :
1584 3870 1758 3925 Nolite
1785 3889 1971 3941 sapere
1996 3882 2231 3938 terrena,
2255 3876 2347 3927 sed

768 3966 940 4035 sapite
967 3978 1199 4031 superna
1225 3963 1294 4015 ”.
1326 3962 1405 4016 Ita
1436 3962 1603 4016 etiam
1652 3963 1929 4033 Propheta
1960 3980 2062 4019 nos
2100 3965 2345 4034 idipsum

769 4059 950 4114 docet.
982 4054 1209 4108 dicens:
1235 4052 1297 4107 In
1315 4052 1589 4108 matutinis
1620 4056 1997 4124 iuter/iciebam
2032 4074 2211 4111 omnes
2236 4074 2349 4127 pec-

769 4159 977 4202 catores
1005 4154 1160 4199 terra:
1184 4145 1232 4178 “
1255 4162 1269 4198 :
1300 4145 1406 4200 hoc
1433 4154 1540 4209 est,
1564 4148 1913 4218 amputabant
1945 4165 2140 4205 omnes
2178 4151 2350 4206 malas

770 4237 1135 4306 cogitationes
1158 4236 1487 4305 irruptionis
1536 4239 1768 4306 peccati.
1797 4240 1873 4293 De
1918 4241 2122 4309 quibus
2157 4258 2350 4297 rursus

773 4330 1033 4384 admonet
1058 4345 1156 4384 eos
1185 4329 1281 4399 qui
1310 4330 1504 4384 vivunt
1532 4331 1585 4385 in
1624 4334 1887 4401 peccatis,
1929 4335 2121 4389 dicens
2156 4353 2170 4389 :
2201 4336 2349 4404 Deﬁ-

771 4423 915 4475 ciaut
955 4427 1253 4491 peccatores
1275 4437 1307 4472 a
1334 4429 1478 4473 terra
1507 4421 1575 4485 ’⁸,
1608 4422 1764 4490 quasi
1793 4422 2024 4487 diceret,
2049 4426 2123 4478 De
2148 4434 2348 4479 cmtero

2438 1975 2619 2022 uvam,
2649 1957 2765 2025 fecit
2795 1965 2967 2008 autem
2992 1956 3175 2024 spinas
3207 1961 3254 2006 et
3282 1951 3502 2005 tribulos
3534 1952 3602 2004 ".

2508 2048 2698 2103 Restat
2721 2056 2783 2102 ut
2815 2047 3109 2101 audiamus
3138 2045 3235 2100 Dei
3264 2044 3433 2098 verba
3459 2059 3581 2113 qua:
3624 2040 3899 2110 deinceps
3947 2055 4038 2094 se-

2438 2149 2689 2211 quuntur
2724 2140 2793 2194 ad
2841 2139 3186 2209 corporalem
3229 2148 3287 2192 et
3317 2136 3664 2206 spiritualem
3730 2133 4035 2188 Adamum.

2440 2232 2737 2303 Subjungit
2760 2232 2910 2285 enim
2960 2231 3153 2285 dicens
3194 2248 3206 2283 :
3252 2212 3320 2283 Et
3352 2228 3589 2281 comedes
3620 2226 3840 2278 herbam
3893 2225 4035 2294 agri,

2438 2326 2494 2378 in
2531 2325 2722 2377 sudore
2754 2323 2930 2376 cultus
2973 2323 3049 2373 tui
3078 2320 3314 2373 comedes
3364 2334 3555 2388 panem
3590 2327 3759 2370 tuum.
3803 2314 4041 2380 Quales

2440 2416 2508 2483 (si
2541 2416 2705 2470 modo
2726 2415 2795 2469 iis
2812 2430 2934 2484 qum
2960 2414 3106 2466 dicta
3132 2420 3262 2466 sunt
3293 2410 3457 2464 [idem
3485 2408 3713 2475 habeas)
3744 2405 4038 2476 quomodo

2440 2508 2645 2562 dixerit
2675 2508 2821 2561 Deus
2858 2506 3138 2559 hominem
3175 2503 3326 2557 vesci
3387 2500 3568 2554 tribus
3612 2499 3755 2552 cibis
3786 2516 3799 2551 :
3833 2512 4039 2566 nempe

2443 2600 2600 2669 prius
2628 2597 2855 2668 quidem
2889 2607 3070 2658 terra,
3122 2592 3368 2649 secundo
3404 2600 3587 2645 autem
3626 2587 3827 2647 herba,
3866 2589 4040 2640 tertio

2441 2707 2595 2753 vero,
2630 2704 2791 2759 pane,
2826 2688 3058 2758 prOprio
3084 2687 3211 2739 cibo
3234 2686 3505 2738 hominis.
3560 2682 3679 2735 Non
3714 2680 3867 2733 enim
3902 2678 4040 2731 dicit

2440 2783 2492 2837 ei
2520 2800 2534 2835 :
2563 2782 2628 2836 In
2658 2781 2925 2834 doloribus
2960 2779 3194 2832 comedes
3232 2785 3476 2838 terram;
3517 2788 3699 2842 neque
3755 2770 3829 2824 de
3860 2768 4039 2823 herba

2441 2874 2578 2929 dicit
2613 2891 2625 2925 :
2660 2872 2726 2926 Et
2767 2870 3027 2926 comedes
3058 2869 3290 2923 herbam
3341 2876 3513 2929 tuam,
3570 2864 3665 2918 sed
3708 2862 3817 2916 hoc
3852 2861 4041 2915 solum

2444 2965 2601 3036 ponit
2647 2965 2703 3018 in
2746 2977 2907 3032 pane,
2964 2961 3157 3014 dicens
3200 2976 3214 3013 :
3261 2958 3323 3013 In
3350 2957 3544 3012 sudore
3584 2954 3760 3008 vultus
3794 2952 4041 3005 comedes

2444 3070 2637 3123 panem
2666 3061 2810 3104 tuum
2844 3092 2857 3105 .
2894 3051 3024 3104 hinc
3054 3064 3155 3102 nos
3185 3047 3395 3101 docens
3425 3044 3571 3115 quod
3624 3052 3773 3097 terra
3806 3040 4038 3110 quidem

2369 3170 2412 3230 ο
2446 3140 2678 3195 rationis
2711 3141 2993 3212 particeps
3040 3148 3126 3194 est
3155 3138 3379 3209 proprie
3412 3136 3571 3189 cibus
3588 3131 3910 3230 serpentis,
3947 3130 4039 3200 qui

2446 3230 2777 3300 intelligitur
2801 3229 3144 3288 idololatria,
3175 3241 3342 3296 quam
3378 3225 3547 3279 etiam
3587 3223 3733 3276 Deus
3768 3233 4042 3273 exsecra-

2447 3331 2538 3377 tus
2571 3332 2658 3378 cst
2705 3331 2761 3376 et
2806 3320 3114 3377 maledixit.
3169 3317 3328 3373 Unde
3372 3316 3537 3371 etiam
3574 3324 3838 3381 tauquam
3879 3320 4043 3366 vetus

2446 3414 2553 3470 hoc
2611 3422 2668 3469 ct
2699 3414 2939 3484 primum
3005 3418 3314 3482 peccatum,
3359 3404 3730 3461 idololatrian]
3782 3403 4040 3471 inquam,

2446 3511 2691 3579 primum
2723 3507 2899 3577 ponit.
2942 3503 3124 3559 llerba
3160 3510 3346 3557 autem
3376 3508 3463 3555 est
3498 3513 3696 3568 expers
3729 3495 3973 3549 rationis
3987 3501 4044 3547 et

2446 3601 2729 3656 belluinus
2757 3600 2916 3654 cibus
2940 3606 3295 3668 peccatorum
3327 3592 3677 3647 inferiorum.
3706 3588 3879 3644 Panis
3906 3602 4043 3641 vero

2448 3702 2534 3747 est
2560 3692 2721 3746 cibus
2744 3690 3009 3755 hominis,
3032 3688 3127 3760 qui
3163 3687 3390 3758 quidem
3424 3684 3478 3738 in
3503 3682 3710 3738 sudore
3739 3689 3800 3735 et
3826 3679 4044 3733 labori-

2449 3782 2555 3837 bus
2602 3783 2863 3836 sumitur.
2920 3782 2989 3835 Et
3042 3780 3167 3835 ideo
3205 3778 3343 3832 dicit
3380 3777 3527 3831 Deus
3567 3776 3790 3843 (panem
3839 3770 4043 3825 dicens

2449 3877 2628 3929 solum
2692 3890 2814 3929 esse
2862 3873 3150 3944 proprium
3194 3867 3482 3939 hominis),
3527 3865 3776 3921 Comedes
3842 3879 4043 3933 parum

2450 3979 2599 4021 tuam
2621 3984 2639 4021 :
2668 3975 2859 4035 utpote
2887 3964 3037 4034 quod
3092 3961 3264 4017 herba
3295 3969 3354 4015 et
3384 3970 3535 4016 terra
3571 3958 3684 4012 sint
3715 3955 4045 4025 signiﬁcan-

2452 4060 2526 4114 tia
2549 4057 2764 4127 peccati
2792 4065 2849 4111 et
2878 4052 3206 4125 impietatis.

2520 4154 2696 4209 Aliter
2727 4168 2858 4222 ergo
2920 4151 3009 4204 illa
3066 4147 3347 4205 consumit
3397 4145 3655 4202 Christus
3711 4144 3942 4212 (nempe
3978 4157 4045 4196 ea

2450 4247 2643 4301 delcns
2675 4255 2731 4299 et
2781 4243 3004 4313 penitus
3035 4239 3406 4308 interimens),
3440 4245 3500 4292 et
3546 4235 3710 4290 aliter
3744 4233 4044 4303 proprium

2451 4354 2649 4410 panem
2687 4335 2933 4390 comedit
2982 4331 3319 4387 sanctissimi
3350 4329 3436 4384 sui
3473 4327 3747 4397 corporis,
3786 4340 3923 4378 eum
3948 4340 4048 4379 ex-

2451 4443 2697 4500 purgans
2735 4436 2791 4481 et
2823 4424 3105 4480 comminu
3122 4438 3242 4485 ens,
3274 4421 3640 4483 etdeilieans,
3681 4427 3739 4472 et
3783 4417 4045 4471 interitui

771 4511 1034 4567 recedant
1074 4518 1396 4580 peccatores
1422 4520 1717 4579 apeccato.
1776 4512 1853 4566 De
1883 4528 1996 4581 quo
2038 4514 2209 4568 Deum
2249 4531 2347 4583 ap—
2380 4505 2426 4561 D
2453 4535 2565 4573 non
2598 4516 2900 4571 obnoxium
2932 4514 3191 4577 reddens,
3214 4522 3272 4567 et
3301 4526 3575 4565 renovans
3611 4509 3777 4564 etiam
3808 4523 3881 4562 ex
3922 4511 4045 4578 ipsa

771 4602 940 4673 pellat
966 4602 1192 4656 dicens:
1231 4601 1495 4671 Exsurge,
1521 4601 1683 4663 Deus,
1695 4604 1881 4671 judica
1905 4613 2105 4657 terram
2122 4606 2207 4673 ἐς
2246 4606 2353 4660 hoc

768 4702 876 4757 est,
900 4694 1220 4749 Condenma
1246 4703 1513 4749 terrestre
1554 4704 1864 4764 peccatum,
1895 4696 2042 4765 quod
2081 4704 2165 4751 est
2193 4698 2354 4753 cibus

768 4797 824 4841 et
852 4795 1105 4854 sumptus
1134 4787 1438 4856 serpentis,
1466 4787 1588 4855 ejus
1613 4786 1991 4841 condenmans
2016 4787 2261 4842 scholam
2278 4804 2350 4845 ne

767 4887 1023 4932 versetur
1065 4878 1122 4932 in
1163 4887 1283 4933 toto
1308 4893 1531 4948 genere,
1563 4878 1659 4932 sed
1698 4878 1877 4948 ipsum
1909 4880 2258 4935 abscondens
2294 4890 2353 4937 et

769 4971 954 5038 potius
987 4969 1040 5022 in
1077 4969 1323 5023 cinerem
1352 4968 1610 5039 redigens
1642 4978 1703 5023 ut
1741 4970 1807 5024 ad
1846 4970 2083 5024 nihilum
2124 4972 2342 5041 rediga-

770 5069 878 5112 tur.
929 5058 1012 5113 Tu
1059 5059 1209 5113 enim
1244 5059 1383 5113 Deus
1414 5070 1587 5114 noster
1636 5076 1697 5115 es
1739 5062 1872 5130 ignis
1931 5072 2239 5117 consumens
2272 5064 2339 5116 ".

765 5151 1020 5207 Christus
1057 5161 1241 5206 autem
1292 5167 1415 5206 cum
1457 5153 1528 5206 sit
1556 5153 1721 5218 Deus,
1754 5153 1905 5207 venit
1930 5154 1997 5208 ad
2025 5155 2340 5224 jaciendum

2454 4610 2697 4670 unione;
2727 4608 2823 4663 sed
2854 4607 3020 4660 etiam
3046 4605 3143 4659 illo
3176 4613 3423 4673 tempore
3442 4616 3554 4670 quo
3574 4600 3737 4654 sudor
3760 4602 3878 4669 ejus
3918 4599 4043 4654 vul-

2451 4708 2534 4754 tus
2556 4702 2724 4770 factus
2751 4709 2825 4753 est
2842 4706 3101 4768 tanquam
3116 4705 3278 4767 gutta!
3296 4694 3593 4764 sanguinis,
3619 4693 3845 4761 quando
3867 4692 4043 4746 etiam

2451 4790 2673 4845 dicebat
2730 4804 2789 4843 se
2823 4803 2946 4843 esse
2977 4789 3190 4842 tristem
3254 4799 3429 4855 usque
3472 4785 3539 4838 ad
3567 4793 3805 4837 mortem
3832 4784 3871 4838 '.
3900 4784 4042 4839 Nam

2452 4890 2576 4951 post
2623 4883 2745 4952 ejus
2778 4890 3016 4935 mortem
3051 4878 3317 4947 deinceps
3343 4876 3558 4947 aufugit
3589 4874 3819 4930 tristitia
3858 4886 3921 4930 et
3938 4876 4042 4930 do-

2449 4974 2557 5036 lor,
2594 4973 2809 5043 aufugit
2830 4973 3161 5043 etgemitus,
3192 4985 3315 5040 qua:
3332 4977 3493 5023 erant
3516 4977 3643 5021 ante
3678 4966 4001 5036 passionem
4024 4985 4039 5020 :

2448 5074 2507 5120 et
2534 5081 2636 5135 pro
2677 5065 2760 5119 eis
2790 5074 2878 5120 est
2927 5064 3305 5119 introductum
3338 5060 3600 5131 gaudium
3656 5068 3713 5113 et
3748 5058 3949 5113 laetitia
3983 5070 4043 5114 et

2448 5155 2780 5221 exsultatio,
2808 5164 2866 5209 et
2892 5155 3261 5223 incorruptio.
3300 5152 3482 5221 Atque
3514 5150 3752 5207 sudores
3802 5150 4040 5219 quidem

769 5244 951 5313 ignem
984 5244 1040 5297 in
1077 5254 1278 5297 terram
1338 5244 1559 5313 (nempe
1590 5246 1901 5312 peccatum)
1934 5252 1989 5299 et
2028 5244 2240 5308 fenum,
2287 5255 2347 5300 et
2442 5256 2503 5303 et
2523 5248 2765 5313 dolores,
2795 5256 2852 5303 et
2907 5247 3116 5310 herbae,
3150 5253 3207 5300 et
3244 5245 3439 5314 spinae,
3488 5252 3547 5299 et
3604 5243 3821 5307 tribuli,
3846 5253 3907 5297 et
3938 5244 4040 5297 tri-

766 5337 977 5408 spinas,
1002 5346 1060 5391 et
1097 5336 1351 5397 tribulos,
1380 5344 1437 5390 et
1455 5336 1690 5397 culmos,
1722 5346 1779 5390 ct
1804 5336 2012 5406 paleas,
2032 5343 2086 5392 et
2110 5338 2343 5401 zizania,

766 5438 1029 5500 tanquam
1053 5427 1343 5484 materiam
1366 5427 1954 5498 letusqueetgermina
1981 5427 2347 5485 inlertilitatis

765 5530 824 5577 et
844 5521 1078 5593 peccati.

840 5720 954 5753 ⁹⁶·”
976 5720 1135 5774 Joan.
1168 5737 1278 5780 xw.
1300 5720 1388 5777 28.
1450 5722 1497 5753 "
1530 5720 1687 5774 Joan.
1713 5736 1829 5780 vm.
1852 5720 1940 5775 25.
1999 5722 2044 5753 “
2065 5719 2371 5781 Coloss.m.
2402 5722 2456 5776 2.

770 5790 818 5820 "
871 5790 1030 5847 Deut.
1074 5806 1146 5854 iv,
1197 5791 1284 5844 ει.
1363 5789 1406 5821 ⁵⁸
1440 5790 1638 5859 Ephes.
1670 5806 1743 5852 ιν,
1781 5789 1866 5843 50.
1947 5793 1990 5823 ”
2026 5790 2129 5844 lsa.
2155 5806 2208 5843 v.
2249 5792 2300 5845 4.

2446 5340 2621 5403 stitia,
2665 5339 2852 5393 omnia
2884 5338 3174 5406 hucusque
3205 5334 3452 5401 fuerunt,
3483 5336 3664 5391 donec
3693 5344 3879 5390 morte
3901 5334 4041 5390 ade-

2446 5436 2571 5482 ctus
2610 5442 2872 5482 reversus
2903 5438 2988 5481 est
3026 5426 3082 5480 in
3102 5427 3381 5495 propriam
3416 5434 3619 5480 terram
3644 5439 3715 5480 ex
3745 5440 3857 5495 qua
3883 5440 4035 5479 sum-

2447 5531 2576 5592 ptus
2606 5528 2712 5586 est,
2742 5536 2811 5575 ex
2837 5535 2945 5591 qua
2975 5519 3141 5574 etiam
3175 5517 3283 5573 fuit
3319 5526 3636 5589 assumptus
3685 5531 3816 5571 cum
3852 5516 4036 5573 sancti

2533 5722 2581 5754 ”
2613 5721 2755 5777 Psal.
2785 5737 2834 5775 c.
2855 5722 2906 5775 8.
2978 5723 3021 5753 "
3049 5720 3189 5776 Psal.
3219 5735 3328 5775 cm.
3358 5719 3445 5773 '55.
3523 5719 3569 5751 ³⁸
3593 5718 3736 5775 Psal.
3766 5734 3950 5787 unt,
3971 5722 4033 5781 8.

2383 5791 2397 5822 ⁸
2432 5791 2565 5845 Luc.
2586 5807 2715 5854 xxn,
2746 5793 2831 5846 Η.
