4186 6442
182 393 326 458 lilii)

1305 403 1380 462 ΙΝ
1413 396 1933 462 llEXAEMEitON
1963 397 2105 458 LIB.
2132 398 2233 458 Χῐ.

3293 401 3431 470 1050

172 510 430 577 wrpnris
459 516 652 561 ηοιηη
688 523 719 559 ε
753 518 897 561 terra
942 508 1121 576 genita
1151 547 1164 568 ,
1200 517 1574 575 congruenter
1628 507 1750 558 voci
1790 514 1826 562 Α
1860 502 1993 557 Nam
2029 516 2082 558 et
2117 506 2170 558 in
2202 504 2312 559 Deo
2343 515 2396 559 ct
2439 506 2650 576 angelis
2681 517 2736 560 et
2770 508 2824 560 in
2877 507 3193 566 hominibus
3231 527 3432 582 conge-

173 617 297 667 qua:
328 602 376 653 ei
413 601 570 661 dixit,
603 599 763 654 Terra
798 617 872 662 es,
909 608 966 652 ιιι
991 599 1084 668 qui
1116 599 1192 652 sis
1221 602 1406 660 homo,
1428 609 1477 651 et
1509 600 1563 651 in
1593 598 1754 651 aliam

175 701 378 741 terram
435 690 710 741 reverteris
751 689 1071 740 emlestem:
1111 687 1162 738 in
1210 695 1408 739 terram
1454 686 1756 754 Spil‘iluulis

175 781 394 833 lsraelis
424 821 438 842 ,
498 795 636 832 vera:
681 789 882 831 nostra:
934 777 986 830 in
1047 777 1201 830 cmlis
1246 777 1660 843 promissionis,
1706 776 1756 828 in

177 884 386 925 terram
445 873 710 931 mitium.
756 871 808 922 in
865 879 1064 922 terram
1121 879 1405 931 sanctam,
1451 868 1504 921 in
1559 876 1756 920 terram

175 970 228 1015 et
302 962 582 1027 regionem
649 961 944 1014 viventium
1038 970 1092 1013 et
1189 961 1464 1012 civitatem
1540 958 1756 1011 Domini

175 1057 471 1118 virtutum,
545 1053 849 1108 Jerusalem
932 1054 1236 1108 caelestem.
1293 1053 1568 1119 Quoniam
1627 1065 1759 1118 ergo

177 1170 272 1220 per
312 1154 594 1206 mulierem
636 1154 838 1214 vitam,
875 1167 1039 1220 quam
1067 1167 1134 1203 ex
1181 1165 1282 1205 suo
1323 1150 1531 1219 peperit
1566 1149 1756 1210 latere,

177 1260 380 1296 somno
423 1244 636 1310 sopitus
667 1244 756 1310 qni
794 1252 1042 1294 naturam
1079 1242 1314 1295 viviticat
1338 1281 1353 1302 .
1396 1253 1448 1294 et
1481 1241 1559 1293 sic
1591 1254 1651 1292 ea
1677 1247 1761 1292 est

177 1346 441 1386 exsectus
462 1336 554 1401 qui
585 1335 753 1386 dicit:
796 1333 903 1403 Ego
936 1351 1050 1388 sum
1081 1336 1187 1387 vita
1211 1337 1262 1398 ¹;
1299 1335 1410 1386 hzec
1443 1331 1583 1386 facta
1609 1341 1753 1396 sunt,

175 1436 230 1478 ct
261 1427 416 1478 venit
447 1426 499 1477 in
534 1426 829 1489 mundum,
860 1436 910 1478 et
957 1441 1051 1495 per
1092 1426 1266 1493 ipsam
1313 1425 1565 1478 disSolvit
1602 1438 1758 1477 mor-

177 1525 310 1574 tem,
345 1522 400 1564 ct
433 1527 526 1580 per
560 1515 732 1580 ipsam
769 1515 1061 1567 vivitieavit
1096 1515 1182 1567 illa
1224 1514 1465 1582 gentium
1497 1513 1757 1566 animalia

178 1621 302 1672 qua:
331 1607 383 1656 in
419 1607 732 1672 paradisum
773 1607 838 1658 ad
876 1608 1050 1674 ipsum
1091 1609 1301 1660 fuerant
1347 1606 1675 1667 introducta,
1707 1615 1760 1658 et

179 1712 275 1764 per
303 1697 478 1762 ipsam
508 1698 802 1750 vivitieavit
836 1708 1084 1750 mortuos
1114 1714 1177 1750 ex
1213 1699 1425 1757 inferis,
1457 1707 1511 1749 et
1540 1699 1757 1750 mortali

180 1796 393 1838 natura:
423 1787 588 1838 vitam
622 1798 706 1840 est
742 1789 1002 1856 largitus:
1033 1804 1098 1842 ea
1134 1789 1201 1840 de
1240 1804 1403 1841 causa
1444 1799 1498 1841 et
1541 1804 1755 1857 poenam

1860 595 1969 648 nita
1991 605 2073 650 est
2110 597 2240 650 vita.
2285 595 2555 651 Existimo
2603 610 2785 652 autem
2844 607 2899 652 et
2948 613 3233 671 propterea
3284 605 3431 672 quod

1859 683 2100 738 Ecclesia
2132 687 2201 739 sit
2230 686 2526 738 multorum
2562 703 2820 756 generum
2869 696 2922 741 et
2955 692 3250 746 multarum
3299 710 3433 764 gen-

1860 783 2017 844 tium,
2049 781 2255 834 habens
2280 797 2439 835 suum
2467 796 2665 850 corpus
2696 790 2748 836 et
2782 783 3176 852 plenitudinem
3209 801 3273 840 ex
3317 788 3435 840 uni-

1859 888 2020 926 verso
2052 888 2246 939 genere
2286 873 2432 941 quod
2470 883 2554 927 est
2599 877 2702 928 sub
2749 876 2920 929 cmlo:
2971 877 3270 932 vindicavit
3325 880 3430 934 sibi

1860 980 2054 1017 nomen
2102 966 2340 1017 maxime
2404 968 2684 1034 generale:
2729 967 3009 1036 quomodo
3072 969 3161 1022 illa
3213 987 3434 1040 quoque

1860 1056 2123 1110 terribilis
2149 1066 2202 1109 et
2223 1060 2488 1125 stupenda
2521 1058 2692 1112 bestia
2731 1060 2872 1126 apud
2927 1061 3201 1116 Danielem
3240 1063 3281 1126 ⁸,
3314 1081 3435 1131 quze

1859 1158 2008 1202 caret
2059 1148 2302 1211 nomine,
2347 1157 2537 1202 etnon
2588 1151 2749 1202 habet
2794 1154 3072 1218 (tanquam
3104 1154 3302 1221 aliena)
3336 1169 3436 1206 no-

1860 1257 1983 1294 men
2011 1242 2343 1304 consistens,
2378 1253 2659 1309 propterea
2693 1244 2836 1311 quod
2887 1243 2999 1310 ipsa
3034 1261 3251 1313 quoque
3285 1248 3436 1313 prius

1859 1333 2134 1386 describat
2179 1347 2241 1384 ac
2276 1334 2470 1400 figuret
2515 1347 2738 1399 regnum
2791 1332 3163 1387 llonianorum
3196 1346 3248 1389 et
3279 1337 3438 1390 Chri-

1861 1424 2186 1473 stianorum.
2219 1421 2444 1486 Oportet
2473 1429 2653 1474 autem
2686 1431 2878 1489 praeter
2905 1423 3018 1478 haec
3039 1425 3220 1477 omnia
3258 1427 3441 1478 adver-

1861 1519 2006 1574 tere,
2055 1511 2334 1580 quomodo
2390 1511 2502 1565 h:ec
2575 1511 2879 1578 spiritualis
2948 1514 3150 1581 cnnjux
3211 1514 3438 1568 secundi

1861 1604 2075 1667 Adami,
2127 1619 2156 1657 a
2200 1603 2460 1657 deteriori
2499 1603 2718 1656 nomine
2757 1604 2986 1672 profecit
3035 1606 3087 1658 in
3132 1607 3347 1660 melius.
3381 1605 3439 1659 In

1861 1697 2130 1765 principio
2158 1696 2304 1748 enim
2343 1704 2532 1748 vocata
2565 1705 2648 1747 est
2682 1694 2873 1756 Costa,
2910 1704 2962 1748 ct
2993 1705 3140 1748 secta
3178 1712 3272 1750 seu
3299 1699 3440 1748 diri-

1862 1803 1954 1841 sa:
2000 1789 2362 1857 significante,
2412 1797 2469 1841 ιιι
2511 1789 2775 1852 arbitror,
2829 1788 2930 1841 hac
2971 1790 3346 1856 amputatione
3387 1797 3442 1844 ct

179 1880 378 1932 mortis
415 1879 584 1932 subiit
614 1895 788 1934 novus
819 1881 1015 1942 Adam.
1058 1889 1114 1934 et
1156 1896 1354 1934 nomen
1385 1896 1497 1933 sua:
1545 1881 1755 1941 uxoris,
1795 1861 1835 1914 Β
1868 1882 2140 1934 divisione
2168 1879 2529 1935 defectionem
2574 1896 2602 1932 a
2639 1880 2746 1933 Deo
2778 1897 2898 1949 quae
2929 1891 3044 1934 erat
3067 1882 3114 1934 ei
3154 1893 3437 1936 eventura.

180 1972 405 2039 (nempe
434 1969 711 2041 Ecclesizc)
765 1972 948 2039 posuit
991 1973 1156 2024 vitam
1211 1973 1470 2041 quoniam
1521 1971 1636 2039 ipsa
1677 1979 1761 2021 est

182 2075 362 2114 mater
382 2063 619 2112 omnium
656 2063 940 2114 viventium
990 2063 1030 2126 ³,
1073 2063 1399 2116 absconsam
1448 2061 1500 2112 in
1538 2059 1761 2113 Christo

180 2151 350 2204 vitam
407 2151 450 2204 ⁸.
521 2151 660 2206 llinc
724 2154 989 2206 docemur
1052 2169 1306 2222 magnam
1382 2150 1758 2205 admirabilem

184 2243 446 2297 Ecclesia:
474 2243 879 2312 gloriationem.
930 2245 1090 2298 [Data
1123 2255 1178 2298 et
1222 2256 1300 2298 ter
1328 2244 1484 2298 beata
1520 2253 1606 2296 est
1636 2259 1762 2311 spes

181 2345 234 2388 et
260 2336 313 2388 in
356 2336 528 2388 altum
570 2337 736 2389 elatio
770 2337 1234 2391 Clu-istianorum.
1271 2336 1405 2388 Nam
1435 2352 1528 2404 per
1555 2352 1616 2389 ea
1640 2352 1762 2405 qua:

183 2427 327 2481 dicta
363 2438 493 2481 sunt
526 2428 792 2484 discimus
824 2431 969 2498 quod
997 2446 1188 2483 omnes
1221 2430 1443 2497 reliqum
1477 2429 1608 2481 fides
1641 2445 1764 2496 qu:c

185 2535 311 2577 sunt
352 2527 407 2576 in
438 2525 643 2576 mundo
676 2531 806 2576 sunt
837 2532 1086 2582 mortuae,
1115 2533 1168 2573 et
1193 2531 1395 2573 matres
1420 2529 1761 2571 mortuorum

187 2615 515 2682 populorum
547 2622 601 2665 et
630 2617 897 2680 gentium,
941 2620 996 2661 ut
1029 2625 1152 2677 qua:
1183 2608 1234 2661 in
1261 2623 1319 2661 se
1351 2622 1457 2659 non
1491 2605 1765 2658 habebant

186 2721 306 2757 eum
341 2708 436 2773 qui
469 2705 622 2767 dicit,
665 2703 775 2771 Ego
806 2719 920 2754 sunt
957 2703 1086 2763 vita,
1133 2717 1308 2770 neque
1352 2707 1674 2768 regenerant
1711 2707 1766 2751 et

189 2797 467 2849 vivificant
498 2813 591 2864 per
619 2805 834 2848 uterum
869 2809 1024 2861 aqua:
1061 2801 1112 2844 et
1140 2793 1402 2862 Spiritus.
1441 2808 1571 2846 suos
1621 2792 1764 2845 filios

185 2901 234 2942 et
261 2889 527 2957 populos:
573 2888 668 2941 sed
693 2896 820 2940 sunt
848 2889 966 2939 sine
1001 2886 1213 2939 semine
1235 2926 1249 2949 ,
1285 2895 1338 2937 et
1371 2885 1544 2938 vidua.-
1594 2883 1763 2936 fontis

186 2983 327 3045 vim,
368 2996 478 3032 non
520 2979 765 3032 fruentes
798 2994 936 3046 aqua
967 2977 1085 3030 viva
1136 2986 1192 3030 ct
1231 2977 1459 3030 saliente
1507 2977 1558 3029 in
1595 2975 1762 3029 vitain

183 3084 305 3126 ειει
317 3087 469 3122 nam.

253 3162 389 3216 Sola
415 3176 546 3230 ergo
575 3161 693 3230 ejus
722 3160 960 3214 Ecclesia
998 3161 1202 3215 dicitur
1245 3170 1298 3214 et
1340 3159 1450 3212 vita
1491 3167 1545 3211 et
1588 3167 1764 3212 mater

183 3255 436 3306 omnium
473 3251 792 3304 viventium.
820 3250 884 3303 Et
927 3260 1210 3321 propterea
1252 3251 1371 3318 ejus
1412 3250 1577 3302 etiam
1629 3266 1765 3303 uxor

180 3355 260 3399 est
292 3356 510 3405 mater,
546 3357 656 3395 non
705 3351 1044 3395 mortuorum
1089 3343 1181 3396 sed
1209 3343 1444 3393 omnium
1482 3342 1765 3392 virentium

180 3438 468 3491 Christum
518 3449 699 3487 veram
748 3434 945 3498 vitam;
994 3445 1045 3487 et
1089 3433 1404 3501 quicunque
1452 3447 1519 3484 ex
1557 3447 1764 3486 canon

183 3530 457 3590 nascitur,
511 3538 592 3580 est
627 3535 880 3578 mortuus
925 3535 1166 3594 peccato.
1211 3524 1530 3593 Corporalis
1581 3533 1763 3576 autem

181 3621 389 3672 mulier
412 3618 605 3669 Adami
639 3617 968 3684 corporalis,
999 3632 1105 3669 non
1143 3628 1224 3669 est
1267 3625 1437 3668 mater
1469 3615 1763 3669 viventium

180 3714 272 3764 sed
318 3719 670 3763 mortuorum
723 3708 1030 3760 hominum.
1082 3706 1157 3760 De
1209 3709 1522 3761 hacautcm
1591 3718 1766 3760 matre

180 3804 489 3872 spirituali,
523 3817 630 3854 non
667 3802 799 3855 dicit
834 3801 978 3869 quod
1004 3800 1074 3852 sit
1111 3810 1283 3853 mater
1308 3801 1552 3852 omnium
1584 3799 1763 3850 homi-

183 3910 337 3956 num,
397 3892 493 3946 sed
544 3903 717 3944 mater
755 3892 999 3943 omnium
1043 3889 1385 3953 viventium,
1432 3899 1492 3942 ut
1531 3906 1651 3958 qua:
1697 3890 1766 3940 sit

183 3987 312 4049 vita,
353 3993 413 4039 et
447 4000 511 4038 ea
537 3985 606 4038 de
640 3999 808 4037 causa
852 3983 1079 4035 omnino
1119 3997 1228 4035 non
1265 3981 1566 4035 nominavit
1623 3982 1765 4034 Deus

183 4081 232 4132 in
281 4079 409 4147 ejus
446 4091 637 4145 pmna,
705 4084 975 4128 mortem:
1025 4074 1471 4144 quandoquidem
1515 4089 1638 4125 cum
1695 4074 1766 4125 sit

182 4173 288 4224 vita
323 4167 633 4222 secundum
659 4175 933 4228 naturam,
961 4175 1042 4218 est
1072 4165 1247 4218 aliena
1273 4165 1302 4217 ii
1334 4174 1529 4225 morte,
1552 4179 1765 4232 perma-

181 4277 318 4315 nens
349 4270 581 4312 artcrna.
616 4256 672 4310 Si
711 4266 892 4310 autem
927 4271 1012 4308 me
1061 4271 1208 4308 nunc
1239 4265 1395 4324 urget
1443 4253 1664 4308 Judams
1708 4264 1765 4308 ut

182 4353 488 4420 intelligam
513 4349 853 4418 corporalem
888 4347 1081 4400 Adami
1124 4362 1347 4399 uxorem
1385 4354 1611 4399 matiem
1644 4361 1764 4398 om-

181 4447 332 4498 nium
366 4440 671 4493 viventium
703 4457 715 4491 :
752 4453 977 4492 necesse
1001 4447 1085 4491 est
1109 4439 1336 4490 omnino
1366 4447 1423 4491 ut
1446 4439 1619 4491 dicam
1640 4453 1759 4490 eam

1873 1971 2073 2025 Deinde
2115 1980 2236 2040 post
2284 1970 2386 2023 hoc
2421 1969 2688 2023 aediﬁcata
2729 1979 2783 2022 et
2825 1971 2876 2023 in
2936 1972 3130 2025 melius
3162 1973 3439 2026 excitata:

1869 2071 2152 2130 propterea
2184 2060 2412 2129 quodad
2433 2061 2617 2113 virum
2650 2059 2930 2113 Christum
2965 2061 3442 2130 appr-epinqnarit,

1869 2153 2140 2222 appellata
2185 2163 2270 2206 est
2324 2152 2540 2205 mulier.
2600 2151 2889 2206 Postremo
2949 2163 3133 2206 autem
3193 2155 3434 2208 OllllllUII'.

1869 2245 2137 2312 appellata
2170 2251 2253 2296 est
2291 2241 2414 2296 Vita
2439 2285 2453 2307 ,
2494 2253 2554 2295 ut
2596 2259 2717 2309 quae
2745 2259 2774 2295 a
2823 2254 2998 2298 morte
3049 2244 3347 2312 profecerit
3378 2247 3444 2300 ad

1870 2338 2059 2389 vitam.
2091 2334 2188 2387 Vir
2216 2346 2393 2388 autem
2426 2336 2546 2403 ejus
2586 2351 2693 2388 non
2737 2335 2832 2400 ita,
2867 2337 2958 2388 sed
3001 2351 3068 2389 ex
3103 2337 3312 2391 meliori
3348 2356 3447 2391 no-

1871 2431 2016 2482 mine
2045 2429 2244 2496 accipit
2274 2429 2446 2496 pejus.
2482 2428 2536 2480 In
2565 2429 2756 2496 primis
2804 2430 2948 2481 enim
2984 2429 3157 2482 Adam
3186 2447 3445 2498 magnum

1870 2522 2135 2571 honorem
2171 2529 2224 2571 et
2253 2518 2478 2586 gloriam
2509 2519 2770 2585 adeptus,
2813 2529 2872 2570 ut
2906 2521 2997 2587 qui
3029 2519 3100 2572 sit
3140 2521 3448 2587 appellatus

1872 2609 2052 2677 imago
2082 2617 2130 2662 et
2164 2608 2472 2662 similitudo
2509 2607 2599 2661 Dei
2627 2624 2640 2672 ;
2685 2608 2886 2662 deinde
2917 2619 3102 2676 postca
3145 2612 3448 2678 appellatus

1869 2708 1952 2752 cst
1997 2701 2196 2763 homo,
2252 2709 2305 2752 ct
2352 2711 2538 2769 postea
2584 2715 2776 2754 rursus
2824 2700 3036 2752 Adam:
3077 2711 3130 2754 et
3171 2713 3448 2769 postremo

1871 2791 2152 2855 omnium,
2207 2802 2388 2856 terra,
2441 2802 2501 2845 ut
2542 2807 2636 2860 pcr
2681 2792 2795 2845 hzcc
2844 2803 3030 2860 aperte
3065 2793 3342 2848 discamus
3395 2804 3450 2849 et

1870 2884 2190 2936 crudiamur
2225 2898 2568 2951 qumcunque
2597 2892 2726 2936 sunt
2759 2885 2811 2937 in
2851 2885 3207 2952 protoplasto,
3253 2885 3445 2939 referri

1871 2971 1937 3023 ad
1990 2970 2157 3024 Evam
2207 2970 2546 3033 Each-siam,
2593 2981 2646 3025 et
2695 2973 2965 3026 Adamum
3003 2975 3306 3029 Christum.
3359 2978 3450 3032 Sic

1869 3065 2014 3118 enim
2058 3080 2178 3116 cum
2219 3066 2269 3117 in
2304 3066 2569 3134 principio
2619 3075 2750 3119 esset
2786 3066 3038 3132 splendor
3091 3076 3140 3120 et
3173 3070 3451 3122 character

1871 3155 2181 3208 substantia:
2235 3157 2402 3223 ipsius
2427 3159 2445 3186 ⁷
2489 3158 2578 3209 Dei
2611 3158 3021 3226 inaspectabilis
3041 3201 3056 3224 ,
3085 3161 3313 3227 seipsum
3338 3162 3451 3214 crio

1821 3241 1838 3259 ⁴
1871 3245 2069 3295 nanivil
2114 3245 2247 3296 servi
2289 3245 2518 3310 formam
2574 3247 2832 3312 accipiens
2882 3248 2925 3310 ⁸,
2978 3257 3036 3300 ιιι
3085 3247 3328 3302 Ecclesia
3379 3266 3448 3304 ex

1870 3333 2217 3386 mendicitate
2257 3333 2534 3386 diceretur
2578 3335 2720 3388 vita:
2767 3337 2816 3388 id
2859 3336 3088 3400 effecta,
3141 3347 3194 3392 et
3226 3354 3289 3391 ex
3329 3339 3450 3406 ipso

1869 3423 2186 3486 nominata,
2232 3432 2285 3476 et
2330 3425 2384 3477 in
2435 3425 2574 3478 libro
2619 3427 2918 3481 viventium
2967 3431 3258 3485 collocata.
3309 3433 3446 3487 Nam

1868 3515 2014 3582 quod
2045 3516 2109 3568 ad
2145 3518 2385 3584 reliquas
2417 3517 2549 3571 fides
2578 3520 2770 3572 attinet
2797 3562 2809 3579 .
2859 3522 2926 3574 de
2962 3523 3044 3575 eis
3090 3523 3296 3577 dictmn
3326 3535 3445 3581 est:

1871 3606 2156 3659 Deletmtur
2172 3607 2234 3661 de
2257 3609 2394 3661 libro
2426 3611 2648 3663 virentiu
2673 3629 2725 3676 ιι,
2749 3612 2984 3666 filiorum
3020 3616 3228 3671 scilicet
3261 3617 3448 3672 Eccle-

1871 3700 1986 3760 διν,
2022 3701 2213 3753 matris
2253 3701 2572 3765 viventium,
2623 3715 2675 3757 et
2719 3707 3026 3773 cumjustis
3068 3724 3169 3761 non
3201 3711 3446 3763 scribun-

1873 3803 1960 3844 tur
1984 3794 2023 3846 τ’.
2060 3793 2281 3860 lnjusta:
2304 3795 2448 3846 enim
2483 3804 2613 3847 sunt
2646 3811 2766 3864 qua:
2805 3795 2973 3849 Deum
3009 3811 3363 3866 negaverunt,
3395 3817 3451 3856 et

1872 3885 2132 3951 iniustum
2183 3885 2441 3940 Satanam
2507 3888 2823 3958 elegerunt:
2873 3888 2958 3942 cui
3012 3891 3174 3944 etiam
3237 3893 3447 3948 cnhum

1872 3993 1966 4044 per
2016 3978 2156 4031 idola
2219 3979 2480 4032 exhibere
2542 3981 2898 4046 praetulerunt
2953 3984 3140 4038 relicta
3184 3983 3444 4041 Ecclesia.

1869 4068 1999 4132 Quae
2035 4068 2254 4136 quidem
2291 4079 2351 4121 ut
2380 4070 2506 4123 filiis
2535 4070 2842 4135 abundans.
2868 4083 2920 4127 et
2956 4090 3098 4142 sa-pe
3126 4075 3364 4144 pariens.
3394 4085 3449 4130 ct

1873 4159 2109 4213 fecunda
2139 4160 2328 4214 sobole
2350 4200 2365 4222 ,
2396 4169 2449 4214 et
2485 4163 2685 4217 multas
2731 4165 2936 4218 habens
2969 4181 3234 4236 personas
3255 4208 3270 4231 ,
3323 4168 3448 4221 tini-

1871 4252 2082 4303 versale
2113 4251 2194 4318 (ut
2239 4252 2309 4304 ita
2345 4254 2545 4320 dicam)
2591 4255 2753 4310 habet
2789 4272 3012 4324 nomen,
3044 4260 3188 4315 sicut
3216 4269 3300 4314 cst
3337 4263 3446 4315 vita

1871 4341 2216 4395 universalis.
2249 4341 2377 4410 Ejus
2409 4354 2593 4397 autem
2636 4347 2717 4400 vir
2751 4346 3002 4404 Christus
3037 4393 3052 4415 ,
3116 4361 3178 4405 ut
3224 4355 3314 4421 qui
3365 4366 3448 4409 est

1870 4433 2204 4500 unigenitus,
2231 4443 2285 4486 ct
2315 4451 2477 4488 unam
2510 4439 2715 4492 habens
2741 4455 3056 4508 personam,
3101 4461 3225 4498 cum
3264 4448 3334 4499 sit
3360 4448 3446 4499 in-

177 4550 298 4590 esse
329 4542 567 4586 matrem
595 4531 914 4600 angelorum
944 4548 956 4582 :
989 4545 1114 4581 nam
1154 4530 1227 4583 illi
1256 4531 1420 4583 etiam
1461 4531 1752 4598 plusquam
1795 4539 1837 4594 ι)
1868 4524 2123 4577 (ΙὶνὶιΙιιυε
2151 4566 2163 4587 ,
2212 4526 2375 4579 unius
2420 4542 2667 4594 persona:
2717 4529 3065 4599 hypostatico
3110 4536 3333 4590 nomine
3365 4549 3447 4592 est

179 4641 276 4682 nos
301 4633 439 4678 sunt
472 4623 733 4675 viventes.
765 4620 904 4686 Quid
936 4620 1106 4690 ergo?
1137 4620 1351 4689 inquit:
1381 4621 1620 4675 Ecclesia
1649 4629 1760 4674 est-

180 4734 242 4770 ne
275 4717 450 4770 etiam
483 4722 659 4766 mater
682 4709 1043 4780 angelorum?
1075 4709 1433 4779 Nequaquam
1460 4729 1472 4776 ;
1507 4712 1598 4765 sed
1627 4727 1760 4780 quo-

180 4810 328 4862 niam
366 4807 452 4858 vir
484 4805 606 4872 ejus
638 4814 720 4857 est
757 4818 947 4857 eorum
981 4811 1221 4868 creator,
1272 4802 1566 4872 adoptione
1594 4804 1757 4856 etiam

176 4899 380 4951 dicitur
402 4910 596 4949 eorum
625 4902 817 4946 mater.
845 4893 1114 4958 Quoniam
1133 4893 1281 4961 ipsos
1309 4894 1470 4947 etiam
1497 4893 1759 4960 fecitcjns

178 4985 688 5043 administratorios
736 4985 1004 5054 Spiritus,
1041 4984 1133 5052 qui
1173 4985 1458 5036 mittuntur
1490 4984 1557 5036 ad
1599 4986 1761 5037 mini-

179 5081 404 5134 sterium
438 5079 482 5142 ⁸,
515 5079 583 5130 ad
619 5093 739 5130 eam
776 5084 830 5130 et
859 5092 956 5145 pro
985 5090 1073 5130 eo.
1097 5074 1324 5144 Oportet
1354 5077 1498 5130 enim
1524 5092 1619 5129 eos
1649 5092 1763 5129 scr-

176 5174 296 5227 vire
359 5171 632 5238 adoptivze
678 5169 837 5222 matri
887 5178 941 5222 et
984 5168 1204 5236 conjugi
1258 5169 1359 5221 viri
1403 5169 1523 5236 ejus
1562 5177 1616 5221 ct
1667 5167 1760 5221 Dei

178 5266 455 5332 ipsorum.
490 5259 644 5314 Unde
672 5275 794 5313 cum
820 5261 1004 5313 omnia
1030 5260 1309 5313 contineat
1336 5270 1390 5314 et
1419 5262 1582 5321 vivat.
1621 5259 1764 5316 Deus

178 5353 445 5422 imposuit
466 5351 514 5404 ei
549 5365 743 5403 nomen
781 5350 1018 5403 maxime
1042 5351 1294 5419 generale
1321 5360 1375 5404 et
1397 5353 1758 5421 comprehen-

177 5449 354 5500 dens:
385 5458 509 5497 eam
540 5442 820 5510 appellans
844 5442 1049 5504 vitam;
1083 5441 1353 5510 siquidem
1385 5442 1490 5495 vita
1538 5458 1644 5495 non
1672 5452 1756 5497 est

177 5551 382 5592 nomen
411 5533 736 5605 personale.
780 5534 872 5586 sed
921 5533 1118 5586 uniens
1157 5541 1212 5587 et
1253 5534 1748 5603 comprehenderis.

245 5738 265 5766 '
298 5735 496 5792 lJoan.
523 5749 600 5794 ll,
627 5734 734 5798 25;
769 5733 852 5791 14.
880 5732 930 5786 6.
1015 5733 1034 5764 ³
1059 5731 1192 5787 Gen.
1253 5747 1336 5793 ιιι.
1371 5734 1462 5788 20.

177 5817 220 5873 ι.
249 5807 307 5864 δ.
378 5806 399 5837 ⁸
431 5804 666 5874 Philipp.
695 5819 754 5865 ιι,
783 5805 834 5856 6.
913 5805 933 5834 ’
961 5802 1107 5858 Psal.
1136 5818 1326 5867 uvm,
1360 5805 1448 5857 29.

1540 5735 1558 5764 ⁸
1581 5737 1793 5794 Coloss.
1857 5755 1935 5804 in.
1971 5742 2022 5795 5.

1870 4615 2204 4667 nominatus.
2230 4614 2405 4682 Atque
2429 4626 2669 4683 poteram
2698 4620 2916 4686 quidem
2953 4622 3040 4672 hic
3065 4639 3284 4693 quoque
3316 4642 3446 4679 con—

1868 4704 2091 4756 tendere
2135 4705 2400 4759 adversus
2451 4707 2898 4779 Samaritanum;
2937 4715 3029 4767 sed
3065 4719 3108 4768 si
3144 4720 3310 4771 multa
3355 4720 3442 4772 di—

1867 4809 2009 4857 cam,
2044 4797 2210 4848 timeo
2256 4798 2564 4852 satietatem
2601 4802 2939 4856 auditorum.
2985 4803 3101 4872 Ipse
3144 4807 3288 4859 enim
3317 4825 3444 4862 cor-

1868 4887 2106 4956 poralem
2152 4888 2346 4942 Adami
2395 4907 2618 4946 uxorem
2647 4891 2839 4948 dicens
2876 4905 2931 4949 et
2978 4897 3287 4965 intelligens
3319 4916 3442 4955 esse

1867 4989 2090 5031 matrem
2115 4981 2362 5035 omnium
2389 4984 2713 5049 viventium,
2755 4989 3065 5042 necessario
3105 4991 3186 5042 vel
3239 4994 3442 5046 invitus

1863 5070 2064 5122 fatetur
2094 5087 2218 5126 esse
2255 5074 2495 5128 viventes
2520 5079 2734 5131 animas
2767 5080 3084 5134 hominum:
3129 5083 3213 5135 sin
3257 5096 3439 5138 autem

1863 5163 1994 5216 dicit
2018 5165 2336 5230 morientes,
2394 5169 2562 5222 Deum
2629 5173 2870 5225 ostendit
2917 5189 3039 5226 esse
3096 5177 3437 5229 mendacem.

1863 5253 1980 5308 Non
2035 5255 2148 5322 jam
2194 5258 2468 5316 invenitur
2526 5264 2724 5317 mulier
2763 5274 2939 5317 mater
2991 5267 3290 5320 viventium
3344 5269 3439 5322 sed

1868 5365 2239 5419 mortuorum,
2293 5356 2356 5407 ad
2407 5356 2819 5409 similitudinem
2857 5357 3257 5426 jumentorum.
3303 5359 3438 5414 Nam

1866 5447 2007 5514 quod
2043 5448 2237 5501 attinet
2271 5447 2336 5500 ad
2382 5445 2824 5512 Samaritanum,
2868 5458 2922 5502 et
2973 5453 3128 5504 canis
3175 5461 3230 5504 et
3283 5452 3437 5505 asina

1861 5537 1970 5606 jam
2021 5549 2151 5592 sunt
2199 5552 2401 5594 matres
2467 5540 2716 5594 omnium
2777 5541 3116 5598 viventium:
3165 5544 3435 5614 siquidem

2105 5746 2123 5776 '
2145 5743 2306 5799 llehl‘.
2334 5761 2370 5808 I,
2399 5746 2481 5800 Η.

2560 5748 2578 5777 ⁸
2607 5747 2739 5802 Dan.
2797 5766 2888 5813 vn,
2936 5752 2956 5805 l
2992 5767 3143 5821 seqq.
3225 5755 3242 5783 '
3269 5753 3428 5808 llebr.
