4186 6442
746 395 876 463 1051

1952 395 2013 454 S.
2057 394 2454 454 ANASTASII
2494 398 2820 457 SINAITJS

3880 407 4010 469 1οἓςὲ

745 508 888 560 nulla
930 514 1013 558 est
1044 502 1352 557 dill‘ercntia
1382 502 1580 557 animm
1625 501 1879 557 animalis
1905 514 1959 557 et
1991 505 2187 557 auium:
2228 505 2324 558 lio-
2357 513 2397 567 A
2430 523 2615 561 sorum
2646 508 2775 579 [tegi
2817 509 3041 565 Christo
3065 511 3315 580 [glorianti
3355 515 3675 571 omittamus
3699 559 3714 583 ,
3760 535 3910 575 nunc
3958 538 4013 578 ιιι

744 600 932 653 minis.
983 598 1087 652 Sed
1120 598 1208 651 isti
1251 597 1472 666 quidem
1502 612 1658 650 suam
1694 598 1895 651 erroris
1947 599 2086 649 viam
2139 598 2319 666 ingre-

742 694 1005 747 diantur:
1041 705 1142 745 nos
1178 701 1362 745 autem
1393 690 1483 744 hic
1510 690 1713 743 librum
1752 692 2002 744 liuientes
2028 732 2044 755 ,
2102 691 2323 745 univer-

2426 615 2643 669 semper
2662 612 2717 655 et
2746 602 2798 654 in
2833 605 3033 657 szecula
3068 607 3417 662 saeculorum.
3474 611 3665 663 Amen.

750 911 3979 939 Μ

1300 1070 1648 1203 ΤΟΥ
1746 1063 2272 1199 ΑΓΙΟΥ
2379 1062 3450 1205 ΑΝΑΣΤΑΣΙΟΥ

1243 1302 1352 1357 ΕΙΣ
1389 1300 1533 1354 ΤΗΝ
1593 1298 2116 1354 ΠΝΕΥΜΛΊΊΚΙΙΝ
2153 1297 2525 1354 ΛΝΑΓΩΙἮΝ
2566 1300 2705 1354 ΤΟΥ
2757 1299 3178 1359 ΕΞΔΗΜΕΡΟΥ
3216 1306 3509 1360 ΚΤΙΣΕΩΣ

1751 1419 2141 1551 ίΛΟΙΟΣ
2217 1461 2989 1553 ΔΩΔΕΚΛΤΟΣ⁸.

1611 1820 2175 1951 SANCTI
2274 1822 3123 1958 ANASTASII

1264 2060 1342 2120 IN
1376 2058 1917 2121 SPIRITUALEM
1954 2059 2401 2122 ANAGOGEN
2431 2061 2971 2124 ΗΕΧΛΕΜΕΒᾸΞ
3004 2064 3490 2127 CREATIONIS

1732 2237 2081 2325 LIBER
2150 2229 3012 2333 ‘DUODECIMUS.

821 2587 970 2642 Fecit
1012 2600 1219 2655 quoque
1250 2582 1510 2636 Dominus
1556 2579 1697 2634 Deus
1724 2581 1855 2636 Atla:
1902 2592 1953 2634 et
1998 2582 2154 2634 iurari
2202 2582 2317 2651 ejus

2490 2582 2601 2636 Kal
2638 2583 2971 2649 ἐποιήσατο
3003 2586 3215 2655 Κύριος
3252 2590 3287 2643 ὁ
3315 2590 3458 2656 Θεὸς
3490 2589 3567 2655 τῷ
3586 2592 3769 2662 Ἀδὰμ
3803 2596 3902 2648 καὶ
3937 2597 4010 2664 τῇ

747 2682 955 2735 tunicas
986 2675 1258 2747 pelliccas,
1290 2684 1339 2727 et
1362 2673 1535 2727 induit
1567 2689 1654 2726 eos
1689 2685 1738 2726 ιι.
1766 2674 2000 2739 Quinam
2034 2674 2320 2742 verojudi-

744 2774 850 2827 cati
885 2769 961 2823 illi
991 2777 1045 2823 et
1076 2765 1448 2827 condemnati,
1479 2762 1567 2817 dic
1610 2777 1819 2831 quzeso,
1857 2764 1950 2831 qui
1994 2764 2062 2816 ab
2097 2764 2325 2817 inunor-

747 2865 949 2921 talibus
984 2860 1242 2914 manibus
1259 2856 1655 2925 omnipotentis
1690 2856 1805 2918 Dei,
1838 2856 2011 2909 instar
2040 2856 2191 2925 nupti
2217 2873 2317 2909 nu»

748 2968 962 3027 ptzeque
988 2952 1186 3013 induti,
1228 2950 1470 3011 deducti,
1507 2946 1685 3001 ornati
1722 2946 1790 2999 ad
1823 2962 1992 3001 novas
2026 2948 2187 2999 veluti
2222 2963 2323 2999 nu-

747 3053 889 3121 ptias
912 3042 1344 3111 comparantur?
1378 3056 1555 3109 neque
1578 3039 1722 3092 enim
1755 3039 2002 3092 mortalis
2032 3038 2176 3091 nllus
2206 3053 2321 3101 rex,

751 3158 927 3211 neque
961 3138 1187 3193 humilis
1222 3134 1476 3205 princeps
1508 3132 1747 3201 propriis
1776 3132 1892 3185 suis
1935 3130 2190 3184 manibus
2221 3131 2323 3183 bo-

748 3244 861 3289 stes
908 3248 1039 3287 suos
1083 3228 1303 3282 ornabit
1344 3226 1425 3279 vt-l
1476 3223 1757 3277 ornandos
1807 3222 1932 3275 aliis
1967 3222 2165 3275 tradet.
2213 3220 2326 3272 lmo

751 3326 936 3396 potius
984 3329 1181 3375 exutos
1230 3335 1326 3372 cos
1366 3324 1419 3369 ct
1467 3313 1751 3383 suppliciis
1800 3311 2024 3365 allectos
2066 3320 2119 3364 ct
2154 3310 2329 3363 nudos

751 3414 935 3473 currui
987 3412 1241 3481 religatos
1296 3408 1586 3462 traducens
1638 3405 2009 3474 triumphatos
2059 3402 2327 3455 incarce-

753 3524 867 3565 rem
907 3506 1179 3561 detrudet.
1240 3500 1429 3554 Nonne
1475 3498 1639 3565 igitur
1681 3497 1999 3567 mysterium
2052 3492 2214 3547 nobis
2237 3492 2331 3544 ali-

716 3584 897 3671 'quod
969 3595 1389 3665 subsigniﬁcare
1445 3592 1695 3644 ridentur
1758 3588 1959 3642 tunica:
2012 3586 2118 3641 illa:
2175 3584 2330 3653 pelli-

754 3695 901 3750 Cum?
961 3692 1289 3757 Quicunque
1337 3686 1483 3739 enim
1517 3699 1547 3737 a
1582 3680 1695 3737 Deo
1748 3681 1992 3735 induitur
2025 3688 2080 3733 et
2133 3678 2332 3748 tegitur

718 3790 725 3799 ‘
754 3789 809 3839 iu
837 3781 1163 3853 protection:
1200 3777 1296 3829 Dei
1326 3775 1439 3827 cwli
1468 3770 1881 3826 commorabitur
1914 3769 1961 3821 δ.
2003 3767 2212 3822 Nedum
2239 3768 2332 3837 ju-

753 3879 899 3933 dicio
927 3873 1199 3930 olmoxius
1229 3869 1402 3940 possit
1436 3865 1689 3920 inveniri.
1724 3864 1860 3917 Illud
1890 3873 2073 3917 autem
2105 3862 2197 3943 hie
2230 3878 2329 3915 uo-

756 3973 841 4027 bis
887 3945 1279 4022 attendendum
1309 3969 1413 4022 cst,
1450 3957 1729 4027 quomodo
1772 3954 1919 4009 brevi
1960 3954 2176 4009 duobus
2223 3954 2332 4009 illis

758 4064 901 4117 Deus
931 4062 1227 4119 diversam,
1264 4070 1417 4109 suam
1448 4052 1646 4119 cuique
1679 4049 1915 4117 legitime
1947 4048 2171 4102 multam
2204 4063 2333 4115 par-

764 4157 922 4215 titus,
954 4150 1142 4204 statim
1174 4144 1438 4214 mquali-m
1465 4141 1571 4193 illis
1598 4148 1650 4193 et
1684 4137 1940 4201 similem,
1972 4135 2334 4205 ejusdemque

758 4244 915 4315 pretii
965 4241 1221 4295 vestitum
1271 4234 1568 4295 concessit,
1601 4230 1757 4300 quasi
1801 4230 1854 4283 in
1889 4244 2052 4283 unam
2095 4228 2332 4282 animam

757 4333 1209 4404 conspirantibus
1238 4328 1573 4396 quihusdam
1606 4332 1661 4375 et
1689 4323 1743 4375 in
1778 4336 1947 4375 unum
1985 4320 2198 4389 jugum.
2234 4318 2338 4371 Ne-

762 4445 869 4496 que
895 4429 1043 4480 enim
1082 4437 1325 4477 consona
1353 4428 1437 4474 est
1466 4418 1554 4471 illa
1584 4416 1881 4478 connexio,
1932 4415 2201 4484 siquidem
2237 4430 2335 4483 par

761 4519 893 4573 illud
931 4517 1168 4570 divisum
1203 4523 1287 4567 est
1310 4527 1403 4580 per
1430 4506 1836 4563 accusationem
1876 4505 2005 4559 Adae
2056 4505 2330 4573 objectam

760 4628 789 4665 a
825 4611 955 4671 lleo,
993 4604 1141 4675 quod
1171 4602 1470 4655 audivisset
1501 4613 1685 4651 vocem
1717 4594 1926 4649 uxoris.
1957 4593 2123 4648 Ncl‘as
2151 4602 2333 4649 autem

761 4705 863 4757 finit
888 4716 1008 4755 eam
1036 4697 1113 4751 illi
1147 4710 1340 4750 rursus
1375 4692 1715 4760 conjungere
1758 4704 1882 4759 qua:
1909 4688 2010 4759 ipsi
2063 4698 2254 4743 auctor
2281 4698 2337 4744 ct

758 4810 926 4850 causa
967 4792 1145 4846 luerat
1176 4786 1582 4844 maledictionis
1629 4793 1684 4837 et
1713 4781 1927 4836 mortis.
1982 4779 2170 4851 Neque
2204 4795 2335 4835 vero

764 4885 1040 4942 maledicti
1073 4891 1201 4938 sunt
1236 4880 1475 4945 majores
1508 4875 1714 4938 nostri,
1750 4884 1808 4928 ut
1838 4872 2060 4942 quidam
2120 4882 2333 4941 putant,

758 4982 963 5050 quippe
988 4976 1064 5029 illi
1098 4989 1207 5027 non
1240 4980 1383 5041 post,
1412 4969 1505 5024 sed
1526 4978 1651 5021 ante
1678 4963 2138 5028 maledictionem,
2166 4981 2195 5018 a
2224 4963 2335 5019 Deo

762 5071 1017 5124 vestitum
1058 5068 1211 5121 illum
1264 5068 1617 5130 acceperunt,
1650 5057 1910 5128 pelliceas
1952 5056 2186 5111 tunicas.
2213 5055 2332 5113 Non

761 5161 909 5231 quod
962 5160 1103 5214 Deus
1143 5158 1267 5211 illos
1311 5165 1367 5209 et
1402 5155 1615 5222 absque
1664 5149 1866 5205 tunicis
1906 5148 2034 5204 vita:
2074 5149 2334 5207 indurare

834 5336 860 5363 ι
895 5320 1033 5376 ch.
1068 5335 1149 5385 ιιι,
1189 5318 1281 5373 Si.
1357 5317 1385 5357 ι)
1419 5316 1565 5374 Psal.
1596 5330 1684 5380 xc,
1720 5316 1765 5370 l.

2424 2675 2659 2742 γυναικὶ
2694 2674 2883 2729 αὑτοῦ
2911 2676 3165 2745 χιτῶνας
3195 2678 3586 2748 δερματίνους
3610 2700 3622 2711 ·
3665 2686 3765 2737 καὶ
3804 2688 4013 2744 ἐνέδυ-

2423 2781 2537 2818 σεν
2568 2769 2810 2832 αἱστιύς.
2845 2769 2956 2821 Καὶ
2999 2771 3142 2822 ποῖοι
3168 2762 3315 2825 οὗτοι
3347 2775 3649 2840 κατάδικοι,
3678 2777 3711 2846 ἦ
3743 2780 4015 2849 κατάκρι-

2422 2872 2524 2920 τοι,
2548 2856 2668 2907 εἰπέ
2709 2876 2822 2927 μοι,
2854 2860 2903 2912 οἱ
2934 2859 3038 2913 ὑπὸ
3065 2861 3354 2931 ἀχράντων
3384 2866 3477 2918 καὶ
3503 2865 3663 2920 Θείων
3691 2871 3895 2939 χειρῶν
3916 2871 4012 2923 τοῦ

2424 2948 2862 3018 παντοκράτορος
2896 2949 3054 3015 θεοῦ,
3091 2952 3246 3022 δίκην
3277 2955 3511 3024 νυμφίου
3544 2960 3639 3011 καὶ
3668 2958 3898 3030 νύμφης
3925 2962 4014 3013 ὲν-

2424 3038 2696 3106 δυὸμενοι,
2748 3041 2843 3093 καὶ
2893 3043 3274 3113 συναγόμενοι,
3322 3047 3418 3098 xui.
3466 3048 3862 3117 κοσμούμενοι,
3920 3067 4015 3106 και

2425 3130 2587 3181 οἱονεὶ
2630 3133 3194 3203 νυμφοστολούμενοις
3230 3135 3353 3191 οὔτε
3390 3138 3497 3209 γὰρ
3530 3139 3787 3208 βασιλεὺς
3831 3144 4012 3215 φθαρ-

2424 3219 2539 3285 τὸς,
2576 3221 2696 3273 οὐδέ
2731 3240 2815 3284 τις
2852 3223 3036 3294 ἄρχων
3063 3226 3290 3293 εὐτελὴς
3319 3230 3649 3299 κατάρξεται
3697 3234 3829 3296 τοὺς
3876 3236 4018 3297 ὅλως

2428 3314 2913 3383 προκεκρουκὸτας
2955 3316 3104 3386 αὐτῷ
3135 3318 3210 3387 (1)
3257 3319 3418 3382 ίδίαις
3468 3324 3656 3390 χερσὶν
3701 3325 3925 3379 ὲνόύσαι
3954 3328 4017 3379 τέ

2430 3417 2562 3453 ποτε
2584 3418 2598 3432 ο
2651 3402 2767 3454 ἀλλ’
2802 3402 2927 3456 οὔτε
2968 3405 3035 3457 δι’
3076 3406 3282 3478 ἑτέρων
3319 3410 3541 3479 χειρῶν.
3575 3412 3796 3466 Μᾶλλον
3830 3415 3889 3467 δὲ
3923 3418 4020 3468 ὲκ-

2428 3490 2616 3557 δύσας,
2670 3495 2765 3546 καὶ
2812 3496 3082 3562 κολάσας,
3137 3500 3234 3552 καὶ
3304 3503 3548 3571 γυμνοὺς
3591 3504 4021 3575 δια-πομπεύσας

2431 3580 2815 3653 θριαμϐεύσει,
2850 3588 2943 3640 κα)⁵
2984 3588 3042 3641 ὲν
3088 3590 3283 3661 εἱρκτῇ
3318 3594 3688 3649 κατακλείσει.
3721 3595 3944 3652 Οὐκοῦν
3970 3601 4022 3652 τί

2431 3690 2564 3728 ποτε
2597 3677 2727 3746 ἡμῖν
2757 3677 3041 3746 βούλονται
3083 3681 3179 3734 καὶ
3208 3684 3259 3737 ot
3292 3684 3517 3753 χιτῶνες
3549 3683 3695 3741 οὗτοι
3719 3726 3733 3749 ,
3765 3690 3819 3741 oi
3865 3691 4022 3759 λεγό-

2437 3783 2588 3833 μενοι
2639 3767 2978 3839 δερμάτινοι,
3015 3773 3322 3844 μυστήριον
3370 3777 3773 3847 ὑπεμφαίνειν;
3816 3781 3875 3835 Ὀ
3910 3783 4025 3852 γάρ

2436 3856 2539 3907 ὑπὸ
2567 3856 2701 3910 θεοῦ
2730 3859 3046 3930 ἐνδυόμενος
3070 3863 3163 3916 καὶ
3189 3866 3549 3936 σκεπόμενος,
3578 3870 3649 3923 ἐν
3676 3870 3882 3940 σκέπῃ
3914 3873 4025 3928 τοῦ

2437 3948 2585 4001 Θεοῦ
2616 3948 2724 4001 τοῦ
2751 3952 3013 4018 οὐρανοῦ
3041 3955 3515 4025 αὐλισθήσεταιο
3551 3961 3668 4015 ἀλλ’
3698 3963 3757 4014 οὐ
3792 3966 4027 4018 κατάδι-

2435 4053 2549 4099 κος,
2584 4037 2709 4090 οὔτε
2737 4042 3068 4113 κατάκριτος
3094 4046 3443 4115 γνωρίζεται.
3460 4050 3667 4104 Ἐκεῖνο
3694 4052 3750 4105 δὲ
3776 4057 4021 4110 ἐνταῦθα

2435 4128 2580 4195 ἡμᾶς
2624 4133 2950 4200 γενομένους
2990 4135 3403 4192 διασκοπεῖσθαι
3433 4142 3575 4212 χρήο
3605 4143 3725 4205 πῶς
3763 4145 4023 4217 βραχέως

2433 4220 2669 4291 διάφορα
2710 4225 2803 4277 καὶ
2843 4226 3278 4298 παρηλλαγμένα
3324 4235 3437 4294 τοῖς
3486 4232 3638 4287 δυσὶν
3666 4237 3696 4288 ὁ
3726 4236 3864 4301 Θεὸς
3919 4241 4027 4311 ἰδίᾳ

2436 4313 2529 4364 καὶ
2578 4316 2903 4386 ἀναμέτρως
2932 4319 3011 4388 τῷ
3043 4320 3387 4393 νομιζομένῳ
3412 4325 3668 4396 ἐπιτίμια
3697 4328 3845 4395 δοὺς,
3876 4337 4027 4404 παρ’

2435 4408 2576 4462 αὐτὰ
2608 4409 2820 4479 ὁμοίαν,
2852 4414 2944 4465 καὶ
2977 4414 3117 4484 ἴσην,
3150 4418 3245 4469 καὶ
3271 4418 3537 4490 ὁμότιμον
3564 4426 3676 4486 τοῖς
3705 4424 3864 4479 δυσὶν
3902 4430 4027 4482 σκέ-

2435 4515 2547 4569 πην
2598 4502 2915 4572 ἐχαρίσατο,
2957 4504 3035 4569 ὠς
3077 4507 3373 4577 ὁμοψύχοις
3418 4512 3530 4564 τισὶ
3574 4514 3672 4567 καὶ⁵
3721 4516 4025 4587 ὀμοζύγοις

2434 4591 2815 4660 τυγχάνουσιν.
2852 4595 2925 4647 Οὐ
2960 4596 3069 4666 γάρ
3114 4602 3399 4668 συμφωνεί
3435 4601 3576 4674 αὕτη
3620 4606 3654 4674 ή
3708 4608 3984 4678 συνάφεια
4007 4628 4020 4641 ·

2436 4683 2533 4734 καὶ
2554 4684 2585 4751 ἡ
2612 4682 2709 4752 μὲν
2728 4683 2857 4748 δυὰς
2882 4685 3065 4755 ἐκείνη
3096 4687 3311 4759 ἐτμήθη
3331 4692 3397 4758 τῇ
3420 4692 3677 4763 ἐγκλήσει
3707 4696 3806 4749 τοῦ
3826 4699 4023 4772 Ἀδὰμ,

2434 4776 2740 4847 τηρηθείσῃ
2775 4777 2925 4848 αὑτῷ
2970 4779 3076 4832 ὑπὸ
3126 4781 3288 4847 Θεοῦ,
3322 4783 3399 4847 ὠς
3432 4786 3731 4841 ἀκούσαντι
3770 4790 3879 4859 τῆς
3924 4812 4025 4861 γυ-

2436 4867 2642 4930 ναικός.
2667 4869 2740 4920 Οὐ
2774 4868 2883 4938 γὰρ
2911 4864 2978 4939 ἦν
3006 4869 3227 4940 θεμιτὸν
3255 4874 3419 4929 πάλιν
3445 4878 3680 4946 συνάψαι
3708 4880 3865 4951 αὐτῷ
3890 4884 4023 4939 ταύο

2434 4978 2536 5032 την
2556 4977 2569 4990 ·
2600 4963 2717 5030 εἴγε
2738 4965 3021 5029 ἐπίϐουλος
3045 4968 3194 5039 αὐτῷ
3221 4969 3411 5037 γέγονε
3438 4971 3535 5024 καὶ
3559 4973 3825 5043 πρόξενος
3852 4976 4026 5032 Θανά-

2433 5073 2526 5109 του
2548 5056 2646 5110 καὶ
2675 5057 2942 5128 κατάρας.
2973 5060 3049 5113 Οὐ
3075 5060 3277 5128 τοίνυν,
3310 5063 3454 5117 καθά
3476 5081 3622 5129 τινες
3644 5066 3879 5133 οἴονται,
3907 5074 4026 5125 ἑπι-

2431 5152 2738 5223 κατάρατοι
2771 5152 3063 5221 γεγόνασιν
3104 5155 3153 5207 οἱ
3203 5155 3582 5227 προπάτορες·
3631 5158 3758 5213 ἐπεὶ
3807 5160 3921 5217 οὐκ
3962 5165 4025 5217 ἂν

2267 5424 2496 5487 NOTAE.

833 5526 851 5543 '
887 5521 1079 5597 Editus
1108 5531 1192 5576 est
1216 5519 1394 5597 Lond.
1429 5518 1590 5597 1582,
1614 5519 1693 5597 ιζ,
1729 5533 1853 5571 cum
1884 5518 2139 5597 versione
2169 5525 2343 5597 et__ea-

768 5592 1156 5661 stigationibus
1207 5593 1438 5644 Androm
1478 5591 1708 5668 Dacerii.
1745 5598 1799 5668 e_t
1843 5589 2127 5655 pra-missa
2156 5589 2344 5668 edito-

770 5659 864 5713 1·ιεί
883 5678 1037 5714 ιιειιιι
1072 5677 1270 5715 suam
1290 5659 1730 5727 expostulatione
1757 5660 1823 5710 de
1840 5673 2134 5727 suppressa
2156 5659 2339 5711 incas-

771 5749 890 5783 sum
926 5750 954 5784 a
998 5732 1269 5797 tlumlogis
1299 5726 1510 5799 aliquot
1557 5728 1989 5806 Parisiettsiluts.
2013 5726 2064 5781 J.
2100 5728 2335 5797 (illusu-

770 5801 931 5857 stomi
974 5803 1040 5856 ad
1075 5797 1744 5855 Csesariumhmuaclium
1797 5797 2045 5866 epistola.

2518 5523 2594 5591 (l)
2631 5524 2777 5590 Τοὺς
2800 5528 3367 5595 προσκεκρουκότας
3398 5529 3578 5594 αὐτῷ.
3624 5528 3704 5585 Ita
3756 5548 3866 5587 ms.
3929 5537 4020 5592 s~d

2442 5603 2776 5669 certut_n_est
2812 5595 2912 5663 legi
2960 5598 3156 5669 debere
3189 5600 3313 5662 τοὺς
3349 5603 3833 5669 προκεκρουκὸτας
3869 5622 3885 5635 ·
3936 5610 4021 5658 lm-

2439 5672 2571 5737 stes,
2612 5664 2880 5737 inimicos,
2915 5667 3006 5733 qui
3036 5667 3088 5718 in
3124 5669 3357 5737 aliquem
3387 5664 3693 5736 (includunt,
3748 5664 3920 5730 υιίξιθ
3966 5677 4018 5732 in

2434 5733 2555 5801 ejus
2590 5734 2800 5798 odium,
2835 5735 3174 5791 inimicitiam
3216 5733 3519 5795 incurrunt.
