  <div class='ocr_page' id='page_1' title='image "/cluster/home/n/w/nwhite01/storage/ocr_20150623/89/nnc1.0046980172/556.png"; bbox 0 0 4186 6442; ppageno 0'>
   <div class='ocr_carea' id='block_1_1' title="bbox 142 401 278 464">
    <p class='ocr_par' dir='ltr' id='par_1_1' title="bbox 142 401 278 464">
     <span class='ocr_line' id='line_1_1' title="bbox 142 401 278 464; baseline 0.015 -2"><span class='ocrx_word' id='word_1_1' title='bbox 142 401 278 464; x_wconf 79' lang='lat'><strong>1061</strong></span> 
     </span>
    </p>
   </div>
   <div class='ocr_carea' id='block_1_2' title="bbox 1264 393 2295 460">
    <p class='ocr_par' dir='ltr' id='par_1_2' title="bbox 1264 393 2295 460">
     <span class='ocr_line' id='line_1_2' title="bbox 1264 393 2295 460; baseline -0.009 0"><span class='ocrx_word' id='word_1_2' title='bbox 1264 401 1343 460; x_wconf 66' lang='grc' dir='ltr'><strong>ΙΝ</strong></span> <span class='ocrx_word' id='word_1_3' title='bbox 1369 395 1893 460; x_wconf 76' lang='grc' dir='ltr'><strong>ΠΕΧΛΕΜΕΠΟΝ</strong></span> <span class='ocrx_word' id='word_1_4' title='bbox 1950 393 2097 454; x_wconf 82' lang='lat' dir='ltr'><strong>LIB.</strong></span> <span class='ocrx_word' id='word_1_5' title='bbox 2155 394 2295 453; x_wconf 82' lang='lat' dir='ltr'><strong>XII.</strong></span> 
     </span>
    </p>
   </div>
   <div class='ocr_carea' id='block_1_3' title="bbox 3271 397 3410 460">
    <p class='ocr_par' dir='ltr' id='par_1_3' title="bbox 3271 397 3410 460">
     <span class='ocr_line' id='line_1_3' title="bbox 3271 397 3410 460; baseline 0.007 -1"><span class='ocrx_word' id='word_1_6' title='bbox 3271 397 3410 460; x_wconf 72' lang='lat'><strong>106?.</strong></span> 
     </span>
    </p>
   </div>
   <div class='ocr_carea' id='block_1_4' title="bbox 134 503 1731 584">
    <p class='ocr_par' dir='ltr' id='par_1_4' title="bbox 134 509 1731 584">
     <span class='ocr_line' id='line_1_4' title="bbox 134 509 1731 584; baseline -0.004 -18"><span class='ocrx_word' id='word_1_7' title='bbox 134 517 309 578; x_wconf 71' lang='grc' dir='ltr'>δόξων</span> <span class='ocrx_word' id='word_1_8' title='bbox 339 513 684 584; x_wconf 71' lang='grc' dir='ltr'><strong>πραγμάτων</strong></span> <span class='ocrx_word' id='word_1_9' title='bbox 735 514 763 564; x_wconf 98' lang='lat'><strong>6</strong></span> <span class='ocrx_word' id='word_1_10' title='bbox 807 511 959 578; x_wconf 86' lang='grc' dir='ltr'>λόγος</span> <span class='ocrx_word' id='word_1_11' title='bbox 1007 511 1177 574; x_wconf 77' lang='grc' dir='ltr'>ἐστὶν,</span> <span class='ocrx_word' id='word_1_12' title='bbox 1212 509 1273 572; x_wconf 78' lang='grc' dir='ltr'>ἐξ</span> <span class='ocrx_word' id='word_1_13' title='bbox 1300 511 1500 579; x_wconf 79' lang='grc' dir='ltr'>ἐτέρων</span> <span class='ocrx_word' id='word_1_14' title='bbox 1534 509 1643 560; x_wconf 92' lang='grc' dir='ltr'><strong>τῶν</strong></span> <span class='ocrx_word' id='word_1_15' title='bbox 1673 510 1731 560; x_wconf 82' lang='grc' dir='ltr'><strong>ὲν</strong></span> 
     </span>
    </p>
   </div>
   <div class='ocr_carea' id='block_1_5' title="bbox 1834 503 3412 584">
    <p class='ocr_par' dir='ltr' id='par_1_5' title="bbox 1834 503 3412 575">
     <span class='ocr_line' id='line_1_5' title="bbox 1834 503 3412 575; baseline 0.006 -18"><span class='ocrx_word' id='word_1_16' title='bbox 1834 520 1997 575; x_wconf 86' lang='lat' dir='ltr'><strong>gnam</strong></span> <span class='ocrx_word' id='word_1_17' title='bbox 2026 520 2131 558; x_wconf 88' lang='lat' dir='ltr'><strong>non</strong></span> <span class='ocrx_word' id='word_1_18' title='bbox 2155 504 2391 558; x_wconf 80' lang='lat' dir='ltr'><strong>exivisse</strong></span> <span class='ocrx_word' id='word_1_19' title='bbox 2411 504 2670 558; x_wconf 81' lang='lat' dir='ltr'><strong>animalia</strong></span> <span class='ocrx_word' id='word_1_20' title='bbox 2697 503 2808 558; x_wconf 89' lang='lat' dir='ltr'><strong>illa.</strong></span> <span class='ocrx_word' id='word_1_21' title='bbox 2842 504 2958 561; x_wconf 91' lang='lat' dir='ltr'><strong>Una</strong></span> <span class='ocrx_word' id='word_1_22' title='bbox 2989 522 3115 562; x_wconf 90' lang='lat' dir='ltr'><strong>cum</strong></span> <span class='ocrx_word' id='word_1_23' title='bbox 3147 507 3264 565; x_wconf 85' lang='lat' dir='ltr'><strong>Noe</strong></span> <span class='ocrx_word' id='word_1_24' title='bbox 3285 523 3412 566; x_wconf 86' lang='lat' dir='ltr'><strong>ante</strong></span> 
     </span>
    </p>
   </div>
   <div class='ocr_carea' id='block_1_6' title="bbox 133 595 1731 676">
    <p class='ocr_par' dir='ltr' id='par_1_6' title="bbox 133 601 1726 676">
     <span class='ocr_line' id='line_1_6' title="bbox 133 601 1726 676; baseline -0.004 -18"><span class='ocrx_word' id='word_1_25' title='bbox 133 610 200 676; x_wconf 82' lang='grc' dir='ltr'>τῇ</span> <span class='ocrx_word' id='word_1_26' title='bbox 237 607 433 676; x_wconf 72' lang='grc' dir='ltr'>Γραφῇ</span> <span class='ocrx_word' id='word_1_27' title='bbox 463 605 800 674; x_wconf 77' lang='grc' dir='ltr'><strong>ἐγκειμένων</strong></span> <span class='ocrx_word' id='word_1_28' title='bbox 827 603 1036 672; x_wconf 77' lang='grc' dir='ltr'><strong>ἐλέγχω</strong></span> <span class='ocrx_word' id='word_1_29' title='bbox 1059 602 1219 654; x_wconf 89' lang='grc' dir='ltr'>πάλιν</span> <span class='ocrx_word' id='word_1_30' title='bbox 1242 601 1617 664; x_wconf 81' lang='grc' dir='ltr'>τδνΊουδαίον,</span> <span class='ocrx_word' id='word_1_31' title='bbox 1644 601 1726 652; x_wconf 76' lang='grc' dir='ltr'>ὅτι</span> 
     </span>
    </p>
   </div>
   <div class='ocr_carea' id='block_1_7' title="bbox 1834 595 3411 676">
    <p class='ocr_par' dir='ltr' id='par_1_7' title="bbox 1834 595 3411 669">
     <span class='ocr_line' id='line_1_7' title="bbox 1834 595 3411 669; baseline 0.004 -18"><span class='ocrx_word' id='word_1_32' title='bbox 1834 597 2115 661; x_wconf 79' lang='lat' dir='ltr'><strong>diluvium,</strong></span> <span class='ocrx_word' id='word_1_33' title='bbox 2135 596 2334 665; x_wconf 69' lang='lat' dir='ltr'><strong>smpius</strong></span> <span class='ocrx_word' id='word_1_34' title='bbox 2347 595 2493 648; x_wconf 89' lang='lat' dir='ltr'><strong>enim</strong></span> <span class='ocrx_word' id='word_1_35' title='bbox 2513 597 2642 651; x_wconf 91' lang='lat' dir='ltr'><strong>illud</strong></span> <span class='ocrx_word' id='word_1_36' title='bbox 2657 597 2870 668; x_wconf 76' lang='lat' dir='ltr'><strong>oggerit</strong></span> <span class='ocrx_word' id='word_1_37' title='bbox 2886 597 3411 669; x_wconf 87' lang='lat' dir='ltr'><strong>Scriptura,auima-</strong></span> 
     </span>
    </p>
   </div>
   <div class='ocr_carea' id='block_1_8' title="bbox 134 693 1725 768">
    <p class='ocr_par' dir='ltr' id='par_1_8' title="bbox 134 693 1725 768">
     <span class='ocr_line' id='line_1_8' title="bbox 134 693 1725 768; baseline -0.005 -17"><span class='ocrx_word' id='word_1_38' title='bbox 134 701 236 751; x_wconf 72' lang='grc' dir='ltr'><strong>οὐκ</strong></span> <span class='ocrx_word' id='word_1_39' title='bbox 270 699 496 768; x_wconf 80' lang='grc' dir='ltr'>ἐξῆλθον</span> <span class='ocrx_word' id='word_1_40' title='bbox 528 697 598 750; x_wconf 73' lang='grc' dir='ltr'>τὰ</span> <span class='ocrx_word' id='word_1_41' title='bbox 628 698 793 767; x_wconf 89' lang='grc' dir='ltr'>θηρία</span> <span class='ocrx_word' id='word_1_42' title='bbox 822 696 1014 750; x_wconf 78' lang='grc' dir='ltr'>ταῦτα.</span> <span class='ocrx_word' id='word_1_43' title='bbox 1053 694 1315 765; x_wconf 80' lang='grc' dir='ltr'>Εἰσῆλθον</span> <span class='ocrx_word' id='word_1_44' title='bbox 1351 695 1448 746; x_wconf 87' lang='grc' dir='ltr'><strong>σὺν</strong></span> <span class='ocrx_word' id='word_1_45' title='bbox 1475 693 1553 763; x_wconf 84' lang='grc' dir='ltr'>τῷ</span> <span class='ocrx_word' id='word_1_46' title='bbox 1581 693 1725 754; x_wconf 67' lang='grc' dir='ltr'>Νῶε,</span> 
     </span>
    </p>
   </div>
   <div class='ocr_carea' id='block_1_9' title="bbox 136 783 1730 858">
    <p class='ocr_par' dir='ltr' id='par_1_9' title="bbox 136 783 1730 858">
     <span class='ocr_line' id='line_1_9' title="bbox 136 783 1730 858; baseline -0.005 -17"><span class='ocrx_word' id='word_1_47' title='bbox 136 791 306 842; x_wconf 55' lang='lat' dir='ltr'><strong>si)“</strong></span> <span class='ocrx_word' id='word_1_48' title='bbox 343 789 524 855; x_wconf 85' lang='grc' dir='ltr'>λέγει,</span> <span class='ocrx_word' id='word_1_49' title='bbox 555 787 664 858; x_wconf 84' lang='grc' dir='ltr'><strong>πρὸ</strong></span> <span class='ocrx_word' id='word_1_50' title='bbox 689 787 782 840; x_wconf 80' lang='grc' dir='ltr'>τοῦ</span> <span class='ocrx_word' id='word_1_51' title='bbox 816 784 1202 854; x_wconf 73' lang='grc' dir='ltr'><strong>κατακλυσμοῦ</strong></span> <span class='ocrx_word' id='word_1_52' title='bbox 1232 786 1289 837; x_wconf 85' lang='grc' dir='ltr'>ὲν</span> <span class='ocrx_word' id='word_1_53' title='bbox 1317 787 1382 854; x_wconf 77' lang='grc' dir='ltr'>τῇ</span> <span class='ocrx_word' id='word_1_54' title='bbox 1415 783 1632 852; x_wconf 84' lang='grc' dir='ltr'>κιϐωτῷ</span> <span class='ocrx_word' id='word_1_55' title='bbox 1660 783 1730 834; x_wconf 74' lang='grc' dir='ltr'><strong>τὰ</strong></span> 
     </span>
    </p>
   </div>
   <div class='ocr_carea' id='block_1_10' title="bbox 134 873 1728 949">
    <p class='ocr_par' dir='ltr' id='par_1_10' title="bbox 134 873 1728 949">
     <span class='ocr_line' id='line_1_10' title="bbox 134 873 1728 949; baseline -0.004 -19"><span class='ocrx_word' id='word_1_56' title='bbox 134 880 304 949; x_wconf 74' lang='grc' dir='ltr'>θηρία</span> <span class='ocrx_word' id='word_1_57' title='bbox 339 880 435 932; x_wconf 75' lang='grc' dir='ltr'><strong>καὶ</strong></span> <span class='ocrx_word' id='word_1_58' title='bbox 485 877 553 929; x_wconf 72' lang='grc' dir='ltr'><strong>τὰ</strong></span> <span class='ocrx_word' id='word_1_59' title='bbox 603 879 807 947; x_wconf 79' lang='grc' dir='ltr'>κτήνη·</span> <span class='ocrx_word' id='word_1_60' title='bbox 856 875 951 928; x_wconf 76' lang='grc' dir='ltr'><strong>καὶ</strong></span> <span class='ocrx_word' id='word_1_61' title='bbox 1000 875 1306 944; x_wconf 87' lang='grc' dir='ltr'>γέγραπται</span> <span class='ocrx_word' id='word_1_62' title='bbox 1347 874 1442 925; x_wconf 80' lang='grc' dir='ltr'>καὶ</span> <span class='ocrx_word' id='word_1_63' title='bbox 1482 875 1514 944; x_wconf 82' lang='grc' dir='ltr'>ή</span> <span class='ocrx_word' id='word_1_64' title='bbox 1553 873 1728 936; x_wconf 78' lang='grc' dir='ltr'><strong>ἔξοδος</strong></span> 
     </span>
    </p>
   </div>
   <div class='ocr_carea' id='block_1_11' title="bbox 133 964 1731 1037">
    <p class='ocr_par' dir='ltr' id='par_1_11' title="bbox 133 964 1731 1037">
     <span class='ocr_line' id='line_1_11' title="bbox 133 964 1731 1037; baseline -0.003 -17"><span class='ocrx_word' id='word_1_65' title='bbox 133 970 320 1021; x_wconf 74' lang='grc' dir='ltr'>αὐτῶν</span> <span class='ocrx_word' id='word_1_66' title='bbox 376 970 474 1021; x_wconf 68' lang='grc' dir='ltr'><strong>σὺν</strong></span> <span class='ocrx_word' id='word_1_67' title='bbox 527 968 709 1037; x_wconf 79' lang='grc' dir='ltr'>αὐτῷ’</span> <span class='ocrx_word' id='word_1_68' title='bbox 743 968 834 1019; x_wconf 74' lang='grc' dir='ltr'><strong>καὶ</strong></span> <span class='ocrx_word' id='word_1_69' title='bbox 868 966 1099 1037; x_wconf 83' lang='grc' dir='ltr'>ἀριθμὸς</span> <span class='ocrx_word' id='word_1_70' title='bbox 1132 965 1290 1035; x_wconf 83' lang='grc' dir='ltr'><strong>ἐτέθη</strong></span> <span class='ocrx_word' id='word_1_71' title='bbox 1341 964 1481 1034; x_wconf 79' lang='grc' dir='ltr'>μετὰ</span> <span class='ocrx_word' id='word_1_72' title='bbox 1531 965 1731 1032; x_wconf 79' lang='grc' dir='ltr'>πολλῆς</span> 
     </span>
    </p>
   </div>
   <div class='ocr_carea' id='block_1_12' title="bbox 132 1057 1732 1132">
    <p class='ocr_par' dir='ltr' id='par_1_12' title="bbox 132 1057 1732 1132">
     <span class='ocr_line' id='line_1_12' title="bbox 132 1057 1732 1132; baseline -0.002 -20"><span class='ocrx_word' id='word_1_73' title='bbox 132 1065 234 1131; x_wconf 83' lang='grc' dir='ltr'>τῆς</span> <span class='ocrx_word' id='word_1_74' title='bbox 275 1062 583 1132; x_wconf 87' lang='grc' dir='ltr'>ἀκριϐείας.</span> <span class='ocrx_word' id='word_1_75' title='bbox 602 1061 836 1130; x_wconf 84' lang='grc' dir='ltr'>Ὁμοίως</span> <span class='ocrx_word' id='word_1_76' title='bbox 883 1061 979 1113; x_wconf 80' lang='grc' dir='ltr'>καὶ</span> <span class='ocrx_word' id='word_1_77' title='bbox 1029 1059 1130 1131; x_wconf 83' lang='grc' dir='ltr'><strong>τὴν</strong></span> <span class='ocrx_word' id='word_1_78' title='bbox 1179 1058 1357 1122; x_wconf 80' lang='grc' dir='ltr'>ἔξοδον</span> <span class='ocrx_word' id='word_1_79' title='bbox 1381 1059 1490 1110; x_wconf 92' lang='grc' dir='ltr'><strong>τῶν</strong></span> <span class='ocrx_word' id='word_1_80' title='bbox 1518 1057 1732 1128; x_wconf 80' lang='grc' dir='ltr'><strong>κτηνῶν</strong></span> 
     </span>
    </p>
   </div>
   <div class='ocr_carea' id='block_1_13' title="bbox 132 1150 1732 1223">
    <p class='ocr_par' dir='ltr' id='par_1_13' title="bbox 132 1150 1732 1223">
     <span class='ocr_line' id='line_1_13' title="bbox 132 1150 1732 1223; baseline -0.002 -18"><span class='ocrx_word' id='word_1_81' title='bbox 132 1155 229 1206; x_wconf 82' lang='grc' dir='ltr'><strong>τοῦ</strong></span> <span class='ocrx_word' id='word_1_82' title='bbox 255 1154 513 1223; x_wconf 70' lang='grc' dir='ltr'>’Λϐραᾶμ</span> <span class='ocrx_word' id='word_1_83' title='bbox 546 1155 639 1206; x_wconf 83' lang='grc' dir='ltr'><strong>καὶ</strong></span> <span class='ocrx_word' id='word_1_84' title='bbox 667 1153 760 1206; x_wconf 80' lang='grc' dir='ltr'><strong>τοῦ</strong></span> <span class='ocrx_word' id='word_1_85' title='bbox 793 1153 915 1206; x_wconf 83' lang='grc' dir='ltr'><strong>Λώτ</strong></span> <span class='ocrx_word' id='word_1_86' title='bbox 934 1167 948 1180; x_wconf 79' lang='grc'><strong><em>⁸</em></strong></span> <span class='ocrx_word' id='word_1_87' title='bbox 984 1152 1080 1204; x_wconf 71' lang='lat' dir='ltr'><strong>xui.</strong></span> <span class='ocrx_word' id='word_1_88' title='bbox 1111 1151 1346 1220; x_wconf 87' lang='grc' dir='ltr'>μάλιστα</span> <span class='ocrx_word' id='word_1_89' title='bbox 1378 1152 1480 1220; x_wconf 81' lang='grc' dir='ltr'><strong>τὴν</strong></span> <span class='ocrx_word' id='word_1_90' title='bbox 1507 1150 1602 1204; x_wconf 83' lang='grc' dir='ltr'>τοῦ</span> <span class='ocrx_word' id='word_1_91' title='bbox 1628 1150 1732 1202; x_wconf 84' lang='grc' dir='ltr'><strong>Ἰα-</strong></span> 
     </span>
    </p>
   </div>
   <div class='ocr_carea' id='block_1_14' title="bbox 137 1242 1734 1316">
    <p class='ocr_par' dir='ltr' id='par_1_14' title="bbox 137 1242 1734 1316">
     <span class='ocr_line' id='line_1_14' title="bbox 137 1242 1734 1316; baseline -0.003 -17"><span class='ocrx_word' id='word_1_92' title='bbox 137 1246 255 1299; x_wconf 83' lang='grc' dir='ltr'>κ”ὼϐ</span> <span class='ocrx_word' id='word_1_93' title='bbox 283 1248 553 1315; x_wconf 78' lang='grc' dir='ltr'>διηγεῖται</span> <span class='ocrx_word' id='word_1_94' title='bbox 590 1248 720 1316; x_wconf 82' lang='grc' dir='ltr'>ἡμῖν</span> <span class='ocrx_word' id='word_1_95' title='bbox 757 1247 790 1315; x_wconf 84' lang='grc' dir='ltr'>ὴ</span> <span class='ocrx_word' id='word_1_96' title='bbox 817 1243 935 1298; x_wconf 89' lang='grc' dir='ltr'>θεία</span> <span class='ocrx_word' id='word_1_97' title='bbox 970 1243 1160 1315; x_wconf 79' lang='grc' dir='ltr'>Γραφὴ</span> <span class='ocrx_word' id='word_1_98' title='bbox 1202 1245 1266 1297; x_wconf 79' lang='grc' dir='ltr'>ἐκ</span> <span class='ocrx_word' id='word_1_99' title='bbox 1305 1242 1734 1312; x_wconf 71' lang='grc' dir='ltr'><strong>Μεσοποταμίας</strong></span> 
     </span>
    </p>
   </div>
   <div class='ocr_carea' id='block_1_15' title="bbox 134 1336 1732 1408">
    <p class='ocr_par' dir='ltr' id='par_1_15' title="bbox 134 1336 1732 1408">
     <span class='ocr_line' id='line_1_15' title="bbox 134 1336 1732 1408; baseline -0.001 -20"><span class='ocrx_word' id='word_1_100' title='bbox 134 1337 444 1407; x_wconf 80' lang='grc' dir='ltr'><strong>γενομένην</strong></span> <span class='ocrx_word' id='word_1_101' title='bbox 465 1354 478 1366; x_wconf 85' lang='lat'><strong><em>°</em></strong></span> <span class='ocrx_word' id='word_1_102' title='bbox 511 1339 572 1390; x_wconf 87' lang='grc' dir='ltr'><strong>ού</strong></span> <span class='ocrx_word' id='word_1_103' title='bbox 611 1338 771 1408; x_wconf 86' lang='grc' dir='ltr'>μόνον</span> <span class='ocrx_word' id='word_1_104' title='bbox 801 1338 876 1401; x_wconf 82' lang='grc' dir='ltr'><strong>δὲ,</strong></span> <span class='ocrx_word' id='word_1_105' title='bbox 907 1337 1044 1390; x_wconf 86' lang='grc' dir='ltr'><strong>ἀλλὰ</strong></span> <span class='ocrx_word' id='word_1_106' title='bbox 1070 1338 1165 1390; x_wconf 80' lang='grc' dir='ltr'>καὶ</span> <span class='ocrx_word' id='word_1_107' title='bbox 1191 1337 1289 1408; x_wconf 82' lang='grc' dir='ltr'>τὴν</span> <span class='ocrx_word' id='word_1_108' title='bbox 1323 1337 1560 1406; x_wconf 84' lang='grc' dir='ltr'>ἄμετρον</span> <span class='ocrx_word' id='word_1_109' title='bbox 1591 1336 1732 1404; x_wconf 90' lang='grc' dir='ltr'>πλη-</span> 
     </span>
    </p>
   </div>
   <div class='ocr_carea' id='block_1_16' title="bbox 135 1429 1734 1501">
    <p class='ocr_par' dir='ltr' id='par_1_16' title="bbox 135 1429 1734 1501">
     <span class='ocr_line' id='line_1_16' title="bbox 135 1429 1734 1501; baseline 0 -21"><span class='ocrx_word' id='word_1_110' title='bbox 135 1429 234 1480; x_wconf 61' lang='grc' dir='ltr'><strong>οὖν</strong></span> <span class='ocrx_word' id='word_1_111' title='bbox 264 1430 378 1481; x_wconf 88' lang='grc' dir='ltr'><strong>τῶν</strong></span> <span class='ocrx_word' id='word_1_112' title='bbox 422 1431 576 1495; x_wconf 78' lang='grc' dir='ltr'><strong>ζώων</strong></span> <span class='ocrx_word' id='word_1_113' title='bbox 617 1431 728 1483; x_wconf 90' lang='grc' dir='ltr'><strong>τῶν</strong></span> <span class='ocrx_word' id='word_1_114' title='bbox 771 1432 868 1484; x_wconf 80' lang='grc' dir='ltr'><strong>σὺν</strong></span> <span class='ocrx_word' id='word_1_115' title='bbox 895 1431 970 1500; x_wconf 81' lang='grc' dir='ltr'>τῷ</span> <span class='ocrx_word' id='word_1_116' title='bbox 997 1430 1210 1501; x_wconf 79' lang='grc' dir='ltr'>Ἰσραὴλ</span> <span class='ocrx_word' id='word_1_117' title='bbox 1243 1430 1301 1496; x_wconf 85' lang='grc' dir='ltr'>ἐξ</span> <span class='ocrx_word' id='word_1_118' title='bbox 1338 1429 1616 1497; x_wconf 78' lang='grc' dir='ltr'><strong>Αἰγύπτου</strong></span> <span class='ocrx_word' id='word_1_119' title='bbox 1649 1429 1734 1492; x_wconf 77' lang='grc' dir='ltr'>ἐξ·</span> 
     </span>
    </p>
   </div>
   <div class='ocr_carea' id='block_1_17' title="bbox 136 1518 1734 1589">
    <p class='ocr_par' dir='ltr' id='par_1_17' title="bbox 136 1518 1734 1589">
     <span class='ocr_line' id='line_1_17' title="bbox 136 1518 1734 1589; baseline 0.003 -21"><span class='ocrx_word' id='word_1_120' title='bbox 136 1518 428 1571; x_wconf 81' lang='grc' dir='ltr'>ελοόντων.</span> <span class='ocrx_word' id='word_1_121' title='bbox 462 1521 570 1572; x_wconf 77' lang='grc' dir='ltr'><strong>Καὶ</strong></span> <span class='ocrx_word' id='word_1_122' title='bbox 617 1521 734 1582; x_wconf 89' lang='grc' dir='ltr'><strong>πῶς</strong></span> <span class='ocrx_word' id='word_1_123' title='bbox 786 1520 1007 1584; x_wconf 83' lang='grc' dir='ltr'>λοιπὸν,</span> <span class='ocrx_word' id='word_1_124' title='bbox 1050 1521 1172 1573; x_wconf 86' lang='grc' dir='ltr'><strong>εἰπέ</strong></span> <span class='ocrx_word' id='word_1_125' title='bbox 1232 1537 1344 1589; x_wconf 85' lang='grc' dir='ltr'>μοι,</span> <span class='ocrx_word' id='word_1_126' title='bbox 1376 1520 1580 1573; x_wconf 81' lang='grc' dir='ltr'>τούτων</span> <span class='ocrx_word' id='word_1_127' title='bbox 1625 1520 1734 1572; x_wconf 89' lang='grc' dir='ltr'><strong>τῶν</strong></span> 
     </span>
    </p>
   </div>
   <div class='ocr_carea' id='block_1_18' title="bbox 136 1611 1731 1682">
    <p class='ocr_par' dir='ltr' id='par_1_18' title="bbox 136 1611 1731 1682">
     <span class='ocr_line' id='line_1_18' title="bbox 136 1611 1731 1682; baseline 0.001 -21"><span class='ocrx_word' id='word_1_128' title='bbox 136 1612 488 1664; x_wconf 78' lang='grc' dir='ltr'>θεοπλάστων</span> <span class='ocrx_word' id='word_1_129' title='bbox 509 1612 714 1682; x_wconf 84' lang='grc' dir='ltr'>θηρίων</span> <span class='ocrx_word' id='word_1_130' title='bbox 747 1614 839 1665; x_wconf 74' lang='grc' dir='ltr'>καὶ</span> <span class='ocrx_word' id='word_1_131' title='bbox 862 1611 1038 1677; x_wconf 80' lang='grc' dir='ltr'>ζώων,</span> <span class='ocrx_word' id='word_1_132' title='bbox 1067 1613 1127 1665; x_wconf 80' lang='grc' dir='ltr'><strong>οὐ</strong></span> <span class='ocrx_word' id='word_1_133' title='bbox 1161 1613 1301 1666; x_wconf 84' lang='grc' dir='ltr'>κατὰ</span> <span class='ocrx_word' id='word_1_134' title='bbox 1331 1611 1631 1682; x_wconf 78' lang='grc' dir='ltr'><strong>πρόσταξιν</strong></span> <span class='ocrx_word' id='word_1_135' title='bbox 1655 1611 1731 1674; x_wconf 84' lang='grc' dir='ltr'>ὡς</span> 
     </span>
    </p>
   </div>
   <div class='ocr_carea' id='block_1_19' title="bbox 133 1702 1734 1774">
    <p class='ocr_par' dir='ltr' id='par_1_19' title="bbox 133 1702 1734 1774">
     <span class='ocr_line' id='line_1_19' title="bbox 133 1702 1734 1774; baseline 0.001 -22"><span class='ocrx_word' id='word_1_136' title='bbox 133 1703 202 1754; x_wconf 77' lang='grc' dir='ltr'><strong>τὰ</strong></span> <span class='ocrx_word' id='word_1_137' title='bbox 227 1702 398 1754; x_wconf 75' lang='grc' dir='ltr'>λοιπὰ</span> <span class='ocrx_word' id='word_1_138' title='bbox 433 1704 548 1766; x_wconf 81' lang='grc' dir='ltr'>ζῶα</span> <span class='ocrx_word' id='word_1_139' title='bbox 582 1705 916 1771; x_wconf 82' lang='grc' dir='ltr'><strong>γεγονότων,</strong></span> <span class='ocrx_word' id='word_1_140' title='bbox 952 1705 1066 1756; x_wconf 86' lang='grc' dir='ltr'>ἀλλ’</span> <span class='ocrx_word' id='word_1_141' title='bbox 1097 1705 1431 1774; x_wconf 87' lang='grc' dir='ltr'>αύτοχείρως</span> <span class='ocrx_word' id='word_1_142' title='bbox 1458 1704 1562 1756; x_wconf 85' lang='grc' dir='ltr'><strong>ὑπὸ</strong></span> <span class='ocrx_word' id='word_1_143' title='bbox 1598 1702 1734 1755; x_wconf 75' lang='grc' dir='ltr'>θεοῦ</span> 
     </span>
    </p>
   </div>
   <div class='ocr_carea' id='block_1_20' title="bbox 133 1790 1733 1862">
    <p class='ocr_par' dir='ltr' id='par_1_20' title="bbox 133 1790 1733 1862">
     <span class='ocr_line' id='line_1_20' title="bbox 133 1790 1733 1862; baseline -0.002 -20"><span class='ocrx_word' id='word_1_144' title='bbox 133 1790 493 1856; x_wconf 83' lang='grc' dir='ltr'>κτισθέντων,</span> <span class='ocrx_word' id='word_1_145' title='bbox 527 1793 559 1862; x_wconf 78' lang='grc' dir='ltr'>ή</span> <span class='ocrx_word' id='word_1_146' title='bbox 595 1793 692 1860; x_wconf 83' lang='grc' dir='ltr'>μὲν</span> <span class='ocrx_word' id='word_1_147' title='bbox 735 1795 793 1845; x_wconf 82' lang='grc' dir='ltr'><strong>ἐν</strong></span> <span class='ocrx_word' id='word_1_148' title='bbox 831 1792 1144 1862; x_wconf 80' lang='grc' dir='ltr'>παραδείσῳ</span> <span class='ocrx_word' id='word_1_149' title='bbox 1176 1791 1377 1852; x_wconf 83' lang='grc' dir='ltr'>εἴσοδος</span> <span class='ocrx_word' id='word_1_150' title='bbox 1407 1791 1733 1857; x_wconf 82' lang='grc' dir='ltr'>γέγραπται,</span> 
     </span>
    </p>
   </div>
   <div class='ocr_carea' id='block_1_21' title="bbox 1828 691 3413 765">
    <p class='ocr_par' dir='ltr' id='par_1_21' title="bbox 1828 691 3413 765">
     <span class='ocr_line' id='line_1_21' title="bbox 1828 691 3413 765; baseline 0.002 -17"><span class='ocrx_word' id='word_1_151' title='bbox 1828 694 1900 748; x_wconf 90' lang='lat' dir='ltr'><strong>lia</strong></span> <span class='ocrx_word' id='word_1_152' title='bbox 1929 691 2248 759; x_wconf 85' lang='lat' dir='ltr'><strong>etjumenta</strong></span> <span class='ocrx_word' id='word_1_153' title='bbox 2274 693 2519 761; x_wconf 88' lang='lat' dir='ltr'><strong>ingressa</strong></span> <span class='ocrx_word' id='word_1_154' title='bbox 2542 701 2669 746; x_wconf 91' lang='lat' dir='ltr'><strong>sunt</strong></span> <span class='ocrx_word' id='word_1_155' title='bbox 2695 695 2748 747; x_wconf 94' lang='lat' dir='ltr'><strong>in</strong></span> <span class='ocrx_word' id='word_1_156' title='bbox 2779 708 2989 759; x_wconf 89' lang='lat' dir='ltr'><strong>arcam,</strong></span> <span class='ocrx_word' id='word_1_157' title='bbox 3011 694 3284 765; x_wconf 73' lang='lat' dir='ltr'><strong>simulque</strong></span> <span class='ocrx_word' id='word_1_158' title='bbox 3317 698 3413 751; x_wconf 87' lang='lat' dir='ltr'><strong>de-</strong></span> 
     </span>
    </p>
   </div>
   <div class='ocr_carea' id='block_1_22' title="bbox 1829 785 3412 854">
    <p class='ocr_par' dir='ltr' id='par_1_22' title="bbox 1829 785 3412 854">
     <span class='ocr_line' id='line_1_22' title="bbox 1829 785 3412 854; baseline 0.002 -13"><span class='ocrx_word' id='word_1_159' title='bbox 1829 786 2086 841; x_wconf 88' lang='lat' dir='ltr'><strong>scribitur</strong></span> <span class='ocrx_word' id='word_1_160' title='bbox 2101 801 2289 840; x_wconf 89' lang='lat' dir='ltr'><strong>eorum</strong></span> <span class='ocrx_word' id='word_1_161' title='bbox 2312 785 2593 854; x_wconf 89' lang='lat' dir='ltr'><strong>ingressus</strong></span> <span class='ocrx_word' id='word_1_162' title='bbox 2606 801 2730 840; x_wconf 90' lang='lat' dir='ltr'><strong>cum</strong></span> <span class='ocrx_word' id='word_1_163' title='bbox 2749 785 2882 851; x_wconf 83' lang='lat' dir='ltr'><strong>Noe,</strong></span> <span class='ocrx_word' id='word_1_164' title='bbox 2901 803 3034 843; x_wconf 91' lang='lat' dir='ltr'><strong>eorn</strong></span> <span class='ocrx_word' id='word_1_165' title='bbox 3046 787 3226 842; x_wconf 91' lang='lat' dir='ltr'><strong>mdcm</strong></span> <span class='ocrx_word' id='word_1_166' title='bbox 3248 790 3412 845; x_wconf 91' lang='lat' dir='ltr'><strong>etiam</strong></span> 
     </span>
    </p>
   </div>
   <div class='ocr_carea' id='block_1_23' title="bbox 1832 878 3416 950">
    <p class='ocr_par' dir='ltr' id='par_1_23' title="bbox 1832 878 3416 950">
     <span class='ocr_line' id='line_1_23' title="bbox 1832 878 3416 950; baseline 0.002 -18"><span class='ocrx_word' id='word_1_167' title='bbox 1832 893 2090 933; x_wconf 87' lang='lat' dir='ltr'><strong>numerus</strong></span> <span class='ocrx_word' id='word_1_168' title='bbox 2111 885 2368 932; x_wconf 89' lang='lat' dir='ltr'><strong>accurate</strong></span> <span class='ocrx_word' id='word_1_169' title='bbox 2385 878 2597 947; x_wconf 88' lang='lat' dir='ltr'><strong>positus</strong></span> <span class='ocrx_word' id='word_1_170' title='bbox 2612 888 2716 933; x_wconf 90' lang='lat' dir='ltr'><strong>est.</strong></span> <span class='ocrx_word' id='word_1_171' title='bbox 2734 880 2825 935; x_wconf 90' lang='lat' dir='ltr'><strong>Sic</strong></span> <span class='ocrx_word' id='word_1_172' title='bbox 2841 888 2896 934; x_wconf 92' lang='lat' dir='ltr'><strong>et</strong></span> <span class='ocrx_word' id='word_1_173' title='bbox 2917 882 3123 936; x_wconf 76' lang='lat' dir='ltr'><strong>exitum</strong></span> <span class='ocrx_word' id='word_1_174' title='bbox 3138 881 3416 950; x_wconf 85' lang='lat' dir='ltr'><strong>jumento-</strong></span> 
     </span>
    </p>
   </div>
   <div class='ocr_carea' id='block_1_24' title="bbox 1832 970 3415 1043">
    <p class='ocr_par' dir='ltr' id='par_1_24' title="bbox 1832 970 3415 1043">
     <span class='ocr_line' id='line_1_24' title="bbox 1832 970 3415 1043; baseline 0.004 -19"><span class='ocrx_word' id='word_1_175' title='bbox 1832 986 1953 1024; x_wconf 88' lang='lat' dir='ltr'><strong>rum</strong></span> <span class='ocrx_word' id='word_1_176' title='bbox 1973 970 2205 1024; x_wconf 65' lang='lat' dir='ltr'><strong>Abrahae</strong></span> <span class='ocrx_word' id='word_1_177' title='bbox 2222 979 2277 1024; x_wconf 90' lang='lat' dir='ltr'><strong>et</strong></span> <span class='ocrx_word' id='word_1_178' title='bbox 2295 970 2666 1040; x_wconf 90' lang='lat' dir='ltr'><strong>jumentorum</strong></span> <span class='ocrx_word' id='word_1_179' title='bbox 2691 971 2810 1036; x_wconf 88' lang='lat' dir='ltr'><strong>Lot,</strong></span> <span class='ocrx_word' id='word_1_180' title='bbox 2832 975 3208 1043; x_wconf 70' lang='lat' dir='ltr'><strong>praecipueque</strong></span> <span class='ocrx_word' id='word_1_181' title='bbox 3225 974 3415 1030; x_wconf 79' lang='lat' dir='ltr'><strong>Jacobi</strong></span> 
     </span>
    </p>
   </div>
   <div class='ocr_carea' id='block_1_25' title="bbox 1831 1061 3415 1135">
    <p class='ocr_par' dir='ltr' id='par_1_25' title="bbox 1831 1061 3415 1135">
     <span class='ocr_line' id='line_1_25' title="bbox 1831 1061 3415 1135; baseline 0.003 -19"><span class='ocrx_word' id='word_1_182' title='bbox 1831 1076 1894 1116; x_wconf 75' lang='lat' dir='ltr'><strong>ex</strong></span> <span class='ocrx_word' id='word_1_183' title='bbox 1923 1062 2312 1131; x_wconf 76' lang='lat' dir='ltr'><strong>Mesopotamia</strong></span> <span class='ocrx_word' id='word_1_184' title='bbox 2357 1061 2661 1116; x_wconf 84' lang='lat' dir='ltr'><strong>discessum</strong></span> <span class='ocrx_word' id='word_1_185' title='bbox 2690 1062 2848 1118; x_wconf 86' lang='lat' dir='ltr'><strong>nobis</strong></span> <span class='ocrx_word' id='word_1_186' title='bbox 2876 1075 3063 1118; x_wconf 88' lang='lat' dir='ltr'><strong>narrat</strong></span> <span class='ocrx_word' id='word_1_187' title='bbox 3108 1065 3415 1135; x_wconf 85' lang='lat' dir='ltr'><strong>Scriptura,</strong></span> 
     </span>
    </p>
   </div>
   <div class='ocr_carea' id='block_1_26' title="bbox 1835 1154 3416 1229">
    <p class='ocr_par' dir='ltr' id='par_1_26' title="bbox 1835 1154 3416 1229">
     <span class='ocr_line' id='line_1_26' title="bbox 1835 1154 3416 1229; baseline 0.004 -22"><span class='ocrx_word' id='word_1_188' title='bbox 1835 1170 2011 1224; x_wconf 90' lang='lat' dir='ltr'><strong>neque</strong></span> <span class='ocrx_word' id='word_1_189' title='bbox 2047 1154 2099 1208; x_wconf 93' lang='lat' dir='ltr'><strong>id</strong></span> <span class='ocrx_word' id='word_1_190' title='bbox 2128 1165 2361 1221; x_wconf 90' lang='lat' dir='ltr'><strong>tantum,</strong></span> <span class='ocrx_word' id='word_1_191' title='bbox 2388 1155 2483 1209; x_wconf 90' lang='lat' dir='ltr'><strong>sed</strong></span> <span class='ocrx_word' id='word_1_192' title='bbox 2514 1155 2911 1210; x_wconf 89' lang='lat' dir='ltr'><strong>etimmcusam</strong></span> <span class='ocrx_word' id='word_1_193' title='bbox 2950 1158 3270 1212; x_wconf 89' lang='lat' dir='ltr'><strong>animalium</strong></span> <span class='ocrx_word' id='word_1_194' title='bbox 3295 1175 3416 1229; x_wconf 66' lang='lat' dir='ltr'><strong>quin</strong></span> 
     </span>
    </p>
   </div>
   <div class='ocr_carea' id='block_1_27' title="bbox 1831 1243 3417 1318">
    <p class='ocr_par' dir='ltr' id='par_1_27' title="bbox 1831 1243 3417 1318">
     <span class='ocr_line' id='line_1_27' title="bbox 1831 1243 3417 1318; baseline 0.003 -20"><span class='ocrx_word' id='word_1_195' title='bbox 1831 1260 1897 1298; x_wconf 79' lang='lat' dir='ltr'><strong>ex</strong></span> <span class='ocrx_word' id='word_1_196' title='bbox 1925 1243 2160 1316; x_wconf 68' lang='lat' dir='ltr'><strong>IEgypto</strong></span> <span class='ocrx_word' id='word_1_197' title='bbox 2202 1247 2627 1300; x_wconf 78' lang='lat' dir='ltr'><strong>exiveruutcum</strong></span> <span class='ocrx_word' id='word_1_198' title='bbox 2657 1245 2855 1301; x_wconf 84' lang='lat' dir='ltr'><strong>lsraele</strong></span> <span class='ocrx_word' id='word_1_199' title='bbox 2882 1249 3284 1303; x_wconf 88' lang='lat' dir='ltr'><strong>multitudinem</strong></span> <span class='ocrx_word' id='word_1_200' title='bbox 3317 1265 3417 1318; x_wconf 51' lang='lat' dir='ltr'><strong>po.</strong></span> 
     </span>
    </p>
   </div>
   <div class='ocr_carea' id='block_1_28' title="bbox 1837 1337 3409 1410">
    <p class='ocr_par' dir='ltr' id='par_1_28' title="bbox 1837 1337 3409 1410">
     <span class='ocr_line' id='line_1_28' title="bbox 1837 1337 3409 1410; baseline 0.004 -20"><span class='ocrx_word' id='word_1_201' title='bbox 1837 1337 1937 1390; x_wconf 92' lang='lat' dir='ltr'><strong>nit.</strong></span> <span class='ocrx_word' id='word_1_202' title='bbox 1970 1341 2038 1392; x_wconf 85' lang='lat' dir='ltr'><strong>At</strong></span> <span class='ocrx_word' id='word_1_203' title='bbox 2074 1339 2167 1408; x_wconf 91' lang='lat' dir='ltr'><strong>qui</strong></span> <span class='ocrx_word' id='word_1_204' title='bbox 2212 1339 2327 1392; x_wconf 86' lang='lat' dir='ltr'><strong>tieri</strong></span> <span class='ocrx_word' id='word_1_205' title='bbox 2367 1339 2566 1407; x_wconf 90' lang='lat' dir='ltr'><strong>potuit,</strong></span> <span class='ocrx_word' id='word_1_206' title='bbox 2604 1338 2945 1408; x_wconf 84' lang='lat' dir='ltr'><strong>dic,qu:eso,</strong></span> <span class='ocrx_word' id='word_1_207' title='bbox 2981 1349 3040 1393; x_wconf 91' lang='lat' dir='ltr'><strong>ut</strong></span> <span class='ocrx_word' id='word_1_208' title='bbox 3071 1342 3409 1410; x_wconf 87' lang='lat' dir='ltr'><strong>reliquorum</strong></span> 
     </span>
    </p>
   </div>
   <div class='ocr_carea' id='block_1_29' title="bbox 1837 1428 3414 1501">
    <p class='ocr_par' dir='ltr' id='par_1_29' title="bbox 1837 1428 3414 1501">
     <span class='ocr_line' id='line_1_29' title="bbox 1837 1428 3414 1501; baseline 0.002 -19"><span class='ocrx_word' id='word_1_209' title='bbox 1837 1428 2066 1483; x_wconf 83' lang='lat' dir='ltr'><strong>istorum</strong></span> <span class='ocrx_word' id='word_1_210' title='bbox 2098 1429 2416 1482; x_wconf 88' lang='lat' dir='ltr'><strong>animalium</strong></span> <span class='ocrx_word' id='word_1_211' title='bbox 2448 1429 2924 1498; x_wconf 88' lang='lat' dir='ltr'><strong>etjumcntorum,</strong></span> <span class='ocrx_word' id='word_1_212' title='bbox 2959 1446 3083 1500; x_wconf 69' lang='lat' dir='ltr'><strong>qua:</strong></span> <span class='ocrx_word' id='word_1_213' title='bbox 3119 1447 3225 1485; x_wconf 92' lang='lat' dir='ltr'><strong>non</strong></span> <span class='ocrx_word' id='word_1_214' title='bbox 3252 1432 3414 1501; x_wconf 90' lang='lat' dir='ltr'><strong>jussu</strong></span> 
     </span>
    </p>
   </div>
   <div class='ocr_carea' id='block_1_30' title="bbox 1837 1519 3414 1591">
    <p class='ocr_par' dir='ltr' id='par_1_30' title="bbox 1837 1519 3414 1591">
     <span class='ocr_line' id='line_1_30' title="bbox 1837 1519 3414 1591; baseline 0.003 -19"><span class='ocrx_word' id='word_1_215' title='bbox 1837 1519 1932 1574; x_wconf 90' lang='lat' dir='ltr'><strong>Dei</strong></span> <span class='ocrx_word' id='word_1_216' title='bbox 1967 1530 2025 1574; x_wconf 91' lang='lat' dir='ltr'><strong>ut</strong></span> <span class='ocrx_word' id='word_1_217' title='bbox 2046 1521 2228 1574; x_wconf 85' lang='lat' dir='ltr'><strong>omnia</strong></span> <span class='ocrx_word' id='word_1_218' title='bbox 2267 1521 2373 1574; x_wconf 92' lang='lat' dir='ltr'><strong>alia</strong></span> <span class='ocrx_word' id='word_1_219' title='bbox 2398 1522 2722 1587; x_wconf 82' lang='lat' dir='ltr'><strong>animantia,</strong></span> <span class='ocrx_word' id='word_1_220' title='bbox 2749 1521 2842 1576; x_wconf 88' lang='lat' dir='ltr'><strong>sed</strong></span> <span class='ocrx_word' id='word_1_221' title='bbox 2871 1523 2938 1575; x_wconf 88' lang='lat' dir='ltr'><strong>ab</strong></span> <span class='ocrx_word' id='word_1_222' title='bbox 2964 1523 3096 1591; x_wconf 80' lang='lat' dir='ltr'><strong>ipsis</strong></span> <span class='ocrx_word' id='word_1_223' title='bbox 3113 1523 3233 1591; x_wconf 84' lang='lat' dir='ltr'><strong>ejus</strong></span> <span class='ocrx_word' id='word_1_224' title='bbox 3269 1524 3414 1576; x_wconf 89' lang='lat' dir='ltr'><strong>mani</strong></span> 
     </span>
    </p>
   </div>
   <div class='ocr_carea' id='block_1_31' title="bbox 1834 1611 3414 1683">
    <p class='ocr_par' dir='ltr' id='par_1_31' title="bbox 1834 1611 3414 1683">
     <span class='ocr_line' id='line_1_31' title="bbox 1834 1611 3414 1683; baseline 0.002 -17"><span class='ocrx_word' id='word_1_225' title='bbox 1834 1611 1938 1666; x_wconf 87' lang='lat' dir='ltr'><strong>bus</strong></span> <span class='ocrx_word' id='word_1_226' title='bbox 1967 1611 2201 1665; x_wconf 80' lang='lat' dir='ltr'><strong>formata</strong></span> <span class='ocrx_word' id='word_1_227' title='bbox 2225 1620 2429 1665; x_wconf 90' lang='lat' dir='ltr'><strong>suntet</strong></span> <span class='ocrx_word' id='word_1_228' title='bbox 2459 1612 2658 1676; x_wconf 83' lang='lat' dir='ltr'><strong>etlieta,</strong></span> <span class='ocrx_word' id='word_1_229' title='bbox 2686 1613 2736 1664; x_wconf 92' lang='lat' dir='ltr'><strong>in</strong></span> <span class='ocrx_word' id='word_1_230' title='bbox 2782 1612 3099 1681; x_wconf 83' lang='lat' dir='ltr'><strong>paradisum</strong></span> <span class='ocrx_word' id='word_1_231' title='bbox 3129 1613 3414 1683; x_wconf 84' lang='lat' dir='ltr'><strong>ingressus</strong></span> 
     </span>
    </p>
   </div>
   <div class='ocr_carea' id='block_1_32' title="bbox 1834 1701 3415 1767">
    <p class='ocr_par' dir='ltr' id='par_1_32' title="bbox 1834 1701 3415 1767">
     <span class='ocr_line' id='line_1_32' title="bbox 1834 1701 3415 1767; baseline 0.002 -11"><span class='ocrx_word' id='word_1_232' title='bbox 1834 1711 2322 1767; x_wconf 82' lang='lat' dir='ltr'><strong>commemoretur,</strong></span> <span class='ocrx_word' id='word_1_233' title='bbox 2349 1710 2404 1755; x_wconf 88' lang='lat' dir='ltr'><strong>et</strong></span> <span class='ocrx_word' id='word_1_234' title='bbox 2428 1701 2658 1755; x_wconf 89' lang='lat' dir='ltr'><strong>omnino</strong></span> <span class='ocrx_word' id='word_1_235' title='bbox 2693 1710 2937 1756; x_wconf 88' lang='lat' dir='ltr'><strong>taceatur</strong></span> <span class='ocrx_word' id='word_1_236' title='bbox 2969 1703 3193 1758; x_wconf 78' lang='lat' dir='ltr'><strong>exitus?</strong></span> <span class='ocrx_word' id='word_1_237' title='bbox 3232 1703 3415 1759; x_wconf 88' lang='lat' dir='ltr'><strong>Terri-</strong></span> 
     </span>
    </p>
   </div>
   <div class='ocr_carea' id='block_1_33' title="bbox 1839 1790 3412 1864">
    <p class='ocr_par' dir='ltr' id='par_1_33' title="bbox 1839 1790 3412 1864">
     <span class='ocr_line' id='line_1_33' title="bbox 1839 1790 3412 1864; baseline 0.004 -21"><span class='ocrx_word' id='word_1_238' title='bbox 1839 1790 1968 1844; x_wconf 86' lang='lat' dir='ltr'><strong>bilis</strong></span> <span class='ocrx_word' id='word_1_239' title='bbox 1993 1791 2139 1844; x_wconf 88' lang='lat' dir='ltr'><strong>enim</strong></span> <span class='ocrx_word' id='word_1_240' title='bbox 2174 1799 2228 1845; x_wconf 89' lang='lat' dir='ltr'><strong>et</strong></span> <span class='ocrx_word' id='word_1_241' title='bbox 2257 1792 2394 1845; x_wconf 87' lang='lat' dir='ltr'><strong>mira</strong></span> <span class='ocrx_word' id='word_1_242' title='bbox 2431 1807 2569 1860; x_wconf 88' lang='lat' dir='ltr'><strong>pene</strong></span> <span class='ocrx_word' id='word_1_243' title='bbox 2599 1807 2685 1847; x_wconf 88' lang='lat' dir='ltr'><strong>res</strong></span> <span class='ocrx_word' id='word_1_244' title='bbox 2721 1793 2813 1857; x_wconf 89' lang='lat' dir='ltr'><strong>sit,</strong></span> <span class='ocrx_word' id='word_1_245' title='bbox 2845 1792 2911 1862; x_wconf 59' lang='lat' dir='ltr'><strong>si,</strong></span> <span class='ocrx_word' id='word_1_246' title='bbox 2935 1795 3108 1862; x_wconf 87' lang='lat' dir='ltr'><strong>aspis,</strong></span> <span class='ocrx_word' id='word_1_247' title='bbox 3165 1809 3412 1864; x_wconf 81' lang='lat' dir='ltr'><strong>serpens,</strong></span> 
     </span>
    </p>
   </div>
   <div class='ocr_carea' id='block_1_34' title="bbox 133 1879 1731 1954">
    <p class='ocr_par' dir='ltr' id='par_1_34' title="bbox 133 1880 1731 1954">
     <span class='ocr_line' id='line_1_34' title="bbox 133 1880 1731 1954; baseline -0.003 -18"><span class='ocrx_word' id='word_1_248' title='bbox 133 1885 168 1952; x_wconf 85' lang='grc' dir='ltr'>ή</span> <span class='ocrx_word' id='word_1_249' title='bbox 197 1883 258 1936; x_wconf 80' lang='grc' dir='ltr'>δὲ</span> <span class='ocrx_word' id='word_1_250' title='bbox 291 1882 473 1945; x_wconf 77' lang='grc' dir='ltr'>ἔξοδος</span> <span class='ocrx_word' id='word_1_251' title='bbox 505 1884 687 1936; x_wconf 76' lang='grc' dir='ltr'>αὐτῶν</span> <span class='ocrx_word' id='word_1_252' title='bbox 717 1885 853 1946; x_wconf 82' lang='grc' dir='ltr'><strong>ὅλως</strong></span> <span class='ocrx_word' id='word_1_253' title='bbox 893 1884 993 1936; x_wconf 79' lang='grc' dir='ltr'><strong>οὐκ</strong></span> <span class='ocrx_word' id='word_1_254' title='bbox 1029 1885 1367 1954; x_wconf 80' lang='grc' dir='ltr'>ὲμφὲρεται;</span> <span class='ocrx_word' id='word_1_255' title='bbox 1395 1880 1605 1950; x_wconf 77' lang='grc' dir='ltr'>Φοϐερὰ</span> <span class='ocrx_word' id='word_1_256' title='bbox 1638 1881 1731 1932; x_wconf 72' lang='grc' dir='ltr'><strong>καὶ</strong></span> 
     </span>
    </p>
   </div>
   <div class='ocr_carea' id='block_1_35' title="bbox 1834 1879 3413 1954">
    <p class='ocr_par' dir='ltr' id='par_1_35' title="bbox 1834 1879 3413 1952">
     <span class='ocr_line' id='line_1_35' title="bbox 1834 1879 3413 1952; baseline 0.004 -21"><span class='ocrx_word' id='word_1_257' title='bbox 1834 1879 2043 1948; x_wconf 82' lang='lat' dir='ltr'><strong>vipera,</strong></span> <span class='ocrx_word' id='word_1_258' title='bbox 2068 1879 2238 1933; x_wconf 84' lang='lat' dir='ltr'><strong>draco</strong></span> <span class='ocrx_word' id='word_1_259' title='bbox 2270 1889 2324 1933; x_wconf 92' lang='lat' dir='ltr'><strong>et</strong></span> <span class='ocrx_word' id='word_1_260' title='bbox 2352 1881 2605 1949; x_wconf 88' lang='lat' dir='ltr'><strong>scorpius</strong></span> <span class='ocrx_word' id='word_1_261' title='bbox 2646 1896 2751 1934; x_wconf 91' lang='lat' dir='ltr'><strong>uua</strong></span> <span class='ocrx_word' id='word_1_262' title='bbox 2785 1895 2910 1935; x_wconf 90' lang='lat' dir='ltr'><strong>cum</strong></span> <span class='ocrx_word' id='word_1_263' title='bbox 2954 1882 3182 1938; x_wconf 81' lang='lat' dir='ltr'><strong>muliere</strong></span> <span class='ocrx_word' id='word_1_264' title='bbox 3217 1897 3413 1952; x_wconf 82' lang='lat' dir='ltr'><strong>pecca-</strong></span> 
     </span>
    </p>
   </div>
   <div class='ocr_carea' id='block_1_36' title="bbox 135 1973 1728 2045">
    <p class='ocr_par' dir='ltr' id='par_1_36' title="bbox 135 1973 1728 2045">
     <span class='ocr_line' id='line_1_36' title="bbox 135 1973 1728 2045; baseline -0.001 -19"><span class='ocrx_word' id='word_1_265' title='bbox 135 1973 424 2043; x_wconf 75' lang='grc' dir='ltr'>παράδοξα</span> <span class='ocrx_word' id='word_1_266' title='bbox 470 1976 773 2044; x_wconf 83' lang='grc' dir='ltr'>πράγματα</span> <span class='ocrx_word' id='word_1_267' title='bbox 824 1976 871 2028; x_wconf 89' lang='grc' dir='ltr'><strong>εί</strong></span> <span class='ocrx_word' id='word_1_268' title='bbox 905 1977 937 2045; x_wconf 82' lang='grc' dir='ltr'>ἠ</span> <span class='ocrx_word' id='word_1_269' title='bbox 968 1976 1155 2040; x_wconf 81' lang='grc' dir='ltr'>ἀσπὶς,</span> <span class='ocrx_word' id='word_1_270' title='bbox 1191 1975 1282 2028; x_wconf 77' lang='grc' dir='ltr'>καὶ</span> <span class='ocrx_word' id='word_1_271' title='bbox 1329 1977 1357 2026; x_wconf 89' lang='lat'><strong>6</strong></span> <span class='ocrx_word' id='word_1_272' title='bbox 1400 1975 1542 2042; x_wconf 70' lang='grc' dir='ltr'>ὄφις,</span> <span class='ocrx_word' id='word_1_273' title='bbox 1573 1973 1728 2042; x_wconf 77' lang='grc' dir='ltr'>καὶὴ</span> 
     </span>
    </p>
   </div>
   <div class='ocr_carea' id='block_1_37' title="bbox 135 2066 1728 2136">
    <p class='ocr_par' dir='ltr' id='par_1_37' title="bbox 135 2066 1728 2136">
     <span class='ocr_line' id='line_1_37' title="bbox 135 2066 1728 2136; baseline 0 -20"><span class='ocrx_word' id='word_1_274' title='bbox 135 2067 272 2134; x_wconf 73' lang='grc' dir='ltr'>ἔχις,</span> <span class='ocrx_word' id='word_1_275' title='bbox 304 2067 400 2118; x_wconf 78' lang='grc' dir='ltr'>καὶ</span> <span class='ocrx_word' id='word_1_276' title='bbox 445 2068 472 2119; x_wconf 90' lang='lat'><strong>6</strong></span> <span class='ocrx_word' id='word_1_277' title='bbox 514 2067 750 2136; x_wconf 88' lang='grc' dir='ltr'>δράκων,</span> <span class='ocrx_word' id='word_1_278' title='bbox 781 2066 876 2119; x_wconf 82' lang='grc' dir='ltr'><strong>καὶ</strong></span> <span class='ocrx_word' id='word_1_279' title='bbox 908 2069 937 2119; x_wconf 92' lang='lat'><strong>6</strong></span> <span class='ocrx_word' id='word_1_280' title='bbox 967 2067 1228 2136; x_wconf 81' lang='grc' dir='ltr'>σκορπίος</span> <span class='ocrx_word' id='word_1_281' title='bbox 1265 2066 1404 2135; x_wconf 87' lang='grc' dir='ltr'><strong>μετά</strong></span> <span class='ocrx_word' id='word_1_282' title='bbox 1449 2066 1548 2134; x_wconf 79' lang='grc' dir='ltr'><strong>τῆς</strong></span> <span class='ocrx_word' id='word_1_283' title='bbox 1602 2082 1728 2117; x_wconf 86' lang='grc' dir='ltr'>ποτε</span> 
     </span>
    </p>
   </div>
   <div class='ocr_carea' id='block_1_38' title="bbox 136 2157 1726 2230">
    <p class='ocr_par' dir='ltr' id='par_1_38' title="bbox 136 2157 1726 2230">
     <span class='ocr_line' id='line_1_38' title="bbox 136 2157 1726 2230; baseline 0 -22"><span class='ocrx_word' id='word_1_284' title='bbox 136 2158 509 2230; x_wconf 78' lang='grc' dir='ltr'>πλανηθείσης</span> <span class='ocrx_word' id='word_1_285' title='bbox 529 2159 784 2227; x_wconf 72' lang='grc' dir='ltr'>γυναικὸς</span> <span class='ocrx_word' id='word_1_286' title='bbox 802 2158 896 2211; x_wconf 83' lang='grc' dir='ltr'>τοῦ</span> <span class='ocrx_word' id='word_1_287' title='bbox 917 2157 1073 2222; x_wconf 82' lang='grc' dir='ltr'>ξύλου</span> <span class='ocrx_word' id='word_1_288' title='bbox 1089 2159 1188 2227; x_wconf 85' lang='grc' dir='ltr'>τῆς</span> <span class='ocrx_word' id='word_1_289' title='bbox 1206 2157 1350 2228; x_wconf 80' lang='grc' dir='ltr'>ζωῆς</span> <span class='ocrx_word' id='word_1_290' title='bbox 1367 2157 1726 2220; x_wconf 83' lang='grc' dir='ltr'>ἀπολαύουσι,</span> 
     </span>
    </p>
   </div>
   <div class='ocr_carea' id='block_1_39' title="bbox 135 2249 1730 2320">
    <p class='ocr_par' dir='ltr' id='par_1_39' title="bbox 135 2249 1730 2320">
     <span class='ocr_line' id='line_1_39' title="bbox 135 2249 1730 2320; baseline -0.001 -20"><span class='ocrx_word' id='word_1_291' title='bbox 135 2250 232 2301; x_wconf 76' lang='grc' dir='ltr'>καὶ</span> <span class='ocrx_word' id='word_1_292' title='bbox 259 2252 365 2303; x_wconf 71' lang='grc' dir='ltr'>οὐκ</span> <span class='ocrx_word' id='word_1_293' title='bbox 395 2251 578 2319; x_wconf 83' lang='grc' dir='ltr'>ὲξόρια</span> <span class='ocrx_word' id='word_1_294' title='bbox 623 2250 765 2304; x_wconf 74' lang='grc' dir='ltr'>αὐτὰ</span> <span class='ocrx_word' id='word_1_295' title='bbox 810 2254 840 2304; x_wconf 88' lang='lat'><strong>6</strong></span> <span class='ocrx_word' id='word_1_296' title='bbox 867 2250 1000 2313; x_wconf 83' lang='grc' dir='ltr'>Θεὸς</span> <span class='ocrx_word' id='word_1_297' title='bbox 1035 2252 1098 2303; x_wconf 78' lang='grc' dir='ltr'>ἐκ</span> <span class='ocrx_word' id='word_1_298' title='bbox 1131 2249 1224 2304; x_wconf 78' lang='grc' dir='ltr'>τοῦ</span> <span class='ocrx_word' id='word_1_299' title='bbox 1263 2251 1596 2320; x_wconf 82' lang='grc' dir='ltr'>παραδείσου</span> <span class='ocrx_word' id='word_1_300' title='bbox 1631 2249 1730 2300; x_wconf 77' lang='grc' dir='ltr'>οὑκ</span> 
     </span>
    </p>
   </div>
   <div class='ocr_carea' id='block_1_40' title="bbox 137 2338 1735 2414">
    <p class='ocr_par' dir='ltr' id='par_1_40' title="bbox 137 2338 1735 2414">
     <span class='ocr_line' id='line_1_40' title="bbox 137 2338 1735 2414; baseline 0 -24"><span class='ocrx_word' id='word_1_301' title='bbox 137 2340 420 2407; x_wconf 73' lang='grc' dir='ltr'>ἐκώλυσεν</span> <span class='ocrx_word' id='word_1_302' title='bbox 443 2356 458 2371; x_wconf 80' lang='grc'><strong><em>⁸</em></strong></span> <span class='ocrx_word' id='word_1_303' title='bbox 498 2343 597 2394; x_wconf 85' lang='grc' dir='ltr'><strong>οὐκ</strong></span> <span class='ocrx_word' id='word_1_304' title='bbox 621 2343 921 2414; x_wconf 70' lang='grc' dir='ltr'>ἐπέτρεψεν</span> <span class='ocrx_word' id='word_1_305' title='bbox 947 2344 1131 2405; x_wconf 80' lang='grc' dir='ltr'>αὐτοῖς</span> <span class='ocrx_word' id='word_1_306' title='bbox 1164 2343 1239 2413; x_wconf 83' lang='grc' dir='ltr'><strong>μὴ</strong></span> <span class='ocrx_word' id='word_1_307' title='bbox 1272 2341 1631 2414; x_wconf 81' lang='grc' dir='ltr'>προσεγγίσαι</span> <span class='ocrx_word' id='word_1_308' title='bbox 1653 2338 1735 2410; x_wconf 83' lang='grc' dir='ltr'>τῷ</span> 
     </span>
    </p>
   </div>
   <div class='ocr_carea' id='block_1_41' title="bbox 1833 1971 3414 2044">
    <p class='ocr_par' dir='ltr' id='par_1_41' title="bbox 1833 1971 3414 2044">
     <span class='ocr_line' id='line_1_41' title="bbox 1833 1971 3414 2044; baseline 0.003 -20"><span class='ocrx_word' id='word_1_309' title='bbox 1833 1971 1971 2025; x_wconf 90' lang='lat' dir='ltr'><strong>trice</strong></span> <span class='ocrx_word' id='word_1_310' title='bbox 1997 1971 2252 2025; x_wconf 81' lang='lat' dir='ltr'><strong>fruantur</strong></span> <span class='ocrx_word' id='word_1_311' title='bbox 2275 1971 2423 2040; x_wconf 87' lang='lat' dir='ltr'><strong>ligno</strong></span> <span class='ocrx_word' id='word_1_312' title='bbox 2445 1974 2592 2033; x_wconf 63' lang='lat' dir='ltr'><strong>vitai,</strong></span> <span class='ocrx_word' id='word_1_313' title='bbox 2612 1987 2789 2041; x_wconf 86' lang='lat' dir='ltr'><strong>neque</strong></span> <span class='ocrx_word' id='word_1_314' title='bbox 2814 1971 2959 2027; x_wconf 88' lang='lat' dir='ltr'><strong>Deus</strong></span> <span class='ocrx_word' id='word_1_315' title='bbox 2983 1989 3081 2029; x_wconf 88' lang='lat' dir='ltr'><strong>eos</strong></span> <span class='ocrx_word' id='word_1_316' title='bbox 3103 1991 3132 2029; x_wconf 88' lang='lat' dir='ltr'><strong>e</strong></span> <span class='ocrx_word' id='word_1_317' title='bbox 3156 1975 3414 2044; x_wconf 84' lang='lat' dir='ltr'><strong>paradiso</strong></span> 
     </span>
    </p>
   </div>
   <div class='ocr_carea' id='block_1_42' title="bbox 1833 2063 3412 2136">
    <p class='ocr_par' dir='ltr' id='par_1_42' title="bbox 1833 2063 3412 2136">
     <span class='ocr_line' id='line_1_42' title="bbox 1833 2063 3412 2136; baseline 0.003 -20"><span class='ocrx_word' id='word_1_318' title='bbox 1833 2063 2128 2131; x_wconf 77' lang='lat' dir='ltr'><strong>fugaverit,</strong></span> <span class='ocrx_word' id='word_1_319' title='bbox 2157 2078 2330 2131; x_wconf 87' lang='lat' dir='ltr'><strong>neque</strong></span> <span class='ocrx_word' id='word_1_320' title='bbox 2360 2064 2706 2118; x_wconf 77' lang='lat' dir='ltr'><strong>iuterdixerit</strong></span> <span class='ocrx_word' id='word_1_321' title='bbox 2725 2066 2804 2117; x_wconf 78' lang='lat' dir='ltr'><strong>eis</strong></span> <span class='ocrx_word' id='word_1_322' title='bbox 2834 2068 3091 2120; x_wconf 76' lang='lat' dir='ltr'><strong>accedere</strong></span> <span class='ocrx_word' id='word_1_323' title='bbox 3111 2068 3178 2120; x_wconf 92' lang='lat' dir='ltr'><strong>ad</strong></span> <span class='ocrx_word' id='word_1_324' title='bbox 3203 2068 3412 2136; x_wconf 88' lang='lat' dir='ltr'><strong>lignum</strong></span> 
     </span>
    </p>
   </div>
   <div class='ocr_carea' id='block_1_43' title="bbox 1832 2156 3414 2226">
    <p class='ocr_par' dir='ltr' id='par_1_43' title="bbox 1832 2156 3414 2226">
     <span class='ocr_line' id='line_1_43' title="bbox 1832 2156 3414 2226; baseline 0.004 -18"><span class='ocrx_word' id='word_1_325' title='bbox 1832 2156 1976 2219; x_wconf 74' lang='lat' dir='ltr'><strong>vitze,</strong></span> <span class='ocrx_word' id='word_1_326' title='bbox 2005 2169 2180 2224; x_wconf 90' lang='lat' dir='ltr'><strong>neque</strong></span> <span class='ocrx_word' id='word_1_327' title='bbox 2209 2156 2276 2209; x_wconf 91' lang='lat' dir='ltr'><strong>de</strong></span> <span class='ocrx_word' id='word_1_328' title='bbox 2304 2156 2370 2209; x_wconf 91' lang='lat' dir='ltr'><strong>iis</strong></span> <span class='ocrx_word' id='word_1_329' title='bbox 2399 2165 2452 2210; x_wconf 91' lang='lat' dir='ltr'><strong>et</strong></span> <span class='ocrx_word' id='word_1_330' title='bbox 2473 2159 2704 2213; x_wconf 86' lang='lat' dir='ltr'><strong>muliere</strong></span> <span class='ocrx_word' id='word_1_331' title='bbox 2737 2159 2937 2212; x_wconf 76' lang='lat' dir='ltr'><strong>dixerit</strong></span> <span class='ocrx_word' id='word_1_332' title='bbox 2962 2157 3126 2226; x_wconf 82' lang='lat' dir='ltr'><strong>Deus,</strong></span> <span class='ocrx_word' id='word_1_333' title='bbox 3162 2159 3240 2214; x_wconf 87' lang='lat' dir='ltr'><strong>Ne</strong></span> <span class='ocrx_word' id='word_1_334' title='bbox 3269 2175 3414 2214; x_wconf 90' lang='lat' dir='ltr'><strong>nunc</strong></span> 
     </span>
    </p>
   </div>
   <div class='ocr_carea' id='block_1_44' title="bbox 1833 2246 3416 2313">
    <p class='ocr_par' dir='ltr' id='par_1_44' title="bbox 1833 2246 3416 2313">
     <span class='ocr_line' id='line_1_44' title="bbox 1833 2246 3416 2313; baseline 0.004 -15"><span class='ocrx_word' id='word_1_335' title='bbox 1833 2246 2130 2300; x_wconf 77' lang='lat' dir='ltr'><strong>extendant</strong></span> <span class='ocrx_word' id='word_1_336' title='bbox 2164 2262 2389 2300; x_wconf 91' lang='lat' dir='ltr'><strong>manum</strong></span> <span class='ocrx_word' id='word_1_337' title='bbox 2423 2264 2578 2302; x_wconf 89' lang='lat' dir='ltr'><strong>suam</strong></span> <span class='ocrx_word' id='word_1_338' title='bbox 2601 2291 2614 2313; x_wconf 96' lang='lat'><strong>,</strong></span> <span class='ocrx_word' id='word_1_339' title='bbox 2657 2259 2712 2302; x_wconf 91' lang='lat' dir='ltr'><strong>et</strong></span> <span class='ocrx_word' id='word_1_340' title='bbox 2743 2259 2964 2304; x_wconf 89' lang='lat' dir='ltr'><strong>sumant</strong></span> <span class='ocrx_word' id='word_1_341' title='bbox 2987 2259 3043 2305; x_wconf 90' lang='lat' dir='ltr'><strong>et</strong></span> <span class='ocrx_word' id='word_1_342' title='bbox 3085 2251 3416 2307; x_wconf 86' lang='lat' dir='ltr'><strong>manducent</strong></span> 
     </span>
    </p>
   </div>
   <div class='ocr_carea' id='block_1_45' title="bbox 1841 2338 2950 2408">
    <p class='ocr_par' dir='ltr' id='par_1_45' title="bbox 1841 2338 2950 2408">
     <span class='ocr_line' id='line_1_45' title="bbox 1841 2338 2950 2408; baseline 0.004 -16"><span class='ocrx_word' id='word_1_343' title='bbox 1841 2338 1907 2392; x_wconf 91' lang='lat' dir='ltr'><strong>de</strong></span> <span class='ocrx_word' id='word_1_344' title='bbox 1932 2338 2082 2408; x_wconf 86' lang='lat' dir='ltr'><strong>ligno</strong></span> <span class='ocrx_word' id='word_1_345' title='bbox 2117 2341 2240 2394; x_wconf 73' lang='lat' dir='ltr'><strong>vita:</strong></span> <span class='ocrx_word' id='word_1_346' title='bbox 2262 2349 2316 2394; x_wconf 88' lang='lat' dir='ltr'><strong>et</strong></span> <span class='ocrx_word' id='word_1_347' title='bbox 2351 2341 2537 2395; x_wconf 79' lang='lat' dir='ltr'><strong>vivant</strong></span> <span class='ocrx_word' id='word_1_348' title='bbox 2574 2343 2626 2395; x_wconf 91' lang='lat' dir='ltr'><strong>iu</strong></span> <span class='ocrx_word' id='word_1_349' title='bbox 2663 2352 2950 2396; x_wconf 62' lang='lat' dir='ltr'><strong>aeternum.</strong></span> 
     </span>
    </p>
   </div>
   <div class='ocr_carea' id='block_1_46' title="bbox 142 2429 3412 2507">
    <p class='ocr_par' dir='ltr' id='par_1_46' title="bbox 142 2429 3412 2507">
     <span class='ocr_line' id='line_1_46' title="bbox 142 2429 3412 2507; baseline 0.004 -25"><span class='ocrx_word' id='word_1_350' title='bbox 142 2432 283 2502; x_wconf 77' lang='grc' dir='ltr'>ξύλῳ</span> <span class='ocrx_word' id='word_1_351' title='bbox 334 2433 434 2500; x_wconf 78' lang='grc' dir='ltr'>τῆς</span> <span class='ocrx_word' id='word_1_352' title='bbox 466 2433 630 2502; x_wconf 73' lang='grc' dir='ltr'><strong>ζωῆς.</strong></span> <span class='ocrx_word' id='word_1_353' title='bbox 657 2435 769 2486; x_wconf 79' lang='grc' dir='ltr'><strong>Οὐκ</strong></span> <span class='ocrx_word' id='word_1_354' title='bbox 800 2435 988 2504; x_wconf 73' lang='grc' dir='ltr'>εἴρηκε</span> <span class='ocrx_word' id='word_1_355' title='bbox 1035 2433 1164 2504; x_wconf 80' lang='grc' dir='ltr'>περὶ</span> <span class='ocrx_word' id='word_1_356' title='bbox 1197 2435 1398 2496; x_wconf 82' lang='grc' dir='ltr'>αὐτῶν,</span> <span class='ocrx_word' id='word_1_357' title='bbox 1430 2432 1464 2502; x_wconf 83' lang='grc' dir='ltr'>ἢ</span> <span class='ocrx_word' id='word_1_358' title='bbox 1502 2432 1601 2502; x_wconf 82' lang='grc' dir='ltr'>τῆς</span> <span class='ocrx_word' id='word_1_359' title='bbox 1635 2429 1912 2500; x_wconf 72' lang='grc' dir='ltr'>γυναικδς,</span> <span class='ocrx_word' id='word_1_360' title='bbox 1942 2431 2026 2481; x_wconf 79' lang='grc' dir='ltr'><strong>ὅτι</strong></span> <span class='ocrx_word' id='word_1_361' title='bbox 2078 2431 2306 2500; x_wconf 83' lang='grc' dir='ltr'>Μήποτε</span> <span class='ocrx_word' id='word_1_362' title='bbox 2365 2431 2647 2485; x_wconf 72' lang='grc' dir='ltr'>ἐκτείνωσι</span> <span class='ocrx_word' id='word_1_363' title='bbox 2722 2435 2821 2507; x_wconf 75' lang='grc' dir='ltr'>τὴν</span> <span class='ocrx_word' id='word_1_364' title='bbox 2853 2438 3030 2506; x_wconf 85' lang='grc' dir='ltr'>χεῖρα,</span> <span class='ocrx_word' id='word_1_365' title='bbox 3069 2439 3160 2490; x_wconf 75' lang='grc' dir='ltr'><strong>καὶ</strong></span> <span class='ocrx_word' id='word_1_366' title='bbox 3207 2439 3412 2495; x_wconf 85' lang='grc' dir='ltr'>λάϐωσι</span> 
     </span>
    </p>
   </div>
   <div class='ocr_carea' id='block_1_47' title="bbox 141 2523 1964 2596">
    <p class='ocr_par' dir='ltr' id='par_1_47' title="bbox 141 2523 1964 2596">
     <span class='ocr_line' id='line_1_47' title="bbox 141 2523 1964 2596; baseline -0.001 -22"><span class='ocrx_word' id='word_1_367' title='bbox 141 2525 230 2574; x_wconf 78' lang='grc' dir='ltr'><strong>καὶ</strong></span> <span class='ocrx_word' id='word_1_368' title='bbox 260 2525 480 2590; x_wconf 64' lang='grc' dir='ltr'>φάγωσι</span> <span class='ocrx_word' id='word_1_369' title='bbox 504 2524 596 2575; x_wconf 81' lang='grc' dir='ltr'>τοῦ</span> <span class='ocrx_word' id='word_1_370' title='bbox 626 2525 784 2588; x_wconf 80' lang='grc' dir='ltr'>ξύλου</span> <span class='ocrx_word' id='word_1_371' title='bbox 813 2526 912 2595; x_wconf 82' lang='grc' dir='ltr'>τῆς</span> <span class='ocrx_word' id='word_1_372' title='bbox 936 2525 1104 2594; x_wconf 79' lang='grc' dir='ltr'>ζωῆς,</span> <span class='ocrx_word' id='word_1_373' title='bbox 1136 2526 1230 2578; x_wconf 74' lang='grc' dir='ltr'>καὶ</span> <span class='ocrx_word' id='word_1_374' title='bbox 1256 2525 1510 2596; x_wconf 80' lang='grc' dir='ltr'>ζήσονται</span> <span class='ocrx_word' id='word_1_375' title='bbox 1541 2526 1621 2586; x_wconf 82' lang='grc' dir='ltr'><strong>είς</strong></span> <span class='ocrx_word' id='word_1_376' title='bbox 1641 2523 1732 2576; x_wconf 78' lang='grc' dir='ltr'>τὸν</span> <span class='ocrx_word' id='word_1_377' title='bbox 1770 2524 1964 2576; x_wconf 82' lang='grc' dir='ltr'>αἰῶνα.</span> 
     </span>
    </p>
   </div>
   <div class='ocr_carea' id='block_1_48' title="bbox 211 2614 1735 2688">
    <p class='ocr_par' dir='ltr' id='par_1_48' title="bbox 211 2614 1735 2688">
     <span class='ocr_line' id='line_1_48' title="bbox 211 2614 1735 2688; baseline 0.001 -22"><span class='ocrx_word' id='word_1_378' title='bbox 211 2615 327 2666; x_wconf 75' lang='grc' dir='ltr'>Καὶ</span> <span class='ocrx_word' id='word_1_379' title='bbox 364 2614 503 2677; x_wconf 81' lang='grc' dir='ltr'>πῶς,</span> <span class='ocrx_word' id='word_1_380' title='bbox 531 2616 651 2667; x_wconf 87' lang='grc' dir='ltr'>είπέ</span> <span class='ocrx_word' id='word_1_381' title='bbox 702 2633 820 2684; x_wconf 92' lang='grc' dir='ltr'>μοι,</span> <span class='ocrx_word' id='word_1_382' title='bbox 855 2615 948 2669; x_wconf 76' lang='grc' dir='ltr'>τὸν</span> <span class='ocrx_word' id='word_1_383' title='bbox 980 2616 1271 2688; x_wconf 81' lang='grc' dir='ltr'>ἄνθρωπον</span> <span class='ocrx_word' id='word_1_384' title='bbox 1299 2617 1358 2669; x_wconf 88' lang='grc' dir='ltr'>ὂν</span> <span class='ocrx_word' id='word_1_385' title='bbox 1392 2618 1514 2670; x_wconf 86' lang='grc' dir='ltr'>κατ’</span> <span class='ocrx_word' id='word_1_386' title='bbox 1546 2617 1735 2669; x_wconf 73' lang='grc' dir='ltr'>εἰκόνα</span> 
     </span>
    </p>
   </div>
   <div class='ocr_carea' id='block_1_49' title="bbox 141 2707 1734 2779">
    <p class='ocr_par' dir='ltr' id='par_1_49' title="bbox 141 2707 1734 2779">
     <span class='ocr_line' id='line_1_49' title="bbox 141 2707 1734 2779; baseline 0.001 -19"><span class='ocrx_word' id='word_1_387' title='bbox 141 2709 238 2760; x_wconf 71' lang='grc' dir='ltr'><strong>καὶ</strong></span> <span class='ocrx_word' id='word_1_388' title='bbox 281 2707 545 2776; x_wconf 87' lang='grc' dir='ltr'>ὁμοίωσιν</span> <span class='ocrx_word' id='word_1_389' title='bbox 575 2707 739 2760; x_wconf 81' lang='grc' dir='ltr'>αὑτοῦ</span> <span class='ocrx_word' id='word_1_390' title='bbox 769 2709 1060 2779; x_wconf 85' lang='grc' dir='ltr'>πεποίηκε,</span> <span class='ocrx_word' id='word_1_391' title='bbox 1105 2711 1200 2764; x_wconf 79' lang='grc' dir='ltr'>καὶ</span> <span class='ocrx_word' id='word_1_392' title='bbox 1230 2709 1308 2778; x_wconf 83' lang='grc' dir='ltr'>τῷ</span> <span class='ocrx_word' id='word_1_393' title='bbox 1339 2707 1506 2763; x_wconf 80' lang='grc' dir='ltr'>αὑτοῦ</span> <span class='ocrx_word' id='word_1_394' title='bbox 1540 2708 1734 2778; x_wconf 74' lang='grc' dir='ltr'>ὲνεψύο</span> 
     </span>
    </p>
   </div>
   <div class='ocr_carea' id='block_1_50' title="bbox 143 2799 1734 2870">
    <p class='ocr_par' dir='ltr' id='par_1_50' title="bbox 143 2799 1734 2870">
     <span class='ocr_line' id='line_1_50' title="bbox 143 2799 1734 2870; baseline 0.001 -19"><span class='ocrx_word' id='word_1_395' title='bbox 143 2817 323 2869; x_wconf 76' lang='grc' dir='ltr'>χωσεν</span> <span class='ocrx_word' id='word_1_396' title='bbox 355 2801 714 2870; x_wconf 74' lang='grc' dir='ltr'>ὲμφυσήματι</span> <span class='ocrx_word' id='word_1_397' title='bbox 765 2799 930 2866; x_wconf 80' lang='grc' dir='ltr'>οὓτω,</span> <span class='ocrx_word' id='word_1_398' title='bbox 970 2800 1088 2860; x_wconf 90' lang='grc' dir='ltr'><strong>πῶς</strong></span> <span class='ocrx_word' id='word_1_399' title='bbox 1134 2799 1275 2870; x_wconf 81' lang='grc' dir='ltr'>ὑπὲρ</span> <span class='ocrx_word' id='word_1_400' title='bbox 1308 2799 1400 2854; x_wconf 84' lang='grc' dir='ltr'><strong>τὸν</strong></span> <span class='ocrx_word' id='word_1_401' title='bbox 1454 2801 1595 2868; x_wconf 75' lang='grc' dir='ltr'>ὅφιν,</span> <span class='ocrx_word' id='word_1_402' title='bbox 1642 2801 1734 2854; x_wconf 80' lang='grc' dir='ltr'>καὶ</span> 
     </span>
    </p>
   </div>
   <div class='ocr_carea' id='block_1_51' title="bbox 143 2891 1736 2964">
    <p class='ocr_par' dir='ltr' id='par_1_51' title="bbox 143 2891 1736 2964">
     <span class='ocr_line' id='line_1_51' title="bbox 143 2891 1736 2964; baseline -0.001 -20"><span class='ocrx_word' id='word_1_403' title='bbox 143 2895 243 2960; x_wconf 81' lang='grc' dir='ltr'><strong>τὴν</strong></span> <span class='ocrx_word' id='word_1_404' title='bbox 276 2895 516 2960; x_wconf 85' lang='grc' dir='ltr'>γυναῖκα</span> <span class='ocrx_word' id='word_1_405' title='bbox 541 2893 669 2954; x_wconf 79' lang='grc' dir='ltr'>τοὺς</span> <span class='ocrx_word' id='word_1_406' title='bbox 695 2891 902 2954; x_wconf 77' lang='grc' dir='ltr'>αἰτίους</span> <span class='ocrx_word' id='word_1_407' title='bbox 925 2893 1026 2960; x_wconf 82' lang='grc' dir='ltr'>τῆς</span> <span class='ocrx_word' id='word_1_408' title='bbox 1052 2892 1327 2964; x_wconf 76' lang='grc' dir='ltr'>ἁμαρτίας</span> <span class='ocrx_word' id='word_1_409' title='bbox 1350 2891 1542 2962; x_wconf 76' lang='grc' dir='ltr'>ἔμελλε</span> <span class='ocrx_word' id='word_1_410' title='bbox 1573 2909 1736 2945; x_wconf 87' lang='grc' dir='ltr'>κατα-</span> 
     </span>
    </p>
   </div>
   <div class='ocr_carea' id='block_1_52' title="bbox 146 2981 1733 3054">
    <p class='ocr_par' dir='ltr' id='par_1_52' title="bbox 146 2981 1733 3054">
     <span class='ocr_line' id='line_1_52' title="bbox 146 2981 1733 3054; baseline 0.001 -21"><span class='ocrx_word' id='word_1_411' title='bbox 146 2985 332 3052; x_wconf 80' lang='grc' dir='ltr'>κρίναι</span> <span class='ocrx_word' id='word_1_412' title='bbox 363 2983 458 3034; x_wconf 76' lang='grc' dir='ltr'>καὶ</span> <span class='ocrx_word' id='word_1_413' title='bbox 489 2981 732 3051; x_wconf 83' lang='grc' dir='ltr'>ἐξορίσαι</span> <span class='ocrx_word' id='word_1_414' title='bbox 767 2983 1176 3052; x_wconf 86' lang='grc' dir='ltr'>ἀσυγχωρήτως</span> <span class='ocrx_word' id='word_1_415' title='bbox 1205 2983 1368 3035; x_wconf 76' lang='grc' dir='ltr'>αὑτὸν</span> <span class='ocrx_word' id='word_1_416' title='bbox 1404 2984 1564 3052; x_wconf 89' lang='grc' dir='ltr'>μόνον</span> <span class='ocrx_word' id='word_1_417' title='bbox 1592 2983 1733 3054; x_wconf 88' lang='grc' dir='ltr'>ὑπὲρ</span> 
     </span>
    </p>
   </div>
   <div class='ocr_carea' id='block_1_53' title="bbox 146 3071 1734 3143">
    <p class='ocr_par' dir='ltr' id='par_1_53' title="bbox 146 3071 1734 3143">
     <span class='ocr_line' id='line_1_53' title="bbox 146 3071 1734 3143; baseline 0 -19"><span class='ocrx_word' id='word_1_418' title='bbox 146 3073 330 3126; x_wconf 81' lang='grc' dir='ltr'>πάντα</span> <span class='ocrx_word' id='word_1_419' title='bbox 376 3071 447 3126; x_wconf 82' lang='grc' dir='ltr'>τὰ</span> <span class='ocrx_word' id='word_1_420' title='bbox 497 3072 662 3143; x_wconf 85' lang='grc' dir='ltr'>θηρία</span> <span class='ocrx_word' id='word_1_421' title='bbox 709 3071 780 3125; x_wconf 81' lang='grc' dir='ltr'><strong>τά</strong></span> <span class='ocrx_word' id='word_1_422' title='bbox 830 3073 1268 3140; x_wconf 85' lang='grc' dir='ltr'>ἐναπομείναντα</span> <span class='ocrx_word' id='word_1_423' title='bbox 1313 3074 1373 3123; x_wconf 83' lang='grc' dir='ltr'>ἐν</span> <span class='ocrx_word' id='word_1_424' title='bbox 1421 3074 1734 3143; x_wconf 83' lang='grc' dir='ltr'>παραδείσῳ</span> 
     </span>
    </p>
   </div>
   <div class='ocr_carea' id='block_1_54' title="bbox 144 3162 1733 3234">
    <p class='ocr_par' dir='ltr' id='par_1_54' title="bbox 144 3162 1733 3234">
     <span class='ocr_line' id='line_1_54' title="bbox 144 3162 1733 3234; baseline 0.001 -19"><span class='ocrx_word' id='word_1_425' title='bbox 144 3163 551 3228; x_wconf 84' lang='grc' dir='ltr'>καταδικάσαι;</span> <span class='ocrx_word' id='word_1_426' title='bbox 598 3165 733 3234; x_wconf 70' lang='grc' dir='ltr'>φησι</span> <span class='ocrx_word' id='word_1_427' title='bbox 763 3162 895 3234; x_wconf 79' lang='grc' dir='ltr'>γάρ,</span> <span class='ocrx_word' id='word_1_428' title='bbox 931 3164 1016 3216; x_wconf 82' lang='grc' dir='ltr'>ὅτι</span> <span class='ocrx_word' id='word_1_429' title='bbox 1057 3163 1482 3227; x_wconf 76' lang='grc' dir='ltr'>Ἐξαπέστειλε</span> <span class='ocrx_word' id='word_1_430' title='bbox 1518 3165 1733 3232; x_wconf 81' lang='grc' dir='ltr'>Κύριος</span> 
     </span>
    </p>
   </div>
   <div class='ocr_carea' id='block_1_55' title="bbox 146 3258 1732 3327">
    <p class='ocr_par' dir='ltr' id='par_1_55' title="bbox 146 3258 1732 3327">
     <span class='ocr_line' id='line_1_55' title="bbox 146 3258 1732 3327; baseline 0 -17"><span class='ocrx_word' id='word_1_431' title='bbox 146 3260 177 3310; x_wconf 84' lang='grc' dir='ltr'><strong>ό</strong></span> <span class='ocrx_word' id='word_1_432' title='bbox 212 3258 361 3323; x_wconf 84' lang='grc' dir='ltr'><strong>Θεὸς</strong></span> <span class='ocrx_word' id='word_1_433' title='bbox 416 3259 528 3311; x_wconf 84' lang='grc' dir='ltr'><strong>τόν</strong></span> <span class='ocrx_word' id='word_1_434' title='bbox 588 3258 763 3327; x_wconf 77' lang='grc' dir='ltr'>Ἀδὰμ</span> <span class='ocrx_word' id='word_1_435' title='bbox 791 3259 861 3310; x_wconf 81' lang='grc' dir='ltr'>ἐκ</span> <span class='ocrx_word' id='word_1_436' title='bbox 890 3259 997 3311; x_wconf 89' lang='grc' dir='ltr'>τοῦ</span> <span class='ocrx_word' id='word_1_437' title='bbox 1035 3258 1426 3326; x_wconf 83' lang='grc' dir='ltr'>παραδείσου,</span> <span class='ocrx_word' id='word_1_438' title='bbox 1463 3259 1557 3310; x_wconf 79' lang='grc' dir='ltr'>καὶ</span> <span class='ocrx_word' id='word_1_439' title='bbox 1595 3275 1732 3310; x_wconf 82' lang='grc' dir='ltr'>κατ-</span> 
     </span>
    </p>
   </div>
   <div class='ocr_carea' id='block_1_56' title="bbox 143 3347 1734 3418">
    <p class='ocr_par' dir='ltr' id='par_1_56' title="bbox 143 3347 1734 3418">
     <span class='ocr_line' id='line_1_56' title="bbox 143 3347 1734 3418; baseline 0.001 -18"><span class='ocrx_word' id='word_1_440' title='bbox 143 3347 371 3411; x_wconf 71' lang='grc' dir='ltr'>ᾠιιισεν</span> <span class='ocrx_word' id='word_1_441' title='bbox 401 3350 591 3402; x_wconf 86' lang='grc' dir='ltr'>αὑτὸν</span> <span class='ocrx_word' id='word_1_442' title='bbox 617 3349 908 3403; x_wconf 81' lang='grc' dir='ltr'><strong>ἀπέναντι</strong></span> <span class='ocrx_word' id='word_1_443' title='bbox 941 3348 1050 3416; x_wconf 80' lang='grc' dir='ltr'>τῆς</span> <span class='ocrx_word' id='word_1_444' title='bbox 1078 3349 1312 3418; x_wconf 67' lang='grc' dir='ltr'>τρυφῆς</span> <span class='ocrx_word' id='word_1_445' title='bbox 1333 3350 1438 3403; x_wconf 85' lang='grc' dir='ltr'>τοῦ</span> <span class='ocrx_word' id='word_1_446' title='bbox 1455 3349 1734 3417; x_wconf 82' lang='grc' dir='ltr'>παραδεί-</span> 
     </span>
    </p>
   </div>
   <div class='ocr_carea' id='block_1_57' title="bbox 147 3439 1734 3510">
    <p class='ocr_par' dir='ltr' id='par_1_57' title="bbox 147 3439 1734 3510">
     <span class='ocr_line' id='line_1_57' title="bbox 147 3439 1734 3510; baseline -0.001 -19"><span class='ocrx_word' id='word_1_447' title='bbox 147 3457 286 3505; x_wconf 86' lang='grc' dir='ltr'>σου,</span> <span class='ocrx_word' id='word_1_448' title='bbox 341 3440 441 3492; x_wconf 76' lang='grc' dir='ltr'><strong>καί</strong></span> <span class='ocrx_word' id='word_1_449' title='bbox 471 3440 651 3504; x_wconf 80' lang='grc' dir='ltr'>ἔταξε</span> <span class='ocrx_word' id='word_1_450' title='bbox 687 3443 760 3493; x_wconf 81' lang='grc' dir='ltr'>τὰ</span> <span class='ocrx_word' id='word_1_451' title='bbox 793 3440 1104 3508; x_wconf 74' lang='grc' dir='ltr'>Χερουϐὶμ,</span> <span class='ocrx_word' id='word_1_452' title='bbox 1147 3442 1245 3493; x_wconf 79' lang='grc' dir='ltr'>καὶ</span> <span class='ocrx_word' id='word_1_453' title='bbox 1286 3439 1403 3508; x_wconf 85' lang='grc' dir='ltr'>τὴν</span> <span class='ocrx_word' id='word_1_454' title='bbox 1434 3441 1734 3510; x_wconf 59' lang='lat' dir='ltr'><strong>salarii/nr</strong></span> 
     </span>
    </p>
   </div>
   <div class='ocr_carea' id='block_1_58' title="bbox 139 3528 1734 3598">
    <p class='ocr_par' dir='ltr' id='par_1_58' title="bbox 139 3528 1734 3598">
     <span class='ocr_line' id='line_1_58' title="bbox 139 3528 1734 3598; baseline 0.001 -17"><span class='ocrx_word' id='word_1_455' title='bbox 139 3530 454 3598; x_wconf 63' lang='grc' dir='ltr'>ῥομφαίαν</span> <span class='ocrx_word' id='word_1_456' title='bbox 482 3530 598 3598; x_wconf 85' lang='grc' dir='ltr'>τὴν</span> <span class='ocrx_word' id='word_1_457' title='bbox 628 3528 1048 3598; x_wconf 70' lang='grc' dir='ltr'>στρεφομένην</span> <span class='ocrx_word' id='word_1_458' title='bbox 1079 3528 1410 3598; x_wconf 67' lang='grc' dir='ltr'>φυλάττειν</span> <span class='ocrx_word' id='word_1_459' title='bbox 1442 3529 1557 3596; x_wconf 75' lang='grc' dir='ltr'>τὴν</span> <span class='ocrx_word' id='word_1_460' title='bbox 1590 3529 1734 3583; x_wconf 77' lang='grc' dir='ltr'>ὁδὸν</span> 
     </span>
    </p>
   </div>
   <div class='ocr_carea' id='block_1_59' title="bbox 148 3615 1735 3691">
    <p class='ocr_par' dir='ltr' id='par_1_59' title="bbox 148 3615 1735 3691">
     <span class='ocr_line' id='line_1_59' title="bbox 148 3615 1735 3691; baseline -0.001 -18"><span class='ocrx_word' id='word_1_461' title='bbox 148 3622 254 3674; x_wconf 84' lang='grc' dir='ltr'>τοῦ</span> <span class='ocrx_word' id='word_1_462' title='bbox 287 3621 484 3683; x_wconf 75' lang='grc' dir='ltr'>ξύλου</span> <span class='ocrx_word' id='word_1_463' title='bbox 509 3619 621 3688; x_wconf 83' lang='grc' dir='ltr'>τῆς</span> <span class='ocrx_word' id='word_1_464' title='bbox 651 3619 820 3690; x_wconf 79' lang='grc' dir='ltr'>ζωῆς.</span> <span class='ocrx_word' id='word_1_465' title='bbox 856 3619 1098 3671; x_wconf 89' lang='grc' dir='ltr'>Ὀλωλεν</span> <span class='ocrx_word' id='word_1_466' title='bbox 1128 3615 1221 3673; x_wconf 82' lang='grc' dir='ltr'>οὖν</span> <span class='ocrx_word' id='word_1_467' title='bbox 1255 3619 1540 3691; x_wconf 83' lang='grc' dir='ltr'>ἄνθρωπος</span> <span class='ocrx_word' id='word_1_468' title='bbox 1569 3619 1735 3689; x_wconf 81' lang='grc' dir='ltr'>μονῶ-</span> 
     </span>
    </p>
   </div>
   <div class='ocr_carea' id='block_1_60' title="bbox 145 3709 1733 3782">
    <p class='ocr_par' dir='ltr' id='par_1_60' title="bbox 145 3709 1733 3782">
     <span class='ocr_line' id='line_1_60' title="bbox 145 3709 1733 3782; baseline -0.002 -18"><span class='ocrx_word' id='word_1_469' title='bbox 145 3729 328 3776; x_wconf 70' lang='grc' dir='ltr'>τατος,</span> <span class='ocrx_word' id='word_1_470' title='bbox 364 3713 482 3779; x_wconf 78' lang='grc' dir='ltr'>εἴγε</span> <span class='ocrx_word' id='word_1_471' title='bbox 519 3711 662 3781; x_wconf 78' lang='grc' dir='ltr'>ὑπὲρ</span> <span class='ocrx_word' id='word_1_472' title='bbox 697 3713 824 3773; x_wconf 85' lang='grc' dir='ltr'>τοὺς</span> <span class='ocrx_word' id='word_1_473' title='bbox 850 3711 1028 3782; x_wconf 79' lang='grc' dir='ltr'>θῆρας</span> <span class='ocrx_word' id='word_1_474' title='bbox 1055 3711 1439 3780; x_wconf 80' lang='grc' dir='ltr'>κατεδικάσθη.</span> <span class='ocrx_word' id='word_1_475' title='bbox 1483 3709 1733 3763; x_wconf 75' lang='grc' dir='ltr'>Ἐδυστύο</span> 
     </span>
    </p>
   </div>
   <div class='ocr_carea' id='block_1_61' title="bbox 149 3801 1732 3874">
    <p class='ocr_par' dir='ltr' id='par_1_61' title="bbox 149 3801 1732 3874">
     <span class='ocr_line' id='line_1_61' title="bbox 149 3801 1732 3874; baseline -0.002 -19"><span class='ocrx_word' id='word_1_476' title='bbox 149 3822 214 3872; x_wconf 77' lang='grc' dir='ltr'>χη</span> <span class='ocrx_word' id='word_1_477' title='bbox 228 3820 326 3855; x_wconf 83' lang='grc' dir='ltr'><strong>σαν</strong></span> <span class='ocrx_word' id='word_1_478' title='bbox 349 3803 408 3855; x_wconf 85' lang='grc' dir='ltr'>δὲ</span> <span class='ocrx_word' id='word_1_479' title='bbox 439 3803 532 3854; x_wconf 78' lang='grc' dir='ltr'>καὶ</span> <span class='ocrx_word' id='word_1_480' title='bbox 561 3802 630 3855; x_wconf 78' lang='grc' dir='ltr'>τὰ</span> <span class='ocrx_word' id='word_1_481' title='bbox 677 3802 981 3873; x_wconf 82' lang='grc' dir='ltr'>Χερουϐὶμ,</span> <span class='ocrx_word' id='word_1_482' title='bbox 1023 3803 1133 3856; x_wconf 93' lang='grc' dir='ltr'><strong>τῶν</strong></span> <span class='ocrx_word' id='word_1_483' title='bbox 1162 3802 1348 3874; x_wconf 90' lang='grc' dir='ltr'>θηρῶν</span> <span class='ocrx_word' id='word_1_484' title='bbox 1395 3801 1487 3854; x_wconf 77' lang='grc' dir='ltr'>καὶ</span> <span class='ocrx_word' id='word_1_485' title='bbox 1519 3801 1732 3872; x_wconf 83' lang='grc' dir='ltr'>κτηνῶν</span> 
     </span>
    </p>
   </div>
   <div class='ocr_carea' id='block_1_62' title="bbox 148 3891 1731 3964">
    <p class='ocr_par' dir='ltr' id='par_1_62' title="bbox 148 3891 1731 3964">
     <span class='ocr_line' id='line_1_62' title="bbox 148 3891 1731 3964; baseline 0 -20"><span class='ocrx_word' id='word_1_486' title='bbox 148 3893 244 3944; x_wconf 83' lang='grc' dir='ltr'>καὶ</span> <span class='ocrx_word' id='word_1_487' title='bbox 298 3893 569 3961; x_wconf 79' lang='grc' dir='ltr'>ἑρπετῶν,</span> <span class='ocrx_word' id='word_1_488' title='bbox 611 3894 750 3962; x_wconf 83' lang='grc' dir='ltr'><strong>μετὰ</strong></span> <span class='ocrx_word' id='word_1_489' title='bbox 786 3893 967 3964; x_wconf 81' lang='grc' dir='ltr'>πάσης</span> <span class='ocrx_word' id='word_1_490' title='bbox 1019 3893 1206 3955; x_wconf 85' lang='grc' dir='ltr'>ἀδείας</span> <span class='ocrx_word' id='word_1_491' title='bbox 1257 3891 1352 3944; x_wconf 81' lang='grc' dir='ltr'>τοῦ</span> <span class='ocrx_word' id='word_1_492' title='bbox 1401 3891 1731 3961; x_wconf 86' lang='grc' dir='ltr'>παραδείσου</span> 
     </span>
    </p>
   </div>
   <div class='ocr_carea' id='block_1_63' title="bbox 147 3982 1734 4053">
    <p class='ocr_par' dir='ltr' id='par_1_63' title="bbox 147 3982 1734 4053">
     <span class='ocr_line' id='line_1_63' title="bbox 147 3982 1734 4053; baseline 0 -19"><span class='ocrx_word' id='word_1_493' title='bbox 147 3984 558 4048; x_wconf 83' lang='grc' dir='ltr'>ἀπολαυόντων,</span> <span class='ocrx_word' id='word_1_494' title='bbox 592 3984 735 4036; x_wconf 82' lang='grc' dir='ltr'>αὐτὰ</span> <span class='ocrx_word' id='word_1_495' title='bbox 781 3984 840 4036; x_wconf 84' lang='grc' dir='ltr'>δὲ</span> <span class='ocrx_word' id='word_1_496' title='bbox 885 3983 980 4036; x_wconf 83' lang='grc' dir='ltr'>τοῦ</span> <span class='ocrx_word' id='word_1_497' title='bbox 1028 3984 1365 4053; x_wconf 86' lang='grc' dir='ltr'>Χερουϐἱκου</span> <span class='ocrx_word' id='word_1_498' title='bbox 1413 3982 1602 4052; x_wconf 87' lang='grc' dir='ltr'>θρόνου</span> <span class='ocrx_word' id='word_1_499' title='bbox 1641 3982 1734 4034; x_wconf 76' lang='grc' dir='ltr'>καὶ</span> 
     </span>
    </p>
   </div>
   <div class='ocr_carea' id='block_1_64' title="bbox 145 4074 1734 4146">
    <p class='ocr_par' dir='ltr' id='par_1_64' title="bbox 145 4074 1734 4146">
     <span class='ocr_line' id='line_1_64' title="bbox 145 4074 1734 4146; baseline 0.002 -19"><span class='ocrx_word' id='word_1_500' title='bbox 145 4076 248 4144; x_wconf 84' lang='grc' dir='ltr'>τῆς</span> <span class='ocrx_word' id='word_1_501' title='bbox 283 4075 644 4146; x_wconf 82' lang='grc' dir='ltr'>προσωπικῆς</span> <span class='ocrx_word' id='word_1_502' title='bbox 692 4074 936 4138; x_wconf 84' lang='grc' dir='ltr'>δουλείας</span> <span class='ocrx_word' id='word_1_503' title='bbox 980 4075 1075 4128; x_wconf 83' lang='grc' dir='ltr'>καὶ</span> <span class='ocrx_word' id='word_1_504' title='bbox 1110 4075 1414 4146; x_wconf 85' lang='grc' dir='ltr'>παρουσίας</span> <span class='ocrx_word' id='word_1_505' title='bbox 1456 4077 1550 4131; x_wconf 78' lang='grc' dir='ltr'><strong>καὶ</strong></span> <span class='ocrx_word' id='word_1_506' title='bbox 1598 4079 1734 4130; x_wconf 84' lang='grc' dir='ltr'>άπο-</span> 
     </span>
    </p>
   </div>
   <div class='ocr_carea' id='block_1_65' title="bbox 146 4166 1728 4238">
    <p class='ocr_par' dir='ltr' id='par_1_65' title="bbox 146 4166 1728 4238">
     <span class='ocr_line' id='line_1_65' title="bbox 146 4166 1728 4238; baseline 0.003 -20"><span class='ocrx_word' id='word_1_507' title='bbox 146 4168 398 4228; x_wconf 80' lang='grc' dir='ltr'>λαύσεως</span> <span class='ocrx_word' id='word_1_508' title='bbox 427 4167 527 4234; x_wconf 81' lang='grc' dir='ltr'>τῆς</span> <span class='ocrx_word' id='word_1_509' title='bbox 553 4166 726 4219; x_wconf 84' lang='grc' dir='ltr'>ἀϊδίου</span> <span class='ocrx_word' id='word_1_510' title='bbox 757 4167 917 4237; x_wconf 77' lang='grc' dir='ltr'>δόξης</span> <span class='ocrx_word' id='word_1_511' title='bbox 955 4167 1205 4236; x_wconf 81' lang='grc' dir='ltr'>θυρωροὶ</span> <span class='ocrx_word' id='word_1_512' title='bbox 1239 4167 1336 4220; x_wconf 79' lang='grc' dir='ltr'><strong>καί</strong></span> <span class='ocrx_word' id='word_1_513' title='bbox 1377 4171 1728 4238; x_wconf 69' lang='grc' dir='ltr'>συκοφύλαι</span> 
     </span>
    </p>
   </div>
   <div class='ocr_carea' id='block_1_66' title="bbox 147 4254 1731 4330">
    <p class='ocr_par' dir='ltr' id='par_1_66' title="bbox 147 4254 1731 4330">
     <span class='ocr_line' id='line_1_66' title="bbox 147 4254 1731 4330; baseline 0.002 -19"><span class='ocrx_word' id='word_1_514' title='bbox 147 4275 254 4325; x_wconf 76' lang='grc' dir='ltr'><strong>κες</strong></span> <span class='ocrx_word' id='word_1_515' title='bbox 290 4259 617 4330; x_wconf 83' lang='grc' dir='ltr'>κηπωρικῆς</span> <span class='ocrx_word' id='word_1_516' title='bbox 652 4261 862 4329; x_wconf 83' lang='grc' dir='ltr'>γεηρᾶς</span> <span class='ocrx_word' id='word_1_517' title='bbox 895 4260 1258 4330; x_wconf 68' lang='grc' dir='ltr'>θηροτροφίας</span> <span class='ocrx_word' id='word_1_518' title='bbox 1291 4254 1433 4314; x_wconf 76' lang='grc' dir='ltr'>εἶναι</span> <span class='ocrx_word' id='word_1_519' title='bbox 1473 4263 1731 4329; x_wconf 83' lang='grc' dir='ltr'>ταγέντα,</span> 
     </span>
    </p>
   </div>
   <div class='ocr_carea' id='block_1_67' title="bbox 1902 2612 3414 2689">
    <p class='ocr_par' dir='ltr' id='par_1_67' title="bbox 1902 2612 3414 2689">
     <span class='ocr_line' id='line_1_67' title="bbox 1902 2612 3414 2689; baseline 0.011 -24"><span class='ocrx_word' id='word_1_520' title='bbox 1902 2612 1968 2666; x_wconf 85' lang='grc' dir='ltr'>Ει</span> <span class='ocrx_word' id='word_1_521' title='bbox 2014 2614 2107 2682; x_wconf 90' lang='lat' dir='ltr'><strong>qui</strong></span> <span class='ocrx_word' id='word_1_522' title='bbox 2166 2615 2342 2683; x_wconf 90' lang='lat' dir='ltr'><strong>potuit</strong></span> <span class='ocrx_word' id='word_1_523' title='bbox 2393 2613 2538 2670; x_wconf 91' lang='lat' dir='ltr'><strong>Deus</strong></span> <span class='ocrx_word' id='word_1_524' title='bbox 2585 2615 2862 2672; x_wconf 86' lang='lat' dir='ltr'><strong>hominem</strong></span> <span class='ocrx_word' id='word_1_525' title='bbox 2911 2635 3075 2689; x_wconf 91' lang='lat' dir='ltr'><strong>quem</strong></span> <span class='ocrx_word' id='word_1_526' title='bbox 3131 2623 3197 2677; x_wconf 90' lang='lat' dir='ltr'><strong>ad</strong></span> <span class='ocrx_word' id='word_1_527' title='bbox 3257 2641 3414 2682; x_wconf 89' lang='lat' dir='ltr'><strong>suam</strong></span> 
     </span>
    </p>
   </div>
   <div class='ocr_carea' id='block_1_68' title="bbox 1832 2705 3413 2780">
    <p class='ocr_par' dir='ltr' id='par_1_68' title="bbox 1832 2705 3413 2780">
     <span class='ocr_line' id='line_1_68' title="bbox 1832 2705 3413 2780; baseline 0.01 -22"><span class='ocrx_word' id='word_1_528' title='bbox 1832 2705 2126 2771; x_wconf 80' lang='lat' dir='ltr'><strong>imaginem</strong></span> <span class='ocrx_word' id='word_1_529' title='bbox 2158 2715 2213 2759; x_wconf 88' lang='lat' dir='ltr'><strong>et</strong></span> <span class='ocrx_word' id='word_1_530' title='bbox 2241 2706 2655 2762; x_wconf 87' lang='lat' dir='ltr'><strong>similitudinem</strong></span> <span class='ocrx_word' id='word_1_531' title='bbox 2693 2708 2822 2763; x_wconf 80' lang='lat' dir='ltr'><strong>fecit</strong></span> <span class='ocrx_word' id='word_1_532' title='bbox 2844 2757 2858 2776; x_wconf 85' lang='lat'><strong>,</strong></span> <span class='ocrx_word' id='word_1_533' title='bbox 2889 2727 3051 2780; x_wconf 86' lang='lat' dir='ltr'><strong>quem</strong></span> <span class='ocrx_word' id='word_1_534' title='bbox 3086 2716 3275 2770; x_wconf 82' lang='lat' dir='ltr'><strong>divino</strong></span> <span class='ocrx_word' id='word_1_535' title='bbox 3310 2735 3413 2773; x_wconf 89' lang='lat' dir='ltr'><strong>suo</strong></span> 
     </span>
    </p>
   </div>
   <div class='ocr_carea' id='block_1_69' title="bbox 1833 2796 3417 2878">
    <p class='ocr_par' dir='ltr' id='par_1_69' title="bbox 1833 2796 3417 2878">
     <span class='ocr_line' id='line_1_69' title="bbox 1833 2796 3417 2878; baseline 0.011 -30"><span class='ocrx_word' id='word_1_536' title='bbox 1833 2796 2015 2849; x_wconf 87' lang='lat' dir='ltr'><strong>alllatu</strong></span> <span class='ocrx_word' id='word_1_537' title='bbox 2043 2796 2330 2860; x_wconf 77' lang='lat' dir='ltr'><strong>animavit,</strong></span> <span class='ocrx_word' id='word_1_538' title='bbox 2358 2798 2430 2850; x_wconf 87' lang='lat' dir='ltr'><strong>ita</strong></span> <span class='ocrx_word' id='word_1_539' title='bbox 2457 2815 2623 2867; x_wconf 91' lang='lat' dir='ltr'><strong>porro</strong></span> <span class='ocrx_word' id='word_1_540' title='bbox 2652 2815 2780 2854; x_wconf 88' lang='lat' dir='ltr'><strong>eum</strong></span> <span class='ocrx_word' id='word_1_541' title='bbox 2818 2802 2997 2870; x_wconf 86' lang='lat' dir='ltr'><strong>ipsum</strong></span> <span class='ocrx_word' id='word_1_542' title='bbox 3025 2821 3137 2874; x_wconf 67' lang='lat' dir='ltr'><strong>prie</strong></span> <span class='ocrx_word' id='word_1_543' title='bbox 3162 2822 3417 2878; x_wconf 86' lang='lat' dir='ltr'><strong>serpente</strong></span> 
     </span>
    </p>
   </div>
   <div class='ocr_carea' id='block_1_70' title="bbox 1833 2886 3418 2966">
    <p class='ocr_par' dir='ltr' id='par_1_70' title="bbox 1833 2886 3418 2966">
     <span class='ocr_line' id='line_1_70' title="bbox 1833 2886 3418 2966; baseline 0.011 -28"><span class='ocrx_word' id='word_1_544' title='bbox 1833 2895 1888 2939; x_wconf 89' lang='lat' dir='ltr'><strong>et</strong></span> <span class='ocrx_word' id='word_1_545' title='bbox 1923 2886 2152 2940; x_wconf 86' lang='lat' dir='ltr'><strong>muliere</strong></span> <span class='ocrx_word' id='word_1_546' title='bbox 2183 2887 2366 2940; x_wconf 87' lang='lat' dir='ltr'><strong>delicti</strong></span> <span class='ocrx_word' id='word_1_547' title='bbox 2411 2890 2741 2945; x_wconf 89' lang='lat' dir='ltr'><strong>auctoribus</strong></span> <span class='ocrx_word' id='word_1_548' title='bbox 2777 2892 3067 2961; x_wconf 87' lang='lat' dir='ltr'><strong>judicare,</strong></span> <span class='ocrx_word' id='word_1_549' title='bbox 3108 2897 3328 2966; x_wconf 82' lang='lat' dir='ltr'><strong>ejicere,</strong></span> <span class='ocrx_word' id='word_1_550' title='bbox 3363 2912 3418 2956; x_wconf 93' lang='lat' dir='ltr'><strong>et</strong></span> 
     </span>
    </p>
   </div>
   <div class='ocr_carea' id='block_1_71' title="bbox 1839 2977 3415 3051">
    <p class='ocr_par' dir='ltr' id='par_1_71' title="bbox 1839 2977 3415 3051">
     <span class='ocr_line' id='line_1_71' title="bbox 1839 2977 3415 3051; baseline 0.011 -21"><span class='ocrx_word' id='word_1_551' title='bbox 1839 2977 1992 3030; x_wconf 93' lang='lat' dir='ltr'><strong>illum</strong></span> <span class='ocrx_word' id='word_1_552' title='bbox 2022 2978 2213 3046; x_wconf 67' lang='lat' dir='ltr'><strong>[ipsum</strong></span> <span class='ocrx_word' id='word_1_553' title='bbox 2245 2979 2424 3034; x_wconf 90' lang='lat' dir='ltr'><strong>solum</strong></span> <span class='ocrx_word' id='word_1_554' title='bbox 2476 2997 2641 3051; x_wconf 87' lang='lat' dir='ltr'><strong>super</strong></span> <span class='ocrx_word' id='word_1_555' title='bbox 2667 2984 2773 3036; x_wconf 87' lang='lat' dir='ltr'><strong>alia</strong></span> <span class='ocrx_word' id='word_1_556' title='bbox 2818 2987 3004 3042; x_wconf 85' lang='lat' dir='ltr'><strong>omnia</strong></span> <span class='ocrx_word' id='word_1_557' title='bbox 3048 2990 3308 3045; x_wconf 82' lang='lat' dir='ltr'><strong>animalia</strong></span> <span class='ocrx_word' id='word_1_558' title='bbox 3360 2995 3415 3048; x_wconf 91' lang='lat' dir='ltr'><strong>in</strong></span> 
     </span>
    </p>
   </div>
   <div class='ocr_carea' id='block_1_72' title="bbox 1836 3070 3416 3139">
    <p class='ocr_par' dir='ltr' id='par_1_72' title="bbox 1836 3070 3416 3139">
     <span class='ocr_line' id='line_1_72' title="bbox 1836 3070 3416 3139; baseline 0.013 -19"><span class='ocrx_word' id='word_1_559' title='bbox 1836 3070 2094 3138; x_wconf 86' lang='lat' dir='ltr'><strong>paradiso</strong></span> <span class='ocrx_word' id='word_1_560' title='bbox 2125 3074 2418 3128; x_wconf 89' lang='lat' dir='ltr'><strong>residentia</strong></span> <span class='ocrx_word' id='word_1_561' title='bbox 2459 3075 2610 3128; x_wconf 90' lang='lat' dir='ltr'><strong>nulla</strong></span> <span class='ocrx_word' id='word_1_562' title='bbox 2652 3090 2915 3133; x_wconf 87' lang='lat' dir='ltr'><strong>concessa</strong></span> <span class='ocrx_word' id='word_1_563' title='bbox 2952 3081 3110 3136; x_wconf 90' lang='lat' dir='ltr'><strong>venia</strong></span> <span class='ocrx_word' id='word_1_564' title='bbox 3151 3087 3416 3139; x_wconf 87' lang='lat' dir='ltr'><strong>condem-</strong></span> 
     </span>
    </p>
   </div>
   <div class='ocr_carea' id='block_1_73' title="bbox 1837 3162 3417 3231">
    <p class='ocr_par' dir='ltr' id='par_1_73' title="bbox 1837 3162 3417 3231">
     <span class='ocr_line' id='line_1_73' title="bbox 1837 3162 3417 3231; baseline 0.012 -20"><span class='ocrx_word' id='word_1_565' title='bbox 1837 3162 2005 3215; x_wconf 87' lang='lat' dir='ltr'><strong>nare?</strong></span> <span class='ocrx_word' id='word_1_566' title='bbox 2031 3163 2165 3218; x_wconf 88' lang='lat' dir='ltr'><strong>dicit</strong></span> <span class='ocrx_word' id='word_1_567' title='bbox 2188 3166 2334 3218; x_wconf 88' lang='lat' dir='ltr'><strong>enim</strong></span> <span class='ocrx_word' id='word_1_568' title='bbox 2361 3184 2372 3218; x_wconf 91' lang='lat'>:</span> <span class='ocrx_word' id='word_1_569' title='bbox 2404 3164 2471 3218; x_wconf 80' lang='lat' dir='ltr'><strong>Et</strong></span> <span class='ocrx_word' id='word_1_570' title='bbox 2498 3168 2672 3220; x_wconf 78' lang='lat' dir='ltr'><strong>emisit</strong></span> <span class='ocrx_word' id='word_1_571' title='bbox 2700 3167 2958 3225; x_wconf 80' lang='lat' dir='ltr'><strong>Dominus</strong></span> <span class='ocrx_word' id='word_1_572' title='bbox 2989 3172 3127 3227; x_wconf 87' lang='lat' dir='ltr'><strong>Deus</strong></span> <span class='ocrx_word' id='word_1_573' title='bbox 3154 3176 3325 3229; x_wconf 79' lang='lat' dir='ltr'><strong>Adam</strong></span> <span class='ocrx_word' id='word_1_574' title='bbox 3352 3194 3417 3231; x_wconf 82' lang='lat' dir='ltr'><strong>ea:</strong></span> 
     </span>
    </p>
   </div>
   <div class='ocr_carea' id='block_1_74' title="bbox 1834 3253 3414 3338">
    <p class='ocr_par' dir='ltr' id='par_1_74' title="bbox 1834 3253 3414 3338">
     <span class='ocr_line' id='line_1_74' title="bbox 1834 3253 3414 3338; baseline 0.014 -35"><span class='ocrx_word' id='word_1_575' title='bbox 1834 3253 2109 3320; x_wconf 79' lang='lat' dir='ltr'><strong>paradiso,</strong></span> <span class='ocrx_word' id='word_1_576' title='bbox 2136 3256 2416 3309; x_wconf 78' lang='lat' dir='ltr'><strong>collocavit</strong></span> <span class='ocrx_word' id='word_1_577' title='bbox 2442 3274 2560 3310; x_wconf 88' lang='lat' dir='ltr'><strong>cum</strong></span> <span class='ocrx_word' id='word_1_578' title='bbox 2588 3267 2710 3312; x_wconf 87' lang='lat' dir='ltr'><strong>ante</strong></span> <span class='ocrx_word' id='word_1_579' title='bbox 2746 3264 3060 3329; x_wconf 77' lang='lat' dir='ltr'><strong>paradisum</strong></span> <span class='ocrx_word' id='word_1_580' title='bbox 3102 3268 3414 3338; x_wconf 72' lang='lat' dir='ltr'><strong>voluptatis,</strong></span> 
     </span>
    </p>
   </div>
   <div class='ocr_carea' id='block_1_75' title="bbox 1832 3344 3418 3425">
    <p class='ocr_par' dir='ltr' id='par_1_75' title="bbox 1832 3344 3418 3425">
     <span class='ocr_line' id='line_1_75' title="bbox 1832 3344 3418 3425; baseline 0.013 -30"><span class='ocrx_word' id='word_1_581' title='bbox 1832 3352 1879 3395; x_wconf 83' lang='lat' dir='ltr'><strong>et</strong></span> <span class='ocrx_word' id='word_1_582' title='bbox 1897 3345 2087 3397; x_wconf 85' lang='lat' dir='ltr'><strong>statuit</strong></span> <span class='ocrx_word' id='word_1_583' title='bbox 2114 3344 2394 3398; x_wconf 68' lang='lat' dir='ltr'><strong>Cherubin:</strong></span> <span class='ocrx_word' id='word_1_584' title='bbox 2418 3356 2466 3399; x_wconf 83' lang='lat' dir='ltr'><strong>et</strong></span> <span class='ocrx_word' id='word_1_585' title='bbox 2491 3348 2795 3415; x_wconf 82' lang='lat' dir='ltr'><strong>ﬂammeum</strong></span> <span class='ocrx_word' id='word_1_586' title='bbox 2816 3352 3053 3419; x_wconf 86' lang='lat' dir='ltr'><strong>gladium</strong></span> <span class='ocrx_word' id='word_1_587' title='bbox 3071 3367 3228 3425; x_wconf 82' lang='lat' dir='ltr'><strong>atque</strong></span> <span class='ocrx_word' id='word_1_588' title='bbox 3245 3375 3418 3414; x_wconf 82' lang='lat' dir='ltr'><strong>versa-</strong></span> 
     </span>
    </p>
   </div>
   <div class='ocr_carea' id='block_1_76' title="bbox 1835 3433 3417 3513">
    <p class='ocr_par' dir='ltr' id='par_1_76' title="bbox 1835 3433 3417 3513">
     <span class='ocr_line' id='line_1_76' title="bbox 1835 3433 3417 3513; baseline 0.013 -29"><span class='ocrx_word' id='word_1_589' title='bbox 1835 3433 1980 3485; x_wconf 85' lang='lat' dir='ltr'><strong>tilem</strong></span> <span class='ocrx_word' id='word_1_590' title='bbox 1994 3433 2062 3486; x_wconf 89' lang='lat' dir='ltr'><strong>ad</strong></span> <span class='ocrx_word' id='word_1_591' title='bbox 2090 3435 2492 3488; x_wconf 79' lang='lat' dir='ltr'><strong>custodiendam</strong></span> <span class='ocrx_word' id='word_1_592' title='bbox 2520 3439 2660 3490; x_wconf 81' lang='lat' dir='ltr'><strong>viam</strong></span> <span class='ocrx_word' id='word_1_593' title='bbox 2691 3439 2824 3509; x_wconf 84' lang='lat' dir='ltr'><strong>ligni</strong></span> <span class='ocrx_word' id='word_1_594' title='bbox 2842 3441 2980 3496; x_wconf 73' lang='lat' dir='ltr'><strong>vilic.</strong></span> <span class='ocrx_word' id='word_1_595' title='bbox 3002 3445 3172 3513; x_wconf 78' lang='lat' dir='ltr'><strong>Igitur</strong></span> <span class='ocrx_word' id='word_1_596' title='bbox 3190 3451 3417 3505; x_wconf 90' lang='lat' dir='ltr'><strong>omnino</strong></span> 
     </span>
    </p>
   </div>
   <div class='ocr_carea' id='block_1_77' title="bbox 1834 3523 3416 3598">
    <p class='ocr_par' dir='ltr' id='par_1_77' title="bbox 1834 3523 3416 3598">
     <span class='ocr_line' id='line_1_77' title="bbox 1834 3523 3416 3598; baseline 0.014 -23"><span class='ocrx_word' id='word_1_597' title='bbox 1834 3524 1987 3576; x_wconf 87' lang='lat' dir='ltr'><strong>solus</strong></span> <span class='ocrx_word' id='word_1_598' title='bbox 2021 3523 2182 3578; x_wconf 86' lang='lat' dir='ltr'><strong>homo</strong></span> <span class='ocrx_word' id='word_1_599' title='bbox 2206 3525 2369 3593; x_wconf 88' lang='lat' dir='ltr'><strong>periit</strong></span> <span class='ocrx_word' id='word_1_600' title='bbox 2396 3527 2667 3596; x_wconf 85' lang='lat' dir='ltr'><strong>siquidem</strong></span> <span class='ocrx_word' id='word_1_601' title='bbox 2695 3544 2806 3598; x_wconf 78' lang='lat' dir='ltr'><strong>pra:</strong></span> <span class='ocrx_word' id='word_1_602' title='bbox 2837 3534 3051 3589; x_wconf 64' lang='lat' dir='ltr'><strong>caeteris</strong></span> <span class='ocrx_word' id='word_1_603' title='bbox 3084 3537 3416 3597; x_wconf 84' lang='lat' dir='ltr'><strong>animalibus</strong></span> 
     </span>
    </p>
   </div>
   <div class='ocr_carea' id='block_1_78' title="bbox 1835 3617 3414 3699">
    <p class='ocr_par' dir='ltr' id='par_1_78' title="bbox 1835 3617 3414 3699">
     <span class='ocr_line' id='line_1_78' title="bbox 1835 3617 3414 3699; baseline 0.012 -32"><span class='ocrx_word' id='word_1_604' title='bbox 1835 3617 2249 3672; x_wconf 87' lang='lat' dir='ltr'><strong>condemnatus.</strong></span> <span class='ocrx_word' id='word_1_605' title='bbox 2275 3617 2412 3673; x_wconf 85' lang='lat' dir='ltr'><strong>Male</strong></span> <span class='ocrx_word' id='word_1_606' title='bbox 2431 3621 2598 3674; x_wconf 89' lang='lat' dir='ltr'><strong>etiam</strong></span> <span class='ocrx_word' id='word_1_607' title='bbox 2635 3631 2821 3676; x_wconf 74' lang='lat' dir='ltr'><strong>actum</strong></span> <span class='ocrx_word' id='word_1_608' title='bbox 2843 3633 2929 3679; x_wconf 90' lang='lat' dir='ltr'><strong>est</strong></span> <span class='ocrx_word' id='word_1_609' title='bbox 2952 3641 3078 3681; x_wconf 89' lang='lat' dir='ltr'><strong>cum</strong></span> <span class='ocrx_word' id='word_1_610' title='bbox 3109 3627 3414 3699; x_wconf 84' lang='lat' dir='ltr'><strong>Cherubin,</strong></span> 
     </span>
    </p>
   </div>
   <div class='ocr_carea' id='block_1_79' title="bbox 1833 3707 3416 3790">
    <p class='ocr_par' dir='ltr' id='par_1_79' title="bbox 1833 3707 3416 3790">
     <span class='ocr_line' id='line_1_79' title="bbox 1833 3707 3416 3790; baseline 0.013 -33"><span class='ocrx_word' id='word_1_611' title='bbox 1833 3707 2033 3777; x_wconf 89' lang='lat' dir='ltr'><strong>quippe</strong></span> <span class='ocrx_word' id='word_1_612' title='bbox 2054 3708 2282 3777; x_wconf 84' lang='lat' dir='ltr'><strong>reliquis</strong></span> <span class='ocrx_word' id='word_1_613' title='bbox 2304 3711 2562 3766; x_wconf 90' lang='lat' dir='ltr'><strong>omnibus</strong></span> <span class='ocrx_word' id='word_1_614' title='bbox 2580 3713 2931 3780; x_wconf 85' lang='lat' dir='ltr'><strong>animalibus,</strong></span> <span class='ocrx_word' id='word_1_615' title='bbox 2953 3731 3143 3774; x_wconf 87' lang='lat' dir='ltr'><strong>secure</strong></span> <span class='ocrx_word' id='word_1_616' title='bbox 3161 3724 3416 3790; x_wconf 80' lang='lat' dir='ltr'><strong>paradiso</strong></span> 
     </span>
    </p>
   </div>
   <div class='ocr_carea' id='block_1_80' title="bbox 1835 3797 3415 3885">
    <p class='ocr_par' dir='ltr' id='par_1_80' title="bbox 1835 3797 3415 3885">
     <span class='ocr_line' id='line_1_80' title="bbox 1835 3797 3415 3885; baseline 0.014 -35"><span class='ocrx_word' id='word_1_617' title='bbox 1835 3797 2143 3854; x_wconf 67' lang='lat' dir='ltr'><strong>{ruentibus</strong></span> <span class='ocrx_word' id='word_1_618' title='bbox 2167 3800 2282 3870; x_wconf 87' lang='lat' dir='ltr'><strong>ipsa</strong></span> <span class='ocrx_word' id='word_1_619' title='bbox 2313 3801 2634 3870; x_wconf 85' lang='lat' dir='ltr'><strong>Clierubim,</strong></span> <span class='ocrx_word' id='word_1_620' title='bbox 2669 3805 2962 3864; x_wconf 84' lang='lat' dir='ltr'><strong>Cherubici</strong></span> <span class='ocrx_word' id='word_1_621' title='bbox 2981 3811 3185 3877; x_wconf 85' lang='lat' dir='ltr'><strong>throni,</strong></span> <span class='ocrx_word' id='word_1_622' title='bbox 3221 3831 3415 3885; x_wconf 87' lang='lat' dir='ltr'><strong>perso-</strong></span> 
     </span>
    </p>
   </div>
   <div class='ocr_carea' id='block_1_81' title="bbox 1836 3891 3416 3978">
    <p class='ocr_par' dir='ltr' id='par_1_81' title="bbox 1836 3891 3416 3978">
     <span class='ocr_line' id='line_1_81' title="bbox 1836 3891 3416 3978; baseline 0.013 -36"><span class='ocrx_word' id='word_1_623' title='bbox 1836 3891 1976 3944; x_wconf 91' lang='lat' dir='ltr'><strong>nalis</strong></span> <span class='ocrx_word' id='word_1_624' title='bbox 2006 3892 2305 3957; x_wconf 85' lang='lat' dir='ltr'><strong>servitutis,</strong></span> <span class='ocrx_word' id='word_1_625' title='bbox 2333 3896 2636 3961; x_wconf 70' lang='lat' dir='ltr'><strong>praesentia:</strong></span> <span class='ocrx_word' id='word_1_626' title='bbox 2676 3905 2730 3952; x_wconf 91' lang='lat' dir='ltr'><strong>et</strong></span> <span class='ocrx_word' id='word_1_627' title='bbox 2753 3897 3027 3956; x_wconf 81' lang='lat' dir='ltr'><strong>fruitiouis</strong></span> <span class='ocrx_word' id='word_1_628' title='bbox 3061 3915 3279 3960; x_wconf 64' lang='lat' dir='ltr'><strong>interna:</strong></span> <span class='ocrx_word' id='word_1_629' title='bbox 3299 3909 3416 3978; x_wconf 80' lang='lat' dir='ltr'><strong>glo-</strong></span> 
     </span>
    </p>
   </div>
   <div class='ocr_carea' id='block_1_82' title="bbox 1836 3982 3415 4068">
    <p class='ocr_par' dir='ltr' id='par_1_82' title="bbox 1836 3982 3415 4068">
     <span class='ocr_line' id='line_1_82' title="bbox 1836 3982 3415 4068; baseline 0.013 -34"><span class='ocrx_word' id='word_1_630' title='bbox 1836 3982 1928 4035; x_wconf 53' lang='lat' dir='ltr'><strong>rise</strong></span> <span class='ocrx_word' id='word_1_631' title='bbox 1946 3982 2208 4049; x_wconf 86' lang='lat' dir='ltr'><strong>janilores</strong></span> <span class='ocrx_word' id='word_1_632' title='bbox 2229 3993 2276 4036; x_wconf 89' lang='lat' dir='ltr'><strong>et</strong></span> <span class='ocrx_word' id='word_1_633' title='bbox 2295 3985 2427 4053; x_wconf 80' lang='lat' dir='ltr'><strong>ﬁcus</strong></span> <span class='ocrx_word' id='word_1_634' title='bbox 2449 3987 2694 4040; x_wconf 86' lang='lat' dir='ltr'><strong>custodes</strong></span> <span class='ocrx_word' id='word_1_635' title='bbox 2727 3989 2842 4058; x_wconf 86' lang='lat' dir='ltr'><strong>(l9)</strong></span> <span class='ocrx_word' id='word_1_636' title='bbox 2865 3990 3048 4047; x_wconf 88' lang='lat' dir='ltr'><strong>hostili</strong></span> <span class='ocrx_word' id='word_1_637' title='bbox 3075 4007 3415 4068; x_wconf 66' lang='lat' dir='ltr'><strong>terreuaique</strong></span> 
     </span>
    </p>
   </div>
   <div class='ocr_carea' id='block_1_83' title="bbox 1834 4074 3415 4155">
    <p class='ocr_par' dir='ltr' id='par_1_83' title="bbox 1834 4074 3415 4155">
     <span class='ocr_line' id='line_1_83' title="bbox 1834 4074 3415 4155; baseline 0.013 -29"><span class='ocrx_word' id='word_1_638' title='bbox 1834 4074 2096 4126; x_wconf 72' lang='lat' dir='ltr'><strong>custodiae</strong></span> <span class='ocrx_word' id='word_1_639' title='bbox 2148 4074 2407 4143; x_wconf 70' lang='lat' dir='ltr'><strong>praelecta</strong></span> <span class='ocrx_word' id='word_1_640' title='bbox 2446 4115 2461 4140; x_wconf 94' lang='lat'><strong>,</strong></span> <span class='ocrx_word' id='word_1_641' title='bbox 2521 4079 2944 4137; x_wconf 85' lang='lat' dir='ltr'><strong>condemnatum</strong></span> <span class='ocrx_word' id='word_1_642' title='bbox 2997 4097 3305 4155; x_wconf 83' lang='lat' dir='ltr'><strong>serpentem</strong></span> <span class='ocrx_word' id='word_1_643' title='bbox 3362 4105 3415 4145; x_wconf 89' lang='lat' dir='ltr'><strong>et</strong></span> 
     </span>
    </p>
   </div>
   <div class='ocr_carea' id='block_1_84' title="bbox 1835 4164 3416 4252">
    <p class='ocr_par' dir='ltr' id='par_1_84' title="bbox 1835 4164 3416 4252">
     <span class='ocr_line' id='line_1_84' title="bbox 1835 4164 3416 4252; baseline 0.013 -38"><span class='ocrx_word' id='word_1_644' title='bbox 1835 4164 2120 4217; x_wconf 86' lang='lat' dir='ltr'><strong>mulierem</strong></span> <span class='ocrx_word' id='word_1_645' title='bbox 2138 4165 2291 4233; x_wconf 88' lang='lat' dir='ltr'><strong>jussa</strong></span> <span class='ocrx_word' id='word_1_646' title='bbox 2316 4177 2446 4221; x_wconf 90' lang='lat' dir='ltr'><strong>sunt</strong></span> <span class='ocrx_word' id='word_1_647' title='bbox 2475 4170 2747 4224; x_wconf 85' lang='lat' dir='ltr'><strong>servditer</strong></span> <span class='ocrx_word' id='word_1_648' title='bbox 2773 4175 3093 4230; x_wconf 89' lang='lat' dir='ltr'><strong>custodire:</strong></span> <span class='ocrx_word' id='word_1_649' title='bbox 3126 4179 3218 4232; x_wconf 89' lang='lat' dir='ltr'><strong>sed</strong></span> <span class='ocrx_word' id='word_1_650' title='bbox 3246 4195 3416 4252; x_wconf 74' lang='lat' dir='ltr'><strong>apage</strong></span> 
     </span>
    </p>
   </div>
   <div class='ocr_carea' id='block_1_85' title="bbox 1835 4255 3414 4339">
    <p class='ocr_par' dir='ltr' id='par_1_85' title="bbox 1835 4255 3414 4339">
     <span class='ocr_line' id='line_1_85' title="bbox 1835 4255 3414 4339; baseline 0.011 -30"><span class='ocrx_word' id='word_1_651' title='bbox 1835 4255 1912 4309; x_wconf 87' lang='lat' dir='ltr'><strong>sis</strong></span> <span class='ocrx_word' id='word_1_652' title='bbox 1949 4256 2110 4309; x_wconf 83' lang='lat' dir='ltr'><strong>verba</strong></span> <span class='ocrx_word' id='word_1_653' title='bbox 2149 4257 2252 4311; x_wconf 90' lang='lat' dir='ltr'><strong>ista</strong></span> <span class='ocrx_word' id='word_1_654' title='bbox 2308 4259 2548 4313; x_wconf 88' lang='lat' dir='ltr'><strong>absurda</strong></span> <span class='ocrx_word' id='word_1_655' title='bbox 2601 4270 2657 4315; x_wconf 90' lang='lat' dir='ltr'><strong>et</strong></span> <span class='ocrx_word' id='word_1_656' title='bbox 2706 4263 3001 4321; x_wconf 88' lang='lat' dir='ltr'><strong>insolentia</strong></span> <span class='ocrx_word' id='word_1_657' title='bbox 3043 4268 3180 4339; x_wconf 74' lang='grc'>(20).</span> <span class='ocrx_word' id='word_1_658' title='bbox 3212 4273 3414 4329; x_wconf 82' lang='lat' dir='ltr'><strong>Astaus</strong></span> 
     </span>
    </p>
   </div>
   <div class='ocr_carea' id='block_1_86' title="bbox 149 4344 1731 4430">
    <p class='ocr_par' dir='ltr' id='par_1_86' title="bbox 149 4348 1731 4421">
     <span class='ocr_line' id='line_1_86' title="bbox 149 4348 1731 4421; baseline 0.004 -23"><span class='ocrx_word' id='word_1_659' title='bbox 149 4350 244 4399; x_wconf 77' lang='grc' dir='ltr'>καὶ</span> <span class='ocrx_word' id='word_1_660' title='bbox 296 4348 768 4400; x_wconf 80' lang='grc' dir='ltr'>καταδικασθέντα</span> <span class='ocrx_word' id='word_1_661' title='bbox 815 4349 906 4400; x_wconf 85' lang='grc' dir='ltr'><strong>τὸν</strong></span> <span class='ocrx_word' id='word_1_662' title='bbox 938 4349 1268 4419; x_wconf 83' lang='grc' dir='ltr'>κατάκριτον</span> <span class='ocrx_word' id='word_1_663' title='bbox 1319 4349 1463 4419; x_wconf 79' lang='grc' dir='ltr'>ὅφιν,</span> <span class='ocrx_word' id='word_1_664' title='bbox 1502 4353 1594 4404; x_wconf 77' lang='grc' dir='ltr'>καὶ</span> <span class='ocrx_word' id='word_1_665' title='bbox 1633 4353 1731 4421; x_wconf 76' lang='grc' dir='ltr'><strong>τὴν</strong></span> 
     </span>
    </p>
   </div>
   <div class='ocr_carea' id='block_1_87' title="bbox 1834 4344 3413 4430">
    <p class='ocr_par' dir='ltr' id='par_1_87' title="bbox 1838 4344 3413 4430">
     <span class='ocr_line' id='line_1_87' title="bbox 1838 4344 3413 4430; baseline 0.013 -32"><span class='ocrx_word' id='word_1_666' title='bbox 1838 4344 2059 4402; x_wconf 80' lang='lat' dir='ltr'><strong>divinus</strong></span> <span class='ocrx_word' id='word_1_667' title='bbox 2084 4346 2287 4406; x_wconf 83' lang='lat' dir='ltr'><strong>Paulus</strong></span> <span class='ocrx_word' id='word_1_668' title='bbox 2308 4363 2495 4404; x_wconf 78' lang='lat' dir='ltr'><strong>severe</strong></span> <span class='ocrx_word' id='word_1_669' title='bbox 2516 4351 2840 4419; x_wconf 80' lang='lat' dir='ltr'><strong>infremens,</strong></span> <span class='ocrx_word' id='word_1_670' title='bbox 2871 4372 3068 4428; x_wconf 83' lang='lat' dir='ltr'><strong>meque</strong></span> <span class='ocrx_word' id='word_1_671' title='bbox 3096 4363 3413 4430; x_wconf 71' lang='lat' dir='ltr'><strong>respiciens,</strong></span> 
     </span>
    </p>
   </div>
   <div class='ocr_carea' id='block_1_88' title="bbox 146 4437 1725 4510">
    <p class='ocr_par' dir='ltr' id='par_1_88' title="bbox 146 4437 1725 4510">
     <span class='ocr_line' id='line_1_88' title="bbox 146 4437 1725 4510; baseline 0.003 -20"><span class='ocrx_word' id='word_1_672' title='bbox 146 4441 382 4504; x_wconf 85' lang='grc' dir='ltr'>γυναῖκα</span> <span class='ocrx_word' id='word_1_673' title='bbox 402 4437 660 4502; x_wconf 81' lang='grc' dir='ltr'>δουλικῶς</span> <span class='ocrx_word' id='word_1_674' title='bbox 685 4439 956 4509; x_wconf 85' lang='grc' dir='ltr'>πυλωρεῖν</span> <span class='ocrx_word' id='word_1_675' title='bbox 983 4439 1338 4510; x_wconf 80' lang='grc' dir='ltr'>ὴτιμώθησαν</span> <span class='ocrx_word' id='word_1_676' title='bbox 1361 4457 1374 4471; x_wconf 73' lang='grc' dir='ltr'><strong>ο</strong></span> <span class='ocrx_word' id='word_1_677' title='bbox 1399 4440 1513 4494; x_wconf 83' lang='grc' dir='ltr'>ἀλλ’</span> <span class='ocrx_word' id='word_1_678' title='bbox 1549 4443 1725 4510; x_wconf 85' lang='grc' dir='ltr'>ἄπαγε</span> 
     </span>
    </p>
   </div>
   <div class='ocr_carea' id='block_1_89' title="bbox 146 4528 1730 4600">
    <p class='ocr_par' dir='ltr' id='par_1_89' title="bbox 146 4528 1730 4600">
     <span class='ocr_line' id='line_1_89' title="bbox 146 4528 1730 4600; baseline 0.003 -21"><span class='ocrx_word' id='word_1_679' title='bbox 146 4528 249 4598; x_wconf 83' lang='grc' dir='ltr'>τῆς</span> <span class='ocrx_word' id='word_1_680' title='bbox 269 4529 381 4581; x_wconf 90' lang='grc' dir='ltr'><strong>τῶν</strong></span> <span class='ocrx_word' id='word_1_681' title='bbox 407 4531 673 4600; x_wconf 76' lang='grc' dir='ltr'>ῥημάτων</span> <span class='ocrx_word' id='word_1_682' title='bbox 689 4530 894 4583; x_wconf 87' lang='grc' dir='ltr'>τούτων</span> <span class='ocrx_word' id='word_1_683' title='bbox 912 4531 1161 4594; x_wconf 87' lang='grc' dir='ltr'>ἀτοπίας.</span> <span class='ocrx_word' id='word_1_684' title='bbox 1192 4532 1448 4595; x_wconf 71' lang='grc' dir='ltr'>Ἐπιστὰς</span> <span class='ocrx_word' id='word_1_685' title='bbox 1476 4533 1504 4584; x_wconf 93' lang='lat'><strong>6</strong></span> <span class='ocrx_word' id='word_1_686' title='bbox 1531 4533 1730 4585; x_wconf 80' lang='grc' dir='ltr'>θειότα-</span> 
     </span>
    </p>
   </div>
   <div class='ocr_carea' id='block_1_90' title="bbox 145 4615 1728 4695">
    <p class='ocr_par' dir='ltr' id='par_1_90' title="bbox 145 4615 1728 4695">
     <span class='ocr_line' id='line_1_90' title="bbox 145 4615 1728 4695; baseline 0.003 -23"><span class='ocrx_word' id='word_1_687' title='bbox 145 4637 238 4682; x_wconf 85' lang='grc' dir='ltr'>τος</span> <span class='ocrx_word' id='word_1_688' title='bbox 261 4615 385 4674; x_wconf 74' lang='grc' dir='ltr'>εἶπέ</span> <span class='ocrx_word' id='word_1_689' title='bbox 408 4639 500 4692; x_wconf 85' lang='grc' dir='ltr'><strong>μοι</strong></span> <span class='ocrx_word' id='word_1_690' title='bbox 522 4622 752 4686; x_wconf 83' lang='grc' dir='ltr'>Παῦλος,</span> <span class='ocrx_word' id='word_1_691' title='bbox 777 4622 1068 4692; x_wconf 81' lang='grc' dir='ltr'>αὐστηρῶς</span> <span class='ocrx_word' id='word_1_692' title='bbox 1093 4622 1512 4695; x_wconf 83' lang='grc' dir='ltr'>ἐμϐριμώμενος</span> <span class='ocrx_word' id='word_1_693' title='bbox 1534 4627 1611 4687; x_wconf 87' lang='grc' dir='ltr'><strong>είς</strong></span> <span class='ocrx_word' id='word_1_694' title='bbox 1631 4625 1728 4694; x_wconf 72' lang='grc' dir='ltr'><strong>ἐμὲ</strong></span> 
     </span>
    </p>
   </div>
   <div class='ocr_carea' id='block_1_91' title="bbox 147 4712 1729 4785">
    <p class='ocr_par' dir='ltr' id='par_1_91' title="bbox 147 4712 1729 4785">
     <span class='ocr_line' id='line_1_91' title="bbox 147 4712 1729 4785; baseline 0.004 -22"><span class='ocrx_word' id='word_1_695' title='bbox 147 4712 468 4781; x_wconf 68' lang='grc' dir='ltr'>ἀποϐλέψας</span> <span class='ocrx_word' id='word_1_696' title='bbox 486 4729 499 4743; x_wconf 88' lang='grc'><strong>·</strong></span> <span class='ocrx_word' id='word_1_697' title='bbox 526 4712 604 4767; x_wconf 86' lang='lat' dir='ltr'>T6</span> <span class='ocrx_word' id='word_1_698' title='bbox 628 4713 967 4782; x_wconf 82' lang='grc' dir='ltr'>μυστήριον</span> <span class='ocrx_word' id='word_1_699' title='bbox 993 4714 1199 4766; x_wconf 87' lang='grc' dir='ltr'>τούτων</span> <span class='ocrx_word' id='word_1_700' title='bbox 1224 4713 1332 4767; x_wconf 91' lang='grc' dir='ltr'><strong>τῶν</strong></span> <span class='ocrx_word' id='word_1_701' title='bbox 1357 4714 1729 4785; x_wconf 86' lang='grc' dir='ltr'>θεωρημάτων</span> 
     </span>
    </p>
   </div>
   <div class='ocr_carea' id='block_1_92' title="bbox 143 4802 1726 4875">
    <p class='ocr_par' dir='ltr' id='par_1_92' title="bbox 143 4802 1726 4875">
     <span class='ocr_line' id='line_1_92' title="bbox 143 4802 1726 4875; baseline 0.004 -21"><span class='ocrx_word' id='word_1_702' title='bbox 143 4802 301 4870; x_wconf 75' lang='grc' dir='ltr'>μέγα</span> <span class='ocrx_word' id='word_1_703' title='bbox 327 4803 530 4856; x_wconf 78' lang='grc' dir='ltr'>ἐστίν·</span> <span class='ocrx_word' id='word_1_704' title='bbox 561 4805 679 4873; x_wconf 81' lang='grc' dir='ltr'><strong>ἐγὼ</strong></span> <span class='ocrx_word' id='word_1_705' title='bbox 706 4805 774 4858; x_wconf 82' lang='grc' dir='ltr'>δέ</span> <span class='ocrx_word' id='word_1_706' title='bbox 796 4820 898 4858; x_wconf 91' lang='grc' dir='ltr'><strong>σοι</strong></span> <span class='ocrx_word' id='word_1_707' title='bbox 928 4805 1083 4868; x_wconf 75' lang='grc' dir='ltr'>λέγω</span> <span class='ocrx_word' id='word_1_708' title='bbox 1108 4807 1193 4872; x_wconf 80' lang='grc' dir='ltr'>εἰς</span> <span class='ocrx_word' id='word_1_709' title='bbox 1212 4806 1473 4874; x_wconf 78' lang='grc' dir='ltr'>Χριστὸν</span> <span class='ocrx_word' id='word_1_710' title='bbox 1504 4809 1603 4861; x_wconf 79' lang='grc' dir='ltr'><strong>καί</strong></span> <span class='ocrx_word' id='word_1_711' title='bbox 1638 4809 1726 4875; x_wconf 79' lang='grc' dir='ltr'>εἰς</span> 
     </span>
    </p>
   </div>
   <div class='ocr_carea' id='block_1_93' title="bbox 147 4892 1726 4969">
    <p class='ocr_par' dir='ltr' id='par_1_93' title="bbox 147 4892 1726 4969">
     <span class='ocr_line' id='line_1_93' title="bbox 147 4892 1726 4969; baseline 0.004 -23"><span class='ocrx_word' id='word_1_712' title='bbox 147 4892 266 4962; x_wconf 82' lang='grc' dir='ltr'>τὴν</span> <span class='ocrx_word' id='word_1_713' title='bbox 300 4893 693 4964; x_wconf 76' lang='grc' dir='ltr'>Ἐκκλησίαν.</span> <span class='ocrx_word' id='word_1_714' title='bbox 719 4899 829 4952; x_wconf 76' lang='grc' dir='ltr'><strong>Καὶ</strong></span> <span class='ocrx_word' id='word_1_715' title='bbox 877 4897 1052 4952; x_wconf 85' lang='grc' dir='ltr'>ταῦτα</span> <span class='ocrx_word' id='word_1_716' title='bbox 1087 4897 1200 4952; x_wconf 88' lang='grc' dir='ltr'>νόει</span> <span class='ocrx_word' id='word_1_717' title='bbox 1247 4898 1385 4952; x_wconf 87' lang='grc' dir='ltr'><strong>κατά</strong></span> <span class='ocrx_word' id='word_1_718' title='bbox 1435 4896 1539 4969; x_wconf 81' lang='grc' dir='ltr'><strong>[δὲ]</strong></span> <span class='ocrx_word' id='word_1_719' title='bbox 1574 4897 1726 4952; x_wconf 88' lang='grc' dir='ltr'>τόνδε</span> 
     </span>
    </p>
   </div>
   <div class='ocr_carea' id='block_1_94' title="bbox 217 5136 707 5208">
    <p class='ocr_par' dir='ltr' id='par_1_94' title="bbox 217 5136 707 5208">
     <span class='ocr_line' id='line_1_94' title="bbox 217 5136 707 5208; baseline 0 -14"><span class='ocrx_word' id='word_1_720' title='bbox 217 5136 248 5178; x_wconf 70' lang='grc' dir='ltr'>ι</span> <span class='ocrx_word' id='word_1_721' title='bbox 285 5137 490 5208; x_wconf 84' lang='lat' dir='ltr'><strong>Ephes.</strong></span> <span class='ocrx_word' id='word_1_722' title='bbox 527 5151 582 5204; x_wconf 76' lang='grc' dir='ltr'><strong>ν,</strong></span> <span class='ocrx_word' id='word_1_723' title='bbox 617 5137 707 5195; x_wconf 75' lang='lat'><strong>32.</strong></span> 
     </span>
    </p>
   </div>
   <div class='ocr_carea' id='block_1_95' title="bbox 1835 4436 3414 4520">
    <p class='ocr_par' dir='ltr' id='par_1_95' title="bbox 1835 4436 3414 4520">
     <span class='ocr_line' id='line_1_95' title="bbox 1835 4436 3414 4520; baseline 0.011 -29"><span class='ocrx_word' id='word_1_724' title='bbox 1835 4436 2151 4508; x_wconf 70' lang='lat' dir='ltr'><strong>Hysterium</strong></span> <span class='ocrx_word' id='word_1_725' title='bbox 2181 4441 2336 4507; x_wconf 86' lang='lat' dir='ltr'><strong>illud,</strong></span> <span class='ocrx_word' id='word_1_726' title='bbox 2370 4444 2566 4512; x_wconf 90' lang='lat' dir='ltr'><strong>inquit,</strong></span> <span class='ocrx_word' id='word_1_727' title='bbox 2598 4462 2847 4514; x_wconf 84' lang='lat' dir='ltr'><strong>magnum</strong></span> <span class='ocrx_word' id='word_1_728' title='bbox 2875 4460 2973 4514; x_wconf 84' lang='lat' dir='ltr'><strong>est,</strong></span> <span class='ocrx_word' id='word_1_729' title='bbox 3020 4451 3208 4520; x_wconf 85' lang='lat' dir='ltr'><strong>loquor</strong></span> <span class='ocrx_word' id='word_1_730' title='bbox 3237 4466 3414 4509; x_wconf 83' lang='lat' dir='ltr'><strong>autem</strong></span> 
     </span>
    </p>
   </div>
   <div class='ocr_carea' id='block_1_96' title="bbox 1836 4531 3414 4616">
    <p class='ocr_par' dir='ltr' id='par_1_96' title="bbox 1836 4531 3414 4616">
     <span class='ocr_line' id='line_1_96' title="bbox 1836 4531 3414 4616; baseline 0.012 -34"><span class='ocrx_word' id='word_1_731' title='bbox 1836 4532 1890 4583; x_wconf 90' lang='lat' dir='ltr'><strong>in</strong></span> <span class='ocrx_word' id='word_1_732' title='bbox 1914 4531 2182 4586; x_wconf 81' lang='lat' dir='ltr'><strong>Christum</strong></span> <span class='ocrx_word' id='word_1_733' title='bbox 2203 4543 2252 4586; x_wconf 87' lang='lat' dir='ltr'><strong>et</strong></span> <span class='ocrx_word' id='word_1_734' title='bbox 2275 4535 2388 4602; x_wconf 81' lang='lat' dir='ltr'><strong>ejus</strong></span> <span class='ocrx_word' id='word_1_735' title='bbox 2424 4534 2718 4590; x_wconf 83' lang='lat' dir='ltr'><strong>Ecclesium</strong></span> <span class='ocrx_word' id='word_1_736' title='bbox 2750 4540 2797 4593; x_wconf 74' lang='grc' dir='ltr'><strong>Ικ.</strong></span> <span class='ocrx_word' id='word_1_737' title='bbox 2825 4540 2956 4607; x_wconf 68' lang='lat' dir='ltr'><strong>Quae</strong></span> <span class='ocrx_word' id='word_1_738' title='bbox 2989 4547 3070 4599; x_wconf 85' lang='lat' dir='ltr'><strong>sic</strong></span> <span class='ocrx_word' id='word_1_739' title='bbox 3105 4546 3414 4616; x_wconf 81' lang='lat' dir='ltr'><strong>intelligen-</strong></span> 
     </span>
    </p>
   </div>
   <div class='ocr_carea' id='block_1_97' title="bbox 1837 4623 3411 4709">
    <p class='ocr_par' dir='ltr' id='par_1_97' title="bbox 1837 4623 3411 4709">
     <span class='ocr_line' id='line_1_97' title="bbox 1837 4623 3411 4709; baseline 0.011 -32"><span class='ocrx_word' id='word_1_740' title='bbox 1837 4623 1904 4677; x_wconf 84' lang='lat' dir='ltr'><strong>da</strong></span> <span class='ocrx_word' id='word_1_741' title='bbox 1932 4634 2092 4678; x_wconf 89' lang='lat' dir='ltr'><strong>sunt:</strong></span> <span class='ocrx_word' id='word_1_742' title='bbox 2134 4623 2328 4679; x_wconf 84' lang='lat' dir='ltr'><strong>Mulier</strong></span> <span class='ocrx_word' id='word_1_743' title='bbox 2349 4628 2519 4693; x_wconf 89' lang='lat' dir='ltr'><strong>enim,</strong></span> <span class='ocrx_word' id='word_1_744' title='bbox 2556 4638 2615 4682; x_wconf 93' lang='lat' dir='ltr'><strong>ut</strong></span> <span class='ocrx_word' id='word_1_745' title='bbox 2644 4645 2673 4682; x_wconf 91' lang='lat' dir='ltr'><strong>a</strong></span> <span class='ocrx_word' id='word_1_746' title='bbox 2707 4633 2826 4685; x_wconf 92' lang='lat' dir='ltr'><strong>viro</strong></span> <span class='ocrx_word' id='word_1_747' title='bbox 2855 4637 3129 4702; x_wconf 82' lang='lat' dir='ltr'><strong>profecta,</strong></span> <span class='ocrx_word' id='word_1_748' title='bbox 3177 4640 3242 4692; x_wconf 88' lang='lat' dir='ltr'><strong>ad</strong></span> <span class='ocrx_word' id='word_1_749' title='bbox 3281 4657 3411 4709; x_wconf 84' lang='lat' dir='ltr'><strong>pro-</strong></span> 
     </span>
    </p>
   </div>
   <div class='ocr_carea' id='block_1_98' title="bbox 1838 4725 3408 4793">
    <p class='ocr_par' dir='ltr' id='par_1_98' title="bbox 1838 4725 3408 4793">
     <span class='ocr_line' id='line_1_98' title="bbox 1838 4725 3408 4793; baseline 0.014 -29"><span class='ocrx_word' id='word_1_750' title='bbox 1838 4727 2016 4783; x_wconf 88' lang='lat' dir='ltr'><strong>prium</strong></span> <span class='ocrx_word' id='word_1_751' title='bbox 2060 4725 2339 4783; x_wconf 86' lang='lat' dir='ltr'><strong>parentem</strong></span> <span class='ocrx_word' id='word_1_752' title='bbox 2393 4734 2553 4773; x_wconf 89' lang='lat' dir='ltr'><strong>suum</strong></span> <span class='ocrx_word' id='word_1_753' title='bbox 2601 4737 2865 4778; x_wconf 81' lang='lat' dir='ltr'><strong>conversa</strong></span> <span class='ocrx_word' id='word_1_754' title='bbox 2918 4736 3042 4793; x_wconf 90' lang='lat' dir='ltr'><strong>est,</strong></span> <span class='ocrx_word' id='word_1_755' title='bbox 3092 4729 3169 4782; x_wconf 91' lang='lat' dir='ltr'><strong>vir</strong></span> <span class='ocrx_word' id='word_1_756' title='bbox 3215 4745 3342 4784; x_wconf 92' lang='lat' dir='ltr'><strong>vero</strong></span> <span class='ocrx_word' id='word_1_757' title='bbox 3379 4747 3408 4786; x_wconf 86' lang='lat' dir='ltr'><strong>a</strong></span> 
     </span>
    </p>
   </div>
   <div class='ocr_carea' id='block_1_99' title="bbox 1834 4808 3411 4888">
    <p class='ocr_par' dir='ltr' id='par_1_99' title="bbox 1834 4808 3411 4888">
     <span class='ocr_line' id='line_1_99' title="bbox 1834 4808 3411 4888; baseline 0.01 -27"><span class='ocrx_word' id='word_1_758' title='bbox 1834 4816 1987 4877; x_wconf 87' lang='lat' dir='ltr'><strong>patre</strong></span> <span class='ocrx_word' id='word_1_759' title='bbox 2032 4808 2411 4876; x_wconf 89' lang='lat' dir='ltr'><strong>descendens,</strong></span> <span class='ocrx_word' id='word_1_760' title='bbox 2463 4813 2530 4868; x_wconf 87' lang='lat' dir='ltr'><strong>ad</strong></span> <span class='ocrx_word' id='word_1_761' title='bbox 2595 4814 2747 4870; x_wconf 90' lang='lat' dir='ltr'><strong>illum</strong></span> <span class='ocrx_word' id='word_1_762' title='bbox 2797 4819 3116 4888; x_wconf 76' lang='lat' dir='ltr'><strong>remigravit</strong></span> <span class='ocrx_word' id='word_1_763' title='bbox 3163 4835 3193 4875; x_wconf 90' lang='lat' dir='ltr'><strong>c</strong></span> <span class='ocrx_word' id='word_1_764' title='bbox 3244 4829 3411 4886; x_wconf 88' lang='lat' dir='ltr'><strong>terra,</strong></span> 
     </span>
    </p>
   </div>
   <div class='ocr_carea' id='block_1_100' title="bbox 1838 4901 3408 4982">
    <p class='ocr_par' dir='ltr' id='par_1_100' title="bbox 1838 4901 3408 4982">
     <span class='ocr_line' id='line_1_100' title="bbox 1838 4901 3408 4982; baseline 0.007 -27"><span class='ocrx_word' id='word_1_765' title='bbox 1838 4901 2220 4973; x_wconf 85' lang='lat' dir='ltr'><strong>unusquisque</strong></span> <span class='ocrx_word' id='word_1_766' title='bbox 2273 4904 2339 4958; x_wconf 90' lang='lat' dir='ltr'><strong>ad</strong></span> <span class='ocrx_word' id='word_1_767' title='bbox 2366 4907 2644 4976; x_wconf 89' lang='lat' dir='ltr'><strong>propriam</strong></span> <span class='ocrx_word' id='word_1_768' title='bbox 2679 4910 3063 4977; x_wconf 80' lang='lat' dir='ltr'><strong>cognatioiiem</strong></span> <span class='ocrx_word' id='word_1_769' title='bbox 3096 4920 3149 4965; x_wconf 92' lang='lat' dir='ltr'><strong>et</strong></span> <span class='ocrx_word' id='word_1_770' title='bbox 3174 4913 3408 4982; x_wconf 84' lang='lat' dir='ltr'><strong>patriam</strong></span> 
     </span>
    </p>
   </div>
   <div class='ocr_carea' id='block_1_101' title="bbox 1659 5320 1894 5380">
    <p class='ocr_par' dir='ltr' id='par_1_101' title="bbox 1659 5320 1894 5380">
     <span class='ocr_line' id='line_1_101' title="bbox 1659 5320 1894 5380; baseline 0.013 -3"><span class='ocrx_word' id='word_1_771' title='bbox 1659 5320 1894 5380; x_wconf 64' lang='lat' dir='ltr'><strong>NOTAE.</strong></span> 
     </span>
    </p>
   </div>
   <div class='ocr_carea' id='block_1_102' title="bbox 224 5521 1725 5593">
    <p class='ocr_par' dir='ltr' id='par_1_102' title="bbox 224 5521 1725 5593">
     <span class='ocr_line' id='line_1_102' title="bbox 224 5521 1725 5593; baseline -0.001 -15"><span class='ocrx_word' id='word_1_772' title='bbox 224 5523 340 5592; x_wconf 77' lang='grc'><strong>(19)</strong></span> <span class='ocrx_word' id='word_1_773' title='bbox 371 5523 440 5578; x_wconf 79' lang='lat' dir='ltr'><strong>Et</strong></span> <span class='ocrx_word' id='word_1_774' title='bbox 465 5524 595 5593; x_wconf 80' lang='lat' dir='ltr'><strong>ﬁcus</strong></span> <span class='ocrx_word' id='word_1_775' title='bbox 621 5523 886 5577; x_wconf 81' lang='lat' dir='ltr'><strong>custodes.</strong></span> <span class='ocrx_word' id='word_1_776' title='bbox 923 5521 1174 5593; x_wconf 84' lang='lat' dir='ltr'><strong>Plerique</strong></span> <span class='ocrx_word' id='word_1_777' title='bbox 1206 5529 1418 5575; x_wconf 81' lang='lat' dir='ltr'><strong>veteres</strong></span> <span class='ocrx_word' id='word_1_778' title='bbox 1471 5522 1725 5576; x_wconf 87' lang='lat' dir='ltr'><strong>arborem</strong></span> 
     </span>
    </p>
   </div>
   <div class='ocr_carea' id='block_1_103' title="bbox 153 5594 1723 5661">
    <p class='ocr_par' dir='ltr' id='par_1_103' title="bbox 153 5594 1723 5661">
     <span class='ocr_line' id='line_1_103' title="bbox 153 5594 1723 5661; baseline -0.001 -14"><span class='ocrx_word' id='word_1_779' title='bbox 153 5595 301 5648; x_wconf 87' lang='lat' dir='ltr'><strong>illam</strong></span> <span class='ocrx_word' id='word_1_780' title='bbox 356 5609 462 5661; x_wconf 88' lang='lat' dir='ltr'><strong>qua</strong></span> <span class='ocrx_word' id='word_1_781' title='bbox 511 5595 638 5648; x_wconf 71' lang='lat' dir='ltr'><strong>Adae</strong></span> <span class='ocrx_word' id='word_1_782' title='bbox 687 5594 1036 5647; x_wconf 88' lang='lat' dir='ltr'><strong>interdictum</strong></span> <span class='ocrx_word' id='word_1_783' title='bbox 1076 5594 1282 5656; x_wconf 81' lang='lat' dir='ltr'><strong>fuerat,</strong></span> <span class='ocrx_word' id='word_1_784' title='bbox 1316 5605 1423 5644; x_wconf 92' lang='lat' dir='ltr'><strong>nou</strong></span> <span class='ocrx_word' id='word_1_785' title='bbox 1473 5603 1723 5658; x_wconf 88' lang='lat' dir='ltr'><strong>pomum,</strong></span> 
     </span>
    </p>
   </div>
   <div class='ocr_carea' id='block_1_104' title="bbox 154 5665 711 5716">
    <p class='ocr_par' dir='ltr' id='par_1_104' title="bbox 154 5665 711 5716">
     <span class='ocr_line' id='line_1_104' title="bbox 154 5665 711 5716; baseline -0.005 0"><span class='ocrx_word' id='word_1_786' title='bbox 154 5665 245 5716; x_wconf 88' lang='lat' dir='ltr'><strong>sed</strong></span> <span class='ocrx_word' id='word_1_787' title='bbox 281 5667 444 5714; x_wconf 86' lang='lat' dir='ltr'><strong>ticum</strong></span> <span class='ocrx_word' id='word_1_788' title='bbox 495 5671 711 5716; x_wconf 76' lang='lat' dir='ltr'><strong>vocant.</strong></span> 
     </span>
    </p>
   </div>
   <div class='ocr_carea' id='block_1_105' title="bbox 227 5729 1728 5800">
    <p class='ocr_par' dir='ltr' id='par_1_105' title="bbox 227 5729 1728 5800">
     <span class='ocr_line' id='line_1_105' title="bbox 227 5729 1728 5800; baseline -0.001 -16"><span class='ocrx_word' id='word_1_789' title='bbox 227 5733 340 5798; x_wconf 71' lang='lat'><strong>(20)</strong></span> <span class='ocrx_word' id='word_1_790' title='bbox 376 5732 441 5784; x_wconf 78' lang='lat' dir='ltr'><strong>Et</strong></span> <span class='ocrx_word' id='word_1_791' title='bbox 474 5732 778 5786; x_wconf 83' lang='lat' dir='ltr'><strong>insolentia.</strong></span> <span class='ocrx_word' id='word_1_792' title='bbox 807 5730 863 5783; x_wconf 86' lang='lat' dir='ltr'><strong>in</strong></span> <span class='ocrx_word' id='word_1_793' title='bbox 896 5729 996 5783; x_wconf 78' lang='lat' dir='ltr'><strong>Ms.</strong></span> <span class='ocrx_word' id='word_1_794' title='bbox 1035 5729 1147 5783; x_wconf 65' lang='lat' dir='ltr'><strong>haec</strong></span> <span class='ocrx_word' id='word_1_795' title='bbox 1196 5729 1267 5782; x_wconf 88' lang='lat' dir='ltr'><strong>ita</strong></span> <span class='ocrx_word' id='word_1_796' title='bbox 1319 5730 1590 5800; x_wconf 85' lang='lat' dir='ltr'><strong>disjuncta</strong></span> <span class='ocrx_word' id='word_1_797' title='bbox 1649 5731 1728 5783; x_wconf 87' lang='lat' dir='ltr'><strong>le-</strong></span> 
     </span>
    </p>
   </div>
   <div class='ocr_carea' id='block_1_106' title="bbox 157 5801 1729 5873">
    <p class='ocr_par' dir='ltr' id='par_1_106' title="bbox 157 5801 1729 5873">
     <span class='ocr_line' id='line_1_106' title="bbox 157 5801 1729 5873; baseline 0.002 -21"><span class='ocrx_word' id='word_1_798' title='bbox 157 5812 378 5870; x_wconf 79' lang='lat' dir='ltr'><strong>guntur,</strong></span> <span class='ocrx_word' id='word_1_799' title='bbox 413 5803 571 5873; x_wconf 86' lang='lat' dir='ltr'><strong>quasi</strong></span> <span class='ocrx_word' id='word_1_800' title='bbox 606 5801 810 5871; x_wconf 89' lang='lat' dir='ltr'><strong>aliquid</strong></span> <span class='ocrx_word' id='word_1_801' title='bbox 837 5803 1136 5870; x_wconf 71' lang='lat' dir='ltr'><strong>desit,qu:e</strong></span> <span class='ocrx_word' id='word_1_802' title='bbox 1162 5809 1341 5856; x_wconf 86' lang='lat' dir='ltr'><strong>tamen</strong></span> <span class='ocrx_word' id='word_1_803' title='bbox 1373 5803 1580 5871; x_wconf 75' lang='lat' dir='ltr'><strong>integra</strong></span> <span class='ocrx_word' id='word_1_804' title='bbox 1607 5815 1729 5855; x_wconf 84' lang='lat' dir='ltr'><strong>esse</strong></span> 
     </span>
    </p>
   </div>
   <div class='ocr_carea' id='block_1_107' title="bbox 1843 5528 3411 5594">
    <p class='ocr_par' dir='ltr' id='par_1_107' title="bbox 1843 5528 3411 5594">
     <span class='ocr_line' id='line_1_107' title="bbox 1843 5528 3411 5594; baseline 0.001 -14"><span class='ocrx_word' id='word_1_805' title='bbox 1843 5538 2093 5594; x_wconf 83' lang='lat' dir='ltr'><strong>possunt,</strong></span> <span class='ocrx_word' id='word_1_806' title='bbox 2128 5535 2182 5579; x_wconf 87' lang='lat' dir='ltr'><strong>et</strong></span> <span class='ocrx_word' id='word_1_807' title='bbox 2202 5528 2281 5580; x_wconf 86' lang='lat' dir='ltr'><strong>sic</strong></span> <span class='ocrx_word' id='word_1_808' title='bbox 2315 5529 2560 5581; x_wconf 90' lang='lat' dir='ltr'><strong>ordinem</strong></span> <span class='ocrx_word' id='word_1_809' title='bbox 2600 5539 2651 5582; x_wconf 93' lang='lat' dir='ltr'><strong>et</strong></span> <span class='ocrx_word' id='word_1_810' title='bbox 2685 5529 3008 5583; x_wconf 84' lang='grc' dir='ltr'>ἀκολουθίαν</span> <span class='ocrx_word' id='word_1_811' title='bbox 3037 5545 3276 5586; x_wconf 83' lang='lat' dir='ltr'><strong>servare.</strong></span> <span class='ocrx_word' id='word_1_812' title='bbox 3306 5530 3411 5585; x_wconf 81' lang='lat' dir='ltr'><strong>Sed</strong></span> 
     </span>
    </p>
   </div>
   <div class='ocr_carea' id='block_1_108' title="bbox 1837 5597 3406 5665">
    <p class='ocr_par' dir='ltr' id='par_1_108' title="bbox 1837 5597 3406 5665">
     <span class='ocr_line' id='line_1_108' title="bbox 1837 5597 3406 5665; baseline 0.003 -17"><span class='ocrx_word' id='word_1_813' title='bbox 1837 5613 2002 5665; x_wconf 79' lang='lat' dir='ltr'><strong>apage</strong></span> <span class='ocrx_word' id='word_1_814' title='bbox 2032 5600 2104 5649; x_wconf 86' lang='lat' dir='ltr'><strong>sis</strong></span> <span class='ocrx_word' id='word_1_815' title='bbox 2129 5597 2285 5648; x_wconf 82' lang='lat' dir='ltr'><strong>verba</strong></span> <span class='ocrx_word' id='word_1_816' title='bbox 2313 5601 2417 5649; x_wconf 81' lang='lat' dir='ltr'><strong>ista</strong></span> <span class='ocrx_word' id='word_1_817' title='bbox 2443 5599 2672 5652; x_wconf 83' lang='lat' dir='ltr'><strong>absurda</strong></span> <span class='ocrx_word' id='word_1_818' title='bbox 2698 5611 2747 5652; x_wconf 85' lang='lat' dir='ltr'><strong>et</strong></span> <span class='ocrx_word' id='word_1_819' title='bbox 2788 5602 3089 5662; x_wconf 85' lang='lat' dir='ltr'><strong>insolentia,</strong></span> <span class='ocrx_word' id='word_1_820' title='bbox 3134 5603 3263 5653; x_wconf 82' lang='lat' dir='ltr'><strong>milii</strong></span> <span class='ocrx_word' id='word_1_821' title='bbox 3321 5605 3406 5653; x_wconf 86' lang='lat' dir='ltr'><strong>in-</strong></span> 
     </span>
    </p>
   </div>
   <div class='ocr_carea' id='block_1_109' title="bbox 1835 5666 3408 5742">
    <p class='ocr_par' dir='ltr' id='par_1_109' title="bbox 1835 5666 3408 5742">
     <span class='ocr_line' id='line_1_109' title="bbox 1835 5666 3408 5742; baseline 0.006 -26"><span class='ocrx_word' id='word_1_822' title='bbox 1835 5669 1963 5742; x_wconf 72' lang='lat' dir='ltr'><strong>quit</strong></span> <span class='ocrx_word' id='word_1_823' title='bbox 1984 5666 2183 5742; x_wconf 76' lang='lat' dir='ltr'><strong>Paulus</strong></span> <span class='ocrx_word' id='word_1_824' title='bbox 2207 5684 2374 5742; x_wconf 75' lang='lat' dir='ltr'><strong>severe</strong></span> <span class='ocrx_word' id='word_1_825' title='bbox 2405 5667 2689 5733; x_wconf 71' lang='lat' dir='ltr'><strong>infremens</strong></span> <span class='ocrx_word' id='word_1_826' title='bbox 2719 5686 2897 5740; x_wconf 76' lang='lat' dir='ltr'><strong>meque</strong></span> <span class='ocrx_word' id='word_1_827' title='bbox 2928 5673 3209 5740; x_wconf 80' lang='lat' dir='ltr'><strong>respiciens</strong></span> <span class='ocrx_word' id='word_1_828' title='bbox 3241 5671 3408 5742; x_wconf 72' lang='lat' dir='ltr'><strong>:My-</strong></span> 
     </span>
    </p>
   </div>
   <div class='ocr_carea' id='block_1_110' title="bbox 1835 5737 2748 5805">
    <p class='ocr_par' dir='ltr' id='par_1_110' title="bbox 1835 5737 2748 5805">
     <span class='ocr_line' id='line_1_110' title="bbox 1835 5737 2748 5805; baseline 0.005 -18"><span class='ocrx_word' id='word_1_829' title='bbox 1835 5737 2052 5788; x_wconf 85' lang='lat' dir='ltr'><strong>sterium</strong></span> <span class='ocrx_word' id='word_1_830' title='bbox 2084 5737 2216 5788; x_wconf 84' lang='lat' dir='ltr'><strong>illud</strong></span> <span class='ocrx_word' id='word_1_831' title='bbox 2249 5753 2494 5805; x_wconf 85' lang='lat' dir='ltr'><strong>magnum</strong></span> <span class='ocrx_word' id='word_1_832' title='bbox 2521 5751 2618 5802; x_wconf 84' lang='lat' dir='ltr'><strong>est,</strong></span> <span class='ocrx_word' id='word_1_833' title='bbox 2646 5749 2748 5792; x_wconf 83' lang='lat' dir='ltr'><strong>etc.</strong></span> 
     </span>
    </p>
   </div>
  </div>
