  <div class='ocr_page' id='page_1' title='image "/cluster/home/n/w/nwhite01/storage/ocr_20150623/89/nnc1.0046980172/557.png"; bbox 0 0 4186 6442; ppageno 0'>
   <div class='ocr_carea' id='block_1_1' title="bbox 781 389 2037 451">
    <p class='ocr_par' dir='ltr' id='par_1_1' title="bbox 781 389 2037 451">
     <span class='ocr_line' id='line_1_1' title="bbox 781 389 2037 451; baseline -0.003 -2"><span class='ocrx_word' id='word_1_1' title='bbox 781 391 917 451; x_wconf 72' lang='lat'><strong>1063</strong></span> <span class='ocrx_word' id='word_1_2' title='bbox 1980 389 2037 445; x_wconf 88' lang='lat' dir='ltr'><strong>S-</strong></span> 
     </span>
    </p>
   </div>
   <div class='ocr_carea' id='block_1_2' title="bbox 2083 385 2852 445">
    <p class='ocr_par' dir='ltr' id='par_1_2' title="bbox 2083 385 2852 445">
     <span class='ocr_line' id='line_1_2' title="bbox 2083 385 2852 445; baseline -0.004 -1"><span class='ocrx_word' id='word_1_3' title='bbox 2083 385 2477 445; x_wconf 68' lang='lat' dir='ltr'><strong>ANASTASII</strong></span> <span class='ocrx_word' id='word_1_4' title='bbox 2523 385 2852 444; x_wconf 62' lang='lat' dir='ltr'><strong>SINAITE</strong></span> 
     </span>
    </p>
   </div>
   <div class='ocr_carea' id='block_1_3' title="bbox 3897 380 4038 441">
    <p class='ocr_par' dir='ltr' id='par_1_3' title="bbox 3897 380 4038 441">
     <span class='ocr_line' id='line_1_3' title="bbox 3897 380 4038 441; baseline 0.014 -1"><span class='ocrx_word' id='word_1_5' title='bbox 3897 380 4038 441; x_wconf 69' lang='grc'>1064</span> 
     </span>
    </p>
   </div>
   <div class='ocr_carea' id='block_1_4' title="bbox 777 469 2366 549">
    <p class='ocr_par' dir='ltr' id='par_1_4' title="bbox 777 478 2342 549">
     <span class='ocr_line' id='line_1_4' title="bbox 777 478 2342 549; baseline -0.004 -12"><span class='ocrx_word' id='word_1_6' title='bbox 777 494 1074 540; x_wconf 71' lang='lat' dir='ltr'><strong>reverteris.</strong></span> <span class='ocrx_word' id='word_1_7' title='bbox 1119 478 1383 549; x_wconf 82' lang='lat' dir='ltr'><strong>Equidem</strong></span> <span class='ocrx_word' id='word_1_8' title='bbox 1420 494 1484 532; x_wconf 79' lang='lat' dir='ltr'><strong>cx</strong></span> <span class='ocrx_word' id='word_1_9' title='bbox 1522 492 1688 530; x_wconf 81' lang='lat' dir='ltr'><strong>carne</strong></span> <span class='ocrx_word' id='word_1_10' title='bbox 1739 488 1789 529; x_wconf 87' lang='lat' dir='ltr'><strong>ei</strong></span> <span class='ocrx_word' id='word_1_11' title='bbox 1829 480 2087 545; x_wconf 84' lang='lat' dir='ltr'><strong>paradiso</strong></span> <span class='ocrx_word' id='word_1_12' title='bbox 2127 482 2342 546; x_wconf 80' lang='lat' dir='ltr'><strong>genitus</strong></span> 
     </span>
    </p>
   </div>
   <div class='ocr_carea' id='block_1_5' title="bbox 2474 469 4045 549">
    <p class='ocr_par' dir='ltr' id='par_1_5' title="bbox 2478 469 4045 546">
     <span class='ocr_line' id='line_1_5' title="bbox 2478 469 4045 546; baseline -0.003 -18"><span class='ocrx_word' id='word_1_13' title='bbox 2478 477 2536 527; x_wconf 86' lang='grc' dir='ltr'><strong>ὸν</strong></span> <span class='ocrx_word' id='word_1_14' title='bbox 2581 477 2816 546; x_wconf 81' lang='grc' dir='ltr'><strong>τρόπον·</strong></span> <span class='ocrx_word' id='word_1_15' title='bbox 2874 478 2905 545; x_wconf 78' lang='grc' dir='ltr'>ἡ</span> <span class='ocrx_word' id='word_1_16' title='bbox 2965 475 3065 544; x_wconf 80' lang='grc' dir='ltr'><strong>μὲν</strong></span> <span class='ocrx_word' id='word_1_17' title='bbox 3130 475 3239 543; x_wconf 64' lang='grc' dir='ltr'><strong>γὰρ</strong></span> <span class='ocrx_word' id='word_1_18' title='bbox 3296 474 3433 542; x_wconf 81' lang='grc' dir='ltr'><strong>γυνὴ</strong></span> <span class='ocrx_word' id='word_1_19' title='bbox 3479 473 3552 534; x_wconf 72' lang='grc' dir='ltr'><strong>ὡς</strong></span> <span class='ocrx_word' id='word_1_20' title='bbox 3601 474 3666 524; x_wconf 72' lang='grc' dir='ltr'><strong>ἑκ</strong></span> <span class='ocrx_word' id='word_1_21' title='bbox 3709 469 3804 524; x_wconf 87' lang='grc' dir='ltr'><strong>τοῦ</strong></span> <span class='ocrx_word' id='word_1_22' title='bbox 3851 472 4045 537; x_wconf 68' lang='grc' dir='ltr'><strong>ἀνδρὸς</strong></span> 
     </span>
    </p>
   </div>
   <div class='ocr_carea' id='block_1_6' title="bbox 777 569 2352 639">
    <p class='ocr_par' dir='ltr' id='par_1_6' title="bbox 777 569 2352 639">
     <span class='ocr_line' id='line_1_6' title="bbox 777 569 2352 639; baseline -0.003 -9"><span class='ocrx_word' id='word_1_23' title='bbox 777 575 947 630; x_wconf 79' lang='lat' dir='ltr'><strong>Adam</strong></span> <span class='ocrx_word' id='word_1_24' title='bbox 989 574 1243 626; x_wconf 78' lang='lat' dir='ltr'><strong>Christus</strong></span> <span class='ocrx_word' id='word_1_25' title='bbox 1295 573 1416 626; x_wconf 74' lang='lat' dir='ltr'><strong>cadi</strong></span> <span class='ocrx_word' id='word_1_26' title='bbox 1464 572 1599 624; x_wconf 77' lang='lat' dir='ltr'><strong>civis</strong></span> <span class='ocrx_word' id='word_1_27' title='bbox 1637 569 1819 624; x_wconf 84' lang='lat' dir='ltr'><strong>nudus</strong></span> <span class='ocrx_word' id='word_1_28' title='bbox 1869 572 2147 639; x_wconf 73' lang='lat' dir='ltr'><strong>ingressus</strong></span> <span class='ocrx_word' id='word_1_29' title='bbox 2179 581 2261 625; x_wconf 92' lang='lat' dir='ltr'><strong>est</strong></span> <span class='ocrx_word' id='word_1_30' title='bbox 2297 573 2352 626; x_wconf 91' lang='lat' dir='ltr'><strong>in</strong></span> 
     </span>
    </p>
   </div>
   <div class='ocr_carea' id='block_1_7' title="bbox 779 665 2354 737">
    <p class='ocr_par' dir='ltr' id='par_1_7' title="bbox 779 665 2354 737">
     <span class='ocr_line' id='line_1_7' title="bbox 779 665 2354 737; baseline -0.003 -15"><span class='ocrx_word' id='word_1_31' title='bbox 779 670 1094 737; x_wconf 77' lang='lat' dir='ltr'><strong>paradisum</strong></span> <span class='ocrx_word' id='word_1_32' title='bbox 1128 676 1180 718; x_wconf 87' lang='lat' dir='ltr'><strong>et</strong></span> <span class='ocrx_word' id='word_1_33' title='bbox 1229 668 1281 718; x_wconf 89' lang='lat' dir='ltr'><strong>in</strong></span> <span class='ocrx_word' id='word_1_34' title='bbox 1327 667 1490 718; x_wconf 84' lang='lat' dir='ltr'><strong>vitam</strong></span> <span class='ocrx_word' id='word_1_35' title='bbox 1532 665 1691 718; x_wconf 90' lang='lat' dir='ltr'><strong>istam</strong></span> <span class='ocrx_word' id='word_1_36' title='bbox 1723 665 1812 716; x_wconf 88' lang='lat' dir='ltr'><strong>iihi</strong></span> <span class='ocrx_word' id='word_1_37' title='bbox 1847 680 1969 717; x_wconf 89' lang='lat' dir='ltr'><strong>vere</strong></span> <span class='ocrx_word' id='word_1_38' title='bbox 2003 666 2052 716; x_wconf 94' lang='lat' dir='ltr'><strong>iii</strong></span> <span class='ocrx_word' id='word_1_39' title='bbox 2103 666 2354 719; x_wconf 80' lang='lat' dir='ltr'><strong>salutife—</strong></span> 
     </span>
    </p>
   </div>
   <div class='ocr_carea' id='block_1_8' title="bbox 779 755 2355 823">
    <p class='ocr_par' dir='ltr' id='par_1_8' title="bbox 779 755 2355 823">
     <span class='ocr_line' id='line_1_8' title="bbox 779 755 2355 823; baseline -0.002 -12"><span class='ocrx_word' id='word_1_40' title='bbox 779 774 896 811; x_wconf 87' lang='lat' dir='ltr'><strong>ram</strong></span> <span class='ocrx_word' id='word_1_41' title='bbox 922 757 1137 810; x_wconf 68' lang='lat' dir='ltr'><strong>extasiu</strong></span> <span class='ocrx_word' id='word_1_42' title='bbox 1167 765 1354 823; x_wconf 85' lang='lat' dir='ltr'><strong>raptus</strong></span> <span class='ocrx_word' id='word_1_43' title='bbox 1378 765 1484 816; x_wconf 85' lang='lat' dir='ltr'><strong>est,</strong></span> <span class='ocrx_word' id='word_1_44' title='bbox 1517 769 1614 823; x_wconf 89' lang='lat' dir='ltr'><strong>per</strong></span> <span class='ocrx_word' id='word_1_45' title='bbox 1643 769 1802 822; x_wconf 89' lang='lat' dir='ltr'><strong>quam</strong></span> <span class='ocrx_word' id='word_1_46' title='bbox 1837 755 2108 822; x_wconf 89' lang='lat' dir='ltr'><strong>propriam</strong></span> <span class='ocrx_word' id='word_1_47' title='bbox 2133 755 2237 808; x_wconf 81' lang='lat' dir='ltr'><strong>silii</strong></span> <span class='ocrx_word' id='word_1_48' title='bbox 2265 771 2355 808; x_wconf 90' lang='lat' dir='ltr'><strong>so-</strong></span> 
     </span>
    </p>
   </div>
   <div class='ocr_carea' id='block_1_9' title="bbox 778 845 2359 913">
    <p class='ocr_par' dir='ltr' id='par_1_9' title="bbox 778 845 2359 913">
     <span class='ocr_line' id='line_1_9' title="bbox 778 845 2359 913; baseline -0.001 -12"><span class='ocrx_word' id='word_1_49' title='bbox 778 849 954 902; x_wconf 74' lang='lat' dir='ltr'><strong>dalem</strong></span> <span class='ocrx_word' id='word_1_50' title='bbox 999 849 1296 901; x_wconf 80' lang='lat' dir='ltr'><strong>Ecclesium</strong></span> <span class='ocrx_word' id='word_1_51' title='bbox 1345 848 1575 912; x_wconf 72' lang='lat' dir='ltr'><strong>genuit,</strong></span> <span class='ocrx_word' id='word_1_52' title='bbox 1626 846 1786 913; x_wconf 83' lang='lat' dir='ltr'><strong>eique</strong></span> <span class='ocrx_word' id='word_1_53' title='bbox 1841 847 2061 913; x_wconf 88' lang='lat' dir='ltr'><strong>penitus</strong></span> <span class='ocrx_word' id='word_1_54' title='bbox 2125 845 2359 901; x_wconf 73' lang='lat' dir='ltr'><strong>adliwsit</strong></span> 
     </span>
    </p>
   </div>
   <div class='ocr_carea' id='block_1_10' title="bbox 781 938 2356 1008">
    <p class='ocr_par' dir='ltr' id='par_1_10' title="bbox 781 938 2356 1008">
     <span class='ocr_line' id='line_1_10' title="bbox 781 938 2356 1008; baseline 0 -16"><span class='ocrx_word' id='word_1_55' title='bbox 781 957 903 1008; x_wconf 69' lang='lat' dir='ltr'><strong>qua:</strong></span> <span class='ocrx_word' id='word_1_56' title='bbox 935 957 1054 994; x_wconf 87' lang='lat' dir='ltr'><strong>sese</strong></span> <span class='ocrx_word' id='word_1_57' title='bbox 1088 939 1154 991; x_wconf 85' lang='lat' dir='ltr'><strong>ad</strong></span> <span class='ocrx_word' id='word_1_58' title='bbox 1211 941 1361 991; x_wconf 94' lang='lat' dir='ltr'><strong>illuni</strong></span> <span class='ocrx_word' id='word_1_59' title='bbox 1409 940 1633 1006; x_wconf 79' lang='lat' dir='ltr'><strong>pulchre</strong></span> <span class='ocrx_word' id='word_1_60' title='bbox 1684 940 1953 990; x_wconf 80' lang='lat' dir='ltr'><strong>convertit</strong></span> <span class='ocrx_word' id='word_1_61' title='bbox 1985 979 1999 1002; x_wconf 92' lang='lat'><strong>,</strong></span> <span class='ocrx_word' id='word_1_62' title='bbox 2067 947 2120 990; x_wconf 90' lang='lat' dir='ltr'><strong>ct</strong></span> <span class='ocrx_word' id='word_1_63' title='bbox 2173 938 2242 988; x_wconf 82' lang='lat' dir='ltr'><strong>ali</strong></span> <span class='ocrx_word' id='word_1_64' title='bbox 2293 955 2356 992; x_wconf 79' lang='lat' dir='ltr'><strong>ea</strong></span> 
     </span>
    </p>
   </div>
   <div class='ocr_carea' id='block_1_11' title="bbox 783 1030 2358 1100">
    <p class='ocr_par' dir='ltr' id='par_1_11' title="bbox 783 1030 2358 1100">
     <span class='ocr_line' id='line_1_11' title="bbox 783 1030 2358 1100; baseline -0.002 -15"><span class='ocrx_word' id='word_1_65' title='bbox 783 1035 997 1100; x_wconf 71' lang='lat' dir='ltr'><strong>accepit</strong></span> <span class='ocrx_word' id='word_1_66' title='bbox 1021 1033 1204 1084; x_wconf 89' lang='lat' dir='ltr'><strong>omnia</strong></span> <span class='ocrx_word' id='word_1_67' title='bbox 1237 1049 1358 1099; x_wconf 67' lang='lat' dir='ltr'><strong>qua:</strong></span> <span class='ocrx_word' id='word_1_68' title='bbox 1389 1032 1604 1083; x_wconf 76' lang='lat' dir='ltr'><strong>fuerant</strong></span> <span class='ocrx_word' id='word_1_69' title='bbox 1633 1031 1685 1083; x_wconf 92' lang='lat' dir='ltr'><strong>iii</strong></span> <span class='ocrx_word' id='word_1_70' title='bbox 1713 1045 1797 1091; x_wconf 85' lang='lat' dir='ltr'><strong>ea,</strong></span> <span class='ocrx_word' id='word_1_71' title='bbox 1831 1047 2025 1098; x_wconf 88' lang='lat' dir='ltr'><strong>nciupe</strong></span> <span class='ocrx_word' id='word_1_72' title='bbox 2053 1030 2358 1082; x_wconf 86' lang='lat' dir='ltr'><strong>manduca-</strong></span> 
     </span>
    </p>
   </div>
   <div class='ocr_carea' id='block_1_12' title="bbox 785 1124 2359 1188">
    <p class='ocr_par' dir='ltr' id='par_1_12' title="bbox 785 1124 2359 1188">
     <span class='ocr_line' id='line_1_12' title="bbox 785 1124 2359 1188; baseline 0 -12"><span class='ocrx_word' id='word_1_73' title='bbox 785 1124 1014 1184; x_wconf 75' lang='lat' dir='ltr'><strong>tioncm,</strong></span> <span class='ocrx_word' id='word_1_74' title='bbox 1038 1125 1313 1188; x_wconf 80' lang='lat' dir='ltr'><strong>exsilium,</strong></span> <span class='ocrx_word' id='word_1_75' title='bbox 1337 1133 1629 1185; x_wconf 83' lang='lat' dir='ltr'><strong>terrorem,</strong></span> <span class='ocrx_word' id='word_1_76' title='bbox 1653 1125 2066 1188; x_wconf 78' lang='lat' dir='ltr'><strong>contumeliam,</strong></span> <span class='ocrx_word' id='word_1_77' title='bbox 2098 1125 2359 1176; x_wconf 64' lang='lat' dir='ltr'><strong>maledico</strong></span> 
     </span>
    </p>
   </div>
   <div class='ocr_carea' id='block_1_13' title="bbox 786 1215 2361 1282">
    <p class='ocr_par' dir='ltr' id='par_1_13' title="bbox 786 1215 2361 1282">
     <span class='ocr_line' id='line_1_13' title="bbox 786 1215 2361 1282; baseline 0.001 -14"><span class='ocrx_word' id='word_1_78' title='bbox 786 1217 991 1268; x_wconf 74' lang='lat' dir='ltr'><strong>tionem</strong></span> <span class='ocrx_word' id='word_1_79' title='bbox 1016 1234 1026 1266; x_wconf 95' lang='lat'>:</span> <span class='ocrx_word' id='word_1_80' title='bbox 1056 1217 1365 1269; x_wconf 78' lang='lat' dir='ltr'><strong>maledictio</strong></span> <span class='ocrx_word' id='word_1_81' title='bbox 1392 1215 1535 1267; x_wconf 89' lang='lat' dir='ltr'><strong>enim</strong></span> <span class='ocrx_word' id='word_1_82' title='bbox 1561 1216 1735 1266; x_wconf 82' lang='lat' dir='ltr'><strong>factus</strong></span> <span class='ocrx_word' id='word_1_83' title='bbox 1768 1224 1869 1275; x_wconf 88' lang='lat' dir='ltr'><strong>cst,</strong></span> <span class='ocrx_word' id='word_1_84' title='bbox 1896 1231 2086 1282; x_wconf 86' lang='lat' dir='ltr'><strong>nempe</strong></span> <span class='ocrx_word' id='word_1_85' title='bbox 2119 1217 2361 1282; x_wconf 86' lang='lat' dir='ltr'><strong>pendens</strong></span> 
     </span>
    </p>
   </div>
   <div class='ocr_carea' id='block_1_14' title="bbox 789 1305 2360 1374">
    <p class='ocr_par' dir='ltr' id='par_1_14' title="bbox 789 1305 2360 1374">
     <span class='ocr_line' id='line_1_14' title="bbox 789 1305 2360 1374; baseline 0.001 -16"><span class='ocrx_word' id='word_1_86' title='bbox 789 1306 842 1358; x_wconf 90' lang='lat' dir='ltr'><strong>in</strong></span> <span class='ocrx_word' id='word_1_87' title='bbox 870 1306 1054 1373; x_wconf 66' lang='lat' dir='ltr'><strong>ligno:</strong></span> <span class='ocrx_word' id='word_1_88' title='bbox 1094 1307 1468 1367; x_wconf 84' lang='lat' dir='ltr'><strong>mulationem,</strong></span> <span class='ocrx_word' id='word_1_89' title='bbox 1505 1305 1926 1357; x_wconf 83' lang='lat' dir='ltr'><strong>occultationem</strong></span> <span class='ocrx_word' id='word_1_90' title='bbox 1954 1322 2058 1374; x_wconf 75' lang='lat' dir='ltr'><strong>qua</strong></span> <span class='ocrx_word' id='word_1_91' title='bbox 2090 1306 2142 1358; x_wconf 92' lang='lat' dir='ltr'><strong>iu</strong></span> <span class='ocrx_word' id='word_1_92' title='bbox 2169 1305 2360 1361; x_wconf 81' lang='lat' dir='ltr'><strong>inferis</strong></span> 
     </span>
    </p>
   </div>
   <div class='ocr_carea' id='block_1_15' title="bbox 786 1396 2362 1464">
    <p class='ocr_par' dir='ltr' id='par_1_15' title="bbox 786 1396 2362 1464">
     <span class='ocr_line' id='line_1_15' title="bbox 786 1396 2362 1464; baseline 0.001 -15"><span class='ocrx_word' id='word_1_93' title='bbox 786 1399 1092 1449; x_wconf 73' lang='lat' dir='ltr'><strong>occultatus</strong></span> <span class='ocrx_word' id='word_1_94' title='bbox 1138 1406 1219 1449; x_wconf 81' lang='lat' dir='ltr'><strong>est</strong></span> <span class='ocrx_word' id='word_1_95' title='bbox 1269 1412 1394 1448; x_wconf 86' lang='lat' dir='ltr'><strong>cuni</strong></span> <span class='ocrx_word' id='word_1_96' title='bbox 1433 1397 1580 1464; x_wconf 79' lang='lat' dir='ltr'><strong>ligno</strong></span> <span class='ocrx_word' id='word_1_97' title='bbox 1615 1397 1798 1449; x_wconf 90' lang='lat' dir='ltr'><strong>crucis</strong></span> <span class='ocrx_word' id='word_1_98' title='bbox 1838 1396 1970 1463; x_wconf 72' lang='lat'><strong>(&#39;21).</strong></span> <span class='ocrx_word' id='word_1_99' title='bbox 2007 1400 2186 1458; x_wconf 68' lang='lat' dir='ltr'><strong>“iure</strong></span> <span class='ocrx_word' id='word_1_100' title='bbox 2222 1396 2362 1451; x_wconf 89' lang='lat' dir='ltr'><strong>Deus</strong></span> 
     </span>
    </p>
   </div>
   <div class='ocr_carea' id='block_1_16' title="bbox 789 1485 2364 1539">
    <p class='ocr_par' dir='ltr' id='par_1_16' title="bbox 789 1485 2364 1539">
     <span class='ocr_line' id='line_1_16' title="bbox 789 1485 2364 1539; baseline 0.001 -2"><span class='ocrx_word' id='word_1_101' title='bbox 789 1486 940 1537; x_wconf 91' lang='lat' dir='ltr'><strong>illum</strong></span> <span class='ocrx_word' id='word_1_102' title='bbox 985 1500 1189 1537; x_wconf 81' lang='lat' dir='ltr'><strong>vocans</strong></span> <span class='ocrx_word' id='word_1_103' title='bbox 1237 1500 1301 1537; x_wconf 73' lang='lat' dir='ltr'><strong>ex</strong></span> <span class='ocrx_word' id='word_1_104' title='bbox 1352 1485 1721 1538; x_wconf 90' lang='lat' dir='ltr'><strong>occultatione</strong></span> <span class='ocrx_word' id='word_1_105' title='bbox 1772 1486 1858 1537; x_wconf 73' lang='lat' dir='ltr'><strong>illa</strong></span> <span class='ocrx_word' id='word_1_106' title='bbox 1905 1487 2094 1538; x_wconf 76' lang='lat' dir='ltr'><strong>eduxit</strong></span> <span class='ocrx_word' id='word_1_107' title='bbox 2137 1503 2261 1538; x_wconf 81' lang='lat' dir='ltr'><strong>cum</strong></span> <span class='ocrx_word' id='word_1_108' title='bbox 2312 1496 2364 1539; x_wconf 87' lang='lat' dir='ltr'><strong>et</strong></span> 
     </span>
    </p>
   </div>
   <div class='ocr_carea' id='block_1_17' title="bbox 786 1576 2364 1646">
    <p class='ocr_par' dir='ltr' id='par_1_17' title="bbox 786 1576 2364 1646">
     <span class='ocr_line' id='line_1_17' title="bbox 786 1576 2364 1646; baseline 0.002 -17"><span class='ocrx_word' id='word_1_109' title='bbox 786 1577 1041 1630; x_wconf 82' lang='lat' dir='ltr'><strong>excitavit</strong></span> <span class='ocrx_word' id='word_1_110' title='bbox 1087 1577 1498 1644; x_wconf 76' lang='lat' dir='ltr'><strong>incorruptione</strong></span> <span class='ocrx_word' id='word_1_111' title='bbox 1529 1576 1984 1630; x_wconf 82' lang='lat' dir='ltr'><strong>circumvolutum</strong></span> <span class='ocrx_word' id='word_1_112' title='bbox 2030 1593 2194 1646; x_wconf 90' lang='lat' dir='ltr'><strong>supra</strong></span> <span class='ocrx_word' id='word_1_113' title='bbox 2247 1580 2364 1646; x_wconf 87' lang='lat' dir='ltr'><strong>pal-</strong></span> 
     </span>
    </p>
   </div>
   <div class='ocr_carea' id='block_1_18' title="bbox 788 1665 2362 1734">
    <p class='ocr_par' dir='ltr' id='par_1_18' title="bbox 788 1665 2362 1734">
     <span class='ocr_line' id='line_1_18' title="bbox 788 1665 2362 1734; baseline -0.001 -15"><span class='ocrx_word' id='word_1_114' title='bbox 788 1665 926 1719; x_wconf 85' lang='lat' dir='ltr'><strong>lium</strong></span> <span class='ocrx_word' id='word_1_115' title='bbox 958 1667 1085 1718; x_wconf 87' lang='lat' dir='ltr'><strong>illud</strong></span> <span class='ocrx_word' id='word_1_116' title='bbox 1111 1667 1465 1734; x_wconf 86' lang='lat' dir='ltr'><strong>corruptihile</strong></span> <span class='ocrx_word' id='word_1_117' title='bbox 1485 1682 1549 1719; x_wconf 81' lang='lat' dir='ltr'><strong>ex</strong></span> <span class='ocrx_word' id='word_1_118' title='bbox 1585 1667 1793 1719; x_wconf 85' lang='lat' dir='ltr'><strong>semine</strong></span> <span class='ocrx_word' id='word_1_119' title='bbox 1826 1665 2041 1729; x_wconf 87' lang='lat' dir='ltr'><strong>Davidis</strong></span> <span class='ocrx_word' id='word_1_120' title='bbox 2062 1670 2362 1720; x_wconf 85' lang='lat' dir='ltr'><strong>secundum</strong></span> 
     </span>
    </p>
   </div>
   <div class='ocr_carea' id='block_1_19' title="bbox 789 1755 2362 1820">
    <p class='ocr_par' dir='ltr' id='par_1_19' title="bbox 789 1755 2362 1820">
     <span class='ocr_line' id='line_1_19' title="bbox 789 1755 2362 1820; baseline 0.001 -12"><span class='ocrx_word' id='word_1_121' title='bbox 789 1769 1047 1816; x_wconf 83' lang='lat' dir='ltr'><strong>carnem,</strong></span> <span class='ocrx_word' id='word_1_122' title='bbox 1105 1763 1417 1818; x_wconf 84' lang='lat' dir='ltr'><strong>terrenum,</strong></span> <span class='ocrx_word' id='word_1_123' title='bbox 1485 1755 1700 1809; x_wconf 79' lang='lat' dir='ltr'><strong>felicum</strong></span> <span class='ocrx_word' id='word_1_124' title='bbox 1761 1765 1814 1810; x_wconf 88' lang='lat' dir='ltr'><strong>et</strong></span> <span class='ocrx_word' id='word_1_125' title='bbox 1866 1757 2120 1820; x_wconf 84' lang='lat' dir='ltr'><strong>carnale,</strong></span> <span class='ocrx_word' id='word_1_126' title='bbox 2182 1759 2362 1810; x_wconf 88' lang='lat' dir='ltr'><strong>tunica</strong></span> 
     </span>
    </p>
   </div>
   <div class='ocr_carea' id='block_1_20' title="bbox 791 1847 2366 1914">
    <p class='ocr_par' dir='ltr' id='par_1_20' title="bbox 791 1847 2366 1914">
     <span class='ocr_line' id='line_1_20' title="bbox 791 1847 2366 1914; baseline 0 -15"><span class='ocrx_word' id='word_1_127' title='bbox 791 1847 1196 1914; x_wconf 82' lang='lat' dir='ltr'><strong>ineorriiptiliili</strong></span> <span class='ocrx_word' id='word_1_128' title='bbox 1244 1850 1668 1911; x_wconf 82' lang='lat' dir='ltr'><strong>circumdatum,</strong></span> <span class='ocrx_word' id='word_1_129' title='bbox 1709 1857 1933 1908; x_wconf 60' lang='lat' dir='ltr'><strong>(eterna.</strong></span> <span class='ocrx_word' id='word_1_130' title='bbox 1976 1849 2182 1909; x_wconf 84' lang='lat' dir='ltr'><strong>divina,</strong></span> <span class='ocrx_word' id='word_1_131' title='bbox 2215 1859 2267 1901; x_wconf 91' lang='lat' dir='ltr'><strong>et</strong></span> <span class='ocrx_word' id='word_1_132' title='bbox 2299 1851 2366 1901; x_wconf 92' lang='lat' dir='ltr'><strong>ah</strong></span> 
     </span>
    </p>
   </div>
   <div class='ocr_carea' id='block_1_21' title="bbox 791 1938 2364 2010">
    <p class='ocr_par' dir='ltr' id='par_1_21' title="bbox 791 1938 2364 2010">
     <span class='ocr_line' id='line_1_21' title="bbox 791 1938 2364 2010; baseline 0.003 -20"><span class='ocrx_word' id='word_1_133' title='bbox 791 1938 912 2007; x_wconf 88' lang='lat' dir='ltr'><strong>ipso</strong></span> <span class='ocrx_word' id='word_1_134' title='bbox 957 1941 1064 1992; x_wconf 80' lang='lat' dir='ltr'><strong>Deo</strong></span> <span class='ocrx_word' id='word_1_135' title='bbox 1103 1941 1335 2008; x_wconf 76' lang='lat' dir='ltr'><strong>desuper</strong></span> <span class='ocrx_word' id='word_1_136' title='bbox 1376 1949 1539 2002; x_wconf 75' lang='lat' dir='ltr'><strong>texta,</strong></span> <span class='ocrx_word' id='word_1_137' title='bbox 1609 1941 1904 1993; x_wconf 90' lang='lat' dir='ltr'><strong>immortali</strong></span> <span class='ocrx_word' id='word_1_138' title='bbox 1955 1941 2052 2009; x_wconf 89' lang='lat' dir='ltr'><strong>ipsi</strong></span> <span class='ocrx_word' id='word_1_139' title='bbox 2095 1943 2364 2010; x_wconf 79' lang='lat' dir='ltr'><strong>acquisita</strong></span> 
     </span>
    </p>
   </div>
   <div class='ocr_carea' id='block_1_22' title="bbox 792 2028 2364 2097">
    <p class='ocr_par' dir='ltr' id='par_1_22' title="bbox 792 2028 2364 2097">
     <span class='ocr_line' id='line_1_22' title="bbox 792 2028 2364 2097; baseline 0.004 -20"><span class='ocrx_word' id='word_1_140' title='bbox 792 2037 852 2079; x_wconf 93' lang='lat' dir='ltr'><strong>ut</strong></span> <span class='ocrx_word' id='word_1_141' title='bbox 881 2028 1274 2081; x_wconf 82' lang='lat' dir='ltr'><strong>indissolubilis</strong></span> <span class='ocrx_word' id='word_1_142' title='bbox 1307 2041 1448 2081; x_wconf 79' lang='lat' dir='ltr'><strong>esset</strong></span> <span class='ocrx_word' id='word_1_143' title='bbox 1473 2044 1583 2096; x_wconf 73' lang='lat' dir='ltr'><strong>pne</strong></span> <span class='ocrx_word' id='word_1_144' title='bbox 1619 2031 1784 2097; x_wconf 88' lang='lat' dir='ltr'><strong>priori</strong></span> <span class='ocrx_word' id='word_1_145' title='bbox 1823 2031 1911 2082; x_wconf 91' lang='lat' dir='ltr'><strong>illa</strong></span> <span class='ocrx_word' id='word_1_146' title='bbox 1949 2046 2110 2096; x_wconf 84' lang='lat' dir='ltr'><strong>quam</strong></span> <span class='ocrx_word' id='word_1_147' title='bbox 2135 2046 2164 2083; x_wconf 94' lang='lat' dir='ltr'><strong>c</strong></span> <span class='ocrx_word' id='word_1_148' title='bbox 2197 2030 2364 2084; x_wconf 84' lang='lat' dir='ltr'><strong>Maria</strong></span> 
     </span>
    </p>
   </div>
   <div class='ocr_carea' id='block_1_23' title="bbox 792 2117 2363 2192">
    <p class='ocr_par' dir='ltr' id='par_1_23' title="bbox 792 2117 2363 2192">
     <span class='ocr_line' id='line_1_23' title="bbox 792 2117 2363 2192; baseline 0.004 -22"><span class='ocrx_word' id='word_1_149' title='bbox 792 2117 1022 2187; x_wconf 77' lang='lat' dir='ltr'><strong>Dcipara</strong></span> <span class='ocrx_word' id='word_1_150' title='bbox 1081 2121 1257 2173; x_wconf 92' lang='lat' dir='ltr'><strong>induit</strong></span> <span class='ocrx_word' id='word_1_151' title='bbox 1306 2121 1698 2174; x_wconf 74' lang='lat' dir='ltr'><strong>ti&#39;aiisl&#39;oriuato</strong></span> <span class='ocrx_word' id='word_1_152' title='bbox 1744 2131 1798 2175; x_wconf 90' lang='lat' dir='ltr'><strong>ct</strong></span> <span class='ocrx_word' id='word_1_153' title='bbox 1839 2123 2073 2176; x_wconf 86' lang='lat' dir='ltr'><strong>solidato</strong></span> <span class='ocrx_word' id='word_1_154' title='bbox 2118 2138 2363 2192; x_wconf 86' lang='lat' dir='ltr'><strong>corpore,</strong></span> 
     </span>
    </p>
   </div>
   <div class='ocr_carea' id='block_1_24' title="bbox 792 2212 2363 2282">
    <p class='ocr_par' dir='ltr' id='par_1_24' title="bbox 792 2212 2363 2282">
     <span class='ocr_line' id='line_1_24' title="bbox 792 2212 2363 2282; baseline 0.005 -23"><span class='ocrx_word' id='word_1_155' title='bbox 792 2224 962 2276; x_wconf 84' lang='lat' dir='ltr'><strong>quare</strong></span> <span class='ocrx_word' id='word_1_156' title='bbox 997 2220 1119 2278; x_wconf 83' lang='lat' dir='ltr'><strong>post</strong></span> <span class='ocrx_word' id='word_1_157' title='bbox 1171 2212 1427 2263; x_wconf 80' lang='lat' dir='ltr'><strong>amictum</strong></span> <span class='ocrx_word' id='word_1_158' title='bbox 1469 2213 1618 2263; x_wconf 89' lang='lat' dir='ltr'><strong>illum</strong></span> <span class='ocrx_word' id='word_1_159' title='bbox 1671 2213 1869 2266; x_wconf 79' lang='lat' dir='ltr'><strong>tiiiiic:c</strong></span> <span class='ocrx_word' id='word_1_160' title='bbox 1916 2214 2363 2282; x_wconf 81' lang='lat' dir='ltr'><strong>incorruptionis.</strong></span> 
     </span>
    </p>
   </div>
   <div class='ocr_carea' id='block_1_25' title="bbox 793 2301 2365 2368">
    <p class='ocr_par' dir='ltr' id='par_1_25' title="bbox 793 2301 2365 2368">
     <span class='ocr_line' id='line_1_25' title="bbox 793 2301 2365 2368; baseline 0.004 -18"><span class='ocrx_word' id='word_1_161' title='bbox 793 2301 1052 2367; x_wconf 89' lang='lat' dir='ltr'><strong>quoniam</strong></span> <span class='ocrx_word' id='word_1_162' title='bbox 1092 2301 1429 2368; x_wconf 87' lang='lat' dir='ltr'><strong>impossibile</strong></span> <span class='ocrx_word' id='word_1_163' title='bbox 1459 2313 1577 2355; x_wconf 85' lang='lat' dir='ltr'><strong>erat</strong></span> <span class='ocrx_word' id='word_1_164' title='bbox 1600 2320 1722 2354; x_wconf 93' lang='lat' dir='ltr'><strong>eum</strong></span> <span class='ocrx_word' id='word_1_165' title='bbox 1755 2305 1804 2355; x_wconf 94' lang='lat' dir='ltr'><strong>in</strong></span> <span class='ocrx_word' id='word_1_166' title='bbox 1838 2305 2041 2356; x_wconf 91' lang='lat' dir='ltr'><strong>caduca</strong></span> <span class='ocrx_word' id='word_1_167' title='bbox 2071 2315 2123 2357; x_wconf 92' lang='lat' dir='ltr'><strong>ct</strong></span> <span class='ocrx_word' id='word_1_168' title='bbox 2153 2306 2365 2358; x_wconf 85' lang='lat' dir='ltr'><strong>mortali</strong></span> 
     </span>
    </p>
   </div>
   <div class='ocr_carea' id='block_1_26' title="bbox 791 2392 2365 2453">
    <p class='ocr_par' dir='ltr' id='par_1_26' title="bbox 791 2392 2365 2453">
     <span class='ocr_line' id='line_1_26' title="bbox 791 2392 2365 2453; baseline 0.004 -11"><span class='ocrx_word' id='word_1_169' title='bbox 791 2392 904 2444; x_wconf 86' lang='lat' dir='ltr'><strong>vita</strong></span> <span class='ocrx_word' id='word_1_170' title='bbox 939 2394 1038 2444; x_wconf 86' lang='lat' dir='ltr'><strong>ista</strong></span> <span class='ocrx_word' id='word_1_171' title='bbox 1069 2394 1274 2445; x_wconf 90' lang='lat' dir='ltr'><strong>diutius</strong></span> <span class='ocrx_word' id='word_1_172' title='bbox 1319 2394 1623 2453; x_wconf 74' lang='lat' dir='ltr'><strong>iniiiiorai-i.</strong></span> <span class='ocrx_word' id='word_1_173' title='bbox 1676 2394 1818 2448; x_wconf 83' lang='lat' dir='ltr'><strong>Deus</strong></span> <span class='ocrx_word' id='word_1_174' title='bbox 1845 2412 1969 2448; x_wconf 88' lang='lat' dir='ltr'><strong>cum</strong></span> <span class='ocrx_word' id='word_1_175' title='bbox 2015 2396 2085 2448; x_wconf 86' lang='lat' dir='ltr'><strong>ita</strong></span> <span class='ocrx_word' id='word_1_176' title='bbox 2119 2397 2365 2450; x_wconf 91' lang='lat' dir='ltr'><strong>indutum</strong></span> 
     </span>
    </p>
   </div>
   <div class='ocr_carea' id='block_1_27' title="bbox 792 2484 2370 2555">
    <p class='ocr_par' dir='ltr' id='par_1_27' title="bbox 792 2484 2370 2555">
     <span class='ocr_line' id='line_1_27' title="bbox 792 2484 2370 2555; baseline 0.003 -20"><span class='ocrx_word' id='word_1_177' title='bbox 792 2484 1004 2550; x_wconf 82' lang='lat' dir='ltr'><strong>accepit</strong></span> <span class='ocrx_word' id='word_1_178' title='bbox 1046 2484 1097 2534; x_wconf 92' lang='lat' dir='ltr'><strong>in</strong></span> <span class='ocrx_word' id='word_1_179' title='bbox 1134 2484 1385 2550; x_wconf 83' lang='lat' dir='ltr'><strong>paradiso</strong></span> <span class='ocrx_word' id='word_1_180' title='bbox 1432 2485 1712 2546; x_wconf 66' lang='lat' dir='ltr'><strong>Ecclesiat,</strong></span> <span class='ocrx_word' id='word_1_181' title='bbox 1743 2503 1864 2538; x_wconf 94' lang='lat' dir='ltr'><strong>nam</strong></span> <span class='ocrx_word' id='word_1_182' title='bbox 1896 2503 1924 2539; x_wconf 92' lang='lat' dir='ltr'><strong>c</strong></span> <span class='ocrx_word' id='word_1_183' title='bbox 1961 2491 2180 2555; x_wconf 77' lang='lat' dir='ltr'><strong>regione</strong></span> <span class='ocrx_word' id='word_1_184' title='bbox 2216 2500 2370 2540; x_wconf 66' lang='lat' dir='ltr'><strong>teri-ie</strong></span> 
     </span>
    </p>
   </div>
   <div class='ocr_carea' id='block_1_28' title="bbox 792 2575 2368 2647">
    <p class='ocr_par' dir='ltr' id='par_1_28' title="bbox 792 2575 2368 2647">
     <span class='ocr_line' id='line_1_28' title="bbox 792 2575 2368 2647; baseline 0.003 -19"><span class='ocrx_word' id='word_1_185' title='bbox 792 2575 992 2628; x_wconf 72' lang='lat' dir='ltr'><strong>cmliim</strong></span> <span class='ocrx_word' id='word_1_186' title='bbox 1043 2575 1398 2642; x_wconf 76' lang='lat' dir='ltr'><strong>conspicitur,</strong></span> <span class='ocrx_word' id='word_1_187' title='bbox 1449 2588 1506 2629; x_wconf 92' lang='lat' dir='ltr'><strong>ut</strong></span> <span class='ocrx_word' id='word_1_188' title='bbox 1552 2589 1870 2644; x_wconf 84' lang='lat' dir='ltr'><strong>operari-tur</strong></span> <span class='ocrx_word' id='word_1_189' title='bbox 1915 2591 2110 2629; x_wconf 89' lang='lat' dir='ltr'><strong>terram</strong></span> <span class='ocrx_word' id='word_1_190' title='bbox 2156 2594 2218 2631; x_wconf 72' lang='lat' dir='ltr'><strong>ev</strong></span> <span class='ocrx_word' id='word_1_191' title='bbox 2261 2595 2368 2647; x_wconf 81' lang='lat' dir='ltr'><strong>qua</strong></span> 
     </span>
    </p>
   </div>
   <div class='ocr_carea' id='block_1_29' title="bbox 793 2668 2366 2733">
    <p class='ocr_par' dir='ltr' id='par_1_29' title="bbox 793 2668 2366 2733">
     <span class='ocr_line' id='line_1_29' title="bbox 793 2668 2366 2733; baseline 0.004 -15"><span class='ocrx_word' id='word_1_192' title='bbox 793 2674 1045 2730; x_wconf 80' lang='lat' dir='ltr'><strong>sumptus</strong></span> <span class='ocrx_word' id='word_1_193' title='bbox 1103 2675 1155 2718; x_wconf 94' lang='lat' dir='ltr'><strong>ct</strong></span> <span class='ocrx_word' id='word_1_194' title='bbox 1205 2675 1492 2733; x_wconf 76' lang='lat' dir='ltr'><strong>susceptus</strong></span> <span class='ocrx_word' id='word_1_195' title='bbox 1550 2677 1653 2724; x_wconf 87' lang='lat' dir='ltr'><strong>cst.</strong></span> <span class='ocrx_word' id='word_1_196' title='bbox 1707 2668 1757 2720; x_wconf 87' lang='lat' dir='ltr'><strong>id</strong></span> <span class='ocrx_word' id='word_1_197' title='bbox 1814 2678 1918 2732; x_wconf 86' lang='lat' dir='ltr'><strong>est,</strong></span> <span class='ocrx_word' id='word_1_198' title='bbox 1977 2679 2035 2721; x_wconf 92' lang='lat' dir='ltr'><strong>ut</strong></span> <span class='ocrx_word' id='word_1_199' title='bbox 2085 2686 2218 2723; x_wconf 88' lang='lat' dir='ltr'><strong>cura</strong></span> <span class='ocrx_word' id='word_1_200' title='bbox 2269 2687 2366 2724; x_wconf 91' lang='lat' dir='ltr'><strong>sua</strong></span> 
     </span>
    </p>
   </div>
   <div class='ocr_carea' id='block_1_30' title="bbox 795 2752 2371 2823">
    <p class='ocr_par' dir='ltr' id='par_1_30' title="bbox 795 2752 2371 2823">
     <span class='ocr_line' id='line_1_30' title="bbox 795 2752 2371 2823; baseline 0.007 -22"><span class='ocrx_word' id='word_1_201' title='bbox 795 2767 965 2819; x_wconf 76' lang='lat' dir='ltr'><strong>genus</strong></span> <span class='ocrx_word' id='word_1_202' title='bbox 997 2752 1296 2804; x_wconf 88' lang='lat' dir='ltr'><strong>humanum</strong></span> <span class='ocrx_word' id='word_1_203' title='bbox 1329 2753 1396 2805; x_wconf 86' lang='lat' dir='ltr'><strong>ab</strong></span> <span class='ocrx_word' id='word_1_204' title='bbox 1428 2756 1574 2806; x_wconf 88' lang='lat' dir='ltr'><strong>omni</strong></span> <span class='ocrx_word' id='word_1_205' title='bbox 1615 2757 1760 2808; x_wconf 87' lang='lat' dir='ltr'><strong>malo</strong></span> <span class='ocrx_word' id='word_1_206' title='bbox 1798 2757 1908 2823; x_wconf 71' lang='lat'><strong>(2&#39;2)</strong></span> <span class='ocrx_word' id='word_1_207' title='bbox 1945 2758 2273 2822; x_wconf 86' lang='lat' dir='ltr'><strong>custodiret,</strong></span> <span class='ocrx_word' id='word_1_208' title='bbox 2317 2768 2371 2812; x_wconf 85' lang='lat' dir='ltr'><strong>ct</strong></span> 
     </span>
    </p>
   </div>
   <div class='ocr_carea' id='block_1_31' title="bbox 794 2843 2367 2912">
    <p class='ocr_par' dir='ltr' id='par_1_31' title="bbox 794 2843 2367 2912">
     <span class='ocr_line' id='line_1_31' title="bbox 794 2843 2367 2912; baseline 0.006 -17"><span class='ocrx_word' id='word_1_209' title='bbox 794 2843 1106 2895; x_wconf 83' lang='lat' dir='ltr'><strong>ﬂammeum</strong></span> <span class='ocrx_word' id='word_1_210' title='bbox 1141 2844 1377 2912; x_wconf 75' lang='lat' dir='ltr'><strong>gladium</strong></span> <span class='ocrx_word' id='word_1_211' title='bbox 1421 2857 1474 2898; x_wconf 88' lang='lat' dir='ltr'><strong>et</strong></span> <span class='ocrx_word' id='word_1_212' title='bbox 1505 2849 1815 2900; x_wconf 82' lang='lat' dir='ltr'><strong>versatilein</strong></span> <span class='ocrx_word' id='word_1_213' title='bbox 1851 2848 1916 2900; x_wconf 87' lang='lat' dir='ltr'><strong>ad</strong></span> <span class='ocrx_word' id='word_1_214' title='bbox 1958 2851 2367 2904; x_wconf 87' lang='lat' dir='ltr'><strong>custodiendam</strong></span> 
     </span>
    </p>
   </div>
   <div class='ocr_carea' id='block_1_32' title="bbox 797 2933 2372 3004">
    <p class='ocr_par' dir='ltr' id='par_1_32' title="bbox 797 2933 2372 3004">
     <span class='ocr_line' id='line_1_32' title="bbox 797 2933 2372 3004; baseline 0.006 -22"><span class='ocrx_word' id='word_1_215' title='bbox 797 2933 938 2984; x_wconf 86' lang='lat' dir='ltr'><strong>viain</strong></span> <span class='ocrx_word' id='word_1_216' title='bbox 981 2933 1108 3000; x_wconf 74' lang='lat' dir='ltr'><strong>ligni</strong></span> <span class='ocrx_word' id='word_1_217' title='bbox 1149 2933 1290 2984; x_wconf 63' lang='lat' dir='ltr'><strong>vitaz.</strong></span> <span class='ocrx_word' id='word_1_218' title='bbox 1326 2933 1603 2985; x_wconf 78' lang='lat' dir='ltr'><strong>Clieriibi&#39;m</strong></span> <span class='ocrx_word' id='word_1_219' title='bbox 1641 2937 1931 3004; x_wconf 75' lang='lat' dir='ltr'><strong>exponitur</strong></span> <span class='ocrx_word' id='word_1_220' title='bbox 1976 2939 2263 2989; x_wconf 79' lang='lat' dir='ltr'><strong>multitudo</strong></span> <span class='ocrx_word' id='word_1_221' title='bbox 2291 2955 2372 2991; x_wconf 78' lang='lat' dir='ltr'><strong>co-</strong></span> 
     </span>
    </p>
   </div>
   <div class='ocr_carea' id='block_1_33' title="bbox 796 3023 2370 3096">
    <p class='ocr_par' dir='ltr' id='par_1_33' title="bbox 796 3023 2370 3096">
     <span class='ocr_line' id='line_1_33' title="bbox 796 3023 2370 3096; baseline 0.008 -26"><span class='ocrx_word' id='word_1_222' title='bbox 796 3023 1096 3087; x_wconf 79' lang='lat' dir='ltr'><strong>gnitionis;</strong></span> <span class='ocrx_word' id='word_1_223' title='bbox 1130 3025 1369 3092; x_wconf 79' lang='lat' dir='ltr'><strong>cognitio</strong></span> <span class='ocrx_word' id='word_1_224' title='bbox 1414 3036 1596 3076; x_wconf 86' lang='lat' dir='ltr'><strong>autem</strong></span> <span class='ocrx_word' id='word_1_225' title='bbox 1636 3033 1720 3076; x_wconf 87' lang='lat' dir='ltr'><strong>est</strong></span> <span class='ocrx_word' id='word_1_226' title='bbox 1760 3025 1890 3077; x_wconf 78' lang='lat' dir='ltr'><strong>ﬁdes</strong></span> <span class='ocrx_word' id='word_1_227' title='bbox 1929 3026 2138 3078; x_wconf 88' lang='lat' dir='ltr'><strong>sincera</strong></span> <span class='ocrx_word' id='word_1_228' title='bbox 2184 3038 2238 3080; x_wconf 90' lang='lat' dir='ltr'><strong>et</strong></span> <span class='ocrx_word' id='word_1_229' title='bbox 2283 3029 2370 3096; x_wconf 90' lang='lat' dir='ltr'><strong>pia</strong></span> 
     </span>
    </p>
   </div>
   <div class='ocr_carea' id='block_1_34' title="bbox 2457 564 4048 638">
    <p class='ocr_par' dir='ltr' id='par_1_34' title="bbox 2457 564 4048 638">
     <span class='ocr_line' id='line_1_34' title="bbox 2457 564 4048 638; baseline -0.004 -18"><span class='ocrx_word' id='word_1_230' title='bbox 2457 569 2818 638; x_wconf 81' lang='grc' dir='ltr'><strong>προελθοῦσα,</strong></span> <span class='ocrx_word' id='word_1_231' title='bbox 2857 567 2994 637; x_wconf 84' lang='grc' dir='ltr'><strong>πρὸς</strong></span> <span class='ocrx_word' id='word_1_232' title='bbox 3024 567 3116 618; x_wconf 89' lang='grc' dir='ltr'><strong>τὸν</strong></span> <span class='ocrx_word' id='word_1_233' title='bbox 3164 568 3363 618; x_wconf 73' lang='grc' dir='ltr'><strong>οἰκεῖον</strong></span> <span class='ocrx_word' id='word_1_234' title='bbox 3415 566 3717 634; x_wconf 78' lang='grc' dir='ltr'><strong>γεννήτορα</strong></span> <span class='ocrx_word' id='word_1_235' title='bbox 3757 564 3856 633; x_wconf 78' lang='grc' dir='ltr'><strong>τὴν</strong></span> <span class='ocrx_word' id='word_1_236' title='bbox 3907 565 4048 615; x_wconf 83' lang='grc' dir='ltr'><strong>ἀπο-</strong></span> 
     </span>
    </p>
   </div>
   <div class='ocr_carea' id='block_1_35' title="bbox 2460 654 4049 726">
    <p class='ocr_par' dir='ltr' id='par_1_35' title="bbox 2460 654 4049 726">
     <span class='ocr_line' id='line_1_35' title="bbox 2460 654 4049 726; baseline -0.001 -20"><span class='ocrx_word' id='word_1_237' title='bbox 2460 658 2699 726; x_wconf 72' lang='grc' dir='ltr'><strong>στροφὴν</strong></span> <span class='ocrx_word' id='word_1_238' title='bbox 2750 659 2940 724; x_wconf 77' lang='grc' dir='ltr'><strong>ἔσχεν·</strong></span> <span class='ocrx_word' id='word_1_239' title='bbox 2996 658 3024 708; x_wconf 88' lang='grc' dir='ltr'><strong>ό</strong></span> <span class='ocrx_word' id='word_1_240' title='bbox 3055 656 3108 708; x_wconf 74' lang='grc' dir='ltr'><strong>δὲ</strong></span> <span class='ocrx_word' id='word_1_241' title='bbox 3148 656 3288 724; x_wconf 71' lang='grc' dir='ltr'><strong>ἀνὴρ</strong></span> <span class='ocrx_word' id='word_1_242' title='bbox 3343 658 3370 707; x_wconf 89' lang='grc' dir='ltr'><strong>ό</strong></span> <span class='ocrx_word' id='word_1_243' title='bbox 3417 658 3480 706; x_wconf 74' lang='grc' dir='ltr'><strong>ἐκ</strong></span> <span class='ocrx_word' id='word_1_244' title='bbox 3531 655 3732 723; x_wconf 86' lang='grc' dir='ltr'><strong>πατρὸς</strong></span> <span class='ocrx_word' id='word_1_245' title='bbox 3763 654 4049 723; x_wconf 82' lang='grc' dir='ltr'><strong>προελθὼν</strong></span> 
     </span>
    </p>
   </div>
   <div class='ocr_carea' id='block_1_36' title="bbox 2461 745 4050 818">
    <p class='ocr_par' dir='ltr' id='par_1_36' title="bbox 2461 745 4050 818">
     <span class='ocr_line' id='line_1_36' title="bbox 2461 745 4050 818; baseline -0.01 -16"><span class='ocrx_word' id='word_1_246' title='bbox 2461 750 2595 818; x_wconf 83' lang='grc' dir='ltr'><strong>πρὸς</strong></span> <span class='ocrx_word' id='word_1_247' title='bbox 2629 749 2716 800; x_wconf 85' lang='grc' dir='ltr'><strong>τὸν</strong></span> <span class='ocrx_word' id='word_1_248' title='bbox 2759 749 2889 800; x_wconf 78' lang='grc' dir='ltr'><strong>ἴδιον</strong></span> <span class='ocrx_word' id='word_1_249' title='bbox 2921 748 3132 815; x_wconf 82' lang='grc' dir='ltr'><strong>πατέρα</strong></span> <span class='ocrx_word' id='word_1_250' title='bbox 3163 747 3261 815; x_wconf 73' lang='grc' dir='ltr'><strong>τὴν</strong></span> <span class='ocrx_word' id='word_1_251' title='bbox 3311 745 3568 798; x_wconf 86' lang='grc' dir='ltr'><strong>ἀνάλυσιν</strong></span> <span class='ocrx_word' id='word_1_252' title='bbox 3619 746 3728 808; x_wconf 66' lang='lat'><strong>(-23)</strong></span> <span class='ocrx_word' id='word_1_253' title='bbox 3787 745 3896 796; x_wconf 65' lang='grc' dir='ltr'><strong>ἀπὺ</strong></span> <span class='ocrx_word' id='word_1_254' title='bbox 3947 745 4050 810; x_wconf 55' lang='grc' dir='ltr'><strong>τῆς</strong></span> 
     </span>
    </p>
   </div>
   <div class='ocr_carea' id='block_1_37' title="bbox 2460 835 4050 907">
    <p class='ocr_par' dir='ltr' id='par_1_37' title="bbox 2460 835 4050 907">
     <span class='ocr_line' id='line_1_37' title="bbox 2460 835 4050 907; baseline -0.005 -16"><span class='ocrx_word' id='word_1_255' title='bbox 2460 841 2778 907; x_wconf 78' lang='grc' dir='ltr'><strong>ἐποιήσατο,</strong></span> <span class='ocrx_word' id='word_1_256' title='bbox 2831 839 3060 898; x_wconf 74' lang='grc' dir='ltr'><strong>ἕκαστος</strong></span> <span class='ocrx_word' id='word_1_257' title='bbox 3102 837 3281 888; x_wconf 71' lang='grc' dir='ltr'><strong>αὐτῶν</strong></span> <span class='ocrx_word' id='word_1_258' title='bbox 3331 836 3466 904; x_wconf 82' lang='grc' dir='ltr'><strong>πρὸς</strong></span> <span class='ocrx_word' id='word_1_259' title='bbox 3515 837 3612 901; x_wconf 65' lang='grc' dir='ltr'><strong>τὴν</strong></span> <span class='ocrx_word' id='word_1_260' title='bbox 3658 836 3794 886; x_wconf 72' lang='grc' dir='ltr'><strong>ἰδίαν</strong></span> <span class='ocrx_word' id='word_1_261' title='bbox 3847 835 4050 900; x_wconf 72' lang='grc' dir='ltr'><strong>συγγέ-</strong></span> 
     </span>
    </p>
   </div>
   <div class='ocr_carea' id='block_1_38' title="bbox 2461 926 4053 994">
    <p class='ocr_par' dir='ltr' id='par_1_38' title="bbox 2461 926 4053 994">
     <span class='ocr_line' id='line_1_38' title="bbox 2461 926 4053 994; baseline -0.004 -14"><span class='ocrx_word' id='word_1_262' title='bbox 2461 930 2610 980; x_wconf 84' lang='grc' dir='ltr'><strong>νείαν</strong></span> <span class='ocrx_word' id='word_1_263' title='bbox 2642 927 2954 979; x_wconf 76' lang='grc' dir='ltr'><strong>ἐπανελθὼν</strong></span> <span class='ocrx_word' id='word_1_264' title='bbox 2985 928 3078 978; x_wconf 77' lang='grc' dir='ltr'><strong>καὶ</strong></span> <span class='ocrx_word' id='word_1_265' title='bbox 3105 927 3203 994; x_wconf 82' lang='grc' dir='ltr'><strong>την</strong></span> <span class='ocrx_word' id='word_1_266' title='bbox 3242 927 3496 993; x_wconf 77' lang='grc' dir='ltr'><strong>πατρίδα.</strong></span> <span class='ocrx_word' id='word_1_267' title='bbox 3551 927 3618 977; x_wconf 81' lang='lat' dir='ltr'><strong>&quot;ll</strong></span> <span class='ocrx_word' id='word_1_268' title='bbox 3657 926 3752 992; x_wconf 78' lang='grc' dir='ltr'><strong>μὲν</strong></span> <span class='ocrx_word' id='word_1_269' title='bbox 3779 926 3890 990; x_wconf 74' lang='grc' dir='ltr'><strong>γάρ</strong></span> <span class='ocrx_word' id='word_1_270' title='bbox 3927 942 4053 992; x_wconf 84' lang='grc' dir='ltr'><strong>σαρ-</strong></span> 
     </span>
    </p>
   </div>
   <div class='ocr_carea' id='block_1_39' title="bbox 2463 1017 4052 1088">
    <p class='ocr_par' dir='ltr' id='par_1_39' title="bbox 2463 1017 4052 1088">
     <span class='ocr_line' id='line_1_39' title="bbox 2463 1017 4052 1088; baseline -0.006 -14"><span class='ocrx_word' id='word_1_271' title='bbox 2463 1021 2692 1088; x_wconf 76' lang='grc' dir='ltr'><strong>κογενὴς</strong></span> <span class='ocrx_word' id='word_1_272' title='bbox 2752 1018 2845 1070; x_wconf 79' lang='grc' dir='ltr'><strong>καὶ</strong></span> <span class='ocrx_word' id='word_1_273' title='bbox 2915 1018 3378 1086; x_wconf 75' lang='grc' dir='ltr'><strong>παραδεισογενης</strong></span> <span class='ocrx_word' id='word_1_274' title='bbox 3449 1017 3543 1069; x_wconf 79' lang='grc' dir='ltr'><strong>καὶ</strong></span> <span class='ocrx_word' id='word_1_275' title='bbox 3613 1017 4052 1084; x_wconf 67' lang='grc' dir='ltr'><strong>οὐρανοπολίτης</strong></span> 
     </span>
    </p>
   </div>
   <div class='ocr_carea' id='block_1_40' title="bbox 2476 1108 4052 1178">
    <p class='ocr_par' dir='ltr' id='par_1_40' title="bbox 2476 1108 4052 1178">
     <span class='ocr_line' id='line_1_40' title="bbox 2476 1108 4052 1178; baseline -0.003 -16"><span class='ocrx_word' id='word_1_276' title='bbox 2476 1111 2646 1178; x_wconf 71' lang='grc' dir='ltr'><strong>Ἀδάμ</strong></span> <span class='ocrx_word' id='word_1_277' title='bbox 2681 1109 2914 1178; x_wconf 82' lang='grc' dir='ltr'><strong>Χριστὸς</strong></span> <span class='ocrx_word' id='word_1_278' title='bbox 2962 1109 3173 1176; x_wconf 70' lang='grc' dir='ltr'><strong>εἰσῆλθε</strong></span> <span class='ocrx_word' id='word_1_279' title='bbox 3211 1109 3308 1176; x_wconf 80' lang='grc' dir='ltr'><strong>μεν</strong></span> <span class='ocrx_word' id='word_1_280' title='bbox 3352 1109 3559 1175; x_wconf 76' lang='grc' dir='ltr'><strong>γυμνὸς</strong></span> <span class='ocrx_word' id='word_1_281' title='bbox 3595 1108 3724 1168; x_wconf 59' lang='grc' dir='ltr'><strong>Θεὸς</strong></span> <span class='ocrx_word' id='word_1_282' title='bbox 3768 1109 3826 1159; x_wconf 72' lang='grc' dir='ltr'><strong>ἓν</strong></span> <span class='ocrx_word' id='word_1_283' title='bbox 3866 1125 4052 1175; x_wconf 78' lang='grc' dir='ltr'><strong>παρα-</strong></span> 
     </span>
    </p>
   </div>
   <div class='ocr_carea' id='block_1_41' title="bbox 2464 1200 3587 1270">
    <p class='ocr_par' dir='ltr' id='par_1_41' title="bbox 2464 1200 3587 1270">
     <span class='ocr_line' id='line_1_41' title="bbox 2464 1200 3587 1270; baseline -0.004 -15"><span class='ocrx_word' id='word_1_284' title='bbox 2464 1203 2627 1270; x_wconf 81' lang='grc' dir='ltr'><strong>δείσῳ</strong></span> <span class='ocrx_word' id='word_1_285' title='bbox 2657 1203 2750 1253; x_wconf 74' lang='grc' dir='ltr'><strong>καὶ</strong></span> <span class='ocrx_word' id='word_1_286' title='bbox 2785 1200 2883 1268; x_wconf 77' lang='grc' dir='ltr'><strong>βίῳ</strong></span> <span class='ocrx_word' id='word_1_287' title='bbox 2911 1200 2987 1268; x_wconf 82' lang='grc' dir='ltr'><strong>τῷ</strong></span> <span class='ocrx_word' id='word_1_288' title='bbox 3029 1200 3236 1260; x_wconf 76' lang='grc' dir='ltr'><strong>ἐνθάδε,</strong></span> <span class='ocrx_word' id='word_1_289' title='bbox 3272 1201 3364 1251; x_wconf 71' lang='grc' dir='ltr'><strong>καὶ</strong></span> <span class='ocrx_word' id='word_1_290' title='bbox 3396 1200 3587 1268; x_wconf 74' lang='grc' dir='ltr'><strong>ἐξέστη</strong></span> 
     </span>
    </p>
   </div>
   <div class='ocr_carea' id='block_1_42' title="bbox 2468 1288 4056 1364">
    <p class='ocr_par' dir='ltr' id='par_1_42' title="bbox 2468 1288 4056 1364">
     <span class='ocr_line' id='line_1_42' title="bbox 2468 1288 4056 1364; baseline -0.003 -18"><span class='ocrx_word' id='word_1_291' title='bbox 2468 1296 2734 1364; x_wconf 78' lang='grc' dir='ltr'><strong>σωτήριον</strong></span> <span class='ocrx_word' id='word_1_292' title='bbox 2768 1292 2933 1344; x_wconf 76' lang='grc' dir='ltr'><strong>αὑτοῦ</strong></span> <span class='ocrx_word' id='word_1_293' title='bbox 2979 1295 3259 1354; x_wconf 75' lang='grc' dir='ltr'><strong>ἔκστασιν,</strong></span> <span class='ocrx_word' id='word_1_294' title='bbox 3301 1292 3367 1343; x_wconf 78' lang='grc' dir='ltr'><strong>δι’</strong></span> <span class='ocrx_word' id='word_1_295' title='bbox 3398 1288 3464 1361; x_wconf 75' lang='grc' dir='ltr'><strong>ἧς</strong></span> <span class='ocrx_word' id='word_1_296' title='bbox 3513 1293 3612 1360; x_wconf 77' lang='grc' dir='ltr'><strong>την</strong></span> <span class='ocrx_word' id='word_1_297' title='bbox 3656 1292 3867 1342; x_wconf 88' lang='grc' dir='ltr'><strong>οἰκείαν</strong></span> <span class='ocrx_word' id='word_1_298' title='bbox 3915 1292 4056 1359; x_wconf 73' lang='grc' dir='ltr'><strong>σύμ·</strong></span> 
     </span>
    </p>
   </div>
   <div class='ocr_carea' id='block_1_43' title="bbox 3631 1199 4054 1267">
    <p class='ocr_par' dir='ltr' id='par_1_43' title="bbox 3631 1199 4054 1267">
     <span class='ocr_line' id='line_1_43' title="bbox 3631 1199 4054 1267; baseline -0.014 -16"><span class='ocrx_word' id='word_1_299' title='bbox 3631 1200 3922 1267; x_wconf 74' lang='grc' dir='ltr'><strong>ἀτρέπτως</strong></span> <span class='ocrx_word' id='word_1_300' title='bbox 3957 1199 4054 1267; x_wconf 67' lang='grc' dir='ltr'><strong>τὴν</strong></span> 
     </span>
    </p>
   </div>
   <div class='ocr_carea' id='block_1_44' title="bbox 2467 1383 4056 1453">
    <p class='ocr_par' dir='ltr' id='par_1_44' title="bbox 2467 1383 4056 1453">
     <span class='ocr_line' id='line_1_44' title="bbox 2467 1383 4056 1453; baseline -0.003 -15"><span class='ocrx_word' id='word_1_301' title='bbox 2467 1386 2580 1439; x_wconf 66' lang='grc' dir='ltr'><strong>(διον</strong></span> <span class='ocrx_word' id='word_1_302' title='bbox 2648 1386 2972 1453; x_wconf 77' lang='grc' dir='ltr'><strong>Ἐκκλησίαν</strong></span> <span class='ocrx_word' id='word_1_303' title='bbox 3024 1386 3210 1436; x_wconf 86' lang='grc' dir='ltr'><strong>τέτοκε</strong></span> <span class='ocrx_word' id='word_1_304' title='bbox 3263 1385 3352 1435; x_wconf 77' lang='grc' dir='ltr'><strong>καὶ</strong></span> <span class='ocrx_word' id='word_1_305' title='bbox 3408 1383 3818 1452; x_wconf 78' lang='grc' dir='ltr'><strong>προσεκολληθη</strong></span> <span class='ocrx_word' id='word_1_306' title='bbox 3871 1385 4056 1453; x_wconf 73' lang='grc' dir='ltr'><strong>ταύτῃ</strong></span> 
     </span>
    </p>
   </div>
   <div class='ocr_carea' id='block_1_45' title="bbox 2470 1475 4056 1547">
    <p class='ocr_par' dir='ltr' id='par_1_45' title="bbox 2470 1475 4056 1547">
     <span class='ocr_line' id='line_1_45' title="bbox 2470 1475 4056 1547; baseline -0.002 -18"><span class='ocrx_word' id='word_1_307' title='bbox 2470 1478 2847 1547; x_wconf 84' lang='grc' dir='ltr'><strong>σαρκωθέντος</strong></span> <span class='ocrx_word' id='word_1_308' title='bbox 2888 1476 3275 1545; x_wconf 66' lang='grc' dir='ltr'><strong>ὑποστρεψάση</strong></span> <span class='ocrx_word' id='word_1_309' title='bbox 3313 1475 3446 1547; x_wconf 80' lang='grc' dir='ltr'><strong>πρὸς</strong></span> <span class='ocrx_word' id='word_1_310' title='bbox 3496 1477 3656 1526; x_wconf 73' lang='grc' dir='ltr'><strong>αὐτὸν</strong></span> <span class='ocrx_word' id='word_1_311' title='bbox 3703 1475 3909 1538; x_wconf 71' lang='grc' dir='ltr'><strong>καλῶς,</strong></span> <span class='ocrx_word' id='word_1_312' title='bbox 3961 1478 4056 1527; x_wconf 69' lang='grc' dir='ltr'><strong>καὶ</strong></span> 
     </span>
    </p>
   </div>
   <div class='ocr_carea' id='block_1_46' title="bbox 2467 1566 4057 1637">
    <p class='ocr_par' dir='ltr' id='par_1_46' title="bbox 2467 1566 4057 1637">
     <span class='ocr_line' id='line_1_46' title="bbox 2467 1566 4057 1637; baseline -0.002 -17"><span class='ocrx_word' id='word_1_313' title='bbox 2467 1569 2754 1632; x_wconf 73' lang='grc' dir='ltr'><strong>ἀνεδέξατο</strong></span> <span class='ocrx_word' id='word_1_314' title='bbox 2790 1570 2968 1621; x_wconf 83' lang='grc' dir='ltr'><strong>πάντα</strong></span> <span class='ocrx_word' id='word_1_315' title='bbox 2998 1568 3064 1619; x_wconf 72' lang='grc' dir='ltr'><strong>τά</strong></span> <span class='ocrx_word' id='word_1_316' title='bbox 3100 1569 3157 1620; x_wconf 80' lang='grc' dir='ltr'><strong>ἐν</strong></span> <span class='ocrx_word' id='word_1_317' title='bbox 3192 1570 3354 1636; x_wconf 70' lang='grc' dir='ltr'><strong>αὐτῇ,</strong></span> <span class='ocrx_word' id='word_1_318' title='bbox 3405 1567 3502 1637; x_wconf 82' lang='grc' dir='ltr'><strong>την</strong></span> <span class='ocrx_word' id='word_1_319' title='bbox 3537 1566 3761 1635; x_wconf 84' lang='grc' dir='ltr'><strong>βρῶσιν,</strong></span> <span class='ocrx_word' id='word_1_320' title='bbox 3797 1569 3903 1634; x_wconf 73' lang='grc' dir='ltr'><strong>τὴν</strong></span> <span class='ocrx_word' id='word_1_321' title='bbox 3955 1586 4057 1634; x_wconf 59' lang='grc' dir='ltr'><strong>φα-</strong></span> 
     </span>
    </p>
   </div>
   <div class='ocr_carea' id='block_1_47' title="bbox 2469 1660 4056 1730">
    <p class='ocr_par' dir='ltr' id='par_1_47' title="bbox 2469 1660 4056 1730">
     <span class='ocr_line' id='line_1_47' title="bbox 2469 1660 4056 1730; baseline -0.003 -18"><span class='ocrx_word' id='word_1_322' title='bbox 2469 1662 2593 1730; x_wconf 83' lang='grc' dir='ltr'><strong>γην,</strong></span> <span class='ocrx_word' id='word_1_323' title='bbox 2641 1663 2742 1730; x_wconf 79' lang='grc' dir='ltr'><strong>τὴν</strong></span> <span class='ocrx_word' id='word_1_324' title='bbox 2780 1661 2961 1730; x_wconf 77' lang='grc' dir='ltr'><strong>ὓϐριν,</strong></span> <span class='ocrx_word' id='word_1_325' title='bbox 3017 1660 3114 1729; x_wconf 77' lang='grc' dir='ltr'><strong>τὴν</strong></span> <span class='ocrx_word' id='word_1_326' title='bbox 3167 1660 3447 1729; x_wconf 80' lang='grc' dir='ltr'><strong>κατάραν·</strong></span> <span class='ocrx_word' id='word_1_327' title='bbox 3502 1660 3794 1728; x_wconf 78' lang='grc' dir='ltr'><strong>γενόμενος</strong></span> <span class='ocrx_word' id='word_1_328' title='bbox 3840 1660 4056 1726; x_wconf 87' lang='grc' dir='ltr'><strong>κατάρα</strong></span> 
     </span>
    </p>
   </div>
   <div class='ocr_carea' id='block_1_48' title="bbox 2469 1748 4056 1820">
    <p class='ocr_par' dir='ltr' id='par_1_48' title="bbox 2469 1748 4056 1820">
     <span class='ocr_line' id='line_1_48' title="bbox 2469 1748 4056 1820; baseline -0.002 -18"><span class='ocrx_word' id='word_1_329' title='bbox 2469 1751 2542 1812; x_wconf 80' lang='grc' dir='ltr'><strong>ὡς</strong></span> <span class='ocrx_word' id='word_1_330' title='bbox 2575 1752 2909 1820; x_wconf 76' lang='grc' dir='ltr'><strong>κρεμασθεὶς</strong></span> <span class='ocrx_word' id='word_1_331' title='bbox 2943 1750 3030 1802; x_wconf 72' lang='grc' dir='ltr'><strong>ἐπὶ</strong></span> <span class='ocrx_word' id='word_1_332' title='bbox 3069 1749 3247 1813; x_wconf 68' lang='grc' dir='ltr'><strong>ξύλου,</strong></span> <span class='ocrx_word' id='word_1_333' title='bbox 3278 1750 3376 1818; x_wconf 83' lang='grc' dir='ltr'><strong>τὴν</strong></span> <span class='ocrx_word' id='word_1_334' title='bbox 3414 1748 3718 1817; x_wconf 76' lang='grc' dir='ltr'><strong>γύμνωσιν,</strong></span> <span class='ocrx_word' id='word_1_335' title='bbox 3745 1751 3847 1813; x_wconf 64' lang='grc' dir='ltr'><strong>τὴν</strong></span> <span class='ocrx_word' id='word_1_336' title='bbox 3879 1749 4056 1799; x_wconf 83' lang='grc' dir='ltr'><strong>κατά·</strong></span> 
     </span>
    </p>
   </div>
   <div class='ocr_carea' id='block_1_49' title="bbox 2473 1839 4056 1912">
    <p class='ocr_par' dir='ltr' id='par_1_49' title="bbox 2473 1839 4056 1912">
     <span class='ocr_line' id='line_1_49' title="bbox 2473 1839 4056 1912; baseline -0.003 -17"><span class='ocrx_word' id='word_1_337' title='bbox 2473 1841 2771 1912; x_wconf 65' lang='grc' dir='ltr'><strong>κρ·δψιν,ἧν</strong></span> <span class='ocrx_word' id='word_1_338' title='bbox 2811 1843 2867 1891; x_wconf 81' lang='grc' dir='ltr'><strong>ἐν</strong></span> <span class='ocrx_word' id='word_1_339' title='bbox 2915 1841 2991 1910; x_wconf 79' lang='grc' dir='ltr'><strong>τῷ</strong></span> <span class='ocrx_word' id='word_1_340' title='bbox 3043 1842 3141 1910; x_wconf 72' lang='grc' dir='ltr'><strong>ᾄδῃ</strong></span> <span class='ocrx_word' id='word_1_341' title='bbox 3190 1840 3398 1910; x_wconf 63' lang='grc' dir='ltr'><strong>ἐκρύϐη</strong></span> <span class='ocrx_word' id='word_1_342' title='bbox 3437 1841 3575 1908; x_wconf 82' lang='grc' dir='ltr'><strong>μετά</strong></span> <span class='ocrx_word' id='word_1_343' title='bbox 3623 1839 3715 1890; x_wconf 89' lang='grc' dir='ltr'><strong>τοῦ</strong></span> <span class='ocrx_word' id='word_1_344' title='bbox 3766 1840 3928 1905; x_wconf 68' lang='grc' dir='ltr'><strong>ξύλου</strong></span> <span class='ocrx_word' id='word_1_345' title='bbox 3965 1839 4056 1890; x_wconf 84' lang='grc' dir='ltr'><strong>τοῦ</strong></span> 
     </span>
    </p>
   </div>
   <div class='ocr_carea' id='block_1_50' title="bbox 2474 1933 4057 2004">
    <p class='ocr_par' dir='ltr' id='par_1_50' title="bbox 2474 1933 4057 2004">
     <span class='ocr_line' id='line_1_50' title="bbox 2474 1933 4057 2004; baseline -0.004 -16"><span class='ocrx_word' id='word_1_346' title='bbox 2474 1935 2729 2004; x_wconf 88' lang='grc' dir='ltr'><strong>σταυροῦ.</strong></span> <span class='ocrx_word' id='word_1_347' title='bbox 2769 1937 2860 1986; x_wconf 88' lang='grc' dir='ltr'><strong>Διὸ</strong></span> <span class='ocrx_word' id='word_1_348' title='bbox 2903 1935 2996 1985; x_wconf 79' lang='grc' dir='ltr'><strong>καὶ</strong></span> <span class='ocrx_word' id='word_1_349' title='bbox 3035 1934 3266 1995; x_wconf 75' lang='grc' dir='ltr'><strong>καλέσας</strong></span> <span class='ocrx_word' id='word_1_350' title='bbox 3299 1934 3459 1984; x_wconf 75' lang='grc' dir='ltr'><strong>αὐτὸν</strong></span> <span class='ocrx_word' id='word_1_351' title='bbox 3485 1935 3511 1984; x_wconf 89' lang='lat'><strong>6</strong></span> <span class='ocrx_word' id='word_1_352' title='bbox 3543 1933 3672 1994; x_wconf 83' lang='grc' dir='ltr'><strong>Θεὸς</strong></span> <span class='ocrx_word' id='word_1_353' title='bbox 3712 1933 3776 1982; x_wconf 83' lang='grc' dir='ltr'><strong>ἐκ</strong></span> <span class='ocrx_word' id='word_1_354' title='bbox 3822 1933 3925 2000; x_wconf 77' lang='grc' dir='ltr'><strong>τῆς</strong></span> <span class='ocrx_word' id='word_1_355' title='bbox 3961 1951 4057 1982; x_wconf 91' lang='grc' dir='ltr'><strong>κα-</strong></span> 
     </span>
    </p>
   </div>
   <div class='ocr_carea' id='block_1_51' title="bbox 2471 2024 4058 2095">
    <p class='ocr_par' dir='ltr' id='par_1_51' title="bbox 2471 2024 4058 2095">
     <span class='ocr_line' id='line_1_51' title="bbox 2471 2024 4058 2095; baseline -0.003 -18"><span class='ocrx_word' id='word_1_356' title='bbox 2471 2026 2792 2095; x_wconf 67' lang='grc' dir='ltr'><strong>τακρύψεως</strong></span> <span class='ocrx_word' id='word_1_357' title='bbox 2838 2025 3051 2093; x_wconf 75' lang='grc' dir='ltr'><strong>ἐκείνης</strong></span> <span class='ocrx_word' id='word_1_358' title='bbox 3082 2024 3314 2093; x_wconf 79' lang='grc' dir='ltr'><strong>ἐξήγαγε</strong></span> <span class='ocrx_word' id='word_1_359' title='bbox 3369 2027 3460 2076; x_wconf 77' lang='grc' dir='ltr'><strong>καὶ</strong></span> <span class='ocrx_word' id='word_1_360' title='bbox 3507 2025 3839 2093; x_wconf 81' lang='grc' dir='ltr'><strong>ἀνέστησεν·</strong></span> <span class='ocrx_word' id='word_1_361' title='bbox 3874 2026 4058 2091; x_wconf 79' lang='grc' dir='ltr'><strong>ἐπαμ-</strong></span> 
     </span>
    </p>
   </div>
   <div class='ocr_carea' id='block_1_52' title="bbox 2473 2115 4057 2187">
    <p class='ocr_par' dir='ltr' id='par_1_52' title="bbox 2473 2115 4057 2187">
     <span class='ocr_line' id='line_1_52' title="bbox 2473 2115 4057 2187; baseline -0.002 -18"><span class='ocrx_word' id='word_1_362' title='bbox 2473 2119 2766 2185; x_wconf 83' lang='grc' dir='ltr'><strong>φιασθέντα</strong></span> <span class='ocrx_word' id='word_1_363' title='bbox 2793 2121 2856 2186; x_wconf 82' lang='grc' dir='ltr'><strong>τῇ</strong></span> <span class='ocrx_word' id='word_1_364' title='bbox 2891 2117 3168 2186; x_wconf 79' lang='grc' dir='ltr'><strong>ἀφθαρσίᾳ</strong></span> <span class='ocrx_word' id='word_1_365' title='bbox 3193 2117 3287 2168; x_wconf 78' lang='grc' dir='ltr'><strong>ἐπὶ</strong></span> <span class='ocrx_word' id='word_1_366' title='bbox 3311 2115 3404 2168; x_wconf 87' lang='grc' dir='ltr'><strong>τοῦ</strong></span> <span class='ocrx_word' id='word_1_367' title='bbox 3431 2115 3812 2187; x_wconf 77' lang='grc' dir='ltr'><strong>περιζώματος</strong></span> <span class='ocrx_word' id='word_1_368' title='bbox 3843 2117 4057 2167; x_wconf 78' lang='grc' dir='ltr'><strong>ἐκείνου</strong></span> 
     </span>
    </p>
   </div>
   <div class='ocr_carea' id='block_1_53' title="bbox 2471 2205 4058 2276">
    <p class='ocr_par' dir='ltr' id='par_1_53' title="bbox 2471 2205 4058 2276">
     <span class='ocr_line' id='line_1_53' title="bbox 2471 2205 4058 2276; baseline -0.001 -19"><span class='ocrx_word' id='word_1_369' title='bbox 2471 2206 2563 2258; x_wconf 80' lang='grc' dir='ltr'><strong>τοῦ</strong></span> <span class='ocrx_word' id='word_1_370' title='bbox 2599 2205 2837 2276; x_wconf 79' lang='grc' dir='ltr'><strong>φθαρτοῦ</strong></span> <span class='ocrx_word' id='word_1_371' title='bbox 2867 2205 2959 2257; x_wconf 83' lang='grc' dir='ltr'><strong>τοῦ</strong></span> <span class='ocrx_word' id='word_1_372' title='bbox 2991 2208 3054 2257; x_wconf 82' lang='grc' dir='ltr'><strong>ἐκ</strong></span> <span class='ocrx_word' id='word_1_373' title='bbox 3086 2207 3397 2275; x_wconf 81' lang='grc' dir='ltr'><strong>σπέρματος</strong></span> <span class='ocrx_word' id='word_1_374' title='bbox 3434 2207 3598 2258; x_wconf 75' lang='grc' dir='ltr'><strong>Δαϐὶδ</strong></span> <span class='ocrx_word' id='word_1_375' title='bbox 3627 2207 3776 2268; x_wconf 76' lang='grc' dir='ltr'><strong>ὄντος</strong></span> <span class='ocrx_word' id='word_1_376' title='bbox 3816 2207 3878 2257; x_wconf 82' lang='grc' dir='ltr'><strong>τὸ</strong></span> <span class='ocrx_word' id='word_1_377' title='bbox 3915 2205 4058 2257; x_wconf 77' lang='grc' dir='ltr'><strong>κατά</strong></span> 
     </span>
    </p>
   </div>
   <div class='ocr_carea' id='block_1_54' title="bbox 2475 2295 4058 2366">
    <p class='ocr_par' dir='ltr' id='par_1_54' title="bbox 2475 2295 4058 2366">
     <span class='ocr_line' id='line_1_54' title="bbox 2475 2295 4058 2366; baseline -0.001 -17"><span class='ocrx_word' id='word_1_378' title='bbox 2475 2300 2673 2366; x_wconf 84' lang='grc' dir='ltr'><strong>σάρκα,</strong></span> <span class='ocrx_word' id='word_1_379' title='bbox 2726 2295 2910 2366; x_wconf 82' lang='grc' dir='ltr'><strong>χοϊκοῦ</strong></span> <span class='ocrx_word' id='word_1_380' title='bbox 2981 2297 3074 2348; x_wconf 78' lang='grc' dir='ltr'><strong>καὶ</strong></span> <span class='ocrx_word' id='word_1_381' title='bbox 3125 2295 3478 2364; x_wconf 76' lang='grc' dir='ltr'><strong>χορτογενοῦς</strong></span> <span class='ocrx_word' id='word_1_382' title='bbox 3535 2296 3797 2365; x_wconf 89' lang='grc' dir='ltr'><strong>σαρκικοῦ</strong></span> <span class='ocrx_word' id='word_1_383' title='bbox 3852 2297 4058 2365; x_wconf 79' lang='grc' dir='ltr'><strong>χιτῶνα</strong></span> 
     </span>
    </p>
   </div>
   <div class='ocr_carea' id='block_1_55' title="bbox 2472 2387 4058 2458">
    <p class='ocr_par' dir='ltr' id='par_1_55' title="bbox 2472 2387 4058 2458">
     <span class='ocr_line' id='line_1_55' title="bbox 2472 2387 4058 2458; baseline -0.004 -14"><span class='ocrx_word' id='word_1_384' title='bbox 2472 2393 2678 2457; x_wconf 74' lang='grc' dir='ltr'><strong>ἄφατον</strong></span> <span class='ocrx_word' id='word_1_385' title='bbox 2728 2388 3127 2458; x_wconf 76' lang='grc' dir='ltr'><strong>περιθεμένου·</strong></span> <span class='ocrx_word' id='word_1_386' title='bbox 3179 2387 3478 2457; x_wconf 81' lang='grc' dir='ltr'><strong>ἄφθαρτον,</strong></span> <span class='ocrx_word' id='word_1_387' title='bbox 3539 2390 3786 2458; x_wconf 71' lang='grc' dir='ltr'><strong>στερρὸν,</strong></span> <span class='ocrx_word' id='word_1_388' title='bbox 3841 2389 4058 2440; x_wconf 81' lang='grc' dir='ltr'><strong>θεότευ-</strong></span> 
     </span>
    </p>
   </div>
   <div class='ocr_carea' id='block_1_56' title="bbox 2473 2479 4057 2548">
    <p class='ocr_par' dir='ltr' id='par_1_56' title="bbox 2473 2479 4057 2548">
     <span class='ocr_line' id='line_1_56' title="bbox 2473 2479 4057 2548; baseline -0.001 -16"><span class='ocrx_word' id='word_1_389' title='bbox 2473 2498 2620 2542; x_wconf 88' lang='grc' dir='ltr'><strong>κτον,</strong></span> <span class='ocrx_word' id='word_1_390' title='bbox 2656 2481 2718 2532; x_wconf 82' lang='grc' dir='ltr'><strong>ὲκ</strong></span> <span class='ocrx_word' id='word_1_391' title='bbox 2746 2479 2840 2531; x_wconf 86' lang='grc' dir='ltr'><strong>τοῦ</strong></span> <span class='ocrx_word' id='word_1_392' title='bbox 2873 2479 3076 2532; x_wconf 83' lang='grc' dir='ltr'><strong>ἀνωθεν</strong></span> <span class='ocrx_word' id='word_1_393' title='bbox 3108 2479 3242 2530; x_wconf 83' lang='grc' dir='ltr'><strong>Θεοῦ</strong></span> <span class='ocrx_word' id='word_1_394' title='bbox 3276 2481 3510 2546; x_wconf 82' lang='grc' dir='ltr'><strong>ὑφαντόν</strong></span> <span class='ocrx_word' id='word_1_395' title='bbox 3531 2495 3545 2509; x_wconf 77' lang='grc'><strong>⁸</strong></span> <span class='ocrx_word' id='word_1_396' title='bbox 3581 2480 3850 2531; x_wconf 85' lang='grc' dir='ltr'><strong>ἀθάνατον</strong></span> <span class='ocrx_word' id='word_1_397' title='bbox 3897 2498 4057 2548; x_wconf 87' lang='grc' dir='ltr'><strong>μετα-</strong></span> 
     </span>
    </p>
   </div>
   <div class='ocr_carea' id='block_1_57' title="bbox 2473 2569 4055 2641">
    <p class='ocr_par' dir='ltr' id='par_1_57' title="bbox 2473 2569 4055 2641">
     <span class='ocr_line' id='line_1_57' title="bbox 2473 2569 4055 2641; baseline -0.001 -20"><span class='ocrx_word' id='word_1_398' title='bbox 2473 2571 2766 2639; x_wconf 81' lang='grc' dir='ltr'><strong>ποιηθέντα</strong></span> <span class='ocrx_word' id='word_1_399' title='bbox 2807 2569 2975 2638; x_wconf 79' lang='grc' dir='ltr'><strong>αὐτῷ,</strong></span> <span class='ocrx_word' id='word_1_400' title='bbox 3016 2573 3092 2634; x_wconf 87' lang='grc' dir='ltr'><strong>εἰς</strong></span> <span class='ocrx_word' id='word_1_401' title='bbox 3125 2572 3406 2623; x_wconf 70' lang='grc' dir='ltr'><strong>ἀδιάλυτον</strong></span> <span class='ocrx_word' id='word_1_402' title='bbox 3443 2571 3582 2641; x_wconf 74' lang='grc' dir='ltr'><strong>ὑπὲρ</strong></span> <span class='ocrx_word' id='word_1_403' title='bbox 3617 2570 3707 2622; x_wconf 86' lang='grc' dir='ltr'><strong>τὸν</strong></span> <span class='ocrx_word' id='word_1_404' title='bbox 3747 2571 4055 2641; x_wconf 80' lang='grc' dir='ltr'><strong>πρότερον·</strong></span> 
     </span>
    </p>
   </div>
   <div class='ocr_carea' id='block_1_58' title="bbox 2472 2657 4059 2730">
    <p class='ocr_par' dir='ltr' id='par_1_58' title="bbox 2472 2657 4059 2730">
     <span class='ocr_line' id='line_1_58' title="bbox 2472 2657 4059 2730; baseline -0.001 -17"><span class='ocrx_word' id='word_1_405' title='bbox 2472 2662 2500 2714; x_wconf 78' lang='grc' dir='ltr'>ὃ</span> <span class='ocrx_word' id='word_1_406' title='bbox 2544 2663 2586 2712; x_wconf 82' lang='grc' dir='ltr'><strong>δ’</strong></span> <span class='ocrx_word' id='word_1_407' title='bbox 2621 2657 2686 2730; x_wconf 79' lang='grc' dir='ltr'><strong>ἦν</strong></span> <span class='ocrx_word' id='word_1_408' title='bbox 2722 2663 2786 2712; x_wconf 85' lang='grc' dir='ltr'><strong>ὲκ</strong></span> <span class='ocrx_word' id='word_1_409' title='bbox 2831 2661 3048 2728; x_wconf 78' lang='grc' dir='ltr'><strong>Μαρίας</strong></span> <span class='ocrx_word' id='word_1_410' title='bbox 3103 2661 3199 2728; x_wconf 78' lang='grc' dir='ltr'><strong>τῆς</strong></span> <span class='ocrx_word' id='word_1_411' title='bbox 3237 2661 3502 2712; x_wconf 80' lang='grc' dir='ltr'><strong>Θεοτόκου</strong></span> <span class='ocrx_word' id='word_1_412' title='bbox 3559 2661 3848 2714; x_wconf 79' lang='grc' dir='ltr'><strong>ἐνεδύσατο</strong></span> <span class='ocrx_word' id='word_1_413' title='bbox 3893 2661 4059 2729; x_wconf 87' lang='grc' dir='ltr'><strong>σῶμα</strong></span> 
     </span>
    </p>
   </div>
   <div class='ocr_carea' id='block_1_59' title="bbox 2477 2750 4059 2821">
    <p class='ocr_par' dir='ltr' id='par_1_59' title="bbox 2477 2750 4059 2821">
     <span class='ocr_line' id='line_1_59' title="bbox 2477 2750 4059 2821; baseline 0 -17"><span class='ocrx_word' id='word_1_414' title='bbox 2477 2753 2887 2821; x_wconf 82' lang='grc' dir='ltr'><strong>μετασκευάσας</strong></span> <span class='ocrx_word' id='word_1_415' title='bbox 2915 2753 3007 2802; x_wconf 75' lang='grc' dir='ltr'><strong>καὶ</strong></span> <span class='ocrx_word' id='word_1_416' title='bbox 3037 2750 3343 2820; x_wconf 86' lang='grc' dir='ltr'><strong>στερεώσας</strong></span> <span class='ocrx_word' id='word_1_417' title='bbox 3365 2768 3380 2781; x_wconf 87' lang='grc'><strong>·</strong></span> <span class='ocrx_word' id='word_1_418' title='bbox 3419 2752 3499 2805; x_wconf 91' lang='grc' dir='ltr'><strong>διὸ</strong></span> <span class='ocrx_word' id='word_1_419' title='bbox 3530 2752 3672 2815; x_wconf 76' lang='grc' dir='ltr'><strong>μετὰ</strong></span> <span class='ocrx_word' id='word_1_420' title='bbox 3718 2752 3815 2820; x_wconf 76' lang='grc' dir='ltr'><strong>τὴν</strong></span> <span class='ocrx_word' id='word_1_421' title='bbox 3844 2752 4059 2804; x_wconf 78' lang='grc' dir='ltr'><strong>ἔνδυσιν</strong></span> 
     </span>
    </p>
   </div>
   <div class='ocr_carea' id='block_1_60' title="bbox 2472 2836 4061 2911">
    <p class='ocr_par' dir='ltr' id='par_1_60' title="bbox 2472 2836 4061 2911">
     <span class='ocr_line' id='line_1_60' title="bbox 2472 2836 4061 2911; baseline 0 -19"><span class='ocrx_word' id='word_1_422' title='bbox 2472 2841 2565 2893; x_wconf 84' lang='grc' dir='ltr'><strong>τοῦ</strong></span> <span class='ocrx_word' id='word_1_423' title='bbox 2599 2842 2822 2910; x_wconf 76' lang='grc' dir='ltr'><strong>χιτῶνος</strong></span> <span class='ocrx_word' id='word_1_424' title='bbox 2845 2841 2943 2908; x_wconf 79' lang='grc' dir='ltr'><strong>τῆς</strong></span> <span class='ocrx_word' id='word_1_425' title='bbox 2973 2841 3302 2911; x_wconf 82' lang='grc' dir='ltr'><strong>ἀφθαρσίας,</strong></span> <span class='ocrx_word' id='word_1_426' title='bbox 3329 2841 3452 2892; x_wconf 73' lang='grc' dir='ltr'><strong>ἐπεὶ</strong></span> <span class='ocrx_word' id='word_1_427' title='bbox 3487 2840 3749 2892; x_wconf 76' lang='grc' dir='ltr'><strong>ἀδύνατον</strong></span> <span class='ocrx_word' id='word_1_428' title='bbox 3775 2836 3843 2909; x_wconf 76' lang='grc' dir='ltr'><strong>ἦν</strong></span> <span class='ocrx_word' id='word_1_429' title='bbox 3871 2843 4061 2909; x_wconf 65' lang='grc' dir='ltr'><strong>ἐγχροι</strong></span> 
     </span>
    </p>
   </div>
   <div class='ocr_carea' id='block_1_61' title="bbox 2474 2932 4061 3003">
    <p class='ocr_par' dir='ltr' id='par_1_61' title="bbox 2474 2932 4061 3003">
     <span class='ocr_line' id='line_1_61' title="bbox 2474 2932 4061 3003; baseline -0.002 -18"><span class='ocrx_word' id='word_1_430' title='bbox 2474 2933 2640 2996; x_wconf 77' lang='grc' dir='ltr'><strong>νίζειν</strong></span> <span class='ocrx_word' id='word_1_431' title='bbox 2692 2932 2853 2984; x_wconf 79' lang='grc' dir='ltr'><strong>αυτὸν</strong></span> <span class='ocrx_word' id='word_1_432' title='bbox 2879 2932 3226 3000; x_wconf 75' lang='grc' dir='ltr'><strong>ἐνδεδυμένον</strong></span> <span class='ocrx_word' id='word_1_433' title='bbox 3271 2933 3360 2984; x_wconf 84' lang='grc' dir='ltr'><strong>τὸν</strong></span> <span class='ocrx_word' id='word_1_434' title='bbox 3403 2933 3712 2986; x_wconf 71' lang='grc' dir='ltr'><strong>εἰσελθόντα</strong></span> <span class='ocrx_word' id='word_1_435' title='bbox 3748 2934 3804 2982; x_wconf 75' lang='grc' dir='ltr'><strong>ἐν</strong></span> <span class='ocrx_word' id='word_1_436' title='bbox 3839 2933 3918 3003; x_wconf 80' lang='grc' dir='ltr'><strong>τῷ</strong></span> <span class='ocrx_word' id='word_1_437' title='bbox 3965 2950 4061 2983; x_wconf 68' lang='grc' dir='ltr'><strong>παι</strong></span> 
     </span>
    </p>
   </div>
   <div class='ocr_carea' id='block_1_62' title="bbox 2479 3025 4060 3096">
    <p class='ocr_par' dir='ltr' id='par_1_62' title="bbox 2479 3025 4060 3096">
     <span class='ocr_line' id='line_1_62' title="bbox 2479 3025 4060 3096; baseline -0.004 -14"><span class='ocrx_word' id='word_1_438' title='bbox 2479 3025 2710 3093; x_wconf 76' lang='grc' dir='ltr'><strong>ραδείσῳ</strong></span> <span class='ocrx_word' id='word_1_439' title='bbox 2742 3025 2840 3093; x_wconf 79' lang='grc' dir='ltr'><strong>τῆς</strong></span> <span class='ocrx_word' id='word_1_440' title='bbox 2897 3026 3253 3093; x_wconf 85' lang='grc' dir='ltr'><strong>Ἐκκλησίας·</strong></span> <span class='ocrx_word' id='word_1_441' title='bbox 3309 3028 3598 3079; x_wconf 77' lang='grc' dir='ltr'><strong>κατέναντι</strong></span> <span class='ocrx_word' id='word_1_442' title='bbox 3649 3028 3754 3096; x_wconf 71' lang='grc' dir='ltr'><strong>γάρ</strong></span> <span class='ocrx_word' id='word_1_443' title='bbox 3803 3027 3905 3095; x_wconf 79' lang='grc' dir='ltr'><strong>τῆς</strong></span> <span class='ocrx_word' id='word_1_444' title='bbox 3956 3030 4060 3094; x_wconf 77' lang='grc' dir='ltr'><strong>γῆς</strong></span> 
     </span>
    </p>
   </div>
   <div class='ocr_carea' id='block_1_63' title="bbox 798 3110 2366 3198">
    <p class='ocr_par' dir='ltr' id='par_1_63' title="bbox 798 3110 2366 3180">
     <span class='ocr_line' id='line_1_63' title="bbox 798 3110 2366 3180; baseline 0.003 -15"><span class='ocrx_word' id='word_1_445' title='bbox 798 3112 932 3166; x_wconf 83' lang='lat' dir='ltr'><strong>tides</strong></span> <span class='ocrx_word' id='word_1_446' title='bbox 975 3112 1026 3163; x_wconf 95' lang='lat' dir='ltr'><strong>in</strong></span> <span class='ocrx_word' id='word_1_447' title='bbox 1061 3110 1343 3166; x_wconf 86' lang='lat' dir='ltr'><strong>Christum</strong></span> <span class='ocrx_word' id='word_1_448' title='bbox 1381 3130 1544 3180; x_wconf 89' lang='lat' dir='ltr'><strong>quam</strong></span> <span class='ocrx_word' id='word_1_449' title='bbox 1588 3113 1732 3165; x_wconf 78' lang='lat' dir='ltr'><strong>Deus</strong></span> <span class='ocrx_word' id='word_1_450' title='bbox 1777 3115 1968 3166; x_wconf 89' lang='lat' dir='ltr'><strong>statuit</strong></span> <span class='ocrx_word' id='word_1_451' title='bbox 2006 3124 2059 3166; x_wconf 84' lang='lat' dir='ltr'><strong>ct</strong></span> <span class='ocrx_word' id='word_1_452' title='bbox 2101 3117 2366 3170; x_wconf 86' lang='lat' dir='ltr'><strong>ordinavit</strong></span> 
     </span>
    </p>
   </div>
   <div class='ocr_carea' id='block_1_64' title="bbox 2474 3110 4061 3198">
    <p class='ocr_par' dir='ltr' id='par_1_64' title="bbox 2476 3112 4061 3187">
     <span class='ocr_line' id='line_1_64' title="bbox 2476 3112 4061 3187; baseline 0.001 -21"><span class='ocrx_word' id='word_1_453' title='bbox 2476 3115 2711 3183; x_wconf 75' lang='grc' dir='ltr'><strong>ὑπάρχει</strong></span> <span class='ocrx_word' id='word_1_454' title='bbox 2741 3116 2768 3166; x_wconf 96' lang='lat'><strong>6</strong></span> <span class='ocrx_word' id='word_1_455' title='bbox 2802 3114 3050 3182; x_wconf 74' lang='grc' dir='ltr'><strong>οὐρανὸς,</strong></span> <span class='ocrx_word' id='word_1_456' title='bbox 3077 3115 3403 3185; x_wconf 78' lang='grc' dir='ltr'><strong>ἐργάζεσθαι</strong></span> <span class='ocrx_word' id='word_1_457' title='bbox 3437 3117 3598 3168; x_wconf 84' lang='grc' dir='ltr'><strong>αὑτὸν</strong></span> <span class='ocrx_word' id='word_1_458' title='bbox 3625 3117 3722 3187; x_wconf 75' lang='grc' dir='ltr'>τὴν</span> <span class='ocrx_word' id='word_1_459' title='bbox 3753 3120 3855 3184; x_wconf 79' lang='grc' dir='ltr'><strong>γῆν</strong></span> <span class='ocrx_word' id='word_1_460' title='bbox 3893 3119 3954 3182; x_wconf 77' lang='grc' dir='ltr'>ἐξ</span> <span class='ocrx_word' id='word_1_461' title='bbox 3997 3112 4061 3187; x_wconf 75' lang='grc' dir='ltr'><strong>ἧς</strong></span> 
     </span>
    </p>
   </div>
   <div class='ocr_carea' id='block_1_65' title="bbox 798 3202 2373 3257">
    <p class='ocr_par' dir='ltr' id='par_1_65' title="bbox 798 3202 2373 3257">
     <span class='ocr_line' id='line_1_65' title="bbox 798 3202 2373 3257; baseline 0.002 -3"><span class='ocrx_word' id='word_1_462' title='bbox 798 3211 861 3254; x_wconf 85' lang='grc' dir='ltr'>ιιι</span> <span class='ocrx_word' id='word_1_463' title='bbox 885 3205 1160 3255; x_wconf 78' lang='lat' dir='ltr'><strong>incessum</strong></span> <span class='ocrx_word' id='word_1_464' title='bbox 1201 3212 1445 3254; x_wconf 85' lang='lat' dir='ltr'><strong>nostrum</strong></span> <span class='ocrx_word' id='word_1_465' title='bbox 1483 3202 1615 3253; x_wconf 89' lang='lat' dir='ltr'><strong>etin</strong></span> <span class='ocrx_word' id='word_1_466' title='bbox 1657 3203 1819 3254; x_wconf 81' lang='lat' dir='ltr'><strong>haece</strong></span> <span class='ocrx_word' id='word_1_467' title='bbox 1860 3203 1965 3254; x_wconf 79' lang='lat' dir='ltr'><strong>vita</strong></span> <span class='ocrx_word' id='word_1_468' title='bbox 2002 3203 2269 3255; x_wconf 83' lang='lat' dir='ltr'><strong>curricula</strong></span> <span class='ocrx_word' id='word_1_469' title='bbox 2305 3204 2373 3257; x_wconf 88' lang='lat' dir='ltr'><strong>ab</strong></span> 
     </span>
    </p>
   </div>
   <div class='ocr_carea' id='block_1_66' title="bbox 799 3289 2370 3360">
    <p class='ocr_par' dir='ltr' id='par_1_66' title="bbox 799 3289 2370 3360">
     <span class='ocr_line' id='line_1_66' title="bbox 799 3289 2370 3360; baseline 0 -16"><span class='ocrx_word' id='word_1_470' title='bbox 799 3306 985 3344; x_wconf 84' lang='lat' dir='ltr'><strong>errore</strong></span> <span class='ocrx_word' id='word_1_471' title='bbox 1017 3301 1284 3355; x_wconf 88' lang='lat' dir='ltr'><strong>tueretur;</strong></span> <span class='ocrx_word' id='word_1_472' title='bbox 1314 3292 1515 3360; x_wconf 82' lang='lat' dir='ltr'><strong>lignum</strong></span> <span class='ocrx_word' id='word_1_473' title='bbox 1545 3300 1724 3342; x_wconf 74' lang='lat' dir='ltr'><strong>aulo-iu</strong></span> <span class='ocrx_word' id='word_1_474' title='bbox 1751 3289 1862 3358; x_wconf 69' lang='lat'><strong>(‘25)</strong></span> <span class='ocrx_word' id='word_1_475' title='bbox 1888 3291 2124 3360; x_wconf 59' lang='lat' dir='ltr'><strong>intelligi:</strong></span> <span class='ocrx_word' id='word_1_476' title='bbox 2155 3307 2370 3344; x_wconf 88' lang='lat' dir='ltr'><strong>omnem</strong></span> 
     </span>
    </p>
   </div>
   <div class='ocr_carea' id='block_1_67' title="bbox 801 3380 2372 3448">
    <p class='ocr_par' dir='ltr' id='par_1_67' title="bbox 801 3380 2372 3448">
     <span class='ocr_line' id='line_1_67' title="bbox 801 3380 2372 3448; baseline 0.002 -18"><span class='ocrx_word' id='word_1_477' title='bbox 801 3382 1058 3448; x_wconf 88' lang='lat' dir='ltr'><strong>populum</strong></span> <span class='ocrx_word' id='word_1_478' title='bbox 1115 3380 1341 3445; x_wconf 79' lang='lat' dir='ltr'><strong>Christi,</strong></span> <span class='ocrx_word' id='word_1_479' title='bbox 1406 3381 1571 3432; x_wconf 81' lang='lat' dir='ltr'><strong>vitam</strong></span> <span class='ocrx_word' id='word_1_480' title='bbox 1627 3390 1806 3431; x_wconf 78' lang='lat' dir='ltr'><strong>autem</strong></span> <span class='ocrx_word' id='word_1_481' title='bbox 1859 3381 2191 3444; x_wconf 68' lang='lat' dir='ltr'><strong>Ecclesium;</strong></span> <span class='ocrx_word' id='word_1_482' title='bbox 2259 3381 2372 3448; x_wconf 87' lang='lat' dir='ltr'><strong>ipsa</strong></span> 
     </span>
    </p>
   </div>
   <div class='ocr_carea' id='block_1_68' title="bbox 799 3473 2370 3540">
    <p class='ocr_par' dir='ltr' id='par_1_68' title="bbox 799 3473 2370 3540">
     <span class='ocr_line' id='line_1_68' title="bbox 799 3473 2370 3540; baseline -0.003 -15"><span class='ocrx_word' id='word_1_483' title='bbox 799 3475 943 3525; x_wconf 87' lang='lat' dir='ltr'><strong>enim</strong></span> <span class='ocrx_word' id='word_1_484' title='bbox 973 3482 1052 3525; x_wconf 83' lang='lat' dir='ltr'><strong>est</strong></span> <span class='ocrx_word' id='word_1_485' title='bbox 1090 3488 1251 3540; x_wconf 92' lang='lat' dir='ltr'><strong>quam</strong></span> <span class='ocrx_word' id='word_1_486' title='bbox 1289 3475 1453 3525; x_wconf 86' lang='lat' dir='ltr'><strong>vitam</strong></span> <span class='ocrx_word' id='word_1_487' title='bbox 1501 3473 1738 3535; x_wconf 75' lang='lat' dir='ltr'><strong>\&#39;0(‘.3\ll,</strong></span> <span class='ocrx_word' id='word_1_488' title='bbox 1775 3484 1831 3525; x_wconf 91' lang='grc' dir='ltr'>ιιι</span> <span class='ocrx_word' id='word_1_489' title='bbox 1866 3484 2094 3524; x_wconf 90' lang='lat' dir='ltr'><strong>matrem</strong></span> <span class='ocrx_word' id='word_1_490' title='bbox 2129 3474 2370 3525; x_wconf 92' lang='lat' dir='ltr'><strong>omnium</strong></span> 
     </span>
    </p>
   </div>
   <div class='ocr_carea' id='block_1_69' title="bbox 799 3565 2375 3634">
    <p class='ocr_par' dir='ltr' id='par_1_69' title="bbox 799 3565 2375 3634">
     <span class='ocr_line' id='line_1_69' title="bbox 799 3565 2375 3634; baseline -0.001 -16"><span class='ocrx_word' id='word_1_491' title='bbox 799 3566 854 3618; x_wconf 88' lang='lat' dir='ltr'><strong>in</strong></span> <span class='ocrx_word' id='word_1_492' title='bbox 894 3565 1001 3617; x_wconf 84' lang='lat' dir='ltr'><strong>Deo</strong></span> <span class='ocrx_word' id='word_1_493' title='bbox 1044 3566 1364 3625; x_wconf 86' lang='lat' dir='ltr'><strong>viventium.</strong></span> <span class='ocrx_word' id='word_1_494' title='bbox 1405 3581 1567 3634; x_wconf 90' lang='lat' dir='ltr'><strong>quam</strong></span> <span class='ocrx_word' id='word_1_495' title='bbox 1629 3567 1682 3618; x_wconf 91' lang='lat' dir='ltr'><strong>in</strong></span> <span class='ocrx_word' id='word_1_496' title='bbox 1733 3575 1994 3618; x_wconf 72' lang='lat' dir='ltr'><strong>aeternum</strong></span> <span class='ocrx_word' id='word_1_497' title='bbox 2045 3582 2071 3616; x_wconf 93' lang='lat' dir='ltr'><strong>a</strong></span> <span class='ocrx_word' id='word_1_498' title='bbox 2124 3573 2375 3632; x_wconf 81' lang='lat' dir='ltr'><strong>scrpciilc</strong></span> 
     </span>
    </p>
   </div>
   <div class='ocr_carea' id='block_1_70' title="bbox 799 3656 2374 3724">
    <p class='ocr_par' dir='ltr' id='par_1_70' title="bbox 799 3656 2374 3724">
     <span class='ocr_line' id='line_1_70' title="bbox 799 3656 2374 3724; baseline 0 -16"><span class='ocrx_word' id='word_1_499' title='bbox 799 3657 1119 3709; x_wconf 81' lang='lat' dir='ltr'><strong>custodiunt</strong></span> <span class='ocrx_word' id='word_1_500' title='bbox 1162 3657 1457 3708; x_wconf 76' lang='lat' dir='ltr'><strong>Clierubim</strong></span> <span class='ocrx_word' id='word_1_501' title='bbox 1521 3666 1573 3708; x_wconf 85' lang='lat' dir='ltr'><strong>et</strong></span> <span class='ocrx_word' id='word_1_502' title='bbox 1632 3656 1920 3724; x_wconf 88' lang='lat' dir='ltr'><strong>Seraphim</strong></span> <span class='ocrx_word' id='word_1_503' title='bbox 1981 3666 2032 3709; x_wconf 90' lang='lat' dir='ltr'><strong>ct</strong></span> <span class='ocrx_word' id='word_1_504' title='bbox 2090 3656 2374 3708; x_wconf 82' lang='lat' dir='ltr'><strong>ﬂammeus</strong></span> 
     </span>
    </p>
   </div>
   <div class='ocr_carea' id='block_1_71' title="bbox 800 3744 2374 3814">
    <p class='ocr_par' dir='ltr' id='par_1_71' title="bbox 800 3744 2374 3814">
     <span class='ocr_line' id='line_1_71' title="bbox 800 3744 2374 3814; baseline -0.001 -16"><span class='ocrx_word' id='word_1_505' title='bbox 800 3746 1011 3814; x_wconf 69' lang='lat' dir='ltr'><strong>gladius</strong></span> <span class='ocrx_word' id='word_1_506' title='bbox 1055 3745 1146 3814; x_wconf 86' lang='lat' dir='ltr'><strong>qui</strong></span> <span class='ocrx_word' id='word_1_507' title='bbox 1194 3755 1246 3798; x_wconf 89' lang='lat' dir='ltr'><strong>ct</strong></span> <span class='ocrx_word' id='word_1_508' title='bbox 1283 3745 1398 3814; x_wconf 88' lang='lat' dir='ltr'><strong>ipse</strong></span> <span class='ocrx_word' id='word_1_509' title='bbox 1441 3755 1525 3799; x_wconf 87' lang='lat' dir='ltr'><strong>est</strong></span> <span class='ocrx_word' id='word_1_510' title='bbox 1579 3762 1759 3798; x_wconf 78' lang='lat' dir='ltr'><strong>Si&#39;l&#39;tlm</strong></span> <span class='ocrx_word' id='word_1_511' title='bbox 1804 3746 1916 3798; x_wconf 90' lang='lat' dir='ltr'><strong>l)ei.</strong></span> <span class='ocrx_word' id='word_1_512' title='bbox 1965 3745 2175 3798; x_wconf 80' lang='lat' dir='ltr'><strong>Etenim</strong></span> <span class='ocrx_word' id='word_1_513' title='bbox 2235 3744 2374 3798; x_wconf 68' lang='lat' dir='ltr'><strong>nt&#39;lls</strong></span> 
     </span>
    </p>
   </div>
   <div class='ocr_carea' id='block_1_72' title="bbox 799 3835 2371 3906">
    <p class='ocr_par' dir='ltr' id='par_1_72' title="bbox 799 3835 2371 3906">
     <span class='ocr_line' id='line_1_72' title="bbox 799 3835 2371 3906; baseline -0.003 -16"><span class='ocrx_word' id='word_1_514' title='bbox 799 3846 987 3890; x_wconf 87' lang='lat' dir='ltr'><strong>noster</strong></span> <span class='ocrx_word' id='word_1_515' title='bbox 1013 3837 1154 3906; x_wconf 75' lang='lat' dir='ltr'><strong>ignis</strong></span> <span class='ocrx_word' id='word_1_516' title='bbox 1179 3850 1508 3889; x_wconf 86' lang='lat' dir='ltr'><strong>consumens</strong></span> <span class='ocrx_word' id='word_1_517' title='bbox 1536 3845 1636 3889; x_wconf 84' lang='lat' dir='ltr'><strong>est.</strong></span> <span class='ocrx_word' id='word_1_518' title='bbox 1664 3836 1976 3888; x_wconf 64' lang='lat' dir='ltr'><strong>\lcrsatilcm</strong></span> <span class='ocrx_word' id='word_1_519' title='bbox 2005 3844 2185 3886; x_wconf 90' lang='lat' dir='ltr'><strong>autem</strong></span> <span class='ocrx_word' id='word_1_520' title='bbox 2222 3835 2371 3886; x_wconf 92' lang='lat' dir='ltr'><strong>illum</strong></span> 
     </span>
    </p>
   </div>
   <div class='ocr_carea' id='block_1_73' title="bbox 799 3927 2371 3996">
    <p class='ocr_par' dir='ltr' id='par_1_73' title="bbox 799 3927 2371 3996">
     <span class='ocr_line' id='line_1_73' title="bbox 799 3927 2371 3996; baseline -0.001 -17"><span class='ocrx_word' id='word_1_521' title='bbox 799 3929 931 3980; x_wconf 90' lang='lat' dir='ltr'><strong>dicit</strong></span> <span class='ocrx_word' id='word_1_522' title='bbox 986 3929 1146 3996; x_wconf 87' lang='lat' dir='ltr'><strong>quasi</strong></span> <span class='ocrx_word' id='word_1_523' title='bbox 1202 3927 1499 3981; x_wconf 83' lang='lat' dir='ltr'><strong>Ecclesiam</strong></span> <span class='ocrx_word' id='word_1_524' title='bbox 1547 3929 2000 3994; x_wconf 78' lang='lat' dir='ltr'><strong>circuiiitegcniem</strong></span> <span class='ocrx_word' id='word_1_525' title='bbox 2063 3928 2214 3995; x_wconf 62' lang='lat'><strong>(‘24),</strong></span> <span class='ocrx_word' id='word_1_526' title='bbox 2261 3938 2371 3978; x_wconf 88' lang='lat' dir='ltr'><strong>tnui</strong></span> 
     </span>
    </p>
   </div>
   <div class='ocr_carea' id='block_1_74' title="bbox 799 4019 2374 4090">
    <p class='ocr_par' dir='ltr' id='par_1_74' title="bbox 799 4019 2374 4090">
     <span class='ocr_line' id='line_1_74' title="bbox 799 4019 2374 4090; baseline -0.001 -17"><span class='ocrx_word' id='word_1_527' title='bbox 799 4021 962 4074; x_wconf 85' lang='lat' dir='ltr'><strong>etiam</strong></span> <span class='ocrx_word' id='word_1_528' title='bbox 1007 4021 1164 4090; x_wconf 78' lang='lat' dir='ltr'><strong>quasi</strong></span> <span class='ocrx_word' id='word_1_529' title='bbox 1197 4035 1226 4074; x_wconf 87' lang='lat' dir='ltr'><strong>e</strong></span> <span class='ocrx_word' id='word_1_530' title='bbox 1266 4021 1408 4074; x_wconf 64' lang='lat' dir='ltr'><strong>caelo</strong></span> <span class='ocrx_word' id='word_1_531' title='bbox 1449 4022 1673 4073; x_wconf 79' lang='lat' dir='ltr'><strong>verbum</strong></span> <span class='ocrx_word' id='word_1_532' title='bbox 1711 4020 1801 4073; x_wconf 90' lang='lat' dir='ltr'><strong>Dei</strong></span> <span class='ocrx_word' id='word_1_533' title='bbox 1845 4021 1894 4072; x_wconf 92' lang='lat' dir='ltr'><strong>in</strong></span> <span class='ocrx_word' id='word_1_534' title='bbox 1937 4019 2234 4073; x_wconf 74' lang='lat' dir='ltr'><strong>Ecclesium</strong></span> <span class='ocrx_word' id='word_1_535' title='bbox 2267 4033 2374 4071; x_wconf 87' lang='lat' dir='ltr'><strong>ira-</strong></span> 
     </span>
    </p>
   </div>
   <div class='ocr_carea' id='block_1_75' title="bbox 802 4097 2374 4180">
    <p class='ocr_par' dir='ltr' id='par_1_75' title="bbox 802 4097 2374 4180">
     <span class='ocr_line' id='line_1_75' title="bbox 802 4097 2374 4180; baseline -0.004 -12"><span class='ocrx_word' id='word_1_536' title='bbox 802 4113 1104 4168; x_wconf 87' lang='lat' dir='ltr'><strong>niiitcntem</strong></span> <span class='ocrx_word' id='word_1_537' title='bbox 1143 4127 1266 4180; x_wconf 77' lang='lat' dir='ltr'><strong>quin</strong></span> <span class='ocrx_word' id='word_1_538' title='bbox 1296 4111 1351 4164; x_wconf 91' lang='lat' dir='ltr'><strong>in</strong></span> <span class='ocrx_word' id='word_1_539' title='bbox 1377 4127 1500 4165; x_wconf 87' lang='lat' dir='ltr'><strong>emn</strong></span> <span class='ocrx_word' id='word_1_540' title='bbox 1537 4111 1697 4164; x_wconf 89' lang='lat' dir='ltr'><strong>unice</strong></span> <span class='ocrx_word' id='word_1_541' title='bbox 1731 4112 1992 4180; x_wconf 88' lang='lat' dir='ltr'><strong>respicit:</strong></span> <span class='ocrx_word' id='word_1_542' title='bbox 2047 4111 2204 4163; x_wconf 75' lang='lat' dir='ltr'><strong>Virus</strong></span> <span class='ocrx_word' id='word_1_543' title='bbox 2238 4097 2374 4162; x_wconf 79' lang='lat' dir='ltr'><strong>enini</strong></span> 
     </span>
    </p>
   </div>
   <div class='ocr_carea' id='block_1_76' title="bbox 803 4203 2377 4272">
    <p class='ocr_par' dir='ltr' id='par_1_76' title="bbox 803 4203 2377 4272">
     <span class='ocr_line' id='line_1_76' title="bbox 803 4203 2377 4272; baseline -0.003 -16"><span class='ocrx_word' id='word_1_544' title='bbox 803 4215 1060 4257; x_wconf 72' lang='lat' dir='ltr'><strong>eum-mo</strong></span> <span class='ocrx_word' id='word_1_545' title='bbox 1089 4203 1207 4266; x_wconf 80' lang='lat' dir='ltr'><strong>Dei,</strong></span> <span class='ocrx_word' id='word_1_546' title='bbox 1233 4213 1280 4255; x_wconf 81' lang='lat' dir='ltr'><strong>ct</strong></span> <span class='ocrx_word' id='word_1_547' title='bbox 1309 4203 1508 4270; x_wconf 72' lang='lat' dir='ltr'><strong>efﬁcax,</strong></span> <span class='ocrx_word' id='word_1_548' title='bbox 1542 4213 1589 4255; x_wconf 80' lang='lat' dir='ltr'><strong>ct</strong></span> <span class='ocrx_word' id='word_1_549' title='bbox 1616 4203 1996 4267; x_wconf 71' lang='grc' dir='ltr'><strong>ρρησιναίνίιίω·</strong></span> <span class='ocrx_word' id='word_1_550' title='bbox 2022 4204 2163 4254; x_wconf 83' lang='lat' dir='ltr'><strong>omni</strong></span> <span class='ocrx_word' id='word_1_551' title='bbox 2198 4204 2377 4272; x_wconf 78' lang='lat' dir='ltr'><strong>gladio</strong></span> 
     </span>
    </p>
   </div>
   <div class='ocr_carea' id='block_1_77' title="bbox 805 4291 2376 4366">
    <p class='ocr_par' dir='ltr' id='par_1_77' title="bbox 805 4291 2376 4366">
     <span class='ocr_line' id='line_1_77' title="bbox 805 4291 2376 4366; baseline -0.001 -21"><span class='ocrx_word' id='word_1_552' title='bbox 805 4295 1048 4366; x_wconf 80' lang='lat' dir='ltr'><strong>ancipiti,</strong></span> <span class='ocrx_word' id='word_1_553' title='bbox 1086 4301 1144 4345; x_wconf 90' lang='lat' dir='ltr'><strong>iit</strong></span> <span class='ocrx_word' id='word_1_554' title='bbox 1196 4293 1272 4345; x_wconf 87' lang='lat' dir='ltr'><strong>ait</strong></span> <span class='ocrx_word' id='word_1_555' title='bbox 1307 4293 1508 4346; x_wconf 86' lang='lat' dir='ltr'><strong>Paulus</strong></span> <span class='ocrx_word' id='word_1_556' title='bbox 1541 4291 1804 4360; x_wconf 67' lang='lat' dir='ltr'><strong>1.Qiii|ipe</strong></span> <span class='ocrx_word' id='word_1_557' title='bbox 1835 4294 1979 4346; x_wconf 87' lang='lat' dir='ltr'><strong>sicut</strong></span> <span class='ocrx_word' id='word_1_558' title='bbox 2016 4291 2184 4345; x_wconf 81' lang='lat' dir='ltr'><strong>Filius</strong></span> <span class='ocrx_word' id='word_1_559' title='bbox 2221 4293 2376 4344; x_wconf 81' lang='lat' dir='ltr'><strong>nobis</strong></span> 
     </span>
    </p>
   </div>
   <div class='ocr_carea' id='block_1_78' title="bbox 809 4383 2374 4451">
    <p class='ocr_par' dir='ltr' id='par_1_78' title="bbox 809 4383 2374 4451">
     <span class='ocr_line' id='line_1_78' title="bbox 809 4383 2374 4451; baseline 0 -15"><span class='ocrx_word' id='word_1_560' title='bbox 809 4388 896 4436; x_wconf 83' lang='lat' dir='ltr'><strong>vta</strong></span> <span class='ocrx_word' id='word_1_561' title='bbox 925 4392 1010 4436; x_wconf 87' lang='lat' dir='ltr'><strong>est</strong></span> <span class='ocrx_word' id='word_1_562' title='bbox 1034 4385 1097 4436; x_wconf 86' lang='lat' dir='ltr'><strong>ad</strong></span> <span class='ocrx_word' id='word_1_563' title='bbox 1128 4384 1364 4447; x_wconf 63' lang='lat' dir='ltr'><strong>Pati-cm,</strong></span> <span class='ocrx_word' id='word_1_564' title='bbox 1385 4385 1598 4435; x_wconf 85' lang='lat' dir='ltr'><strong>dicens:</strong></span> <span class='ocrx_word' id='word_1_565' title='bbox 1624 4383 1733 4451; x_wconf 80' lang='lat' dir='ltr'><strong>Ego</strong></span> <span class='ocrx_word' id='word_1_566' title='bbox 1759 4400 1873 4435; x_wconf 78' lang='lat' dir='ltr'><strong>sum</strong></span> <span class='ocrx_word' id='word_1_567' title='bbox 1905 4387 1986 4436; x_wconf 84' lang='lat' dir='ltr'><strong>ri&#39;a</strong></span> <span class='ocrx_word' id='word_1_568' title='bbox 2014 4393 2075 4447; x_wconf 77' lang='grc' dir='ltr'><strong>ηι,</strong></span> <span class='ocrx_word' id='word_1_569' title='bbox 2109 4386 2187 4437; x_wconf 89' lang='lat' dir='ltr'><strong>sic</strong></span> <span class='ocrx_word' id='word_1_570' title='bbox 2211 4385 2374 4436; x_wconf 86' lang='lat' dir='ltr'><strong>etiam</strong></span> 
     </span>
    </p>
   </div>
   <div class='ocr_carea' id='block_1_79' title="bbox 2479 3205 4062 3277">
    <p class='ocr_par' dir='ltr' id='par_1_79' title="bbox 2479 3205 4062 3277">
     <span class='ocr_line' id='line_1_79' title="bbox 2479 3205 4062 3277; baseline 0.003 -21"><span class='ocrx_word' id='word_1_571' title='bbox 2479 3205 2686 3273; x_wconf 75' lang='grc' dir='ltr'><strong>ἐλήφθη</strong></span> <span class='ocrx_word' id='word_1_572' title='bbox 2713 3205 2805 3256; x_wconf 76' lang='grc' dir='ltr'><strong>καὶ</strong></span> <span class='ocrx_word' id='word_1_573' title='bbox 2833 3205 3127 3274; x_wconf 81' lang='grc' dir='ltr'><strong>ἀνελήφθη·</strong></span> <span class='ocrx_word' id='word_1_574' title='bbox 3150 3207 3291 3259; x_wconf 83' lang='grc' dir='ltr'><strong>τοῦτ’</strong></span> <span class='ocrx_word' id='word_1_575' title='bbox 3314 3208 3428 3260; x_wconf 81' lang='grc' dir='ltr'><strong>ἔστι</strong></span> <span class='ocrx_word' id='word_1_576' title='bbox 3455 3210 3514 3260; x_wconf 89' lang='grc' dir='ltr'><strong>τὸ</strong></span> <span class='ocrx_word' id='word_1_577' title='bbox 3539 3209 3879 3277; x_wconf 66' lang='grc' dir='ltr'><strong>ἀνθρώπινον</strong></span> <span class='ocrx_word' id='word_1_578' title='bbox 3903 3209 4062 3275; x_wconf 79' lang='grc' dir='ltr'><strong>γένος</strong></span> 
     </span>
    </p>
   </div>
   <div class='ocr_carea' id='block_1_80' title="bbox 2481 3294 4063 3366">
    <p class='ocr_par' dir='ltr' id='par_1_80' title="bbox 2481 3294 4063 3366">
     <span class='ocr_line' id='line_1_80' title="bbox 2481 3294 4063 3366; baseline 0.003 -20"><span class='ocrx_word' id='word_1_579' title='bbox 2481 3295 2767 3362; x_wconf 73' lang='grc' dir='ltr'><strong>συντηρεῖν</strong></span> <span class='ocrx_word' id='word_1_580' title='bbox 2811 3296 2876 3361; x_wconf 73' lang='grc' dir='ltr'><strong>τῇ</strong></span> <span class='ocrx_word' id='word_1_581' title='bbox 2925 3294 3090 3346; x_wconf 80' lang='grc' dir='ltr'><strong>αὐτοῦ</strong></span> <span class='ocrx_word' id='word_1_582' title='bbox 3148 3295 3442 3366; x_wconf 74' lang='grc' dir='ltr'><strong>κηδεμονία</strong></span> <span class='ocrx_word' id='word_1_583' title='bbox 3483 3297 3654 3350; x_wconf 84' lang='grc' dir='ltr'><strong>κακοῦ</strong></span> <span class='ocrx_word' id='word_1_584' title='bbox 3709 3298 3940 3349; x_wconf 87' lang='grc' dir='ltr'><strong>παντίου</strong></span> <span class='ocrx_word' id='word_1_585' title='bbox 3995 3299 4063 3350; x_wconf 72' lang='grc' dir='ltr'>τὰ</span> 
     </span>
    </p>
   </div>
   <div class='ocr_carea' id='block_1_81' title="bbox 2487 3384 4064 3455">
    <p class='ocr_par' dir='ltr' id='par_1_81' title="bbox 2487 3384 4064 3455">
     <span class='ocr_line' id='line_1_81' title="bbox 2487 3384 4064 3455; baseline 0.002 -20"><span class='ocrx_word' id='word_1_586' title='bbox 2487 3384 2790 3454; x_wconf 75' lang='grc' dir='ltr'><strong>Χερουϐὶμ.</strong></span> <span class='ocrx_word' id='word_1_587' title='bbox 2814 3384 2905 3436; x_wconf 78' lang='grc' dir='ltr'><strong>καὶ</strong></span> <span class='ocrx_word' id='word_1_588' title='bbox 2938 3385 3035 3454; x_wconf 79' lang='grc' dir='ltr'><strong>τὴν</strong></span> <span class='ocrx_word' id='word_1_589' title='bbox 3057 3385 3317 3455; x_wconf 77' lang='grc' dir='ltr'><strong>φλογίνην</strong></span> <span class='ocrx_word' id='word_1_590' title='bbox 3345 3388 3620 3455; x_wconf 70' lang='grc' dir='ltr'><strong>ῥομφαίαν</strong></span> <span class='ocrx_word' id='word_1_591' title='bbox 3648 3387 3945 3453; x_wconf 83' lang='grc' dir='ltr'><strong>φυλάσσειν</strong></span> <span class='ocrx_word' id='word_1_592' title='bbox 3967 3390 4064 3450; x_wconf 76' lang='grc' dir='ltr'><strong>τὴν</strong></span> 
     </span>
    </p>
   </div>
   <div class='ocr_carea' id='block_1_82' title="bbox 2476 3472 4060 3544">
    <p class='ocr_par' dir='ltr' id='par_1_82' title="bbox 2476 3472 4060 3544">
     <span class='ocr_line' id='line_1_82' title="bbox 2476 3472 4060 3544; baseline 0.002 -21"><span class='ocrx_word' id='word_1_593' title='bbox 2476 3473 2594 3524; x_wconf 72' lang='grc' dir='ltr'><strong>ὁδὸν</strong></span> <span class='ocrx_word' id='word_1_594' title='bbox 2640 3472 2733 3524; x_wconf 79' lang='grc' dir='ltr'><strong>τοῦ</strong></span> <span class='ocrx_word' id='word_1_595' title='bbox 2775 3473 2933 3539; x_wconf 78' lang='grc' dir='ltr'><strong>ξύλου</strong></span> <span class='ocrx_word' id='word_1_596' title='bbox 2968 3475 3066 3543; x_wconf 78' lang='grc' dir='ltr'><strong>τῆς</strong></span> <span class='ocrx_word' id='word_1_597' title='bbox 3113 3473 3281 3543; x_wconf 76' lang='grc' dir='ltr'><strong>ζωῆς.</strong></span> <span class='ocrx_word' id='word_1_598' title='bbox 3331 3476 3622 3543; x_wconf 71' lang='grc' dir='ltr'><strong>Χερουϐὶμ</strong></span> <span class='ocrx_word' id='word_1_599' title='bbox 3668 3477 4060 3544; x_wconf 75' lang='grc' dir='ltr'><strong>ἑρμηνεύεται,</strong></span> 
     </span>
    </p>
   </div>
   <div class='ocr_carea' id='block_1_83' title="bbox 2476 3560 4066 3633">
    <p class='ocr_par' dir='ltr' id='par_1_83' title="bbox 2476 3560 4066 3633">
     <span class='ocr_line' id='line_1_83' title="bbox 2476 3560 4066 3633; baseline 0.003 -21"><span class='ocrx_word' id='word_1_600' title='bbox 2476 3560 2711 3627; x_wconf 73' lang='grc' dir='ltr'><strong>πλῆθος</strong></span> <span class='ocrx_word' id='word_1_601' title='bbox 2757 3562 3063 3630; x_wconf 69' lang='grc' dir='ltr'><strong>γνώσεως·</strong></span> <span class='ocrx_word' id='word_1_602' title='bbox 3102 3563 3302 3629; x_wconf 82' lang='grc' dir='ltr'><strong>γνῶσις</strong></span> <span class='ocrx_word' id='word_1_603' title='bbox 3338 3564 3394 3616; x_wconf 87' lang='grc' dir='ltr'><strong>δέ</strong></span> <span class='ocrx_word' id='word_1_604' title='bbox 3446 3567 3593 3616; x_wconf 80' lang='grc' dir='ltr'><strong>ἐστιν</strong></span> <span class='ocrx_word' id='word_1_605' title='bbox 3640 3563 3842 3633; x_wconf 72' lang='grc' dir='ltr'><strong>ἀληθὴς</strong></span> <span class='ocrx_word' id='word_1_606' title='bbox 3898 3566 3933 3633; x_wconf 77' lang='grc' dir='ltr'>ἡ</span> <span class='ocrx_word' id='word_1_607' title='bbox 3987 3566 4066 3626; x_wconf 82' lang='grc' dir='ltr'><strong>εἰς</strong></span> 
     </span>
    </p>
   </div>
   <div class='ocr_carea' id='block_1_84' title="bbox 2475 3655 4065 3724">
    <p class='ocr_par' dir='ltr' id='par_1_84' title="bbox 2475 3655 4065 3724">
     <span class='ocr_line' id='line_1_84' title="bbox 2475 3655 4065 3724; baseline 0.001 -19"><span class='ocrx_word' id='word_1_608' title='bbox 2475 3655 2608 3706; x_wconf 83' lang='grc' dir='ltr'><strong>Θεὸν</strong></span> <span class='ocrx_word' id='word_1_609' title='bbox 2639 3655 2794 3724; x_wconf 84' lang='grc' dir='ltr'><strong>ήμῶν</strong></span> <span class='ocrx_word' id='word_1_610' title='bbox 2822 3655 2930 3707; x_wconf 90' lang='grc' dir='ltr'><strong>τῶν</strong></span> <span class='ocrx_word' id='word_1_611' title='bbox 2962 3655 3167 3706; x_wconf 81' lang='grc' dir='ltr'><strong>πιστῶν</strong></span> <span class='ocrx_word' id='word_1_612' title='bbox 3200 3655 3426 3723; x_wconf 74' lang='grc' dir='ltr'><strong>εὐσεϐὴς</strong></span> <span class='ocrx_word' id='word_1_613' title='bbox 3456 3656 3658 3718; x_wconf 89' lang='grc' dir='ltr'><strong>πίστις,</strong></span> <span class='ocrx_word' id='word_1_614' title='bbox 3691 3656 3883 3714; x_wconf 71' lang='grc' dir='ltr'><strong>ἥντινα</strong></span> <span class='ocrx_word' id='word_1_615' title='bbox 3939 3673 4065 3707; x_wconf 69' lang='grc' dir='ltr'><strong>συνο</strong></span> 
     </span>
    </p>
   </div>
   <div class='ocr_carea' id='block_1_85' title="bbox 2477 3745 4067 3816">
    <p class='ocr_par' dir='ltr' id='par_1_85' title="bbox 2477 3745 4067 3816">
     <span class='ocr_line' id='line_1_85' title="bbox 2477 3745 4067 3816; baseline -0.001 -18"><span class='ocrx_word' id='word_1_616' title='bbox 2477 3746 2631 3811; x_wconf 63' lang='lat' dir='ltr'><strong>mea</strong></span> <span class='ocrx_word' id='word_1_617' title='bbox 2686 3748 2780 3799; x_wconf 78' lang='grc' dir='ltr'><strong>καὶ</strong></span> <span class='ocrx_word' id='word_1_618' title='bbox 2827 3745 3022 3816; x_wconf 81' lang='grc' dir='ltr'><strong>ὥρισεν</strong></span> <span class='ocrx_word' id='word_1_619' title='bbox 3068 3748 3096 3798; x_wconf 93' lang='lat'><strong>6</strong></span> <span class='ocrx_word' id='word_1_620' title='bbox 3143 3746 3274 3808; x_wconf 91' lang='grc' dir='ltr'><strong>Θεὸς</strong></span> <span class='ocrx_word' id='word_1_621' title='bbox 3330 3746 3615 3814; x_wconf 81' lang='grc' dir='ltr'><strong>φυλάττειν</strong></span> <span class='ocrx_word' id='word_1_622' title='bbox 3662 3747 3902 3815; x_wconf 80' lang='grc' dir='ltr'><strong>ἀπλανῆ,</strong></span> <span class='ocrx_word' id='word_1_623' title='bbox 3947 3749 4067 3816; x_wconf 62' lang='grc' dir='ltr'><strong>ἤτοι</strong></span> 
     </span>
    </p>
   </div>
   <div class='ocr_carea' id='block_1_86' title="bbox 2475 3837 4063 3909">
    <p class='ocr_par' dir='ltr' id='par_1_86' title="bbox 2475 3837 4063 3909">
     <span class='ocr_line' id='line_1_86' title="bbox 2475 3837 4063 3909; baseline 0.001 -20"><span class='ocrx_word' id='word_1_624' title='bbox 2475 3839 2573 3907; x_wconf 79' lang='grc' dir='ltr'><strong>τὴν</strong></span> <span class='ocrx_word' id='word_1_625' title='bbox 2621 3837 2873 3908; x_wconf 87' lang='grc' dir='ltr'><strong>πάροδον,</strong></span> <span class='ocrx_word' id='word_1_626' title='bbox 2911 3839 3132 3908; x_wconf 64' lang='grc' dir='ltr'><strong>καιτην</strong></span> <span class='ocrx_word' id='word_1_627' title='bbox 3181 3840 3237 3890; x_wconf 78' lang='grc' dir='ltr'><strong>ὲν</strong></span> <span class='ocrx_word' id='word_1_628' title='bbox 3277 3839 3411 3908; x_wconf 75' lang='grc' dir='ltr'><strong>τῷδε</strong></span> <span class='ocrx_word' id='word_1_629' title='bbox 3446 3840 3524 3909; x_wconf 80' lang='grc' dir='ltr'><strong>τῷ</strong></span> <span class='ocrx_word' id='word_1_630' title='bbox 3568 3840 3667 3909; x_wconf 83' lang='grc' dir='ltr'><strong>βίῳ</strong></span> <span class='ocrx_word' id='word_1_631' title='bbox 3701 3841 3860 3909; x_wconf 72' lang='grc' dir='ltr'><strong>ἡμῶν</strong></span> <span class='ocrx_word' id='word_1_632' title='bbox 3903 3841 4063 3892; x_wconf 79' lang='grc' dir='ltr'><strong>ὀδόν·</strong></span> 
     </span>
    </p>
   </div>
   <div class='ocr_carea' id='block_1_87' title="bbox 2478 3930 4065 4002">
    <p class='ocr_par' dir='ltr' id='par_1_87' title="bbox 2478 3930 4065 4002">
     <span class='ocr_line' id='line_1_87' title="bbox 2478 3930 4065 4002; baseline 0.001 -20"><span class='ocrx_word' id='word_1_633' title='bbox 2478 3931 2671 3992; x_wconf 78' lang='grc' dir='ltr'><em>ξύλον</em></span> <span class='ocrx_word' id='word_1_634' title='bbox 2711 3930 2765 3982; x_wconf 77' lang='grc' dir='ltr'>δὲ</span> <span class='ocrx_word' id='word_1_635' title='bbox 2797 3931 2989 4000; x_wconf 81' lang='grc' dir='ltr'><strong>νόησον</strong></span> <span class='ocrx_word' id='word_1_636' title='bbox 3023 3931 3141 3982; x_wconf 86' lang='grc' dir='ltr'><strong>ὅλον</strong></span> <span class='ocrx_word' id='word_1_637' title='bbox 3171 3931 3261 3983; x_wconf 93' lang='grc' dir='ltr'><strong>τὸν</strong></span> <span class='ocrx_word' id='word_1_638' title='bbox 3305 3932 3433 3983; x_wconf 86' lang='grc' dir='ltr'><strong>λαὸν</strong></span> <span class='ocrx_word' id='word_1_639' title='bbox 3465 3932 3558 3984; x_wconf 84' lang='grc' dir='ltr'><strong>τοῦ</strong></span> <span class='ocrx_word' id='word_1_640' title='bbox 3599 3932 3875 4001; x_wconf 82' lang='grc' dir='ltr'><strong>Χριστοῦ·</strong></span> <span class='ocrx_word' id='word_1_641' title='bbox 3919 3932 4065 4002; x_wconf 74' lang='grc' dir='ltr'><strong>ζωὴν</strong></span> 
     </span>
    </p>
   </div>
   <div class='ocr_carea' id='block_1_88' title="bbox 2477 4020 4065 4094">
    <p class='ocr_par' dir='ltr' id='par_1_88' title="bbox 2477 4020 4065 4094">
     <span class='ocr_line' id='line_1_88' title="bbox 2477 4020 4065 4094; baseline 0.003 -24"><span class='ocrx_word' id='word_1_642' title='bbox 2477 4020 2532 4070; x_wconf 76' lang='grc' dir='ltr'>δὲ</span> <span class='ocrx_word' id='word_1_643' title='bbox 2566 4021 2664 4089; x_wconf 85' lang='grc' dir='ltr'><strong>τὴν</strong></span> <span class='ocrx_word' id='word_1_644' title='bbox 2704 4020 3206 4090; x_wconf 80' lang='grc' dir='ltr'><strong>Ἑκκλησὶανάὺτὴ</strong></span> <span class='ocrx_word' id='word_1_645' title='bbox 3235 4023 3342 4090; x_wconf 86' lang='grc' dir='ltr'><strong>γάρ</strong></span> <span class='ocrx_word' id='word_1_646' title='bbox 3378 4025 3496 4074; x_wconf 80' lang='grc' dir='ltr'><strong>ἐστι</strong></span> <span class='ocrx_word' id='word_1_647' title='bbox 3527 4026 3592 4094; x_wconf 81' lang='grc' dir='ltr'><strong>ἢν</strong></span> <span class='ocrx_word' id='word_1_648' title='bbox 3631 4024 3858 4078; x_wconf 78' lang='grc' dir='ltr'><strong>ἐκάλεσε</strong></span> <span class='ocrx_word' id='word_1_649' title='bbox 3891 4023 4065 4094; x_wconf 80' lang='grc' dir='ltr'><strong>ζωὴν,</strong></span> 
     </span>
    </p>
   </div>
   <div class='ocr_carea' id='block_1_89' title="bbox 2477 4107 4066 4183">
    <p class='ocr_par' dir='ltr' id='par_1_89' title="bbox 2477 4107 4066 4183">
     <span class='ocr_line' id='line_1_89' title="bbox 2477 4107 4066 4183; baseline -0.005 -15"><span class='ocrx_word' id='word_1_650' title='bbox 2477 4109 2552 4171; x_wconf 80' lang='grc' dir='ltr'>ὼς</span> <span class='ocrx_word' id='word_1_651' title='bbox 2589 4111 2796 4178; x_wconf 83' lang='grc' dir='ltr'><strong>μητέρα</strong></span> <span class='ocrx_word' id='word_1_652' title='bbox 2831 4107 2998 4162; x_wconf 74' lang='grc' dir='ltr'><strong>οὖσαν</strong></span> <span class='ocrx_word' id='word_1_653' title='bbox 3043 4113 3260 4164; x_wconf 85' lang='grc' dir='ltr'><strong>πάντων</strong></span> <span class='ocrx_word' id='word_1_654' title='bbox 3288 4113 3396 4164; x_wconf 92' lang='grc' dir='ltr'><strong>τῶν</strong></span> <span class='ocrx_word' id='word_1_655' title='bbox 3446 4115 3506 4165; x_wconf 83' lang='grc' dir='ltr'><strong>ὲν</strong></span> <span class='ocrx_word' id='word_1_656' title='bbox 3549 4113 3666 4182; x_wconf 86' lang='grc' dir='ltr'><strong>Θεῴ</strong></span> <span class='ocrx_word' id='word_1_657' title='bbox 3699 4113 3925 4177; x_wconf 78' lang='grc' dir='ltr'>ζώντων</span> <span class='ocrx_word' id='word_1_658' title='bbox 3949 4131 3962 4142; x_wconf 89' lang='grc'><strong>·</strong></span> <span class='ocrx_word' id='word_1_659' title='bbox 4001 4118 4066 4183; x_wconf 74' lang='grc' dir='ltr'><strong>ἦν</strong></span> 
     </span>
    </p>
   </div>
   <div class='ocr_carea' id='block_1_90' title="bbox 2479 4201 4065 4274">
    <p class='ocr_par' dir='ltr' id='par_1_90' title="bbox 2479 4201 4065 4274">
     <span class='ocr_line' id='line_1_90' title="bbox 2479 4201 4065 4274; baseline 0.004 -22"><span class='ocrx_word' id='word_1_660' title='bbox 2479 4203 2556 4262; x_wconf 82' lang='grc' dir='ltr'><strong>είς</strong></span> <span class='ocrx_word' id='word_1_661' title='bbox 2585 4201 2675 4253; x_wconf 90' lang='grc' dir='ltr'><strong>τὸν</strong></span> <span class='ocrx_word' id='word_1_662' title='bbox 2703 4201 2872 4252; x_wconf 83' lang='grc' dir='ltr'><strong>αἰῶνα</strong></span> <span class='ocrx_word' id='word_1_663' title='bbox 2907 4202 3265 4268; x_wconf 85' lang='grc' dir='ltr'><strong>φυλάττουσιν</strong></span> <span class='ocrx_word' id='word_1_664' title='bbox 3301 4203 3364 4255; x_wconf 76' lang='grc' dir='ltr'><strong>ἐκ</strong></span> <span class='ocrx_word' id='word_1_665' title='bbox 3391 4204 3484 4255; x_wconf 90' lang='grc' dir='ltr'><strong>τοῦ</strong></span> <span class='ocrx_word' id='word_1_666' title='bbox 3521 4204 3695 4271; x_wconf 75' lang='grc' dir='ltr'><strong>ὄφεως</strong></span> <span class='ocrx_word' id='word_1_667' title='bbox 3740 4205 3808 4256; x_wconf 79' lang='grc' dir='ltr'><strong>τά</strong></span> <span class='ocrx_word' id='word_1_668' title='bbox 3859 4206 4065 4274; x_wconf 78' lang='grc' dir='ltr'><strong>Χερουο</strong></span> 
     </span>
    </p>
   </div>
   <div class='ocr_carea' id='block_1_91' title="bbox 2479 4291 4066 4363">
    <p class='ocr_par' dir='ltr' id='par_1_91' title="bbox 2479 4291 4066 4363">
     <span class='ocr_line' id='line_1_91' title="bbox 2479 4291 4066 4363; baseline 0.001 -21"><span class='ocrx_word' id='word_1_669' title='bbox 2479 4291 2596 4359; x_wconf 73' lang='grc' dir='ltr'><strong>6¹ιμ,</strong></span> <span class='ocrx_word' id='word_1_670' title='bbox 2633 4291 2723 4343; x_wconf 73' lang='grc' dir='ltr'><strong>καὶ</strong></span> <span class='ocrx_word' id='word_1_671' title='bbox 2759 4291 2827 4342; x_wconf 78' lang='grc' dir='ltr'><strong>τὰ</strong></span> <span class='ocrx_word' id='word_1_672' title='bbox 2856 4291 3126 4360; x_wconf 74' lang='grc' dir='ltr'><strong>Σεραφιμ,</strong></span> <span class='ocrx_word' id='word_1_673' title='bbox 3171 4293 3261 4344; x_wconf 71' lang='grc' dir='ltr'><strong>καὶ</strong></span> <span class='ocrx_word' id='word_1_674' title='bbox 3303 4295 3336 4362; x_wconf 75' lang='grc' dir='ltr'><strong>ἡ</strong></span> <span class='ocrx_word' id='word_1_675' title='bbox 3364 4293 3593 4363; x_wconf 77' lang='grc' dir='ltr'><strong>φλογίνη</strong></span> <span class='ocrx_word' id='word_1_676' title='bbox 3639 4292 3910 4363; x_wconf 73' lang='grc' dir='ltr'><strong>ῥομφαία,</strong></span> <span class='ocrx_word' id='word_1_677' title='bbox 3944 4295 4066 4362; x_wconf 76' lang='grc' dir='ltr'><strong>ἥτις</strong></span> 
     </span>
    </p>
   </div>
   <div class='ocr_carea' id='block_1_92' title="bbox 2481 4380 4066 4452">
    <p class='ocr_par' dir='ltr' id='par_1_92' title="bbox 2481 4380 4066 4452">
     <span class='ocr_line' id='line_1_92' title="bbox 2481 4380 4066 4452; baseline 0.002 -18"><span class='ocrx_word' id='word_1_678' title='bbox 2481 4383 2627 4434; x_wconf 73' lang='grc' dir='ltr'><strong>ἐστὶν</strong></span> <span class='ocrx_word' id='word_1_679' title='bbox 2657 4384 2684 4434; x_wconf 91' lang='lat'><strong>6</strong></span> <span class='ocrx_word' id='word_1_680' title='bbox 2710 4380 2878 4448; x_wconf 82' lang='grc' dir='ltr'><strong>Λόγος</strong></span> <span class='ocrx_word' id='word_1_681' title='bbox 2909 4380 3000 4433; x_wconf 91' lang='grc' dir='ltr'><strong>τοῦ</strong></span> <span class='ocrx_word' id='word_1_682' title='bbox 3034 4381 3191 4436; x_wconf 87' lang='grc' dir='ltr'><strong>Θεοῦ.</strong></span> <span class='ocrx_word' id='word_1_683' title='bbox 3232 4383 3290 4435; x_wconf 82' lang='grc' dir='ltr'>ὐ</span> <span class='ocrx_word' id='word_1_684' title='bbox 3325 4385 3433 4452; x_wconf 79' lang='grc' dir='ltr'><strong>γάρ</strong></span> <span class='ocrx_word' id='word_1_685' title='bbox 3469 4383 3599 4446; x_wconf 88' lang='grc' dir='ltr'><strong>Θεὸς</strong></span> <span class='ocrx_word' id='word_1_686' title='bbox 3630 4384 3786 4452; x_wconf 74' lang='grc' dir='ltr'><strong>ἡμῶν</strong></span> <span class='ocrx_word' id='word_1_687' title='bbox 3818 4384 3933 4450; x_wconf 80' lang='grc' dir='ltr'><strong>πῦρ</strong></span> <span class='ocrx_word' id='word_1_688' title='bbox 3967 4402 4066 4437; x_wconf 80' lang='grc' dir='ltr'><strong>κα-</strong></span> 
     </span>
    </p>
   </div>
   <div class='ocr_carea' id='block_1_93' title="bbox 806 4472 2366 4545">
    <p class='ocr_par' dir='ltr' id='par_1_93' title="bbox 806 4473 2366 4544">
     <span class='ocr_line' id='line_1_93' title="bbox 806 4473 2366 4544; baseline 0 -16"><span class='ocrx_word' id='word_1_689' title='bbox 806 4475 1046 4528; x_wconf 74' lang='lat' dir='ltr'><strong>Ecclesia</strong></span> <span class='ocrx_word' id='word_1_690' title='bbox 1079 4474 1234 4527; x_wconf 81' lang='lat' dir='ltr'><strong>noliis</strong></span> <span class='ocrx_word' id='word_1_691' title='bbox 1253 4483 1332 4527; x_wconf 79' lang='lat' dir='ltr'><strong>est</strong></span> <span class='ocrx_word' id='word_1_692' title='bbox 1355 4475 1439 4526; x_wconf 84' lang='lat' dir='ltr'><strong>via</strong></span> <span class='ocrx_word' id='word_1_693' title='bbox 1462 4477 1582 4527; x_wconf 73' lang='lat' dir='ltr'><strong>vitae</strong></span> <span class='ocrx_word' id='word_1_694' title='bbox 1600 4475 1664 4528; x_wconf 90' lang='lat' dir='ltr'><strong>ad</strong></span> <span class='ocrx_word' id='word_1_695' title='bbox 1688 4474 1903 4539; x_wconf 77' lang='lat' dir='ltr'><strong>Filium,</strong></span> <span class='ocrx_word' id='word_1_696' title='bbox 1930 4476 2197 4529; x_wconf 87' lang='lat' dir='ltr'><strong>dicentem</strong></span> <span class='ocrx_word' id='word_1_697' title='bbox 2220 4494 2232 4529; x_wconf 91' lang='lat'><strong>:</strong></span> <span class='ocrx_word' id='word_1_698' title='bbox 2265 4473 2366 4544; x_wconf 68' lang='lat' dir='ltr'><strong>Ege</strong></span> 
     </span>
    </p>
   </div>
   <div class='ocr_carea' id='block_1_94' title="bbox 2474 4472 4064 4545">
    <p class='ocr_par' dir='ltr' id='par_1_94' title="bbox 2481 4472 4064 4545">
     <span class='ocr_line' id='line_1_94' title="bbox 2481 4472 4064 4545; baseline 0.001 -18"><span class='ocrx_word' id='word_1_699' title='bbox 2481 4473 2802 4527; x_wconf 86' lang='grc' dir='ltr'><strong>ταναλίσκον</strong></span> <span class='ocrx_word' id='word_1_700' title='bbox 2822 4472 2935 4525; x_wconf 75' lang='grc' dir='ltr'><strong>ἐστί</strong></span> <span class='ocrx_word' id='word_1_701' title='bbox 2955 4489 2970 4502; x_wconf 93' lang='grc'><strong>·</strong></span> <span class='ocrx_word' id='word_1_702' title='bbox 2996 4474 3366 4544; x_wconf 78' lang='grc' dir='ltr'><strong>στρεφομένην</strong></span> <span class='ocrx_word' id='word_1_703' title='bbox 3391 4475 3446 4527; x_wconf 81' lang='grc' dir='ltr'><strong>δὲ</strong></span> <span class='ocrx_word' id='word_1_704' title='bbox 3478 4476 3646 4544; x_wconf 77' lang='grc' dir='ltr'><strong>αὐτὴν</strong></span> <span class='ocrx_word' id='word_1_705' title='bbox 3672 4475 3842 4542; x_wconf 75' lang='grc' dir='ltr'><strong>λέγει,</strong></span> <span class='ocrx_word' id='word_1_706' title='bbox 3875 4477 4064 4545; x_wconf 86' lang='grc' dir='ltr'><strong>ῶσπερ</strong></span> 
     </span>
    </p>
   </div>
   <div class='ocr_carea' id='block_1_95' title="bbox 806 4565 2372 4635">
    <p class='ocr_par' dir='ltr' id='par_1_95' title="bbox 806 4565 2372 4635">
     <span class='ocr_line' id='line_1_95' title="bbox 806 4565 2372 4635; baseline -0.001 -15"><span class='ocrx_word' id='word_1_707' title='bbox 806 4584 922 4620; x_wconf 74' lang='lat' dir='ltr'><strong>simi</strong></span> <span class='ocrx_word' id='word_1_708' title='bbox 964 4570 1070 4621; x_wconf 80' lang='lat' dir='ltr'><strong>vita</strong></span> <span class='ocrx_word' id='word_1_709' title='bbox 1099 4577 1145 4619; x_wconf 76' lang='grc' dir='ltr'><strong>ο.</strong></span> <span class='ocrx_word' id='word_1_710' title='bbox 1177 4565 1412 4634; x_wconf 90' lang='lat' dir='ltr'><strong>Ideoque</strong></span> <span class='ocrx_word' id='word_1_711' title='bbox 1456 4567 1617 4620; x_wconf 88' lang='lat' dir='ltr'><strong>etiam</strong></span> <span class='ocrx_word' id='word_1_712' title='bbox 1665 4568 1950 4635; x_wconf 80' lang='lat' dir='ltr'><strong>conjugcin</strong></span> <span class='ocrx_word' id='word_1_713' title='bbox 1992 4583 2170 4627; x_wconf 82' lang='lat' dir='ltr'><strong>suam.</strong></span> <span class='ocrx_word' id='word_1_714' title='bbox 2207 4569 2372 4620; x_wconf 90' lang='lat' dir='ltr'><strong>vitam</strong></span> 
     </span>
    </p>
   </div>
   <div class='ocr_carea' id='block_1_96' title="bbox 810 4657 2376 4726">
    <p class='ocr_par' dir='ltr' id='par_1_96' title="bbox 810 4657 2376 4726">
     <span class='ocr_line' id='line_1_96' title="bbox 810 4657 2376 4726; baseline 0.003 -19"><span class='ocrx_word' id='word_1_715' title='bbox 810 4658 1133 4722; x_wconf 84' lang='lat' dir='ltr'><strong>nominavit,</strong></span> <span class='ocrx_word' id='word_1_716' title='bbox 1165 4667 1222 4710; x_wconf 90' lang='lat' dir='ltr'><strong>ut</strong></span> <span class='ocrx_word' id='word_1_717' title='bbox 1249 4673 1370 4726; x_wconf 73' lang='lat' dir='ltr'><strong>quae</strong></span> <span class='ocrx_word' id='word_1_718' title='bbox 1403 4672 1502 4711; x_wconf 91' lang='lat' dir='ltr'><strong>nos</strong></span> <span class='ocrx_word' id='word_1_719' title='bbox 1524 4657 1781 4711; x_wconf 86' lang='lat' dir='ltr'><strong>animalia</strong></span> <span class='ocrx_word' id='word_1_720' title='bbox 1811 4658 2114 4714; x_wconf 84' lang='lat' dir='ltr'><strong>vivilieetet</strong></span> <span class='ocrx_word' id='word_1_721' title='bbox 2143 4658 2376 4714; x_wconf 86' lang='lat' dir='ltr'><strong>deducat</strong></span> 
     </span>
    </p>
   </div>
   <div class='ocr_carea' id='block_1_97' title="bbox 1852 4843 2046 4898">
    <p class='ocr_par' dir='ltr' id='par_1_97' title="bbox 1852 4843 2046 4898">
     <span class='ocr_line' id='line_1_97' title="bbox 1852 4843 2046 4898; baseline -0.01 0"><span class='ocrx_word' id='word_1_722' title='bbox 1852 4853 1878 4880; x_wconf 76' lang='grc'><strong><em>³</em></strong></span> <span class='ocrx_word' id='word_1_723' title='bbox 1914 4843 2046 4898; x_wconf 86' lang='lat' dir='ltr'><strong>ibid.</strong></span> 
     </span>
    </p>
   </div>
   <div class='ocr_carea' id='block_1_98' title="bbox 885 4840 1778 4911">
    <p class='ocr_par' dir='ltr' id='par_1_98' title="bbox 885 4840 1778 4911">
     <span class='ocr_line' id='line_1_98' title="bbox 885 4840 1778 4911; baseline -0.001 -15"><span class='ocrx_word' id='word_1_724' title='bbox 885 4840 904 4884; x_wconf 85' lang='grc' dir='ltr'><strong>ι</strong></span> <span class='ocrx_word' id='word_1_725' title='bbox 939 4840 1098 4898; x_wconf 82' lang='lat' dir='ltr'><strong>ilehr.</strong></span> <span class='ocrx_word' id='word_1_726' title='bbox 1137 4861 1210 4911; x_wconf 85' lang='lat' dir='ltr'><strong>iv,</strong></span> <span class='ocrx_word' id='word_1_727' title='bbox 1247 4844 1333 4899; x_wconf 73' lang='grc'><strong>19..</strong></span> <span class='ocrx_word' id='word_1_728' title='bbox 1413 4857 1451 4884; x_wconf 73' lang='grc' dir='ltr'>ιη</span> <span class='ocrx_word' id='word_1_729' title='bbox 1477 4841 1633 4899; x_wconf 89' lang='lat' dir='ltr'><strong>Joan.</strong></span> <span class='ocrx_word' id='word_1_730' title='bbox 1667 4858 1778 4898; x_wconf 66' lang='lat' dir='ltr'><strong>XIV.</strong></span> 
     </span>
    </p>
   </div>
   <div class='ocr_carea' id='block_1_99' title="bbox 2484 4562 4064 4634">
    <p class='ocr_par' dir='ltr' id='par_1_99' title="bbox 2484 4562 4064 4634">
     <span class='ocr_line' id='line_1_99' title="bbox 2484 4562 4064 4634; baseline 0 -18"><span class='ocrx_word' id='word_1_731' title='bbox 2484 4563 2822 4634; x_wconf 74' lang='grc' dir='ltr'><strong>φρουροῦσαν</strong></span> <span class='ocrx_word' id='word_1_732' title='bbox 2865 4562 2966 4632; x_wconf 75' lang='grc' dir='ltr'><strong>τὴν</strong></span> <span class='ocrx_word' id='word_1_733' title='bbox 3017 4563 3341 4632; x_wconf 81' lang='grc' dir='ltr'><strong>Ἐκκλησίαν</strong></span> <span class='ocrx_word' id='word_1_734' title='bbox 3399 4564 3615 4632; x_wconf 74' lang='grc' dir='ltr'><strong>κύκλῳ·</strong></span> <span class='ocrx_word' id='word_1_735' title='bbox 3655 4565 3748 4616; x_wconf 65' lang='grc' dir='ltr'><strong>καὶ</strong></span> <span class='ocrx_word' id='word_1_736' title='bbox 3780 4565 3947 4616; x_wconf 81' lang='grc' dir='ltr'><strong>πάλιν</strong></span> <span class='ocrx_word' id='word_1_737' title='bbox 3993 4565 4064 4627; x_wconf 77' lang='grc' dir='ltr'><strong>ὡς</strong></span> 
     </span>
    </p>
   </div>
   <div class='ocr_carea' id='block_1_100' title="bbox 2487 4655 4064 4730">
    <p class='ocr_par' dir='ltr' id='par_1_100' title="bbox 2487 4655 4064 4730">
     <span class='ocr_line' id='line_1_100' title="bbox 2487 4655 4064 4730; baseline 0 -21"><span class='ocrx_word' id='word_1_738' title='bbox 2487 4655 2860 4730; x_wconf 84' lang='grc' dir='ltr'><strong>στρεφομένην</strong></span> <span class='ocrx_word' id='word_1_739' title='bbox 2888 4657 2980 4709; x_wconf 86' lang='grc' dir='ltr'><strong>τὸν</strong></span> <span class='ocrx_word' id='word_1_740' title='bbox 3011 4655 3143 4710; x_wconf 87' lang='grc' dir='ltr'><strong>Θεὸν</strong></span> <span class='ocrx_word' id='word_1_741' title='bbox 3172 4657 3348 4727; x_wconf 74' lang='grc' dir='ltr'><strong>Λόγον</strong></span> <span class='ocrx_word' id='word_1_742' title='bbox 3392 4657 3489 4712; x_wconf 80' lang='grc' dir='ltr'><strong>ἀπ’</strong></span> <span class='ocrx_word' id='word_1_743' title='bbox 3520 4655 3749 4728; x_wconf 71' lang='grc' dir='ltr'><strong>οὐρανοῦ</strong></span> <span class='ocrx_word' id='word_1_744' title='bbox 3785 4657 3927 4729; x_wconf 80' lang='grc' dir='ltr'><strong>πρὸς</strong></span> <span class='ocrx_word' id='word_1_745' title='bbox 3969 4661 4064 4728; x_wconf 72' lang='grc' dir='ltr'><strong>την</strong></span> 
     </span>
    </p>
   </div>
   <div class='ocr_carea' id='block_1_101' title="bbox 2309 5001 2540 5060">
    <p class='ocr_par' dir='ltr' id='par_1_101' title="bbox 2309 5001 2540 5060">
     <span class='ocr_line' id='line_1_101' title="bbox 2309 5001 2540 5060; baseline 0 -2"><span class='ocrx_word' id='word_1_746' title='bbox 2309 5001 2540 5060; x_wconf 67' lang='lat' dir='ltr'><strong>NOTAE.</strong></span> 
     </span>
    </p>
   </div>
   <div class='ocr_carea' id='block_1_102' title="bbox 877 5155 2373 5241">
    <p class='ocr_par' dir='ltr' id='par_1_102' title="bbox 877 5155 2373 5241">
     <span class='ocr_line' id='line_1_102' title="bbox 877 5155 2373 5241; baseline -0.002 -28"><span class='ocrx_word' id='word_1_747' title='bbox 877 5159 995 5241; x_wconf 62' lang='grc' dir='ltr'><strong>μί)</strong></span> <span class='ocrx_word' id='word_1_748' title='bbox 1036 5157 1176 5237; x_wconf 52' lang='lat' dir='ltr'><strong>Cum.</strong></span> <span class='ocrx_word' id='word_1_749' title='bbox 1211 5159 1350 5225; x_wconf 83' lang='lat' dir='ltr'><strong>ligno</strong></span> <span class='ocrx_word' id='word_1_750' title='bbox 1396 5157 1586 5241; x_wconf 45' lang='lat' dir='ltr'><strong>crucis.</strong></span> <span class='ocrx_word' id='word_1_751' title='bbox 1638 5156 1822 5241; x_wconf 53' lang='lat' dir='ltr'><strong>(iraicc</strong></span> <span class='ocrx_word' id='word_1_752' title='bbox 1885 5158 2022 5226; x_wconf 89' lang='grc' dir='ltr'><strong>μετά</strong></span> <span class='ocrx_word' id='word_1_753' title='bbox 2075 5155 2168 5241; x_wconf 82' lang='grc' dir='ltr'><strong>τοῦ</strong></span> <span class='ocrx_word' id='word_1_754' title='bbox 2215 5157 2373 5222; x_wconf 81' lang='grc' dir='ltr'><strong>ξύλου</strong></span> 
     </span>
    </p>
   </div>
   <div class='ocr_carea' id='block_1_103' title="bbox 808 5227 2378 5294">
    <p class='ocr_par' dir='ltr' id='par_1_103' title="bbox 808 5227 2378 5294">
     <span class='ocr_line' id='line_1_103' title="bbox 808 5227 2378 5294; baseline -0.001 -12"><span class='ocrx_word' id='word_1_755' title='bbox 808 5227 907 5282; x_wconf 79' lang='grc' dir='ltr'><strong>τοῦ</strong></span> <span class='ocrx_word' id='word_1_756' title='bbox 942 5227 1203 5292; x_wconf 84' lang='grc' dir='ltr'><strong>σταυροῦ,</strong></span> <span class='ocrx_word' id='word_1_757' title='bbox 1236 5243 1355 5291; x_wconf 77' lang='lat' dir='ltr'><strong>quae</strong></span> <span class='ocrx_word' id='word_1_758' title='bbox 1383 5227 1536 5278; x_wconf 88' lang='lat' dir='ltr'><strong>aliter</strong></span> <span class='ocrx_word' id='word_1_759' title='bbox 1567 5227 1700 5280; x_wconf 88' lang='lat' dir='ltr'><strong>verti</strong></span> <span class='ocrx_word' id='word_1_760' title='bbox 1744 5243 1849 5278; x_wconf 87' lang='lat' dir='ltr'><strong>non</strong></span> <span class='ocrx_word' id='word_1_761' title='bbox 1900 5237 2148 5294; x_wconf 86' lang='lat' dir='ltr'><strong>possunt.</strong></span> <span class='ocrx_word' id='word_1_762' title='bbox 2213 5243 2378 5294; x_wconf 84' lang='lat' dir='ltr'><strong>quam</strong></span> 
     </span>
    </p>
   </div>
   <div class='ocr_carea' id='block_1_104' title="bbox 810 5296 2378 5364">
    <p class='ocr_par' dir='ltr' id='par_1_104' title="bbox 810 5296 2378 5364">
     <span class='ocr_line' id='line_1_104' title="bbox 810 5296 2378 5364; baseline -0.003 -12"><span class='ocrx_word' id='word_1_763' title='bbox 810 5299 1098 5364; x_wconf 74' lang='lat' dir='ltr'><strong>cumliquo</strong></span> <span class='ocrx_word' id='word_1_764' title='bbox 1132 5297 1340 5355; x_wconf 76' lang='lat' dir='ltr'><strong>cruris;</strong></span> <span class='ocrx_word' id='word_1_765' title='bbox 1383 5297 1576 5348; x_wconf 78' lang='lat' dir='ltr'><strong>falsum</strong></span> <span class='ocrx_word' id='word_1_766' title='bbox 1612 5305 1695 5348; x_wconf 86' lang='lat' dir='ltr'><strong>est</strong></span> <span class='ocrx_word' id='word_1_767' title='bbox 1758 5307 1937 5348; x_wconf 87' lang='lat' dir='ltr'><strong>tamen</strong></span> <span class='ocrx_word' id='word_1_768' title='bbox 1982 5297 2040 5347; x_wconf 72' lang='lat' dir='ltr'><strong>lt.</strong></span> <span class='ocrx_word' id='word_1_769' title='bbox 2100 5296 2378 5348; x_wconf 79' lang='lat' dir='ltr'><strong>Christum</strong></span> 
     </span>
    </p>
   </div>
   <div class='ocr_carea' id='block_1_105' title="bbox 812 5365 2381 5432">
    <p class='ocr_par' dir='ltr' id='par_1_105' title="bbox 812 5365 2381 5432">
     <span class='ocr_line' id='line_1_105' title="bbox 812 5365 2381 5432; baseline -0.002 -13"><span class='ocrx_word' id='word_1_770' title='bbox 812 5368 867 5421; x_wconf 75' lang='lat' dir='ltr'><strong>in</strong></span> <span class='ocrx_word' id='word_1_771' title='bbox 912 5365 1116 5418; x_wconf 79' lang='lat' dir='ltr'><strong>inferos</strong></span> <span class='ocrx_word' id='word_1_772' title='bbox 1151 5365 1498 5417; x_wconf 84' lang='lat' dir='ltr'><strong>descendisse</strong></span> <span class='ocrx_word' id='word_1_773' title='bbox 1562 5381 1684 5417; x_wconf 91' lang='lat' dir='ltr'><strong>eum</strong></span> <span class='ocrx_word' id='word_1_774' title='bbox 1750 5366 1893 5430; x_wconf 74' lang='lat' dir='ltr'><strong>ligno</strong></span> <span class='ocrx_word' id='word_1_775' title='bbox 1957 5366 2156 5424; x_wconf 84' lang='lat' dir='ltr'><strong>erucis.</strong></span> <span class='ocrx_word' id='word_1_776' title='bbox 2211 5380 2381 5432; x_wconf 89' lang='lat' dir='ltr'><strong>quare</strong></span> 
     </span>
    </p>
   </div>
   <div class='ocr_carea' id='block_1_106' title="bbox 812 5434 2380 5506">
    <p class='ocr_par' dir='ltr' id='par_1_106' title="bbox 812 5434 2380 5506">
     <span class='ocr_line' id='line_1_106' title="bbox 812 5434 2380 5506; baseline -0.001 -18"><span class='ocrx_word' id='word_1_777' title='bbox 812 5435 1060 5506; x_wconf 67' lang='lat' dir='ltr'><strong>suspicor</strong></span> <span class='ocrx_word' id='word_1_778' title='bbox 1091 5435 1369 5500; x_wconf 74' lang='lat' dir='ltr'><strong>legendum</strong></span> <span class='ocrx_word' id='word_1_779' title='bbox 1398 5449 1516 5486; x_wconf 87' lang='lat' dir='ltr'><strong>esse</strong></span> <span class='ocrx_word' id='word_1_780' title='bbox 1551 5434 1965 5506; x_wconf 30' lang='grc' dir='ltr'><strong>μετάτὸ-ξυλον</strong></span> <span class='ocrx_word' id='word_1_781' title='bbox 2004 5434 2380 5506; x_wconf 15' lang='grc' dir='ltr'><strong>τοῦγσταυροῦ,</strong></span> 
     </span>
    </p>
   </div>
   <div class='ocr_carea' id='block_1_107' title="bbox 814 5503 2166 5570">
    <p class='ocr_par' dir='ltr' id='par_1_107' title="bbox 814 5503 2166 5570">
     <span class='ocr_line' id='line_1_107' title="bbox 814 5503 2166 5570; baseline -0.002 -12"><span class='ocrx_word' id='word_1_782' title='bbox 814 5505 867 5558; x_wconf 83' lang='lat' dir='ltr'><strong>id</strong></span> <span class='ocrx_word' id='word_1_783' title='bbox 903 5513 1007 5564; x_wconf 83' lang='lat' dir='ltr'><strong>est,</strong></span> <span class='ocrx_word' id='word_1_784' title='bbox 1051 5513 1336 5569; x_wconf 82' lang='lat' dir='ltr'><strong>postquam</strong></span> <span class='ocrx_word' id='word_1_785' title='bbox 1368 5517 1560 5569; x_wconf 88' lang='lat' dir='ltr'><strong>passus</strong></span> <span class='ocrx_word' id='word_1_786' title='bbox 1589 5513 1674 5557; x_wconf 86' lang='lat' dir='ltr'><strong>est</strong></span> <span class='ocrx_word' id='word_1_787' title='bbox 1702 5505 1752 5554; x_wconf 92' lang='lat' dir='ltr'><strong>in</strong></span> <span class='ocrx_word' id='word_1_788' title='bbox 1796 5503 1939 5570; x_wconf 78' lang='lat' dir='ltr'><strong>ligno</strong></span> <span class='ocrx_word' id='word_1_789' title='bbox 1968 5505 2166 5556; x_wconf 90' lang='lat' dir='ltr'><strong>crucis.</strong></span> 
     </span>
    </p>
   </div>
   <div class='ocr_carea' id='block_1_108' title="bbox 887 5571 2382 5639">
    <p class='ocr_par' dir='ltr' id='par_1_108' title="bbox 887 5571 2382 5639">
     <span class='ocr_line' id='line_1_108' title="bbox 887 5571 2382 5639; baseline 0.001 -16"><span class='ocrx_word' id='word_1_790' title='bbox 887 5573 999 5639; x_wconf 72' lang='lat'><strong>(&#39;22)</strong></span> <span class='ocrx_word' id='word_1_791' title='bbox 1037 5572 1114 5623; x_wconf 78' lang='lat' dir='ltr'><strong><em>Ab</em></strong></span> <span class='ocrx_word' id='word_1_792' title='bbox 1143 5575 1283 5624; x_wconf 78' lang='lat' dir='ltr'><strong>omni</strong></span> <span class='ocrx_word' id='word_1_793' title='bbox 1321 5573 1480 5623; x_wconf 83' lang='lat' dir='ltr'><strong>malo.</strong></span> <span class='ocrx_word' id='word_1_794' title='bbox 1521 5571 1614 5624; x_wconf 86' lang='lat' dir='ltr'><strong>Gr.</strong></span> <span class='ocrx_word' id='word_1_795' title='bbox 1659 5573 1830 5624; x_wconf 84' lang='grc' dir='ltr'><strong>κακοῦ</strong></span> <span class='ocrx_word' id='word_1_796' title='bbox 1891 5573 2138 5637; x_wconf 87' lang='grc' dir='ltr'><strong>παντίου,</strong></span> <span class='ocrx_word' id='word_1_797' title='bbox 2203 5571 2382 5625; x_wconf 83' lang='lat' dir='ltr'><strong>scribe</strong></span> 
     </span>
    </p>
   </div>
   <div class='ocr_carea' id='block_1_109' title="bbox 814 5642 1091 5693">
    <p class='ocr_par' dir='ltr' id='par_1_109' title="bbox 814 5642 1091 5693">
     <span class='ocr_line' id='line_1_109' title="bbox 814 5642 1091 5693; baseline 0.007 -2"><span class='ocrx_word' id='word_1_798' title='bbox 814 5642 1091 5693; x_wconf 75' lang='grc' dir='ltr'><strong>παντοίου.</strong></span> 
     </span>
    </p>
   </div>
   <div class='ocr_carea' id='block_1_110' title="bbox 889 5709 2376 5778">
    <p class='ocr_par' dir='ltr' id='par_1_110' title="bbox 889 5709 2376 5778">
     <span class='ocr_line' id='line_1_110' title="bbox 889 5709 2376 5778; baseline 0 -16"><span class='ocrx_word' id='word_1_799' title='bbox 889 5710 1000 5774; x_wconf 74' lang='lat'><strong>(‘33)</strong></span> <span class='ocrx_word' id='word_1_800' title='bbox 1038 5710 1258 5778; x_wconf 78' lang='lat' dir='ltr'><strong>Lignum</strong></span> <span class='ocrx_word' id='word_1_801' title='bbox 1293 5718 1485 5762; x_wconf 70' lang='lat' dir='ltr'><strong>autem.</strong></span> <span class='ocrx_word' id='word_1_802' title='bbox 1531 5709 1621 5763; x_wconf 84' lang='lat' dir='ltr'><strong>Sic</strong></span> <span class='ocrx_word' id='word_1_803' title='bbox 1674 5720 1843 5763; x_wconf 89' lang='lat' dir='ltr'><strong>totum</strong></span> <span class='ocrx_word' id='word_1_804' title='bbox 1897 5711 2040 5764; x_wconf 87' lang='lat' dir='ltr'><strong>hunc</strong></span> <span class='ocrx_word' id='word_1_805' title='bbox 2081 5710 2258 5762; x_wconf 90' lang='lat' dir='ltr'><strong>locum</strong></span> <span class='ocrx_word' id='word_1_806' title='bbox 2312 5724 2376 5762; x_wconf 79' lang='lat' dir='ltr'><strong>ex</strong></span> 
     </span>
    </p>
   </div>
   <div class='ocr_carea' id='block_1_111' title="bbox 818 5777 2376 5850">
    <p class='ocr_par' dir='ltr' id='par_1_111' title="bbox 818 5777 2376 5850">
     <span class='ocr_line' id='line_1_111' title="bbox 818 5777 2376 5850; baseline -0.001 -18"><span class='ocrx_word' id='word_1_807' title='bbox 818 5777 1129 5846; x_wconf 79' lang='lat' dir='ltr'><strong>conjectura</strong></span> <span class='ocrx_word' id='word_1_808' title='bbox 1163 5780 1385 5850; x_wconf 77' lang='lat' dir='ltr'><strong>digessi.</strong></span> <span class='ocrx_word' id='word_1_809' title='bbox 1421 5779 1512 5847; x_wconf 82' lang='lat' dir='ltr'><strong>qui</strong></span> <span class='ocrx_word' id='word_1_810' title='bbox 1545 5779 1684 5833; x_wconf 88' lang='lat' dir='ltr'><strong>male</strong></span> <span class='ocrx_word' id='word_1_811' title='bbox 1719 5781 2031 5843; x_wconf 81' lang='lat' dir='ltr'><strong>distinctus,</strong></span> <span class='ocrx_word' id='word_1_812' title='bbox 2059 5779 2196 5833; x_wconf 74' lang='lat' dir='ltr'><strong>[inde</strong></span> <span class='ocrx_word' id='word_1_813' title='bbox 2215 5779 2376 5832; x_wconf 78' lang='lat' dir='ltr'><strong>etiam</strong></span> 
     </span>
    </p>
   </div>
   <div class='ocr_carea' id='block_1_112' title="bbox 2485 5153 4062 5225">
    <p class='ocr_par' dir='ltr' id='par_1_112' title="bbox 2485 5153 4062 5225">
     <span class='ocr_line' id='line_1_112' title="bbox 2485 5153 4062 5225; baseline -0.002 -15"><span class='ocrx_word' id='word_1_814' title='bbox 2485 5163 2742 5225; x_wconf 86' lang='lat' dir='ltr'><strong>acceptus</strong></span> <span class='ocrx_word' id='word_1_815' title='bbox 2771 5165 2906 5214; x_wconf 80' lang='lat' dir='ltr'><strong>erat.</strong></span> <span class='ocrx_word' id='word_1_816' title='bbox 2945 5168 3068 5208; x_wconf 89' lang='lat' dir='ltr'><strong>nam</strong></span> <span class='ocrx_word' id='word_1_817' title='bbox 3105 5162 3227 5225; x_wconf 69' lang='lat' dir='ltr'><strong>post</strong></span> <span class='ocrx_word' id='word_1_818' title='bbox 3261 5153 3418 5225; x_wconf 76' lang='grc' dir='ltr'><strong>ἡμῶν</strong></span> <span class='ocrx_word' id='word_1_819' title='bbox 3445 5222 3455 5225; x_wconf 91' lang='lat'>_</span> <span class='ocrx_word' id='word_1_820' title='bbox 3484 5153 3664 5221; x_wconf 73' lang='lat' dir='ltr'><strong>poslta</strong></span> <span class='ocrx_word' id='word_1_821' title='bbox 3723 5163 3843 5225; x_wconf 82' lang='lat' dir='ltr'><strong>erat</strong></span> <span class='ocrx_word' id='word_1_822' title='bbox 3880 5154 4062 5207; x_wconf 81' lang='grc' dir='ltr'><strong>τελεία</strong></span> 
     </span>
    </p>
   </div>
   <div class='ocr_carea' id='block_1_113' title="bbox 2487 5222 4060 5294">
    <p class='ocr_par' dir='ltr' id='par_1_113' title="bbox 2487 5222 4060 5294">
     <span class='ocr_line' id='line_1_113' title="bbox 2487 5222 4060 5294; baseline -0.002 -17"><span class='ocrx_word' id='word_1_823' title='bbox 2487 5222 2712 5294; x_wconf 79' lang='grc' dir='ltr'><strong>στιγμή.</strong></span> <span class='ocrx_word' id='word_1_824' title='bbox 2732 5226 2946 5294; x_wconf 79' lang='lat' dir='ltr'><strong>deinde,</strong></span> <span class='ocrx_word' id='word_1_825' title='bbox 2978 5222 3288 5294; x_wconf 70' lang='grc' dir='ltr'><strong>ὁδὸνξύλου</strong></span> <span class='ocrx_word' id='word_1_826' title='bbox 3317 5224 3373 5274; x_wconf 70' lang='grc' dir='ltr'><strong>δὲ</strong></span> <span class='ocrx_word' id='word_1_827' title='bbox 3398 5222 3614 5292; x_wconf 87' lang='grc' dir='ltr'><strong>νόησον,</strong></span> <span class='ocrx_word' id='word_1_828' title='bbox 3631 5233 3738 5276; x_wconf 92' lang='lat' dir='ltr'><strong>etc.</strong></span> <span class='ocrx_word' id='word_1_829' title='bbox 3773 5223 4060 5293; x_wconf 79' lang='lat' dir='ltr'><strong>legendum</strong></span> 
     </span>
    </p>
   </div>
   <div class='ocr_carea' id='block_1_114' title="bbox 2485 5293 3445 5365">
    <p class='ocr_par' dir='ltr' id='par_1_114' title="bbox 2485 5293 3445 5365">
     <span class='ocr_line' id='line_1_114' title="bbox 2485 5293 3445 5365; baseline -0.001 -19"><span class='ocrx_word' id='word_1_830' title='bbox 2485 5293 2644 5365; x_wconf 80' lang='grc' dir='ltr'><strong>ήμῶν</strong></span> <span class='ocrx_word' id='word_1_831' title='bbox 2675 5296 2812 5365; x_wconf 77' lang='grc' dir='ltr'><strong>ὁδὸν.</strong></span> <span class='ocrx_word' id='word_1_832' title='bbox 2846 5293 3014 5345; x_wconf 81' lang='grc' dir='ltr'><strong>Ξύλον</strong></span> <span class='ocrx_word' id='word_1_833' title='bbox 3037 5293 3094 5344; x_wconf 78' lang='grc' dir='ltr'>δὲ</span> <span class='ocrx_word' id='word_1_834' title='bbox 3120 5295 3312 5365; x_wconf 79' lang='grc' dir='ltr'><strong>νόησον</strong></span> <span class='ocrx_word' id='word_1_835' title='bbox 3341 5301 3445 5346; x_wconf 89' lang='lat' dir='ltr'><strong>etc.</strong></span> 
     </span>
    </p>
   </div>
   <div class='ocr_carea' id='block_1_115' title="bbox 2561 5360 4062 5431">
    <p class='ocr_par' dir='ltr' id='par_1_115' title="bbox 2561 5360 4062 5431">
     <span class='ocr_line' id='line_1_115' title="bbox 2561 5360 4062 5431; baseline -0.004 -14"><span class='ocrx_word' id='word_1_836' title='bbox 2561 5365 2674 5430; x_wconf 62' lang='lat'><strong>(‘26)</strong></span> <span class='ocrx_word' id='word_1_837' title='bbox 2706 5360 3332 5431; x_wconf 45' lang='lat' dir='ltr'><strong>CircuiiitegenteuiﬁMs.</strong></span> <span class='ocrx_word' id='word_1_838' title='bbox 3385 5360 3724 5431; x_wconf 72' lang='grc' dir='ltr'><strong>φοϐεροῦσαν</strong></span> <span class='ocrx_word' id='word_1_839' title='bbox 3782 5361 3884 5430; x_wconf 79' lang='grc' dir='ltr'><strong>τὴν</strong></span> <span class='ocrx_word' id='word_1_840' title='bbox 3941 5361 4062 5414; x_wconf 79' lang='grc' dir='ltr'><strong>Ἔκ-</strong></span> 
     </span>
    </p>
   </div>
   <div class='ocr_carea' id='block_1_116' title="bbox 2490 5430 4061 5502">
    <p class='ocr_par' dir='ltr' id='par_1_116' title="bbox 2490 5430 4061 5502">
     <span class='ocr_line' id='line_1_116' title="bbox 2490 5430 4061 5502; baseline -0.003 -18"><span class='ocrx_word' id='word_1_841' title='bbox 2490 5434 2719 5502; x_wconf 83' lang='grc' dir='ltr'><strong>κλησίαν</strong></span> <span class='ocrx_word' id='word_1_842' title='bbox 2750 5433 2956 5500; x_wconf 81' lang='grc' dir='ltr'><strong>κύκλῳ,</strong></span> <span class='ocrx_word' id='word_1_843' title='bbox 2983 5430 3206 5502; x_wconf 68' lang='lat' dir='ltr'><strong>corrige</strong></span> <span class='ocrx_word' id='word_1_844' title='bbox 3235 5430 3598 5502; x_wconf 76' lang='grc' dir='ltr'><strong>φρουροῦσαν,</strong></span> <span class='ocrx_word' id='word_1_845' title='bbox 3632 5440 3765 5502; x_wconf 92' lang='lat' dir='ltr'><strong>etc._</strong></span> <span class='ocrx_word' id='word_1_846' title='bbox 3799 5433 4061 5502; x_wconf 80' lang='grc' dir='ltr'><strong>φρουρεῖν</strong></span> 
     </span>
    </p>
   </div>
   <div class='ocr_carea' id='block_1_117' title="bbox 2489 5498 4061 5570">
    <p class='ocr_par' dir='ltr' id='par_1_117' title="bbox 2489 5498 4061 5570">
     <span class='ocr_line' id='line_1_117' title="bbox 2489 5498 4061 5570; baseline -0.004 -15"><span class='ocrx_word' id='word_1_847' title='bbox 2489 5498 2674 5570; x_wconf 82' lang='grc' dir='ltr'><strong>κύκλῳ</strong></span> <span class='ocrx_word' id='word_1_848' title='bbox 2704 5503 2835 5556; x_wconf 90' lang='lat' dir='ltr'><strong>dicit</strong></span> <span class='ocrx_word' id='word_1_849' title='bbox 2863 5498 3005 5569; x_wconf 89' lang='lat' dir='ltr'><strong>quod</strong></span> <span class='ocrx_word' id='word_1_850' title='bbox 3036 5498 3300 5570; x_wconf 75' lang='lat' dir='ltr'><strong>llonierus</strong></span> <span class='ocrx_word' id='word_1_851' title='bbox 3323 5498 3712 5570; x_wconf 77' lang='grc' dir='ltr'><strong>ἀμφιϐαίνειν·</strong></span> <span class='ocrx_word' id='word_1_852' title='bbox 3743 5498 3800 5570; x_wconf 68' lang='grc' dir='ltr'><strong>ὃς</strong></span> <span class='ocrx_word' id='word_1_853' title='bbox 3821 5501 4061 5570; x_wconf 68' lang='grc' dir='ltr'><strong>Χρύσην</strong></span> 
     </span>
    </p>
   </div>
   <div class='ocr_carea' id='block_1_118' title="bbox 2485 5566 4059 5642">
    <p class='ocr_par' dir='ltr' id='par_1_118' title="bbox 2485 5566 4059 5642">
     <span class='ocr_line' id='line_1_118' title="bbox 2485 5566 4059 5642; baseline -0.003 -17"><span class='ocrx_word' id='word_1_854' title='bbox 2485 5566 2913 5642; x_wconf 50' lang='grc' dir='ltr'><strong>ἀμφιϐέϐηκαςλ</strong></span> <span class='ocrx_word' id='word_1_855' title='bbox 2946 5578 3000 5623; x_wconf 87' lang='lat' dir='ltr'><strong>et.</strong></span> <span class='ocrx_word' id='word_1_856' title='bbox 3024 5569 3341 5624; x_wconf 81' lang='lat' dir='ltr'><strong>Callimach.</strong></span> <span class='ocrx_word' id='word_1_857' title='bbox 3367 5566 3517 5634; x_wconf 73' lang='grc' dir='ltr'><strong>’τοῖός</strong></span> <span class='ocrx_word' id='word_1_858' title='bbox 3548 5585 3606 5621; x_wconf 77' lang='grc' dir='ltr'><strong>σε</strong></span> <span class='ocrx_word' id='word_1_859' title='bbox 3668 5566 3900 5638; x_wconf 66' lang='grc' dir='ltr'><strong>βοηθόοέ</strong></span> <span class='ocrx_word' id='word_1_860' title='bbox 3952 5569 4059 5638; x_wconf 79' lang='grc' dir='ltr'><strong>ἀμ-</strong></span> 
     </span>
    </p>
   </div>
   <div class='ocr_carea' id='block_1_119' title="bbox 2532 5644 2804 5694">
    <p class='ocr_par' dir='ltr' id='par_1_119' title="bbox 2532 5644 2804 5694">
     <span class='ocr_line' id='line_1_119' title="bbox 2532 5644 2804 5694; baseline 0 0"><span class='ocrx_word' id='word_1_861' title='bbox 2532 5644 2804 5694; x_wconf 73' lang='grc' dir='ltr'><strong>ιὸέόηκεν.</strong></span> 
     </span>
    </p>
   </div>
   <div class='ocr_carea' id='block_1_120' title="bbox 2488 5659 3539 5778">
    <p class='ocr_par' dir='ltr' id='par_1_120' title="bbox 2488 5659 3539 5778">
     <span class='ocr_line' id='line_1_120' title="bbox 2488 5659 2804 5709; baseline 0 -15"><span class='ocrx_word' id='word_1_862' title='bbox 2488 5659 2804 5709; x_wconf 81' lang='grc' dir='ltr'><strong>φιοεοηκεν.</strong></span> 
     </span>
     <span class='ocr_line' id='line_1_121' title="bbox 2559 5707 3539 5778; baseline -0.001 -14"><span class='ocrx_word' id='word_1_863' title='bbox 2559 5711 2670 5778; x_wconf 70' lang='grc'><strong>(25)</strong></span> <span class='ocrx_word' id='word_1_864' title='bbox 2710 5709 3012 5778; x_wconf 83' lang='grc' dir='ltr'><strong>Ἀνάλησιν.</strong></span> <span class='ocrx_word' id='word_1_865' title='bbox 3047 5707 3239 5763; x_wconf 76' lang='lat' dir='ltr'><strong>Scriba</strong></span> <span class='ocrx_word' id='word_1_866' title='bbox 3265 5707 3539 5763; x_wconf 78' lang='grc' dir='ltr'><strong>ἀνάλυσιν.</strong></span> 
     </span>
    </p>
   </div>
  </div>
