4186 6442
170 358 308 425 1065
1215 357 1296 417 IN
1338 356 1863 418 HEXAEMERON
1918 353 2065 414 LIB.
2093 351 2230 411 XII.
3272 334 3410 400 1006

162 479 610 549 ἁποστραφείσαν
648 474 813 528 αὑτὸν
862 473 1211 543 Ἐκκλησίαν.
1260 476 1390 526 Ζωνν
1421 473 1533 542 γάρ
1563 472 1737 526 ἐστιν

1858 471 1905 524 nl
1954 468 2201 522 omnium
2254 464 2442 527 vitam,
2488 476 2657 530 seque
2714 459 2896 529 ipsum
2940 454 3154 511 vocavit
3207 454 3413 524 lignum

160 576 191 625 ὁ
214 546 407 637 Λόγος
448 567 555 621 τοῦ
578 568 726 621 Θεοῦ
764 566 863 620 καί
895 566 1142 633 ἐνεργὴς
1180 564 1455 632 ὑπάρχει,
1500 563 1597 618 καὶ
1646 580 1739 616 το-

1858 564 1966 615 :itae
1999 559 2049 613 id
2082 568 2186 622 est,
2221 554 2620 623 Ecclesiaa‘qua:
2653 550 2781 605 illia
2814 548 2974 603 Patre
3006 546 3299 614 conjuncta
3332 554 3418 599 est

160 659 428 727 μὼτερος
457 659 611 726 ὑπὲρ
632 655 841 712 πᾶσαν
862 655 1166 724 μάχαιραν
1180 656 1490 725 δίστομον,
1509 656 1584 719 ὣς
1606 672 1739 725 φησι

1858 663 1894 708 :t
1923 660 2127 722 aptata,
2159 660 2213 705 et
2239 647 2499 702 amictum
2534 643 2683 697 illum
2716 641 2957 710 denique
2985 653 3056 691 ex
3086 637 3418 691 animalibus

159 726 394 813 Παῦλος.
430 752 640 819 Ὥσπερ
673 751 778 819 γὰρ
806 752 833 802 ὁ
866 749 992 812 Υἱὸς
1019 749 1138 811 ὁδὸς
1167 749 1298 818 ἡμῖν
1331 750 1448 800 ἐστι
1481 747 1616 818 πρὸς
1649 747 1739 799 τὸν

1858 742 2079 798 iaradisi
2134 740 2416 809 pelliceam
2466 733 2707 789 tunicam
2752 730 2913 786 dixit.
2967 726 3200 794 Quando
3254 728 3419 795 igitur

159 838 405 909 Πατέρα.
463 840 656 907 λέγων’
704 839 851 907 Ἐγώ
902 841 1017 906 ειμι
1068 840 1106 905 ἠ
1142 837 1301 903 ὁδὸς,
1351 836 1524 894 οὕτως
1575 840 1667 890 καὶ
1704 841 1738 908 ή

1858 834 2092 891 Jhristus
2130 831 2337 886 habitat
2368 828 2423 882 in
2454 826 2637 890 nobis,
2676 834 2734 878 ut
2763 824 2966 877 clamat
2995 819 3222 881 Paulus,
3266 819 3420 887 pelli-

170 931 470 999 ’Ἐκκλησία
517 932 632 993 ὁδὸς
662 932 806 1000 ζωῆς
853 932 985 999 ἡμῖν
1017 931 1135 983 ἐστι
1165 931 1299 1000 πρὸς
1326 931 1420 983 τὸν
1456 930 1602 994 Υἰὸν,
1651 930 1739 983 λέ-

158 1036 346 1088 γοντα’
389 1022 529 1090 Ἐγώ
547 1023 663 1091 ειμι
697 1019 830 1086 ζωή.
867 1020 975 1073 Καὶ
1005 1021 1091 1073 διὰ
1129 1020 1288 1074 τοῦτο
1311 1020 1454 1089 ζωὴν
1487 1020 1740 1088 ὠνόμασε

158 1112 254 1164 καὶ
282 1112 385 1180 τὴν
412 1112 577 1164 αὑτοῦ
615 1114 870 1179 γυναῖκα,
901 1110 978 1174 ὡς
1007 1111 1076 1164 τὰ
1118 1111 1231 1175 ζῶα
1276 1112 1422 1181 ἡμᾶς
1453 1110 1741 1176 ζωοποιοῦ-

161 1220 284 1265 σαν,
314 1204 411 1255 καὶ
438 1202 743 1269 ὁδηγοῦσαν
768 1202 906 1273 πρὸς
938 1201 1038 1272 τὴν
1079 1201 1296 1254 πάντων
1331 1202 1476 1272 ζωήν
1499 1218 1513 1231 ·
1560 1203 1641 1254 διὸ
1682 1202 1743 1254 τὸ

160 1290 320 1353 ξύλον
355 1290 551 1342 ἑαυτὸν
584 1291 685 1357 τῆς
718 1291 883 1361 ζωῆς,
930 1290 1073 1343 τοῦτ’
1109 1292 1225 1343 ἐστι
1256 1290 1353 1361 τῆς
1394 1290 1742 1361 Ἐκκλησίας,

157 1379 365 1445 ταύτης
398 1377 549 1448 αὑτῷ
588 1378 848 1449 ἀρθείσης
897 1378 1001 1431 ὑπὸ
1035 1378 1131 1431 τοῦ
1175 1379 1403 1449 Πατρὸς,
1438 1380 1531 1432 καὶ
1562 1395 1748 1431 συνενο

157 1469 414 1537 δυθείσης
440 1469 532 1519 τὸν
573 1470 640 1520 ὲκ
676 1466 832 1532 ζώων
887 1468 980 1519 τοῦ
1032 1468 1364 1538 παραδείσου
1412 1468 1737 1538 δερμάτινον

1841 938 1992 979 ceam
2046 923 2286 978 tunicam
2335 919 2527 973 induit.
2568 914 2801 980 Quando
2832 924 3013 966 autem
3052 924 3246 965 rursus
3288 923 3411 960 mu-

1844 1016 2030 1069 lierem
2072 1029 2228 1069 suam
2264 1026 2386 1082 qua:
2434 1009 2541 1063 vita
2594 1005 2820 1069 dicitur,
2869 1002 3170 1057 Ecelesiam
3219 997 3419 1060 induit,

1843 1107 2000 1176 quasi
2027 1105 2226 1176 duplex
2263 1101 2535 1173 quoddam
2568 1094 3009 1157 tabernaculum,
3041 1093 3164 1146 inde
3195 1090 3418 1161 quidem

1845 1199 2135 1254 habentem
2157 1208 2380 1251 sacrum
2408 1188 2868 1262 propitiatorium,
2884 1184 3181 1239 animatam
3200 1197 3420 1237 carnem

1844 1291 1984 1362 Agui
2014 1287 2514 1345 circumferentem.
2548 1284 2677 1337 inde
2704 1297 2837 1335 vero
2863 1278 2980 1350 (26)
3017 1277 3227 1332 cultum
3261 1290 3422 1328 mnu-

1845 1384 2048 1437 danum
2113 1380 2336 1435 attende
2389 1385 2447 1431 nt
2500 1373 2703 1430 Paulus
2756 1387 2818 1427 ea
2873 1372 3034 1440 plane
3088 1370 3315 1432 doceat,
3367 1376 3428 1420 ut

1846 1475 2039 1544 legalia
2075 1473 2165 1527 illa
2208 1472 2261 1525 in
2304 1468 2606 1524 Ecelesiam
2649 1465 2900 1519 traducat
2952 1469 3006 1516 et
3039 1460 3243 1513 referat
3283 1466 3339 1512 et
3367 1466 3429 1510 ut

158 1560 393 1629 χιτῶνα.
426 1559 595 1612 Ὅταν
633 1558 733 1628 μὲν
775 1554 870 1611 οὖν
902 1560 930 1610 ὁ
969 1558 1205 1629 Χριστὸς
1236 1561 1379 1612 οίκεῖ
1403 1562 1462 1612 ὲν
1485 1560 1640 1628 ἡμῖν,
1671 1559 1747 1623 ὡς

1858 1573 2053 1620 statuat
2109 1561 2343 1631 primum
2404 1569 2458 1613 et
2514 1556 2813 1613 secundum
2870 1553 3260 1610 velamentum,
3309 1557 3425 1601 tum

159 1651 378 1713 Παῦλος
410 1649 530 1720 βοᾷ,
610 1650 935 1720 δερμάτινον
969 1652 1175 1720 χιτῶνα
1213 1650 1491 1704 ἐνδύεται·
1523 1653 1649 1704 ὅταν
1689 1653 1747 1706 δὲ

1858 1657 2010 1710 etiam
2050 1652 2325 1725 quomodo
2372 1651 2611 1721 primum
2651 1648 2782 1701 illud
2813 1654 2871 1699 et
2892 1644 3139 1698 exterius
3172 1641 3429 1695 taberna-

158 1741 328 1792 πάλιν
351 1739 450 1807 τὴν
468 1740 767 1809 λεγομένην
795 1739 941 1810 ζωὴν
962 1742 1197 1807 γυναῖκα
1217 1738 1385 1793 αὐτοῦ
1419 1740 1747 1811 Ἐκκλησίαν

1858 1749 2032 1803 culum
2081 1744 2346 1805 stabiliat,
2383 1741 2593 1795 habens
2624 1728 3046 1807 justilicationes
3085 1734 3334 1794 culturm,
3375 1740 3433 1783 et

156 1832 353 1900 ὥσπερ
382 1830 505 1883 τινα
533 1831 786 1900 δίσκηνον
818 1830 1019 1901 θεάσῃς
1036 1830 1199 1901 (τωο
1238 1831 1359 1886 ὅθεν
1398 1831 1496 1900 μὲν
1520 1831 1746 1901 ἔχουσαν

1858 1840 2050 1895 deinde
2088 1837 2224 1909 (26‘)
2262 1844 2385 1905 post
2410 1832 2711 1888 secundum
2748 1830 3146 1891 velamentmn,
3197 1825 3430 1877 alterum

156 1923 221 1975 τὸ
272 1923 420 1992 ἱερὸν
471 1923 809 1991 ἱλαστήριον,
844 1921 1088 1991 ἔμψυχον
1123 1923 1301 1996 σάρκα
1347 1926 1749 1996 περιφέρουσαν

156 2015 260 2084 τὴν
293 2014 392 2067 τοῦ
436 2015 655 2084 ’Λμνοῦ.
706 2012 814 2066 Τοῦ
857 2012 1054 2077 ἔξωθεν
1087 2013 1144 2067 δὲ
1182 2016 1245 2067 τὸ
1276 2016 1430 2082 ἅγιον
1461 2017 1747 2085 κοσμικὸν,

157 2105 423 2171 ἐννόησον
456 2102 665 2155 Παῦλον
691 2102 831 2155 αὐτὰ
856 2102 1179 2155 διδάσκοντα
1202 2103 1412 2170 σαφῶς,
1442 2105 1623 2157 καὶτὰ
1655 2105 1747 2157 τοῦ

158 2193 331 2260 νόμου
382 2194 461 2254 είς
508 2193 610 2262 τὴν
657 2190 985 2260 Ἐκκλησίαν
1038 2190 1401 2260 ἀναφέροντα,
1450 2192 1545 2245 καὶ
1592 2210 1751 2263 περι-

161 2285 374 2334 στάντα
408 2282 510 2351 μὲν
541 2284 603 2335 τὸ
633 2283 900 2353 πρότερον
933 2280 1330 2349 καταπέτασμα
1351 2300 1364 2313 ·
1410 2284 1611 2352 ὁμοίως
1654 2286 1751 2337 καὶ

160 2373 222 2424 τὸ
260 2371 540 2441 δεύτερον,
570 2372 759 2441 ὥσπερ
794 2373 849 2425 δὲ
880 2372 1043 2425 πάλιν
1071 2372 1169 2441 τὴν
1203 2372 1427 2444 πρώτην
1478 2373 1572 2425 καὶ
1612 2374 1750 2440 ἐξω-

160 2463 331 2531 τέραν
383 2462 589 2531 σκηνὴν
636 2461 865 2531 ἔχουσαν
912 2458 1257 2530 δικαιώματα
1300 2461 1586 2530 λατρείας,
1633 2457 1753 2512 εἶτα

166 2555 312 2623 μετὰ
338 2553 400 2605 τὸ
440 2552 695 2622 δεύτερον
727 2553 1127 2622 καταπέτασμα
1156 2549 1389 2622 ἡλοῦντα
1418 2550 1587 2619 ἄλλην
1619 2567 1753 2621 σκη-

165 2645 265 2712 νὴν
300 2643 467 2710 ἁγίαν
498 2643 607 2695 τῶν
634 2642 806 2710 ἁγίων
828 2659 841 2673 °
876 2642 1126 2694 λείπεται
1158 2642 1337 2694 τοίνυν
1362 2640 1442 2710 τῷ
1473 2639 1615 2711 λόγῳ
1642 2641 1754 2694 λοι-ο

164 2737 291 2797 πὶν,
331 2738 471 2805 πρὸς
504 2734 563 2785 τὸ
600 2734 775 2802 πέρας
829 2732 925 2783 τοῦ
967 2732 1170 2800 δρόμου
1197 2731 1557 2801 ἐπειγομένῳ,
1592 2732 1755 2785 διότι-

165 2842 275 2894 περ
304 2824 367 2876 οῦ
394 2824 525 2893 περὶ
558 2822 877 2893 σωματικῆς
908 2823 1052 2891 ζωῆς
1083 2822 1302 2889 λέγεται
1331 2822 1436 2874 ὑπὸ
1462 2821 1597 2875 Θεοῦ
1627 2823 1757 2891 περὶ

164 2916 462 2987 ἀνθρώπου
512 2915 591 2980 τὸ,
642 2914 737 2983 Μή
783 2926 927 2968 ποτε
964 2916 1199 2985 ἐκτείνη
1258 2915 1373 2984 τὴν
1429 2916 1599 2986 χεῖρα
1654 2917 1756 2969 καὶ

162 3011 327 3078 λάϐῃ
373 3008 481 3061 τοῦ
510 3008 701 3070 ξύλου
744 3006 857 3074 τῆς
898 3006 1048 3074 ζωῆς
1077 3008 1173 3059 καὶ
1204 3006 1389 3075 φάγῃ,
1435 3008 1565 3077 περὶ
1591 3024 1758 3061 πνευ-

168 3104 417 3172 ματικῆς
447 3117 594 3163 τινος
633 3099 890 3169 βρώσεως
928 3100 1021 3151 καὶ
1055 3098 1201 3168 ζωῆς
1244 3099 1558 3152 ἀναστέλλει
1591 3099 1756 3153 αὑτὸν

166 3197 314 3260 τότε,
347 3195 425 3256 ὡς
472 3196 638 3264 μήπω
669 3192 884 3263 χωροῦν
920 3191 1085 3244 αὐτοῦ
1121 3192 1361 3262 ταύτης’
1396 3193 1463 3245 δι’
1498 3192 1566 3261 ἦν
1596 3192 1757 3262 ἔμελ-

166 3289 259 3341 λεν
307 3286 757 3355 εἰδωλολατρείαν
804 3283 1102 3353 ὑπομένειν
1131 3285 1188 3335 ἐν
1234 3286 1302 3354 τῇ
1336 3286 1434 3352 τῇς
1479 3282 1759 3337 εἰδωλολα-

168 3380 362 3449 τρείας
396 3379 594 3449 πλάνῃ.
642 3376 708 3427 Τί
741 3374 849 3444 γάρ
881 3373 1148 3427 ἀθάνατον
1179 3374 1340 3427 αὐτὸν
1384 3373 1527 3425 κατά
1580 3372 1759 3441 σάρκα

168 3469 457 3537 διαμεῖναι
520 3463 662 3517 κατὰ
714 3462 815 3533 τὴν
866 3462 975 3514 τῶν
1026 3462 1298 3531 δαιμόνων
1349 3460 1650 3515 ἀθανασίαν
1702 3462 1761 3512 ἐν

169 3559 405 3626 ἀσεϐείᾳ
459 3558 676 3623 («Iw-ra;
714 3557 912 3626 μᾶλλον
953 3554 1062 3625 γὰρ
1093 3553 1484 3625 ὀλεθριώτερον
1517 3553 1669 3624 αὐτῷ
1701 3554 1763 3606 τὸ

172 3654 415 3722 πρᾶγμα
444 3651 761 3720 ηὑρίσκετο,
809 3648 885 3719 μὴ
931 3646 1269 3716 παυσαμένῳ
1321 3647 1419 3715 τῆς
1461 3647 1758 3715 ἁμαρτίας,

173 3744 271 3795 καὶ
299 3742 393 3796 διὰ
424 3741 584 3793 τοῦτο
624 3739 891 3809 μειζόνως
921 3737 1271 3806 κολαζομένῳ
1301 3755 1314 3765 ·
1351 3738 1547 3790 οὐκοῦν
1573 3737 1761 3808 ὥσπερ

173 3836 297 3887 ἐκεῖ
350 3833 717 3902 ἀπεδείξαμεν
762 3833 844 3885 ὅτι
892 3831 955 3883 οὐ
1003 3829 1131 3898 περὶ
1174 3829 1487 3897 σωματικοῦ
1528 3830 1760 3884 Θανάτου

176 3922 335 3979 εἶπεν
358 3926 387 3977 ὁ
410 3925 560 3988 θεός·
580 3918 662 3996 ’ῌ
687 3924 740 3976 δ’
756 3924 832 3977 ἂν
858 3922 1049 3991 ἡμέρᾳ
1073 3920 1303 3990 φάγητε
1327 3922 1427 3975 ἀπ’
1452 3922 1640 3976 αὐτοῦ
1657 3925 1763 3976 θα-

175 4017 340 4083 νάτῳ
365 4014 787 4079 ἀποθανεῖσθε,
808 4016 903 4066 καὶ
933 4014 995 4065 τὸ
1027 4015 1187 4068 πάλιν
1216 4015 1410 4065 εἰπεῖν’
1430 4014 1525 4065 Ἐν
1542 4014 1764 4079 λύπαις

178 4107 327 4177 τέξῃ
354 4107 555 4160 τέκνα·
587 4105 731 4159 οὕτω
756 4109 851 4158 καὶ
881 4105 1115 4158 ἐνταῦθα
1135 4106 1239 4174 χρὴ
1268 4106 1410 4159 νοεῖν
1439 4104 1533 4156 καὶ
1566 4106 1761 4169 εἰπεῖν,

192 4199 283 4252 Ἐν
330 4198 534 4259 λύπαις
567 4196 700 4269 τέξῃ
730 4195 926 4261 τέκνα,
975 4196 1119 4249 οὕτω
1166 4196 1262 4249 καὶ
1306 4194 1539 4248 ἐνταῦθα
1589 4196 1647 4247 ὲν
1694 4198 1762 4267 τῇ

192 4288 518 4358 Ἐκκλησία,
568 4287 696 4340 ποία
738 4286 939 4355 βρῶσίς
968 4287 1115 4338 ἐστιν
1156 4285 1318 4355 αῦτη,
1346 4285 1406 4349 ἐξ
1441 4281 1508 4356 ἦς
1534 4287 1564 4339 ὁ
1596 4303 1764 4356 μετα-

182 4381 482 4452 λαμϐάνων
512 4379 736 4448 ζήσεται
764 4380 846 4440 εἰς
868 4379 960 4431 τὸν
1000 4378 1188 4431 αἰῶνα.
1215 4374 1347 4432 Οἶδα
1379 4378 1462 4431 ὅτι
1492 4380 1695 4443 πάντες
1715 4380 1765 4432 oi

1852 1932 1983 1985 illud
2032 1927 2448 1983 tabernaculum
2508 1924 2634 1993 ligat
2694 1922 2841 1991 quod
2895 1920 3097 1974 dicitur
3159 1916 3427 1970 Sanctum

1851 2032 2190 2078 sanctormn.
2239 2020 2399 2074 Nunc
2438 2018 2602 2086 igitur
2646 2015 2984 2070 destinatum
3025 2011 3163 2065 mihi
3206 2023 3433 2064 cursum

1851 2110 2129 2166 cmetienti
2193 2109 2463 2176 reliquum
2516 2114 2602 2160 est
2657 2113 2719 2158 ut
2764 2103 3051 2157 oswndam
3110 2111 3433 2169 corpoream

1851 2206 2016 2258 vitam
2052 2218 2162 2257 non
2190 2200 2525 2255 intellexisse
2552 2196 2743 2257 Deum,
2765 2210 2887 2249 eum
2920 2194 3060 2247 dixit
3088 2193 3156 2246 de
3186 2190 3432 2251 homine,

1858 2296 1943 2350 Ne
1981 2296 2120 2364 forte
2164 2295 2344 2346 mittat
2396 2306 2615 2345 manum
2661 2302 2835 2351 suam,
2868 2296 2913 2339 et
2950 2293 3126 2338 sumat
3163 2282 3327 2336 etiam
3372 2280 3437 2333 de

1852 2385 1996 2454 ligno
2032 2385 2176 2447 vitm,
2208 2391 2257 2435 et
2301 2380 2565 2441 comedat,
2603 2387 2653 2430 et
2697 2378 2836 2429 vivat
2869 2374 2924 2426 in
2966 2382 3221 2427 aeternum
3254 2377 3303 2433 °,
3340 2373 3434 2425 scd

1854 2475 2197 2544 Spiritualcm
2252 2471 2545 2541 quamdam
2605 2468 3088 2522 manducationem
3135 2473 3191 2517 ct
3234 2462 3434 2520 vitam.

1858 2576 1989 2620 tunc
2015 2564 2160 2618 enim
2208 2562 2361 2616 illum
2392 2560 2574 2615 dill'ert
2622 2567 2677 2612 et
2717 2557 2959 2619 cohibet,
3005 2554 3163 2623 quasi
3196 2551 3435 2606 nomium

1854 2657 1975 2727 ejus
2005 2656 2118 2727 (27)
2160 2669 2332 2723 capax
2371 2652 2442 2707 sit
2481 2666 2579 2720 per
2616 2663 2781 2718 quam
2814 2644 3057 2699 futurum
3110 2652 3228 2697 erat
3268 2652 3329 2695 ut
3381 2642 3434 2694 in

1856 2745 2179 2801 idololatrim
2212 2756 2399 2797 errore
2424 2739 2699 2794 exsistens
2728 2739 2782 2790 in
2808 2753 2870 2789 ea
2915 2744 3268 2802 perseueraret
3300 2729 3435 2800 (28).

1856 2838 1997 2901 Quid
2038 2835 2183 2890 enim
2217 2848 2473 2903 magnum
2505 2841 2560 2885 et
2575 2829 2853 2900 egregium
2878 2827 3005 2891 fuit,
3038 2825 3190 2879 illum
3217 2824 3440 2876 imnioro

1859 2931 2018 2985 talem
2054 2928 2359 2982 secundum
2405 2938 2625 2977 carnem
2665 2921 3167 2990 juxtadzmnonum
3215 2914 3442 2967 immor-

1858 3019 2120 3072 talitatcm
2164 3026 2489 3085 permanere
2538 3012 2591 3065 in
2629 3010 2907 3079 impietate
2949 3004 3265 3061 viventem?
3293 3004 3439 3073 quod

1861 3112 1935 3164 illi
1973 3110 2136 3163 etiam
2179 3105 2548 3177 perniciosius
2599 3102 2796 3157 fuisset
2842 3115 2871 3154 a
2908 3108 3134 3170 peccato
3167 3112 3277 3151 non
3316 3110 3439 3150 ees-

1859 3201 2025 3263 santi,
2077 3209 2133 3255 et
2192 3199 2314 3252 ideo
2358 3197 2532 3251 multo
2576 3194 2881 3264 majoribus
2935 3190 3110 3260 pinnis
3170 3188 3441 3249 exercito;

1859 3290 2120 3362 proinde,
2174 3297 2233 3343 ut
2263 3302 2430 3356 supra
2463 3286 2810 3341 ostendimus
2842 3323 2856 3347 ,
2894 3298 3003 3336 non
3059 3282 3127 3335 de
3177 3294 3443 3346 corporea

1860 3395 2038 3438 morte
2067 3382 2273 3437 dixisse
2312 3381 2503 3442 Deum,
2543 3378 2663 3443 Qua
2687 3378 2770 3430 die
2802 3377 2865 3428 de
2897 3376 2993 3428 illo
3024 3371 3443 3435 mandncabitis,

1861 3487 2028 3529 morte
2056 3474 2420 3537 morieminip,
2447 3484 2499 3525 et
2538 3470 2688 3539 quod
2724 3470 2920 3522 iterum
2953 3466 3128 3520 dixit:
3166 3462 3233 3517 In
3262 3464 3446 3517 dolore

1859 3565 2032 3632 paries
2061 3562 2201 3631 lilio:
2220 3572 2269 3625 ς,
2297 3561 2377 3615 sic
2408 3570 2461 3615 et
2486 3559 2575 3613 hic
2605 3558 2769 3613 etiam
2806 3555 3221 3624 intelligendum
3250 3560 3355 3612 est,
3386 3550 3442 3603 lu

1860 3656 2051 3710 dolore
2085 3654 2266 3724 paries
2295 3652 2462 3716 lilios,
2493 3651 2567 3704 ita
2603 3659 2658 3703 et
2692 3650 2778 3702 hic
2809 3649 2862 3702 in
2892 3646 3132 3701 Ecclesia
3168 3644 3348 3712 qualis
3376 3644 3448 3724 sit

1861 3744 2212 3800 manducatio
2249 3744 2341 3798 illa
2379 3742 2539 3812 cujus
2571 3743 2848 3810 particeps
2892 3741 3035 3793 vivet
3072 3739 3125 3791 in
3154 3716 3443 3792 aeternum.

1864 3838 2054 3894 Sentio
2086 3839 2310 3909 quidem
2344 3852 2441 3892 vos
2463 3850 2658 3891 omnes
2691 3835 2784 3904 qui
2819 3835 2962 3889 istud
2998 3832 3291 3887 audivistis
3315 3845 3450 3884 cono

1866 3933 2021 3986 tinuo
2081 3931 2352 3999 cogitasse
2430 3929 2497 3983 de
2574 3926 2993 3997 participatione
3059 3925 3445 3996 mysteriorum

1863 4024 2113 4093 corporis
2165 4021 2391 4075 Christi.
2447 4018 2587 4084 Quid
2624 4018 2813 4087 igitur,
2862 4032 3072 4084 quaeso,
3137 4030 3332 4068 omnes
3394 4014 3450 4067 in

1864 4114 2109 4169 Ecclesia
2151 4114 2539 4183 participantes
2583 4110 2786 4165 habent
2813 4108 2979 4161 vitam
3025 4115 3308 4165 aeternam,
3355 4118 3451 4157 ne-

1864 4221 1972 4275 que
2024 4219 2216 4258 eorum
2266 4203 2413 4259 ullus
2464 4203 2520 4257 in
2572 4215 2790 4271 pmnam
2846 4209 3106 4254 attentam
3160 4195 3451 4252 deveniet?

1863 4292 2347 4365 AtquiCorinthiis
2369 4291 2755 4363 mysteriorum
2780 4288 3234 4359 participantihus
3263 4287 3447 4341 statim

1865 4400 1929 4439 ea
1971 4385 2089 4454 ipsa
2122 4384 2465 4455 participatio
2517 4383 2571 4437 in
2604 4392 2835 4438 mortem
2877 4382 3063 4445 cessit,
3098 4381 3232 4451 quin
3279 4380 3444 4435 etiam

183 4474 523 4534 ἀκούσαντες
554 4469 649 4523 τοῦ
681 4468 961 4539 λεχθέντος
996 4471 1242 4539 ῥήματος
1286 4469 1490 4533 εὐθέως
1523 4471 1603 4533 είς
1664 4470 1756 4541 τὴν

1870 4478 2071 4532 bonum
2102 4490 2221 4532 erat
2248 4477 2296 4532 ei
2327 4476 2375 4532 si
2408 4485 2569 4529 natus
2600 4490 2709 4529 non
2744 4474 2935 4529 luisset
2968 4474 3132 4527 homo
3162 4472 3250 4525 ille
3278 4469 3451 4524 Judas

184 4563 296 4616 τῶν
344 4560 659 4632 μυστηρίων
694 4558 791 4612 τοῦ
823 4557 1076 4629 σώματος
1108 4559 1205 4612 τοῦ
1238 4559 1477 4630 Χριστοῦ
1528 4561 1764 4631 μετάλη-

184 4651 277 4721 ψιν
307 4651 501 4705 τοῦτον
527 4653 808 4722 ἐνοήσατε.
841 4650 906 4702 Τί
936 4645 1051 4715 οῦν,
1089 4650 1213 4702 εἰπέ
1240 4668 1353 4721 μοι,
1386 4652 1589 4715 πάντες
1629 4655 1678 4706 oi
1708 4657 1767 4709 ἐν

186 4748 253 4816 τῇ
273 4741 578 4812 Ἐκκλησία
610 4740 1120 4813 μεταλαμϐάνοντες
1140 4740 1322 4812 ἔχουσι
1351 4742 1497 4813 ζωὴν
1524 4742 1763 4813 αίὼνιον⁹

189 4839 285 4891 καὶ
311 4835 491 4897 οὐδεὶς
527 4834 733 4887 τούτων
758 4832 1118 4886 ἀπελεύσεται
1145 4834 1225 4895 είς
1259 4832 1483 4887 κόλασιν
1513 4835 1766 4904 αίὼνιον;

192 4930 412 4999 Καίπερ
462 4929 578 4979 ἐκεῖ
617 4928 730 4988 τοῖς
773 4925 1080 4996 Κορινθίοις
1143 4927 1620 4997 μεταλαμϐάνουσι
1659 4931 1770 4985 τῶν

195 5019 539 5092 μυστηρίων,
566 5018 769 5081 εὐθέως
801 5016 900 5071 ἀπ’
938 5016 1189 5071 ἐντεῦθεν
1218 5017 1317 5089 ἤδη
1347 5019 1509 5084 εὐθὺς
1540 5020 1771 5085 Θάνατος

262 5143 290 5171 ο
322 5135 466 5191 Gen.
497 5149 581 5200 ιιι,
608 5134 700 5188 τε.
778 5144 805 5184 P
841 5130 978 5189 Gen.
1013 5148 1076 5200 ll,
1106 5133 1194 5187 l7.
1269 5142 1298 5184 ιι
1333 5132 1471 5191 Gen.
1497 5152 1581 5201 ιιι,
1613 5136 1701 5192 16.

1872 4568 1967 4639 qui
2025 4567 2094 4622 ab
2151 4567 2558 4622 immortalibus
2613 4566 2873 4622 manibus
2924 4564 3130 4620 Christi
3178 4564 3454 4634 particeps

1874 4658 2050 4711 factus
2080 4666 2184 4713 est.
2221 4654 2397 4720 Quam
2430 4654 2584 4709 multi
2609 4656 2772 4709 etiam
2797 4656 2850 4709 in
2870 4653 3105 4708 desertis
3129 4652 3225 4721 qui
3257 4651 3453 4722 privati

1877 4748 2299 4804 manducatione
2332 4748 2491 4818 panis
2530 4747 2723 4812 divini,
2757 4746 3042 4816 possident
3070 4754 3253 4798 tamen
3291 4753 3452 4797 mter-

1877 4858 2004 4898 nam
2051 4842 2242 4907 vitam,
2305 4855 2484 4909 neque
2539 4840 2594 4894 in
2643 4839 2915 4908 judicium
2972 4837 3219 4900 veniunt,
3276 4834 3369 4889 sed
3426 4849 3456 4887 c

1878 4943 2050 4989 morte
2074 4933 2128 4988 in
2167 4933 2335 4987 vitam
2364 4932 2758 4995 transivcrunt,
2804 4930 2905 5000 ipsi
2939 4929 3169 4983 omnino
3204 4928 3362 4997 panis
3400 4936 3456 4980 et

1877 5040 2075 5095 corpus
2120 5022 2214 5078 Dei
2255 5024 2500 5095 sanguis,
2536 5032 2593 5078 et
2619 5022 2835 5087 domus,
2868 5021 3132 5089 templum
3166 5029 3220 5073 et
3257 5019 3451 5082 altare,

1710 5233 1940 5292 NOTAE.

263 5345 404 5415 (25⁸)
474 5344 644 5417 Quasi
708 5346 904 5415 duplex
982 5348 1253 5417 quoddam
1340 5352 1764 5410 tabernaculum.

200 5418 411 5491 Ὠσπερ
428 5416 566 5491 ’τινὰ
592 5416 845 5491 δίσκηνον
870 5416 1079 5491 θεάσης
1102 5420 1231 5491 lege
1259 5420 1480 5484 θεάσας.

233 5483 551 5575 Attilae“?
573 5483 927 5575 ιετρο-(ἓεεεεθ
1087 5483 1287 5575 ἐεώρεν
1309 5492 1396 5555 δέν
1429 5483 1537 5575 éLc-
1568 5494 1687 5573 ιεεθ
1710 5493 1772 5574 τὲ

203 5555 530 5636 ξξωρωὲἑ·
559 5557 891 5636 Avel‘potius
951 5560 1248 5628 supplenda
1305 5577 1407 5636 vox
1461 5555 1649 5625 Θεοῦξ
1675 5562 1771 5617 τοῦ

206 5624 361 5699 Θεοῦ,
408 5624 1068 5699 Ἐξωθενμδὶ-ιιηὶιιιθιλὴι
1096 5646 1315 5687 carnem
1344 5631 1480 5699 Διῃιί
1516 5633 1607 5687 Dei
1661 5634 1771 5687 cir-

208 5694 620 5750 cumferentem.
656 5694 784 5749 lude
810 5712 960 5752 vero.

280 5766 414 5836 (εδδ)
435 5764 505 5818 Et
529 5765 738 5819 deinde.
768 5766 866 5822 Ms.
903 5769 995 5820 Δεῖ
1027 5768 1097 5821 τὰ
1131 5771 1271 5838 μετὰ
1300 5771 1358 5823 τὸ
1383 5771 1635 5843 δεύτερον
1673 5792 1768 5827 κα-

457 5860 727 5919 ΡΑἰίιοι..
772 5865 889 5924 Gn.
929 5863 1256 5923 LXXXIX.

1875 5357 2203 5426 ταπέτασμα
2233 5355 2492 5425 ήλοῦντα,
2520 5362 2625 5426 ctu.
2658 5352 2752 5426 ubi
2777 5352 2907 5426 illud
2934 5350 3016 5403 δεῖ
3045 5350 3115 5402 τὰ
3144 5364 3270 5403 vere
3300 5347 3457 5402 adul-

1878 5422 2265 5487 terinum'est,
2290 5427 2527 5478 rescribe
2555 5422 2695 5484 εἶτα,
2724 5422 2942 5485 deinde,
2978 5427 3183 5490 postea.

1950 5498 2061 5564 (‘27)
2094 5496 2258 5558 Quasi
2288 5494 2522 5547 nondum
2558 5494 2691 5564 ejus.
2751 5490 2863 5564 his.
2915 5487 2991 5552 ὡς
3048 5491 3213 5559 μήπω
3248 5487 3459 5558 χωροῦν

1877 5562 2049 5618 αὑτοῦ
2077 5566 2300 5627 ταύτας,
2344 5564 2457 5633 lege
2496 5562 2920 5633 χωροῦν-αὑτόν,
2956 5570 3064 5613 etc.

1952 5638 2065 5706 (28)
2101 5635 2163 5689 In
2216 5652 2277 5706 ra
2317 5628 2687 5702 periev'éra'rrl.
2718 5630 2817 5688 Ms.
2850 5632 3084 5701 ἕμελπεν
3140 5628 3457 5699 ὑπομένειν,

1881 5704 2091 5775 corrige
2120 5704 2366 5776 ἔμελλεν,
2405 5714 2510 5758 etc.

2899 5860 2932 5916 3
2942 5858 2975 5915 τί
