4186 6442
139 394 280 457 1069

1211 402 1288 460 I.\'
1314 401 1837 463 llEXAEMERON
1879 402 2024 462 LIB.
2051 399 2190 461 XII.

3249 384 3394 449 1070

133 510 227 562 τοῦ
246 512 289 563 Χ
302 510 487 581 ριστοῦ
509 510 921 578 μεταλαμϐάνου
931 530 1013 565 σιν
1036 514 1326 584 τολμηρῶς
1343 517 1434 569 καὶ
1451 516 1701 581 ἀναξίως·

1835 516 1950 570 ibus
1969 512 2243 584 mysteriis
2264 511 2531 578 loquatur,
2552 509 2671 563 vide
2694 514 2750 560 ut
2771 517 2932 573 supra
2950 510 3004 557 et
3018 500 3176 565 infra,
3196 501 3392 569 smpius

143 601 185 611 ιιι

135 601 271 669 ἄλλη
298 602 405 670 γὰρ
422 601 557 670 αὐτὴ
580 601 727 670 παρᾶ
743 602 841 672 τὴν
861 603 1164 671 μετάληψιν
1179 605 1395 675 ἐκείνην
1408 623 1421 635 ·
1441 604 1563 658 ὅθεν
1578 604 1716 657 διδα-

140 709 288 743 σκων
304 693 453 760 ἡμᾶς
472 691 787 762 ἀμφοτέρας
807 693 944 760 μετὰ
961 692 1054 745 τοῦ
1073 695 1269 755 εἰπεῖν,
1286 695 1367 747 ὅτι
1393 693 1538 763 Ἐγώ
1553 696 1667 761 εἰμι
1684 697 1717 746 ό

136 783 321 848 ἄρτος
342 780 454 847 τῆς
471 780 614 849 ζωῆς
632 786 665 835 ό
683 784 750 835 ἐκ
763 784 873 837 τοῦ
899 782 1159 850 οὐρανοῦ
1174 786 1453 850 καταϐὰς,
1466 784 1608 836 τοῦτ’
1626 784 1717 837 ἔσ-

136 889 220 922 τιν
247 869 425 933 ὀΘεὸς
455 871 651 939 Λόγος·
675 874 789 935 καὶ,
824 872 964 924 Ἐάν
990 890 1076 937 τις
1107 874 1268 941 φάγῃ
1306 875 1373 927 ἐκ
1403 874 1508 927 τοῦ
1536 874 1717 943 ἄρτου

138 962 360 1013 τούτου
391 960 626 1026 ζήσεται
660 965 747 1028 εἰς
789 962 895 1014 τὸν
923 962 1124 1017 αἰῶνα·
1146 966 1341 1030 ἐπάγει
1376 965 1576 1032 λέγων·
1613 969 1719 1020 Καὶ

138 1055 322 1120 ἄρτος
357 1056 432 1106 ὃν
463 1055 575 1123 ἐγὼ
600 1055 772 1108 δώσω
802 1056 1022 1126 αύτῷ,ὴ
1051 1056 1187 1125 σάρξ
1221 1058 1322 1126 μού
1342 1058 1509 1121 ἐστιν,
1528 1059 1594 1128 ἢν
1611 1059 1720 1127 ἐγὼ

150 1142 313 1193 δώσω
338 1142 489 1208 ὐπέγ)
525 1141 791 1213 [τῆς]τοῦ
825 1145 1057 1211 κόσμου
1091 1142 1260 1210 ζωῆς.
1318 1145 1558 1209 ’Λκούεις
1593 1147 1721 1217 περὶ

138 1231 409 1301 διαφορᾶς
438 1232 695 1301 βρώσεως
720 1236 783 1287 ἑκ
806 1235 899 1287 τοῦ
922 1235 1086 1304 ἄρτου
1116 1234 1210 1287 τοῦ
1230 1236 1287 1302 ἐξ
1304 1237 1533 1307 ούρανοῦ
1556 1256 1725 1293 κατα-

140 1319 445 1384 ϐαίνοντος,
475 1323 601 1384 τοὺς
637 1324 911 1386 ἐσθίοντας
945 1322 1097 1378 εἶπεν
1118 1326 1265 1394 ἔχειν
1295 1328 1439 1400 ζωὴν
1470 1329 1687 1384 αιὼνιον
1706 1346 1720 1360 ⁶

140 1413 234 1463 ἐπὶ
268 1412 323 1464 δὲ
351 1414 448 1481 τῆς
485 1415 688 1483 σαρκὸς
726 1415 785 1466 οὐ
813 1415 1023 1467 τέθεικε
1057 1416 1248 1470 τοῦτο’
1280 1420 1403 1472 ὅθεν
1438 1421 1567 1491 περὶ
1599 1440 1724 1490 φρι-

141 1505 287 1556 κτῶν
337 1508 431 1558 καὶ
476 1508 803 1575 ἀπορρήτων
861 1512 1175 1578 μυστηρίων
1225 1513 1422 1575 λαλῶν,
1464 1514 1567 1583 ὅρα
1612 1516 1727 1577 πῶς

139 1597 265 1656 τοίας
294 1597 495 1659 αὐτοὺς
534 1598 792 1663 πολλάκις
836 1602 949 1653 ἄνω
978 1604 1071 1654 καὶ
1100 1604 1251 1655 κάτω
1279 1605 1723 1676 ἀναλαμϐἀνεται

138 1686 361 1752 λόγους.
396 1690 754 1760 Μαινομένων
801 1692 910 1762 γὰρ
937 1693 1101 1747 πάλιν
1139 1696 1277 1765 πρὸς
1312 1696 1577 1765 ἀλλήλους
1616 1698 1725 1750 τῶν

153 1776 424 1831 Ἰουδαίων
461 1782 552 1832 ἐπὶ
601 1784 665 1851 τῇ
717 1784 919 1853 ἀπορίᾳ
972 1785 1066 1837 καὶ
1106 1786 1452 1858 ἀκαταληψίςι
1494 1787 1605 1841 τῶν
1638 1791 1724 1842 λό-

141 1885 281 1935 γων,
314 1869 467 1937 λέγει
499 1872 809 1936 ἀκολούοως
840 1874 976 1943 πρὸς
1019 1876 1241 1941 αὐτοὺς,
1290 1878 1495 1948 Ἀμὴν,
1537 1880 1721 1949 ἀμὴν,

141 1958 301 2025 λέγω
329 1960 474 2027 ὑμῖν
494 1978 507 1989 ·
559 1963 649 2014 καὶ
686 1961 768 2037 ᾃις
798 1963 940 2031 λέγω
972 1965 1032 2018 τὸ
1064 1967 1226 2035 ἀμὴν
1264 1969 1350 2022 ἵνα
1378 1971 1551 2039 γνῶτε
1587 1973 1670 2024 ὅτι
1698 1975 1727 2026 6

141 2049 377 2116 οὐρανὸς
407 2051 503 2102 καὶ
538 2053 571 2123 ἠ
609 2053 679 2122 γῆ
709 2055 1123 2124 παρελεύσεται,
1156 2062 1205 2112 οἱ
1235 2061 1291 2113 δὲ
1334 2062 1479 2129 λόγοι
1512 2080 1614 2133 μου
1651 2065 1726 2136 μὴ

144 2138 515 2204 παρέλθωσιν,
568 2142 682 2197 ἀλλ’
718 2146 798 2209 εἰς
844 2147 934 2199 τὸν
974 2149 1146 2203 αἰῶνα
1195 2152 1397 2221 ἑδραῖοι
1444 2152 1726 2224 διαμενοῦο

146 2242 253 2281 σιν.
284 2228 469 2297 Ἀμὴν
494 2232 649 2301 ,λέγω
678 2235 839 2302 ὑμῖν,
862 2237 972 2291 ἐὰν
1001 2240 1086 2306 μὴ
1130 2240 1357 2307 φάγητε
1388 2242 1501 2310 τὴν
1531 2246 1727 2316 σάρκα

1820 612 1958 665 idem
1988 615 2231 662 resumat
2251 615 2304 659 et
2326 612 2541 657 revocet
2566 619 2580 666 ;
2601 594 3037 667 disceptantibus
3057 601 3234 646 autem
3259 592 3393 646 invi-

1818 718 1932 757 cem
1956 699 2155 755 Judais
2171 697 2315 769 quod
2339 709 2645 751 sermonem
2675 692 2827 746 illiilli
2854 703 2963 743 non
2979 692 3251 754 caperent,
3272 700 3393 752 per—

1819 794 1897 864 git
1914 792 1993 847 eis
2009 790 2410 851 dicenszAmeu,
2426 785 2588 839 Amen
2608 783 2723 836 dico
2740 781 2902 844 vobis,
2921 787 2974 834 et
2998 777 3079 833 bis
3092 776 3216 829 dico
3239 788 3394 828 amen

1822 893 1881 938 ιιι
1902 882 2245 952 cognoscatis
2286 879 2405 934 fore
2451 885 2512 931 ut
2556 874 2753 930 coelum
2779 882 2834 929 et
2872 881 3015 926 terra
3040 873 3395 939 praetereant,

1823 990 2001 1045 neque
2049 979 2377 1045 praetereant
2410 968 2576 1024 verba
2620 980 2760 1027 mea,
2803 964 2898 1019 sed
2946 964 3098 1017 ﬁrma
3142 964 3399 1014 maneant

1824 1068 1878 1122 in
1928 1076 2213 1123 mternum.
2250 1067 2410 1118 Amen
2456 1064 2576 1116 dico
2602 1060 2770 1121 vobis,
2812 1057 2913 1109 nisi
2953 1048 3397 1107 manducavcrilis

1824 1175 2033 1211 carnem
2065 1156 2194 1210 Filii
2214 1154 2437 1207 hominis
2461 1164 2509 1206 et
2537 1149 2767 1205 biberitis
2791 1147 2905 1215 ejus
2942 1145 3269 1212 sanguinem,
3296 1156 3399 1193 non

1825 1248 2076 1301 habebitis
2130 1247 2292 1300 vitam
2329 1251 2578 1297 arternnm
2635 1239 2691 1291 in
2748 1237 2924 1299 vobis;
2973 1232 3062 1301 qui
3115 1230 3399 1281 manducet

1825 1355 1994 1393 meam
2025 1352 2234 1391 carnem
2280 1344 2328 1387 ct
2358 1331 2488 1386 bibit
2526 1344 2698 1381 meum
2735 1326 3049 1397 sanguinem
3092 1320 3300 1373 habebit
3325 1318 3404 1370 ei-

1826 1442 1933 1484 lam
1969 1440 2249 1488 wternam,
2292 1432 2340 1477 et
2386 1439 2479 1490 ego
2524 1418 2848 1473 resuscitabo
2888 1431 3004 1469 eum
3033 1414 3089 1466 in
3120 1411 3402 1464 novissimo

1825 1524 1910 1575 die
1935 1530 1983 1571 γ.
2011 1518 2132 1588 Ipse
2171 1516 2317 1570 enim
2358 1522 2475 1577 est,
2527 1521 2585 1565 ut
2632 1510 2747 1579 jam
2777 1506 2975 1576 smpius
3012 1505 3157 1565 dixi,
3193 1503 3403 1569 lignum

1826 1613 1974 1673 vitm,
2007 1608 2322 1672 vivificans;
2352 1604 2455 1658 nisi
2478 1604 2549 1657 ita
2577 1601 2778 1664 credis,
2810 1599 2935 1654 audi
2964 1595 3109 1665 quod
3134 1592 3401 1661 sequitur,

1829 1701 2004 1773 pergit
2051 1702 2195 1755 enim
2242 1698 2383 1752 idem
2434 1694 2669 1749 Verbum
2730 1691 2920 1746 Deus:
2969 1688 3075 1754 Qui
3117 1690 3405 1737 mmmumt

1832 1809 2000 1847 meam
2034 1806 2265 1853 carnem,
2307 1797 2355 1841 ct
2387 1787 2514 1840 bibit
2554 1799 2725 1838 meum
2766 1781 3095 1851 sanguinem,
3143 1785 3315 1829 manet
3350 1774 3426 1826 in,

1832 1902 1933 1947 me,
1962 1894 2011 1936 et
2040 1897 2131 1952 ego
2165 1882 2220 1934 in
2257 1879 2352 1933 illo
2384 1887 2429 1930 κ.
2465 1875 2584 1929 Non
2622 1874 2691 1928 de
2722 1871 2973 1943 praesenti
3009 1882 3175 1923 carne
3204 1876 3256 1920 et
3276 1879 3406 1919 san—

1833 1975 2017 2045 guiue,
2076 1972 2277 2041 quippe
2318 1967 2612 2038 participes
2650 1963 2871 2018 fuerunt
2930 1958 3100 2013 Judas
3138 1963 3192 2011 et
3216 1954 3405 2007 Simon

1834 2066 2023 2133 Magos
2072 2061 2317 2131 corporis
2367 2066 2420 2113 et
2469 2053 2753 2126 sanguinis
2792 2050 3171 2114 Eucharistim,
3214 2059 3409 2113 nempe

1836 2156 1999 2228 panis
2036 2163 2091 2209 et
2124 2153 2339 2214 calieis,
2381 2165 2555 2219 neque
2607 2157 2786 2201 tamen
2833 2144 3086 2199 Chrisms
3120 2139 3321 2195 mansit
3351 2138 3405 2190 in

1837 2250 1927 2325 eis
1953 2264 2129 2318 neque
2157 2246 2257 2316 ipsi
2292 2246 2344 2298 in
2381 2243 2624 2297 Christo.

144 2340 251 2375 του
294 2326 435 2432 ἵζιου
460 2344 562 2433 του
590 2330 923 2433 ἀνθρωπου,
955 2335 1053 2386 καὶ
1089 2334 1263 2399 πίητε
1295 2337 1361 2389 τὸ
1409 2336 1550 2408 αῗμα
1575 2347 1783 2415 αὐτοῦ,
1825 2350 1938 2403 οὐκ
1986 2348 2156 2415 ἔχετε
2200 2340 2352 2407 ζωὴν
2395 2338 2637 2393 αἰώνιον
2678 2337 2746 2389 ἐν
2787 2332 3051 2396 ἑαυτοῖς’
3095 2331 3127 2380 ό
3174 2323 3411 2393 τρώγων

141 2434 261 2524 limi
285 2416 665 2524 τὴνξίξρκαο,
686 2423 783 2524 κίξῖ
810 2424 1001 2524 πίνωγ
1020 2442 1139 2493 μου
1160 2427 1225 2479 τὸ
1251 2426 1413 2497 αἷμα»
1443 2432 1567 2501 ἔχει
1598 2437 1751 2505 ζῖυὴν
1784 2441 2049 2500 αἰώνιον,
2085 2434 2245 2503 κάγὼ
2279 2430 2619 2497 ἀναστήσω
2668 2425 2858 2481 αὐτόν
2925 2424 2996 2475 ἐν
3050 2419 3123 2487 τῇ
3177 2416 3409 2484 ἐσχάτῃ

148 2506 566 2606 τψέρᾳῖλίπὶς
601 2527 708 2606 γαρ
736 2514 906 2606 ἐστι,ντ
941 2513 1017 2576 ὡς
1060 2515 1319 2581 πολλάκις
1365 2517 1539 2588 εἶπον,
1572 2528 1632 2578 τὸ
1661 2529 1815 2591 ξύλον
1853 2529 1953 2598 τῆς
1984 2526 2133 2596 ζωῆς
2161 2525 2222 2578 τὸ
2262 2521 2589 2589 ζωοποιοῦν
2639 2520 2688 2572 εἰ
2726 2519 2782 2571 δὲ
2823 2517 2883 2569 ού
2918 2512 3214 2574 πιστεύεις,
3245 2510 3413 2563 ἄκου-

151 2614 245 2704 σξθν
292 2599 390 2704 ξ’λτδ
436 2599 819 2704 ἐξα-[ψέγω]
847 2603 1148 2704 λέγειηξὶρ
1170 2608 1509 2704 ’ἀκολούθως
1547 2616 1576 2667 ό
1618 2617 1750 2680 Θεὸς
1787 2619 1991 2687 Λόγος⁹
2032 2618 2096 2671 '0
2125 2617 2359 2686 τρώγων
2414 2632 2533 2684 μου
2555 2612 2669 2681 τὴν
2695 2610 2912 2677 σάρκα,
2950 2605 3047 2661 καὶ
3087 2605 3281 2655 πίνων
3293 2617 3413 2671 μου

251 2688 420 2800 αἷμα,
464 2690 535 2742 ἐν
560 2692 921 2800 έιένει,
1157 2699 1226 2751 ἐν
1272 2700 1453 2765 αὐτῷ.
1492 2704 1568 2779 Οὐ
1608 2709 1739 2779 περὶ
1776 2709 1876 2778 τῆς
1908 2708 2193 2780 ὁρωμένης
2255 2706 2404 2775 αὐτῷ
2438 2703 2639 2775 σαρκὸς
2670 2700 2766 2754 καὶ
2793 2699 3024 2768 αἵματος
3067 2695 3248 2762 λέγει·
3282 2710 3413 2764 μετ-

150 2785 311 2886 ειτςιδε
344 2802 458 2886 Ῐαρ
488 2787 594 2886 καί.
623 2787 842 2886 Ἰούξας,
873 2792 966 2886 καὶ
1012 2792 1194 2861 Σίμων
1232 2796 1261 2844 6
1294 2794 1485 2862 Μάγος
1513 2798 1606 2852 τοῦ
1670 2803 1919 2872 σώματος
1980 2803 2072 2857 καὶ
2133 2802 2230 2854 τοῦ
2261 2800 2493 2871 αἵματος
2534 2798 2633 2868 τῆς
2689 2794 3065 2864 εὐχαριστίας.
3112 2789 3207 2842 τοῦ
3245 2790 3413 2858 ἄρτου

151 2877 245 2929 καὶ
272 2894 372 2929 του
396 2878 680 2946 πστηρίου,
709 2880 824 2933 ἀλλ’
868 2882 928 2933 οὖ
955 2884 1299 2953 κατῴκησεν.
1335 2881 1455 2940 οὐδὲ
1492 2892 1801 2963 μεμένηκεν
1831 2898 1890 2949 ὲν
1918 2897 2103 2957 αὐτοῖς
2131 2895 2160 2946 6
2184 2892 2441 2964 Χριστὸς,
2472 2888 2592 2943 οὐδὲ
2628 2888 2786 2941 αὐτοὶ
2843 2889 2901 2939 ὲν
2926 2883 3093 2953 αὐτῷ.

221 2992 322 3054 Τίς
385 2993 443 3045 δέ
499 2994 649 3045 ἐστιν
708 2998 741 3064 ἡ
799 2998 1006 3068 ἀληθὴς
1056 2999 1263 3070 βρῶσις
1322 3004 1421 3074 τὴς
1472 3011 1730 3079 μυστικῆς

1914 3011 2046 3077 Quae
2070 3019 2251 3066 autem
2295 3023 2419 3063 vera
2451 3007 2523 3062 sit
2556 3002 2908 3061 manducatio
2958 3000 3202 3070 mystica:
3233 2994 3418 3051 carnis

152 3084 361 3151 σαρκὸς
408 3083 502 3136 τοῦ
550 3086 809 3155 Χριστοῦ,
850 3090 944 3141 καὶ
974 3091 1028 3143 τι
1066 3092 1129 3145 τὸ
1180 3095 1236 3147 ἐν
1289 3096 1427 3168 αὐτῇ
1493 3102 1735 3170 κρυπτό-

154 3191 319 3243 μενον
350 3176 662 3247 ἀπόρῤητον
705 3176 845 3249 αἷμα
888 3183 1054 3237 αὑτοῦ
1095 3188 1581 3258 καταλιμπάνομεν
1625 3195 1739 3257 τοῖς

154 3264 514 3336 ἱκανωτέροις
560 3268 656 3321 καὶ
716 3275 1209 3346 γνωστικωτέροις,
1268 3275 1350 3342 οἷς
1408 3283 1513 3352 χρὴ
1573 3301 1739 3352 μετα-

150 3353 424 3407 διδοῦσιν·
484 3355 659 3409 ταῦτα
713 3359 846 3427 ἡμῖν
898 3360 1113 3432 εἴρηται
1152 3366 1233 3428 εις
1290 3367 1350 3419 τὸ
1407 3370 1739 3439 σαφέστερον

154 3442 463 3511 βεϐαιῶσαι
490 3445 582 3497 τὸν
607 3448 888 3519 ἀκροατὴν
908 3489 924 3515 ,
956 3452 1040 3503 ὅτι
1069 3452 1129 3505 τὸ
1164 3455 1266 3523 μὲν
1296 3456 1449 3519 ξύλον
1481 3459 1543 3510 τὸ
1584 3460 1739 3528 λεγό-

155 3550 321 3601 μενον
349 3535 450 3603 τῆς
486 3533 631 3606 ζωῆς
672 3538 827 3590 οὐδὲν
857 3539 1047 3611 ἕτερον
1090 3539 1146 3615 ᾖ,
1184 3545 1300 3598 ἀλλ’
1327 3547 1359 3617 ἢ
1388 3549 1420 3617 ὴ
1460 3548 1556 3602 τοῦ
1601 3550 1736 3603 Θεοῦ

156 3624 464 3693 μετάληψξς
495 3643 555 3677 τε
594 3630 689 3680 καὶ
714 3628 910 3693 ἓνωσις
955 3634 1012 3685 ἐν
1040 3635 1118 3704 τῷ
1155 3636 1432 3707 ἀνθρώπῳ
1460 3640 1538 3710 τῷ
1571 3658 1734 3710 μετα-

153 3713 489 3783 λαμϐάνοντι
528 3719 722 3771 αὑτοῦ·
754 3720 816 3773 τὸ
837 3721 893 3775 δὲ
927 3722 1115 3796 ἓτερον
1156 3727 1310 3791 ξύλον
1351 3731 1414 3782 τὸ
1443 3732 1537 3784 τοῦ
1571 3733 1736 3786 θανά-

154 3822 259 3906 του.
302 3809 609 3878 ποιητικὸν,
663 3812 696 3877 ἡ
747 3815 1096 3888 ἀντικειμένη
1151 3819 1378 3889 δύναμις
1418 3822 1513 3875 τοῦ
1563 3825 1737 3891 ὄφεως

156 3896 415 3965 ὑπάρχει.
449 3898 521 3949 Σὺ
546 3898 599 3951 δὲ
628 3900 756 3954 ὅταν
781 3904 1001 3968 ἀκούεις
1036 3908 1115 3959 ὅτι
1148 3909 1297 3962 ἔνδον
1343 3913 1403 3964 ἐν
1440 3912 1519 3982 τῷ
1558 3931 1736 3984 παρα·

152 3986 318 4055 δεῐσῳ
350 3988 443 4040 καὶ
469 3990 629 4058 μόνον
668 3994 786 4046 ἐστὶ
810 3996 872 4048 τὸ
898 3997 1054 4061 ξύλον
1083 4003 1181 4068 τῆς
1209 4000 1356 4071 ζωῆς
1384 4005 1413 4055 ό
1445 4005 1575 4068 Θεὸς
1598 4046 1613 4070 ,
1643 4009 1736 4060 καὶ

155 4079 543 4183 ἕτεένδονσὺν
562 4084 951 4183 αύτῷῥξμεινεν
976 4092 1009 4159 ἡ
1037 4092 1175 4162 γυνὴ
1200 4094 1371 4147 αὐτοῦ
1405 4098 1438 4166 ἡ
1470 4096 1733 4169 λεγομένη

154 4170 294 4238 ζωὴ,
346 4171 517 4236 γνῶθι
565 4174 808 4244 ἀκριϐῶς
856 4179 1047 4251 ὅτιπερ
1091 4184 1190 4235 ούκ
1235 4184 1383 4237 ἔστιν
1431 4187 1585 4251 ἐκτὸς
1635 4188 1736 4258 τῆς

167 4261 497 4333 Ἐκκλησίας
545 4266 707 4336 ἑτέρα
748 4286 832 4333 τις
879 4272 1062 4336 πίστις
1103 4276 1596 4346 μεταλαμϐάνουσα
1639 4281 1734 4333 τοῦ

1846 3103 2073 3165 Christi.
2099 3102 2290 3171 quisve
2316 3097 2609 3155 ineﬂ‘abilis
2640 3094 2865 3166 sanguis
2897 3091 3018 3161 ejus
3048 3090 3100 3143 in
3123 3104 3189 3143 ea
3221 3101 3409 3142 recon-

1846 3193 2013 3259 ditus,
2052 3192 2181 3246 illud
2219 3190 2443 3246 omnino
2483 3186 2823 3243 doctioribus
2856 3193 2910 3238 et
2950 3181 3299 3252 peritioribus
3330 3194 3422 3232 re»

1851 3285 2062 3353 linquo,
2095 3283 2229 3338 illud
2256 3282 2455 3352 quibus
2481 3296 2580 3351 par
2604 3288 2689 3335 est
2720 3276 2948 3332 omnino
2970 3272 3335 3336 tradentibus,
3365 3280 3422 3325 ct

1846 3377 1959 3430 hazc
2003 3375 2188 3429 omnia
2223 3389 2254 3426 a
2311 3372 2473 3427 nobis
2502 3372 2647 3426 dicta
2691 3375 2840 3430 sunt,
2887 3375 2947 3420 ut
2991 3363 3197 3433 liquido
3238 3369 3420 3430 pateat

1844 3467 2190 3522 audientibus
2230 3466 2434 3534 lignum
2501 3462 2647 3533 quod
2682 3460 2807 3513 vita:
2854 3457 3055 3513 dicitur
3091 3453 3225 3507 nihil
3272 3452 3416 3505 aliud

1844 3558 2013 3612 fuisse
2045 3572 2207 3625 quam
2241 3552 2721 3609 manducatiouem
2759 3548 2849 3602 Dei
2882 3557 2936 3601 et
2963 3546 3084 3615 ejus
3121 3542 3417 3597 adunatio-

1845 3660 1968 3700 nem
2022 3644 2076 3697 in
2135 3644 2360 3697 homine
2389 3656 2514 3696 eum
2552 3639 2958 3698 manducaute,
3008 3634 3238 3687 alterum
3288 3645 3419 3685 vero

1845 3738 2052 3806 lignum
2087 3744 2321 3789 mortem
2350 3733 2591 3803 pariens,
2624 3731 2759 3784 nihil
2793 3728 2939 3782 aliud
2982 3740 3149 3795 quam
3198 3721 3419 3792 opposi-

1845 3838 1958 3882 tam
1993 3827 2261 3896 serpentis
2286 3824 2606 3895 potentiam.
2651 3822 2843 3891 Tuque
2873 3819 3038 3887 igitur
3074 3832 3198 3872 cum
3228 3812 3419 3868 audies

1845 3922 2018 3977 solum
2052 3935 2175 3975 esse
2200 3920 2251 3973 in
2278 3918 2536 3988 paradiso
2573 3917 2779 3985 lignum
2821 3914 2944 3966 vita:
2980 3911 3169 3973 Deum,
3200 3923 3419 3977 unaque

1843 4028 1968 4068 cum
1998 4027 2064 4067 eo
2095 4009 2372 4064 mulierem
2409 4023 2533 4077 quae
2560 4008 2668 4060 vita
2692 4006 2891 4060 dicitur
2920 4000 3273 4062 remansisse,
3300 4014 3419 4053 ecr-

1846 4112 1901 4156 to
1935 4100 2078 4156 scias
2101 4110 2254 4153 extra
2287 4099 2583 4154 Ecclesiam
2616 4110 2726 4149 non
2754 4108 2880 4148 esse
2909 4092 3075 4146 aliam
3102 4090 3261 4144 Iidem
3290 4103 3414 4158 qua:

1846 4191 1939 4246 Dei
1980 4190 2249 4261 particeps
2290 4190 2380 4254 sit,
2411 4199 2465 4243 ct
2514 4187 2623 4244 cibi
2681 4186 2823 4255 ejus,
2867 4183 3035 4237 simul
3088 4183 3255 4236 etiam
3288 4195 3414 4233 eum

1846 4300 1952 4339 non
1979 4283 2180 4337 habere
2218 4282 2381 4334 vitam
2428 4288 2685 4334 aeternam
2718 4275 2811 4346 qui
2840 4290 2907 4330 ex
2936 4288 3003 4329 eo
3031 4288 3136 4328 non
3182 4271 3418 4325 mandu-

153 4350 291 4405 Θεοῦ
323 4355 420 4405 καὶ
446 4356 543 4425 τῆς
575 4356 833 4425 βρώσεως
867 4362 1034 4416 αὑτοῦ
1060 4381 1074 4395 ο
1108 4368 1203 4419 καὶ
1228 4368 1310 4420 ὄτι
1352 4370 1379 4421 6
1409 4371 1484 4438 μὴ
1512 4372 1576 4423 ἐκ
1605 4371 1730 4425 ταύ-

1840 4385 1928 4431 cat
1958 4385 2012 4430 et
2041 4374 2200 4440 bibit,
2236 4384 2295 4427 ut
2316 4373 2394 4427 ait
2424 4371 2658 4426 Verbum
2691 4387 2704 4423 :
2734 4378 2850 4424 tum
2878 4366 3116 4436 denique
3145 4377 3415 4433 nusquam

152 4460 254 4512 της
290 4445 526 4513 τρώγων
556 4450 650 4502 καὶ
679 4451 871 4517 πίνων,
891 4453 968 4517 ῶς
991 4458 1019 4507 6
1044 4454 1202 4525 λόγος
1243 4461 1429 4528 φησιν,
1470 4463 1573 4515 οὐκ
1621 4464 1734 4533 ἔχει

154 4533 303 4603 ζωὴν
330 4536 568 4603 αἰώνιον,
616 4542 708 4593 καὶ
758 4542 840 4594 ὅτι
889 4544 1131 4614 οὐδαμοῦ
1165 4550 1315 4602 ἐστιν
1349 4552 1381 4620 ή
1412 4549 1525 4622 ζωὴ
1566 4555 1659 4606 καὶ
1702 4556 1736 4624 ἠ

155 4625 309 4687 ζῶσα
345 4627 550 4693 πίστις.
583 4633 631 4685 εἰ
663 4632 737 4703 μὴ
781 4633 891 4689 ἔσω
919 4636 1055 4690 ὅπου
1094 4638 1164 4692 τὰ
1197 4640 1311 4704 ζῶα
1352 4644 1733 4714 ὲναπέμειναν,

157 4717 249 4821 καὶ.
294 4719 359 4821 ἰη-
377 4720 513 4790 γυνὴ
561 4723 595 4821 1:)
649 4720 762 4821 ςωῄ
810 4725 909 4778 σὺν
953 4727 1137 4791 αὐτοῖς
1169 4730 1396 4800 πλησίον
1434 4733 1530 4786 τοῦ
1580 4734 1737 4799 ξύλου

156 4811 248 4864 τοῦ
287 4811 494 4876 ζῶντος
530 4815 630 4882 τῆς
656 4816 824 4886 ζωῆς·
851 4821 980 4889 περὶ
1011 4817 1080 4893 ἦς
1108 4826 1367 4891 γυναικὸς
1409 4829 1502 4881 καὶ
1530 4830 1735 4901 γέγρα-

158 4918 289 5000 πται
315 4904 500 5000 πάλιν·
521 4905 803 5000 Ἀόάμ-δξ
828 4909 983 4978 ἔγνω
1014 4914 1185 4968 Εὔαν
1210 4918 1325 4983 τὴν
1356 4921 1611 4987 γυναῖκα
1633 4925 1737 4976 αὑ-

159 4993 298 5053 τοῦ,
344 4993 441 5045 καὶ
491 4995 893 5050 συλλαϐοῦσα
920 4999 1126 5055 ἔτεκεν
1171 5008 1343 5068 υἱόν,
1382 5010 1479 5062 καὶ
1520 5007 1690 5064 εἶπεν
1719 5028 1732 5041 ’

160 5080 557 5150 Ἐκτησάμην
597 5083 915 5154 ἄνθρωπον
936 5090 1033 5145 διὰ
1062 5095 1170 5149 τοῦ
1196 5099 1363 5163 Θεοῦ,
1394 5102 1465 5154 οὐ
1491 5102 1589 5156 διὰ
1624 5102 1734 5156 τοῦ

160 5172 373 5239 ὄφεως,
410 5174 471 5225 οὐ
503 5173 596 5227 διὰ
636 5176 731 5229 τοῦ
767 5178 946 5245 ξύλου,
994 5186 1054 5236 οὐ
1095 5185 1184 5239 διὰ
1220 5188 1319 5258 τῆς
1367 5190 1643 5261 βρώσεως,
1675 5195 1736 5246 ού

160 5265 247 5318 διὰ
263 5266 366 5334 τῆς
398 5268 704 5335 παρακοῆς,
738 5271 798 5322 ού
832 5272 919 5325 διὰ
946 5275 1045 5344 τῆς
1088 5278 1351 5348 κατάρας,
1379 5282 1498 5336 οὐδὲ
1524 5283 1611 5337 διὰ
1642 5285 1740 5352 τῆς

162 5354 329 5425 ἄλλης
346 5359 443 5427 τῆς
460 5358 678 5412 οἱασοῦν
702 5360 924 5429 εὐλόγου
943 5368 1036 5419 καὶ
1060 5368 1255 5437 ἀλόγου
1285 5374 1631 5441 προφάσεως,
1646 5377 1737 5428 καὶ

161 5446 353 5534 ὁμοίας
373 5448 649 5517 πράξεως·
666 5451 1114 5528 ἀλλ’ἐκτησάμην
1136 5459 1418 5531 ἄνθρωπον
1438 5464 1548 5530 ἐγὼ
1564 5468 1597 5534 ἡ
1617 5467 1735 5517 Ἐιι-

165 5533 359 5607 κλησία
383 5538 474 5592 διὰ
492 5537 586 5591 τοῦ
604 5539 761 5599 Θεοῦ.
780 5541 924 5595 τοῦτ’
944 5544 1057 5599 ἔστι
1077 5549 1331 5617 Χριστοῦ,
1352 5552 1473 5604 ὅθεν
1507 5555 1556 5604 οἱ
1585 5533 1732 5607 ἄλλοι

244 5767 271 5807 1
293 5756 456 5814 Joau.
486 5776 559 5826 VI,
580 5762 668 5831 54,
693 5766 781 5825 55.
864 5780 882 5807 ³
910 5772 1041 5827 ibid.
1068 5772 1156 5828 57.
1233 5789 1257 5815 υ
1297 5776 1431 5829 Gen.
1478 5792 1548 5843 tv,
1587 5776 1635 5841 1,
1662 5778 1715 5830 ‘3.

1844 4467 1969 4522 alibi
1997 4466 2160 4520 vitam
2193 4465 2456 4519 exsistere
2487 4472 2539 4517 ct
2567 4475 2748 4516 veram
2784 4461 3062 4513 viventem
3118 4455 3278 4510 tidem
3309 4453 3414 4506 nisi

1843 4561 2014 4624 intus,
2050 4558 2141 4611 ubi
2171 4556 2471 4611 animantia
2517 4560 2900 4608 remanserunt
2949 4560 3003 4603 et
3033 4563 3157 4602 eum
3190 4547 3273 4602 eis
3307 4545 3413 4598 vita

1846 4651 2065 4711 mulier,
2090 4648 2243 4717 juxta
2270 4647 2482 4717 lignum
2518 4645 2709 4700 vivens
2741 4646 2885 4698 vitm.
2939 4641 3014 4696 De
3051 4656 3159 4710 qua
3188 4638 3418 4695 muliere

1843 4746 1897 4793 et
1921 4738 2099 4791 adhuc
2134 4736 2400 4802 scriptum
2437 4743 2521 4788 est
2555 4751 2567 4787 :
2620 4733 2792 4786 Adam
2830 4748 2948 4785 vero
2992 4731 3231 4800 cognovit
3282 4743 3413 4781 uxo-

1848 4841 1956 4878 rem
1974 4839 2125 4877 suam
2158 4821 2346 4887 Evam,
2390 4839 2508 4890 qua:
2540 4823 2777 4889 concepit
2818 4831 2869 4875 et
2911 4822 3109 4889 peperit
3144 4819 3301 4881 Cain,
3332 4818 3417 4871 di-

1845 4932 1962 4969 cens
1991 4931 2008 4967 :
2043 4914 2263 4969 Possedi
2285 4915 2546 4967 hominem
2573 4928 2666 4982 per
2705 4912 3015 4977 Dominum,
3060 4929 3159 4965 non
3186 4928 3278 4980 per
3304 4928 3416 4964 ser-

1847 5020 2048 5077 pentem
2081 5020 2131 5072 ι,
2154 5023 2263 5061 non
2286 5023 2381 5076 per
2409 5008 2635 5077 lignum,
2657 5021 2766 5060 non
2802 5006 3413 5076 permanducationem,

1846 5115 1953 5155 non
2011 5114 2105 5168 per
2137 5098 2419 5164 delictum,
2455 5112 2562 5152 non
2595 5113 2693 5168 per
2739 5097 3206 5157 maledictionem,
3240 5112 3417 5167 neque

1848 5190 2064 5244 tandem
2116 5204 2210 5258 per
2243 5189 2407 5244 aliam
2442 5188 2748 5259 quamlibet
2787 5203 3010 5243 causam
3049 5187 3413 5254 sivejustam,

1846 5281 1960 5335 sive
2008 5279 2268 5347 injustam
2296 5319 2312 5345 ,
2360 5280 2444 5333 vel
2485 5279 2716 5333 similem
2758 5278 3052 5346 quamdam
3119 5280 3410 5339 actionem,

1846 5371 1938 5424 sed
1999 5370 2217 5440 possedi
2261 5370 2561 5433 hominem,
2621 5383 2725 5438 ego
2783 5367 3029 5422 Ecclesia
3089 5381 3182 5435 per
3220 5366 3410 5428 Deum,

1844 5478 2037 5532 nempe
2096 5462 2374 5516 Christum
2408 5505 2423 5528 ,
2483 5462 2628 5516 unde
2682 5461 2772 5515 alii
2823 5461 3149 5529 interpretes
3198 5460 3288 5527 qui
3322 5473 3412 5511 se-

1843 5555 1951 5608 cuti
1996 5562 2121 5606 sunt
2176 5551 2565 5621 Symmachum
2604 5550 2802 5605 eximie
2849 5549 2990 5605 hanc
3020 5562 3205 5601 vocem
3237 5545 3413 5599 reddi-
