4186 6442
824 417 955 483 1071

2021 422 2081 479 S.
2125 419 2517 478 ANASTASII
2545 419 2868 477 SlNAszli

3940 422 4081 484 1072

824 535 972 588 dere.
1004 533 1133 584 {\am
1165 548 1262 601 pro
1285 534 1491 603 possedi
1516 533 1778 586 hominem
1807 549 1897 599 per
1927 530 2228 597 Dominum,
2259 547 2397 587 unus

2501 534 2609 585 τῶν
2660 532 3009 602 έρμηνευτῶν
3068 535 3117 585 οί
3194 532 3322 603 περὶΙ
3396 531 3694 603 Σύμμαχον
3753 534 4081 605 θαυμασίως

821 626 1043 694 Scripsit
1075 629 1283 693 possedi
1305 629 1566 679 hominem
1604 645 1723 679 cum
1761 627 2004 691 Domino,
2062 628 2111 679 id
2138 638 2222 680 est
2248 666 2260 690 ,
2301 627 2394 678 Ιιο-

822 716 1020 768 minem
1049 718 1347 771 adunatum
1392 717 1645 781 Domino,
1675 735 1868 787 nempe
1905 717 2179 770 hominem
2216 718 2390 787 ipsmn

820 807 981 859 simul
1013 818 1067 861 et
1096 808 1286 861 Deum.
1319 808 1473 862 Alter
1501 825 1629 863 vero
1667 811 1955 877 interpres,
1978 808 2186 875 possedi
2224 809 2392 860 homi-

820 914 934 949 nem
965 898 1268 962 Dominum,
1304 901 1461 968 quasi
1506 902 1737 965 diceres,
1794 900 2072 954 hominem
2112 899 2304 963 Deum,
2335 910 2392 954 ut

819 998 873 1040 et
906 989 1145 1042 Thomas
1183 990 1322 1044 dixit
1358 992 1428 1054 ei,
1468 991 1685 1044 Domine
1715 992 1806 1053 mi,
1837 1002 1887 1044 et
1916 991 2053 1044 Deus
2083 993 2155 1043 mi
2188 992 2235 1045 ι».

2500 625 2832 676 ὲκδεδὼκασι
2859 625 2957 693 τὴν
2985 626 3244 695 τοιαύτην
3286 627 3490 694 φωνήν.
3542 627 3686 678 ’Λντὶ
3718 629 3827 697 γὰρ
3860 628 3959 679 τοῦ
3998 631 4081 680 εί-

2501 719 2645 766 πεῑν·
2678 717 3400 784 Ἐκτησάμηνᾰνθμωπον
3441 718 3538 769 διὰ
3570 718 3677 769 τοῦ
3716 720 3888 781 Θεοῦ,
3923 722 3953 772 ὸ
3983 720 4082 789 μὲν

2499 804 2671 859 εἶπενο
2704 808 3091 877 Ἐκτησάμην
3148 812 3463 878 ἄνθρωπον
3512 810 3634 863 σὺν
3686 814 3901 878 Κυιὶῳ,
3930 813 4081 864 τοῦτ’

2499 902 2645 954 ἐστιν
2714 903 2999 973 ἄνθρωπον
3056 906 3335 974 ἡνωμένον
3384 905 3463 973 τῷ
3528 906 3739 975 Κυρίῳ,
3785 906 3921 960 Θεὸν
3951 908 4079 959 ὄντα

2497 992 2636 1060 ὁμοῦ
2678 1010 2737 1044 τε
2790 994 2953 1049 αὐτὸν
3005 997 3100 1048 καὶ
3151 996 3455 1065 ἄνθρωπον.
3505 998 3562 1047 Ὅ
3592 997 3646 1048 δὲ
3687 999 3874 1067 ἔτερος
3915 1000 4079 1051 πάλιν

817 1077 929 1130 τῶν
978 1081 1351 1149 έρμηνευτῶν,
1395 1082 1771 1150 Ἐκτησιὶμην
1829 1083 2143 1150 ἄνθρωπον
2202 1084 2437 1149 Κύριον,
2479 1083 2737 1153 ἔγραψεν,
2772 1086 2861 1139 ἵνα
2917 1086 3077 1156 εἴπῃς
3134 1087 3425 1157 ἄνθρωπον
3469 1088 3601 1139 Θεὸν
3653 1088 3797 1141 καοὰ
3834 1090 3931 1140 καὶ
3962 1090 4081 1141 Θω-

823 1172 929 1240 μᾶς
958 1167 1079 1225 εἷπε
1131 1173 1271 1242 πρὸς
1324 1174 1508 1238 αὐτὸν,
1557 1175 1618 1225 '0
1658 1175 1870 1243 Κύριός
1895 1193 2031 1242 μου,
2061 1175 2159 1227 καὶ
2191 1178 2222 1228 ό
2254 1179 2398 1240 Θεός
2430 1194 2569 1244 μου.

895 1284 1182 1339 lleuedieta
1243 1294 1300 1339 tu
1358 1286 1413 1339 in
1452 1296 1729 1355 posterum
1773 1288 1910 1340 inter
1950 1287 2231 1350 mulieres,
2281 1287 2395 1341 sola

821 1376 952 1438 vita,
978 1386 1033 1429 et
1063 1377 1302 1444 genitrix
1325 1378 1471 1441 vitm,
1500 1388 1674 1431 mater
1703 1378 1963 1439 lidrlium,
1984 1377 2213 1430 illustris
2242 1378 2398 1429 lilzri-

821 1467 893 1519 sti
931 1474 1099 1517 mater
1126 1464 1396 1531 Ecclesia,
1444 1468 1647 1534 conqu
1677 1467 1979 1535 spiritualis
2026 1467 2155 1522 Atia:
2190 1465 2311 1529 Dei,
2346 1477 2399 1520 et

824 1554 1145 1608 benedictus
1174 1556 1387 1609 fructus
1420 1557 1627 1609 ventris
1656 1558 1754 1617 tui,
1791 1557 2082 1609 multitudo
2115 1557 2395 1608 nationum

2569 1286 2923 1356 Εὐλογημένη
2947 1287 3135 1339 λοιπὸν
3166 1290 3229 1341 σύ
3260 1288 3318 1340 ἐν
3344 1289 3618 1354 γυναιξὶν,
3649 1290 3785 1358 μόνη
3820 1289 3959 1359 ζωὴ,
3984 1291 4078 1341 καὶ

2497 1378 2772 1448 ζωητόκος
2812 1381 2997 1449 μήτηρ
3026 1382 3133 1433 τῶν
3172 1381 3401 1444 πιστῶν,
3430 1382 3706 1448 πολύφατε
3739 1384 3919 1451 μῆτερ
3949 1384 4079 1451 Χρι-

2499 1470 2625 1523 στοῦ
2660 1471 2977 1539 Ἐκκλησία,
3009 1474 3041 1540 ἡ
3076 1470 3311 1539 σύζυγος
3339 1472 3432 1525 τοῦ
3478 1473 3854 1542 πνευματικοῦ
3905 1475 4077 1541 Ἀδὰμ

2495 1560 2589 1613 τοῦ
2608 1560 2744 1613 Θεοῦ
2768 1576 2781 1588 ·
2810 1561 2904 1613 καὶ
2930 1561 3296 1630 εὐλογημένος
3327 1564 3355 1615 ὁ
3377 1562 3588 1632 καρπὸς
3605 1561 3701 1631 τῆς
3729 1562 3941 1623 κοιλίας
3962 1578 4075 1626 σου,

824 1646 1145 1709 viventium,
1192 1656 1246 1699 tu
1282 1647 1428 1700 enim
1465 1648 1585 1701 sola
1626 1647 1923 1715 possedisti
1981 1647 2257 1699 hominem
2305 1662 2396 1714 per

2499 1653 2524 1702 ὁ
2553 1652 2681 1715 λαὸς
2714 1652 2823 1705 τῶν
2862 1652 3079 1716 ζώντων
3132 1653 3302 1705 ὲονῶν
3334 1670 3346 1682 ·
3379 1656 3443 1706 σὺ
3492 1654 3599 1721 γὰρ
3656 1654 3751 1705 καὶ
3807 1654 3948 1723 μόνη
3983 1656 4075 1705 ἐκ·

826 1734 1021 1799 Deum,
1054 1752 1247 1805 nempe
1278 1737 1517 1790 Verbum
1567 1738 1685 1790 sine
1732 1738 1961 1799 semine,
1998 1752 2093 1806 per
2126 1752 2184 1790 se
2221 1737 2399 1791 subsi-

824 1836 995 1891 stens,
1019 1829 1238 1895 quando
1265 1830 1522 1894 cognovit
1549 1829 1827 1881 mulierem
1854 1842 2033 1889 suam,
2062 1843 2224 1897 quam
2250 1828 2400 1896 prius

830 1920 1075 1972 condidit
1115 1921 1227 1989 (5‘2)
1271 1921 1424 1986 quasi
1476 1922 1714 1987 ignotam
1759 1921 1862 1973 sibi
1921 1929 1975 1973 et
2012 1936 2132 1973 sese
2188 1920 2241 1972 in
2275 1936 2397 1973 cum

826 2010 1050 2065 minimc
1104 2022 1539 2066 Convertcntem.
1571 2012 1652 2065 Tu
1689 2024 1840 2066 costa
1872 2022 1924 2065 et
1959 2027 2083 2079 pars
2125 2011 2253 2063 Aula:
2283 2011 2396 2071 Dei.

824 2118 949 2155 cum
981 2104 1238 2172 quaelibet
1271 2103 1377 2157 alia
1402 2104 1535 2159 lides
1566 2106 1633 2157 ab
1666 2118 1733 2157 c0
1762 2113 2020 2158 extranea
2065 2103 2134 2157 sit
2166 2112 2219 2155 et
2247 2118 2398 2171 pere-

828 2195 1009 2264 grina.
1044 2196 1120 2250 Te
1166 2198 1457 2251 aediﬁcavit
1497 2199 1598 2251 sibi
1644 2198 1697 2250 in
1741 2198 1964 2251 domum
2001 2206 2055 2251 et
2094 2198 2397 2263 mulierem,

825 2288 1058 2356 reliquis
1109 2288 1369 2342 omnibus
1405 2288 1732 2342 mulieribus
1771 2289 1867 2340 tibi
1907 2290 2269 2343 dissimilibus
2307 2306 2395 2343 ec-

825 2377 1029 2442 clesiis,
1062 2394 1185 2446 qua:
1234 2381 1289 2433 in
1328 2380 1463 2433 orbe
1511 2389 1658 2444 sunt,
1694 2379 1927 2442 relictis,
1968 2379 2022 2432 in
2074 2395 2259 2433 errore
2286 2396 2400 2433 ma-

825 2469 1102 2523 nentibus.
1135 2469 1217 2523 Tu
1247 2472 1362 2525 sola
1409 2486 1471 2524 os
1513 2487 1579 2525 ex
1615 2472 1834 2525 ossibus
1878 2472 2067 2527 solida:
2097 2473 2401 2527 divinitatis

823 2560 969 2629 ejus,
1007 2570 1063 2615 ct
1093 2576 1224 2615 caro
1248 2577 1314 2616 ex
1349 2576 1514 2616 carne
1546 2563 1904 2617 humanitatis
1933 2564 2052 2631 ejus
2084 2564 2137 2617 in
2168 2580 2274 2633 qua
2306 2565 2403 2617 ab-

826 2653 1042 2707 scondit
1084 2654 1423 2708 divinitatem
1450 2670 1605 2707 suam
1640 2654 2116 2717 ineomminutam,
2138 2668 2202 2707 os
2250 2655 2394 2707 enim

826 2763 935 2802 non
969 2749 1377 2802 comminuetur
1402 2763 1467 2801 cx
1499 2763 1586 2800 co.
1637 2748 1719 2800 Tu
1755 2746 1871 2800 sola
1902 2762 1932 2799 a
1966 2746 2085 2800 viro
2118 2757 2211 2799 tuo
2248 2761 2402 2800 accc-

827 2846 917 2904 pta
934 2836 1003 2889 ab
1025 2852 1090 2889 eo
1107 2835 1408 2903 concepisti
1430 2843 1484 2888 et
1514 2835 1798 2903 peperisti,
1818 2834 2076 2901 nullaque
2098 2835 2222 2895 alia,
2242 2834 2399 2903 quasi

825 2928 1010 2980 omnia
1042 2928 1146 2979 alia
1171 2926 1427 2995 quzelibet
1456 2928 1593 2980 lides
1622 2940 1688 2979 ex
1722 2926 1841 2979 viro
1869 2940 1971 2979 suo
2000 2934 2252 2993 serpente
2274 2940 2402 2978 cun-

2498 1747 2651 1813 τήσω
2681 1744 2967 1813 ἄνθρωπον
2995 1746 3233 1814 ἄσπορον
3262 1746 3351 1797 διὰ
3392 1746 3487 1796 τοῦ
3532 1746 3689 1809 Θεοῦ,
3714 1746 3909 1812 Λόγον,
3948 1746 4077 1797 ὐπο-

2502 1833 2698 1885 στάντα
2758 1832 2825 1884 δι’
2853 1834 3051 1886 ἑαυτοῦ
3079 1874 3093 1897 ,
3132 1834 3297 1904 ἡνίκα
3346 1834 3550 1901 έγνωσε
3587 1836 3684 1903 τὴν
3710 1838 3953 1902 γυναῖκα
3982 1837 4075 1887 αὐ-

2499 1923 2593 1977 τοῦ
2621 1924 2687 1993 ἣν
2717 1924 2779 1976 τὸ
2805 1926 2934 1990 πρὶν
2964 1925 3177 1978 ἔκτισεν
3206 1926 3280 1988 ῶς
3322 1925 3623 1992 ἁγνοοῦσαν
3658 1928 3751 1979 καὶ
3773 1926 3929 1979 οὔπω
3959 1930 4077 1978 ἐπι-

2501 2017 2841 2085 στρέφουσαν
2874 2017 3011 2086 πρὸς
3042 2018 3224 2070 αὐτόν.
3258 2020 3329 2072 Σὺ
3380 2018 3615 2091 πλευρὰ,
3645 2021 3741 2072 καὶ
3783 2019 3955 2089 μέρος
3984 2019 4074 2071 τοῦ

2512 2106 2681 2175 Ἀδὰμ
2708 2107 2863 2171 Θεοῦ,
2892 2106 3000 2159 τῶν
3021 2108 3227 2161 λοιπῶν
3260 2110 3452 2163 πασῶν
3482 2111 3738 2173 πίστεων,
3771 2109 3945 2172 ξένων
3984 2110 4075 2161 αὐ-

2498 2196 2592 2249 τοῦ
2627 2200 2722 2251 καὶ
2752 2199 3067 2267 ἀλλοφύλων
3114 2199 3291 2253 οὐσῶν
3344 2202 3403 2253 σὲ
3431 2201 3785 2271 ᾠκοδόμησεν
3846 2202 3926 2262 εἰς
3957 2202 4077 2253 sau-

2498 2289 2593 2341 τοῦ
2647 2285 2795 2342 οἷκον
2854 2292 2950 2344 καὶ
3006 2294 3237 2359 γυναῖκα
3290 2291 3399 2344 τῶν
3424 2293 3629 2345 λοιπῶν
3666 2292 3944 2359 γυναικῶν
3971 2292 4077 2343 τῶν

2500 2379 2841 2450 Ἐκκλησιῶν
2868 2381 2976 2433 τῶν
3002 2383 3061 2435 ὲν
3102 2384 3291 2451 κόσμῳ
3331 2382 3441 2435 τῶν
3477 2381 3552 2452 μὴ
3598 2382 3860 2435 τοιούτων
3906 2400 4077 2435 κατα-

2500 2470 2867 2540 λελειμμένων
2925 2474 3197 2541 μεινασῶν
3252 2477 3320 2544 τῇ
3375 2472 3573 2543 πλάνῃ.
3653 2473 3726 2526 Σῦ
3786 2472 3881 2525 καὶ
3939 2473 4076 2539 μόνη

2501 2563 2691 2615 ὀστοῦν
2724 2565 2789 2614 ὲκ
2816 2564 2924 2615 τῶν
2950 2564 3153 2616 ὀστέων
3180 2564 3281 2633 τῆς
3313 2566 3549 2634 στερρᾶς
3580 2563 3841 2635 Θεότητος
3886 2566 4074 2627 αὑτοῦ,

2508 2652 2600 2702 καὶ
2629 2650 2765 2720 σὰρξ
2794 2652 2857 2703 ὲκ
2877 2652 2973 2720 τῆς
3010 2651 3213 2721 σαρκὸς
3238 2652 3338 2720 τῆς
3371 2653 3793 2721 ἀνθρωπότητος
3821 2652 3989 2707 αὑτοῦ
4020 2657 4077 2705 ἐν

2502 2736 2536 2812 ᾖ
2566 2740 2768 2809 ἔκρυψε
2795 2741 2893 2810 τὴν
2931 2742 3163 2811 θεότητα
3180 2740 3348 2794 αὐτοῦ
3376 2742 3741 2812 ἁσύντριπτον
3760 2760 3773 2773 ·
3796 2743 3856 2796 τὸ
3884 2745 4075 2796 ὀστοῦν

2501 2833 2610 2903 γὰρ
2640 2834 2804 2885 αὑτοῦ
2835 2834 2894 2885 οὐ
2934 2835 3381 2905 συντριϐήσεται.
3414 2837 3487 2889 Σὺ
3524 2838 3621 2890 καὶ
3670 2839 3806 2909 μόνη
3870 2839 3938 2891 ὲκ
3980 2838 4073 2890 τοῦ

2503 2922 2697 2991 ἀνδρὸς
2732 2940 2828 2974 σου
2864 2923 3130 2993 ἐλήφθης,
3167 2926 3263 2977 καὶ
3314 2926 3604 2990 συνέλαϐες
3635 2928 3731 2981 καὶ
3781 2927 3973 2992 ἔτεκες
4020 2928 4075 2993 ἐξ

826 3017 995 3085 cipiat
1039 3027 1201 3086 atque
1252 3015 1445 3085 pariat.
1492 3014 1592 3067 Tui
1633 3029 1823 3068 amore
1872 3024 2157 3085 correptus
2194 3024 2403 3069 amator

2504 3013 2692 3077 αὐτοῦ,
2716 3013 2812 3065 καὶ
2842 3012 2976 3083 ἄλλη
3007 3011 3254 3083 οὐδεμία,
3272 3016 3348 3079 ὼς
3375 3016 3484 3069 τῶν
3514 3019 3749 3070 πίστεων
3770 3019 3834 3071 ἐκ
3856 3018 3952 3070 τοῦ
3982 3019 4075 3070 ἀν-

829 3116 955 3160 tuus
978 3108 1241 3161 bellaccm
1282 3106 1593 3160 Judmorum
1638 3106 1923 3174 pepulum,
1966 3114 2021 3159 et
2056 3120 2247 3159 eorum
2282 3122 2399 3159 ma-

826 3206 965 3252 trem
1022 3198 1328 3253 adulteram
1362 3212 1677 3267 synagogeu
1727 3196 1946 3265 reliquit
1977 3196 2184 3265 tibique
2222 3196 2403 3250 adhae-

827 3290 921 3353 sit.
958 3300 1013 3343 et
1041 3290 1418 3359 agglutinatus
1445 3297 1529 3344 est
1562 3287 1781 3341 mulieri
1817 3302 1932 3341 sua:
1962 3288 2192 3340 omnino
2216 3286 2399 3341 incor-

828 3390 1025 3450 ruptae,
1073 3382 1318 3451 factique
1347 3382 1483 3437 estis
1547 3380 1601 3434 in
1649 3394 1815 3434 unam
1850 3394 2095 3443 carnem,
2146 3380 2201 3433 in
2235 3396 2402 3434 unum

829 3487 1054 3541 corpus.
1110 3473 1163 3526 in
1196 3487 1366 3526 unum
1406 3481 1659 3527 sanctum
1696 3486 1921 3541 corpus,
1966 3472 2018 3525 in
2048 3488 2215 3525 unum
2248 3471 2406 3525 Chri-

830 3571 1000 3627 stum,
1042 3561 1096 3616 in
1134 3578 1298 3616 unam
1330 3562 1515 3627 ﬁdem,
1551 3562 1606 3615 in
1647 3577 1818 3616 unum
1866 3577 2108 3632 gregem,
2142 3562 2197 3615 in
2236 3578 2403 3616 unum

832 3660 1127 3718 pastorem,
1185 3651 1410 3720 reliquis
1458 3650 1720 3704 omnibus
1771 3650 2028 3721 gregibus
2081 3659 2136 3703 ct
2192 3649 2407 3718 populis

833 3744 1037 3798 multos
1065 3756 1316 3813 pastores
1345 3754 1398 3798 et
1421 3743 1754 3811 impostores
1788 3742 2137 3796 habentibus.
2166 3739 2243 3795 Te
2264 3740 2410 3795 Deus

834 3846 1019 3905 utpote
1036 3845 1317 3891 venustam
1341 3836 1407 3889 ad
1428 3834 1623 3887 Filium
1657 3849 1818 3888 suum
1841 3834 2125 3886 mulierem
2155 3831 2407 3893 adduxit,

832 3943 955 3981 cum
992 3928 1214 3997 reliqua:
1245 3944 1437 3982 omnes
1480 3928 1760 3991 mulieres,
1800 3928 1959 3997 quasi
1994 3927 2311 3981 meretrices
2354 3934 2408 3979 et

833 4017 1111 4082 adulter-ar,
1164 4016 1311 4070 l'oras
1338 4026 1603 4086 vagentur
1640 4026 1696 4071 et
1736 4017 2115 4085 inquinentur.
2147 4014 2265 4067 Tibi
2303 4015 2408 4069 soli

832 4108 1228 4177 evangelizavit
1264 4108 1473 4173 dicens,
1518 4119 1570 4163 te
1609 4109 1675 4162 ad
1712 4109 1889 4162 virum
1939 4118 2091 4161 tuum
2126 4107 2407 4161 Christum

834 4211 1159 4250 conversum
1206 4197 1303 4264 iri;
1351 4200 1510 4268 quasi
1562 4200 1791 4269 reliqua:
1830 4212 2121 4267 synagoga:
2152 4211 2276 4249 eum
2309 4196 2411 4249 mi-

837 4287 981 4340 nime
1029 4288 1326 4356 respiciant
1369 4298 1423 4342 et
1466 4289 1532 4342 ad
1562 4304 1688 4343 eum
1739 4288 1965 4341 minime
2000 4294 2405 4340 convertantur.

834 4378 1013 4442 Quare
1030 4378 1306 4432 benedicta
1326 4380 1521 4431 iterum
1548 4380 1689 4432 inter
1714 4378 1971 4433 mulieres
1994 4387 2047 4431 tu
2064 4377 2203 4441 sola,
2219 4393 2251 4429 υ
2269 4376 2407 4429 mul-
2438 4347 2485 4406 θ

835 4469 905 4522 tis
956 4470 1176 4523 coronis
1212 4471 1483 4536 redimita,
1516 4473 1721 4525 multos
1775 4472 1915 4525 lilios
1961 4472 2121 4523 eiiixa
2149 4478 2203 4523 ct
2235 4469 2405 4521 multa

837 4561 957 4615 lucc
990 4561 1201 4630 lulgcus
1229 4561 1470 4617 Ecclesia
1498 4563 1588 4617 Dei
1616 4563 1843 4625 Christi,
1876 4572 1932 4616 tu
1965 4562 2080 4616 sola
2118 4562 2258 4614 inter
2278 4577 2402 4612 mu-

838 4651 997 4705 lieres
1022 4652 1327 4716 benedicta.
1364 4655 1512 4707 nulla
1545 4655 1670 4718 alia,
1707 4663 1763 4707 tu
1794 4654 1939 4707 enim
1970 4654 2084 4707 sola
2116 4668 2144 4705 a
2175 4652 2404 4705 Domino

837 4754 933 4797 tuo
983 4743 1305 4807 dominaris,
1340 4746 1562 4813 reliquis
1592 4746 1816 4798 omnino
1848 4744 2063 4814 pupulis
2095 4745 2196 4797 suh
2230 4743 2402 4811 impe-

841 4833 925 4887 rio
968 4833 1226 4887 draconis
1268 4837 1637 4889 manentibus.
1670 4834 1749 4888 Tu
1792 4835 1966 4889 hostis
2001 4844 2054 4887 ct
2102 4850 2409 4903 propugna-

841 4926 941 4977 trix
974 4926 1089 4991 (55)
1124 4927 1346 4990 invicta,
1381 4935 1435 4980 et
1464 4927 1794 4981 interlectrix
1829 4927 2117 4996 serpentis,
2155 4942 2279 4980 cum
2322 4943 2408 4978 re-

843 5016 988 5084 liqua
1033 5018 1241 5084 qumvis
1270 5018 1374 5071 alia
1411 5019 1543 5073 lidcs
1593 5020 1642 5072 ei
1686 5019 1859 5073 amica
1898 5020 1967 5072 sit
1998 5019 2212 5087 pmpria
2243 5026 2296 5071 et
2323 5019 2409 5069 cli-

844 5110 1001 5161 lecta.
1032 5108 1108 5162 Te
1140 5109 1313 5163 solam
1358 5111 1522 5163 vitam
1572 5112 1787 5165 vocavit
1817 5111 1981 5163 vitam
2010 5110 2267 5163 ferentem
2304 5123 2412 5161 ma-

844 5212 981 5255 trem
1020 5210 1268 5256 nostrum
1326 5204 1573 5259 omnium
1627 5220 1721 5273 per
1772 5216 1825 5257 te
1867 5204 2203 5263 viventium,
2256 5203 2411 5271 quasi

921 5336 947 5374 ιι
980 5333 1139 5390 Joan.
1172 5350 1263 5400 xx,
1289 5335 1379 5389 9.8.

2503 3102 2627 3171 δρὸς
2661 3102 2841 3154 αὐτῶν
2867 3103 3042 3170 ὄφεως
3072 3104 3567 3175 συλλαμϐανουσῶν
3606 3108 3702 3159 καὶ
3746 3108 4070 3159 τικτουσῶν.

2505 3194 2608 3247 Σοῦ
2646 3195 2898 3264 ἐρασθεὶς
2928 3196 2957 3246 ὁ
2987 3195 3077 3257 σὸς
3131 3195 3369 3265 ἐραστὴς
3412 3197 3620 3266 Ἰησοῦς
3680 3198 3945 3250 κατέλιπε
3985 3197 4073 3249 τὸν

2506 3286 2769 3354 πολέμιον
2792 3286 2921 3338 λαὸν
2968 3286 3261 3352 Ἰουδαίων,
3296 3289 3389 3339 καὶ
3418 3288 3517 3357 τὴν
3552 3288 3838 3357 μοιχαλίδα
3865 3290 4075 3359 μητέρα

2506 3373 2674 3426 αὐτοῦ
2709 3373 3042 3442 Συναγωγὴν
3064 3415 3079 3439 ,
3109 3374 3202 3426 καὶ
3257 3374 3394 3444 πρὸς
3420 3375 3480 3427 σὲ
3526 3374 3815 3445 ἐκολλήθη,
3848 3376 3985 3443 πρὸς
4018 3375 4073 3426 σὲ

2505 3465 2605 3533 τὴν
2636 3464 2981 3533 πανάφοορον
3008 3468 3245 3531 γυναῖκα
3278 3463 3469 3527 αὐτοῦ,
3495 3464 3588 3516 καὶ
3618 3464 3880 3532 γεγόνατε
3913 3466 3964 3516 oi
3988 3464 4077 3516 δύο

2507 3557 2587 3616 είς
2616 3556 2795 3624 σάρκα
2825 3553 2978 3623 μίαν,
3014 3555 3095 3617 είς
3132 3554 3311 3623 ψυχὴν
3338 3552 3487 3623 μίαν,
3522 3556 3604 3615 εἰς
3664 3552 3893 3623 καρδίαν
3928 3554 4074 3622 μίαν,

2508 3648 2585 3710 είς
2615 3647 2673 3698 ἓν
2707 3647 2866 3716 σῶμα
2897 3690 2911 3712 ,
2939 3650 3020 3709 είς
3077 3646 3135 3697 ἓν
3163 3646 3322 3713 ἆγιον
3372 3645 3551 3715 σῶμα,
3583 3648 3663 3708 είς
3694 3646 3789 3697 ἕνα
3822 3644 4075 3715 Χριστὸν.

2508 3739 2588 3800 είς
2623 3739 2753 3804 μίαν
2782 3738 2988 3801 πίστιν,
3007 3738 3086 3801 είς
3129 3738 3258 3806 μίαν
3294 3736 3551 3805 ποίμνην,
3577 3738 3657 3798 είς
3690 3736 3786 3789 ἕνα
3808 3736 4072 3806 ποιμένα·

2508 3831 2617 3882 τῶν
2646 3830 2851 3882 λοιπῶν
2879 3828 3067 3881 πασῶν
3116 3827 3329 3894 ἀγελῶν
3359 3827 3452 3880 καὶ
3499 3826 3645 3880 λαῶν
3690 3828 3922 3891 πολλοὺς
3961 3844 4075 3879 ποι-

2512 3924 2679 3991 μένας
2708 3920 2804 3972 καὶ
2857 3920 3095 3981 πλάνους
3150 3920 3381 3988 ἑχόντων
3412 3960 3427 3983 ,
3480 3920 3685 3989 ἢγαγεν
3731 3920 3759 3970 ὁ
3814 3918 3951 3981 Θεὸς
4004 3920 4075 3981 ὡς

2509 4007 2718 4077 ὡραίαν
2749 4006 2885 4075 πρὸς
2916 4006 3007 4058 τὸν
3051 4006 3171 4058 Γίὸν
3226 4005 3390 4058 αὐτοῦ
3423 4007 3502 4066 είς
3532 4008 3767 4069 γυναῖκα
3789 4045 3803 4068 ,
3834 4007 3946 4060 τῶν
3975 4009 4078 4059 λοι-

2511 4100 2629 4152 πῶν
2665 4098 2852 4151 πασῶν
2882 4098 3159 4165 γυναικῶν
3188 4098 3263 4160 ὡς
3290 4097 3575 4166 πορνάδων
3610 4098 3704 4149 καὶ
3759 4099 4075 4167 μοιχαλίδων

2511 4190 2617 4254 ἔξω
2658 4190 3011 4259 ρεμϐομένων
3034 4192 3133 4243 καὶ
3152 4189 3551 4258 μολυνομένων.
3581 4188 3671 4241 Σοὶ
3701 4191 3796 4242 καὶ
3829 4191 3966 4261 μόνῃ
3988 4191 4074 4243 su-

2511 4281 2863 4351 ηγγελίσατο,
2898 4282 3072 4348 λέγων
3094 4282 3175 4333 ὅτι
3210 4280 3344 4349 πρὸς
3376 4282 3468 4331 τὸν
3506 4280 3677 4349 ἄνδρα
3716 4296 3809 4332 σου
3848 4282 4074 4351 Χριστὸν

2516 4371 2674 4425 ἔσται
2700 4374 2732 4442 ἡ
2766 4373 3086 4442 ἀποστροφή
3125 4388 3241 4435 σου,
3270 4370 3346 4432 ὡς
3372 4372 3479 4422 τῶν
3506 4369 3711 4422 λοιπῶν
3743 4373 4073 4439 συναγωγῶν

2521 4466 2598 4535 μὴ
2625 4464 3069 4535 ὲπιστρεφουσῶν
3093 4481 3225 4516 ποτε
3250 4462 3385 4531 πρὸς
3412 4461 3567 4526 Θεὸν,
3595 4462 3674 4515 διὸ
3718 4463 4072 4533 εὐλογημένη,

2519 4558 2683 4612 πάλιν
2718 4557 2885 4624 λέγω,
2912 4557 2976 4608 σὺ
2997 4558 3057 4609 ὲν
3081 4554 3319 4622 γυναιξὶ,
3353 4555 3418 4607 σὺ
3447 4554 3606 4623 μόνη,
3633 4548 3677 4606 ὦ
3710 4554 4071 4623 πολυστέφανε

2518 4652 2616 4703 καὶ
2645 4648 2939 4701 πολύτεκνε
2992 4646 3087 4699 καὶ
3121 4645 3405 4714 πολύφωτε
3446 4644 3581 4697 Θεοῦ
3619 4644 3913 4715 Ἐκκλησία
3942 4647 4069 4714 Χρι-

2519 4740 2673 4804 στοῦ,
2712 4742 2777 4792 σὺ
2810 4739 2947 4809 μόνη
2976 4737 3319 4805 εὐλογημένη
3343 4736 3401 4787 ὲν
3425 4734 3679 4802 γυναιξί·
3713 4736 3747 4804 ἡ
3771 4734 3907 4806 ἄλλη
3933 4736 4069 4787 οὐδε-

2520 4833 2619 4903 μία
2645 4848 2659 4863 '
2695 4832 2775 4884 ὅτι
2803 4832 2868 4882 σὺ
2911 4830 3044 4899 μόνη
3075 4828 3180 4881 ὑπὸ
3210 4827 3415 4897 Κυρίου
3439 4826 3548 4879 τῶν
3574 4826 3800 4896 Κυρίων
3827 4826 4067 4898 ὲκυριεὺ-

2516 4923 2652 4992 οης,
2688 4922 2909 4975 πάντων
2960 4919 3068 4972 τῶν
3112 4918 3287 4972 ἄλλων
3340 4917 3485 4969 λαῶν
3533 4918 3639 4969 ὑπὸ
3666 4916 3760 4969 τοῦ
3791 4918 4069 4985 δράκοντος

2517 5012 2943 5086 κυριευομένων.
2984 5010 3055 5064 Σὺ
3085 5006 3135 5062 εἷ
3161 5009 3330 5079 ἐχθρὰ
3350 5009 3442 5060 καὶ
3481 5007 3625 5077 μάχη
3660 5007 3762 5073 τῆς
3792 5007 4067 5073 ἀκαταγώ-

2519 5119 2697 5165 νιστος
2724 5103 2821 5156 καὶ
2858 5100 3151 5171 ἀναιρέτης
3174 5097 3269 5151 τοῦ
3295 5098 3492 5167 ὄφεως,
3531 5095 3722 5150 πασῶν
3758 5097 3871 5150 τῶν
3904 5095 4066 5149 ἄλλων

2519 5199 2758 5248 πίστεων
2786 5194 2955 5263 φίλων
2980 5194 3073 5247 καὶ
3096 5193 3244 5247 ἰδίων
3272 5191 3367 5245 καὶ⁸
3390 5188 3692 5259 ἀγαπητῶν
3714 5189 3867 5261 αὐτῷ
3882 5189 4062 5247 οὐσῶν,

2348 5471 2577 5526 ΝΟΤίΕ.

917 5676 1031 5742 (32)
1068 5677 1237 5739 Quam
1254 5678 1398 5743 prius
1429 5678 1682 5731 condidit.
1717 5676 1791 5732 lta
1824 5679 1969 5732 hunc
2000 5678 2177 5732 locum
2203 5679 2409 5731 correxi

853 5749 945 5811 qui
973 5748 1051 5800 sic
1092 5748 1142 5799 in
1175 5763 1277 5800 ms.
1304 5746 1369 5815 ἦν
1397 5749 1457 5799 τὸ
1492 5749 1620 5816 πρὶν
1663 5750 1694 5816 ἡ
1721 5749 1897 5809 κτίσις
1933 5748 2007 5809 ὡς
2076 5748 2372 5813 ἁγνοοῦσαν
2396 5767 2408 5779 ·

857 5816 995 5870 unde
1021 5827 1166 5871 certe
1199 5817 1273 5870 nil
1299 5817 1421 5872 elici
1451 5832 1687 5887 unquam
1713 5827 1887 5886 potest
1916 5837 1926 5869 :
1963 5819 2079 5887 lego
2113 5818 2179 5887 ἥν
2204 5818 2265 5869 τὸ
2286 5820 2413 5886 πρὶν

2520 5678 2754 5736 ἔκτισεν,
2780 5688 2885 5731 etc.
3990 5736 3998 5745 ,

2590 5748 2702 5815 (33)
2735 5746 2797 5799 Et
2828 5746 3229 5815 propugnatrix.
3252 5742 3413 5800 Ftede
3441 5741 3543 5800 Ms.
3582 5741 3733 5813 μάχη
3760 5738 3890 5809 τῆςο
3916 5748 4059 5792 unica

2520 5832 2653 5872 voce
2680 5817 2969 5886 legendum
3000 5818 3270 5885 μαχητής.
