4186 6442
188 453 333 516 1073

1264 435 1343 492 IN
1382 426 1905 493 llEXAEMERON
1947 428 2093 488 LIB.
2137 427 2276 489 XII.

3309 420 3443 484 10⁸14

189 568 249 618 σὲ
276 564 373 615 καὶ
411 558 579 629 μόνην
604 554 751 624 ζωὴν
783 550 1089 620 ζωηφόρον,
1117 550 1334 617 μητέρα
1360 549 1578 598 πάντων
1606 542 1762 614 ἡμῶν

1881 540 2078 608 reliqua
2104 539 2313 608 quaevis
2342 537 2451 593 alia
2486 537 2621 594 ﬁdes
2655 538 2708 591 in
2760 545 2983 605 peccato
3018 545 3232 589 mortua
3270 546 3327 590 et
3356 552 3445 590 se-

186 652 301 704 τῶν
331 651 421 702 διὰ.
456 644 550 698 σοῦ
578 644 798 707 ζώντων
822 641 1132 708 ὠνόμασεν,
1173 638 1248 698 ὡς
1280 637 1390 687 τῶν
1430 633 1634 686 λοιπῶν
1681 632 1771 684 πί-

189 758 366 794 στεων
394 736 628 805 νεκρῶν,
673 729 1138 799 τεθανατωμένων
1180 729 1246 795 τῇ
1288 725 1551 795 ἁμαρτίᾳ.
1584 722 1771 785 Οὕτως

191 836 287 887 καὶ
324 832 383 883 σὲ
418 831 589 898 μόνην
617 824 833 877 ἐνέδυσε
865 824 958 874 καὶ
987 820 1283 887 ἐκοίμησεν
1301 819 1373 879 ώς
1399 817 1607 869 οἰκείαν
1638 814 1770 883 νύμ-

192 940 337 993 φην·
366 922 468 983 τὰς
512 921 567 972 δὲ
605 916 799 977 λοιπὰς
860 911 1129 982 ρεμδάζει
1184 908 1505 976 συναγωγὰς
1557 906 1772 974 γυμνὰς

192 1019 291 1068 καὶ
318 1010 807 1085 ἀπερικαλύπτους
849 1004 944 1058 καὶ
988 1004 1306 1071 ἀσχήμονας
1363 999 1463 1067 τῆς
1514 998 1769 1067 οὐρανίου

193 1109 409 1175 σκέπης
445 1102 731 1163 κατέλιπε,
770 1100 843 1168 μὴ
901 1093 1325 1166 προσφυγούσας
1361 1092 1466 1145 ὑπὸ
1502 1094 1601 1159 τὴν
1639 1090 1767 1143 σκέ-

194 1217 305 1267 πην
338 1197 451 1250 τῶν
477 1193 770 1263 πτερύγων
802 1207 919 1254 σου,
948 1189 1041 1240 καὶ
1068 1188 1256 1256 μόνης,
1282 1178 1328 1236 ὧ
1350 1183 1690 1253 πανάφθορε,
1710 1182 1771 1234 τὸ

192 1291 499 1359 θεόαπορον
526 1285 622 1338 τοῦ
652 1283 811 1348 λόγου
840 1280 1082 1348 σπέρμα,
1112 1276 1382 1329 ἀντίδικον
1420 1276 1515 1325 καὶ
1549 1274 1770 1339 ἀναιρε-

190 1382 349 1434 τικδν
411 1378 505 1431 τοῦ
560 1374 999 1444 όφιγεννήματος
1051 1367 1146 1420 τοῦ
1174 1367 1464 1436 δράκοντος
1492 1365 1729 1433 ὑπάρχει
1754 1378 1769 1391 ο

192 1476 291 1525 καὶ
320 1473 380 1535 ἐξ
404 1467 465 1523 οὗ
510 1464 872 1521 συλλαϐοῦσαι
926 1463 982 1515 αἱ
1006 1459 1191 1511 λοιπαὶ
1234 1458 1469 1519 πίστεις,
1500 1456 1774 1508 τίκτουσιν

191 1567 349 1632 ὄφεις
393 1564 487 1615 καὶ
515 1560 751 1621 ἀσπίδας
782 1558 877 1610 καὶ
904 1553 1220 1623 σκορπίους,
1248 1552 1412 1614 λαοὺς
1441 1548 1673 1619 πικροὺς
1697 1548 1772 1609 ώς

192 1655 517 1722 γεννήματα
549 1651 703 1710 ὄντες
768 1644 1007 1713 ἐχιδνῶν.
1043 1644 1113 1695 Σὺ
1151 1641 1245 1693 καὶ
1275 1642 1413 1710 μόνη
1439 1641 1645 1706 τηρείς,
1680 1635 1773 1688 καὶ

193 1744 521 1809 ἀποτηρείς,
553 1739 649 1791 καὶ
676 1735 1001 1794 συνθάπτεις
1024 1731 1118 1784 καὶ
1180 1731 1431 1789 θανατοῖς
1457 1728 1556 1798 τὴν
1604 1743 1772 1794 κεφα-

189 1834 292 1902 λὴν
322 1830 420 1883 τοῦ
475 1827 915 1894 πολυκεφαλαίου
957 1823 1270 1892 δράκοντος,
1314 1819 1408 1869 ἐπὶ
1440 1817 1530 1869 τοῦ
1584 1815 1773 1877 ὓδατος

1871 632 2042 701 pulta.
2072 630 2163 686 Sic
2192 632 2355 685 etiam
2399 640 2453 683 te
2481 630 2653 685 solam
2698 628 2918 684 vestivit
2950 638 3004 681 et
3041 629 3259 681 ornavit
3288 629 3448 697 quasi

1872 721 2151 790 propriam
2201 721 2523 793 nympham,
2557 720 2909 788 reliquasque
2945 716 3297 782 vagabundas
3335 720 3448 788 (Si)

1873 829 2201 884 synagogas,
2237 823 2473 869 retectas
2500 851 2515 873 ,
2563 812 2864 875 inornatas,
2912 811 3198 880 nudasque
3242 812 3450 865 cmlesti

1873 908 2183 962 velamento
2223 907 2487 972 deseruit,
2514 908 2715 977 quippe
2744 922 2867 975 qua:
2900 908 3003 961 sub
3047 906 3301 960 umbram
3331 906 3449 961 ala-

1874 1016 1993 1053 rum
2017 1001 2136 1070 ejus
2157 1002 2270 1069 (55)
2301 1016 2408 1055 non
2436 1000 2821 1069 confugerunt.
2852 998 2953 1052 Tui
2986 999 3179 1064 solius,
3211 1016 3245 1052 ο
3280 998 3453 1053 incor-

1877 1104 2056 1162 rupta,
2094 1095 2341 1149 divinum
2371 1093 2534 1148 Verbi
2576 1107 2766 1147 semen
2804 1091 2980 1145 hostis
3007 1100 3177 1145 estet
3228 1088 3451 1144 interfe-

1874 1193 1992 1236 ctor
2018 1184 2277 1239 draconis
2314 1200 2345 1238 e
2389 1193 2643 1252 serpente
2679 1182 2870 1253 geniti,
2901 1196 2964 1234 ex
2997 1196 3107 1249 quo
3136 1181 3317 1234 omnis
3346 1180 3451 1234 alia

1875 1276 2010 1329 ﬁdes
2051 1275 2396 1343 concipiens,
2433 1283 2722 1341 serpentes
2765 1272 2929 1341 parit,
2962 1272 3178 1340 viperas
3220 1280 3274 1324 et
3305 1286 3452 1324 scor-

1875 1365 2035 1433 pios;
2080 1367 2339 1434 populum
2381 1364 2638 1418 acerbum
2680 1371 2867 1431 utpote
2910 1364 3186 1431 genimina
3242 1362 3455 1430 vipera-

1875 1473 2016 1511 rum.
2048 1455 2128 1509 Tu
2148 1457 2259 1509 sola
2282 1455 2545 1517 custodis,
2573 1465 2629 1509 et
2650 1451 3060 1522 observaswﬁ),
3080 1461 3133 1506 et
3165 1451 3452 1513 interﬁcis,

1873 1559 1927 1603 ct
1955 1548 2157 1617 sepelis
2195 1556 2362 1616 caput
2412 1545 2759 1614 multicipitis
2792 1545 3048 1600 draconis
3087 1544 3140 1597 in
3186 1559 3328 1610 aqua
3359 1542 3449 1595 ba-

1876 1640 2082 1709 ptismi,
2108 1638 2386 1694 suﬂocaos
2412 1649 2468 1692 et
2495 1638 2831 1693 iuterlieiens
2862 1653 3011 1699 eum,
3048 1636 3221 1689 solam
3255 1636 3455 1703 quippe

1877 1742 1929 1786 te
1967 1732 2049 1784 vir
2100 1740 2228 1786 tuus
2277 1732 2344 1784 atl
2392 1732 2685 1799 imaginem
2723 1745 2878 1784 suam
2934 1739 2990 1783 et
3040 1728 3451 1782 similitudinem

1878 1824 2007 1878 fecit
2044 1822 2388 1879 conlormcm
2422 1823 2610 1890 gloria.-
2642 1822 2758 1887 Dei,
2792 1822 2958 1875 veluti
3008 1820 3237 1889 reliquis
3269 1819 3452 1873 omni.

189 1923 288 1974 τοῦ
326 1920 710 1987 βαπτίσματος
760 1913 922 1967 αὐτὸν
948 1908 1435 1977 ἀποπνίγουσακαὶ
1452 1904 1733 1958 ἀπολλῦσα
1758 1920 1769 1932 ·

1881 1915 1979 1969 bus
2018 1916 2314 1986 synagogis
2364 1916 2430 1968 ad
2467 1915 2761 1982 imaginem
2795 1914 3002 1969 inimici
3043 1912 3313 1982 serpentis
3344 1910 3456 1965 for—

194 2015 258 2065 σὲ
284 2011 395 2079 γὰρ
415 2012 443 2061 ὁ
476 2012 567 2070 σὸς
591 2006 729 2076 ἀνὴρ
765 2005 933 2074 μόνην
957 2000 1077 2054 κατ’
1098 2000 1283 2053 είκόνα
1312 1998 1408 2051 καὶ
1438 1997 1557 2049 καθ’
1580 1995 1775 2060 ὁμοίως·

195 2120 283 2154 σιν
307 2099 477 2153 αὑτοῦ
502 2098 793 2164 πεποίηκε,
816 2093 1141 2162 σύμμορφον
1171 2090 1270 2158 τῆς
1290 2088 1451 2155 δόξης
1478 2083 1571 2136 τοῦ
1595 2084 1728 2137 θεοῦ
1757 2101 1771 2115 ο

190 2192 270 2253 ὡς
300 2190 412 2242 τῶν
440 2188 620 2240 ἄλλων
674 2184 868 2237 πασῶν
912 2179 1253 2249 συναγωγῶν
1312 2175 1654 2246 συμμόρφων
1687 2175 1747 2226 οὐ

194 2281 307 2331 σῶν
340 2278 441 2347 τῆς
475 2276 686 2337 είκόνος
729 2274 826 2327 τοῦ
872 2270 1066 2343 ἐχθροῦ
1116 2287 1211 2323 σου
1237 2284 1252 2298 °
1289 2268 1457 2338 μόνην
1507 2267 1564 2318 σὲ
1613 2266 1776 2332 ηὐλό-

191 2388 264 2438 γη
276 2387 334 2421 σε
357 2368 453 2420 τοῦ
484 2365 816 2430 αὐξάνεσθαι
847 2364 939 2417 καὶ
968 2361 1258 2431 πληρῶσαι
1294 2358 1500 2410 τέκνων
1526 2360 1623 2426 τὴν
1648 2356 1774 2425 γῆν,

191 2463 294 2523 τὰς
316 2460 373 2512 δὲ
392 2458 613 2517 ἀστείας
633 2460 699 2526 τῇ
730 2456 892 2523 φύσει
920 2452 1196 2523 ἑταιρίδας
1224 2448 1617 2516 ἀνευλογήτους
1643 2463 1773 2501 κατ.

192 2552 409 2604 ἔλιπεν.
441 2550 507 2602 Σὲ
533 2549 769 2617 Χριστὸς
792 2545 984 2599 πασῶν
1012 2543 1325 2606 δέσποιναν,
1350 2541 1445 2593 καὶ
1480 2541 1774 2609 ἄρχουσαν,

194 2644 293 2694 καὶ
317 2641 614 2709 τύραννον,
644 2639 738 2691 καὶ
777 2635 1025 2706 βασιλίδα
1060 2634 1171 2686 τῶν
1196 2632 1460 2685 πετεινῶν
1485 2631 1580 2684 τοῦ
1607 2631 1777 2700 οὐρα-

194 2733 315 2793 νοῦ,
347 2732 522 2799 ἀγίων
555 2730 806 2796 ἀγγέλων
831 2768 846 2789 ,
874 2730 965 2779 καὶ
1005 2724 1114 2777 τῶν
1139 2723 1345 2793 θηρίων
1387 2723 1485 2790 τῆς
1515 2721 1643 2789 γῆς,
1669 2719 1778 2772 τῶν

196 2824 374 2875 ἐθνῶν
411 2862 426 2885 ,
458 2823 557 2874 καὶ
604 2820 713 2873 τῶν
768 2818 967 2887 ίχθύων
1020 2816 1128 2869 τῶν
1172 2817 1350 2883 πάντη
1385 2812 1601 2880 ἀλόγων
1644 2827 1778 2863 κατ-

195 2919 424 2984 έστησε,
468 2913 565 2965 καὶ
610 2909 960 2979 ὑποχειρίους
997 2903 1428 2975 ἀνδραποδώδεις
1475 2904 1603 2965 τοὺς
1650 2902 1779 2954 ἀπί-

197 3022 387 3068 στους,
438 3002 668 3063 πιστοὺς
732 2998 1103 3063 καθυπέταξε.
1142 2998 1186 3049 Τ
1190 2995 1353 3065 οιγάρ
1394 2994 1490 3047 καὶ
1517 2994 1652 3063 μόνῃ
1680 2993 1780 3062 τὴν

194 3098 485 3166 ἀκήρατον
521 3095 616 3147 καὶ
635 3094 939 3164 ἄρῤευστον
976 3089 1282 3141 ἀπόλαυσιν
1336 3086 1633 3156 ἐχαρίσατο
1680 3086 1780 3153 τῆς

194 3188 415 3258 τρυφῆς
444 3186 540 3239 καὶ
564 3182 660 3236 τοῦ
696 3183 856 3248 ξύλου
881 3181 978 3249 τῆς
1001 3180 1150 3249 ζωῆς
1180 3196 1195 3209 ·
1227 3178 1339 3231 τῶν
1381 3176 1559 3230 ἀλλων
1588 3192 1780 3243 γυναι-

196 3280 312 3333 κῶν
354 3274 727 3347 οίμοττουσῶν
752 3274 826 3337 ὼς
874 3272 1076 3335 κυνῶν,
1109 3272 1206 3324 καὶ
1239 3269 1521 3337 ἀγεύστων
1559 3267 1654 3320 τοῦ
1684 3267 1780 3319 ού-

199 3372 393 3439 ρανίου
422 3369 591 3437 ἄρτου
634 3363 1021 3436 ὑπαρχουσῶν.
1053 3363 1125 3415 Σὺ
1159 3361 1367 3431 ἐργάζῃ
1398 3362 1533 3429 μόνη
1559 3360 1652 3411 καὶ
1675 3375 1778 3427 qau-

198 3462 421 3523 λάττεις
455 3458 636 3520 καλῶς
673 3456 766 3509 τὸν
798 3455 891 3508 σὸν
916 3454 1251 3523 παράδεισον
1281 3468 1295 3480 ·
1332 3450 1426 3503 τοῦ
1455 3449 1781 3519 ἀμπελῶνος

198 3553 396 3621 πόρρω
456 3547 729 3601 διώκουσα
788 3544 917 3605 τοὺς
954 3542 1151 3604 λύκους
1186 3541 1284 3593 καὶ
1314 3538 1625 3601 ἀλώπεκας,
1658 3538 1782 3599 τοὺς

196 3637 574 3707 ἀφανίζοντας
621 3635 698 3697 ώς
744 3631 1092 3700 ἀφυλάκτους
1139 3628 1241 3691 τὰς
1276 3626 1642 3697 ἀνεργάστους
1692 3626 1784 3677 καὶ

198 3724 808 3797 καρποζιζανηφόρους
868 3719 1114 3789 ἀρούρας
1162 3717 1269 3769 τῶν
1310 3715 1681 3769 κακοπίστων.
1727 3716 1789 3766 Ὢ

196 3819 292 3871 τοῦ
314 3816 600 3885 θαύματος
630 3814 644 3866 ί
672 3815 736 3865 σὺ
762 3812 897 3883 μόνη
927 3812 1155 3877 γέγονας
1179 3807 1373 3877 βοηθὸς
1386 3806 1464 3876 τῷ
1488 3806 1783 3875 ἀνθρώπῳ,

197 3910 274 3980 τῷ
304 3905 491 3978 βοηθῷ
523 3905 621 3959 καὶ⁵
668 3905 949 3972 σκεπαστῇ
1003 3918 1099 3953 σου
1140 3898 1281 3967 Θεῷ,
1326 3897 1600 3962 κοπιῶσα,
1633 3896 1783 3949 διδά-

200 4015 437 4063 σκουσα,
469 3996 834 4067 κηρύττουσα,
861 3992 1193 4061 φωτίζουσα,
1218 3989 1645 4060 ὲπιᾰτρὲφουσα,
1678 4004 1783 4040 κα-

198 4092 373 4144 λοῦσα
399 4090 539 4159 πρὸς
559 4089 745 4153 αὑτὸν,
776 4087 853 4148 ώς
889 4084 1025 4155 πρὸς
1076 4081 1192 4151 φῶς
1230 4084 1343 4143 τοῖς
1376 4083 1435 4133 ἐν
1472 4079 1653 4132 σκότει
1686 4078 1785 4130 καὶ

201 4185 333 4250 σκιᾷ
377 4182 615 4234 θανάτου
648 4180 976 4248 καθημένοις
1002 4194 1013 4204 ·
1052 4174 1423 4242 ἀναγυμνῶσα
1450 4172 1546 4223 καὶ
1580 4170 1783 4236 γεννῶο

203 4291 294 4336 σα,
334 4274 435 4325 καὶ
463 4273 739 4340 τρέφουσα
792 4268 872 4339 τῷ
920 4270 1091 4338 ἄρτῳ,
1124 4267 1220 4318 καὶ
1246 4264 1542 4327 ποτίζουσα
1569 4262 1648 4332 τῷ
1679 4280 1775 4317 πο-

202 4365 407 4436 τηρίῳ,
462 4365 558 4418 καὶ
598 4362 843 4429 αὔξουσα
866 4402 882 4426 ,
922 4361 1017 4413 καὶ
1070 4355 1499 4428 καρποφοροῦσα
1524 4399 1538 4422 ,
1569 4357 1662 4409 καὶ
1691 4358 1783 4424 ὲγ-

1876 2007 2039 2061 matis
2063 2014 2120 2059 et
2143 2002 2383 2070 eliectis;
2419 2005 2514 2059 tibi
2538 2006 2643 2060 soli
2677 2005 2955 2059 benedixit
2988 2003 3132 2058 Deus
3161 2012 3222 2058 ut
3245 2016 3458 2058 cresce.

1877 2116 1964 2153 res
1983 2109 2037 2153 et
2060 2098 2531 2168 multiplicareris,
2564 2108 2619 2152 et
2648 2098 2888 2167 repleres
2920 2108 3122 2151 terram
3157 2095 3309 2161 ﬁliis,
3344 2094 3456 2147 for-

1878 2205 2144 2259 mosaquc
2213 2191 2421 2260 reliqua
2486 2206 2583 2260 per
2640 2200 2893 2245 naturam
2956 2189 3197 2244 seortilla
3251 2188 3460 2257 absque

1877 2282 2259 2336 benedictione
2334 2282 2576 2349 reliquit.
2628 2280 2706 2337 Te
2766 2282 3044 2335 dominam
3078 2320 3093 2343 ,
3156 2280 3455 2349 principem

1876 2383 1931 2428 ct
1976 2373 2221 2441 reginam
2255 2375 2543 2428 constituit
2578 2374 2761 2427 avium
2815 2374 2964 2438 cmli,
3004 2381 3320 2429 sanctorum
3367 2386 3461 2425 an-

1878 2460 2146 2529 gelorum,
2174 2477 2452 2530 pecorum,
2481 2462 2793 2527 nationum,
2815 2471 3201 2530 mutarumque
3224 2460 3456 2530 piscium

1878 2551 2025 2619 (37),
2062 2549 2395 2620 subditaque
2427 2551 2699 2621 mancipia
2728 2551 2992 2615 iutidelia,
3018 2551 3199 2605 ﬁdelia
3234 2550 3461 2605 conciu-

1883 2638 2032 2692 navit
2061 2637 2197 2708 (38).
2233 2637 2309 2693 Te
2332 2639 2507 2694 solam
2544 2638 2654 2694 frui
2694 2640 2926 2693 donavit
2966 2640 3266 2693 immortali
3314 2642 3463 2693 etin-

1880 2738 2137 2799 corrupta
2176 2731 2459 2800 voluptate
2491 2740 2547 2785 et
2576 2731 2724 2803 ligno
2751 2730 2903 2796 vita',
2933 2731 3057 2785 aliis
3084 2732 3312 2786 onmino
3341 2747 3461 2785 tnu-

1881 2818 2104 2873 lieribus
2137 2817 2285 2874 foras
2309 2833 2508 2873 canum
2556 2818 2731 2873 instar
2776 2820 3119 2889 ejulantibus
3155 2821 3269 2888 (‘59)
3308 2830 3363 2875 et
3389 2838 3463 2874 te-

1881 2910 2020 2964 terni
2064 2910 2222 2979 panis
2270 2911 2611 2980 expertibus.
2665 2910 2748 2965 Tu
2786 2911 2903 2966 sola
2953 2913 3180 2981 pulchre
3231 2913 3368 2967 colis
3409 2921 3465 2966 et

1884 3000 2136 3054 custodis
2172 3001 2493 3070 paradisum
2530 3011 2709 3063 tuum,
2745 3016 2775 3055 e
2821 3003 2995 3055 vinea:
3050 3003 3219 3058 sulcis
3266 3003 3463 3071 fugatis

1884 3089 2043 3159 lupos
2066 3098 2121 3144 et
2146 3091 2336 3161 vulpes
2367 3089 2464 3159 qui
2494 3090 2799 3145 inﬁdelium
2827 3107 2957 3145 arva
2987 3093 3195 3147 inculta
3221 3102 3276 3148 et
3317 3094 3462 3147 ziza-

1886 3181 2103 3235 niorum
2157 3182 2360 3235 feracia
2406 3182 2554 3236 velut
2585 3183 2917 3237 incustodita
2957 3194 3337 3253 corrumpunt.
3381 3182 3462 3238 Tu

1886 3271 2000 3325 sola
2031 3270 2141 3341 (40)
2173 3271 2413 3340 adjutrix
2446 3271 2585 3327 facta
2612 3287 2671 3327 es
2699 3272 2932 3339 botnini,
2964 3274 3202 3343 adjutori
3232 3285 3288 3329 et
3332 3290 3460 3345 pro-

1887 3359 2079 3412 tectori
2113 3369 2230 3424 tuo,
2264 3359 2400 3424 Deo,
2433 3360 2715 3424 laborans,
2745 3364 2968 3428 docens,
2991 3364 3316 3434 praedicans,
3339 3366 3464 3422 illu-

1889 3450 2122 3513 tniuans,
2157 3460 2508 3519 convertens,
2534 3452 2603 3508 ad
2648 3452 2804 3508 illum
2834 3469 3038 3511 vocans
3087 3459 3245 3526 quasi
3269 3459 3338 3514 ad
3382 3460 3465 3515 lu-

1888 3556 2030 3604 cem,
2060 3556 2249 3596 omnes
2276 3558 2373 3597 eos
2416 3542 2509 3611 qui
2544 3542 2729 3611 jacent
2752 3544 2806 3598 in
2832 3545 3071 3600 tenebris
3100 3557 3153 3601 ct
3189 3548 3243 3601 in
3270 3549 3464 3605 umbra

1891 3632 2083 3689 mortis
2113 3635 2338 3703 gignens
2372 3641 2429 3687 et
2455 3636 2694 3703 pariens,
2746 3651 2887 3706 pane
2920 3638 3169 3693 nutriens
3196 3649 3251 3693 et
3295 3641 3465 3695 calice

1889 3732 2109 3791 potans,
2142 3738 2348 3792 augens
2377 3733 2431 3777 et
2457 3722 2814 3791 fructilicans,
2842 3727 3113 3795 inserens,
3140 3731 3391 3799 plaulans
3412 3745 3466 3787 et

1888 3813 2129 3882 quotidie
2179 3813 2292 3883 (41)
2331 3830 2532 3870 curans
2561 3815 2777 3870 hortum
2827 3826 2981 3872 tuum
3024 3829 3080 3873 et
3131 3823 3464 3887 paradisum,

1889 3905 2081 3972 tuique
2104 3905 2287 3973 gregis
2316 3904 2593 3973 parvulos.
2618 3904 2964 3975 Quapropter
2989 3923 3113 3963 cum
3139 3910 3263 3966 talis
3298 3913 3374 3966 sis
3391 3913 3464 3966 in-

1886 3995 2120 4056 dustria,
2136 3994 2493 4059 domicustos,
2515 3995 2612 4047 viri
2638 4010 2851 4058 amans,
2868 3997 2975 4066 pia,
2999 3997 3180 4063 fortis,
3200 4000 3461 4070 adjutrix.

1892 4093 2121 4149 armata,
2144 4084 2456 4152 pugnatrix,
2491 4100 2814 4155 semperque
2846 4099 3093 4157 prompte
3121 4100 3175 4145 et
3198 4090 3342 4146 ultro
3365 4110 3465 4163 pro

1894 4176 2011 4228 viro
2048 4184 2144 4228 tuo
2178 4175 2290 4228 Ada
2315 4174 2538 4231 Christo
2573 4178 2810 4232 animam
2846 4194 3045 4248 ponere
3073 4192 3262 4249 parata
3299 4186 3376 4240 sis
3411 4196 3465 4239 et

1885 4269 2007 4335 ejus
2034 4281 2198 4320 causa
2230 4265 2559 4333 periclitari,
2600 4267 2723 4322 ideo
2753 4268 2848 4321 tibi
2868 4269 3024 4337 quasi
3051 4273 3249 4340 regitur
3273 4277 3465 4330 statuit

1890 4356 2190 4413 Cberubim
2220 4356 2494 4413 llannneis
2534 4358 2729 4426 gladiis
2770 4367 2825 4413 et
2856 4360 3085 4417 minime
3116 4365 3463 4423 versatilibus

1721 4514 1945 4571 ΝΟΤᾸΞ.

274 4679 813 4766 (3})“Vagab‘umlas.
855 4676 1287 4766 bis._p§'pt5556acg
1320 4686 1631 4766 corrupte,“
1664 4676 1781 4745 lege

206 4746 537 4828 ρεμ-δώδειςξ
569 4760 627 4803 ut
656 4765 819 4827 supra
848 4746 991 4828 ηεξ-ῆι
1012 4746 1115 4811 ἔξω
1145 4747 1521 4828 ῥεμϐομένων,
1547 4754 1655 4828 etc:

275 4814 393 4893 (53)
451 4821 673 4893 Alurum
722 4814 1043 4893 ἐλαι-Βίας,
1079 4814 1154 4893 es
1215 4814 1525 4893 conjectura
1584 4814 1776 4893 adieci,

206 4882 329 4964 qua:
348 4882 608 4964 _omnino
630 4882 1130 4964 stipplenda'estju
1180 4900 1285 4964 m_s.
1318 4882 1454 4964 τῶν.
1484 4882 1774 4954 πτερύγων

206 4955 375 5017 αὑτοῦ
402 4976 418 4989 ·
457 4974 554 5028 pro
578 4955 1003 5027 προσφυγούσης
1045 4955 1332 5023 legendum
1383 4956 1551 5009 etiam
1607 4970 1778 5023 προσ-

322 5046 514 5083 ουσας.

208 5049 514 5101 φυγούσας.

279 5101 394 5169 (3b)
432 5097 680 5173 Custodi:
704 5105 754 5150 et
794 5093 1414 5173 ob_sereas._bls..cqpei;
1440 5093 1537 5173 καὶ
1569 5093 1781 5173 ἀποτη-

210 5163 347 5242 ρεῖς,
374 5163 545 5242 'qua:_
584 5167 629 5220 si
670 5182 797 5242 vera
851 5164 1406 5242 lectio,_innuit_ea_m
1440 5163 1778 5242 iii-custodia

208 5233 428 5308 semper
459 5237 1008 5308 ltabcreidraeonem,
1046 5235 1116 5287 ita
1152 5244 1209 5287 ut
1232 5234 1364 5286 nihil
1396 5233 1573 5308 moliri
1608 5233 1782 5308 possit

210 5302 390 5364 nisi-ei
416 5309 568 5361 laxas
596 5307 835 5359 habenas
888 5304 1015 5356 det:
1068 5313 1244 5356 tamen
1286 5318 1411 5355 cum
1467 5302 1543 5355 ait
1591 5305 1780 5369 τηρεῖς

209 5381 309 5449 τὴν
338 5376 613 5449 κεφαλήν,
640 5375 775 5449 mibi
809 5373 1000 5449 potius
1012 5374 1100 5449 ita
1121 5371 1526 5449 intelligendum
1538 5370 1779 5449 _videtttr,

210 5441 483 5503 Observas
512 5441 563 5499 ei
591 5444 866 5497 insidiaris
889 5453 947 5496 ut
969 5443 1102 5496 illud
1133 5451 1405 5505 conteras,
1433 5441 1639 5495 scilicet
1666 5441 1787 5492 teris

210 5529 264 5572 et
292 5518 524 5570 conteris
558 5523 713 5580 caput
749 5531 762 5565 :
806 5528 929 5566 nam
959 5513 1146 5581 procul
1174 5512 1589 5581 dubiorespicit
1615 5511 1680 5563 ad
1711 5510 1787 5562 il-

213 5588 303 5641 Iud
327 5603 413 5641 m.
440 5585 636 5639 (leues.
655 5583 816 5645 αὑτός
836 5599 928 5635 σου
950 5580 1178 5651 τηρήσει
1200 5580 1464 5649 κεφαλὴν,
1482 5580 1577 5631 καὶ
1601 5581 1664 5632 σὺ
1686 5596 1785 5648 τη-

216 5658 404 5726 ρήσεις
433 5652 895 5726 αὑτοῦλπτέρναν.
933 5651 1051 5726 Ipsa
1078 5659 1324 5706 conteret
1345 5659 1509 5717 caput
1548 5659 1699 5703 tuum
1725 5660 1781 5703 et

213 5722 281 5781 ιυ-
312 5723 658 5777 insidiaberis
687 5723 943 5776 calcaneo
969 5722 1109 5787 ejus.

286 5794 398 5856 (37)
437 5790 811 5848 Natorumque
847 5793 1092 5858 piscium.
1157 5789 1374 5860 Ἰχθύων
1436 5788 1542 5841 τῶν
1601 5789 1776 5856 πάντη

1888 4673 2102 4740 ἀλόγων
2126 4693 2138 4705 ·
2164 4675 2293 4729 dicit
2334 4676 2566 4744 ἀλόγους
2614 4690 2753 4744 quos
2795 4674 3057 4744 50pltocl.
3083 4675 3287 4740 ἐλλούς.

1972 4744 2232 4812 Ἐφῆκεν
2259 4745 2464 4809 ἑλλοῖς
2489 4746 2730 4813 ὶχθῦσιν
2757 4746 3106 4813 διαφθοράν.

1960 4813 2228 4877 Ἐλλοπας
2260 4814 2413 4882 ἰχθῦς
2446 4815 2686 4877 llesiod.,
2726 4817 2776 4868 id
2806 4826 2891 4869 est
2923 4826 3124 4871 mulos.

1955 4883 2070 4949 (58)
2105 4884 2434 4953 Subditaque
2479 4886 2740 4952 mancipia
2792 4886 3031 4953 inﬁdelia
3057 4925 3070 4949 ,
3103 4886 3306 4951 ﬁdelia,
3336 4904 3460 4937 rou-

1884 4955 2135 5006 ciuuavit.
2207 4954 2477 5022 Seriptam
2541 4955 2825 5007 lectionem
2883 4965 3105 5008 secutus
3166 4972 3285 5009 sum
3332 4958 3459 5017 τοὺς

1883 5023 2146 5085 ἀπίστους
2191 5025 2421 5086 πιστοὺς
2477 5022 2844 5086 καθυπέταξε.
2881 5025 2984 5077 Sed
3024 5040 3089 5077 ne
3123 5026 3251 5092 quid
3294 5026 3459 5079 dissi-

1886 5094 2065 5146 luulen
2104 5096 2154 5145 iu
2192 5109 2293 5147 ms.
2320 5094 2589 5162 scriptum
2618 5094 2780 5146 etiam
2817 5094 2985 5147 videri
3018 5094 3301 5160 possitzic
3328 5095 3459 5146 άπὶ-

1885 5178 2043 5233 στους
2071 5166 2281 5223 πιστοῖς
2317 5162 2683 5228 καθυπέταξε,
2717 5164 2962 5217 lidelibus
3019 5164 3271 5231 subjecit,
3312 5164 3456 5233 quod

1885 5246 1991 5285 non
2030 5232 2103 5284 ita
2132 5233 2327 5291 placet.

1956 5301 2068 5379 (59)
2106 5300 2471 5368 ls‘juluntibus.
2514 5300 2616 5356 Ms.
2660 5302 3076 5370 αίμωττουσὼν.
3110 5303 3227 5370 lego
3254 5303 3453 5372 οἰμωτο

1895 5387 2125 5431 τουσων,
2158 5382 2263 5424 etc.

1966 5440 2078 5508 μυ)
2114 5439 2188 5491 'l'u
2210 5440 2344 5493 sola.
2378 5439 2469 5509 Τῷ
2497 5440 2589 5492 τοῦ
2625 5440 2901 5508 θαύματος
2946 5441 3008 5492 σὺ
3040 5441 3174 5508 μόνη
3228 5442 3461 5508 γέγονας

1895 5508 2086 5576 βοηθὸς
2115 5510 2193 5577 τῷ
2220 5508 2515 5580 ἀνθρώπῳ,
2546 5510 2634 5564 ubi
2672 5512 2800 5563 illud
2839 5509 2918 5578 τῷ
2938 5510 3030 5562 τοῦ
3057 5510 3335 5576 θαύματος
3363 5516 3461 5563 uti-

1893 5563 1948 5632 bi
1979 5563 2128 5632 'sane
2156 5563 2430 5649 negotium
2464 5563 2701 5649 iaeessit.
2741 5563 2905 5635 Forte
2944 5582 3045 5632 hoc
3076 5563 3283 5633 tantum
3317 5563 3461 5633 ’δινη-

1890 5666 1984 5703 sus
2019 5650 2114 5719 sit.
2146 5648 2338 5718 nempe
2365 5650 2443 5717 τῷ
2466 5649 2560 5703 τοῦ
2590 5648 2870 5719 θαύματος
2899 5652 2962 5703 σὺ
2995 5651 3242 5716 γέγονας,
3285 5660 3337 5704 et
3364 5650 3457 5703 ἀν·

1890 5720 1941 5770 τί
1968 5717 2061 5770 τοῦ
2089 5717 2409 5787 θαυμασίως
2436 5720 2523 5772 σύ.

1958 5788 2068 5858 (ιΗ)
2108 5788 2177 5843 Et
2200 5791 2453 5857 quotidie.
2488 5790 2565 5844 lla
2598 5791 2743 5845 hunc
2777 5790 2951 5845 locum
2987 5789 3251 5858 supplcvi.
