4186 6442
783 414 919 480 1075

1980 422 2041 480 S.
2062 418 2457 479 ANASTASII
2500 418 2823 477 SINAI'I‘JI

3894 430 4025 490 10ῗῦ

779 524 1094 591 armaturis,
1126 526 1426 590 instructa,
1475 540 1597 594 quae
1628 525 1724 579 tibi
1776 527 2138 581 immortalem
2176 538 2228 582 et
2262 528 2341 580 in-

2449 525 2820 595 κεντρίζουσα,
2849 528 2942 578 καὶ
2965 526 3289 593 φυτεύουσα,
3316 531 3408 581 καὶ
3434 533 3705 603 ὁσημέραι
3740 534 3841 602 τῆς
3878 542 3895 557 ⁶
3927 541 4027 604 κή-

779 626 1092 685 corruptam
1115 619 1282 672 vitam
1312 627 1572 673 mternam
1594 620 1926 674 custodiant.
1956 618 2033 673 Te
2062 620 2346 690 Scraphim

778 718 1057 771 tueantur,
1096 718 1145 761 te
1175 724 1268 761 sex
1289 709 1387 762 ala:
1419 718 1626 779 tegant,
1654 709 1859 769 throni.
1892 719 2130 775 cessent,
2165 712 2349 765 multis

778 799 957 852 oculis
985 799 1209 868 prardita
1238 808 1467 854 cernant
1490 843 1505 865 ,
1542 801 1639 853 tibi
1695 801 2035 869 principatus
2083 803 2347 865 serviant,

776 890 1032 956 potentia:
1066 889 1400 953 ministrent,
1436 890 1663 942 virtutes
1698 889 2046 944 ancillentur.
2086 890 2165 944 Te
2197 906 2352 958 reges

777 981 1026 1042 adorent,
1069 980 1389 1035 sacerdotes
1422 982 1760 1050 glorificent,
1799 991 1859 1035 ut
1897 982 2184 1035 hominum
2217 983 2351 1037 cbo-

778 1088 885 1125 rem
918 1082 968 1126 te
1001 1074 1315 1137 celebrent,
1368 1086 1419 1127 te
1449 1074 1697 1129 nationes
1740 1085 2043 1142 exornent,
2073 1085 2124 1129 Ie
2156 1076 2353 1147 lingua:

776 1165 1077 1219 dilaudent.
1106 1167 1372 1231 Quoniam
1406 1166 1570 1233 igitur
1603 1176 1656 1220 tu
1690 1168 1830 1232 sola,
1870 1182 2046 1236 neque
2080 1168 2187 1223 ulla
2220 1170 2348 1235 alia,

776 1267 808 1305 α
844 1254 957 1305 \iao
991 1262 1087 1305 tuo
1116 1254 1337 1306 Christo
1369 1254 1527 1306 talem
1557 1264 1611 1307 ct
1640 1264 1843 1307 tantam
1871 1257 2101 1325 gloriam
2153 1265 2206 1309 et
2252 1256 2351 1310 ho-

779 1361 968 1396 norem
995 1345 1185 1397 sortita
1204 1360 1286 1408 cs,
1317 1359 1418 1398 oro
1450 1356 1501 1400 te
1531 1357 1584 1400 ct
1610 1348 1856 1400 obtestor
1898 1356 2088 1416 utpote
2121 1356 2349 1401 matrem

778 1454 953 1492 meam
987 1448 1041 1492 ct
1075 1440 1342 1493 nutricem
1375 1455 1403 1492 a
1433 1440 1636 1493 tcncris
1679 1440 1989 1510 unguiculis
2024 1448 2079 1494 et
2108 1456 2137 1493 a
2174 1443 2347 1510 majo-

777 1529 955 1589 ribus,
988 1544 1053 1581 ne
1082 1529 1305 1582 desinas
1337 1544 1533 1597 purum
1569 1530 1794 1583 verbum
1833 1540 1984 1583 tuum
2014 1530 2098 1584 lac
2122 1546 2153 1584 e
2177 1547 2351 1585 mam-

777 1621 883 1673 mis
915 1620 1022 1673 tuis
1054 1620 1186 1672 mihi
1251 1619 1433 1688 largiri
1476 1629 1537 1673 ut
1592 1620 1717 1675 inde
1774 1630 1824 1675 te
1883 1633 2117 1689 tuosque
2177 1638 2349 1691 agnos

776 1711 1078 1781 discipulos
1108 1712 1324 1765 lactem.
1373 1710 1449 1765 Ne
1493 1711 1711 1766 desinas
1743 1713 2059 1780 incorrupta
2092 1715 2346 1769 columba

777 1805 955 1859 sancti
985 1804 1244 1873 Spiritus,
1266 1804 1506 1858 Ecclesia
1539 1805 1653 1866 lb-i,
1691 1806 1742 1857 in
1769 1809 1934 1859 conte
1957 1822 2075 1860 meo
2109 1822 2344 1872 manere,

777 1906 832 1948 ct
862 1895 1219 1953 inambulare.
1253 1895 1437 1961 ibique
1470 1895 1673 1947 multos
1694 1910 1789 1963 per
1813 1912 1897 1949 me
1922 1896 2099 1962 pullos
2131 1912 2343 1965 parere.

777 1984 856 2038 Ne
892 1984 1221 2054 dedignaris,
1251 1998 1283 2035 o
1315 1984 1417 2035 viri
1452 1997 1644 2036 amans
1672 1991 1727 2036 et
1758 1998 1867 2036 uno
1907 1985 2026 2037 viro
2070 1995 2345 2049 contenta,

777 2072 979 2126 Christi
1005 2082 1188 2124 turtur
1209 2087 1275 2125 ex
1306 2087 1399 2125 ore
1429 2079 1521 2125 tuo
1542 2071 1724 2124 cibum
1753 2072 1982 2126 sationis
2006 2073 2060 2125 in
2084 2089 2146 2127 os
2167 2090 2346 2128 meum

778 2164 1093 2228 infundere,
1127 2173 1186 2216 ut
1222 2162 1347 2216 inde
1382 2171 1433 2217 te
1462 2163 1648 2230 tuique
1681 2163 1853 2216 niduli
1882 2164 2060 2231 pullos
2100 2165 2345 2221 vicissim

780 2253 1017 2306 nutriant
1042 2271 1055 2305 :
1078 2269 1144 2305 ne
1167 2266 1370 2315 cesses,
1394 2268 1427 2304 υ
1452 2252 1693 2305 cmlcstis
1718 2253 1969 2319 luscinia,
1994 2255 2149 2307 suavi
2180 2265 2345 2309 cantu

778 2354 873 2398 tuo
898 2354 951 2396 et
979 2343 1349 2396 modulatione
1380 2357 1541 2396 aures
1573 2357 1721 2397 meas
1753 2343 2086 2408 demulcere,
2123 2356 2179 2399 ut
2209 2361 2350 2401 scm-

780 2449 877 2501 pcr
926 2432 1112 2485 nidulo
1144 2443 1239 2485 tno
1279 2432 1750 2497 circunwolitans,
1783 2433 1956 2501 pullos
2005 2445 2122 2489 tuos
2171 2437 2347 2491 oblct—

783 2534 883 2577 tcm
910 2523 1047 2592 (42.)
1075 2521 1153 2575 Ne
1176 2522 1427 2588 moreris,
1456 2538 1488 2574 ο
1515 2526 1774 2591 perennis
1798 2525 1922 2579 fons
1942 2528 2063 2581 vita:
2085 2529 2348 2597 paradisi,

780 2632 810 2664 te
852 2613 1225 2681 speculatione
1258 2613 1333 2666 tui
1393 2612 1557 2667 Edcm
1611 2616 1879 2669 scaturire
1921 2616 2079 2671 nobis
2120 2629 2350 2674 aeternos

780 2714 834 2758 et
870 2704 1125 2772 limpidus
1156 2713 1281 2758 tuos
1312 2704 1502 2758 latices
1533 2704 1669 2771 (ιδ),
1706 2716 1762 2757 ιιι
1785 2720 1926 2774 aqua
1952 2707 2076 2760 viva
2106 2717 2355 2763 saturare

779 2798 994 2865 possint
1034 2797 1330 2850 rationales
1366 2797 1504 2851 istos
1535 2806 1589 2849 et
1619 2798 1891 2851 animatos
1919 2801 2102 2852 ovium
2132 2817 2345 2870 greges.

780 2889 825 2942 ι)
857 2889 1079 2957 pulchra
1109 2898 1161 2941 et
1188 2887 1410 2943 coronis
1434 2886 1682 2940 redimita
1719 2887 1860 2940 horti
1902 2887 2124 2953 cultrix,
2162 2904 2230 2943 ne
2255 2891 2348 2942 de-

783 2981 1024 3049 fatiget-is
1056 2994 1157 3035 nos
1190 2978 1519 3035 inoculando
1543 2989 1602 3032 et
1629 2978 2057 3046 eniplastrando,
2094 2988 2153 3032 ut
2185 2982 2347 3035 vicis-

780 3072 883 3124 sim
914 3071 1240 3140 propagines
1272 3080 1398 3125 tuas
1428 3069 1649 3140 pulchre
1673 3069 1963 3138 disponere
1981 3079 2035 3123 et
2067 3070 2346 3126 inoculare

781 3162 1077 3227 possimus.

2458 632 2592 675 πους
2625 616 2717 667 καὶ
2749 616 3136 683 παραδείσους,
3173 621 3268 671 καὶ
3298 621 3398 683 σας
3427 622 3667 688 ἀγγελ...
3704 626 3892 678 ιιέκνα.
3938 627 4029 677 Διὸ

2452 706 2516 774 δη
2545 707 2619 767 ὡς
2647 706 2870 777 τοιαύτῃ
2917 709 3161 777 φιλεργῴ
3201 715 3293 764 καὶ
3332 715 3568 784 οίκουρῷ
3604 719 3698 768 καὶ
3733 717 4029 786 φιλάνδρῳ,

2454 798 2547 849 καὶ
2578 798 2916 867 φιλοστόργῳ
2944 800 3039 851 καὶ
3070 800 3321 870 ἀνδρείῳ,
3346 807 3437 855 καὶ
3460 805 3659 875 βοηθῷ,
3692 810 3784 860 καὶ
3806 808 4025 877 ὁπλίτῃ,

2453 887 2545 937 καὶ
2581 886 2835 955 μαχητιδι
2870 887 3189 958 ὑπαρχούσῃ
3215 891 3310 942 καὶ
3328 892 3416 943 ἀεὶ
3434 894 3663 961 ἑτοίμως
3689 912 3748 945 τε
3776 897 3869 946 καὶ
3894 913 4031 963 προ-

2452 975 2641 1043 θύμως
2668 976 2766 1044 τὴν
2794 974 2974 1045 ψυχὴν
3029 979 3170 1048 ὑπὲρ
3201 980 3297 1030 τοῦ
3326 981 3421 1030 σοῦ
3464 983 3657 1052 ἀνδρὸς
3698 984 3871 1052 ’Λδαμ
3904 986 4035 1054 Χρι-

2454 1065 2582 1119 στοῦ
2620 1067 2835 1139 τιθείσῃ
2880 1068 2976 1120 καὶ
3030 1071 3524 1141 προκινδυνευούσῃ
3580 1074 3757 1138 ἔταξε,
3805 1077 4030 1127 καὶῦπ-

2452 1156 2612 1219 έταξέ
2636 1172 2719 1209 σοι
2753 1158 2827 1220 ὡς
2859 1157 3089 1225 βασιλίδι
3119 1160 3191 1210 τὰ
3233 1161 3515 1230 Χερουϐὶμ
3546 1162 3869 1232 ὡπλισμένα
3914 1170 4033 1227 ταῖς

2453 1248 2802 1317 φλογιφόροις
2825 1251 2919 1303 καὶ
2949 1252 3373 1321 ἀπεριστρόφοις
3397 1255 3870 1324 ρσμφαιομόριροις
3900 1274 4035 1308 παν-

2453 1339 2720 1407 τευχίαις,
2743 1341 2889 1402 ὅπως
2920 1358 3000 1393 σοι
3030 1342 3241 1411 ἀϐλαϐῆ
3264 1360 3323 1394 τε
3348 1344 3443 1395 καὶ
3469 1343 3739 1398 ἀθάνατον
3765 1348 3862 1416 τὴν
3886 1347 4033 1416 ζωὴν

2453 1431 2680 1494 ἀείζωον
2715 1432 2790 1484 τὰ
2849 1433 3131 1504 Χερουϐὶμ
3176 1434 3523 1502 φυλάττωσι,
3553 1438 3620 1488 τά
3648 1438 3903 1507 Σεραςρὶμ
3936 1457 4033 1491 πε-

2455 1525 2683 1591 ριέπωσι
2717 1564 2731 1587 ,
2790 1524 2860 1577 τὰ
2913 1525 3264 1597 ἐξαπτὲρυγα
3311 1531 3611 1595 σκίπωσιν,
3663 1531 3711 1582 οἱ
3742 1531 3926 1599 θρόνοι
3954 1533 4033 1584 δι-

2454 1614 2797 1679 αναπαύωσι,
2848 1616 2914 1667 τὰ
2976 1616 3341 1688 πολυόμματα
3376 1620 3745 1685 ἐπιϐλέπωσι,
3782 1625 3837 1675 αἱ
3868 1626 4037 1693 ἀρχαὶ

2451 1706 2799 1769 δουλεύωσιν,
2838 1708 2891 1757 αἱ
2917 1706 3155 1769 ἐξουσίαι
3176 1708 3522 1774 διακονῶσιν,
3563 1711 3620 1761 αἱ
3651 1712 3916 1781 δυνάμεις
3945 1713 4037 1764 λα-

2455 1794 2713 1865 τρεύωσι,
2747 1796 2985 1863 βασιλεῖς
3022 1799 3425 1867 προσκυνῶσιν,
3455 1801 3504 1851 οἱ
3531 1801 3694 1869 ἱερεῖς
3720 1802 4032 1871 ἀνυμνῶσι,

2384 1862 2523 1937 Βιίά
2576 1885 2703 1955 ἔθνη
2761 1890 3225 1957 κατακοσμῶσιν,
3280 1890 3335 1941 αἱ
3400 1890 3642 1957 γλῶσσαι
3707 1893 4033 1947 ἐπαινῶσιν.

2471 1978 2625 2030 Ἐπεὶ
2652 1974 2749 2030 οὖν
2780 1977 2842 2029 σῦ
2873 1979 3031 2046 μόνη,
3059 1982 3153 2031 καὶ
3181 1981 3305 2033 οὐδέ
3350 1997 3432 2043 τις
3479 1982 3613 2053 ἄλλη
3650 1984 3912 2052 τοιαύτης
3943 1987 4035 2037 καὶ

2457 2068 2726 2139 τοσαύτης
2752 2070 2908 2138 δόξης
2933 2070 3027 2122 καὶ
3050 2071 3217 2140 τιμῆς
3252 2074 3404 2142 παρά
3427 2073 3520 2126 τοῦ
3558 2075 3651 2127 σοῦ
3702 2074 3898 2144 ἀνδρὸς
3928 2077 4035 2128 ἀπ-

2458 2160 2694 2222 ἐλαυσας
2726 2160 2983 2229 Χριστοῦ,
3014 2161 3202 2232 δέομαί
3235 2180 3326 2215 σου
3356 2165 3451 2216 καὶ
3494 2167 3759 2219 ἀντιϐολῶ
3787 2167 3865 2230 ὡς
3894 2168 4036 2237 ἐμῆς

2456 2252 2514 2317 ἐξ
2570 2251 2794 2304 ἁπαλῶν
2846 2254 3073 2321 ὀνύχων,
3115 2254 3209 2305 καὶ
3254 2256 3317 2306 ὲκ
3360 2258 3644 2324 προγόνων
3673 2258 4036 2327 ὑπαρχούσης

2460 2343 2664 2412 μητρὸς
2699 2345 2791 2395 καὶ
2820 2345 3044 2413 τροφοῦ,
3084 2345 3158 2416 μὴ
3194 2346 3366 2419 παίσῃ
3392 2347 3451 2400 τὸ
3494 2348 3585 2400 σὺν
3618 2350 3781 2417 μένος
3808 2350 3907 2401 τοῦ
3940 2367 4037 2401 κα-

2458 2434 2625 2504 θαροῦ
2666 2434 2763 2487 καὶ
2808 2435 2995 2487 ἀδόλου
3042 2436 3137 2488 τοῦ
3193 2437 3353 2504 λόγου
3409 2439 3679 2505 γάλακτος
3724 2440 4035 2493 ὲπιδιδοῦσα

2456 2527 2729 2590 πλουσίως
2755 2527 2914 2597 μσζῶ
2930 2547 2978 2591 ν,
3014 2530 3159 2591 ὅπως
3186 2532 3251 2581 ὲκ
3284 2531 3378 2583 σοῦ
3414 2548 3472 2582 τε
3512 2532 3750 2594 καὶτοὺς
3779 2534 3907 2597 σοὺς
3941 2551 4037 2587 κα·

2449 2618 2554 2682 λῶς
2611 2618 2832 2687 θηλάσω
2904 2621 3074 2690 ἄρνας
3121 2620 3497 2685 διδασκάλους.
3552 2625 3644 2695 Μὴ
3700 2627 3879 2696 πάντη
3939 2626 4033 2678 τοῦ

2453 2711 2608 2776 ἁγίου
2645 2711 2962 2781 Πνεύματος
2992 2712 3221 2775 ἄσπιλος
3242 2714 3543 2783 περιστερά
3569 2715 3872 2783 Ἐκκλησία
3894 2716 4031 2769 Θεοῦ

2453 2800 2509 2849 ὲν
2546 2800 2614 2867 τῇ
2643 2800 2751 2866 ἐμῇ
2792 2799 2989 2869 καρδίᾳ
3040 2801 3350 2865 ἐνοικοῦσα,
3385 2803 3480 2853 καὶ
3528 2805 3992 2873 ἐμπεριπατοῦσα
4015 2823 4027 2835 ·

2456 2889 2550 2940 καὶ
2580 2889 2809 2951 πολλοὺς
2842 2891 3094 2953 νεοσσοὺς
3122 2892 3190 2942 δι’
3216 2892 3350 2960 ἐμοῦ
3369 2895 3639 2959 γεννῶσα.
3665 2897 3757 2966 Μὴ
3784 2896 4031 2963 ἀπαξιῶ-

2456 2996 2576 3048 σῃς,
2609 2973 2654 3031 ὧ
2684 2980 2939 3048 φίλανδρε
2972 2980 3067 3032 καὶ
3094 2981 3361 3050 μόνανδρε
3387 2983 3480 3035 τοῦ
3510 2984 3747 3055 Χριστοῦ
3786 2988 4028 3057 τρυγὼν,

2455 3072 2521 3121 ὲκ
2546 3068 2641 3121 τοῦ
2687 3069 2780 3121 σοῦ
2821 3071 3087 3139 στόματος
3113 3111 3127 3135 ,
3159 3073 3216 3123 ὲν
3245 3072 3323 3142 τῷ
3367 3074 3591 3143 στόματί
3622 3092 3724 3142 μου
3772 3081 4032 3145 χορηγεῖν

2375 3159 2418 3216 C
2451 3161 2552 3229 τὴν
2581 3160 2785 3229 βρῶσιν
2812 3161 2906 3214 τοῦ
2934 3164 3159 3230 σπόρου,
3188 3164 3334 3226 ὅπως
3357 3164 3417 3227 ἐξ
3444 3165 3607 3218 αὑτοῦ
3640 3169 3953 3236 ἀντιτρέςιω
3974 3186 4029 3221 σε

779 3252 1028 3314 καὶτοὺς
1066 3253 1194 3313 σοὺς
1247 3254 1303 3304 ὲν
1345 3256 1409 3321 τῇ
1449 3253 1515 3320 σῇ
1566 3250 1732 3320 καλιᾷ
1792 3251 2040 3313 νεοττούς
2067 3268 2080 3281 ο
2144 3254 2221 3322 μὴ
2260 3256 2515 3328 σιγήσῃς,
2579 3247 2624 3306 ὦ
2659 3254 2888 3322 οὐρανία
2939 3253 3119 3323 ἀηδὼν
3144 3294 3159 3318 ,
3193 3254 3281 3307 ἀεὶ
3357 3254 3558 3324 ᾄδουσα
3626 3257 3720 3309 καὶ
3758 3258 4031 3327 ἐνηχοῦσά

780 3363 885 3416 μου
912 3349 1025 3408 τοῖς
1054 3346 1158 3398 ὠσὶ
1178 3347 1245 3398 τὰ
1281 3347 1400 3399 θεῖα
1426 3345 1799 3414 λιγυρίσματα
1830 3347 1909 3407 εἰς
1954 3347 2015 3398 τὸ
2073 3347 2162 3399 ἀεὶ
2231 3350 2598 3417 περιίπταμαι
2658 3351 2726 3418 τῇ
2774 3350 2840 3417 σῇ
2871 3348 3059 3416 νοσσιᾷ
3082 3351 3177 3398 καὶ
3224 3348 3593 3418 καταθηλύειν
3648 3351 3717 3402 τά
3768 3351 4032 3419 στρουθία

779 3454 877 3490 σου
903 3437 973 3490 τὰ
1019 3439 1077 3489 ὲν
1107 3439 1245 3507 αὐτῇ
1270 3453 1284 3466 ·
1317 3438 1392 3507 μὴ
1432 3436 1739 3506 ἀναϐάλῃς,
1786 3431 1831 3490 ὧ
1869 3438 2061 3491 ἀένναε
2104 3438 2257 3510 πηγὴ
2305 3441 2404 3511 τῆς
2444 3440 2610 3511 ζωῆς,
2666 3439 2843 3505 ζῶντα
2869 3439 2963 3491 τοῦ
3009 3439 3341 3507 παραδείσου
3388 3439 3768 3504 ἀναϐλύζουσα
3803 3442 3940 3511 ἡμῖν
3969 3444 4031 3493 ἐκ

777 3530 877 3600 τῆς
914 3529 1075 3600 Ἐδὲμ
1127 3530 1459 3598 θεωρίαςιτά
1516 3530 1685 3599 διειδῆ
1719 3546 1812 3582 σου
1838 3535 1931 3583 καὶ
1960 3531 2127 3584 ἄθολα
2161 3533 2229 3586 τὰ
2259 3535 2507 3604 νάματα,
2537 3537 2616 3598 είς
2674 3536 2736 3587 τὸ
2798 3533 3041 3603 πληροῦν
3069 3534 3260 3597 ὕδατος
3320 3535 3520 3598 ζῶντος
3552 3536 3757 3598 ταύτας
3812 3554 3907 3590 σου
3934 3538 4031 3600 τὰς

778 3620 1005 3689 λογικὰς
1039 3619 1135 3672 καὶ
1179 3619 1454 3689 ἐμψύχους
1492 3618 1603 3671 τῶν
1652 3619 1942 3689 προϐάτων
2002 3621 2206 3688 ἀγέλας
2262 3623 2588 3693 δεξαμένας,
2658 3622 2733 3692 μὴ
2798 3623 3096 3692 ἀποκάμῃς
3130 3623 3277 3692 ἡμᾶς
3323 3622 3757 3694 όφθαλμίζουσα,
3790 3619 3837 3678 ὦ
3890 3627 4032 3696 καλὴ

779 3712 878 3764 καὶ
912 3713 1229 3779 στεφανῖτις
1276 3712 1578 3782 κηπουρὸς,
1627 3712 1721 3764 καὶ
1765 3711 2147 3781 δμματίζουσα
2202 3715 2338 3784 πρὸς
2375 3716 2437 3768 τὸ
2476 3714 2661 3779 καλῶς
2716 3715 3060 3783 καλλιεργεῖν
3109 3716 3203 3768 καὶ
3267 3715 3629 3786 ὀφθαλμίζειν
3653 3716 3725 3769 τὰ
3777 3719 3931 3786 φυτά
3964 3722 4031 3772 τὰ

782 3805 843 3857 ἒν
860 3801 963 3855 σοί.

852 3895 898 3950 0
953 3894 1082 3949 luna
1106 3909 1319 3964 semper
1351 3894 1550 3960 lucida,
1581 3911 1649 3949 ne
1675 3912 1860 3951 cesses
1889 3898 2082 3967 praeire
2114 3898 2273 3952 nobis
2302 3907 2358 3953 et

784 3988 957 4041 facem
988 3987 1171 4041 lucere
1203 4002 1298 4055 per
1326 3997 1541 4041 noctem
1575 3988 1876 4056 impietatis
1909 3990 2023 4060 (44)
2057 3997 2113 4044 et
2162 3990 2354 4060 Scrip-

783 4090 1030 4133 turarum
1055 4078 1307 4133 tenebras
1328 4087 1383 4132 et
1402 4079 1765 4134 dillicultates.
1795 4078 1840 4133 0
1858 4081 2059 4150 coniux
2091 4089 2144 4136 et
2166 4096 2354 4137 comes

781 4182 836 4226 te
858 4171 1339 4226 circumradiantis
1368 4171 1470 4225 viri
1505 4173 1581 4226 tui
1618 4173 1754 4227 solis
1776 4173 2003 4240 Christi,
2042 4189 2108 4229 ne
2136 4175 2353 4230 desinas

780 4263 966 4316 radios
998 4276 1064 4315 ex
1092 4277 1157 4315 co
1191 4261 1350 4316 nobis
1388 4261 1674 4317 infundere
1694 4304 1710 4329 ,
1753 4273 1812 4317 ut
1843 4265 1916 4319 ita
1954 4280 2048 4334 per
2076 4275 2130 4321 te
2158 4266 2344 4320 multis

779 4352 1145 4407 Inminaribus
1162 4353 1428 4418 accensis,
1447 4367 1510 4407 ea
1541 4353 1634 4406 tibi
1659 4368 1851 4409 rursus
1881 4356 2182 4423 appendam
2204 4354 2341 4425 (45).

778 4446 834 4499 lo
856 4445 947 4497 Dei
974 4443 1248 4507 tbcsaure,
1276 4458 1375 4497 oro
1398 4452 1450 4498 te
1470 4455 1523 4498 et
1543 4445 1809 4509 obtestor,
1841 4461 2036 4513 purum
2058 4456 2114 4500 et
2134 4447 2342 4515 regium

776 4551 918 4590 vera:
954 4544 1061 4588 tua:
1105 4534 1358 4603 imaginis
1394 4545 1679 4604 argentum
1719 4537 1937 4591 abunde
1977 4537 2133 4592 nobis
2181 4552 2345 4606 porro

778 4622 1088 4692 suppedita,
1118 4631 1177 4676 ut
1209 4620 1342 4675 illud
1373 4622 1425 4675 in
1458 4624 1845 4691 trapezitarum
1873 4632 2094 4677 tuorum
2126 4623 2341 4678 animas

779 4714 892 4783 (46)
944 4715 1261 4780 demittcns,
1294 4715 1368 4768 ita
1396 4726 1450 4768 te
1470 4714 1677 4770 divitiis
1702 4714 2097 4781 abundantem,
2129 4729 2225 4783 per
2248 4729 2345 4769 eos

775 4808 964 4859 ditem.
992 4804 1237 4874 Denique
1272 4814 1331 4858 ut
1364 4815 1417 4859 te
1440 4806 1636 4860 iterum
1680 4821 1811 4860 vero
1849 4806 2071 4861 nomine
2100 4806 2343 4876 compel-

779 4898 906 4961 lem,
942 4910 976 4950 ο
1000 4912 1121 4965 qua:
1158 4896 1269 4966 (47)
1292 4895 1531 4964 adjutrix
1566 4898 1685 4952 viro
1710 4907 1805 4953 tuo
1834 4913 1865 4952 a
1894 4896 2003 4953 Deo
2039 4897 2179 4953 facta
2214 4912 2275 4952 es
2292 4908 2346 4952 ct

777 4986 1014 5055 cognita,
1043 5001 1222 5055 perge,
1248 5002 1463 5056 precor,
1487 5004 1588 5043 nos
1615 4990 1776 5055 tueri,
1796 4989 2133 5059 nobisquein
2162 4989 2343 5043 omni-

2523 3894 2617 3964 Μὴ
2639 3892 2819 3954 λίποις
2847 3892 2881 3962 ἢ
2937 3891 3215 3964 ὲκλείψῃς,
3253 3887 3298 3946 ὦ
3329 3893 3598 3964 ἀειφανὴς
3645 3892 3870 3964 σελήνη,
3902 3895 4034 3949 καθ’

2451 3982 2725 4053 οδηγοῦσα
2760 3983 2907 4052 ἡμᾶς
2934 3984 2991 4034 ὲν
3024 3985 3091 4051 τῇ
3127 3984 3282 4034 νυκτὶ
3313 3982 3413 4051 τῆς
3438 3983 3628 4045 ἀθεϊας
3646 3983 3754 4039 τῶν
3795 3985 3836 4036 Γ
3840 3987 4032 4056 ραφῶν

2450 4076 2752 4143 παννυχίας
2792 4075 2885 4126 καὶ
2914 4073 3297 4143 ἀκαταληψίας
3323 4089 3337 4103 ·
3378 4076 3453 4144 μὴ
3480 4077 3818 4147 καταδήσῃς,
3859 4076 3907 4129 ὦ
3946 4078 4034 4129 σύ-

2450 4166 2583 4233 ζυγε
2608 4167 2701 4220 καὶ
2746 4165 3015 4237 σύνδρομε
3047 4167 3142 4219 τοῦ
3172 4166 3267 4219 σοῦ
3292 4168 3625 4236 ἀμφιῳώτου
3660 4171 4031 4241 σεληνάνδρου

2450 4258 2601 4328 ἡλίου
2640 4257 2905 4328 Χριστοῦ,
2936 4259 3009 4327 μὴ
3040 4259 3137 4327 τὴν
3160 4259 3218 4324 ἐξ
3242 4258 3408 4310 αὑτοῦ
3447 4260 3643 4313 ἀκτῖνα
3689 4264 3825 4330 ἡμῖν
3853 4281 4029 4316 κατα-

2452 4350 2746 4418 πέμπουσα
2774 4352 2920 4413 ὅπως
2950 4350 3009 4413 ἐξ
3037 4349 3206 4402 αὑτοῦ
3236 4350 3323 4403 διά
3360 4351 3456 4403 σοῦ
3475 4355 3868 4419 καταφωτίσας
3897 4356 4031 4409 πολι

2451 4440 2575 4502 λοὺς
2605 4441 2899 4509 φωστῆρας
2929 4443 2992 4493 ἐκ
3019 4439 3114 4492 σοῦ
3141 4439 3392 4508 ὲξανάψω
3423 4458 3526 4495 σοι.
3563 4440 3647 4494 Ἰὼ
3670 4443 3746 4504 ὡς
3768 4443 3909 4495 θεοῦ
3942 4444 4032 4513 θη-

2454 4529 2674 4598 σαυρὸς,
2708 4529 2783 4599 μὴ
2807 4531 2973 4599 παίσῃ
3004 4528 3276 4591 πλουσίως
3299 4530 3431 4597 ἡμῖν
3459 4528 3772 4599 χορηγοῦσα
3812 4532 3874 4582 τὸ
3905 4534 4027 4584 ἀκί-

2450 4620 2643 4691 ϐδηλον
2674 4623 2769 4674 καὶ
2813 4620 3093 4689 βασιλικὸν
3138 4620 3238 4689 τῆς
3276 4619 3512 4688 ἀληθοῦς
3558 4637 3651 4672 σου
3691 4621 3902 4684 εἰκόνος
3930 4624 4027 4690 ἀρ-

2450 4712 2645 4781 γύριον
2664 4731 2677 4742 ·
2711 4712 2857 4774 ὅπως
2886 4710 3045 4763 τοῦτο
3071 4709 3396 4765 καταϐαλὼν
3426 4712 3484 4764 ἐν
3513 4712 3633 4772 ταῖς
3660 4712 3863 4780 ψυχαῖς
3890 4730 4027 4783 τρα-

2448 4802 2691 4866 πεζιτῶν
2727 4804 2835 4856 σῶν
2874 4803 3059 4875 ἇρῤων
3115 4819 3173 4855 σε
3206 4803 3271 4855 δι’
3310 4802 3490 4855 αὐτῶν
3546 4802 3644 4873 τὴν
3698 4802 4025 4856 θεόπλουτον

2450 4896 2905 4965 καταπλουτὴσω.
2948 4894 3104 4948 Μετά
3130 4894 3188 4946 δὲ
3214 4892 3389 4947 ταῦτα
3407 4894 3607 4956 πάντα,
3639 4896 3729 4945 καὶ
3759 4894 3871 4963 πρὸ
3894 4897 4021 4946 τού-

2447 5005 2559 5042 των
2586 4987 2661 5051 ὡς
2690 4986 2869 5056 βοηθῷ
2902 4985 2979 5055 τῷ
3008 4984 3278 5056 ἀνθρώπῳ
3298 4984 3563 5055 γενομένη
3601 4985 3705 5037 ὑπὸ
3740 4984 3903 5050 Θεοῦ,
3930 4986 4023 5037 καὶ

2282 5101 2513 5158 ΝΟΤΙΕ.

851 5211 962 5282 (4⁸2)
1000 5212 1181 5283 Pullos
1214 5224 1330 5266 tuos
1362 5214 1629 5283 oblectem.
1664 5212 1763 5268 Ms.
1784 5216 1877 5277 Εἰς
1892 5216 1954 5267 τὸ
1982 5213 2343 5283 καταθηλύειν

773 5283 841 5354 τᾲ
878 5282 1134 5354 στρουθία
1169 5282 1391 5354 σουτοῦ
1416 5286 1474 5335 ὲν
1516 5284 1676 5353 αὐτῇ,
1722 5286 1835 5352 lege
1868 5285 1947 5346 είς
1982 5284 2044 5336 τὸ
2100 5282 2341 5354 καταθη-

773 5352 952 5423 λύνειν
986 5353 1053 5423 τά
1089 5353 1346 5419 στρουθία
1375 5369 1468 5404 σου
1504 5354 1579 5423 τά
1600 5352 1657 5405 ἐν
1676 5354 1835 5423 αὐτῇ,

845 5422 958 5492 (45)
990 5420 1500 5495 Limpidoslatices.
1534 5421 1748 5477 Με.καὶ
1782 5420 1961 5492 ἀθόλῳ
1994 5424 2063 5476 τὰ
2083 5425 2299 5495 νάματα
2324 5442 2337 5455 ο

771 5493 890 5559 lege
916 5494 1009 5543 καὶ
1039 5491 1205 5544 ἄθολα
1228 5492 1296 5543 τὰ
1324 5493 1565 5561 νάματα.

846 5562 959 5635 (Η)
992 5561 1312 5635 l'eruoctcm
1344 5562 1661 5635 impietatis.
1692 5562 1959 5635 Corruptc
2013 5580 2117 5635 Ius.
2160 5566 2216 5616 ὲν
2272 5568 2337 5635 τῇ

776 5632 933 5681 νυκτὶ
958 5631 1056 5698 τῆς
1084 5631 1271 5693 ἀθεῖας
1300 5631 1409 5682 τῶν
1444 5633 1675 5700 Γραφῶν
1710 5632 2009 5695 παννυεςίας
2038 5634 2133 5685 καὶ
2193 5631 2335 5687 ἀκαὲ

772 5700 1075 5771 ταληψείας
1111 5702 1423 5771 necessario
1450 5702 1761 5771 legendum,
1802 5705 1860 5752 ἐν
1903 5705 1969 5770 τῇ
2023 5704 2176 5754 νυκτὶ
2241 5705 2339 5771 τῆς

773 5768 960 5831 ἁθῖῖας
992 5770 1085 5822 καὶ
1130 5769 1236 5822 τῶν
1268 5770 1499 5830 Γραφῶν
1553 5774 1815 5841 παννυχίσι
1854 5768 2334 5842 καῖἀκαταληύὶᾁι

2518 5214 2631 5281 (45)
2669 5212 2747 5265 Ea
2779 5212 2873 5264 tibi
2913 5227 3096 5281 rursus
3125 5210 3439 5279 appendam.
3464 5208 3565 5265 Ms.
3604 5208 3898 5276 ὲξαναψῶν
3916 5226 4018 5275 σοι,

2448 5280 2855 5337 rescribendum
2887 5280 3138 5347 ἐξανάψω
3178 5297 3281 5333 σοι.

2517 5354 2629 5420 (46)
2664 5351 2732 5404 In
2763 5351 3142 5417 trapezitarum
3174 5361 3382 5420 tuorum
3408 5353 3637 5404 animas.
3661 5349 3762 5404 Ms.
3797 5351 3860 5400 ὲν
3902 5354 4020 5413 ταῖς

2443 5417 2642 5491 ψυχὰῖς
2671 5420 3016 5488 τραπεζιτῶν
3038 5420 3147 5473 τῶν
3167 5419 3275 5472 σῶν
3302 5419 3486 5490 ἀρρων
3512 5436 3595 5483 σε,
3620 5432 3727 5474 etc.
3754 5421 4017 5489 putabam

2447 5493 2556 5543 σῶν
2573 5492 2779 5561 ἀρνῶν,
2807 5499 2866 5544 υι
2891 5503 3075 5561 supra.

2514 5559 2626 5630 (ιτ)
2656 5560 2700 5613 0
2739 5576 2873 5628 qum.
2911 5559 3047 5613 l’uto
3079 5574 3166 5611 me
3215 5559 3359 5613 hunc
3399 5559 3584 5630 locum
3639 5559 3863 5630 egregie
3929 5574 4018 5630 sa-

2448 5628 2615 5685 nasse
2646 5629 2738 5699 qui
2786 5630 2837 5682 in
2868 5646 2972 5682 ms.
3012 5639 3265 5697 corrupte
3298 5630 3371 5699 ita
3394 5628 3597 5699 legitur
3628 5646 3641 5683 :
3695 5628 3768 5691 ὡς
3836 5629 4017 5699 βοηθῷ

2451 5702 2527 5771 ςῴ
2558 5698 2833 5770 ἀνθρώπῳ
2870 5698 3135 5770 γενομένη
3152 5698 3257 5752 ὑπὸ
3281 5698 3439 5759 Θεοῦ,
3476 5708 3579 5753 ctt'.
