4186 6442
199 417 332 483 1081

1365 412 1646 497 ORATIO
1683 413 1764 474 IN
1798 411 2159 474 PSALMUM
2197 412 2297 471 Vl.

3303 409 3441 477 1082

194 528 286 579 τία
328 540 430 593 μου
461 521 557 576 τοῦ
598 518 864 589 ἀφεθῆναί
898 535 966 589 με
990 534 1004 547 ’
1049 518 1132 570 ὅτι
1171 516 1253 587 (6)
1300 517 1536 570 ἐνώπιον
1565 516 1771 581 παντὸς

1888 517 2091 570 veniam
2120 518 2215 571 abs
2240 527 2291 570 te
2310 522 2492 583 petere
2525 530 2539 570 :
2568 527 2697 568 nam
2717 513 2888 581 major
2905 523 2991 570 est
3013 529 3130 570 mea
3156 515 3437 586 iniquitas,

195 612 491 683 ἀνθρώπου
521 614 602 672 είς
632 612 691 661 σὲ
720 608 1126 679 ἐπλημμέλησα
1152 625 1165 637 ·
1208 609 1290 662 ὅτι
1321 609 1463 679 ὑπὲρ
1489 608 1688 678 μέτρον
1710 608 1772 661 τδ

198 700 371 769 ὅνομά
404 716 499 751 σου
520 700 580 750 τὸ
616 700 771 765 Ξιγιον
802 696 1100 766 παρώξυνα
1124 712 1139 727 ’
1170 697 1254 749 ὅτι
1281 696 1421 766 ὑπὲρ
1448 697 1541 749 τὸν
1562 697 1773 750 ἄσωτον

202 793 310 860 ,εγὼ
342 793 371 843 ὁ
426 792 636 852 ἄσωτος
668 789 875 842 ἐϐίωσα
899 805 912 818 ·
942 789 1025 841 ὅτι
1051 789 1192 858 ὑπὲρ
1225 788 1319 840 τὸν
1348 790 1420 841 τὰ
1462 787 1635 859 μύρια
1680 788 1775 841 τά·

202 880 369 933 λαντά
416 897 500 932 σοι
547 877 932 948 χρεωστοῦντα
962 877 1372 949 χρεωφειλέτης
1426 896 1509 931 σοι
1551 879 1774 947 γέγονα.

210 972 386 1041 ’Υπὲρ
402 974 495 1025 τὸν
517 969 772 1040 Τελώνην
802 971 832 1022 ὁ
860 969 1065 1039 ἐχθρὸς
1102 970 1286 1032 κακῶς
1312 987 1383 1038 με
1413 968 1778 1040 ἐτελὼνήσεψ

209 1064 389 1131 ’Υπὲρ
420 1063 513 1114 τὸν
557 1060 762 1132 λῃστὴν
794 1061 823 1112 ὁ
863 1060 1186 1129 φονοκτόνος
1217 1061 1319 1130 ἐμὲ
1363 1060 1550 1122 κακῶς
1582 1060 1778 1114 ἐθανά-

206 1174 397 1209 τωσεν.
442 1155 615 1223 Ὑπὲρ
659 1154 758 1224 τὴν
814 1155 1024 1224 πόρνην
1072 1154 1186 1221 ἐγὼ
1215 1156 1244 1206 ὁ
1302 1153 1632 1225 φιλόπορνος
1661 1194 1678 1219 ,
1717 1155 1782 1206 ἐκ

202 1248 340 1300 θεοῦ
400 1248 728 1317 ὲπόρνευσα.
795 1247 966 1316 ’Υπὲρ
1014 1244 1113 1313 τὴν
1173 1245 1380 1313 Νινευῆ
1432 1246 1783 1315 ἀμετανόήτα

202 1338 632 1406 ἐπλημμέλησα.
671 1336 843 1405 ’Υπὲρ
867 1336 961 1390 τὸν
984 1336 1254 1403 Μανασσῆ
1282 1353 1301 1386 ι
1342 1338 1399 1389 αἱ
1428 1338 1648 1406 ἀνομίαι
1680 1353 1783 1405 μου

204 1427 497 1497 ὑπερῆραν
518 1428 615 1495 τὴν
637 1425 881 1495 κεφαλήν
904 1443 1027 1494 μου.
1065 1443 1084 1475 ι
1128 1424 1298 1495 ’Υπὲρ
1317 1426 1418 1494 τὴν
1447 1425 1784 1490 Χαναναίαν,

210 1537 229 1568 ι
272 1518 409 1568 ὡσεὶ
442 1516 666 1585 φορτίον
701 1515 837 1584 βαρὺ
865 1512 1243 1584 ἐϐαρύνθησαν
1275 1513 1362 1565 ἐπ’
1398 1513 1497 1583 ἐμὲ
1521 1552 1535 1576 ,
1568 1513 1663 1565 καὶ
1688 1530 1787 1566 τα·-

205 1608 568 1676 λαιπωρήσας
600 1603 1001 1674 κατεκὰμφοήν
1031 1603 1136 1665 ἕως
1178 1602 1387 1666 τέλους.
1433 1622 1452 1653 ι
1502 1602 1577 1655 Τὸ
1611 1601 1785 1673 ὄνομά

210 1716 309 1752 σου
339 1699 402 1750 τὸ
441 1699 595 1765 ἅγιον
631 1697 999 1767 παρὼργισα·
1043 1698 1106 1749 τὺ
1151 1696 1384 1765 ι]νεῦμά
1410 1713 1504 1747 σου
1542 1694 1604 1748 τὸ
1633 1696 1789 1763 ἆγιον

205 1792 489 1860 ἐλύπησα·
524 1789 633 1841 τῶν
660 1789 891 1841 ἐντολῶν
914 1806 1010 1840 σου
1044 1789 1394 1857 παρήκουσα.
1426 1787 1530 1839 Τὸν
1553 1785 1787 1838 πλοῦτόν

1874 623 2037 679 quam
2067 619 2126 662 ut
2153 609 2284 663 mihi
2322 608 2616 662 condonari
2639 608 2830 662 debeat
2853 625 2866 659 :
2892 610 3091 677 quippe
3116 626 3298 665 eoraut
3327 628 3444 665 om-

1875 701 2035 754 nibus
2060 700 2184 754 inte
2204 698 2403 767 deliqui
2424 697 2502 768 (7)
2535 717 2547 751 :
2576 713 2738 767 supra
2767 699 2985 751 modum
3009 712 3224 755 onmem
3248 716 3444 756 nomen

1876 799 2122 846 sanctum
2149 800 2300 843 tuum
2341 789 2549 842 irritavi
2587 803 2795 858 :supra
2849 789 3135 858 prodigum
3187 793 3444 861 prodigus

1876 895 1978 950 ego
2009 882 2232 950 prodige
2260 894 2324 934 ac
2390 880 2666 935 luxuriose
2720 882 2887 937 vixi’.
2927 881 3104 950 Supra
3162 896 3285 937 eum
3351 884 3445 952 qui

1878 972 2064 1026 decem
2104 979 2427 1026 talentorum
2473 971 2637 1024 millia
2666 970 2937 1035 debebat,
2974 974 3188 1027 debitor
3238 974 3333 1027 tibi
3365 974 3449 1027 la-

1880 1074 1999 1117 ctus
2027 1078 2146 1117 sum
2172 1064 2213 1117 ³.
2244 1062 2418 1132 Supra
2443 1061 2800 1117 Publicanum
2833 1063 2930 1132 (8),
2957 1079 3042 1117 me
3099 1066 3241 1121 male
3277 1065 3450 1119 hostis

1882 1155 2199 1224 vectigalem
2232 1154 2422 1209 lecit‘.
2465 1152 2637 1222 Supra
2670 1153 2958 1219 latronem,
2995 1170 3080 1210 me
3117 1156 3208 1211 ille
3272 1157 3450 1211 homi-

1883 1247 2001 1299 cida
2065 1246 2205 1300 male
2258 1246 2569 1299 vulneravit
2616 1260 2682 1299 ac
2734 1245 3002 1299 cecidit“.
3034 1245 3210 1313 Supra
3274 1262 3453 1301 mere-

1887 1337 2096 1402 tricem,
2128 1336 2457 1389 fornicarius
2498 1349 2617 1405 ego,
2652 1335 2912 1389 deﬁciens
2942 1350 2972 1388 a
3017 1335 3124 1389 Deo
3155 1336 3454 1391 fornicatus

1884 1444 2003 1484 sum
2029 1430 2070 1483 ⁸.
2092 1428 2267 1497 Supra
2283 1427 2535 1483 Ninivem
2563 1428 2923 1495 impmnitenti
2952 1427 3136 1482 animo
3166 1428 3382 1496 peccavi
3410 1428 3453 1483 '.

1888 1520 2066 1587 Super
2120 1518 2422 1572 Manassem
2463 1537 2483 1571 ι
2557 1518 2875 1587 iniquitates
2920 1533 3052 1573 mea:
3094 1532 3457 1588 supergressa:

1888 1620 2017 1666 sunt
2049 1622 2209 1680 caput
2246 1626 2422 1665 meum
2447 1612 2504 1678 ';
2534 1620 2590 1666 et
2607 1625 2769 1678 super
2793 1610 3150 1664 Chananazam
3181 1613 3226 1677 ’,
3248 1628 3269 1661 ι
3314 1611 3454 1664 sieu'

1889 1717 2027 1757 onus
2051 1716 2213 1771 grave
2238 1710 2472 1769 gravatae
2490 1709 2613 1755 sunt
2639 1716 2653 1751 :
2686 1713 2751 1751 ac
2782 1699 2945 1752 miser
2969 1698 3173 1763 lactus,
3200 1707 3459 1753 curvatus

1892 1807 2013 1847 sum
2050 1807 2219 1860 usque
2242 1793 2295 1843 iu
2323 1792 2507 1845 linem.
2558 1807 2577 1840 ι
2607 1787 2811 1842 Nomen
2844 1797 3091 1842 sanctum
3153 1796 3302 1840 tuum
3336 1788 3441 1841 irri-

208 1902 311 1937 σου
354 1882 542 1946 κακῶς
581 1883 967 1953 διεσκόρπισα,
1015 1882 1109 1933 τὸν
1155 1880 1430 1951 Θησαυρόν
1461 1898 1554 1933 σου
1603 1880 1787 1941 κακῶς

1896 1886 2003 1939 tavi
2040 1900 2054 1938 :
2093 1852 2363 1936 mandatis
2390 1881 2498 1934 tuis
2514 1896 2620 1933 non
2649 1880 3052 1947 obtemperavi;
3084 1879 3302 1931 divitias
3340 1890 3460 1933 tuas

208 1976 533 2043 ἐδαπάνησα
558 1991 572 2004 ’
621 1975 715 2026 τὸν
774 1972 1067 2044 ἀρραϐῶνα
1092 2013 1107 2038 ,
1143 1974 1202 2025 ὃν
1243 1990 1334 2042 μοι
1381 1972 1621 2032 δέδωκας
1646 2010 1661 2033 ,
1709 1974 1790 2034 είς

207 2066 443 2134 ἀνομίας
475 2064 765 2134 ἀνήλωσα·
818 2064 911 2115 τὸν
954 2064 1082 2115 ναόν
1128 2080 1223 2114 σου
1259 2062 1355 2114 τοῦ
1392 2061 1642 2130 σώματός
1687 2079 1789 2131 μου

208 2157 496 2209 ἐσπίλωσα
519 2171 532 2184 ⁸
568 2155 667 2225 τὴν
697 2155 820 2206 κατ’
849 2156 1037 2207 εἰκόνα
1063 2171 1159 2207 σου
1194 2153 1374 2223 ψυχήν
1418 2171 1521 2223 μου
1556 2153 1793 2222 μολύνας

208 2247 516 2317 ἐχρείωσα⁸
550 2246 644 2299 τὸν
690 2246 884 2315 χρόνον
930 2247 990 2298 ὃν
1039 2263 1131 2315 μοι
1168 2246 1448 2307 δέδωκας,
1500 2244 1640 2314 μετὰ
1684 2244 1794 2296 τῶν

212 2336 433 2406 ἐχθρῶν
466 2353 560 2388 σου
582 2335 789 2387 ἐϐίωσα
809 2351 821 2363 ·
850 2334 951 2404 τὴν
981 2333 1163 2404 φωνὴν
1190 2334 1290 2402 τῆς
1322 2333 1542 2401 ἐντολῆς
1570 2349 1665 2384 σου
1695 2333 1796 2385 οὐκ

216 2425 464 2495 ἐφύλαξα
482 2442 496 2455 ·
523 2425 616 2477 τὸν
647 2424 845 2494 χιτῶνα
878 2425 936 2476 ὅν
966 2440 1033 2492 με
1050 2424 1330 2487 ἐνέδυσας,
1355 2422 1614 2491 ῥυπώσας
1635 2422 1795 2475 ἐσπί-

213 2517 371 2569 λωσα
416 2533 431 2546 ·
454 2515 555 2586 τὴν
605 2515 891 2583 λαμπάδα,
942 2514 1010 2582 ἧν
1040 2531 1129 2583 μοι
1158 2512 1482 2579 ἐσκεύασας,
1509 2511 1797 2575 νυστὰξας,

212 2605 535 2660 ἀπέσϐεσα’
559 2606 620 2657 τὸ
647 2604 941 2675 πρόσωπόν
975 2622 1074 2671 μου
1102 2604 1131 2655 ὂ
1160 2603 1511 2673 ἐφαίδρυνας,
1545 2603 1799 2672 ἁμαρτή-

220 2712 324 2757 σας
353 2695 671 2765 κατῄσχυνα
694 2710 705 2721 ·
734 2693 865 2753 τοὺς
898 2692 1214 2761 ὀφθαλμούς
1241 2709 1344 2760 μου
1379 2691 1473 2753 οὓς
1504 2691 1796 2758 ἑφώτισας,

218 2791 410 2852 κακῶς
451 2790 615 2843 πάλιν
646 2788 938 2856 ἐτύφλωσα
963 2827 979 2852 ,
1007 2786 1076 2839 τὰ
1113 2785 1269 2855 χείλη
1310 2802 1415 2854 μου
1461 2784 1607 2856 ἅπερ
1638 2788 1799 2852 ήγία-

221 2900 349 2945 σας.
386 2882 553 2935 πάλιν
589 2881 911 2951 ἐρρύπωσα.
949 2879 1060 2931 Καὶ
1086 2873 1204 2931 οἴδα
1246 2879 1329 2930 ὃτι
1360 2878 1581 2937 πάντως
1608 2876 1677 2929 τὰ
1707 2893 1801 2928 πε-

222 2975 529 3043 πραγμένα
576 2992 666 3042 μοι
700 2972 943 3037 ἑλέγξεις
963 3014 979 3037 ,
1015 2973 1110 3023 καὶ
1152 2971 1310 3039 παρὰ
1338 2969 1500 3021 τοῦτο
1525 2970 1625 3020 οὐκ
1657 2968 1801 3019 ἔστιν

218 3061 284 3119 οὗ
315 3064 701 3132 διαφεύξομαι,
733 3061 871 3113 ἀλλὰ
902 3060 1117 3122 πάντως
1144 3059 1342 3127 ἐλεγχθ
1359 3060 1564 3127 ήσομαι
1584 3073 1599 3087 ο
1630 3057 1722 3108 καὶ
1752 3057 1801 3107 εἰ

1894 1972 2035 2027 male
2081 1969 2373 2038 dissipavi;
2420 1971 2731 2023 thesaurum
2786 1975 2933 2021 tuum
3000 1966 3139 2021 male
3190 1969 3460 2036 expendi;

1893 2064 2087 2131 pignus
2137 2062 2279 2130 quod
2322 2060 2454 2114 tuihi
2498 2060 2719 2123 dedisti,
2755 2059 2808 2112 itt
2847 2069 3067 2127 peccata
3107 2061 3459 2128 consumpsi;

1897 2152 2153 2221 templum
2179 2162 2348 2214 tuum,
2370 2149 2513 2217 quod
2530 2159 2614 2203 est
2634 2164 2830 2217 corpus
2851 2166 3049 2214 meum,
3065 2150 3460 2214 contaminavi;

1895 2246 2129 2299 animam
2158 2258 2357 2306 meam,
2387 2257 2553 2310 quam
2577 2243 2643 2296 ad
2676 2243 2961 2311 imaginem
2985 2254 3130 2298 tuam
3150 2260 3463 2312 creaveras,

1894 2334 2296 2391 commaculans
2332 2332 2490 2385 infeci
2516 2333 2592 2401 (9)
2623 2348 2638 2385 :
2674 2341 2887 2401 tempus
2914 2349 2943 2387 a
2982 2344 3033 2387 te
3066 2336 3195 2387 mihi
3232 2350 3455 2390 conces-

1895 2443 2037 2492 sum,
2067 2442 2190 2483 cum
2218 2424 2463 2480 hostibus
2508 2424 2616 2477 tuis
2648 2425 2896 2489 traduxi;
2940 2427 3015 2479 tui
3069 2441 3255 2480 vat-em
3328 2442 3463 2497 pra!-

1897 2520 2038 2587 cepti
2064 2532 2169 2571 non
2192 2516 2511 2579 observavi;
2543 2518 2781 2570 tunicam
2843 2532 3007 2586 quam
3066 2534 3152 2572 me
3186 2520 3461 2583 indueras,

1898 2611 2150 2665 sordibus
2172 2608 2569 2677 conspurcavi;
2620 2608 2925 2673 lampadem
2955 2609 3055 2663 abs
3084 2620 3136 2663 te
3167 2611 3298 2663 mihi
3330 2626 3465 2679 prte-

1900 2710 2166 2770 paratam,
2195 2700 2497 2753 dormitans
2524 2700 2797 2763 exstinxi;
2824 2701 3027 2753 vultum
3077 2701 3231 2753 illum
3264 2718 3465 2765 meum,

1898 2803 2061 2857 quem
2111 2798 2164 2840 tu
2202 2801 2519 2850 ornaveras,
2546 2804 2647 2857 ego
2696 2789 2934 2856 peccatis
2986 2788 3225 2855 ltedavi;
3277 2793 3467 2844 oculos

1900 2890 2072 2940 meos,
2124 2876 2268 2944 quod
2326 2875 2654 2943 illustraras,
2706 2877 2848 2931 male
2904 2878 3100 2933 iterum
3161 2882 3465 2946 excaecavi;

1901 2966 2043 3020 labia
2076 2981 2216 3030 mea,
2253 2980 2373 3034 qua:
2401 2967 2865 3031 sanctilieaveras,
2898 2984 2999 3035 ego
3040 2984 3255 3023 rursum
3292 2971 3455 3025 infeci

1902 3058 2177 3113 sordibus.
2204 3058 2332 3112 Scio
2355 3066 2537 3111 autem
2559 3057 2675 3112 fore
2700 3068 2805 3111 uta
2825 3074 2910 3113 me
2928 3061 3220 3115 commissa
3241 3063 3462 3115 omnino

217 3158 358 3218 ὅλως
386 3155 705 3223 ἐλέγχομαι,
746 3171 765 3204 t
804 3152 997 3221 Κύριε,
1039 3152 1115 3221 μή
1146 3152 1225 3220 τῷ
1254 3150 1414 3220 Θυμῷ
1444 3167 1536 3202 σου
1577 3148 1796 3219 ἐλέγξῃς

1905 3165 2139 3217 arguas;
2180 3166 2282 3205 nec
2310 3152 2378 3204 ab
2426 3152 2529 3203 hoe
2586 3151 2750 3203 ullum
2791 3151 2921 3205 mihi
2945 3151 3199 3221 elIugium
3234 3164 3339 3219 est,
3375 3156 3471 3207 sed

226 3264 296 3316 με
323 3265 337 3277 ·
395 3265 414 3296 ι
460 3244 617 3311 κάγὼ
664 3244 915 3314 κερδήσω
948 3244 1100 3313 παρὰ
1150 3241 1245 3294 σοῦ
1289 3240 1449 3294 τοῦτο
1498 3239 1591 3293 τοῦ
1626 3242 1796 3310 μόνου

295 3424 318 3454 ⁹
349 3420 482 3474 Luc.
526 3436 615 3480 xv,
646 3420 681 3473 4
718 3434 873 3487 seqq.
947 3420 968 3450 ³
1025 3417 1212 3487 Matth.
1258 3434 1415 3479 xvm,
1454 3417 1545 3471 24.

225 3508 287 3555 tt,
321 3493 377 3545 4.
456 3487 565 3542 ειν
604 3486 889 3559 Reg.~xxt,
922 3487 1019 3553 16;
1044 3486 1187 3540 Psal.
1229 3502 1439 3551 xxxvn,
1480 3488 1535 3541 5.

1650 3422 1672 3448 ⁸
1699 3418 1827 3471 Luc.
1860 3432 2018 3483 xvttt,
2060 3418 2147 3471 ll).

1613 3489 1634 3519 ⁹
1664 3488 1855 3542 Matth.
1893 3504 1983 3551 xv,
2005 3486 2097 3540 22.

1908 3244 2066 3310 plane
2094 3244 2185 3298 liet
2210 3254 2269 3297 ut
2295 3260 2512 3314 arguar.
2538 3244 2617 3298 Ac
2641 3244 2908 3313 siquidem
2936 3245 3008 3297 ita
3054 3259 3277 3312 prorsus
3325 3243 3470 3297 futu-

2254 3420 2275 3450 ⁸
2300 3420 2431 3473 Luc.
2458 3435 2511 3484 ι,
2541 3418 2632 3471 50.
2730 3418 2751 3448 ⁸
2782 3416 2910 3473 Luc.
2954 3433 3049 3482 vn,
3081 3418 3169 3472 37.

3278 3420 3299 3450 "
3323 3419 3472 3475 Jonze

1735 3638 1967 3694 ΝΟΤιλΕ.

323 3782 382 3851 6)
410 3779 593 3835 Codex
621 3780 829 3851 Regius
847 3781 1007 3834 habet
1028 3778 1219 3844 πλείω,
1262 3780 1402 3849 quod
1429 3781 1618 3847 probat
1645 3780 1806 3834 Com-

231 3850 489 3909 beliSius.
523 3862 582 3901 nt
612 3866 717 3903 non
747 3850 1018 3917 publicqu
1068 3861 1347 3916 peccatum
1370 3888 1385 3909 ,
1417 3851 1511 3902 sed
1563 3861 1804 3913 peccato-

232 3939 353 3976 rum
392 3922 659 3973 tnaxitnus
693 3919 941 3972 cumulus
980 3920 1317 3983 designetur.
1361 3917 1465 3972 Sed
1520 3920 1649 3971 nihil
1689 3935 1807 3970 ntu-

231 3996 478 4044 tamlunt.
508 3988 737 4042 Perinde
762 3999 845 4040 est
869 3987 1053 4039 Davidi
1076 3989 1119 4039 si
1149 3988 1363 4054 publice
1394 4002 1643 4053 peccasse
1676 4003 1802 4041 con-

229 4065 475 4119 liteatur,
522 4074 585 4109 ae
630 4058 673 4109 si
708 4058 853 4108 dicat
905 4072 963 4109 se
1017 4059 1187 4123 magis
1226 4059 1434 4109 caneris
1495 4058 1802 4110 hominibus

232 4144 513 4197 peccasse.
542 4125 763 4197 Publica
794 4136 918 4197 sunt
950 4140 1133 4193 regum
1166 4138 1382 4191 peccata
1411 4163 1427 4187 ,
1461 4142 1558 4179 nec
1600 4140 1664 4178 ea
1703 4141 1799 4197 pu-

231 4194 374 4253 blice
420 4196 669 4317 cgnliteri
715 4195 968 4248 Davidem
1013 4197 1237 4260 puduit,
1269 4205 1327 4248 ut
1378 4204 1527 4264 patet
1564 4208 1631 4249 ex
1662 4194 1803 4263 psal.

232 4284 321 4317 mo
350 4282 427 4317 LI.
499 4280 616 4317 ASN.

232 4284 321 4322 ιιιο
350 4282 403 4321 ιι
413 4308 427 4319 ,
459 4280 616 4318 UASN.

304 4337 385 4403 (7)
422 4333 613 4386 Coram
639 4333 878 4385 omnibus
906 4333 967 4403 in
986 4340 1033 4383 te
1055 4332 1271 4399 deliqui.
1317 4332 1579 4386 Ἐνώπιον
1601 4331 1804 4396 παντὸς

232 4402 708 4473 ἀνθρώπουΝοίὶι
740 4411 930 4455 auctor
954 4402 1170 4455 Davidis
1200 4412 1480 4470 peccatum
1512 4417 1805 4472 aggravare

232 4490 300 4529 ex
333 4472 462 4526 facti
492 4472 834 4533 notorietate,
868 4479 925 4521 ut
954 4482 1144 4523 vocant
1174 4487 1188 4523 :
1231 4473 1440 4525 tametsi
1475 4473 1620 4525 enim
1651 4481 1803 4538 puta-

236 4546 331 4597 bat
361 4545 478 4610 ipse
502 4554 610 4610 rem
637 4541 689 4593 in
713 4538 925 4592 occulto
950 4553 1092 4610 esse,
1121 4540 1260 4593 haud
1289 4552 1468 4595 tamen
1485 4550 1623 4610 erat,
1644 4541 1799 4605 juxta

237 4601 515 4679 propheta:
536 4607 750 4679 Natban
784 4610 850 4660 ad
874 4623 1010 4679 eum
1036 4601 1459 4679 increpationetn
1490 4627 1505 4662 :
1538 4601 1799 4673 Quoniam
1831 4601 1874 4658 Ι)

236 4676 603 4747 blaspheme"
650 4677 817 4745 fecisti
861 4678 1103 4729 inimicos
1139 4676 1401 4747 Domini:
1449 4682 1575 4731 dato
1621 4679 1808 4747 utique

237 4746 389 4805 tanto
423 4747 721 4802 seandalo:
756 4760 1061 4816 quanquam
1097 4746 1231 4799 nihil
1262 4748 1408 4816 cogit
1456 4758 1512 4801 ut
1544 4747 1688 4816 dicta
1717 4746 1807 4803 hic

234 4821 419 4874 omnia
451 4831 519 4869 ex
552 4830 783 4884 persona
820 4815 1038 4868 humilis
1068 4815 1409 4883 pandentis,
1445 4816 1499 4870 in
1545 4815 1804 4871 Davidem

236 4886 524 4942 referenda
560 4886 687 4938 sint.
735 4884 935 4949 Regius
977 4885 1143 4937 codex
1191 4884 1309 4939 loco
1355 4885 1609 4949 ἐνώπιον,
1644 4887 1807 4941 habet

235 4957 433 5017 πλείω,
471 4964 531 5005 ut
565 4970 667 5006 non
705 4956 973 5021 publicum
1010 4964 1288 5024 peccatum
1338 4957 1673 5024 designetur,
1710 4956 1806 5009 sed

236 5036 589 5095 peccatorum
616 5026 879 5095 maximus
906 5022 1154 5076 cumulus
1176 5064 1191 5086 ,
1223 5039 1317 5077 seu
1351 5022 1512 5077 etiaiu
1542 5025 1803 5093 gravitas,

236 5092 401 5164 quam
438 5092 861 5164 subindevariis
884 5095 1156 5164 exemplis
1186 5103 1494 5163 exaggerat,
1527 5092 1645 5162 quae
1671 5095 1804 5149 mihi

241 5160 420 5217 littera
449 5162 617 5227 magis
642 5162 835 5228 placet.
871 5160 1155 5215 COIIBEFIS.

311 5234 391 5302 (8)
428 5229 604 5302 Supra
638 5229 1168 5302 Pablicanam._Nou
1215 5230 1426 5302 videtur
1455 5231 1595 5286 istud
1631 5247 1803 5286 mem-

239 5299 397 5357 brum
428 5300 563 5351 satis
591 5300 808 5352 omnino
835 5299 1258 5366 praecedentibus
1285 5301 1578 5366 cohzerere,
1608 5303 1804 5370 quibus

241 5380 500 5440 peccator
541 5370 807 5435 pumileas
835 5382 987 5440 suam
1024 5378 1316 5437 exaggerat
1357 5370 1569 5438 culpam
1610 5390 1624 5424 :
1664 5373 1802 5424 forte

242 5437 493 5493 iideatnr
520 5439 635 5509 ulla
686 5452 784 5488 vox
835 5437 1133 5509 ἐίτελώνησε
1174 5437 1468 5509 δΙίιετνΙιίε
1511 5453 1799 5509 usurpata,

241 5526 405 5578 quam
450 5508 533 5559 vel
579 5515 800 5578 usurpet
847 5506 1159 5572 Gregorius,
1213 5508 1293 5560 vel
1344 5506 1800 5578 Plutarchfcum

243 5574 511 5641 scribunt,
554 5574 916 5646 Ἐτελώνησεν
937 5578 1232 5644 Αἴγυπτον.
1254 5606 1323 5618 ——
1346 5576 1451 5638 υῦς
1474 5579 1659 5641 κακῶς
1688 5581 1801 5631 ἑτε-

242 5648 529 5716 λώνησας,
580 5645 987 5714 διασκόρπισον,
1041 5662 1185 5709 nun,
1216 5648 1432 5699 tributis
1482 5651 1705 5715 diripuit
1749 5667 1811 5704 ac

248 5718 431 5771 telonii
467 5718 673 5770 lucris:
712 5718 805 5768 sed
832 5718 1172 5783 publicanum
1208 5716 1371 5781 fecit,
1419 5733 1482 5771 ac
1515 5719 1812 5773 inhiantem

246 5788 511 5856 ejusmodi
578 5786 749 5842 lucris
791 5786 1010 5855 iniquis.
1065 5784 1320 5858 Sequenti
1378 5791 1654 5852 membro,
1709 5806 1816 5859 quo

1910 3781 2035 3834 item
2060 3778 2221 3834 editis
2263 3778 2608 3845 significatur
2635 3792 2832 3846 passus
2867 3789 3121 3847 peccatur
3166 3795 3195 3833 a
3228 3783 3473 3837 daemone

1908 3864 2001 3903 seu
2030 3849 2261 3912 latrone,
2296 3848 2514 3918 velutis
2540 3863 2697 3914 quem
2730 3847 2904 3902 Lucas
2953 3850 3020 3901 ab
3051 3851 3131 3905 eis
3186 3852 3470 3918 spoliatum

1907 3933 1971 3972 ac
2019 3918 2338 3971 semivivum
2387 3916 2634 3969 relictum
2685 3929 2868 3970 narrat
2909 3935 2922 3970 :
2974 3919 3166 3973 melius
3211 3916 3310 3975 ius.
3346 3923 3469 3977 cod.

1907 3998 2158 4052 peccator
2191 3987 2305 4053 ipse
2356 3990 2513 4050 latro,
2552 4001 2614 4039 ac
2656 3990 2803 4053 prior
2849 3988 3057 4040 latrone
3099 3990 3468 4043 describitur:

1906 4054 2035 4127 ρῖδα
2075 4058 2313 4125 ἐμαυτὸν
2346 4055 2486 4124 ὑπὲρ
2513 4056 2606 4108 τὸν
2634 4056 2836 4127 λῃστὴν
2866 4056 3172 4126 λῃστρικῶς
3205 4059 3470 4127 ζήσαντα.

1911 4125 2107 4178 Vixisse
2153 4126 2418 4177 latronum
2459 4141 2602 4177 ntere
2632 4125 3224 4193 plusquam"latronem.
3262 4125 3317 4181 in
3364 4147 3467 4183 IIIS.

1912 4196 2000 4248 ubi
2028 4204 2108 4249 est
2140 4196 2401 4262 particula
2435 4194 2730 4255 rationalis,
2767 4195 2931 4261 possit
2965 4196 3136 4263 accipi
3178 4198 3261 4251 illa
3293 4214 3321 4250 a
3359 4201 3470 4253 da:-

1911 4278 2068 4317 mone
2104 4273 2159 4317 ut
2185 4264 2470 4329 publicano
2510 4266 2759 4326 exactio,
2794 4273 2851 4315 nt
2902 4267 3036 4316 ratio
3065 4270 3285 4331 grandis
3328 4269 3470 4322 illius

1908 4334 2073 4387 debiti
2100 4334 2400 4400 {plusquam
2450 4334 2632 4385 decem
2680 4334 2904 4386 millium
2955 4334 3299 4399 talentorum,
3347 4348 3471 4391 tan-

1908 4418 2067 4471 quam
2112 4402 2245 4455 nihil
2274 4403 2500 4471 Domino
2525 4403 2694 4468 possit
2728 4401 2975 4471 reddere,
3009 4405 3099 4470 qui
3137 4405 3219 4458 sic
3247 4417 3329 4459 est
3356 4407 3470 4460 dia-

1906 4468 2033 4594 golo
2088 4471 2383 4539 vectigalis.
2437 4468 2632 4524 Verum
2693 4472 2808 4525 haec
2867 4468 3466 4542 forte‘scrupulosius.

1951 4555 2195 4594 OIBEl-‘IS.

1951 4555 2195 4595 OIBEFIS.

1975 4610 2051 4681 {9)
2086 4609 2488 4683 Commacnlans
2517 4608 2697 4683 infeci.
2749 4608 2892 4681 Lego
2919 4609 3153 4683 μολύνας
3174 4614 3471 4683 ἐχροίωσα,

1906 4678 2159 4752 tanquam
2195 4679 2421 4752 axpom
2441 4718 2457 4743 ,
2481 4678 2668 4752 colar;
2710 4678 2849 4752 non:
2869 4680 3162 4749 ἐχρείωσα,
3205 4678 3472 4752 tanquam.

1902 4763 1932 4801 a
1964 4746 2138 4819 χρεία,
2171 4746 2421 4819 debitum.
2471 4746 2610 4812 Quid
2638 4750 2779 4801 enim
2825 4746 3101 4819 inlectioni
3133 4767 3255 4806 eum
3288 4746 3473 4811 debito

1901 4829 1957 4871 et
1978 4818 2324 4889 obligatione,
2345 4820 2487 4887 quod
2508 4818 2678 4870 reddit
2694 4818 2999 4886 interpres?
3018 4820 3252 4874 animum
3276 4838 3470 4889 meam,

1901 4903 2058 4956 quam
2103 4888 2171 4939 ad
2211 4889 2489 4955 imaginem
2538 4895 2681 4940 tuam
2726 4903 3034 4953 creaveras,
3080 4888 3471 4948 conmaculans

1902 4956 2147 5023 obligavi.
2181 4956 2608 5027 luscitus_plane
2635 4957 2987 5027 metaphoris
3029 4960 3375 5027 Anastasius,
3410 4975 3471 5019 ut

1909 5027 1989 5078 sic
2011 5027 2092 5077 vel
2120 5025 2395 5080 voluisset.
2423 5025 2565 5078 Idem
2599 5025 2755 5091 plane
2787 5027 2999 5080 videtur
3032 5028 3117 5080 hic
3143 5025 3377 5086 voluisse
3404 5033 3469 5087 iis

1909 5096 2111 5168 verbis,
2142 5105 2302 5168 atque
2326 5098 2483 5168 paulo
2507 5103 2624 5168 post
2644 5094 2913 5168 similibus
2935 5096 3049 5150 istis
3072 5118 3081 5150 :
3110 5097 3211 5168 Τόν
3240 5101 3467 5168 χιτῶνα,

1908 5163 1967 5215 ὃν
1992 5179 2059 5233 με
2095 5164 2348 5235 ἐνέδυσας
2394 5165 2651 5235 ρυπωσας
2677 5163 2982 5229 ἐσπίλωσα,
3010 5163 3471 5235 sordibus-asper;

1908 5248 2031 5304 gens
2051 5232 2450 5304 commaculaui.
2479 5232 2705 5304 (ἓτερον.
2731 5235 2863 5286 dixit
2881 5235 3164 5304 ἐχροίησα.
3190 5236 3297 5291 Nec
3324 5232 3468 5292 aliud

1908 5301 2199 5372 vul‘tBegii
2227 5304 2429 5356 codicis
2449 5303 2616 5355 editio
2656 5321 2669 5357 :
2700 5305 2798 5371 τὴν
2827 5301 2959 5355 arar"
2986 5301 3169 5358 eixdva
3198 5323 3291 5358 σου
3310 5308 3470 5372 ἀξίαν

1907 5370 2247 5442 καθύϐρισα,
2267 5373 2584 5442 dignitatem
2614 5370 2855 5439 imaginis
2882 5374 3089 5429 violari.
3125 5375 3323 5442 Nempe
3347 5370 3468 5431 eam

1906 5441 2221 5513 inﬁciendo.
2259 5440 2352 5495 Vel
2399 5443 2561 5513 etiam
2615 5442 2873 5513 scriptum
2924 5446 2994 5498 sit
3046 5440 3350 5513 ὴχρείωσα’
3402 5448 3470 5499 ab

1904 5510 2157 5579 ἁχρειόω.
2190 5512 2319 5575 Quae
2348 5525 2448 5562 vox
2484 5512 2572 5563 hic
2604 5511 2882 5578 aptissima
2929 5524 3029 5567 est.
3064 5510 3469 5569 Commacnlam

1903 5579 2142 5649 perdidi,
2172 5580 2403 5643 abolevi,
2464 5581 2702 5633 inutilem
2748 5581 2987 5647 reddidi,
3041 5584 3313 5649 deturpavi
3340 5599 3361 5636 :
3394 5586 3474 5638 sic

1911 5647 2079 5715 Regia
2109 5650 2364 5722 editione,
2397 5652 2463 5703 de
2494 5650 2668 5702 vultus
2713 5651 2907 5704 decore
2938 5668 3001 5706 ac
3033 5647 3315 5716 munditia,
3355 5668 3477 5722 qua:

1910 5728 1993 5789 est
2044 5720 2486 5785 regeneratione,
2544 5722 2961 5789 κατηχρείωσα·
3021 5723 3109 5773 ubi
3163 5724 3293 5775 edit.
3344 5720 3476 5775 κάτ-

1912 5786 2138 5857 ῄσχυνα,
2190 5790 2482 5856 deturpavi,
2536 5786 2896 5856 caterutinaui,
2934 5791 3154 5847 aboleri.
3186 5792 3474 5851 COIBEFIS.
