4186 6442
213 396 235 451 1
246 388 353 454 085

1373 398 1651 459 ORATIO
1692 399 1771 458 IN
1812 400 2172 461 PSALMUM
2211 405 2306 464 Vl.

3310 416 3331 471 1
3341 412 3444 472 08ιῖ

212 502 388 568 ἀκοὴν
421 500 657 569 βαρύνας
678 502 740 554 οὗ
772 501 1096 571 προσέσχον,
1120 504 1241 558 οὐδὲ
1262 507 1635 577 ἐπεστράφην.
1668 508 1778 570 Διὸ,
1809 513 1855 566 Α

1809 513 1855 566 Α
1885 512 2424 581 procideutent?Ego
2472 513 2822 567 nihilominus
2881 526 3069 565 aurem
3117 526 3438 581 aggravans,

212 594 489 653 Δέσποτα,
528 593 603 654 ὼς
646 597 887 663 ἔμφυτον
917 600 1011 650 καὶ
1042 599 1471 669 ἀχάριστονμι)
1503 600 1642 669 ἔχων
1680 600 1780 667 τῆς

214 683 633 754 φιλανθρωπίας
677 687 778 756 τὴν
813 687 1086 755 ἄϐυσσον,
1124 689 1217 742 καὶ
1260 691 1358 760 τῆς
1403 690 1781 759 μακροθυμίας

213 773 276 823 τὸ
311 775 573 841 πέλαγος,
615 777 690 846 μὴ
728 777 807 846 τῷ
837 778 998 848 θυμῷ
1028 796 1123 832 σου
1154 780 1379 851 ἐλέγξῃς
1408 798 1473 849 με
1498 820 1512 841 ,
1555 781 1687 849 μηδὲ
1715 782 1781 850 τῇ

214 867 355 935 ὀργῇ
393 884 488 919 σου
522 869 822 939 παιδεύσῃς
854 889 943 940 με,
984 890 1003 923 ι
1037 871 1153 925 ἀλλ’
1183 872 1262 923 ἔτι
1286 874 1379 925 καὶ
1412 872 1492 925 ἔτι
1519 871 1785 943 μακροθύ-

218 975 397 1026 μησον
424 961 513 1012 ἐπ’
548 961 693 1030 ἐμοί.
727 964 818 1031 Μὴ
844 963 1087 1033 σπεύσῃς
1116 963 1210 1016 τοῦ
1235 964 1468 1032 ἐκκόψαι
1496 980 1562 1032 με
1585 963 1661 1025 ὡς
1688 962 1784 1031 τὴν

217 1051 390 1120 συκῆν
409 1051 507 1121 τὴν
530 1053 800 1121 ἄκαρπον
818 1054 930 1106 ἀλλ’
948 1054 1023 1117 ὡς
1049 1055 1249 1122 ἀγαθὸς
1266 1055 1358 1106 καὶ
1380 1052 1784 1122 φιλάνθρωπος,

215 1144 487 1205 Δέσποτα,
534 1145 674 1211 μετά
714 1146 933 1198 πάντων
970 1147 1061 1198 καὶ
1101 1147 1163 1197 τὸ
1187 1145 1305 1205 ἔτος
1329 1143 1487 1195 τοῦτο
1526 1143 1687 1195 ἔασόν
1719 1158 1785 1209 με

216 1233 354 1301 πρὸς
386 1233 485 1302 τὴν
518 1234 849 1303 μετάνοιαν,
894 1236 987 1287 καὶ
1025 1236 1098 1304 μὴ
1150 1234 1455 1304 ἀκηδιάσῃς
1503 1233 1788 1301 βαστάζων

214 1324 313 1391 τὴν
344 1324 561 1377 ἀδικίαν
593 1343 695 1392 μου
721 1327 817 1378 καὶ
855 1328 956 1395 τὴν
1010 1326 1287 1397 ρᾳθυμίαν
1315 1343 1438 1394 μου.
1478 1326 1568 1394 Μὴ
1605 1323 1787 1394 ἀρπά-

217 1429 317 1481 σῃς
366 1431 434 1481 με
484 1415 770 1483 ἀνέτοιμον
806 1417 1182 1485 ἰὑπάρχοντα,
1234 1417 1309 1485 μὴ
1356 1414 1528 1485 λάϐῃς
1575 1430 1642 1482 με
1694 1413 1790 1478 τὴν

215 1503 484 1571 λαμπάδα
512 1507 585 1574 μὴ
614 1506 848 1573 ἄφαντα,
874 1507 949 1577 μὴ
974 1507 1144 1577 λάϐῃς
1169 1525 1235 1577 με
1266 1507 1342 1576 μὴ
1371 1506 1565 1574 ἔχοντα
1588 1505 1790 1573 ἔνδυμα

213 1596 399 1663 γάμου
424 1638 438 1659 ,
473 1597 547 1664 μὴ
587 1599 951 1667 παραστήσῃς
996 1597 1210 1667 γυμνὴν
1239 1597 1339 1665 τὴν
1373 1596 1550 1665 ψυχήν
1583 1613 1682 1664 μου
1716 1594 1790 1663 τῷ

216 1685 425 1753 βήματι
476 1704 569 1739 σου
620 1687 985 1757 στηλίτευμα,
1022 1690 1098 1758 μὴ
1145 1689 1315 1759 λάϐῃς
1346 1705 1413 1755 με
1447 1690 1592 1750 τέως
1628 1687 1791 1757 μηδὲν

214 1778 559 1846 προενέγκαι
589 1786 675 1831 σοι
709 1780 903 1848 ἔχοντα
929 1796 943 1810 ⁸
975 1780 1114 1833 ἀλλά
1150 1779 1604 1853 μακροθύμησον,
1655 1778 1791 1833 ἀλλά

213 1870 547 1939 ἀνάμεινον,
593 1871 729 1924 ἀλλά
761 1871 1273 1939 φιλανθρωπεύθητι
1293 1911 1308 1933 ,
1333 1871 1470 1923 ἀλλά
1503 1870 1792 1937 συμπάθη-

215 1979 313 2013 σον
343 1964 518 2030 κάμοὶ
546 1962 626 2031 τῷ
660 1963 883 2032 πτωχῷ,
919 1961 997 2032 τῷ
1027 1964 1221 2032 γυμνῷ
1248 2002 1263 2025 ,
1298 1962 1376 2032 τῷ
1413 1962 1641 2032 ρᾳθύμῳ
1665 2000 1680 2025 ,
1716 1960 1792 2029 τῷ

215 2054 433 2121 ἀμελεῖ,
463 2054 541 2121 τῷ
579 2054 801 2122 ἐλεεινῷ
824 2093 839 2115 ,
873 2054 952 2124 τῷ
981 2056 1200 2124 ἀπόρῳ,
1234 2053 1312 2122 τῷ
1340 2054 1546 2121 πόρνῳ,
1580 2053 1658 2121 τῷ
1692 2055 1790 2122 ρυ-

215 2145 403 2213 παρῷ,
437 2146 514 2214 τῷ
540 2145 759 2213 ἀσώτῳ,
791 2145 870 2214 τῷ
898 2146 1200 2214 ἀγνώμονι,
1228 2144 1305 2213 τῷ
1326 2145 1681 2212 ἀσπλάγχνῳ,
1713 2143 1791 2212 τῷ

215 2237 639 2306 πεπωρωμένῳ,
672 2236 750 2304 τῷ
788 2236 1190 2304 βεϐυθισμένῳ,
1221 2234 1300 2303 τῷ
1330 2234 1792 2301 κατακεκριμένον

216 2329 312 2381 καὶ
346 2328 671 2396 ἀπροσώπῳ
708 2328 805 2379 καὶ
858 2326 1337 2395 ἀπαρῤησιάστῳ,
1384 2324 1479 2377 καὶ
1520 2324 1791 2376 ἀναπολο-

215 2421 393 2487 γήτῳ,
432 2417 514 2487 τῷ
547 2418 751 2487 ἀναξίῳ
782 2418 964 2485 πάσης
994 2415 1409 2487 φιλανθρωπξας
1432 2430 1447 2445 ⁸
1478 2414 1556 2483 τῷ
1584 2414 1792 2481 ἀναξίῳ

215 2512 313 2564 τοῦ
343 2512 577 2580 οὐρανοῦ
600 2512 697 2564 καὶ
724 2512 824 2577 τῆς
846 2509 952 2578 γῆς
978 2525 995 2540 ⁸
1021 2508 1100 2578 τῷ
1123 2509 1260 2578 ἀξίῳ
1287 2507 1469 2576 πάσης
1494 2506 1789 2575 τιμωρίας,

215 2603 315 2655 καὶ
349 2603 599 2670 γεέννης,
630 2600 727 2653 καὶ
752 2599 1053 2659 κολάσεως.

299 2694 484 2753 Ἀλλὰ,
530 2710 548 2742 ι
581 2690 773 2761 Κύριε,
818 2689 893 2759 μὴ
944 2689 1023 2757 τῷ
1071 2688 1228 2758 θυμῷ
1269 2704 1362 2740 σου
1414 2685 1639 2754 ἐλέγξῃς
1688 2700 1790 2753 με,

220 2785 361 2855 μηδὲ
394 2787 462 2853 τῇ
492 2784 630 2853 ὀργῇ
665 2800 759 2835 σου
796 2780 1091 2849 παιδεύσῃς
1127 2796 1216 2847 με.
1270 2777 1524 2847 Ἐλέησόν
1558 2793 1648 2844 με,
1680 2774 1792 2828 Κύ-

220 2891 326 2943 ριε,
378 2875 463 2925 ὂτι
504 2871 741 2939 ἀσθενής
785 2870 922 2939 εἰμι.
965 2888 982 2919 ι
1032 2867 1290 2937 ’Λσθενής
1323 2868 1441 2935 ειμι
1492 2868 1558 2934 τῇ
1593 2866 1788 2933 σαρκὶ,

216 2964 456 3026 ἀσθενής
508 2963 627 3031 ειμι
677 2963 745 3031 τῇ
796 2960 965 3030 ψυχῇ,
1029 2958 1273 3009 Ἀσθενεῖ
1323 2973 1427 3025 μου
1478 2958 1513 3025 η
1563 2954 1789 3023 γνώμη,

217 3051 443 3104 ἀσθενεί
473 3068 573 3120 μου
602 3051 631 3102 ὁ
668 3049 951 3118 λογισμός.
987 3066 1006 3099 ι
1058 3046 1301 3111 Ἐξέλιπέ
1331 3064 1433 3115 μου
1473 3047 1506 3117 ὴ
1550 3046 1727 3114 ἰσχὺς,
1768 3066 1787 3098 ι

1885 615 1990 654 non
2021 603 2236 656 adhibui
2259 605 2520 668 animum,
2564 620 2663 659 nec
2696 620 2813 657 sum
2864 620 3184 660 conversus.
3218 604 3443 667 Idcirco,

1887 689 2133 757 Domine,
2186 701 2439 761 tanquam
2510 696 2601 762 qui
2665 705 2950 760 cognatam
2994 710 3057 748 ac
3107 694 3445 762 inseparabi-

1889 782 1989 835 lem
2021 783 2132 851 (Ιῖ)
2179 785 2378 836 habeas
2395 784 2695 837 clementia:
2724 786 3007 853 abyssum,
3029 798 3091 835 ac
3123 783 3447 850 longanimi-

1890 873 2013 927 tatis
2040 875 2297 944 pelagus:
2336 892 2355 924 ι
2402 873 2478 927 Ne
2527 875 2578 927 in
2630 875 2813 930 furore
2846 887 2935 929 tuo
2970 890 3165 941 arguas
3214 890 3317 935 me,
3354 888 3447 926 ue-

1887 978 1991 1032 que
2022 965 2073 1017 in
2106 966 2183 1018 ira
2216 974 2300 1018 tua
2330 964 2595 1030 corripias
2628 981 2743 1027 me;
2792 984 2810 1016 ι
2868 965 2963 1019 sed
3002 965 3180 1017 adlmc
3235 964 3440 1016 adhuc-

1888 1070 1992 1123 que
2010 1055 2257 1109 toleranti
2292 1056 2344 1109 in
2376 1074 2458 1108 Ill-3
2502 1066 2619 1109 esto
2668 1057 2869 1110 animo.
2903 1054 2981 1109 Ne
3021 1059 3128 1109 eito
3156 1055 3449 1107 exseindas

1889 1160 1975 1199 me
2012 1154 2068 1199 ut
2106 1147 2265 1200 ticum
2297 1147 2439 1199 illam
2485 1147 2857 1216 inl‘rngil‘eram
2909 1148 2975 1208 ",
3034 1149 3127 1200 sed
3189 1156 3448 1212 tanquam

1889 1236 2060 1291 bonus
2082 1252 2143 1290 ac
2171 1238 2425 1303 clemens,
2456 1238 2697 1302 Domine,
2727 1240 2829 1291 hoc
2869 1252 3083 1304 quoque
3136 1251 3278 1288 anno
3325 1250 3449 1287 cum

1888 1330 2096 1382 caeteris
2125 1329 2364 1396 relinque
2413 1345 2520 1389 me,
2546 1338 2601 1380 ut
2627 1330 2997 1394 pmnitentiam
3027 1343 3180 1393 agam
3211 1342 3225 1379 :
3265 1340 3362 1378 nec
3398 1336 3450 1377 te

1892 1416 2083 1470 tmdeat
2108 1417 2249 1471 ferre
2279 1433 2455 1471 meum
2486 1419 2536 1470 in
2562 1420 2782 1487 agendis
2802 1420 3017 1471 tmdium
3049 1430 3112 1468 ac
3140 1416 3445 1483 segnitiem.

1892 1504 1968 1559 Ne
2007 1520 2092 1559 nte
2114 1507 2290 1573 rapias
2323 1508 2678 1575 imparatum;
2713 1524 2779 1561 ne
2810 1524 2893 1562 me
2919 1514 3171 1577 accipias,
3208 1524 3316 1561 non
3360 1524 3453 1560 ac-

1890 1612 2049 1652 censa
2083 1598 2361 1667 lampade;
2396 1615 2464 1652 ne
2499 1600 2734 1666 accipias
2780 1618 2887 1664 me,
2925 1601 3248 1654 destitutum
3307 1610 3455 1652 veste

1892 1693 2143 1759 nuptiali;
2192 1706 2257 1745 ne
2316 1692 2511 1745 nudam
2545 1694 2779 1745 animam
2833 1710 3006 1747 meam
3047 1705 3139 1746 tuo
3201 1693 3456 1746 tribunali

1898 1782 2283 1834 traducendum
2313 1783 2554 1845 stiteris;
2585 1798 2650 1835 ne
2707 1798 2790 1836 me
2835 1785 3114 1851 acceperis
3174 1785 3453 1846 hactenus,

1894 1871 2017 1924 dum
2081 1871 2215 1923 nihil
2249 1872 2418 1924 habeo
2451 1872 2593 1940 quod
2638 1873 2856 1925 ell‘eram
2897 1890 2917 1928 :
2991 1875 3083 1927 sed
3139 1877 3455 1943 patientiam

1893 1961 2061 2025 habe;
2086 1961 2181 2015 sed
2212 1972 2504 2029 exspecta;
2542 1966 2634 2017 sed
2674 1964 2905 2032 benigne
2934 1979 3143 2017 mecum
3178 1980 3277 2032 age
3307 1982 3321 2017 :
3356 1966 3455 2017 mi-

1892 2062 2072 2105 sereat
2120 2060 2174 2106 te
2233 2055 2337 2107 mei
2398 2055 2676 2121 pauperis,
2713 2056 2862 2117 quli,
2917 2056 3182 2117 socordis,
3236 2056 3452 2115 iucurii,

1894 2144 2239 2206 miserabilis,
2277 2146 2473 2212 inopis,
2510 2146 2760 2207 adulteri,
2808 2145 3033 2209 sordidi,
3077 2146 3310 2213 prodigi,
3366 2144 3451 2196 in-

1892 2237 2054 2305 grati,
2118 2238 2420 2298 inhumani,
2470 2237 2737 2295 obdurati.
2770 2238 3021 2299 demersi,
3060 2238 3321 2297 damnati,
3364 2236 3453 2302 qui

1892 2343 1992 2381 nec
2024 2329 2227 2381 vultum
2254 2328 2561 2389 ostendo-re,
2585 2342 2681 2380 nec
2710 2326 2943 2381 liberius
2974 2328 3256 2394 loqui,uec
3292 2339 3453 2376 excu-

1890 2431 2013 2473 sare
2036 2418 2261 2471 habeam
2288 2435 2301 2467 :
2327 2418 2529 2485 indigni
2557 2419 2699 2471 cmlo
2730 2428 2784 2470 et
2815 2426 2963 2471 terra
2987 2456 3002 2481 ,
3030 2417 3288 2487 dignique
3308 2414 3455 2469 Omni

1892 2523 2073 2574 omna,
2102 2519 2156 2563 et
2180 2516 2469 2573 tormento,
2495 2518 2549 2563 et
2576 2509 2865 2577 supplicio.

1961 2687 2052 2751 At,
2088 2704 2107 2735 ι
2136 2685 2376 2749 Domine,
2411 2698 2476 2737 ne
2505 2683 2555 2736 in
2589 2682 2769 2736 furore
2795 2693 2884 2735 tuo
2911 2696 3107 2750 arguas
3142 2696 3247 2739 me,
3283 2693 3456 2745 neque

1890 2781 1943 2834 in
2003 2780 2082 2831 ira
2141 2788 2228 2830 tua
2278 2775 2541 2844 corripias
2589 2790 2693 2830 me.
2748 2774 3155 2833 Misereremei,
3210 2771 3455 2833 Domine,

1890 2870 2145 2938 quoniam
2189 2865 2434 2919 inlirmns
2463 2880 2603 2918 sum.
2638 2884 2656 2916 ι
2690 2864 2935 2917 lnlirmus
2966 2879 3082 2916 sum
3119 2876 3283 2914 carne
3315 2901 3328 2913 .
3370 2860 3455 2911 iu-

1893 2959 2077 3012 lirmus
2109 2956 2308 3009 anima.
2341 2954 2437 3007 Est
2470 2953 2601 3005 mihi
2636 2954 2880 3006 inlirmns
2907 2954 3122 3005 animus
3156 2969 3169 3003 :
3202 2959 3282 3003 est
3324 2947 3455 3000 mihi

1894 3049 2106 3101 inlirma
2155 3046 2310 3099 ratio.
2369 3064 2388 3096 ι
2447 3044 2648 3097 Deiecit
2701 3044 2872 3097 virtus
2928 3058 3043 3094 mea
3076 3040 3137 3104 η,
3182 3059 3199 3090 ι
3259 3037 3458 3092 defecit

216 3144 471 3207 ἐξέλιπεν
512 3145 541 3196 ὁ
577 3142 805 3212 χρόνος,
871 3160 890 3191 ι
939 3140 1218 3206 Ἐξέλιπον
1268 3140 1327 3192 ὲν
1364 3139 1686 3208 ματαιότητι
1736 3140 1789 3190 αἰ
1817 3175 1859 3231 C

1817 3175 1859 3231 ο
1893 3148 2103 3206 tempus
2135 3155 2147 3190 :
2187 3155 2204 3186 ι
2247 3134 2563 3189 Βισΐοιεοτιιιιι
2595 3134 2647 3186 in
2685 3133 2920 3185 vanitate
2950 3133 3066 3185 dies
3102 3132 3202 3183 mei
3231 3129 3294 3194 ¹⁴,
3334 3148 3352 3179 ι
3404 3136 3457 3182 et

216 3233 427 3302 ἡμέραι
467 3249 589 3300 μου·
631 3250 649 3282 ι
689 3232 785 3285 καὶ
834 3230 1024 3301 θεωρῶ
1065 3230 1127 3283 τδ
1155 3230 1309 3291 τέλος
1348 3228 1581 3295 ὲγγίζον.
1650 3228 1789 3281 Ἀλλ’

216 3323 462 3377 ἔκτεινόν
490 3340 579 3393 μοι
610 3322 710 3391 τὴν
731 3327 908 3392 χεῖρα,
939 3322 1015 3391 τῷ
1039 3323 1097 3373 ὲν
1128 3320 1275 3390 βυθῷ
1302 3320 1411 3373 τῶν
1438 3320 1642 3390 ἡδονῶν
1677 3338 1790 3389 χει-

220 3415 537 3486 μαζομένῳ.
578 3414 823 3478 ’Λνοιξον
866 3412 1069 3479 κάμοὶ,
1104 3410 1387 3474 Δέσποτα,
1433 3409 1511 3477 τῷ
1556 3408 1793 3473 ἀναξίως

216 3506 491 3573 κρούοντι·
532 3505 627 3556 καί⁸
664 3505 739 3573 μὴ
784 3503 1116 3573 ἀποκλείσῃς
1151 3503 1276 3555 κατ’
1312 3501 1444 3572 ἐμοῦ
1488 3503 1588 3571 τὴν
1620 3501 1791 3570 θύραν

214 3596 309 3648 τοῦ
337 3594 523 3658 ἐλέους
552 3611 671 3647 σου.
718 3594 843 3647 Ἐὰν
864 3592 975 3664 γάρ
1005 3595 1067 3645 σὺ
1096 3593 1340 3663 κλείσῃς,
1375 3593 1461 3655 τίς
1493 3594 1602 3661 ἄρα
1640 3593 1789 3646 ἀνοί-

218 3687 336 3751 ξει;
367 3685 496 3739 Ἐὰν
534 3686 599 3738 σὺ
632 3686 868 3755 φθάσῃς,
904 3685 991 3746 τίς
1024 3684 1134 3754 ἄρα
1165 3684 1400 3748 ἀνοίξει;
1444 3686 1567 3736 Ἐὰν
1608 3686 1684 3754 μὴ
1724 3686 1788 3738 σὺ

216 3777 471 3847 φθάσῃς,
504 3776 588 3837 τις
618 3775 707 3826 ἵνα
736 3775 916 3844 φθάσῃ
944 3790 959 3839 ;
998 3774 1125 3826 Ἐάν
1177 3774 1250 3843 μὴ
1292 3774 1356 3826 σὺ
1385 3775 1628 3845 σπεύσῃς
1656 3817 1670 3841 ,
1706 3776 1791 3837 τίς

216 3868 406 3920 λοιπὸν
441 3866 702 3937 βοηθήσει
730 3868 900 3935 ἡμῖν;
940 3866 1168 3929 Οὐδεὶς,
1217 3865 1333 3917 ἀλλ’
1365 3865 1527 3927 αὐτὸς
1568 3867 1597 3918 ὁ
1630 3865 1789 3933 φύσει

215 3959 373 4020 Θεὸς,
404 3958 492 4021 δὸς
512 3958 647 4026 ἡμῖν
674 3958 863 4027 καιρὸν
892 3958 1057 4027 ζωῆς,
1085 3959 1179 4011 καὶ
1206 3958 1401 4029 καιρὸν
1428 3959 1786 4027 ἐπιστροφῆς.

215 4050 462 4117 Νίκησον
489 4049 589 4120 τὴν
635 4050 913 4119 πώρωσιν,
947 4051 1042 4103 καὶ
1077 4050 1307 4119 ποίησον
1341 4050 1444 4119 τὴν
1472 4049 1787 4119 διόρθωσιν.

216 4140 292 4193 Σὺ
319 4140 410 4202 δός
443 4156 533 4207 μοι
580 4138 659 4191 ἔτι
693 4139 891 4210 μικρὸν
918 4139 1130 4209 χρόνον,
1166 4140 1263 4193 καὶ
1294 4140 1523 4209 ποίησόν
1562 4156 1655 4207 μοι
1686 4156 1790 4190 σω-

214 4232 418 4301 τηρίας
441 4233 664 4299 τρόπον.
693 4231 818 4283 Ἐάν
846 4232 953 4301 γὰρ
978 4232 1042 4283 σὺ
1077 4231 1152 4300 μὴ
1177 4231 1411 4299 ποιήσῃς
1437 4229 1663 4299 τρόπον,
1688 4230 1789 4282 ὃσα

216 4319 284 4373 ἂν
312 4318 427 4386 ἐγὼ
464 4323 674 4389 ποιήσω
704 4318 883 4387 σαθρά
932 4321 1038 4371 εἰσι
1089 4320 1185 4372 καὶ
1226 4318 1480 4371 ἀϐέϐαια.
1535 4319 1675 4372 Ὅσα
1723 4321 1789 4372 ἂν

214 4411 530 4480 δοκιμάσω,
578 4409 832 4479 ἀδύναμά
863 4412 969 4462 εἱσι
1007 4410 1103 4463 κα.)⁸
1133 4409 1497 4464 εὑκατάλυτα.
1542 4410 1681 4463 Ὅσα
1722 4409 1788 4461 ἂν

1894 3229 2046 3281 video
2073 3230 2588 3296 apprOpiuquautcm
2622 3226 2801 3277 linem.
2836 3224 3035 3275 Verum
3079 3232 3130 3275 tu
3169 3222 3297 3273 mihi
3331 3236 3453 3289 por-

1893 3321 2007 3386 rige
2060 3335 2272 3372 manum
2329 3319 2380 3370 in
2432 3318 2695 3385 profundo
2751 3317 3081 3381 voluptatum
3138 3323 3456 3380 tempestate

1887 3412 2113 3481 jactato.
2149 3410 2275 3462 Mihi
2310 3424 2526 3477 quoque
2566 3409 2745 3476 aperi,
2779 3407 3041 3470 Domine,
3076 3406 3206 3458 licet
3237 3405 3456 3472 indigne

1891 3502 2155 3570 pulsanti;
2202 3516 2300 3553 nec
2324 3500 2543 3569 januam
2578 3509 2680 3551 tua:
2726 3497 3114 3551 misericordiae
3152 3496 3282 3547 mihi
3320 3510 3454 3561 pra:-

1891 3592 2138 3645 cluseris.
2172 3590 2300 3643 Nam
2328 3591 2371 3643 si
2405 3600 2458 3643 tu
2486 3590 2770 3651 clauseris,
2804 3589 2925 3656 quis
2959 3588 3171 3640 tandem
3204 3584 3457 3652 aperiet?

1889 3680 2003 3735 Nisi
2043 3690 2097 3734 tu
2130 3681 2347 3743 feceris,
2386 3682 2508 3747 quis
2547 3682 2793 3748 aperiet?
2826 3676 2937 3730 Nisi
2985 3687 3039 3727 tu
3084 3675 3451 3735 lestinaveris.

1889 3772 2014 3838 quis
2051 3778 2311 3839 praeterea
2344 3769 2499 3821 nobis
2545 3766 2866 3822 succurret?
2903 3766 3070 3819 Nemo
3100 3764 3256 3833 plane
3292 3763 3451 3817 alius.

1891 3862 1969 3916 Tu
2003 3872 2179 3917 autem
2214 3862 2303 3930 qui
2344 3870 2427 3915 est
2458 3861 2599 3915 Deus
2628 3868 2837 3923 natura,
2875 3860 2941 3912 da
2984 3858 3139 3910 nobis
3165 3857 3288 3909 vitae
3315 3864 3453 3909 tem-

1890 3970 2009 4025 pus,
2036 3969 2099 4007 ac
2128 3964 2336 4021 tempus
2360 3950 2745 4005 conversionis.
2777 3950 2943 4002 Vince
2968 3949 3146 4002 cordis
3172 3948 3449 4007 duritiem,

1889 4060 1953 4098 ac
1988 4059 2073 4097 me
2103 4044 2345 4097 emenda.
2379 4040 2459 4094 Tn
2503 4040 2633 4093 mihi
2678 4040 2853 4092 adhuc
2883 4038 3155 4105 paululmn
3194 4034 3452 4104 temporis

1888 4136 2146 4197 concede,
2177 4143 2229 4185 et
2254 4146 2481 4201 operare
2510 4131 2638 4183 mihi
2675 4130 2863 4184 salutis
2894 4130 3131 4182 modum.
3165 4126 3277 4180 Nisi
3307 4126 3451 4179 enim

1888 4244 2011 4283 eum
2055 4238 2109 4281 ιιι
2152 4227 2367 4290 feceris,
2402 4240 2736 4294 quaecunque
2786 4238 2885 4292 ego
2935 4221 3137 4282 fecero,
3185 4220 3449 4274 imbecilla

1888 4328 2013 4373 sunt
2062 4333 2126 4373 ac
2175 4319 2406 4372 inlirma.
2456 4316 2799 4382 Quaecunque
2842 4328 2941 4379 ego
2972 4314 3288 4379 probavero,
3332 4311 3451 4362 sine

1890 4410 2095 4463 viribus
2148 4416 2327 4470 erunt,
2386 4405 2649 4473 facileque
2703 4411 3052 4455 evanescent.
3108 4400 3454 4465 Quaecunque

215 4504 593 4570 ἐπιχειρήσω,
628 4502 882 4571 ἀνωφελῆ
929 4504 1034 4554 εισι
1076 4502 1171 4554 καὶ
1221 4502 1544 4570 ἀπλήρωτα.
1584 4502 1787 4554 Λοιπὸν
1818 4490 1861 4543 Ῑ)

1818 4490 1861 4543 Ῑ)
1892 4500 2045 4553 fuero
2091 4514 2395 4567 aggressus,
2430 4495 2636 4548 inutilia
2683 4502 2845 4546 erunt
2889 4507 2951 4545 ac
2993 4490 3325 4558 imperlccta.
3377 4487 3452 4541 [ie

218 4594 295 4664 μὴ
324 4593 604 4663 ἀναϐάλλῃ
626 4634 643 4659 ,
676 4595 924 4645 Δέσποτα
944 4630 960 4656 ,
1009 4592 1145 4645 ἀλλά
1175 4591 1379 4659 φθάσον
1401 4591 1429 4631 ἀ
1463 4592 1527 4644 τὸ
1560 4591 1790 4661 πλάσμα

289 4750 333 4779 ⁸³
360 4746 495 4801 Luc.
527 4762 647 4812 xm,
674 4747 729 4800 (ι.

285 4902 334 4943 d'
366 4900 577 4964 σώζων.

1890 4592 2029 4643 ultra
2064 4586 2362 4649 distuleris,
2402 4584 2647 4647 Domine,
2685 4581 2780 4637 sed
2812 4581 2919 4636 cito
2953 4580 3100 4633 salva
3141 4578 3453 4647 ﬁgmentum

807 4745 851 4777 "
903 4743 1047 4801 Psal.
1085 4759 1182 4809 vn,
1205 4744 1260 4799 9.
1337 4745 1382 4776 “
1407 4744 1549 4800 Psal.
1576 4759 1786 4808 Luxu,
1814 4743 1906 4797 '55.

1716 4984 1941 5041 NOTAE.

295 5126 411 5196 (ll)
441 5126 574 5210 ,ἰξθεί
609 5127 722 5181 vult
768 5128 1122 5210 Gombelisius
1163 5126 1466 5210 ἀχώριστον
1501 5130 1783 5210 insepara-

1886 5129 2025 5196 quod
2087 5130 2158 5182 sit
2208 5128 2496 5195 explicatio
2534 5128 2885 5186 praecedentis
2930 5131 3117 5191 vocis,
3178 5129 3447 5196 ἔμφυτον·

221 5195 406 5254 bilem.
440 5195 551 5264 Ego
586 5210 713 5249 vero
745 5197 825 5249 vel
857 5198 1092 5250 delerem
1125 5195 1336 5264 penitus
1368 5213 1553 5251 vocem
1585 5196 1788 5266 ἀχώρι-
1882 5195 2043 5265 quam
2070 5199 2238 5252 solam
2274 5198 2490 5250 retinuit
2523 5196 2674 5265 Regii
2704 5199 2904 5251 codicis
2928 5199 3115 5251 editio.
3149 5195 3278 5263 oua.-
3304 5202 3448 5252 enim

224 5286 373 5332 στον,
406 5280 524 5331 quae
555 5266 708 5336 deest
736 5266 789 5318 in
814 5268 997 5319 codice
1029 5266 1231 5336 Regio,
1260 5267 1342 5319 vel
1373 5267 1603 5336 legerem
1629 5274 1786 5336 prout

224 5339 351 5406 legit
403 5335 1021 5406 ϐθηίεἰιιβλάχάριστον.
1082 5335 1239 5406 Quid
1268 5336 1409 5389 enim
1428 5334 1546 5406 'sibi
1590 5335 1701 5387 vult
1734 5334 1787 5387 in

227 5403 338 5459 Deo
369 5403 751 5471 inseparabilis
779 5406 1181 5458 misericordia?
1209 5403 1313 5458 Sed
1354 5406 1496 5458 illius
1532 5405 1583 5455 in
1617 5406 1791 5457 homi-

227 5490 319 5528 nes
352 5488 591 5527 amorem
644 5473 797 5526 miris
846 5474 1018 5527 modis
1058 5474 1253 5536 elevat,
1305 5475 1445 5542 quod
1478 5487 1623 5525 mere
1664 5488 1791 5539 gra-

230 5544 397 5597 tuitus
429 5542 670 5612 sit,_ncc
699 5542 804 5597 ulla
852 5558 881 5595 a
923 5553 1072 5611 parte
1106 5543 1381 5596 hominum
1420 5542 1587 5612 gratia
1621 5543 1791 5611 possit

232 5626 513 5677 compensa
522 5610 586 5664 ri.
620 5612 779 5668 Bssu.

302 5680 415 5748 (1'2)
454 5680 527 5733 Ac
559 5680 977 5748 inseparabn’em.
1030 5680 1177 5733 llaud
1225 5698 1358 5750 opus
1406 5679 1782 5749 perspicaciori

238 5749 543 5814 intellectu,
595 5759 652 5803 ut
702 5750 822 5818 quis
876 5751 1055 5805 videat
1110 5749 1389 5819 legendum
1446 5750 1776 5822 ἁχώρσιτον·

1884 5276 2110 5335 cognata
2144 5276 2267 5321 sunt
2296 5282 2359 5318 ac
2398 5269 2677 5334 congenita
2699 5309 2713 5330 ,
2747 5268 2935 5320 eadem
2987 5277 3113 5321 sunt
3148 5279 3201 5319 et
3236 5268 3450 5335 insepa-

1888 5336 2098 5389 rabilia.
2137 5336 2402 5402 lnlerpres
2450 5337 2587 5387 u-ale
2639 5336 2878 5389 retinens
2913 5352 3098 5390 vocem
3133 5337 3445 5404 ἀχάριστον,

1891 5405 2131 5457 inaudito
2176 5420 2333 5457 sensu
2380 5406 2631 5471 explicat,
2667 5407 2736 5458 ita
2776 5407 3005 5457 reddens
3038 5423 3052 5459 :
3086 5405 3214 5457 Cum
3266 5406 3450 5458 innata

1894 5475 1987 5526 tibi
2038 5475 2137 5534 sit,
2170 5490 2286 5537 qua'
2311 5475 2479 5542 nulla
2533 5476 2852 5542 gratitudine
2893 5475 3217 5540 compensari
3250 5485 3444 5539 potest.

1894 5544 2220 5610 benignitati:
2265 5541 2502 5611 abyssus.
2536 5541 2705 5596 Certe
2755 5552 2812 5595 ut
2858 5544 2900 5594 is
2954 5542 3115 5595 nutlta
3168 5545 3350 5595 reddat
3383 5558 3447 5595 ex

1894 5611 2113 5675 Lexico,
2163 5613 2302 5664 haud
2356 5613 2494 5664 istud
2546 5624 2721 5677 putem
2753 5628 2815 5664 ex
2848 5628 2911 5665 eo
2948 5613 3168 5665 reddere
3210 5630 3222 5664 :
3262 5620 3317 5662 ut
3351 5629 3448 5663 nec

1897 5684 2080 5749 plura,
2116 5682 2337 5734 redditis
2364 5696 2395 5733 θ
2442 5680 2637 5737 ιυκίιευ
2668 5693 2870 5737 temere
2906 5682 2992 5734 hie
3028 5681 3225 5749 passim
3259 5682 3448 5733 absur-

1892 5752 2011 5807 dius
2045 5751 2270 5806 reddita.
2303 5751 2591 5806 C(IIIBEI’IS.
