4186 6442
786 393 919 456 10:57

1989 397 2048 455 S.
2108 396 2508 458 ANASTASII
2558 398 2888 459 SINAIT/‘E

3908 399 4043 464 1088

786 516 955 558 tuum.
995 506 1186 560 Dixisti
1213 507 1379 564 enim.
1418 504 1645 556 Domine
1678 520 1691 555 :
1725 524 1742 553 ι
1780 503 1909 555 Sine
1932 520 2017 557 me
2038 506 2169 556 nihil
2197 513 2345 573 pote-

2464 523 2568 560 :ou.
2616 508 2686 559 Σὺ
2736 508 2846 577 γὰρ
2886 505 3079 571 εἴπας,
3126 508 3404 572 Δέσποτα,
3458 509 3544 562 ὅτι
3606 528 3624 560 ι
3676 510 3749 563 Οὐ
3803 509 4039 562 δύνασθε

785 597 888 647 stis
919 596 1101 650 facere
1125 597 1192 650 ".
1228 614 1248 648 ι
1274 595 1543 648 l’rteverte
1576 596 1934 649 conversione
1969 596 2185 659 animae,
2222 607 2355 649 tem-

789 701 889 751 pus
916 686 1037 737 vita:
1065 700 1220 739 mem.
1270 686 1396 739 Mihi
1430 686 1627 753 quippe
1663 685 2009 739 adversarius
2058 700 2209 739 meus
2247 686 2353 737 vim

788 775 983 839 infert;
1037 776 1199 830 infert
1223 778 1499 845 cogitatio,
1539 776 1696 829 infert
1741 786 1952 837 natura.
2003 777 2166 831 infert
2214 778 2352 831 mala

788 868 1058 927 voluntas.
1092 870 1332 922 omnium
1359 869 1594 923 maxime
1622 869 1783 922 infert
1806 882 1968 935 pratia
1994 870 2350 924 consuetudo.

788 959 1121 1027 liapropter:
1149 979 1167 1010 ι
1203 960 1460 1015 Miserere
1494 963 1623 1027 mei,
1661 962 2174 1029 Domine,qunniam
2206 963 2355 1015 intir-

789 1067 906 1104 mus
935 1067 1073 1105 sum.
1111 1070 1129 1101 ι
1165 1051 1246 1106 Me
1274 1054 1418 1105 enim
1446 1053 1727 1105 enervavit
1752 1053 2003 1106 inimicus
2035 1069 2048 1105 :
2085 1054 2353 1107 infirmum

788 1159 874 1197 tne
903 1159 967 1197 ac
997 1147 1292 1199 contritmu
1325 1146 1470 1199 fecit.
1509 1145 1755 1199 Inﬁrmus
1786 1157 1969 1199 autem
2000 1162 2064 1200 ac
2095 1149 2355 1201 contritus

787 1238 888 1288 sil-i
947 1238 1057 1302 ipse
1111 1238 1537 1291 misericordiam
1589 1239 1897 1306 impendere
1945 1242 2151 1306 nequit.
2201 1241 2354 1303 Quod

789 1340 917 1383 ergo
943 1337 1189 1392 superest
1233 1346 1245 1381 :
1295 1346 1313 1377 ι
1352 1327 1606 1381 Miserere
1631 1329 1760 1389 mei,
1798 1328 2057 1392 Domine,
2098 1330 2353 1396 quoniam

791 1416 1040 1469 inlinmus
1070 1434 1210 1472 smn.
1252 1438 1269 1469 ι
1305 1418 1407 1484 Qui
1439 1428 1523 1473 est
1564 1420 1832 1483 inlirmus,
1858 1422 2068 1487 operari
2117 1436 2220 1475 non
2260 1436 2355 1489 po—

792 1517 898 1562 test
932 1529 946 1563 :
985 1528 1004 1561 ι
1056 1511 1319 1564 Miserere
1347 1512 1471 1573 mei,
1524 1511 1775 1572 Domine,
1813 1513 2066 1579 rpitiniam
2114 1513 2357 1565 inlirmus

790 1612 909 1649 sunt
942 1612 954 1646 :
988 1612 1236 1660 sanatne,
1264 1599 1509 1659 Donune,
1534 1599 1788 1667 quoniam
1817 1602 2029 1653 turbata
2063 1612 2189 1654 sunt
2229 1618 2353 1656 ossa

792 1701 931 1740 mea.
975 1704 992 1738 I
1024 1686 1257 1742 Turbata
1290 1700 1418 1742 sunt
1444 1705 1507 1742 ac
1532 1689 1771 1743 contrita
1802 1704 1934 1744 mea:
1965 1692 2160 1744 aninmo
2186 1707 2306 1745 ossa
2340 1710 2352 1745 :

791 1778 946 1845 cujus
998 1790 1178 1831 autem
1217 1788 1342 1832 sunt
1373 1781 1606 1833 contrita
1635 1795 1754 1835 ossa
1776 1820 1792 1846 ,
1822 1781 1871 1834 is
1916 1782 2100 1848 nequit
2136 1797 2357 1850 surgere

2456 602 2626 667 χωρὶς
2671 600 2807 667 ἐμοῦ
2860 601 3084 669 ποιῆσαι
3140 601 3313 654 οὐδέν.
3376 620 3393 653 ι
3463 601 3710 670 [Ιρόλαϐε
3780 604 3849 670 τῇ
3918 605 4040 653 ἐπι-

2460 695 2664 760 στροφῇ
2710 693 2809 760 τῆς
2849 693 3026 761 ψυχῆς
3063 710 3162 757 μου
3206 693 3297 745 τὸν
3339 694 3530 761 χρόνον
3569 694 3667 761 τῆς
3709 693 3860 760 ζωῆς
3913 709 4037 761 μου.

2458 779 2840 849 Τυραεινοῦμαι
2884 784 2993 851 γὰρ
3041 784 3147 835 ὑπὸ
3189 782 3283 835 τοῦ
3339 784 3611 836 ἀντιδίκου
3645 801 3785 851 μου,
3833 799 4039 847 τυραν-

2459 870 2656 939 νοῦμαι
2707 874 2813 926 ὑπο
2871 873 2966 926 τοῦ
3012 874 3313 943 λογισμοῦ,
3374 875 3745 944 τυραννοῦμαι
3793 874 3904 926 ὑπὸ
3943 874 4040 940 τῆς

2460 961 2698 1029 φύσεως,
2735 965 3104 1034 τυρα-ινοῦμαι
3139 966 3241 1018 ὑπὸ
3276 967 3373 1034 τῆς
3421 968 3598 1033 κακῆς
3633 965 4039 1036 προαιρέσεως-ο

2459 1055 2726 1105 ἐπιπλείω
2750 1056 2806 1107 δέ
2846 1057 3217 1126 τνραννοῦμαι
3250 1057 3354 1109 ὑπὸ
3386 1056 3487 1123 τῆς
3515 1057 3693 1122 κακῆς
3724 1055 4039 1123 συνηθείας.

2460 1146 2550 1197 Διὸ
2591 1164 2610 1196 ι
2654 1146 2903 1216 Ἐλέησόν
2932 1166 3020 1217 με,
3054 1149 3246 1217 Κύριε,
3298 1150 3379 1199 ὅτι
3408 1149 3639 1217 ἀσθενής
3672 1165 3813 1216 ειμι.
3852 1166 3871 1199 ι
3922 1148 4041 1210 Ἕξ-

2461 1234 2727 1302 ενεύρωσε
2758 1237 2866 1303 γάρ
2892 1253 2959 1304 με
2980 1238 3235 1305 οέχθρος.
3255 1236 3455 1305 ἀσθενῆ
3482 1254 3549 1303 με
3594 1238 3688 1289 καὶ
3714 1254 4044 1305 συντετριμ-

2466 1327 2624 1394 μένον
2665 1326 2945 1397 ἐποὲησεν.
2999 1328 3059 1375 Ἦ
3090 1328 3147 1380 δὲ
3175 1327 3409 1398 ἀσθενὴς
3448 1330 3539 1379 καὶ
3576 1328 4043 1396 συντετριμμένος

2460 1418 2521 1469 οὖ
2551 1417 2772 1469 δύναται
2809 1418 3031 1486 ἐλεῆσαι
3061 1421 3273 1472 ἑαυτὸν.
3314 1419 3538 1480 Λοιπὸν,
3589 1437 3607 1469 ι
3658 1419 3916 1487 Ἐλέησόν
3951 1436 4040 1488 με,

2462 1508 2662 1577 Κύριε,
2694 1510 2775 1561 ὅτι
2803 1510 3037 1577 ἀσθενής
3080 1513 3217 1579 εἰμι.
3262 1530 3279 1562 ι
3334 1511 3391 1564 ὐ
3426 1508 3671 1563 ἀσθενῶν
3703 1511 3762 1561 οὐ
3807 1509 4040 1563 δύναται

2461 1599 2819 1666 ἐργάσασθαι,
2852 1620 2867 1648 ι
2907 1600 3163 1669 Ἐλέησόν
3188 1618 3278 1671 με,
3313 1600 3506 1669 Κύριε,
3528 1601 3610 1651 ὅτι
3635 1598 3872 1667 ἀσθενής
3899 1601 4037 1666 εἰμι·

2463 1689 2611 1741 ἴασαι
2644 1706 2730 1757 με,
2766 1691 2960 1760 Κύριε,
2992 1692 3074 1742 ὅτι
3108 1691 3387 1758 ἐταράχθη
3417 1691 3483 1741 τὰ
3513 1692 3646 1742 ὀστᾶ
3673 1705 3797 1756 μου.
3838 1706 3855 1737 ι
3890 1688 4043 1739 Ἑτα-

2464 1779 2636 1847 (κάχθη
2684 1782 2775 1831 καὶ
2811 1781 3101 1849 συνετρίϐη
3146 1798 3247 1848 μου
3298 1781 3367 1833 τὰ
3416 1780 3549 1831 ὀστᾶ
3599 1778 3701 1845 τῆς
3730 1778 3937 1846 ψυχῆς.
3984 1776 4042 1827 ὐ

794 1878 854 1918 ιιι
898 1868 999 1920 sibi
1052 1870 1316 1921 medicum
1366 1880 1607 1934 quwrat;
1645 1886 1748 1923 non
1798 1882 1979 1940 potest
2024 1889 2246 1928 currere
2298 1887 2356 1927 ut

2464 1870 2513 1921 δὲ
2548 1870 3009 1938 συντετριμμένος
3027 1873 3095 1924 τὰ
3120 1871 3276 1932 ὀστᾶ,
3301 1871 3362 1922 οὐ
3397 1870 3620 1922 δύναται
3648 1871 3892 1930 ἀναστὰς
3924 1870 4043 1920 ἐπι-

792 1960 972 2011 hostes
1011 1959 1246 2027 ellugiat.
1293 1959 1372 2013 'l‘u
1404 1963 1605 2030 itaque,
1634 1963 1887 2030 Domine,
1922 1981 2101 2033 quatre
2129 1983 2234 2030 me,
2267 1969 2357 2035 qui

792 2053 986 2104 venisti
1038 2070 1056 2102 ι
1116 2069 1359 2120 (litterere
1413 2065 1469 2108 et
1536 2056 1744 2109 salvum
1804 2057 1981 2112 facere
2029 2062 2170 2128 quod
2233 2076 2362 2130 per-

794 2144 929 2195 ierat
962 2145 1026 2195 ".
1063 2162 1081 2193 ι
1125 2145 1204 2196 Ίίι
1255 2161 1465 2198 rursum
1495 2147 1561 2199 ad
1602 2163 1707 2208 me,
1739 2149 1828 2216 qui
1864 2149 1915 2201 in
1948 2150 2185 2203 latrones
2227 2151 2360 2204 inci-

791 2235 962 2286 derint
991 2273 1006 2294 ,
1051 2236 1248 2288 accede
1275 2275 1290 2299 ,
1334 2253 1396 2289 ac
1458 2254 1542 2290 me
1574 2247 1873 2293 anteverte.
1923 2240 2039 2294 Non
2084 2243 2228 2294 enim
2274 2257 2361 2296 me

786 2323 898 2390 jam
934 2334 1140 2379 tantum
1168 2329 1605 2391 semimortuum.
1638 2336 1729 2384 sed
1758 2332 1915 2400 plane
1960 2342 2248 2396 mortuum,
2282 2335 2361 2387 ef-

792 2415 1057 2469 fecerunt.
1096 2419 1361 2472 Czcterum
1398 2438 1410 2473 :
1449 2438 1466 2469 ι
1507 2421 1649 2474 Sana
1675 2436 1779 2486 me,
1820 2422 2076 2487 Domine,
2109 2433 2161 2475 et
2196 2440 2357 2479 sana-

792 2507 928 2573 DOI';
983 2509 1189 2562 salvum
1220 2527 1305 2564 me
1344 2514 1447 2573 l'ac,
1482 2523 1537 2565 et
1561 2513 1740 2566 salvus
1778 2529 1873 2567 ero
1905 2515 1968 2566 ⁸⁷.
2009 2532 2028 2566 ι
2063 2515 2202 2568 Sana
2253 2531 2358 2581 me,

796 2597 1057 2662 Domine,
1107 2602 1363 2669 quoniam
1396 2617 1619 2669 serpens
1646 2604 1732 2657 ille
1761 2605 1934 2658 malus
1970 2615 2135 2658 totum
2170 2622 2253 2659 me
2281 2608 2360 2660 in-

795 2688 1009 2741 lirmum
1040 2706 1105 2744 ac
1147 2692 1421 2757 putridum
1465 2694 1592 2747 fecit
1627 2714 1638 2747 :
1674 2696 1763 2762 qui
1795 2705 1972 2749 autem
2007 2698 2252 2749 inlirnnts
2276 2706 2360 2750 est

795 2790 956 2844 atque
1012 2783 1293 2848 putridns,
1348 2793 1494 2837 totus
1536 2787 1700 2839 hmno
1744 2787 1936 2841 allixus
1980 2788 2155 2853 jacet;
2217 2798 2360 2842 totus

796 2869 1040 2936 lijectus
1078 2882 1160 2925 est
1191 2874 1243 2925 in
1277 2877 1490 2928 modum
1518 2877 1831 2941 cadaveris;
1870 2887 2012 2931 totus
2044 2879 2205 2933 iners.
2240 2879 2363 2932 Cla-

797 2970 907 3010 mat
933 2961 1223 3027 duntaxat;
1256 2974 1309 3016 et
1343 2967 1432 3033 qui
1468 2968 1680 3030 liberet,
1713 2968 1945 3037 aliquem
1977 2972 2188 3035 qumrit.
2220 2970 2361 3023 (lcu—

799 3050 877 3103 los
941 3060 1147 3106 tantum
1207 3057 1454 3109 attollere
1520 3068 1730 3126 potest,
1788 3074 1851 3112 ac
1920 3062 2357 3127 circumspicere,

797 3142 1014 3206 quando
1044 3144 1244 3207 veniat,
1279 3146 1561 3215 ipsumque
1597 3149 1683 3201 ille
1719 3151 1934 3214 invisat,
1968 3169 1987 3201 ι
2024 3152 2115 3217 qui
2146 3152 2361 3220 colligat

798 3233 1061 3286 contritos
1097 3234 1160 3298 “,
1207 3255 1224 3283 ι
1265 3251 1466 3305 eosque
1504 3238 1683 3294 salvos
1720 3240 1869 3306 facit,
1898 3256 2127 3307 quorum
2175 3242 2364 3295 salutis

796 3336 923 3389 spes
955 3325 1095 3376 nulla
1124 3336 1263 3379 erat.

875 3434 893 3464 ιι
948 3415 1088 3467 Sana
1133 3434 1238 3477 me.
1278 3419 1519 3483 Domine,
1553 3423 1806 3488 quoniam
1842 3424 2050 3475 turbata
2081 3434 2206 3476 sunt
2242 3438 2363 3477 ossa

800 3520 918 3558 mea
952 3525 965 3560 :
997 3517 1053 3560 et
1086 3509 1264 3562 anima
1310 3527 1425 3563 mea
1458 3515 1666 3565 turbata
1706 3524 1790 3567 est
1827 3516 1998 3570 valde.
2048 3535 2066 3568 ι
2110 3518 2365 3583 Corporis

800 3595 959 3648 simul
1006 3611 1070 3651 ac
1102 3601 1294 3654 anima:
1338 3587 1477 3669 (l3),
1517 3604 1710 3672 inquit,
1756 3620 1790 3659 ο
1842 3605 2086 3672 Domine,
2132 3611 2364 3662 turbatio

801 3684 1000 3740 invasit
1040 3704 1125 3743 me
1158 3707 1172 3742 :
1212 3706 1277 3743 eo
1311 3694 1452 3760 quod
1488 3695 1539 3747 in
1570 3697 1752 3749 carnis
1784 3710 1846 3749 ac
1890 3699 2055 3751 animi
2084 3699 2365 3764 passiones

800 3790 865 3830 ac
894 3780 1112 3833 morbos
1161 3781 1443 3849 prolapsus
1490 3785 1614 3846 sint.
1657 3802 1877 3839 carnem
1912 3789 2112 3855 pariter
2143 3805 2206 3843 ac
2248 3792 2367 3844 ani-

798 3880 945 3918 mtnn
991 3866 1224 3921 ludibrio
1265 3870 1485 3924 habens.
1530 3890 1548 3920 ι
1592 3870 1734 3924 Sana
1772 3889 1876 3935 me,
1910 3873 2174 3940 Domine,
2227 3894 2364 3946 quo-

800 3954 945 4007 niam
986 3958 1197 4011 turbata
1227 3970 1354 4012 sunt
1382 3976 1502 4014 ossa
1532 3976 1649 4014 mea
1681 3976 1693 4012 :
1732 3982 1750 4013 ι
1785 3978 1904 4031 qua:
1939 3966 2190 4018 nimirum
2222 3966 2362 4021 inte.

802 4048 999 4101 riorem
1044 4064 1221 4103 meum
1260 4052 1533 4104 hominem
1570 4053 1888 4122 compagine
1922 4070 2270 4124 connectunt,
2300 4074 2365 4113 ac

799 4139 1132 4191 exstruentia
1167 4140 1381 4208 erigunt
1406 4142 1542 4211 (l4).
1583 4143 1839 4207 Quzcnam
1870 4160 1996 4197 vero
2028 4142 2159 4199 illa?
2196 4146 2365 4201 Nimi-

802 4240 919 4278 rum
952 4227 1082 4282 tides
1102 4271 1116 4292 ,
1146 4231 1452 4295 prudentia,
1499 4247 1643 4298 spes,
1679 4233 1918 4287 charitas
1941 4273 1956 4296 ,
1987 4238 2362 4303 temperantia,

800 4317 1160 4381 continentia,
1188 4319 1416 4384 iustitia,
1440 4322 1634 4388 pietas,
1664 4325 2039 4386 mansuetudo,
2066 4328 2360 4381 humilitas.

802 4406 925 4459 Haec
954 4408 1006 4460 in
1040 4424 1124 4461 me
1150 4425 1271 4463 ossa
1302 4412 1533 4465 contrita
1560 4422 1707 4474 sunt,
1738 4415 1947 4467 turbata
1975 4427 2122 4480 sunt,
2152 4427 2366 4484 putrue-

2462 1957 2694 2027 ζητῆσαι
2732 1961 2933 2027 ἰατρόν·
2967 1961 3027 2012 οὐ
3056 1962 3281 2014 δύναται
3308 1961 3536 2030 δραμεῖν
3563 1960 3657 2013 καὶ
3683 1959 3923 2029 ρυθῆναι
3955 1960 4044 2011 τὸν

2459 2052 2651 2119 ἐχθρόν
2763 2053 2965 2105 Λοιπὸν
2997 2054 3059 2105 σὺ
3093 2053 3329 2122 ζήτησον
3370 2070 3459 2122 με,
3503 2052 3772 2109 Δέσποτα.
3811 2054 3840 2104 ὁ
3870 2051 4043 2103 ἐλθὼν

2466 2156 2485 2189 ι
2522 2139 2755 2208 ζητῆσαι
2784 2145 2874 2193 καὶ
2901 2143 3074 2193 σῶσαι
3105 2145 3166 2193 τὸ
3194 2143 3495 2200 ἀπολωλός.
3539 2160 3557 2191 ι
3595 2143 3668 2194 Συ
3702 2142 3872 2194 πάλιν
3905 2141 4042 2211 πρὸς

2460 2231 2557 2299 ἐμὲ
2586 2231 2679 2283 τὸν
2712 2233 3081 2301 περιπεσόντα
3110 2233 3335 2302 λῃσταῖς
3366 2231 3666 2293 κατάλαϐε,
3703 2234 3797 2283 καὶ
3830 2249 4043 2301 προκα-

2458 2320 2680 2374 τὰλαεε.
2712 2323 2787 2374 (ιύ
2808 2323 2917 2391 γὰρ
2947 2324 3209 2392 ἡμιθανῆ,
3242 2324 3353 2375 ἀλλ’
3375 2322 3608 2389 ὀλοθανῆ
3641 2339 3708 2391 με
3745 2323 4040 2390 πεποίηκε.

2461 2410 2661 2463 Λοιπὸν
2707 2430 2725 2462 ι
2770 2413 2947 2464 Ἰασαί
2985 2430 3088 2483 με,
3123 2414 3293 2483 Κύριε
3316 2452 3331 2474 ,
3368 2415 3460 2467 καὶ
3493 2414 3828 2483 ἰαθήσομαι·
3868 2414 4043 2465 σῶσόν

2465 2518 2554 2569 με.
2586 2503 2677 2554 καὶ
2710 2505 3052 2572 σωθήσομαι.
3086 2523 3102 2553 ι
3144 2506 3325 2557 Ἰασαε
3359 2522 3425 2573 με
3451 2544 3467 2569 ,
3503 2504 3673 2571 Κύριε
3696 2545 3711 2565 ,
3742 2506 3826 2556 ὅτι
3863 2506 3892 2555 ὁ
3922 2505 4043 2571 ὄφις

2461 2594 2488 2643 ὁ
2523 2595 2755 2663 πονηρὸς
2784 2594 2905 2645 ὅλον
2933 2612 2999 2663 με
3028 2595 3230 2663 ἀσθενῆ
3266 2596 3359 2647 καὶ
3389 2595 3667 2665 σεσηπότα
3708 2595 4040 2664 πεποίηκεν

2460 2684 2487 2733 ὁ
2516 2685 2570 2736 δὲ
2611 2686 2841 2755 ἀσθενὴς
2873 2688 2967 2739 καὶ
3013 2686 3268 2756 σεσηπὼς
3291 2729 3303 2750 ,
3335 2687 3454 2750 ὅλος
3488 2689 3661 2757 χαμαὶ
3689 2690 3893 2749 κεῖται,
3926 2688 4043 2749 ὅλος

2461 2775 2716 2843 ἔρριπται
2743 2776 2957 2845 πτῶμα
2995 2779 3113 2839 ὅλος
3141 2781 3320 2846 ἀργεῖ.
3354 2780 3531 2831 Μόνον
3556 2780 3638 2831 ὃτι
3664 2778 3784 2847 βοᾷ,
3821 2780 3921 2829 καὶ
3956 2779 4043 2829 τὸν

2465 2866 2724 2934 ῥυόμενον
2756 2868 2928 2935 ζητεῖ.
2962 2869 3138 2922 Μόνον
3178 2871 3263 2921 ὅτι
3310 2869 3434 2931 τοὺς
3475 2868 3793 2936 ὀφθαλμοὺς
3823 2868 4039 2935 ὰνυψοί,

2463 2963 2557 3013 καὶ
2601 2965 2926 3028 περισκοπεῖ
2964 2963 3095 3014 πότε
3127 2961 3245 3031 ἣξει
3269 3004 3282 3025 ,
3312 2962 3445 3014 πότε
3489 2960 3849 3027 ἐπισκέψεται
3877 2960 4043 3011 αὐτὸν

2470 3070 2487 3101 ι
2524 3054 2553 3103 ὁ
2593 3052 2866 3121 δεσμεύων
2893 3056 3017 3114 τοὺς
3067 3053 3561 3123 συντετριμμένους
3586 3092 3601 3114 ,
3646 3072 3663 3102 ι
3703 3051 3798 3102 καί
3849 3050 4043 3113 σώζων

2466 3143 2593 3204 τοὺς
2623 3144 3098 3211 ἀπεγνωσμένους.

2541 3446 2560 3479 ι
2599 3429 2781 3479 Ἰασαί
2810 3445 2898 3497 με,
2934 3428 3130 3498 Κύριε,
3164 3430 3247 3481 ὅτι
3299 3429 3577 3499 ἐταράχθη
3610 3428 3677 3481 τὰ
3707 3430 3846 3482 ὀστᾶ
3897 3446 4002 3498 μου
4024 3443 4040 3458 ⁸

2466 3518 2561 3569 καὶ
2588 3520 2619 3586 ἡ
2648 3518 2792 3587 ψυχή
2826 3537 2926 3587 μου
2954 3520 3230 3589 ἐταράχθη
3264 3521 3493 3590 σφόδρα.
3529 3539 3546 3569 ι
3574 3521 3901 3590 Σωματικὸς
3929 3521 4046 3589 ἅμα

2466 3610 2560 3661 καὶ
2590 3610 2820 3678 ψυχικὸς
2842 3649 2857 3673 ,
2893 3612 3080 3679 φησὶν,
3114 3607 3158 3663 ὦ
3190 3614 3454 3676 Δέσποτα,
3479 3614 3747 3665 κατέλαϐέ
3769 3629 3837 3681 με
3866 3614 4046 3682 τάρα-

2466 3716 2578 3769 χος·
2609 3701 2863 3769 ψυχικοῖς
2888 3704 2980 3755 καὶ
3008 3706 3289 3773 σαρκικοῖς
3320 3706 3649 3774 περιέπεσον
3683 3704 3910 3766 πάθεσι,
3943 3703 4047 3773 τὴν

2468 3794 2646 3860 σάρκα
2675 3794 2771 3844 καὶ
2799 3793 2897 3863 τὴν
2926 3795 3104 3863 ψυχὴν
3136 3795 3507 3865 ποιησάμενος
3538 3796 3816 3861 παίγνιον.
3863 3813 3883 3845 ι
3929 3797 4045 3847 ἰα-

2468 3883 2559 3933 σὸν
2585 3899 2673 3950 με,
2708 3882 2902 3951 Κύριε,
2934 3886 3015 3936 ὅτι
3046 3885 3325 3955 ἐταράχθη
3355 3885 3425 3939 τὰ
3450 3887 3585 3939 ὀστᾶ
3616 3904 3740 3956 μου,
3768 3905 3787 3936 ι
3820 3888 3893 3938 τὰ
3924 3903 4048 3938 συν-

2465 3971 2769 4040 δεσμοῦντα
2818 3975 2914 4025 καὶ
2948 3976 3281 4044 ἀνορθοῦντα
3314 3978 3404 4030 τὸν
3446 3977 3555 4029 ἔσω
3593 3995 3693 4045 μου
3726 3978 4045 4047 ἄνθρωπον.

2467 4062 2601 4114 Ποῖα
2633 4062 2836 4127 ταῦτας
2903 4064 2965 4116 Ἰι
3002 4067 3218 4129 πίστις,
3275 4068 3307 4136 ἡ
3350 4068 3651 4136 φρόνησις,
3695 4070 3727 4137 ἡ
3777 4069 3973 4131 ἐλπὶς,
4015 4071 4048 4138 ἠ

2463 4154 2674 4222 ἀγάπη,
2708 4156 2740 4223 ὴ
2778 4156 3101 4226 σωφροσύνη
3126 4198 3140 4220 ,
3178 4158 3211 4227 ἡ
3246 4159 3577 4229 ἐγκράτεια,
3610 4162 3642 4228 η
3681 4159 4009 4229 δικαιοσύνη
4032 4201 4047 4221 ,

2466 4245 2499 4312 ή
2531 4244 2780 4296 εὐσέϐεια
2803 4287 2816 4308 ,
2853 4249 2886 4313 ἡ
2921 4248 3197 4316 πραότης,
3246 4251 3278 4318 ἠ
3328 4250 3819 4319 ταπεινοφροσύνη.
3856 4251 4049 4305 Ταῦτα

2465 4337 2534 4387 τὰ
2572 4335 2704 4387 ὀστᾶ
2739 4335 2824 4388 ἐπ’
2868 4338 2991 4405 ἐμοὶ
3031 4338 3451 4407 συνετρίϐησαν,
3490 4342 3584 4393 καὶ
3629 4340 4048 4409 ἐταράχθησαν,

2466 4426 2559 4479 καὶ
2601 4427 3013 4498 ἐσαθρὼθησαν.
3049 4429 3179 4482 Ἐπὶ
3215 4431 3269 4483 δὲ
3304 4430 3412 4483 τῶν
3446 4430 3555 4482 σῶν
3590 4432 3783 4498 ἁγίων,
3827 4430 4010 4499 Κύριε
4031 4470 4047 4494 ,

804 4509 949 4553 ι·ιιιιι.
993 4500 1047 4552 lu
1083 4503 1286 4557 sanetis
1312 4513 1488 4557 autem
1520 4504 1649 4567 tuis,
1686 4505 1934 4571 Domine,
1966 4525 1984 4557 ι
2027 4508 2277 4564 Custodis
2310 4522 2359 4564 ιιι

2474 4536 2491 4568 ι
2530 4519 2823 4581 Φυλὰττεις
2856 4520 3033 4573 πάντα
3067 4522 3137 4575 τὰ
3170 4523 3304 4575 ὁστᾶ
3334 4523 3533 4585 αὐτῶν,
3568 4524 3662 4576 καὶ
3690 4523 3748 4575 ἐν
3776 4522 3838 4587 ἐξ
3858 4524 4051 4576 αὐτῶν

799 4592 978 4642 ottiuia
1026 4606 1147 4645 ossa
1196 4608 1419 4657 eorum,
1470 4612 1567 4650 nec
1617 4611 1803 4651 eorum
1858 4600 2074 4666 aliquod
2113 4609 2363 4655 contere-

803 4692 890 4734 tur
916 4683 958 4713 ¹¹⁹
994 4702 1008 4737 :
1060 4702 1079 4733 ι
1122 4686 1468 4752 quantumvis
1508 4691 1751 4756 corporis
1782 4704 1905 4745 ossa
1938 4691 1992 4745 in
2039 4694 2364 4762 martyribus

804 4772 907 4825 tuis
933 4774 1167 4828 contrita
1196 4773 1430 4831 luerunt.
1464 4795 1484 4829 ι
1519 4776 1664 4833 Sana
1693 4794 1799 4847 me,
1831 4780 2076 4848 Domine,
2102 4785 2357 4852 quoniam

878 4928 920 4959 "
941 4926 1206 4995 Joan.xv,
1225 4929 1278 4985 5.
1357 4931 1398 4962 "
1426 4931 1558 4989 Luc.
1584 4949 1698 4999 nx,
1720 4935 1806 4990 ιο.

894 5082 922 5111 ο
944 5071 1052 5124 τῶν
1089 5071 1320 5141 ἐχθρῶν.

1883 4937 1925 4967 ³⁷
1957 4935 2159 4992 Jerem.
2192 4954 2325 5008 xvn,
2358 4941 2443 4998 14.

2470 4607 2530 4657 οὐ
2564 4608 3001 4676 συντριϐήσεται,
3040 4628 3058 4659 ι
3090 4612 3140 4662 εἰ
3172 4613 3267 4664 καὶ
3293 4612 3359 4664 τὰ
3387 4612 3482 4664 τοῦ
3510 4611 3760 4679 σώματος
3788 4614 3904 4666 τῶν
3936 4614 4050 4665 σῶν

2473 4698 2768 4769 μαρτύρων
2815 4701 3231 4771 συνετρίϐησαν.
3285 4723 3305 4756 ι
3350 4705 3531 4757 Ἰασαί
3573 4721 3661 4774 με,
3704 4705 3884 4775 Κύριε
3911 4747 3930 4773 ,
3967 4706 4049 4758 ὄτι

2465 4789 2742 4861 ἐταράχθη
2773 4792 2840 4844 τὰ
2875 4793 3009 4847 ὀστᾶ·⁵
3053 4812 3152 4863 μου
3174 4836 3189 4859 ,
3234 4796 3329 4848 καὶ
3359 4797 3392 4865 ή
3438 4796 3583 4866 ψυχή
3618 4814 3719 4865 μου
3760 4795 4048 4868 ἐταράχθη

2520 4945 2562 4975 ⁸⁸
2591 4944 2739 5000 Psal.
2773 4962 2953 5014 cxm,
2988 4947 3042 5001 5.
3120 4950 3162 4980 ¹⁹
3196 4948 3337 5004 Psal.
3366 4965 3564 5016 χχχιιι,
3590 4949 3683 5004 2|.

2297 5174 2528 5234 ΝΟΤιλΕ.

871 5282 984 5351 (15)
1015 5280 1264 5350 Corporis
1311 5284 1469 5337 simul
1509 5300 1570 5337 ac
1617 5286 1825 5338 attinnt.
1862 5284 1953 5344 Sic
2003 5289 2248 5342 restituta
2297 5306 2361 5346 ex

801 5354 969 5421 Regio
998 5351 1173 5406 littera
1240 5365 1523 5420 utramque
1578 5357 1819 5422 corporis
1850 5372 1913 5409 ac
1952 5358 2143 5411 animae
2176 5361 2363 5413 turbu-

804 5424 1029 5485 tionem,
1061 5438 1088 5471 a
1145 5425 1403 5491 propheta
1442 5439 1755 5489 expressam
1808 5427 2079 5489 declarat,
2136 5439 2194 5479 ut
2239 5446 2361 5483 ossa

804 5506 998 5558 corpus
1041 5491 1323 5561 designent
1356 5511 1369 5544 :
1408 5496 1619 5546 tametsi
1675 5494 1856 5546 statim
1889 5496 1955 5548 ad
1990 5498 2227 5552 animum
2282 5515 2367 5552 re-

807 5561 1005 5623 ferens,
1040 5560 1270 5628 virtutes
1296 5562 1546 5628 explicat.
1576 5562 1861 5616 COMBEFIS.

880 5628 997 5701 (Η)
1031 5626 1378 5701 Επιιᾼτιιειιιὲα
1415 5632 1658 5699 erigunt,
1709 5632 2070 5701 ἀνορθοῦντα,
2114 5638 2365 5691 excitant.

810 5697 1114 5775 Metapltora
1144 5699 1358 5775 domus,
1398 5697 1879 5775 qquI'uleientib'tts
1934 5697 2173 5759 trabibus
2198 5707 2367 5775 iisque

809 5766 1110 5822 commissis
1139 5766 1429 5839 excitatur,
1460 5780 1513 5825 et
1560 5771 1613 5825 iu
1646 5770 1840 5827 molem
1866 5775 2130 5844 exsurgit.
2164 5766 2362 5846 luterp.

2470 5296 2706 5352 vinciunt
2730 5309 2885 5372 atque
2914 5314 3272 5369 corrumptml.
3324 5302 3394 5359 Ut
3443 5304 3591 5372 prior
3636 5318 3735 5359 vox
3796 5307 4047 5361 nonnihil

2473 5370 3028 5443 reSpondeatAGtmttte
3080 5375 3201 5443 voci
3240 5370 3664 5443 συνδεσμοῢντα·
3714 5374 3848 5427 nihil
3900 5388 4048 5430 certe

2469 5436 2633 5513 altera
2665 5438 2820 5492 alteri
2864 5442 3131 5509 congruit.
3186 5436 3445 5497 Putarem'
3474 5444 3733 5513 mendum
3783 5453 4046 5513 typogra-

2468 5505 2709 5581 plticum,
2736 5524 2799 5581 ac
2834 5505 3118 5581 scripsisse
3154 5514 3526 5581 interpretem,
3566 5505 3949 5577 causam)":
3965 5513 4046 5567 vel

2467 5578 2595 5651 quid
2627 5576 2848 5651 simile:
2888 5580 2987 5632 nisi
3044 5582 3234 5635 utenda
3288 5576 3391 5635 alia
3441 5585 3529 5635 vix
3583 5581 3811 5643 leviora,
3868 5596 4048 5651 eaque

2468 5645 2653 5722 plura,
2710 5646 3071 5722 lt0c_qtt0qttc
3116 5666 3147 5707 ιι
3198 5652 3406 5708 calamo
3459 5651 3702 5722 patuisse
3758 5645 4047 5718 excidere,

2467 5716 2773 5772 suaderent.
2806 5716 3093 5775 CUIBEFIS.
