4186 6442
191 413 338 479 1089

1370 424 1650 484 ORATIO
1689 425 1771 485 IN
1809 424 2172 486 PSALMUM
2210 422 2308 487 VI.

3307 413 3441 475 1090

189 527 421 594 σφόδρα.
485 544 504 576 ι
579 525 722 596 Ὀρῶ
751 528 861 600 γὰρ
924 529 1028 600 ήδη
1074 530 1266 584 λοιπδν
1311 533 1412 603 τὴν
1459 535 1610 604 ὥραν
1664 537 1763 604 τῆς

1879 538 2082 590 turbata
2116 545 2241 589 sunt
2273 548 2397 589 ossa
2436 547 2552 587 mea
2583 546 2598 586 :
2635 538 2689 584 et
2732 527 2911 597 anima
2941 539 3060 581 mea
3104 522 3322 578 turbata
3358 533 3443 576 est

185 617 368 685 ψυχῆς
425 636 528 686 μου
587 621 962 689 προκόψασαν,
1013 623 1106 673 τὸν
1155 624 1348 692 χρόνον
1407 625 1764 694 ἐκλείψαντα,

184 708 248 758 τὸ
282 707 436 768 τάλος
473 709 722 774 ἐγγίσαν,
762 713 824 764 τὸ
857 715 1034 781 γῆρας
1067 713 1342 781 ἀκμάσαν,
1377 715 1437 767 τὸ
1470 716 1630 785 Θέρος
1666 733 1766 784 μου

187 797 398 861 κλῖναν,
441 801 533 850 καὶ
576 803 710 870 πρὺς
741 804 840 871 τὴν
886 803 1058 872 τομὴν
1095 806 1335 871 ἐπεῖγον,
1377 809 1469 858 τδν
1514 808 1769 876 θεριστήν

189 903 296 954 μου
338 889 670 956 σπεύδοντα,
726 894 826 960 τὴν
860 893 1136 962 δρεπάνην
1177 895 1530 958 δεικνύοντα,
1580 895 1770 966 ἀξίνην

189 979 554 1045 βαστάζοντα,
592 984 692 1051 τὴν
719 984 962 1052 ἐκκοπὴν
997 985 1330 1054 μηνύουσανυ
1368 1005 1387 1037 ι
1426 987 1536 1039 Καὶ
1563 988 1595 1055 ή
1625 987 1768 1057 ψυχή

189 1084 293 1134 μου
351 1070 636 1139 ἐταράχθη
692 1072 920 1141 σφόδρα.
979 1091 997 1123 ι
1069 1075 1213 1145 Ὀρῶ
1254 1077 1323 1129 τά
1368 1077 1489 1128 κατ’
1534 1078 1771 1146 ἐμαυτὸν

186 1159 495 1226 ἀδιόρθωτα
519 1201 533 1223 ,
570 1164 662 1213 καὶ
696 1164 818 1215 καθ’
849 1164 1068 1234 ἡμέραν
1104 1170 1184 1229 εἰς
1221 1169 1283 1219 τὸ
1317 1170 1499 1238 χεῖρον
1544 1170 1773 1240 ἐρχόμε-

187 1268 301 1300 νον·
358 1268 377 1301 ι
416 1253 582 1321 Καὶή
618 1254 762 1323 ψυχή
804 1273 908 1324 μου
946 1259 1222 1326 ἐταράχθη
1275 1260 1504 1330 σφόδρα.
1548 1280 1565 1304 ι
1628 1260 1774 1330 Ὀρῶ

189 1341 282 1393 τὸν
314 1342 561 1412 κλέπτην
591 1344 777 1398 λοιπὸν
809 1349 1266 1417 προσεγγίζοντα,
1301 1352 1394 1402 καὶ
1424 1352 1519 1404 τοῦ
1552 1352 1668 1422 βίου
1707 1371 1773 1422 με

189 1432 442 1499 ἁρπάσαι
491 1434 821 1489 σπεύδοντα·
863 1455 880 1488 t
937 1439 1046 1492 Kal.
1078 1440 1110 1508 ἡ
1145 1439 1289 1510 ψυχή
1346 1459 1446 1510 μου
1493 1443 1772 1513 ἐταράχθη

188 1522 422 1589 σφόδρα.
464 1541 481 1572 ι
533 1525 676 1592 ’0ρῶ
708 1527 804 1594 τὴν
832 1526 1014 1590 ἔξοδον
1041 1529 1135 1580 τοῦ
1169 1530 1284 1598 βίου
1322 1532 1460 1599 πρὸς
1489 1532 1558 1584 τὰ
1593 1536 1774 1585 ἐκεῖσε

187 1612 436 1683 χαλεπὴν
486 1617 578 1666 καὶ
613 1620 854 1686 μακρὰν,
907 1619 1000 1670 καὶ
1057 1622 1156 1690 ἐμὲ
1206 1624 1398 1689 ἐφόδια
1436 1624 1511 1692 μὴ
1546 1623 1771 1692 ἔχοντα’

193 1719 211 1750 ι
249 1702 426 1768 Καὶή
480 1703 623 1771 ψυχή
665 1722 766 1771 μου
820 1709 1095 1776 ἐταράχθη
1143 1711 1369 1778 σφόδρα.
1414 1730 1432 1762 ι
1495 1713 1636 1782 Ὀρῶ
1685 1714 1776 1765 τὸν

186 1788 483 1858 δανειστὴν
529 1792 862 1858 ἐγγίσαντα.
898 1797 1043 1864 κάμὲ
1090 1798 1433 1867 φυράσαντα.
1498 1800 1638 1870 Ὀρῶ
1677 1802 1775 1870 τὴν

1870 626 2045 679 valde.
2078 643 2096 674 ι
2132 623 2250 678 .lam
2282 623 2427 678 enim
2459 623 2653 674 anima:
2683 632 2814 672 mea“:
2852 617 3091 680 vigorem
3121 615 3278 666 video
3311 625 3440 679 pro-

1869 717 2137 777 cessisse,
2182 725 2394 783 tempus
2434 712 2699 765 defecisse
2724 750 2738 772 ,
2782 711 2944 762 linem
2978 706 3376 774 propinquasse
3424 721 3439 759 :

1872 808 2035 861 altam
2060 815 2388 860 senectutem
2416 820 2429 856 :
2455 803 2764 856 inclinatam
2793 813 3026 853 messem
3055 813 3252 856 meam,
3282 806 3444 864 atque

1872 900 1936 951 ad
1980 898 2375 952 demessionem
2417 896 2727 963 per-lnctam
2761 891 2805 921 ²⁰
2857 908 2870 943 :
2917 888 3267 942 festinantem
3305 904 3444 941 incs-

1873 1006 2046 1045 sorem
2081 1003 2281 1049 meum,
2306 987 2494 1041 falcem
2523 983 2894 1039 ostendentem
2917 1025 2932 1050 ,
2961 985 3193 1038 securim
3227 995 3446 1050 gestan-

1873 1092 1979 1135 tem
2007 1081 2047 1111 ²¹
2073 1079 2366 1133 excisionis
2389 1077 2619 1131 indicem
2657 1093 2669 1128 :
2708 1093 2727 1126 ι
2765 1075 2829 1128 Ει
2861 1081 3037 1130 anima
3083 1092 3200 1130 mea
3230 1077 3445 1128 turbata

1872 1183 1954 1228 est
1985 1173 2158 1226 valde.
2198 1191 2216 1223 ι
2257 1169 2424 1223 Video
2467 1183 2553 1222 res
2598 1184 2747 1221 meas
2780 1169 2913 1221 nihil
2961 1171 3276 1222 emendatas
3303 1208 3318 1230 ,
3353 1166 3446 1220 sed

1876 1279 1959 1317 tne
1992 1264 2232 1332 quotidie
2261 1262 2312 1315 in
2341 1261 2578 1314 deterius
2608 1262 2814 1328 prolabi
2864 1277 2876 1311 :
2923 1278 2941 1311 ι
2996 1261 3061 1314 Et
3108 1261 3286 1312 anima
3325 1274 3444 1312 mea

1876 1356 2090 1408 turbata
2132 1365 2214 1408 est
2261 1353 2436 1407 valde.
2495 1370 2513 1402 ι
2563 1350 2732 1405 \‘ideo
2778 1353 2888 1420 jam
2962 1351 3138 1405 furem
3185 1351 3448 1404 acceden-

1878 1448 2073 1509 tem",
2118 1462 2310 1515 meque
2345 1460 2377 1499 e
2416 1445 2521 1497 vita
2558 1445 2807 1513 abripere
2858 1453 3236 1512 properantem
3274 1461 3288 1496 :
3328 1460 3346 1492 ι
3387 1441 3452 1494 Et

1877 1541 2056 1592 anima
2091 1555 2206 1592 mea
2243 1540 2449 1592 turbata
2481 1548 2563 1590 est
2595 1538 2771 1590 valde.
2810 1556 2828 1587 ι
2872 1535 3039 1590 Video
3074 1536 3348 1588 dillicilem
3386 1548 3452 1585 ae

1877 1630 2089 1698 longam
2124 1631 2191 1682 ah
2226 1630 2326 1683 hoc
2360 1629 2560 1682 saeculo
2606 1629 2672 1679 ad
2708 1629 2854 1680 illius
2903 1637 3104 1679 statum
3167 1624 3450 1692 migratio-

1877 1737 2032 1784 nem;
2081 1735 2271 1787 meque
2303 1721 2619 1773 destitutum
2659 1718 2860 1769 viatico
2902 1733 2916 1768 :
2956 1735 2974 1767 ι
3016 1715 3082 1768 Et
3124 1715 3301 1767 anima
3331 1728 3448 1765 mea

1881 1813 2090 1863 turbata
2121 1820 2202 1862 cst
2235 1809 2408 1861 valde.
2451 1827 2469 1858 ι
2503 1807 2672 1860 Video
2704 1808 3050 1859 accedentem
3083 1805 3447 1864 creditorem,

186 1880 538 1950 προθεσμίαν
594 1885 1002 1953 πληρωθεῖσαν,
1048 1887 1140 1938 καὶ
1179 1889 1239 1939 ἐν
1273 1889 1472 1961 ἀπορίᾳ
1518 1909 1585 1957 με
1633 1891 1772 1956 φθά-

1879 1913 1941 1952 ac
1975 1913 2059 1951 me
2092 1898 2504 1966 investigantem
2552 1896 2685 1965 (15).
2721 1893 2891 1948 Video
2941 1893 3219 1960 impletum
3270 1894 3450 1959 praeli-

189 1989 385 2025 σαντα.
432 1974 574 2043 Ὀρῶ
600 1977 691 2027 τὸν
723 1977 1017 2044 λογοθέτην
1043 1979 1103 2029 τὸ
1127 1979 1492 2049 χειρόγραφόν
1531 1999 1622 2050 μοι
1651 1984 1773 2033 ἐπι-

189 2065 451 2129 σείοντα,
485 2067 579 2117 καὶ
624 2067 754 2130 τοὺς
782 2068 1037 2137 δεσμίους
1081 2069 1401 2139 βρύχοντας.
1456 2072 1599 2141 Ὀρῶ
1643 2073 1772 2124 πολ-

185 2156 316 2218 λοὺς
347 2158 734 2227 κατηγόρους,
784 2161 880 2212 καὶ
912 2161 1103 2212 οὐδένα
1151 2162 1472 2230 ξυνήγορον,
1524 2181 1542 2213 ι
1593 2165 1702 2217 Kal
1737 2166 1770 2234 ἡ

185 2244 333 2314 ψυχή
364 2263 469 2313 μου
496 2250 772 2317 ἐταράχθη
799 2249 1024 2319 σφόδρα.
1052 2269 1070 2301 ι
1105 2250 1383 2320 Θροοῦμσ.ι
1404 2255 1497 2305 καὶ
1527 2255 1767 2321 ἀγωνιῶ-

187 2336 406 2406 φρίττω
433 2339 529 2390 καὶ
559 2341 1053 2409 προκατασείομαι,
1081 2343 1174 2392 καὶ
1202 2342 1254 2392 τί
1287 2342 1492 2410 πρᾶξαι
1517 2344 1619 2395 οὐκ
1649 2346 1769 2398 ἐπί-

188 2444 422 2494 σταμαι.
466 2428 670 2494 Χρόνον
712 2429 858 2498 ζωῆς
906 2431 1240 2500 αἰτήσομαι;
1304 2433 1466 2486 Ἀλλά
1496 2435 1770 2504 φοϐοῦμαι

190 2522 393 2589 μήπως
426 2521 606 2590 πάλην
632 2523 1046 2592 ἁμαρτημάτων
1081 2525 1396 2593 ποιήσωμαι
1427 2526 1767 2596 προσθήκην,

187 2614 283 2664 καὶ
313 2614 620 2681 ἀνετοίμως
656 2614 1044 2684 πορεύσωμαι.
1079 2618 1172 2667 καὶ
1200 2617 1338 2686 ποίῳ
1371 2619 1646 2688 προσώπῳ
1679 2622 1770 2672 τὸν

186 2703 390 2772 κριτὴν
436 2703 721 2773 θεάσωμαι
757 2707 1050 2775 ἀμηχανω,
1091 2709 1172 2761 ὅτι
1202 2710 1259 2760 ἐν
1297 2709 1488 2779 ἄκροις
1534 2711 1601 2763 τά
1652 2711 1769 2763 κατ’

188 2794 431 2862 ἐμαυτὸν
463 2795 594 2863 ὁρῶ.
630 2797 695 2849 '0
724 2799 958 2866 πονηρὸς
983 2798 1268 2868 διενοχλῶν
1298 2817 1387 2868 μοι
1426 2801 1485 2851 οὐ
1516 2801 1766 2854 παύεται·

185 2885 237 2935 οἱ
269 2883 461 2952 ἐχθροὶ
511 2884 603 2936 τοῦ
637 2887 894 2955 πολεμεῖν
936 2889 1038 2940 οὐκ
1070 2889 1413 2956 ἀφίστανται·
1448 2891 1477 2942 ὁ
1507 2892 1769 2960 ἐμφύλιος

186 2977 289 3043 τῆς
348 2975 554 3042 σαρκὸς
597 2977 832 3044 πόλεμος
889 2979 1240 3049 ἐκταράττων
1290 2982 1351 3033 οὺ
1404 2983 1676 3049 φείδεται’
1720 2987 1766 3036 oi

188 3065 424 3132 πονηροὶ
450 3065 700 3135 λογισμοὶ
726 3066 972 3137 οὐδαμῶς
994 3067 1351 3139 ἡσυχάζουσι.

269 3256 288 3289 ι
326 3241 439 3295 Kal.
472 3242 564 3304 σὺ,
598 3244 791 3313 Κύριε,
837 3244 945 3307 ἓως
974 3246 1105 3298 πότε
1135 3264 1151 3313 ;
1194 3266 1213 3300 ι
1258 3248 1326 3300 Τί
1367 3249 1467 3319 μὲν
1500 3252 1774 3322 ἐσήμανεν
1803 3220 1848 3280 C

191 3331 295 3384 οὐκ
325 3327 500 3397 εἶπεν,
537 3334 654 3386 ἀλλ’
684 3335 742 3400 ἐξ
786 3336 962 3406 ἄκρας
996 3337 1234 3406 ἀθυμίας
1268 3341 1363 3392 καὶ
1396 3346 1774 3410 περιστάσεως

192 3425 428 3493 φρικτόν
449 3441 502 3477 τι
531 3426 626 3478 καὶ
644 3425 919 3497 τολμηρὸν
945 3428 1231 3497 βουληθεὶς
1257 3431 1430 3484 είπείν
1459 3434 1594 3501 πρὸς
1618 3435 1771 3497 Θεὸν,

193 3514 433 3582 ἐπέσχεν
464 3515 678 3579 ἑαυτὸν,
730 3518 826 3569 καὶ
861 3517 1022 3571 τοῦτο
1056 3520 1282 3586 ἀγαγεῖν
1321 3523 1421 3575 οὐκ
1449 3523 1774 3592 ἐτόλμησεν,

193 3603 338 3656 ἀλλά
381 3620 537 3672 φησι·
594 3623 614 3657 ί
664 3607 774 3658 Kal.
806 3607 894 3672 σὺ,
925 3609 1120 3677 Κύριε,
1166 3611 1270 3673 ἓως
1313 3611 1483 3675 πότε;
1531 3631 1550 3664 ι
1607 3613 1772 3678 Ἰδοὺ,

195 3696 392 3764 φησὶν,
421 3693 570 3758 οῐδας
592 3738 606 3761 ,
638 3698 904 3761 Δέσποτα,
954 3702 1076 3752 κατ’
1109 3702 1210 3769 ἐμὲ
1242 3704 1515 3757 πανάθλια
1549 3705 1645 3757 καὶ
1678 3724 1776 3757 τα-

193 3786 457 3857 λαίπωρα
506 3789 601 3840 καὶ
645 3788 874 3842 ἐλεεινά.
937 3789 1067 3843 Ἰδοὺ
1116 3791 1334 3860 βλέπεις
1373 3796 1472 3860 τὴν
1522 3795 1642 3847 κατ’
1676 3796 1776 3864 ἐμὲ

194 3878 479 3943 εῠστααιν,
507 3881 602 3934 καὶ
626 3880 725 3950 τὴν
749 3880 980 3955 κάμινον
1007 3882 1108 3950 τῆς
1138 3885 1360 3952 σαρκὸς,
1387 3887 1480 3938 καὶ
1507 3887 1606 3956 τὴν
1634 3888 1778 3939 ἀντί-

198 3983 416 4032 στασιν,
450 3972 543 4024 καὶ
570 3971 662 4022 τὸν
687 3971 924 4040 πόλεμον
956 3971 1062 4024 τῶν
1086 3972 1318 4045 λῃστῶν,
1351 3978 1445 4027 καὶ
1471 3977 1571 4046 τήν
1604 3976 1778 4030 ἔκλει-

195 4062 292 4129 ψιν
331 4061 430 4114 τοῦ
483 4064 703 4131 χρόνου,
738 4068 833 4118 καὶ
876 4066 1095 4118 ἀτονίαν
1141 4067 1241 4135 τῆς
1289 4067 1426 4135 ὲμῆς
1465 4067 1774 4137 δυνάμεωςο

197 4155 426 4220 Λοιπὸν,
461 4154 664 4226 Κύριε,
705 4158 811 4220 ἓως
855 4158 984 4210 πότε
1016 4159 1075 4210 οὐ
1109 4159 1450 4226 συμπαθεῖς;
1495 4160 1602 4223 ἕως
1646 4162 1778 4214 πότε

195 4247 301 4297 οὐκ
348 4246 616 4309 ὲκδικεῖς;
658 4247 762 4310 ἓως
814 4248 944 4300 πότε
992 4251 1275 4320 παρορᾷς;
1326 4249 1436 4313 ἕως
1483 4251 1616 4303 πότε
1671 4270 1772 4320 μα-

199 4338 541 4407 κροθυμεῖς;
572 4339 676 4401 ἓως
721 4341 853 4394 πότε
885 4345 946 4393 οὺ
1003 4342 1318 4408 παιδεύεις;
1348 4344 1453 4406 ἓως
1504 4345 1633 4398 πότε
1679 4347 1779 4398 οὐκ

199 4429 555 4495 ἐπιϐλέπειςς
605 4430 710 4494 ἕως
750 4432 880 4484 πότε
908 4434 968 4485 οὐ
1001 4433 1172 4504 ρύσῃ;
1213 4435 1275 4487 Εἰ
1305 4435 1413 4504 γὰρ
1444 4435 1601 4503 κάγὼ
1630 4437 1779 4499 ἄξιός

1882 1991 2055 2043 nilum
2091 2001 2333 2055 tempus,
2384 2001 2580 2055 meque
2611 1987 2824 2040 consilii
2863 1985 3099 2053 inopem.
3144 1983 3314 2036 Video
3367 1999 3456 2035 ra-

1883 2081 2088 2134 tionum
2145 2081 2458 2145 praelectum
2507 2078 2939 2147 praetendente":
2991 2075 3123 2130 mihi
3174 2076 3455 2142 chirogra-

1879 2174 2042 2239 phum
2071 2173 2138 2234 ’³,
2175 2187 2240 2224 ac
2281 2171 2574 2224 frementes
2610 2169 2830 2223 lictores
2865 2166 3001 2236 (l6).
3049 2164 3219 2219 Video
3255 2166 3454 2218 multos

1877 2271 2240 2326 accusatores,
2267 2262 2470 2315 nullum
2501 2270 2679 2314 autem
2703 2261 3041 2314 defensorem
3072 2276 3086 2312 :
3119 2276 3137 2307 ι
3178 2257 3240 2310 Et
3269 2258 3452 2310 anima

1879 2370 1993 2406 mea
2029 2355 2241 2406 turbata
2278 2362 2362 2405 est
2391 2351 2569 2404 valde.
2605 2369 2622 2401 ι
2659 2349 3030 2404 Contremisco
3064 2363 3128 2402 ac
3167 2364 3284 2401 sum
3335 2359 3454 2401 tur-

1877 2445 2061 2506 batus,
2097 2459 2195 2497 nec
2238 2443 2466 2509 expedio
2521 2442 2652 2509 quid
2702 2456 2879 2508 agant.
2926 2439 3153 2493 Vivendi
3213 2442 3451 2507 spatium

1879 2537 2091 2604 petam?
2141 2536 2212 2588 At
2239 2548 2430 2588 vereor
2462 2547 2527 2586 ne
2561 2531 2686 2600 quid
2719 2545 2932 2584 rursum
2984 2533 3052 2583 ad
3101 2541 3451 2596 peccatorum

1877 2627 2149 2680 cumulum
2191 2627 2464 2693 adjiciam,
2500 2640 2563 2678 ac
2595 2625 2896 2689 imparatus
2930 2623 3121 2675 abeam
3153 2635 3172 2673 :
3204 2635 3311 2688 quo
3352 2635 3454 2672 au-

1877 2725 1982 2770 tem
2015 2717 2160 2769 vultu
2191 2725 2564 2784 aspectaturus
2593 2715 2693 2767 sint
2735 2713 2978 2766 .ludicem
3006 2752 3021 2776 ,
3051 2713 3244 2779 ignoro
3273 2748 3289 2772 ,
3319 2725 3447 2763 cum

1879 2824 1964 2861 res
1987 2823 2136 2860 meas
2163 2808 2215 2860 in
2233 2806 2496 2859 extremis
2516 2804 2836 2858 constitutas
2858 2803 3090 2854 videam.
3111 2800 3225 2853 Non
3258 2800 3455 2852 desinit

1877 2900 2142 2967 malignus
2177 2899 2437 2952 molestus
2467 2911 2625 2962 esse;
2680 2911 2784 2947 non
2830 2902 3051 2948 cessant
3086 2893 3270 2945 hostes
3312 2888 3454 2942 bello

1879 2991 2172 3058 impetere;
2225 2989 2367 3042 nulla
2417 2989 2603 3055 requie
2655 2987 2971 3040 intestinum
3023 2985 3208 3037 carnis
3255 2981 3454 3035 bellum

1877 3081 2154 3147 perturbat
2191 3096 2208 3145 ;
2258 3079 2398 3132 nihil
2430 3079 2586 3132 mala:
2616 3079 2974 3147 cogitationes
3004 3075 3421 3144 conquiescunt.

1957 3269 1975 3301 ι
2013 3251 2117 3303 Sed
2143 3259 2222 3313 tu,
2254 3248 2833 3316 Domine,usquequo?
2859 3266 2876 3299 ι
2905 3248 3172 3313 Quidnam
3191 3246 3456 3314 propheta

1883 3342 2122 3394 indicare
2151 3343 2312 3394 vellet
2343 3357 2447 3394 non
2474 3341 2777 3408 eatpressit;
2806 3355 2992 3394 verum
3028 3354 3151 3391 cum
3182 3352 3248 3391 et
3278 3337 3456 3390 maxi-

1885 3447 1970 3484 mo
2006 3432 2096 3484 illo
2123 3447 2357 3486 titmrore
2396 3447 2503 3499 quo
2536 3431 2842 3494 tenebatur,
2884 3444 2949 3483 ac
2990 3429 3300 3491 afﬂictione,
3331 3430 3457 3482 hor-

1885 3523 2108 3575 rendnm
2141 3522 2268 3588 quid
2318 3536 2382 3575 ac
2428 3522 2601 3574 audax
2648 3520 2909 3574 voluisset
2950 3518 3061 3573 Deo
3106 3520 3312 3583 dicere,
3369 3533 3458 3572 se-

1892 3613 2067 3678 ipsum
2100 3611 2378 3672 cohibuit,
2414 3626 2514 3663 nec
2557 3625 2724 3663 ausus
2770 3619 2854 3663 est.
2889 3608 3166 3676 proferre;
3207 3611 3301 3662 sed
3327 3610 3402 3662 ait
3437 3626 3453 3663 :

1892 3719 1909 3751 ι
1933 3700 2034 3752 Sed
2056 3709 2131 3763 ιιι,
2158 3701 2402 3761 Domine,
2427 3698 2744 3767 usquequo?
2765 3717 2782 3748 ι
2809 3698 2968 3762 Ecce,
2995 3699 3188 3765 inquit,
3210 3698 3455 3765 Domine,

1884 3801 1938 3845 tn
1990 3792 2126 3845 nosti
2170 3800 2228 3844 ut
2269 3791 2379 3844 sint
2420 3806 2534 3843 mea
2591 3790 2773 3843 omnia
2802 3829 2817 3852 ,
2863 3789 3156 3854 laboribus,
3201 3791 3458 3843 azrumnis

1885 3897 1950 3935 ac
1985 3882 2220 3935 miseriis
2249 3881 2424 3949 plena.
2460 3881 2597 3933 Ecce
2627 3889 2680 3931 tu
2712 3879 2859 3931 vides
2889 3893 3048 3945 quam
3092 3879 3221 3931 mihi
3254 3879 3460 3934 instent

1887 3973 2222 4038 adversarii;
2253 3973 2403 4026 vides
2434 3972 2619 4026 carnis
2647 3969 2956 4023 incendium
2985 3984 3046 4023 ac
3077 3970 3456 4036 rebellionem,

1887 4066 2153 4122 latronum
2185 4082 2401 4133 quoque
2454 4065 2689 4130 bellum;
2725 4063 2875 4118 vides
2925 4077 3011 4117 me
3059 4073 3268 4132 tempus
3319 4066 3457 4118 deii-

1887 4173 2028 4224 cere,
2064 4173 2126 4211 ac
2164 4173 2313 4212 meas
2358 4158 2630 4211 debilitari
2673 4155 2835 4207 vires.
2874 4153 2993 4208 Jam
3027 4170 3177 4222 ergo,
3205 4156 3455 4220 Domine,

1886 4265 2166 4318 usquequo
2200 4263 2304 4301 non
2338 4249 2466 4302 mihi
2502 4249 2812 4301 misereris?
2846 4261 3126 4314 usquequo
3157 4261 3258 4298 non
3316 4246 3456 4298 ulci-

1890 4342 2100 4396 sceris?
2129 4356 2411 4410 usquequo
2437 4341 2701 4409 negligis?
2731 4353 3011 4408 usquequo
3053 4337 3344 4391 tolerabis?
3369 4353 3459 4390 us—

1888 4449 2102 4502 quequo
2131 4449 2236 4486 non
2258 4433 2530 4500 corripis?
2555 4447 2834 4501 usquequo
2867 4446 2972 4483 non
3002 4428 3237 4495 aspicis?
3263 4443 3459 4496 usque-

201 4522 322 4593 ειμι
385 4523 570 4592 πάσης
637 4525 1116 4594 ἐγκαταλείψεως,
1163 4526 1296 4580 ἀλλὰ
1366 4527 1442 4596 τῷ
1493 4529 1633 4580 ἐλέει
1686 4547 1775 4581 σου

1888 4539 1995 4592 quo
2027 4538 2130 4576 non
2181 4522 2472 4576 liberabis?
2519 4521 2760 4576 Tametsi
2811 4520 2956 4575 enim
3002 4518 3217 4585 penitus
3277 4517 3456 4570 deseri

202 4614 473 4682 τεύξομαι
519 4615 618 4680 τῆς
674 4617 944 4681 ἀφέσεως.
1035 4617 1098 4669 Ἦ
1151 4616 1261 4686 γάρ
1312 4617 1379 4687 σὴ
1443 4618 1780 4688 παρόρασις.

205 4703 424 4769 γίνεται
474 4705 606 4771 ἡμῖν
657 4707 1027 4768 κατάπτωσις.
1069 4705 1256 4759 Ταῦτα
1304 4709 1401 4761 καὶ
1442 4707 1510 4760 τά
1555 4707 1779 4761 τοιαῦτα

206 4792 352 4863 πρὸς
401 4790 536 4844 Θεὸν
564 4794 592 4844 ὁ
620 4795 904 4865 προφήτης
934 4795 995 4860 ἐξ
1022 4796 1259 4865 ἀθυμίας
1278 4836 1293 4859 ,
1326 4795 1660 4866 φθέγξασθαι
1691 4797 1782 4850 λοι-

1891 4630 2120 4678 mereor,
2151 4625 2240 4667 tua
2269 4623 2444 4666 tamen
2479 4611 2849 4666 misericordia
2883 4609 3094 4662 veniam
3124 4621 3454 4673 consequar.

1886 4706 2039 4770 Quod
2077 4715 2132 4758 tu
2167 4704 2310 4757 enim
2354 4703 2622 4770 despicias
2669 4701 3052 4769 negligasque,
3085 4697 3255 4751 ruinze
3302 4697 3458 4750 nobis

1887 4797 2102 4854 occasio
2138 4797 2215 4849 Iit.
2251 4794 2376 4850 Haec
2418 4796 2544 4859 ille,
2586 4809 2650 4849 ac
2679 4794 2745 4848 iis
2774 4793 2970 4847 similia
2992 4835 3006 4859 ,
3042 4807 3109 4848 ex
3154 4789 3319 4845 animi
3366 4789 3457 4846 illo

281 4949 334 4982 ³ο
358 4949 550 5004 Matth.
579 4964 702 5012 xm,
726 4948 816 5003 30.
893 4950 934 4981 ¹¹
968 4947 1102 5006 Luc.
1137 4965 1218 5015 ιιι,
1246 4951 1300 5005 9.
1378 4951 1423 4982 "
1445 4949 1634 5006 Matth.
1670 4969 1775 5006 xxv

1879 4953 1936 5006 ιδ.
2014 4951 2060 4983 ⁸³
2098 4951 2286 5005 Matth.
2316 4968 2371 5010 v.
2395 4950 2489 5005 25.

1716 5085 1940 5144 NOTAE.

285 5198 401 5266 (15)
437 5197 511 5252 Ac
547 5213 628 5250 me
654 5197 1075 5266 investigantem,
1110 5198 1474 5267 φωράσαντα.
1515 5197 1641 5251 Levi
1678 5198 1779 5252 hac

210 5268 540 5330 mutatione,
571 5276 783 5321 constat
808 5269 1045 5333 optimus
1073 5267 1342 5320 Anastasii
1371 5283 1594 5331 sensus;
1617 5283 1776 5332 quem

213 5337 427 5390 nullum
455 5351 748 5402 congruum
784 5338 1068 5390 exhibebat
1092 5352 1191 5390 vox
1222 5338 1579 5406 νφυράσαντα.
1621 5336 1775 5402 Nam,

215 5407 438 5469 amabo,
495 5407 622 5472 quid
671 5407 957 5470 creditori,
985 5420 1107 5459 cum
1152 5405 1466 5459 subactione
1497 5408 1665 5459 instar
1696 5407 1777 5458 fn-

215 5477 384 5536 time,
441 5477 580 5544 quod
621 5491 738 5528 eam
768 5490 952 5529 vocem
1004 5475 1266 5542 interpres
1324 5476 1534 5529 reddit?
1581 5474 1783 5539 Qnrerit

214 5556 370 5598 certe
393 5545 483 5599 ille
509 5545 790 5606 accedens,
825 5559 887 5596 ac
920 5545 1326 5610 deprehendere
1354 5547 1543 5597 nititur
1573 5546 1780 5596 debito-

217 5628 361 5676 rem,
397 5631 426 5667 a
461 5629 572 5682 quo
618 5613 934 5668 solatiouem
980 5612 1193 5682 exigat;
1231 5628 1335 5667 non
1364 5614 1579 5682 ,farittze
1625 5614 1794 5666 instar

217 5699 346 5735 eum
392 5681 680 5754 subigere,
718 5697 811 5754 seu
856 5697 920 5754 ex
950 5696 1015 5736 eo
1061 5681 1293 5754 massam
1355 5681 1568 5754 facere;
1632 5683 1790 5749 idque

222 5750 541 5817 prasertitu'
589 5750 972 5820 πληρωθείσης
1003 5750 1366 5820 προθεσμίας’
1423 5751 1631 5816 impleto
1687 5766 1792 5805 ter-

225 5825 397 5890 mino,
417 5837 479 5876 ac
511 5822 600 5878 ubi
630 5822 848 5877 advenit
875 5823 1167 5877 constituta
1200 5821 1318 5876 dies
1347 5836 1450 5890 qua
1477 5821 1791 5876 solvendum

1881 5199 1971 5261 sit,
2005 5213 2068 5252 ac
2102 5200 2241 5252 ultra
2273 5214 2430 5267 quam
2486 5215 2591 5252 non
2637 5199 2705 5253 sit
2736 5196 3130 5266 prorogandum
3165 5195 3399 5250 debitum
3433 5212 3450 5249 :

1882 5271 2022 5337 quod
2073 5271 2256 5322 statim
2311 5269 2580 5330 subditur,
2641 5285 2735 5319 nec
2798 5268 2974 5337 minus
3028 5268 3292 5331 interpres
3317 5267 3450 5337 _de-

1883 5333 2103 5404 pravat,
2153 5339 2380 5392 reddens
2427 5339 2519 5402 τὸ,
2572 5336 2928 5407 προθεσμίαν,
2961 5337 3280 5388 vaticinium.
3307 5333 3457 5388 Con-

1883 5423 2046 5459 ’El’lb‘.

1955 5476 2065 5543 (16)
2106 5475 2406 5529 Frementes
2443 5476 2672 5528 lictores.
2707 5474 2951 5543 Δημίους
2994 5472 3316 5543 βρύχοντας,
3361 5471 3454 5524 Sic

1882 5561 1944 5598 ex
1965 5541 2142 5613 ‘llegin
2180 5547 2422 5598 restituta
2458 5547 2632 5597 littera
2663 5541 2809 5597 clara
2837 5554 2942 5604 est,
2974 5544 3060 5595 ubi
3093 5557 3187 5609 pro
3220 5541 3450 5610 βρύχον-

1880 5631 2015 5676 τας,
2061 5624 2144 5667 est
2194 5615 2389 5682 πικρὸν
2420 5613 2821 5682 ἐμϐλέπονταςο
2883 5625 2939 5665 ut
2989 5621 3144 5682 esset
3165 5613 3452 5682 retinenda

1882 5699 1981 5736 vox
2012 5683 2265 5750 δεσμίους
2281 5679 2477 5736 σἐιΙὶιει·
2509 5684 2836 5735 reddendum
2874 5696 2933 5735 ac
2964 5681 3194 5733 reddidit
3226 5679 3462 5750 interpr.

1882 5746 2189 5818 vinculadue
2236 5753 2535 5805 stridentia.
2567 5751 2763 5805 Verum
2804 5759 3020 5817 praestet
3061 5750 3308 5802 omittere
3340 5746 3452 5815 ple-

1886 5836 2051 5889 raque
2087 5822 2210 5876 talia
2241 5823 2524 5876 emendata
2558 5835 2620 5876 ac
2652 5821 2920 5876 restituta.
2953 5819 3240 5873 Constans.
