4186 6442
170 408 299 473 1093

1315 412 1596 472 ORATIO
1635 412 1716 471 IN
1759 413 2115 474 PSALMUM
2154 417 2254 476 VI.

3290 421 3423 489 ιοςι

168 525 464 594 χαρίζεται.
498 521 656 587 Οἶδας
687 526 794 595 γὰρ
819 526 917 593 τὴν
955 524 1243 578 ἀσθένειαν
1274 527 1372 595 τῆς
1402 527 1617 592 φύσεως
1661 527 1734 589 ὡς

1843 530 2171 582 scricordias
2215 541 2334 581 tuas
2359 570 2374 592 ,
2405 540 2461 584 ιιι
2500 531 2749 585 laudetur
2802 531 2855 585 in
2890 548 2976 588 me
3001 533 3291 588 clementia
3336 547 3422 589 tua

165 618 370 679 πλάσας
399 634 413 647 ⁸

164 711 248 761 καὶ
296 709 483 772 σώσας
513 711 705 778 αὑτήν.

466 619 562 670 καὶ
625 611 775 680 οἶδας
819 619 987 687 αὑτὴν
1026 619 1100 681 ὡς
1145 619 1507 687 ἐνδυσάμενος
1541 617 1734 687 αὐτὴν,

1848 634 1913 673 ac
1939 621 2265 689 benignitas.
2316 619 2449 673 Nam
2484 633 2538 677 et
2571 624 2834 691 probatus
2878 625 3120 679 medicus
3163 636 3289 678 tunc
3332 627 3424 679 de-

1836 710 1994 765 ‘mum
2025 712 2275 766 laudatur
2315 724 2481 781 atque
2512 715 2859 769 admirationi
2891 724 2997 780 est,
3029 718 3245 783 quando
3278 718 3423 769 ineu-

164 806 353 857 mhih-s
387 820 449 858 ac
479 806 796 873 desperatos
838 799 1055 858 morbos
1096 816 1269 859 curat.
1307 804 1484 858 Bonus
1545 818 1762 872 quoque
1802 820 1895 859 rex
1942 817 2070 862 tunc
2119 810 2557 873 connneudatur,
2602 824 2666 863 ac
2737 810 2934 865 celebri
2975 811 3203 864 habetur
3254 814 3416 875 tanta,

164 913 274 948 cum
322 899 377 950 in
412 900 554 964 ipsos
593 900 757 952 etiam
804 900 1103 952 immeritos
1138 899 1423 953 nnmiﬁcus
1451 908 1553 952 est.
1605 899 1725 952 Scis
1756 901 1897 953 enim
1960 904 2215 956 humana:
2245 915 2451 958 naturze
2522 905 2978 972 imbecillitatem,
3006 921 3130 959 cum
3155 921 3273 959 eam
3307 921 3418 974 ipse

165 988 479 1043 lormavcris
510 1008 523 1043 :
556 992 664 1044 scis
694 992 821 1043 item
870 993 1010 1058 quod
1051 990 1294 1043 eamdem
1329 991 1445 1059 ipse
1475 994 1854 1059 assumpseris.
1881 1010 1943 1048 ac
1973 996 2147 1049 salute
2181 997 2490 1051 donaveris.

226 1085 311 1133 Διό
353 1085 450 1134 καὶ
480 1084 575 1136 νῦν
605 1102 622 1131 ι
663 1084 835 1136 σῶσόν
873 1102 939 1154 με
976 1084 1166 1137 ’ἐνεκεν
1190 1087 1284 1138 τοῦ
1319 1085 1503 1147 ἐλέους
1535 1103 1652 1138 σου.
1698 1105 1715 1137 ι

163 1172 245 1241 Μὴ
278 1175 484 1244 νικήσῃ
520 1173 684 1243 ἠὲμὴ
721 1174 888 1227 κακία
924 1176 1022 1245 τὴν
1054 1174 1153 1244 σὴν
1186 1175 1615 1243 εὑσπλαγχνίαν,
1650 1175 1725 1244 μὴ

163 1267 403 1335 νικήσῃή
428 1267 535 1334 ἐμὴ
557 1267 797 1336 ῥᾳθυμία
822 1266 922 1336 τὴν
949 1268 1273 1320 ἀνείκαστόν
1301 1284 1393 1319 σου
1421 1267 1730 1335 φιλανθρω-

166 1358 301 1410 πίαν.
345 1376 363 1406 ι
392 1358 482 1426 Μὴ
516 1360 596 1420 εἰς
623 1359 806 1428 κρίσιν
834 1358 993 1429 ἔλθῃς
1024 1360 1164 1427 μετὰ
1185 1360 1293 1411 τῶν
1324 1358 1527 1411 δούλων
1562 1378 1678 1413 σου.
1707 1379 1725 1412 ι

166 1450 219 1499 ΕΞ
253 1449 362 1518 γὰρ
423 1452 518 1501 καὶ
578 1450 839 1518 κριθῆναι
893 1451 1161 1520 βουληθῇς
1212 1452 1349 1520 προς
1392 1455 1567 1521 ἡμᾶς,
1624 1455 1733 1504 πᾶν

167 1546 327 1612 στόμα
360 1547 705 1614 φραγήσεται
740 1546 815 1614 μὴ
844 1546 963 1615 ἕχον
991 1565 1043 1596 τι
1069 1547 1537 1616 ἀπολογήσασθαι.
1560 1547 1731 1617 ’Υπὲρ

165 1638 335 1689 πόσων
399 1639 510 1706 γὰρ
554 1640 858 1706 εὑργεσιῶν
904 1638 1181 1707 δυνάμεθα
1220 1638 1729 1707 ἐξομολογήσασθαι

164 1729 222 1794 τῇ
271 1726 655 1794 ἀνεκδιηγήτῳ
696 1743 789 1777 σου
839 1727 1176 1794 ἁγαθότητι;
1218 1726 1309 1796 Μὴ
1366 1728 1526 1788 ὄντας
1584 1729 1729 1796 ἡμᾶς

166 1817 440 1885 ἐποίησας,
500 1816 594 1867 καὶ
677 1817 911 1883 ποιήσας
971 1817 1320 1884 ἐπλήθυνας,
1381 1818 1723 1880 ἐσκέπασας,

1911 1089 2226 1158 Propterea,
2260 1108 2400 1145 nunc
2426 1108 2641 1161 quoque
2669 1110 2687 1143 ι
2726 1092 2934 1145 salvum
2963 1107 3045 1143 me
3072 1090 3155 1144 fac
3192 1101 3418 1159 propter

1840 1182 2266 1235 misericordiam
2299 1193 2467 1236 tuam.
2503 1204 2521 1235 ι
2565 1182 2638 1237 Nc
2666 1184 2867 1244 vincat,
2895 1197 3097 1249 qmcso,
3128 1193 3274 1234 tuam
3313 1184 3412 1234 mi-

1838 1273 2187 1326 scricordiam
2219 1290 2335 1325 Inea
2363 1274 2566 1326 malitia
2596 1290 2611 1333 ;
2651 1289 2717 1325 ue
2746 1287 2861 1326 mea
2916 1272 3176 1339 segnities
3206 1274 3415 1325 incom-

1838 1365 2130 1431 parabilem
2152 1376 2296 1416 tuam
2314 1365 2456 1417 illaut
2476 1364 2813 1417 clementiam
2835 1372 3072 1431 superet.
3099 1380 3117 1412 ι
3146 1361 3221 1415 Ne
3241 1363 3414 1414 intres

1836 1455 2172 1521 injndicium
2213 1470 2334 1507 cum
2385 1455 2557 1508 servis
2616 1454 2722 1506 tuis
2773 1454 2839 1506 ³ο.
2878 1472 2895 1502 ι
2937 1452 3066 1505 Nam
3120 1454 3165 1506 si
3208 1452 3412 1518 judicio

1835 1546 2113 1598 nobiscum
2172 1547 2503 1599 contendere
2562 1546 2821 1611 volueris,
2867 1545 3108 1598 onmium
3153 1559 3245 1595 ora
3316 1543 3412 1595 ob-

1830 1644 2125 1696 struentur,
2161 1650 2260 1689 nec
2288 1636 2393 1688 erit
2421 1651 2527 1704 quo
2584 1652 2643 1689 se
2690 1636 2811 1703 quis
2841 1642 3086 1689 excuset.
3128 1630 3230 1697 Qui
3263 1633 3408 1685 enim

1829 1743 1929 1794 pro
1957 1729 2123 1780 tantis
2152 1730 2206 1779 in
2250 1744 2346 1782 nos
2379 1727 2660 1781 beneﬁciis
2696 1728 2969 1794 possimus
2998 1726 3131 1777 satis
3188 1724 3411 1776 laudare

1830 1817 2265 1884 inexplicabilem
2338 1829 2479 1871 tuam
2529 1815 3090 1871 bonitatetn2Fecisti
3142 1828 3239 1866 nos
3288 1828 3410 1865 cum

164 1908 435 1975 ηὖξησας,
497 1927 514 1956 ι
554 1908 730 1959 πάντα
776 1907 1051 1971 ὑπέταξας
1103 1908 1363 1960 ὑποκάτω
1403 1909 1510 1960 τῶν
1554 1908 1730 1961 ποδῶν

1838 1923 1937 1960 nou
1976 1924 2243 1971 essemus,
2284 1910 2566 1977 laetosque
2616 1926 2678 1964 ac
2729 1918 2942 1963 creatos
3002 1905 3409 1975 nndtiplicasti;

165 1997 329 2063 ἡμῶν.
370 2016 388 2047 ι
440 1992 571 2047 Εἶτα
630 1996 1006 2065 πλανηθέντας
1084 1998 1470 2066 ἐπέστρεψας,
1531 1999 1729 2051 ἀπολε-

166 2089 379 2151 σθέντας
435 2089 729 2157 ἐζήτησας,
785 2084 980 2158 ηὗρας,
1015 2090 1343 2152 ἐϐάστασας,
1389 2090 1504 2159 ἰδίῳ
1535 2091 1730 2159 αἵματι

165 2180 533 2247 ἐξηγόρασας,
585 2181 978 2248 γυμνιυθέντσις
1034 2182 1311 2243 ἐνέὃυσας,
1361 2182 1727 2234 ταπεινωθέν-

164 2289 250 2332 τας
278 2271 632 2332 ἐπλούτισας,
660 2272 808 2332 υἱοὺς
859 2272 1006 2338 ἡμᾶς
1046 2272 1140 2322 καὶ
1175 2271 1436 2338 ἀδελφοὺς
1473 2272 1566 2323 καὶ
1597 2271 1731 2340 κλη-

168 2365 420 2431 ρονόμους
451 2363 585 2415 Θεοῦ
627 2364 721 2414 καὶ
750 2365 1233 2431 συγκληρονόμους
1264 2362 1594 2432 πεποίηκας.
1626 2362 1733 2413 Καί

167 2470 212 2504 τι
258 2455 391 2521 πρὸς
425 2452 600 2505 ταῦτα
634 2455 799 2521 ἡμεῖς
860 2453 1311 2521 ἀπολογήσασθαι
1349 2454 1447 2522 οὐχ
1478 2453 1733 2522 εὑρίσκο-

169 2562 276 2612 μεν.
308 2547 399 2597 Διὸ
436 2545 510 2614 μὴ
544 2565 561 2595 ι
597 2546 843 2615 εἰσέλθῃς
878 2549 958 2607 εἰς
1005 2545 1190 2614 κρίσιν
1225 2544 1366 2612 μετὰ
1412 2543 1509 2594 τοῦ
1540 2544 1730 2596 δούλου

168 2654 271 2689 σου.
305 2640 395 2707 Μὴ
448 2637 868 2706 ἐπισταθμήσῃς
900 2638 1017 2698 ταῖς
1073 2636 1234 2704 ήμῶν
1287 2635 1589 2703 ἁμαρτίαις
1633 2638 1732 2703 τὴν

167 2728 390 2796 ἀπειλήν
410 2743 424 2754 ·
460 2727 615 2785 ἀλλὰ,
647 2746 664 2776 ι
708 2727 1056 2796 ὰπὸστρεψον
1086 2728 1147 2779 τὸ
1178 2726 1470 2795 πρόσωπόν
1505 2743 1598 2778 σου
1625 2727 1734 2778 ἀπὸ

165 2819 263 2868 τῶν
289 2819 535 2888 ἀνομιῶν
569 2819 748 2887 ἡμῶν,
786 2838 803 2868 ι
855 2819 951 2870 καὶ
1006 2818 1080 2888 μὴ
1118 2820 1326 2888 στήσῃς
1380 2817 1608 2879 δικαίως
1643 2818 1735 2869 τὸν

167 2907 317 2973 ζυγόν
352 2926 452 2961 σου
480 2925 494 2938 ’
532 2908 688 2969 ἀλλὰ,
725 2907 1097 2975 φιλάνθρωπε,
1136 2905 1300 2974 ρἐον
1341 2904 1439 2955 καὶ
1476 2922 1493 2953 ι
1551 2902 1734 2955 κλίνον

166 3001 222 3051 ἐκ
257 3000 451 3053 τούτου
510 3003 589 3063 εἰς
629 3000 805 3053 τοῦτο.
845 3019 861 3049 ι
910 3000 1007 3051 Ἐκ
1052 2998 1146 3050 τοῦ
1176 2999 1448 3067 ἡμετέρου
1505 2997 1732 3067 φορτίου

168 3089 399 3160 βάρησον
430 3092 513 3153 εἰς
544 3091 604 3142 τὸ
642 3091 791 3151 ἔλεός
830 3106 948 3153 σου,
997 3089 1090 3142 καὶ
1124 3088 1321 3156 πάριδε
1374 3088 1637 3149 ἑκουσίως
1675 3088 1735 3139 τὸ

168 3178 318 3247 βάρος
350 3180 466 3231 τῶν
492 3179 776 3248 ἁμαρτιῶν
816 3178 994 3248 ἡμῶν,
1019 3180 1115 3230 καὶ
1144 3178 1417 3247 ὑπέρϐηθι
1440 3177 1502 3230 τὸ
1530 3179 1735 3247 πλῆθος

1838 2002 2143 2067 protexisti,
2195 2002 2487 2065 adauxisti,
2528 2021 2546 2051 ι
2610 2002 2791 2053 omnia
2845 1997 3131 2064 sulijccisti
3161 1996 3260 2049 sub
3318 2010 3413 2060 pe.-

1837 2091 2218 2143 dihusnostris
2243 2091 2309 2143 ³¹.
2350 2108 2367 2140 ι
2426 2089 2555 2143 Post
2595 2089 2709 2141 lucc
2768 2088 2821 2140 in
2876 2100 3119 2141 errorem
3162 2084 3412 2136 inductos

1836 2181 2175 2244 convertisti,
2213 2181 2451 2247 perditos
2483 2179 2807 2246 quaesivisti,
2835 2177 3111 2238 invenisti,
3134 2173 3409 2241 bajulasti,

1839 2276 1934 2321 tuo
2001 2270 2170 2338 ipsius
2219 2271 2485 2337 sanguine
2553 2269 2850 2331 redemisti,
2890 2268 3121 2320 nudatos
3176 2264 3410 2326 vestisti,

1839 2370 2161 2413 extenuatos
2206 2361 2389 2415 ditasti
2444 2361 2592 2430 (l8);
2626 2362 2764 2414 ﬁlios
2812 2375 2933 2419 nos,
2982 2366 3038 2411 et
3086 2358 3305 2419 fratres,
3351 2371 3416 2407 ac

1842 2453 2103 2513 haercdcs.
2143 2462 2199 2506 ct
2227 2455 2541 2506 cohaeredes
2579 2452 2834 2506 etl‘ecisti.
2870 2450 3007 2503 Nihil
3039 2463 3171 2502 sane
3216 2461 3415 2500 occur-

1840 2556 1921 2598 ret
1950 2546 2092 2612 quod
2126 2546 2190 2596 ad
2247 2560 2309 2596 ea
2358 2544 2809 2611 reSpondcanms.
2842 2542 3022 2607 Quare
3067 2555 3135 2591 ne
3176 2557 3194 2587 ι
3247 2538 3416 2589 intra-

1843 2636 1984 2687 veris
2034 2635 2086 2686 in
2146 2634 2409 2700 judicium
2453 2651 2575 2687 cum
2626 2649 2786 2688 servo
2823 2641 2948 2694 tuo;
2986 2650 3002 2680 ι
3064 2644 3238 2697 neque
3294 2636 3415 2679 tuas

1841 2727 2014 2780 minas
2041 2741 2103 2779 ex
2132 2727 2356 2779 adverso
2392 2725 2630 2792 peccatis
2661 2724 2861 2778 nostris
2886 2721 3208 2790 appcndcris
3245 2740 3257 2773 :
3292 2718 3413 2780 sed,

1847 2835 1864 2869 ι
1901 2828 2086 2872 averte
2121 2817 2316 2870 faciem
2377 2826 2524 2870 tuam
2569 2816 2637 2869 ab
2681 2813 3057 2882 iniquitatibus
3101 2811 3237 2863 meis
3268 2809 3349 2873 ³¹;
3390 2826 3410 2860 ι

1842 2925 1942 2964 nec
1972 2910 2166 2963 libram
2207 2920 2353 2963 tuam
2376 2909 2523 2976 jusle
2550 2916 2778 2968 statuas,
2808 2906 2902 2958 sed
2956 2904 3039 2956 l‘ac
3075 2916 3316 2971 vergere,
3351 2915 3417 2956 ac

1848 3020 1866 3051 ι
1914 3001 2110 3055 inclina
2140 3016 2207 3053 ex
2244 3002 2345 3053 hoc
2375 3001 2427 3053 in
2454 3000 2555 3052 hoc
2582 2999 2647 3051 ³³.
2679 3016 2696 3048 ι
2729 2997 2807 3050 Ex
2845 3002 3036 3048 nostro
3057 3008 3222 3047 onere
3250 3006 3418 3059 grava

1842 3093 1899 3146 in
1930 3092 2084 3146 lance
2108 3102 2215 3146 tua:
2265 3090 2689 3149 misericordias;
2718 3100 3017 3157 sponthue
3049 3097 3137 3141 tua
3166 3093 3420 3154 peccato-

1842 3199 1961 3237 rum
2004 3192 2246 3237 nostrum
2290 3182 2503 3250 pondus
2560 3182 2790 3252 neglige,
2820 3196 2884 3234 ae
2913 3179 3173 3249 grandem
3223 3189 3415 3229 nume-

168 3270 267 3320 τῶν
290 3272 537 3339 ἀνομιῶν
570 3270 748 3338 ἡμῶν.
809 3271 918 3323 Καὶ
975 3269 1150 3321 σῶσον
1190 3271 1338 3337 ἡμᾶς
1391 3269 1579 3321 ἓνεκεν
1632 3269 1729 3321 τοῦ

1840 3291 1956 3328 rum
1987 3275 2336 3342 iniquitatum
2370 3286 2680 3327 nostrarum
2716 3273 3058 3327 transcende.
3085 3269 3277 3323 Salvos
3319 3281 3419 3321 nos

168 3359 343 3421 ἐλέους
376 3378 504 3419 σου,
532 3362 601 3412 δι’
637 3356 698 3414 οὗ
757 3363 961 3422 πάντες
1007 3364 1055 3411 οἱ
1106 3361 1374 3423 σωθέντες
1426 3360 1735 3428 ἐσώθησαν.

168 3450 276 3503 Κᾶν
306 3452 417 3519 γὰρ
446 3451 654 3503 Μωσὲα
683 3451 841 3513 εἴπω,
900 3451 1014 3502 ἀλλ’
1044 3452 1164 3503 οὑδὲ
1201 3451 1364 3512 αὐτὸς
1413 3452 1735 3520 ἀναμάρτη-

165 3560 267 3606 τος,
295 3544 434 3611 ὠςὴ
495 3543 689 3613 Γραφὴ
751 3542 1133 3612 ἐμαρτύρησε,
1196 3542 1299 3594 κᾶν
1357 3541 1590 3613 ’Λαρὼν,
1629 3543 1735 3595 κᾶν

161 3635 249 3685 τὸν
282 3635 448 3687 Δαϐὶδ
498 3636 849 3704 κατανοήσω,
911 3634 1014 3686 κᾶν
1064 3635 1228 3687 αὑτὸν
1266 3637 1476 3687 ἐκεῖνον
1528 3636 1734 3704 Πέτρον

167 3725 247 3777 τὸν
270 3729 575 3797 κορυφαῖον
608 3727 701 3778 καὶ
744 3727 937 3795 μέγαν,
965 3727 1085 3778 οὐδὲ
1124 3726 1288 3787 αὐτὸς
1324 3726 1733 3795 ἀναμάρτητος,

166 3818 274 3871 tri/3‘3
319 3819 637 3887 ἄμεμπτος.
674 3818 763 3869 Διὸ
810 3818 993 3869 πίστει
1023 3817 1172 3886 ζητῶ
1223 3817 1496 3887 σωθῆναιο
1526 3820 1733 3882 πίστει,

1060 3911 1162 3979 ἐμὲ
1243 3913 1271 3962 ὁ
1340 3910 1534 3978 φιλάνο
1547 3930 1729 3981 ρωπος

470 4003 536 4055 ἸΙ
592 4002 776 4065 πίστις
818 4020 913 4056 σου
963 4002 1172 4054 σέσωκέ
1226 4021 1308 4066 σε,
1360 4004 1593 4073 πορεύου
1650 4007 1730 4066 εἰς

164 3913 219 3963 οὑ
281 3910 505 3981 πράξει,
564 3911 653 3963 ἵνα
698 3910 792 3963 καὶ
850 3911 985 3980 πρὸς

169 4006 315 4073 εἴπῃς
335 4022 349 4034 ·
376 4021 396 4053 ι

169 4098 398 4165 εἰρήνην.
433 4114 453 4145 ι
482 4094 671 4156 Ὅσοις
702 4094 807 4163 γὶρ
827 4093 1233 4163 συνεχώρησας,
1259 4095 1526 4158 Δέσποτα,
1552 4094 1729 4147 οὐδενὶ

255 4250 274 4281 ⁸
308 4251 449 4305 Psal.
490 4265 657 4313 CXLII,
698 4251 752 4302 Ξ.
828 4249 869 4279 ³¹
904 4249 1048 4302 l’sal.
1101 4264 1151 4307 L.
1180 4249 1231 4299 7.

171 4321 209 4350 ³⁸
238 4320 271 4372 ΙΙ
312 4322 445 4389 lieg.
485 4337 547 4383 ιι,
575 4320 627 4373 ι.
704 4321 748 4350 ³⁸
774 4320 965 4373 Matth.
1010 4333 1158 4383 xxvr,
1201 4317 1289 4371 70.

1328 4247 1372 4279 ³¹
1405 4248 1561 4311 ibid.,
1592 4250 1676 4302 14.

1782 4249 1827 4281 ³³
1854 4250 1993 4305 Psal.
2051 4268 2235 4318 uxrv,
2263 4253 2318 4307 9.

1842 3365 1925 3419 [ac
1969 3376 2187 3433 prepter
2229 3366 2659 3419 miscricordiam
2713 3378 2882 3427 tuam,
2916 3379 3011 3430 per
3052 3375 3213 3430 quam
3269 3359 3420 3412 salu-

1841 3467 1946 3514 tem
1974 3460 2248 3513 consecuti
2284 3470 2412 3512 sunt
2460 3470 2723 3527 quotquot
2768 3457 2903 3511 salvi
2933 3456 3105 3509 fuere.
3138 3453 3270 3506 Nam
3303 3451 3419 3504 sive

1840 3550 2022 3605 Mosen
2053 3552 2265 3615 dixero,
2300 3567 2408 3605 non
2440 3561 2525 3604 est
2563 3551 2767 3618 absque
2806 3557 3051 3616 peccato,
3077 3546 3231 3614 juxta
3274 3542 3419 3613 quod

1841 3642 2121 3710 Scriptura
2170 3643 2322 3697 testis
2346 3654 2429 3696 est
2454 3644 2535 3706 εις
2574 3645 2689 3695 sixe
2724 3641 2977 3693 llavidcttt
3008 3638 3316 3706 cogitavere
3334 3635 3416 3700 ³⁸;

1842 3735 1955 3787 sive
1984 3749 2235 3804 magnotu
2265 3735 2438 3799 ipsum
2470 3732 2690 3787 Petrum
2740 3729 3022 3799 apostolici
3055 3738 3230 3783 cauus
3262 3728 3417 3798 prin-

1842 3826 2012 3893 cipem
2050 3826 2116 3887 3“,
2150 3839 2216 3879 ne
2248 3826 2335 3878 hic
2363 3826 2577 3891 quidem
2610 3824 2865 3877 immunis
2896 3832 2980 3875 est
3015 3838 3042 3873 ιι
3077 3828 3324 3888 peccato,
3356 3832 3420 3870 ac

1841 3926 1997 3967 vacat
2038 3917 2285 3970 crimine.
2328 3917 2534 3969 Idcirco
2583 3931 2678 3982 per
2728 3915 2885 3966 ﬁ-Icm
2922 3912 3108 3964 salvus
3155 3911 3269 3965 ﬁeri
3326 3923 3420 3962 cu-

1838 4007 1926 4073 pio
1959 4006 2070 4074 (l9)
2093 4025 2105 4070 ;
2127 4022 2221 4075 per
2247 4008 2430 4071 ﬁdem,
2468 4009 2711 4075 inquam,
2742 4020 2845 4058 non
2871 4019 2935 4055 ex
2981 4016 3099 4054 tneo
3137 4015 3336 4067 Opere;
3364 4009 3423 4052 ιιι

1836 4107 1890 4151 et
1920 4113 2018 4164 ego
2047 4113 2074 4149 a
2103 4106 2190 4151 tua
2219 4098 2503 4152 clementia
2530 4099 2747 4151 audiam
2783 4116 2797 4152 :
2836 4117 2855 4148 ι
2898 4097 3059 4151 Fides
3088 4106 3179 4149 tua
3213 4103 3265 4147 te
3298 4094 3413 4146 sal-

2398 4251 2443 4283 ³⁸
2485 4251 2645 4306 Num.
2670 4265 2761 4315 xx,
2802 4249 2904 4315 ης
2943 4247 3115 4303 Exod.
3159 4262 3332 4309 xxx",
3360 4245 3416 4300 9..

1684 4455 1917 4514 NOTAE.

231 4616 338 4683 (l8)
401 4614 731 4668 Extenuatos
776 4616 977 4668 ditasti.
1039 4613 1488 4676 Ταπεινωθέντας
1532 4612 1725 4665 ἐττλού-

1838 4616 2081 4671 conferre
2114 4634 2126 4668 :
2160 4631 2224 4667 ae
2258 4629 2356 4668 nec
2410 4616 2537 4681 alia,
2575 4630 2638 4667 ac
2692 4614 2971 4680 sequentia
3020 4613 3178 4664 ﬁdem
3198 4608 3422 4683 _eonfe-

168 4702 333 4748 τισας.
384 4686 651 4738 Videntur
692 4687 804 4738 haec.
849 4702 957 4738 non
1004 4687 1077 4739 ita
1113 4686 1391 4753 opposita;
1443 4684 1728 4751 potiusque

171 4758 507 4808 scribendum
537 4765 713 4816 esset,
747 4754 1035 4822 ἀνύψωσας
1056 4773 1069 4786 ·
1107 4758 1375 4819 depressas
1416 4770 1477 4806 ac
1504 4754 1730 4805 [mutiles

171 4827 474 4877 subhmusti.
508 4824 694 4877 Putem
720 4825 919 4891 aliquid
952 4824 1270 4888 desiderari,
1301 4831 1358 4876 nt
1383 4823 1435 4875 in
1463 4822 1729 4889 ejusmodi

173 4898 359 4960 passim
386 4895 549 4947 solet.
584 4895 870 4948 Conuerts.

237 4965 343 5030 (l9)
380 4964 489 5017 Per
521 4965 674 5032 [illam
725 4965 926 5016 salvum
974 4964 1091 5031 ﬁeri
1142 4962 1313 5028 cupio.
1360 4961 1548 5015 Πίστει
1584 4962 1733 5029 ζητῶ

174 5035 421 5103 σωθῆναι.
457 5036 640 5087 Altera
672 5050 734 5087 ac
780 5033 928 5103 liegii
961 5036 1082 5087 cod.
1115 5034 1319 5084 editio:
1360 5033 1545 5084 Πίστει
1596 5033 1732 5102 μόνῃ

172 5102 316 5170 κάγὼ
338 5103 585 5171 σωθῆναι
611 5103 775 5171 ζητῶ.
805 5102 907 5155 Per
927 5104 1092 5156 solam
1112 5104 1265 5170 ﬁdem
1289 5102 1511 5154 salutem
1532 5119 1732 5170 quwro.

173 5175 370 5237 Quubus
398 5174 584 5227 verbis
615 5174 743 5225 nihil
786 5175 1108 5227 Anastasius
1152 5174 1433 5224 catholicm
1470 5172 1737 5225 doctrina!

175 5244 511 5297 necessitatis
559 5257 783 5310 operum
825 5244 1175 5305 adversatur;
1212 5242 1305 5293 sed
1352 5257 1535 5294 veram
1575 5257 1735 5293 unam

177 5312 355 5365 salutis
398 5312 641 5364 radicem
674 5312 947 5379 assignat;
1004 5313 1161 5363 Iidem
1198 5311 1341 5362 illam
1374 5326 1468 5376 per
1499 5310 1737 5363 Charita-

177 5389 273 5433 tent
303 5382 734 5452 ἐνεργουμένην,
755 5383 904 5444 juxta
940 5380 1191 5452 Paulum;
1224 5381 1401 5452 inqua
1432 5381 1631 5452 virtute
1658 5381 1739 5431 in-

176 5452 275 5503 sint
302 5450 494 5519 Opera.
520 5454 595 5503 uti
632 5451 840 5505 fruetus
870 5452 921 5503 in
947 5451 1127 5504 radice
1160 5466 1173 5501 :
1203 5458 1261 5502 ut.
1291 5450 1421 5503 ﬁdes
1456 5450 1519 5502 iis
1545 5464 1738 5501 carens

176 5534 268 5585 pro
307 5522 424 5574 loco
448 5537 515 5573 ac
548 5532 812 5586 tempore,
852 5522 983 5574 ﬁdes
1028 5532 1237 5572 mmtua
1266 5520 1358 5580 sit,
1389 5534 1492 5572 non
1525 5520 1641 5571 viva
1673 5534 1737 5571 ac

178 5590 471 5644 viviﬁcaris.
501 5588 679 5653 Opera
713 5600 889 5644 autem
920 5605 1023 5643 non
1049 5604 1114 5642 ex
1145 5603 1203 5641 ea
1249 5588 1370 5651 ﬁde,
1403 5602 1563 5657 Opera
1608 5596 1735 5640 sunt

178 5673 275 5711 non
304 5670 523 5727 accepta
556 5658 686 5723 Deo,
709 5675 773 5714 ac
812 5676 937 5713 vere
962 5660 1099 5713 sicut
1136 5674 1348 5726 pannus
1384 5668 1733 5711 menstruam:

179 5743 347 5781 coram
396 5732 562 5799 ipso:
597 5745 660 5782 ac
690 5730 735 5782 si
785 5731 898 5791 vis,
931 5738 1176 5799 peccata,
1215 5728 1388 5793 ampla
1438 5728 1574 5799 satis
1616 5727 1731 5788 eius

185 5798 317 5853 vocis
343 5797 765 5871 signiﬁcatione,
791 5814 909 5869 quae
933 5797 1172 5867 proinde
1203 5807 1471 5864 nequeant
1502 5797 1724 5849 salutem

1834 4698 1978 4748 runt,
2013 4688 2113 4737 nisi
2138 4687 2253 4753 ejus
2278 4686 2325 4737 vi
2361 4703 2373 4739 :
2407 4687 2492 4738 cui
2519 4679 3067 4754 proinde,Anastasii
3101 4697 3163 4733 ac
3197 4679 3419 4754 Patrum

1832 4757 2035 4823 phrasi,
2078 4751 2187 4807 tota
2243 4757 2355 4819 ipsa
2412 4751 2561 4807 salus
2594 4756 2738 4807 velut.
2792 4754 3085 4823 intrinsece
3120 4765 3183 4823 ac
3220 4751 3421 4801 forma-

1832 4820 1978 4887 liter,
2025 4836 2081 4877 ut.
2127 4838 2353 4885 \‘ocztut,
2408 4840 2471 4875 ac
2502 4840 2597 4891 per
2630 4840 2687 4875 sc
2736 4825 2942 4889 primo,
3000 4820 3161 4891 tribui
3202 4828 3417 4891 potest:

1831 4911 2140 4965 quanquam
2183 4909 2367 4948 nostra
2401 4888 2640 4960 tempora
2684 4888 3066 4965 hereticorum
3104 4890 3281 4965 abusu
3317 4888 3417 4965 ali:

1833 4958 2013 5032 ιῇιιειιιί
2041 4966 2262 5033 exigant
2311 4958 2641 5018 cmrtioncm.
2701 4963 2903 5033 Eodem
2940 4962 3083 5033 stylo
3116 4973 3177 5033 ac
3232 4958 3415 5033 plrrasi

1836 5026 2150 5102 Gregorius
2177 5033 2485 5098 Theologns
2538 5035 2589 5085 in
2650 5032 2945 5102 Athanasio
2970 5026 3010 5102 ,’
3040 5030 3136 5102 viri
3169 5026 3419 5102 perfecti

1840 5096 2014 5157 idea-tn
2047 5105 2100 5156 in
2143 5096 2715 5163 scicntiaTrinitatis,
2758 5118 2771 5154 I
2826 5100 3229 5161 Fidei,tlcliltit,
3272 5096 3415 5148 nulla

1838 5190 2061 5242 operum
2126 5176 2430 5233 tnentione,
2489 5173 2538 5242 in
2599 5188 2706 5237 quo
2762 5186 2948 5224 sanant
2995 5171 3111 5242 ejus
3148 5182 3213 5219 ac
3252 5167 3415 5242 altam
3456 5200 3461 5206 ν

1838 5236 2074 5295 trientem
2111 5243 2170 5296 ῐ).
2215 5242 2481 5295 Maximus
2518 5236 2652 5293 fusis
2703 5243 2990 5293 admodum
3028 5236 3418 5303 disputationi-

1836 5313 1936 5364 bus
1966 5324 2208 5366 enarrat.
2263 5312 2453 5364 Totum
2505 5311 2633 5362 illud
2668 5311 2781 5377 ejus
2816 5310 2868 5361 in
2916 5309 3243 5377 Gregorium
3279 5318 3415 5377 opus

1834 5397 1898 5435 ex
1938 5383 2069 5448 Iteg.
2101 5384 2287 5435 codice
2324 5383 2491 5433 ιιιιιΙιο
2527 5374 2756 5449 pridem,
2796 5378 2888 5432 sed
2919 5374 3199 5449 ingratiori
3233 5374 3417 5426 labore

1835 5446 2043 5503 Latine
2086 5454 2310 5515 reddidi,
2350 5446 2656 5518 novamque
2709 5450 2922 5502 Maximi
2975 5446 3265 5501 editionem
3316 5457 3414 5509 pa-

1847 5521 1985 5573 ranti
2040 5535 2104 5573 ex
2156 5522 2281 5572 cleri
2336 5523 2558 5580 ordine,
2620 5521 2833 5574 tradidi.
2880 5518 3200 5585 Adjeceram
3238 5520 3413 5589 notas,

1844 5591 2039 5655 quibus
2071 5593 2304 5643 maxime
2352 5590 2630 5643 Ili-.braicze
2677 5605 2835 5642 voces
2884 5589 3301 5642 illustrareutur,
3340 5595 3413 5655 _tn

1842 5650 2041 5727 quibus
2074 5663 2163 5712 ille
2209 5676 2399 5712 sensus
2453 5660 2711 5726 mysticos
2746 5660 2956 5716 fundat.
2991 5672 3054 5710 ac
3084 5650 3417 5719 contempla-

1843 5733 2036 5796 tiones,
2070 5744 2204 5797 quas
2237 5739 2411 5783 vocat.
2446 5734 2735 5783 LUIBEl-‘ts.
