4186 6442
754 347 889 411 1095

1950 347 2011 407 S.
2032 345 2429 408 ANASTAbII
2472 343 2800 404 SlNAIT/E

3880 327 4022 390 1096

744 477 872 517 vum
903 464 1060 528 fecit;
1087 464 1218 520 vade
1250 464 1302 520 lu
1335 463 1547 532 pace".
1573 479 1592 513 ι
1633 461 1843 517 Nemini
1870 466 2014 516 enim
2048 465 2314 524 omnium,
2351 494 2356 515 4

2453 455 2670 521 ἴρηκας,
2711 452 2793 503 Τὰ
2835 450 2974 518 ἔργα
3039 466 3133 501 σου
3183 443 3459 500 σεσώκασί
3504 465 3594 509 σε,
3637 443 3878 512 πορεύου
3936 441 4022 498 είς

749 554 944 622 quibus
968 554 1180 608 veniam
1224 555 1442 615 dedisti,
1471 553 1721 615 Domine,
1755 553 1944 606 dixisti
1976 569 1990 604 :
2024 552 2198 619 Opera
2224 564 2316 604 tua

751 649 803 693 te
823 640 1029 695 salvum
1059 641 1337 708 fecerunt;
1364 644 1499 696 vade
1527 645 1579 695 in
1618 659 1772 712 pace.
1807 642 1937 695 Nam
1987 653 2171 696 nostra
2199 657 2318 694 om-

751 729 834 783 nis
866 729 1069 795 iustitia
1123 743 1376 800 tanquam
1431 749 1644 802 pannus
1687 741 2035 788 menstruatm
2085 733 2138 786 in
2189 747 2318 786 con-

751 833 934 889 spectu
973 834 1063 875 tuo
1096 825 1160 877 ³⁸.
1191 825 1551 890 Quamobrem
1583 826 1706 878 dico
1754 827 1947 878 iterum
1981 842 1995 880 :
2038 843 2056 876 ι
2093 825 2314 878 Salvum

754 925 838 963 me
888 911 970 964 fac
1030 923 1247 980 propter
1299 915 1720 968 misericordiam
1778 921 1947 967 tuam.
1997 932 2015 964 ι
2069 942 2140 951 -
2198 931 2216 964 ι
2259 913 2322 966 Et

755 1002 1125 1055 misericordia
1166 1015 1252 1056 tua
1304 1006 1667 1070 subsequatur
1704 1018 1788 1057 me
1828 1004 2080 1057 omnibus
2126 1003 2314 1056 diebus

756 1089 879 1141 vitae
923 1105 1056 1142 mea:
1077 1091 1141 1143 ".
1184 1110 1202 1143 ι
1250 1092 1614 1146 Misericordia
1666 1101 1752 1143 tua
1794 1091 2156 1157 subsequetur
2214 1104 2323 1154 me,

757 1178 845 1244 qtti
888 1183 1115 1246 turpiter
1142 1182 1237 1235 abs
1273 1192 1323 1236 te
1364 1182 1579 1250 aufugi;
1613 1183 1723 1248 gme
1770 1194 1984 1232 servum
2016 1179 2325 1247 fugitivum,

758 1270 848 1334 qui
890 1285 1104 1337 semper
1150 1275 1215 1325 ad
1263 1283 1540 1340 peccatum
1593 1286 1773 1324 curro.
1829 1269 2194 1325 Misericordia
2239 1281 2328 1324 tua

761 1361 1119 1428 subsequetur
1165 1377 1353 1426 me,ac
1403 1363 1724 1432 implicabit,
1759 1377 1920 1435 atque
1973 1383 1990 1413 ι
2032 1364 2084 1416 in
2137 1365 2332 1416 cbamo

765 1460 820 1502 et
886 1453 1035 1504 freno
1083 1455 1418 1523 constringet
1475 1471 1560 1508 me
1601 1472 1705 1509 non
1755 1460 2219 1525 approximantem
2263 1459 2329 1510 ad

766 1550 818 1594 te
859 1541 924 1595 “.
973 1563 990 1594 ι
1020 1575 1089 1584 ——
1129 1564 1146 1595 ι
1189 1544 1268 1598 Tu
1296 1547 1438 1599 enim
1469 1546 1610 1600 Deus
1630 1565 1709 1611 es,
1738 1552 1828 1616 qui
1881 1551 2013 1603 lacis
2059 1551 2326 1601 mirabilia

768 1652 956 1702 magna
991 1638 1134 1690 solus
1165 1637 1232 1690 “.
1267 1657 1284 1687 ι
1316 1639 1652 1704 Quapropter
1677 1641 1728 1692 in
1773 1655 1856 1693 me
1879 1656 2093 1709 quoque
2131 1660 2148 1691 ι
2188 1643 2336 1694 miri-

2417 546 2646 614 εἰρήνην
2675 560 2686 571 ⁸
2723 543 2804 595 ὅτι
2835 544 2990 594 πᾶσα
3031 543 3066 610 ὴ
3096 539 3417 607 δικαιοσύνη
3443 539 3602 608 ἡμῶν
3637 535 3875 588 ἐνώπιόν
3901 549 4020 593 σου,

2417 637 2492 698 ὼς
2522 638 2688 706 ῥάκος
2720 634 3175 702 άποκαοημένης.
3207 635 3299 684 Διὸ
3351 633 3517 684 πάλιν
3546 631 3709 696 λέγω·
3770 645 3790 676 ι
3833 624 4022 678 Ecl-067

2422 747 2488 799 με
2509 730 2696 781 ἕνεκεν
2727 727 2820 780 τοῦ
2856 728 3043 788 ἐλέους
3074 745 3189 781 σου.
3219 747 3234 777 ι
3258 746 3351 776 -‹
3383 727 3494 778 Καὶ
3519 727 3578 776 τὸ
3599 723 3749 783 ἐλεὸς
3779 738 3878 772 σου
3914 736 4019 770 κα·-

2419 821 2667 886 ταδιώξει
2702 838 2767 887 με
2796 821 2981 882 πάσας
3039 822 3137 881 τὰς
3179 820 3396 889 ἡμέρας
3450 818 3552 886 τῆς
3611 816 3759 883 ζωῆς
3815 830 3946 881 μου.
3993 829 4014 860 ι

2421 908 2760 973 Καταδιώξει
2791 927 2859 977 με
2886 910 2946 960 τὸ
2978 908 3125 969 ἒλεὸς
3160 925 3278 972 σου,
3337 909 3430 958 τὸν
3488 904 3674 962 κακῶς
3731 901 3842 953 άπὸ
3900 896 4020 956 σοῦ,

2421 1001 2797 1068 ἀποφυγόντα,
2834 1001 2926 1052 τὸν
2957 1000 3261 1069 δραπέτην,
3293 998 3384 1050 τὸν
3407 998 3494 1049 ἀεὶ
3527 996 3663 1063 πρὸς
3701 992 3801 1060 τὴν
3837 992 4021 1058 ἁμαρ-

2422 1093 2546 1144 τίαν
2583 1091 2870 1161 τρέχοντα..
2921 1092 2995 1142 Τὸ
3043 1089 3190 1150 ἔλεός
3241 1105 3335 1139 σου
3389 1083 3717 1147 καταδιώξει
3779 1097 3869 1150 με,
3928 1079 4024 1130 καὶ

2427 1183 2732 1251 ἐμποδίτειο
2761 1184 2856 1235 καὶ
2881 1201 2899 1233 ι
2941 1184 2998 1234 ἐν
3023 1180 3187 1250 κημῷ
3219 1181 3312 1232 καὶ
3343 1177 3548 1248 χαλινῴ
3588 1175 3743 1242 ἄγξει
3797 1189 3869 1240 με
3932 1171 4023 1220 τὸν

2428 1273 2713 1340 ἐγγίζοντα
2742 1275 2878 1342 πρὸς
2906 1275 2986 1325 σέ.
3018 1292 3035 1322 ι
3060 1303 3127 1311 ——
3158 1292 3174 1322 ι
3215 1272 3288 1322 Συ
3324 1271 3434 1338 γὰρ
3456 1267 3505 1320 εἱ
3537 1269 3563 1318 6
3591 1267 3743 1328 Θεὸς,
3790 1266 3818 1316 6
3851 1260 4024 1314 ποιῶν

2443 1367 2718 1436 Θαυμάσια
2748 1369 2929 1437 μόνος.
2959 1387 2978 1417 ›
3007 1367 3100 1419 Διὸ
3137 1387 3154 1417 ι
3196 1366 3596 1433 Οαυμάστωσον
3624 1360 3719 1413 καὶ
3763 1357 3852 1408 ἐπ’
3901 1356 4026 1420 ἐμοὶ

2434 1461 2502 1512 τὰ
2533 1462 2658 1529 ἐλέη
2684 1478 2801 1520 σου,
2840 1462 2868 1510 6
2904 1459 3096 1521 σώζων
3152 1459 3278 1518 τους
3331 1455 3651 1516 ἐλπίζοντας
3696 1451 3790 1502 ἐπὶ
3850 1449 3961 1498 σοί.
4000 1464 4016 1494 ›

2449 1553 2507 1604 Ὀ
2539 1553 2709 1605 ποιῶν
2742 1554 2885 1622 ὑπὲρ
2933 1553 2962 1603 ὃ
3002 1550 3296 1616 ἐλπίζομεν
3350 1549 3445 1601 καὶ
3482 1544 3668 1615 ύπέρὸ
3717 1539 4029 1606 αἰτούμεῡα

2440 1644 2608 1706 ἕλεος.

769 1727 865 1778 lica
919 1727 1315 1782 misericordias
1362 1739 1502 1790 tuas,
1559 1730 1649 1798 qni
1703 1731 1880 1785 salvos
1935 1733 2067 1784 lacis
2110 1747 2392 1800 sperantes
2459 1736 2510 1787 in
2550 1747 2601 1788 te
2629 1735 2694 1786 δ’.
2749 1752 2767 1784 ι
2807 1735 2907 1798 Qui
2964 1733 3100 1786 faris
3162 1728 3590 1785 misericordiam
3647 1738 3814 1792 supra
3871 1735 4030 1788 quam

767 1837 1064 1886 Speremus,
1097 1838 1159 1874 ac
1199 1838 1360 1891 supra
1413 1838 1573 1891 quam
1632 1834 1895 1891 petamus.

841 1915 1165 1969 ACCEsSllad
1189 1927 1263 1981 te,
1285 1917 1526 1981 Domine,
1549 1919 1838 1986 aliquando
1871 1929 1990 1972 tuus
2013 1921 2100 1972 ille
2129 1921 2339 1974 debitor
2373 1931 2412 1983 Β

770 2005 955 2058 decem
973 2006 1194 2057 millium
1217 2005 1536 2059 talentorum
1557 2007 1628 2067 ⁸³ς
1646 2022 1708 2060 ac
1727 2023 1847 2060 cum
1863 2008 2004 2060 diem
2032 2012 2334 2064 condictum

771 2094 1046 2161 prorogari
1073 2094 1333 2146 duntaxat
1361 2095 1751 2162 aliquantisper
1804 2107 2035 2163 peteret,
2071 2109 2125 2152 tu
2161 2100 2329 2152 etiam

772 2199 870 2250 pro
905 2193 990 2236 tua
1035 2184 1386 2254 benignitate,
1414 2187 1586 2253 ipsum
1635 2187 1945 2240 universum
1971 2190 2156 2242 decem
2221 2189 2340 2242 mil-

773 2274 904 2327 lium
949 2277 1270 2328 talentorum
1303 2277 1539 2330 debitum
1575 2278 1675 2344 ipsi
1705 2281 2043 2334 condonaras
2069 2298 2082 2342 ;
2111 2281 2210 2334 nisi
2236 2282 2341 2332 im—

773 2369 938 2434 probe
968 2378 1087 2435 post
1117 2368 1249 2432 hate,
1277 2378 1528 2437 acceptas
1557 2369 1685 2422 olim
1721 2385 1749 2422 a
1782 2369 1949 2424 lratre
1987 2371 2212 2436 injurias
2256 2373 2340 2424 ul-

774 2459 905 2513 eisei
930 2460 1205 2513 voluisset.
1253 2459 1521 2514 Reversus
1547 2462 1613 2514 ad
1647 2471 1696 2514 te
1726 2463 1856 2516 olim
1894 2465 2034 2516 titius
2086 2465 2342 2531 prodigus

778 2551 1000 2612 rogabat
1022 2551 1388 2603 tantummodo
1421 2560 1477 2604 ut
1501 2563 1645 2605 esset
1670 2553 1808 2606 sicut
1836 2570 1976 2607 unus
2025 2555 2092 2606 de
2133 2569 2343 2608 merce-

778 2639 1069 2691 nariistuis
1094 2637 1138 2667 “
1174 2656 1186 2690 :
1213 2650 1264 2690 at
1296 2650 1350 2690 ttt
1383 2640 1532 2691 illum
1563 2653 1618 2694 et
1665 2641 1831 2694 lilium
1872 2653 1928 2695 et
1967 2643 2233 2696 barredetn
2266 2643 2340 2697 fe-

778 2728 920 2781 cisti.
956 2728 1196 2797 Rogabat
1231 2739 1281 2784 te
1306 2731 1444 2783 latro
1505 2744 1562 2785 nt
1600 2733 1719 2800 ejus
1763 2743 1970 2786 tantum
2007 2735 2348 2788 meminisses

780 2817 834 2870 itt
884 2833 1048 2885 regno
1085 2829 1174 2872 tuo
1205 2837 1218 2871 :
1249 2830 1301 2873 tu
1359 2837 1489 2875 vero
1530 2832 1699 2876 totuut
1755 2823 1826 2876 illi
1887 2824 2198 2892 paradisum
2255 2825 2350 2876 do-

781 2909 918 2960 nasti
962 2909 1027 2960 “.
1061 2911 1301 2964 Accessit
1348 2912 1413 2964 ad
1459 2922 1512 2965 te
1565 2916 1817 2968 meretrix
1865 2914 2134 2982 lacrymas
2177 2916 2349 2969 solum

782 2997 1081 3066 proferens,
1119 3016 1217 3054 nec
1262 3016 1456 3069 rogans
1495 3003 1785 3070 quidquam
1831 3004 1899 3068 “,
1928 3005 2241 3071 majoraque
2283 3006 2350 3060 iis

784 3102 904 3155 qua:
934 3101 1243 3156 speraverat
1270 3105 1334 3144 ac
1359 3094 1648 3158 qnzesierat
1677 3093 1899 3147 invenit.
1918 3092 2091 3147 Flevit
2110 3097 2349 3161 quando-

783 3194 888 3247 qne
918 3179 1106 3235 Petrus
1144 3192 1332 3250 petens
1359 3185 1569 3236 veniam
1596 3201 1610 3248 ;
1635 3194 1800 3250 tuque
1831 3201 1952 3238 eum
1990 3186 2247 3240 Ecvlesia:
2290 3201 2354 3240 ac

2513 1917 2790 1986 Προσῆλοέ
2826 1934 2926 1976 σοι,
2965 1917 3236 1974 Δέσποτα,
3299 1911 3428 1961 ποτὲ
3475 1907 3872 1978 χρεοφειλέτης
3941 1924 4031 1958 σου

2446 2009 2654 2076 μυρίων
2691 2009 2990 2069 ταλάντων,
3029 2005 3373 2073 προθεσμίαν
3405 2003 3574 2068 μόνην
3622 2000 3830 2067 μικρὰν
3865 1998 4033 2067 ἄλλην

2442 2098 2784 2166 αἰτούμενος,
2827 2098 2922 2149 καὶ
2952 2097 3025 2149 ὡς
3055 2094 3442 2162 φιλάνθρωπος
3479 2092 3693 2142 τελείαν
3743 2089 3902 2158 αὐτῷ
3935 2093 4032 2157 τὴν

2446 2189 2790 2259 συγχώρησιν
2819 2189 3059 2247 δέδωκας
3093 2188 3200 2236 τῶν
3234 2184 3446 2252 μυρίων
3486 2181 3791 2241 ταλάντων,
3841 2183 3893 2232 εἰ
3955 2181 4027 2249 μὴ

2448 2281 2630 2342 κακῶς
2689 2280 2828 2348 μετὰ
2886 2279 3058 2330 ταῦτα
3124 2275 3203 2345 τῷ
3265 2275 3479 2342 ἀδελφῷ
3535 2275 4018 2344 ἐμνησικάκησεν.

2459 2373 2793 2442 Ἐπέστρεψέ
2826 2388 2954 2422 ποτε
2991 2370 3127 2438 πρὸς
3154 2369 3210 2420 σὲ
3241 2369 3270 2419 6
3313 2369 3520 2428 ἄσωτος
3572 2366 3842 2418 δυσωπιῖδν
3885 2367 4034 2429 γενέ-

2450 2465 2572 2516 σΟαι
2609 2465 2681 2525 ώς
2717 2458 2796 2524 εἷς
2824 2464 2930 2514 τῶν
2975 2461 3210 2528 μισθίων
3247 2478 3359 2518 σου,
3422 2459 3485 2510 σὺ
3541 2458 3704 2510 αὐτὸν
3764 2459 3885 2508 υἱὸν
3941 2458 4033 2508 καὶ

2451 2554 2782 2622 κληρονόμον
2815 2554 3142 2620 πεποίηκας.
3181 2552 3452 2619 ᾙτήσατό
3482 2566 3538 2600 σε
3570 2548 3776 2618 λῃστὴς
3804 2551 4033 2615 μνήμην

2453 2647 2610 2713 μόνον
2643 2645 2827 2696 λαῦεῖν
2847 2645 2903 2695 ἐν
2935 2647 3001 2712 τῇ
3031 2643 3280 2712 βασιλείᾳ
3307 2659 3423 2702 σου,
3461 2643 3522 2692 σὺ
3545 2641 3600 2692 δὲ
3630 2640 3754 2691 ὅλον
3784 2640 3956 2691 αὐτὸν
3987 2640 4032 2676 (⁸

2451 2737 2709 2804 ἐδωρήσω
2738 2736 2828 2786 τὸν
2854 2735 3196 2802 παράδεισον.
3229 2732 3514 2802 Ιιροσῆλοέ,
3541 2748 3620 2782 σοι
3654 2732 3830 2798 πόρνη
3859 2732 4030 2798 μόνον

2452 2823 2787 2890 δακρύσασα,
2835 2824 3000 2891 μηδὲν
3030 2823 3328 2890 αἰτήσασα,
3375 2822 3472 2872 καὶ
3525 2821 3719 2872 ἔλαϐεν
3766 2821 3912 2888 ὑπὲρ
3956 2814 4033 2872 ὧν

2455 2915 2652 2981 ἤλπισε
2675 2914 2769 2965 καὶ
2796 2915 3086 2982 ἐζήτησεν.
3133 2912 3430 2981 Ἐδάκρυσέ
3485 2928 3616 2962 ποτε
3674 2912 3883 2980 Πέτρος
3939 2912 4038 2976 τὴν

2457 3005 2802 3074 συγχώρησιν
2828 3005 3166 3072 αἰτούμενος,
3199 3006 3263 3056 σὺ
3306 3004 3363 3055 δὲ
3395 3002 3703 3070 κλειδοῦχον
3735 3003 3904 3054 αὑτὸν
3938 3003 4038 3068 τῆς

2469 3095 2799 3164 Ἑκκλησίας
2830 3096 2925 3148 καὶ
2971 3095 3069 3162 τῆς
3094 3095 3369 3162 βασιλείας
3409 3096 3738 3160 πεποίηκας.
3774 3093 4039 3144 Τοιοῦτον

2458 3187 2568 3257 γάρ
2598 3203 2690 3239 σου
2725 3187 2785 3238 τὸ
2813 3187 2954 3248 ἐΟος,
2999 3188 3056 3238 ἐν
3083 3189 3196 3247 τοῖς
3230 3186 3421 3252 ἄκροις
3466 3184 3946 3252 ἀπεγνωσμένοις,
3985 3187 4042 3235 ἐν

785 3271 933 3338 regni
959 3270 1286 3338 clavigerum
1309 3274 1523 3327 creasti.
1550 3273 2082 3339 Sieenim,Domine,
2109 3278 2354 3330 moribus

2458 3282 2570 3341 τοῖς
2608 3279 2876 3347 μηδεμίαν
2905 3276 3098 3329 ἐλπίδα
3130 3277 3405 3346 σωτηρίας
3431 3275 3667 3344 ἔχουσιν,
3708 3277 3766 3325 ἐν
3795 3277 3913 3336 τοῖς
3961 3276 4044 3334 είς

784 3372 1154 3428 comparatum
1182 3363 1368 3422 babes.
1400 3373 1454 3416 ut
1481 3364 1534 3417 in
1566 3367 1717 3420 valde
1751 3365 2090 3434 desperatis,
2131 3371 2182 3419 in
2231 3368 2353 3435 qui-

785 3448 888 3504 bus
939 3464 1063 3518 spes
1115 3453 1259 3506 nulla
1295 3455 1485 3508 salutis
1529 3455 1801 3524 aﬂulgeat,
1837 3457 2036 3525 quique
2079 3457 2142 3509 ad
2189 3457 2354 3510 inmnt

787 3537 960 3604 ipsum
1008 3540 1203 3594 inferni
1238 3543 1554 3596 barathrum
1582 3545 1932 3609 devenerunt,
1970 3546 2269 3598 clementiae
2295 3561 2358 3599 ae

788 3627 1139 3697 benignitatis
1170 3643 1272 3686 tua:
1303 3634 1726 3703 magnitudinem
1750 3638 2028 3690 ostendas.
2060 3635 2354 3704 Pmpterea

790 3732 994 3789 repeto,
1029 3739 1127 3778 uec
1175 3726 1416 3780 desinam
1451 3744 1686 3795 unquam
1723 3739 1964 3796 repetere
2003 3746 2016 3780 :
2080 3746 2099 3780 ‹
2135 3731 2356 3783 Salvum

792 3828 877 3866 me
935 3813 1019 3867 [ac
1067 3825 1287 3884 propter
1347 3818 1774 3873 misericordiam
1827 3830 1996 3884 tuam,
2037 3819 2285 3874 Domine.
2334 3838 2354 3870 ι

868 3923 888 3954 r
927 3904 1187 3969 Quoniam
1211 3924 1315 3961 non
1355 3919 1438 3963 est
1466 3910 1517 3962 in
1547 3919 1720 3963 morte
1748 3912 1836 3978 qtti
1864 3927 2069 3965 memor
2107 3911 2179 3964 sit
2226 3912 2297 3964 tui
2342 3927 2356 3963 :

795 3994 847 4047 in
887 3996 1095 4050 inferno
1120 4009 1299 4054 atttem
1331 4001 1454 4070 quis
1477 4003 1829 4057 conlitebitur
1862 4004 2003 4057 tibi?
2045 4023 2063 4054 ι
2108 4004 2358 4071 Propter-

791 4103 853 4142 ea
881 4087 1094 4152 festino,
1118 4103 1402 4159 propterea
1428 4101 1621 4156 tremo,
1666 4106 1953 4164 pr0pterea
1978 4109 2097 4147 sum
2142 4095 2357 4157 anxius,

793 4181 934 4247 quod
971 4181 1137 4234 sciam
1177 4192 1327 4235 certo
1377 4199 1715 4254 nequaquam
1758 4202 1844 4240 me
1880 4188 1932 4239 iu
1970 4185 2189 4239 inferno
2229 4200 2361 4240 cou-

794 4270 1060 4324 lessurum
1108 4273 1236 4336 Deo,
1271 4274 1313 4326 si
1363 4273 1503 4328 forte
1539 4291 1623 4330 me
1655 4279 1778 4329 vita:
1831 4277 1954 4330 linis
1993 4277 2360 4344 occupaverit.

796 4360 909 4415 Non
941 4364 1086 4415 enim
1116 4375 1198 4419 est
1220 4366 1361 4433 apud
1399 4367 1600 4421 inferos
1624 4368 1941 4435 ptenitentia
1969 4386 1983 4433 ;
2011 4384 2116 4422 non
2172 4368 2365 4420 mortis

796 4455 1119 4510 condonatio
1184 4457 1294 4525 (20)
1329 4476 1342 4511 :
1382 4459 1522 4512 nulla
1552 4469 1636 4514 est
1680 4459 1733 4512 in
1784 4459 2033 4527 sepulcro
2093 4459 2366 4514 remissio.

797 4545 1058 4599 Nundinte
1087 4557 1466 4616 suntpraesens
1496 4550 1601 4602 vita
1646 4571 1658 4604 :
1708 4551 1904 4618 quibus
1927 4550 2093 4605 semel
2141 4551 2355 4614 solutis,

2458 3371 2622 3424 αὐτὸν
2649 3372 2740 3422 τὸν
2774 3369 3024 3438 πυθμένα
3054 3385 3147 3420 του
3197 3368 3326 3438 ᾅδου
3358 3372 3426 3437 τῇ
3468 3367 3714 3436 ἁμαρτία
3741 3367 4044 3434 φθάσασιν,

2459 3465 2539 3526 είς
2568 3463 2764 3525 αὐτοὺς
2813 3462 3186 3515 ἐνδείκνυσθαι
3216 3464 3278 3514 τὸ
3327 3462 3559 3529 μέγεθος
3591 3462 3689 3530 τῆς
3722 3461 4045 3528 φιλανθρω-

2461 3557 2589 3619 πίας
2643 3574 2758 3611 σου.
2799 3556 2897 3608 Διὰ
2960 3555 3118 3606 τοῦτο
3167 3555 3329 3607 πάλιν
3382 3555 3546 3621 λέγω,
3599 3553 3693 3605 καὶ
3755 3553 3943 3619 λέγων
3986 3554 4046 3604 οὖ

2461 3648 2774 3716 παύσομαιο
2833 3667 2854 3698 ι
2916 3647 3097 3698 Σώσόν
3146 3663 3214 3712 με
3263 3646 3452 3698 ἕνεκεν
3507 3643 3602 3696 τοῦ
3660 3644 3851 3706 ἐλέους
3931 3660 4047 3707 σου,

2465 3739 2663 3809 Κύριε.
2705 3758 2723 3789 ι

2541 3933 2560 3965 ι
2591 3916 2712 3965 ’Ότι
2737 3914 2832 3965 οὐκ
2855 3914 3001 3966 ἔστιν
3033 3916 3089 3965 ἐν
3113 3915 3191 3983 τῷ
3221 3914 3436 3982 Θανάτῳ
3463 3915 3491 3965 6
3519 3912 3883 3982 μνημονεύων
3918 3927 4038 3962 σου⁹

2464 4006 2599 4059 ἐνδέ
2631 4006 2708 4074 τῷ
2765 4006 2868 4077 ᾄδῃ
2893 4007 2976 4069 τίς
3022 4007 3477 4074 ἐξομολογήσεταί
3525 4023 3640 4067 σοις
3675 4023 3692 4053 ι
3761 4005 3862 4055 Δια
3892 4004 4056 4055 τοῦτο

2468 4097 2702 4157 σπεύδω,
2737 4097 2821 4148 δια
2862 4096 3016 4148 τοῦτο
3050 4097 3262 4165 τρέμω,
3295 4097 3382 4148 διά
3408 4096 3568 4147 τούτο
3597 4096 3844 4161 ἀγωνιῶ,
3879 4093 4053 4160 γινώ-

2467 4204 2612 4239 σκων
2634 4186 2873 4254 ἀκριϐῶς
2929 4187 3009 4237 ὅτι
3061 4186 3233 4238 ἐπ’ἂν
3282 4186 3342 4237 τὸ
3383 4185 3554 4253 πέρας
3595 4185 3694 4252 τῆς
3745 4183 3898 4250 ζωῆς
3940 4201 4044 4251 μου

2469 4276 2671 4345 φθάσῃ,
2704 4278 2760 4327 ἐν
2791 4274 2869 4344 τῷ
2899 4275 2998 4344 ᾄδῃ
3023 4274 3274 4343 οὐδαμῶς
3305 4274 3381 4342 τῷ
3406 4272 3523 4341 Θεῴ
3552 4271 4054 4341 ἐξομολογησομαί.

2466 4369 2545 4422 Οὐ
2575 4369 2680 4438 γάρ
2712 4369 2858 4419 ἐστιν
2890 4370 2946 4418 ἐν
2970 4367 3045 4437 τῷ
3079 4366 3180 4436 ᾄδῃ
3211 4367 3496 4435 μετάνοια,
3533 4367 3632 4418 οὐκ
3657 4365 3774 4416 ἐστι
3812 4364 4056 4417 Θανάτου

2473 4459 2844 4529 συγχώρησις,
2899 4460 3001 4511 ούκ
3050 4459 3210 4510 ¹ἐστιν
3258 4459 3315 4510 ἐν
3364 4459 3442 4526 τῷ
3524 4460 3766 4526 μνήματι
3833 4458 4056 4524 ἄφεσις.

2475 4552 2790 4622 Πανήγυρις
2817 4553 2926 4621 γάρ
2950 4567 3098 4603 εστιν
3121 4552 3149 4602 6
3191 4551 3309 4619 βίος
3343 4552 3372 4600 6
3421 4549 3708 4618 ἡμέτερος,
3767 4548 3866 4599 καὶ
3916 4549 4061 4600 ἐπάν

801 4651 956 4688 nemo
977 4636 1084 4689 illic
1105 4638 1334 4706 amplius
1354 4650 1530 4706 potest
1551 4641 1800 4695 mercari.
1825 4640 1997 4694 Stadii
2029 4656 2188 4695 cursu
2227 4656 2356 4709 per-

2472 4645 2606 4713 λυθῇ
2636 4645 2668 4713 ὴ
2705 4644 3032 4712 πανήγυρις,
3064 4641 3244 4702 οὐδεὶς
3299 4639 3482 4692 οὐκέτι
3533 4640 3649 4689 ἐκεῖ
3688 4638 4060 4706 πραγματεύ-

800 4736 945 4786 acto.
1005 4741 1163 4780 nemo
1213 4729 1320 4782 illic
1367 4740 1558 4795 certat,
1604 4745 1669 4784 ac
1714 4742 2029 4788 coronatur.
2074 4731 2364 4801 Postquam

802 4832 904 4869 nox
923 4817 1158 4880 advenit,
1185 4819 1436 4887 deinceps
1462 4835 1562 4875 nec
1599 4820 1798 4884 forum,
1831 4838 1930 4876 nec
1958 4824 2166 4876 lucrum
2201 4824 2368 4875 ullum

803 4916 1041 4974 apparet.
1072 4909 1207 4962 Audi
1240 4911 1371 4978 qttid
1424 4911 1570 4966 dicat
1618 4911 1900 4982 Scriptura
1941 4914 2010 4968 de
2037 4917 2229 4983 quovis
2270 4915 2369 4968 bo—

873 5061 915 5091 ³⁷
948 5062 1076 5115 Luc.
1133 5079 1230 5125 vn,
1276 5065 1363 5119 50.

1438 5067 1484 5098 ³⁸
1533 5065 1634 5120 lsa.
1691 5081 1834 5130 utv,
1887 5067 1941 5121 6.

805 5147 914 5188 nt,
943 5132 993 5184 7.

1069 5133 1114 5163 ⁵³
1145 5133 1332 5188 Matth.
1369 5149 1524 5201 xvm,
1550 5136 1643 5191 24.
1718 5137 1764 5168 “
1789 5136 1921 5192 Luc.
1947 5153 2035 5202 xv,
2073 5138 2158 5191 l9.

879 5267 926 5307 ¹⁶
958 5270 1061 5325 vel.
1091 5270 1259 5340 αὐτῷ.

2016 5067 2059 5100 ³⁸
2097 5067 2234 5121 Psal.
2271 5083 2403 5128 “tt,
2440 5068 2493 5120 6.

2236 5138 2279 5168 "
2303 5137 2435 5193 Luc.
2472 5154 2627 5203 κιιιι,
2668 5139 2758 5193 42.

2475 4734 2944 4787 σασθαιδύναται.
2999 4730 3126 4783 Ἐάν
3180 4730 3242 4782 τὸ
3277 4728 3492 4783 στάδιον
3548 4725 3820 4794 παρέλθῃ,
3870 4726 4057 4787 οὐδεὶς

2465 4826 2580 4878 ἐκεῖ
2634 4824 2962 4889 ἀγωνίζεται
3012 4823 3107 4873 καὶ
3170 4817 3558 4886 στεφανοῦται.
3629 4815 3805 4868 Ἐπαν
3862 4818 3899 4884 ἠ
3954 4816 4056 4878 νυξ

2469 4915 2774 4985 καταλάὸη,
2801 4916 2835 4983 ὴ
2853 4912 3027 4984 ἀγορὰ
3041 4913 3136 4965 καὶ
3155 4913 3216 4963 το
3239 4911 3427 4980 κέρδος
3450 4910 3510 4961 οὑ
3533 4909 3786 4976 φαίνεται
3811 4946 3825 4959 .
3857 4908 4064 4959 Ἀκου-

2575 5069 2614 5100 ⁶⁶
2645 5067 2787 5120 Psal.
2819 5083 2969 5126 xm,
3013 5067 3066 5121 9.
3147 5065 3190 5096 "
3219 5065 3359 5117 Psal.

2836 5137 2882 5166 “
2905 5135 3038 5192 Luc.
3073 5151 3171 5198 vtt,
3208 5136 3296 5189 48.

3433 5078 3632 5126 cxxxv,
3672 5063 3725 5116 4.
3833 5061 3882 5093 δ’
3910 5061 4061 5117 PSal.

2300 5338 2530 5394 ΝΟΤᾹΣ.

879 5452 991 5521 (90)
1046 5451 1166 5504 Non
1210 5453 1397 5506 mortis
1428 5453 1761 5507 condonatio.
1821 5451 1934 5503 οὐκ
1985 5451 2100 5505 ἐστι
2137 5453 2370 5506 Θανάτου

811 5525 1172 5591 συγχώρησις.
1212 5521 1380 5574 Plane
1423 5525 1753 5591 mendosum
1809 5522 2083 5591 existimo,
2120 5540 2217 5590 pro
2258 5541 2367 5590 quo

813 5589 1092 5664 legenditttt
1118 5594 1208 5656 sit,
1241 5593 1342 5644 οὐκ
1387 5591 1502 5664 ἐστι
1541 5595 1598 5646 ἐν
1627 5591 1704 5664 τῷ
1737 5589 1963 5664 Θανάτῳ.
1988 5589 2367 5664 συγχώρησιςο

816 5677 914 5713 non
939 5670 1013 5714 est
1043 5662 1096 5711 in
1129 5672 1289 5714 morte
1333 5663 1480 5714 ratio
1507 5679 1523 5713 :
1553 5663 1692 5727 quod
1735 5661 2058 5725 respondeat
2105 5661 2255 5728 Regii
2283 5679 2372 5713 ro-

817 5730 952 5785 dicis
992 5731 1214 5785 editioni
1273 5746 1378 5799 qua
1424 5733 1624 5787 dicitur
1682 5732 1782 5784 οὐκ
1821 5728 1968 5781 ἐστιν
2033 5731 2152 5785 ἐκεῖ
2192 5733 2376 5786 λαϐεῖν

2477 5459 2750 5527 ἁμαρτίας
2785 5455 3152 5527 συγχώρησιν.
3183 5453 3325 5509 Fieri
3357 5473 3458 5509 non
3491 5467 3653 5522 potest
3691 5469 3746 5510 ut
3795 5461 3914 5525 quis
3945 5461 4060 5513 illic

2473 5541 2820 5596 consequatur
2842 5531 3035 5595 peccati
3060 5529 3528 5580 condanationem:
3553 5528 3724 5588 idest,
3757 5531 3810 5582 itt
3846 5531 4060 5583 inferno

2483 5613 2545 5650 ac
2567 5610 2763 5659 morte,
2789 5613 2927 5670 quas
2947 5599 3109 5650 ambo
3145 5612 3242 5670 pro
3266 5597 3454 5670 eodem
3475 5598 3672 5667 accipit
3695 5617 3708 5652 :
3736 5609 3799 5651 ut
3826 5601 4062 5670 accipiat

2483 5679 2710 5722 mortem
2746 5669 2890 5724 velut
2919 5668 2970 5721 in
3003 5667 3252 5721 termino.
3290 5667 3578 5721 ϐοιθεινιε.
