4186 6442
804 416 932 476 ιειῑιὶι

793 621 905 689 ipsa
960 618 1296 687 baptismatis
1331 621 1481 686 liora,
1520 622 1735 673 inventa
1792 630 1872 674 est
1929 622 1981 673 in
2036 620 2190 674 nobis
2217 636 2363 674 com-

791 710 1249 781 pnnctio.]Quam
1283 718 1426 767 enim
1459 712 1691 781 gratiam
1740 728 1801 764 ac
1853 711 2227 766 remissionem
2281 714 2360 767 in-

792 801 965 857 fantes
989 804 1038 856 in
1060 805 1326 872 baptismo
1346 804 1674 873 accepimus,
1705 812 1859 856 aucta
1885 804 1937 856 in
1957 805 2189 871 peccatis
2209 813 2364 859 :ctatc

792 894 1129 958 postmodum
1169 894 1493 948 fiedavimus
1527 909 1591 948 ac
1617 893 1999 947 exstinximus.
2032 892 2224 947 Verum
2271 910 2365 962 per

792 986 1081 1054 lucrymas,
1117 986 1182 1038 ad
1247 988 1413 1054 ipsam
1462 1001 1631 1054 usque
1682 991 2015 1038 senectutem
2063 1001 2126 1039 ac
2170 1004 2363 1054 supre-

791 1095 932 1129 mum
981 1079 1273 1144 spiritum,
1319 1081 1559 1148 quotidie
1629 1080 1891 1147 baptizari
1955 1097 2241 1150 possumus
2300 1100 2363 1136 ac

787 1170 1088 1236 einmidari,
1114 1171 1264 1237 juxta
1286 1175 1428 1243 quod
1462 1174 1708 1230 l’sabnus
1729 1178 1781 1231 in
1809 1178 2159 1246 sequentibus
2181 1178 2357 1231 habet.

786 1258 873 1311 Λὶῑ
912 1262 1054 1314 enim
1089 1280 1101 1314 :

863 1366 880 1397 ι
924 1351 1194 1405 ‘l‘urbatus
1227 1362 1312 1407 est
1346 1369 1375 1406 a
1403 1353 1588 1411 furore
1608 1358 1799 1410 oculus
1834 1373 1982 1414 meus
2013 1379 2026 1413 :
2061 1359 2358 1416 inveteravi

788 1440 927 1493 inter
957 1456 1142 1496 omnes
1174 1443 1426 1498 inimicos
1463 1462 1629 1499 meos.
1675 1467 1692 1497 ι
1737 1447 1847 1501 lloc
1879 1460 1975 1511 est.
2004 1452 2357 1505 Contamina-

788 1544 872 1587 tus
922 1549 1074 1599 smn;
1124 1540 1373 1591 concrevi
1429 1554 1491 1593 ac
1534 1543 1795 1595 consenui
1851 1545 1903 1597 in
1958 1547 2215 1613 peccatis.
2252 1547 2364 1601 lloe

783 1625 927 1679 enim
960 1627 1151 1681 volunt
1182 1644 1245 1683 ea
1280 1632 1442 1685 verba
1489 1647 1503 1684 :
1559 1652 1576 1685 ι
1617 1633 1916 1688 luvctcravi
1971 1639 2111 1692 inter
2175 1654 2362 1693 Omnes

785 1717 1033 1773 inimicos
1093 1737 1258 1775 meos.
1322 1743 1338 1772 ι
1411 1723 1545 1778 Vide
1597 1737 1816 1792 autem,
1884 1740 2003 1796 post
2053 1730 2360 1785 diuturnam

784 1810 929 1863 illam
986 1812 1037 1864 in
1086 1817 1323 1880 peccatis
1375 1817 1863 1884 inveteratiunem,
1914 1831 2036 1891 post
2080 1825 2242 1877 vitam
2307 1824 2357 1877 in

782 1902 926 1953 (nimi
952 1902 1233 1971 iniquitate
1261 1908 1583 1975 traductam,
1616 1912 1746 1965 nihil
1778 1921 1956 1967 tamen
1999 1915 2263 1984 propheta
2293 1916 2359 1968 de

784 2006 843 2043 se
867 1992 1169 2059 desperavit
1208 2016 1218 2049 :
1252 1999 1385 2050 nihil
1416 2000 1483 2051 de
1506 2001 1684 2053 divina
1737 2004 2105 2058 misericordia
2156 2005 2358 2059 dillisus

783 2093 887 2139 est.
932 2082 1048 2138 Non
1112 2102 1171 2140 se
1214 2089 1361 2141 dedit
1412 2090 1619 2143 inertia:
1649 2108 1662 2156 ;
1692 2095 1781 2145 sed
1833 2109 1929 2163 per
1985 2098 2357 2164 compunctio-

784 2188 907 2227 nem
942 2177 1121 2231 salvus
1149 2178 1323 2233 factus
1345 2190 1457 2246 est;
1484 2198 1580 2250 per
1615 2183 1882 2253 lacrymas
1913 2188 2203 2241 mundatus
2239 2199 2355 2257 est;

784 2279 881 2331 per
924 2267 1324 2323 confessionem
1360 2282 1443 2326 est
1488 2273 1841 2339 jnstificatus.
1883 2277 2013 2342 Qua:
2056 2279 2211 2346 plane
2242 2296 2361 2336 om-

788 2358 893 2423 nia,
925 2358 975 2412 in
1022 2360 1133 2429 ipsa
1173 2364 1336 2416 etiam
1397 2376 1675 2421 senectute
1745 2378 1801 2420 et
1848 2381 2090 2423 extrema
2143 2373 2344 2428 canitie

787 2459 1044 2517 praestare
1102 2467 1390 2520 possumus
1444 2474 1456 2508 :
1510 2455 1843 2527 lacrymari,
1902 2458 2057 2525 dico;
2116 2476 2356 2531 gemere,

786 2542 1054 2607 confiteri,
1085 2558 1263 2599 orare.
1294 2546 1488 2600 Verum
1523 2550 1645 2601 andi
1675 2550 1800 2617 quid
1842 2550 1964 2602 inde
2008 2553 2163 2607 nobis
2202 2570 2358 2611 acce-

786 2632 879 2685 dat
908 2636 1195 2689 commodi.
1218 2638 1350 2690 Cum
1373 2639 1516 2692 enim
1537 2641 1759 2693 dixisset
1785 2657 1797 2692 :
1830 2658 1847 2690 ι
1890 2637 2189 2697 inveteravi
2221 2646 2362 2703 inter

786 2738 975 2777 «utines
1023 2724 1270 2779 inimicm.
1312 2746 1498 2793 meos,
1544 2750 1559 2780 ι
1600 2748 1663 2782 ac
1706 2746 1830 2784 mox
1864 2748 1957 2800 per
1988 2737 2356 2803 paenitentiam

787 2827 849 2865 ac
889 2819 1384 2885 cmnpttnt'timtem,
1416 2822 1774 2892 fiduciamque
1823 2841 1888 2883 ac
1940 2831 2358 2885 illustrationem

786 2903 1062 2969 sensisset,
1092 2919 1220 2963 suos
1247 2908 1502 2980 deinceps
1530 2914 1711 2971 hostes
1735 2932 1856 2971 cum
1884 2928 2151 2987 potestate
2179 2921 2357 2976 incre-

786 3002 898 3059 pat,
921 2995 1137 3064 aitque:

863 3104 882 3135 ι
923 3086 1193 3144 Discedite
1226 3106 1255 3144 a
1283 3107 1388 3156 me,
1413 3109 1602 3151 omnes
1640 3102 1732 3167 qui
1768 3104 2065 3167 operamini
2105 3104 2358 3173 iniquita-

2011 417 2070 477 S.
2098 414 2496 477 ANASTA‘IU
2526 419 2694 477 SINA
2713 422 2849 479 I'l‘xli

793 546 897 596 que
926 529 1125 591 Spiritu
1154 539 1361 583 sancto.
1405 530 1511 583 Nec
1542 541 1668 581 vero
1723 527 1935 584 mireris
1982 530 1990 598 |
2021 544 2164 598 smpe
2221 528 2359 581 enim

2471 529 2550 592 ξις
2574 532 2697 583 ἄνευ
2718 533 2811 584 τοῦ
2851 534 3011 599 ἁγίου
3047 535 3357 604 Ιινεύματος
3392 539 3590 590 οίδιτιιί
3620 555 3746 590 ποτε

3908 426 4045 490 1100

3757 578 3768 591 .
3822 539 3935 593 Καὶ
3969 552 4042 609 μὴ

2468 621 2754 695 θαυμάσῃς
2779 640 2791 653 ·
2827 625 3089 687 πολλάκις
3117 627 3224 695 γὰρ
3257 632 3312 679 ἰν
3344 630 3478 697 αὖτῇ
3518 634 3581 698 τῇ
3616 630 3732 699 ὥρα
3781 630 3877 683 τοῦ
3947 634 4041 700 βα-

2466 714 2765 782 πτίσματος
2788 716 2982 785 εὑρέθη
3010 719 3065 767 ὲν
3086 718 3213 785 ἡμῖν
3234 721 3264 784 ἡ
3284 719 3594 782 κατα-ινξις.
3617 723 3727 789 Τὴν
3753 724 3865 790 γὰρ
3883 724 4043 792 χάριν

2465 808 2558 856 καὶ
2588 806 2685 871 τὴν
2721 806 2911 871 ἅσεσιν
2937 808 3031 875 τὴν
3070 809 3126 859 ἐν
3155 808 3233 877 τῷ
3274 810 3612 879 βαπτίσματι
3640 814 3823 878 νήπιοι
3881 817 4042 883 ἡμεῖς

2465 895 2832 963 λαμβάνοντες
2867 897 2922 947 ἐν
2978 898 3274 966 ἁμαρτίαις
3323 900 3613 968 αὐξόμενοι
3676 900 4042 970 κατερρνπώ-

2467 1005 2640 1055 σαμεν
2676 990 2845 1041 ταῦτα
2894 992 2988 1043 καὶ
3041 991 3367 1061 ἐσεέσαμεν.
3427 993 3524 1045 Διὰ
3563 996 3617 1045 δὲ
3655 994 3911 1065 δακρύων
3948 994 4039 1044 καὶ

2465 1080 2566 1142 ἕως
2596 1082 2782 1150 γήρως
2830 1083 2922 1133 καὶ
2962 1083 3198 1152 ἐσχάτης
3250 1085 3529 1152 ἀναπνοῆς
3584 1085 3911 1154 καθημέραν
3949 1084 4039 1153 βα-

2465 1170 2749 1233 πτίζεσθαι
2778 1174 2871 1225 καὶ
2890 1173 3353 1244 ἀνακαθαίρεσθαι
3372 1175 3668 1244 δυνάμεθα,
3685 1175 3869 1237 καθὼς
3893 1175 4038 1240 λέγει

2464 1264 2532 1315 τὰ
2558 1264 2824 1319 ἀκόλουθα
2849 1266 2942 1318 τοῦ
2975 1266 3209 1335 ψαλμοῦ.
3258 1269 3419 1334 λέγει
3451 1269 3578 1336 γάρ·

2541 1376 2555 1404 ι
2614 1356 2919 1427 Ἥταράκθη
2950 1360 3058 1409 ἀπο
3086 1358 3260 1427 θυμοῦ
3307 1362 3333 1410 ὁ
3383 1360 3665 1429 ὀρθαὶμος
3700 1378 3799 1429 μου
3827 1377 3843 1392 ·
3903 1359 4037 1412 ἐπα-

2465 1447 2701 1515 λαιώθην
2735 1450 2791 1499 ὲν
2822 1452 2952 1502 πᾶσι
2988 1454 3098 1512 τοῖς
3146 1451 3359 1520 ἐχθροῖς
3386 1470 3509 1521 μου,
3552 1471 3568 1501 ι
3605 1453 3889 1515 Ίόντὲστι,
3929 1454 4039 1504 Κα-

2464 1539 2836 1609 τεῤῥυπώοηντ
2897 1542 3230 1612 συνηύξησα,
3285 1546 3630 1613 συνεγήρασα
3688 1545 3802 1604 ταῖς
3858 1544 4038 1611 ἁμαρ-

2465 1631 2625 1692 τίαις.
2660 1632 2831 1685 Τοῦτο
2856 1633 2963 1703 γάρ
2994 1635 3110 1685 ἐστι
3146 1636 3206 1685 τὸ
3236 1636 3415 1687 εἰπεῖν
3440 1651 3453 1665 ’
3492 1654 3509 1685 ι
3563 1635 3947 1704 Ἐπαλαιώθην
3978 1636 4035 1685 ἐν

2466 1725 2597 1773 πᾶσι
2628 1726 2738 1786 τοῖς
2765 1725 2975 1795 ἐχθροῖς
3010 1743 3136 1795 μους
3182 1744 3199 1776 ι
3249 1727 3391 1778 Ἀλλ’
3425 1727 3687 1796 δραμετά
3712 1726 3810 1796 τὴν
3858 1727 4040 1795 ἔγχρο·

2466 1830 2552 1864 νον
2583 1814 2639 1863 ἐν
2674 1815 2969 1883 ἁμαρτίαις
3001 1816 3326 1879 παλαίωσιν,
3361 1817 3503 1868 κατὰ
3532 1815 3629 1885 τὴν
3656 1817 3712 1866 ἐν
3744 1820 3894 1884 πασῃ
3920 1817 4041 1867 ἀνο-

2468 1907 2566 1977 μία
2595 1909 2919 1977 συμϐίωσιν,
2949 1911 3049 1962 οὐκ
3067 1913 3293 1979 ἀπέγνω
3324 1913 3351 1963 6
3383 1911 3675 1981 προψήτης
3707 1910 3898 1972 αὑτοῦ,
3945 1911 4041 1963 οὐκ

2463 2000 2740 2068 ἀπήλπισε
2767 2000 2861 2053 τοῦ
2901 2001 3081 2064 ἐλέους
3114 2002 3209 2055 τοῦ
3244 2002 3399 2056 θεοῦ.
3436 2002 3550 2054 Οὐκ
3600 2002 3804 2054 ἔδωκεν
3848 2002 4041 2055 ἑαυτὸν

2463 2091 2541 2151 εἰς
2598 2089 2892 2159 ρᾳθυμίαν,
2950 2092 3085 2144 ἀλλὰ
3133 2092 3222 2144 διὰ
3266 2091 3614 2155 κατανύξεως
3670 2090 3898 2159 ἐσώθη·
3958 2090 4043 2143 διὰ

2460 2179 2709 2250 δακρύων
2739 2181 3075 2252 ἐκαθαρίσθη
3100 2197 3115 2211 ·
3148 2182 3216 2235 δι’
3241 2181 3686 2251 ἐξομολογήσεως
3715 2179 4037 2247 ἐδικαιώθη.

2463 2270 2644 2340 "Amp
2678 2273 2855 2325 πάντα
2892 2273 2988 2325 καὶ
3030 2274 3088 2325 ἐν
3122 2273 3273 2342 αὐτῷ
3316 2275 3392 2343 τῷ
3422 2275 3589 2342 γήρα,
3625 2272 3720 2324 καὶ
3754 2272 3813 2323 ὲν
3835 2271 4040 2340 ἐσχάτῃ

2462 2363 2623 2435 πολιᾷ
2657 2368 2878 2436 ποιῆσαι
2912 2367 3191 2437 δυνάμεθα
3221 2384 3235 2397 ο
3265 2368 3408 2436 λέγω
3438 2369 3494 2421 δὲ
3524 2366 3822 2437 δακρῦσαι,
3849 2365 4042 2419 στενὰ-

2463 2454 2567 2519 ξιι,
2593 2455 3115 2525 ἐξομολογήσασθαι,
3142 2457 3421 2528 δεηθῆναι.
3465 2457 3530 2508 Τί
3554 2456 3611 2510 δὲ
3646 2458 3780 2526 ἡμῖν
3820 2457 3885 2508 ὲκ
3915 2454 4042 2507 τούο

2460 2567 2568 2601 των
2598 2549 2979 2620 προσγίνεται,
3012 2551 3268 2605 ἄκουσον.
3320 2548 3505 2604 Εἰπὼν
3538 2549 3645 2618 γὰρ
3684 2549 3765 2600 ὃτι
3808 2565 3827 2598 ι
3868 2546 4040 2598 Ἐπα-

2461 2638 2701 2708 λαιώθην
2730 2641 2789 2693 ἐν
2814 2641 2947 2694 πᾶσι
2971 2642 3083 2704 τοῖς
3113 2640 3329 2712 ἐχθροῖς
3356 2656 3481 2709 μοιν
3524 2658 3543 2691 ι
3591 2636 3732 2703 εἶτα,
3761 2637 3850 2690 διὰ
3877 2654 4045 2706 μεταο

2461 2732 2611 2793 νοίας
2645 2733 2742 2783 καὶ
2774 2732 2873 2803 τῆς
2926 2732 3275 2796 κατανύξεως
3319 2732 3469 2795 θείας
3517 2731 3664 2792 τινὸς
3698 2729 4041 2797 ἀντιλήψεως

2463 2822 2557 2875 καὶ
2580 2824 2830 2892 ἀφέσεως
2869 2825 2965 2877 καί¹
2999 2824 3316 2894 παρρησίας
3348 2824 3445 2875 καὶ
3493 2821 3815 2891 ἐλλάμψεως
3851 2818 4044 2871 αἰσθό-

2465 2932 2644 2983 μενος,
2674 2917 2904 2984 ἐπιτιμᾷ
2948 2916 3133 2969 λοιπὸν
3163 2919 3277 2977 τοῖς
3320 2913 3657 2983 πολεμοῦσιν
3696 2911 3863 2967 αὐτὸν
3919 2908 4043 2980 μετ’

2462 3008 2729 3070 ἐξουσίας,
2762 3008 2853 3059 καὶ
2880 3007 3049 3074 λέγει·

2543 3116 2561 3146 ι
2613 3097 2911 3166 ’Λπὸστητε
2933 3095 3029 3148 ἀπ’
3059 3094 3218 3165 ἐμοῦ,
3256 3094 3458 3156 πάντες
3479 3094 3528 3146 οἱ
3547 3091 3913 3161 ἐργαζόμενοι
3940 3088 4041 3159 τὴν

790 3186 919 3230 tem.
963 3196 981 3228 ι
1029 3179 1140 3235 lloc
1193 3192 1298 3243 est,
1340 3188 1597 3253 desinite;
1640 3193 1973 3259 erubescite;
2031 3198 2351 3255 abscedite:

2463 3188 2710 3257 ἀνομίαν.
2761 3204 2779 3237 ι
2833 3185 3121 3238 Παύσασθε
3151 3225 3165 3249 ,
3230 3183 3577 3254 αἰσχύνεσθε,
3655 3181 3995 3248 ἁναχωρεῖτε
4028 3194 4040 3209 ·

787 3270 1042 3332 quoniam
1092 3276 1367 3329 exaudivit
1420 3280 1673 3335 Dominus
1725 3301 1886 3352 quam
1953 3288 2005 3339 in
2077 3301 2354 3345 senectute

786 3357 897 3411 fudi
945 3364 1331 3427 precationem.
1374 3386 1391 3417 ι
1425 3369 1711 3426 Ιςκιιιιιιίνίι
1735 3374 1990 3431 Dominus
2028 3393 2210 3433 vocem
2262 3382 2357 3435 lle-

790 3458 875 3503 tus
897 3452 1037 3517 mei;
1066 3455 1322 3513 Dominus
1350 3461 1653 3516 orationem
1704 3481 1877 3519 meam
1929 3470 2182 3538 sust-cpit.
2220 3471 2357 3524 Eru-

788 3540 1017 3597 bescant
1041 3554 1098 3599 ct
1135 3552 1527 3606 contnrhcntur
1554 3568 1746 3609 omnes
1793 3557 1999 3613 inimici
2025 3561 2170 3627 mei;
2209 3577 2358 3618 aver-

790 3642 976 3687 tantur
1014 3646 1068 3690 et
1116 3640 1441 3695 erubescant
1494 3645 1645 3698 valde
1699 3647 1976 3705 velociter.
2026 3669 2045 3702 ι
2110 3654 2357 3710 Vidistin‘

790 3720 1150 3793 lacrymarum
1193 3734 1531 3798 potentiam?
1564 3734 1812 3791 Vidistin’
1839 3741 2195 3800 confessionis
2248 3747 2360 3801 fru-

787 3816 980 3869 ctum?
1038 3818 1281 3874 Vidistin‘
1312 3824 1755 3884 inveteratiunem
1812 3832 1865 3885 in
1912 3837 2059 3889 omni
2106 3851 2357 3907 peccato-

792 3918 907 3956 rum
974 3921 1189 3973 genere,
1260 3921 1423 3981 atque
1468 3930 1533 3969 ex
1595 3918 1662 3971 iis
1722 3925 2227 3989 regenerationem?
2280 3930 2359 3986 Ne

791 3992 919 4047 mihi
988 3998 1215 4065 posthac
1289 4002 1493 4059 dixeris
1558 4024 1573 4060 :
1637 4006 1815 4064 Senex
1891 4025 2046 4080 sum;
2115 4016 2361 4076 infirmus

790 4097 950 4147 sum;
1002 4088 1296 4145 inveteravi
1349 4091 1461 4159 jam
1514 4106 1571 4150 et
1635 4099 1870 4164 peccatis
1947 4106 2199 4161 omnibus
2274 4125 2361 4163 as-

789 4179 963 4242 suevi,
1008 4195 1109 4235 nec
1164 4198 1380 4251 possunt
1438 4187 1670 4255 amplius
1712 4189 1803 4243 Dei
1848 4190 2026 4248 facere
2083 4201 2360 4256 mandata.

789 4264 931 4321 Nihil
992 4271 1122 4325 mihi
1171 4274 1275 4327 tale
1314 4276 1551 4331 dixeris:
1586 4296 1604 4327 ι
1644 4278 1721 4332 Ne
1766 4286 2113 4340 excusaveris
2152 4289 2204 4341 in
2237 4305 2357 4359 pec-

789 4359 925 4413 catis
968 4360 1035 4413 ⁶⁸.
1095 4379 1113 4411 ι
1166 4362 1318 4427 Quod
1373 4365 1417 4418 si
1453 4368 1815 4430 excusaveris,
1870 4371 2151 4426 confestim
2208 4391 2361 4430 mou-

792 4454 979 4507 straho
1022 4454 1142 4519 tibi,
1177 4465 1237 4508 ut
1270 4457 1321 4514 in
1366 4457 1483 4527 ipsa
1532 4473 1839 4527 senectute,
1883 4464 2077 4520 melius
2107 4481 2269 4535 quam
2305 4470 2357 4524 in

2459 3279 2591 3332 διότι
2638 3278 2925 3348 είσήκουσε
2962 3277 3167 3347 Κύριος
3208 3276 3305 3345 τῆς
3341 3277 3399 3327 ἐν
3450 3278 3594 3343 γήρα
3627 3270 3865 3340 δεήσεώς
3912 3287 4040 3339 μου.

2467 3391 2483 3421 ι
2520 3372 2818 3441 Εἰσήκονσε
2850 3368 3054 3439 Κύριος
3094 3369 3196 3437 τῆς
3224 3370 3408 3437 φωνῆς
3438 3368 3531 3420 τοῦ
3567 3362 3850 3432 κλαυθμοῦ
3904 3379 4038 3432 μου,

2462 3464 2663 3532 Κύριος
2701 3464 2800 3532 τὴν
2847 3462 3158 3532 προσευχήν
3194 3478 3297 3529 μου
3351 3457 3742 3529 προσεδέξατο.
3797 3457 4041 3526 Αἰσχυν-

2460 3557 2682 3626 θείησαν
2710 3554 2831 3625 [καὶ
2885 3550 3311 3623 ταραχθείησαν]
3354 3553 3556 3613 πάντες
3578 3552 3628 3603 οἱ
3663 3550 3853 3620 ἐχθροί
3889 3567 3997 3618 μου
4023 3564 4037 3578 ·

2456 3630 2940 3718 δποστραφείησαν
2979 3648 3096 3717 [καὶ
3124 3642 3684 3714 καταισχυνθείησαν]
3721 3642 3933 3711 σφόδρα
3954 3641 4044 3694 διὰ

2460 3745 2678 3813 τάχους.
2707 3761 2724 3792 ι
2758 3738 2912 3803 Εἶδες
2946 3740 3057 3793 τῶν
3104 3740 3360 3810 δακρύων
3386 3739 3485 3808 τὴν
3518 3737 3713 3807 tax-Iw;
3756 3732 3916 3799 Εἶδες
3944 3736 4045 3805 τῆς

2460 3832 2897 3903 ὲξομολογήσεως
2914 3831 3004 3883 τὸν
3030 3831 3240 3900 καρπόν
3265 3846 3280 3894 ;
3304 3824 3457 3891 Εἶδες
3480 3830 3578 3899 τὴν
3599 3829 3658 3880 ὲν
3682 3828 3830 3897 πάσῃ
3859 3828 4048 3897 ἁμαρ-

2462 3927 2551 3996 τίᾳ
2592 3925 2919 3985 παλαίωσιν,
2962 3923 3057 3975 καὶ
3106 3922 3468 3989 ἀνα-(ἐννησιν
3504 3937 3519 3985 ;
3556 3920 3757 3972 Λοιπὸν
3820 3922 3899 3988 μή
3955 3936 4047 3987 μοι

2462 4021 2644 4089 εἴπῃς,
2672 4019 2851 4087 Γέρων
2876 4017 3012 4085 εἰμὶ,
3030 4014 3266 4083 ἀσθενής
3301 4015 3440 4083 εἰμι,
3470 4012 3826 4081 ὲπαλαιώθην
3853 4012 4048 4065 λοιπὸν

2461 4112 2556 4162 καὶ
2591 4109 2871 4177 συνήθησα
2893 4107 2905 4155 i
2931 4110 2987 4159 ὲν
3018 4109 3163 4175 πάσῃ
3202 4103 3472 4174 ἁμαρτίᾳ,
3499 4105 3594 4157 καὶ
3624 4103 3725 4155 οὐκ
3762 4102 3843 4155 ἔτι
3871 4102 4049 4172 ἰσχύω

2462 4200 2560 4261 τὰς
2575 4198 2793 4259 ἐντολὰς
2815 4198 2907 4249 τοῦ
2935 4196 3071 4248 Θεοῦ
3097 4193 3348 4264 ποιῆσαι.
3378 4193 3559 4263 Μηδὲν
3582 4191 3830 4245 τοιοῦτον
3852 4194 4044 4262 εἴπῃς·

2471 4308 2488 4339 ι
2531 4289 2622 4358 Μὴ
2652 4288 2964 4357 προφασίσῃ
3006 4289 3063 4339 ὲν
3094 4285 3419 4356 ἁμαρτίαις·
3458 4304 3477 4335 ι
3516 4286 3578 4336 Εε
3615 4284 3672 4337 δὲ
3720 4284 4049 4354 προφασίσῃ

2463 4382 2665 4440 εὐθέως
2714 4396 2795 4432 σοι
2825 4378 3003 4441 δείξω,
3045 4378 3127 4429 ὅτι
3181 4378 3277 4430 ἐὰν
3327 4377 3486 4446 μόνον
3517 4375 3750 4445 θελήσῃς
3786 4376 3843 4427 ἐν
3894 4374 4050 4443 αὐτῷ

2464 4471 2708 4540 τῷγήρα
2742 4471 2880 4539 ὑπὲρ
2932 4470 3030 4538 τὴν
3083 4458 3314 4536 νεότητα
3370 4466 3514 4535 ἔχεις
3544 4466 3781 4532 φυλάξαι
3822 4465 3897 4518 τὰ
3950 4468 4050 4518 τοῦ

786 4544 1067 4607 iuventute
1093 4546 1184 4602 Dei
1221 4550 1470 4605 mandata
1507 4567 1725 4607 servare
1759 4557 1955 4624 possis,
1978 4559 2021 4611 si
2074 4561 2233 4616 modo
2264 4578 2357 4615 vo-

2463 4562 2596 4614 Θεοῦ
2637 4563 3057 4632 πψσταγματα.
3105 4559 3245 4611 Ἀλλ’
3281 4558 3559 4629 ἐρωτῶντι
3590 4557 3681 4620 δός
3708 4573 3803 4626 μοι
3829 4556 4049 4626 ἀψευδῆ

793 4638 971 4691 lucris.
1006 4638 1274 4694 Caeterum
1304 4642 1659 4711 interroganti
1694 4647 1823 4699 mihi
1858 4661 2042 4701 verum
2078 4654 2359 4720 responde.

790 4729 1066 4795 Quasnam
1119 4731 1397 4801 Scriptura
1465 4735 1652 4789 beatos
1710 4738 1984 4805 praedicat,
2036 4755 2159 4794 Cltlll
2212 4744 2288 4797 ait
2344 4762 2360 4800 :

796 4838 817 4871 ι
852 4821 999 4875 Beati
1035 4836 1297 4891 pauperes
1326 4825 1541 4892 spiritu,
1573 4826 1826 4893 quoniam
1876 4827 2115 4896 ipsorum
2157 4843 2240 4886 est
2276 4850 2364 4887 re-

792 4927 956 4981 gnum
1005 4913 1303 4967 cmlorum?
1343 4932 1361 4965 ι
1399 4914 1562 4968 Plane
1600 4916 1777 4977 dices,
1808 4932 1901 4972 eos
1934 4920 2028 4986 qui
2064 4934 2225 4975 sensu
2273 4926 2365 4979 de-

793 5005 960 5059 misso
986 5016 1130 5068 sunt,
1160 5022 1222 5062 ac
1263 5008 1472 5061 humili.
1509 5009 1860 5075 Quandonam
1910 5027 2039 5067 vero
2075 5018 2361 5075 demissior

796 5098 950 5151 nobis
985 5114 1048 5153 ac
1093 5100 1345 5156 humilior
1372 5105 1589 5159 exsistit
1614 5123 1835 5177 sensus;
1863 5114 1913 5167 in
1956 5116 2258 5181 juventute,
2293 5130 2360 5169 an

795 5188 852 5242 in
908 5191 1218 5246 senectute?
1253 5194 1462 5248 Etenim
1492 5197 1760 5266 juventuti
1796 5202 2011 5257 innatus
2042 5213 2125 5258 est
2170 5206 2360 5259 lastus.

802 5297 821 5330 ι
861 5278 1007 5334 Beati
1033 5281 1343 5353 quilugent,
1375 5288 1629 5354 quoniam
1664 5290 1761 5358 ipsi
1790 5293 2207 5348 consolabuntur
2234 5296 2298 5347 ⁸³.
2340 5315 2359 5345 ι

802 5366 899 5422 llic
931 5377 988 5423 tu
1025 5370 1155 5425 mihi
1196 5373 1303 5438 dic,
1345 5390 1591 5442 quamam
1625 5380 1690 5432 ad
1753 5379 1956 5435 luctum
1988 5398 2051 5437 ac
2102 5382 2367 5455 lacrymas

804 5471 926 5529 apta
958 5472 1040 5517 est
1065 5471 1230 5528 atas;
1260 5463 1532 5533 juventus,
1570 5483 1636 5522 an
1660 5471 1865 5527 seniqu
1894 5473 1918 5526 2
1959 5472 2141 5530 Palam
2185 5477 2369 5547 utique

871 5638 920 5671 ⁸⁸
952 5637 1183 5705 Psal.n.,
1210 5642 1264 5696 ι.
1345 5644 1387 5676 ⁵⁸
1416 5644 1603 5701 Matth.
1636 5662 1688 5714 v,
1721 5647 1772 5700 5.

882 5827 896 5866 ι
936 5812 1087 5869 Fort.
1128 5817 1419 5871 συνείθισα.

2458 4657 2557 4724 τὴν
2595 4654 2911 4723 ἀπόκρισιν.
2941 4652 3127 4722 [Τίνας
3150 4654 3177 4703 6
3206 4650 3366 4717 λόγος
3403 4647 3748 4719 μακαρίζοι.]
3787 4667 3806 4699 ι
3841 4649 4050 4701 Μακα-

2465 4762 2569 4814 ριοι
2592 4746 2642 4796 οἱ
2672 4745 2901 4813 πτωχοὶ,
2918 4742 3161 4815 [λέγων,]
3181 4743 3259 4812 τῷ
3283 4741 3576 4810 πνεύματι.
3591 4740 3672 4794 ὅτι
3696 4740 3878 4793 αὐτῶν
3896 4741 4052 4791 ἐστιν

2461 4839 2495 4907 ἡ
2528 4836 2772 4905 βασιλεία
2800 4837 2907 4888 τῶν
2936 4834 3180 4906 οὐρανῶν
3207 4854 3221 4900 ;
3270 4854 3287 4886 ι
3332 4833 3583 4905 [Πάντως
3611 4833 3758 4901 ὲρεῖς
3786 4831 3921 4893 τοὺς
3944 4830 4050 4901 τὴν

2462 4928 2700 4982 διάνοιαν
2745 4929 3218 4999 κατεσταλμένους
3253 4928 3350 4979 καὶ
3404 4923 3722 4995 ταπεινοὺς]
3768 4923 3866 4975 καὶ
3910 4924 4047 4976 πότε

2469 5019 2854 5089 ταπεινότερὸν
2890 5023 3035 5072 ἐστιν
3069 5018 3223 5088 ἡμῶν
3256 5018 3315 5069 τὸ
3346 5017 3621 5086 φρόνημα,
3666 5016 3727 5067 ἐν
3758 5015 3978 5084 νεότητι
4012 5015 4047 5083 ἢ

2473 5111 2529 5163 ὲν
2559 5112 2705 5181 γήρα
2729 5128 2743 5175 ;
2782 5110 2918 5182 [Οὐκ
2946 5110 3167 5179 εὔδηλον
3195 5112 3276 5163 ὅτι
3308 5110 3364 5160 ὲν
3383 5106 3587 5178 γήριμ]
3613 5105 3897 5175 σύμφυτος
3935 5107 4051 5175 γάρ

2463 5203 2608 5255 ἐστιν
2632 5205 2660 5256 ὀ
2686 5203 2855 5265 τύπος
2885 5205 2941 5256 ὲν
2971 5204 3204 5273 νεότητι.
3250 5220 3267 5252 ι
3297 5201 3578 5269 Μακάριοι
3605 5201 3653 5252 οἱ
3692 5197 4050 5260 πενθοῦντες,

2463 5295 2544 5347 ὅτι
2571 5294 2726 5348 αὐτοὶ
2752 5294 3288 5365 παρακληθήσονται.
3337 5311 3357 5344 ο
3395 5296 3557 5363 ’Ἄρτι
3589 5290 3654 5344 σύ
3680 5308 3771 5361 μοι
3804 5291 3946 5351 εἰπὲ,
3984 5291 4052 5342 Τί

2464 5389 2583 5441 ἐστι
2618 5389 2753 5459 πρὸς
2783 5388 2977 5450 πένθος
3006 5389 3100 5440 καὶ
3132 5387 3346 5458 δάκρυα
3376 5384 3599 5454 εύχερές
3628 5399 3643 5450 ;
3680 5382 3894 5451 νεότης,
3927 5381 3961 5449 ἦ
3990 5381 4049 5434 si

2467 5482 2693 5549 γῆρας;
2744 5478 2989 5551 [εὔδηλον
3046 5480 3127 5533 ὃτι
3183 5479 3241 5532 τὸ
3291 5474 3537 5548 γῆρας.1
3582 5494 3602 5529 ι
3676 5473 3955 5544 Μακάριοι
4001 5474 4049 5524 οε
