4186 6442
194 437 323 503 1101

1365 435 1644 496 υιιΑΤιΟ
1684 432 1759 493 1N
1806 434 2164 494 PSALMUM
2204 436 2298 493 Vl.

3306 437 3439 501 1103

191 554 405 622 πραεῖς.
453 571 469 602 ι
508 553 648 619 Ἄρα
670 548 730 603 οὐ
758 548 960 610 πάντες
983 544 1380 616 ὁμολογοῦμεν,
1405 546 1489 598 ὅτι
1516 547 1549 612 ἡ
1583 544 1758 612 νεότης

1872 544 2105 607 senium,
2146 564 2163 594 ι
2201 544 2348 599 Beati
2384 548 2560 601 mites.
2606 566 2624 599 ι
2658 545 2727 601 At
2772 552 3010 618 nunquid
3055 565 3243 606 omnes
3298 552 3435 606 falc-

190 642 429 710 ὀξυτέρα
460 643 578 693 ἐστὶ
603 642 695 692 καὶ
719 638 1029 710 θερμοτέρα
1059 638 1196 707 πρὸς
1242 638 1442 707 ὀργήν;
1485 636 1542 687 τὸ
1575 636 1631 688 δὲ
1667 634 1769 705 γῆ-

193 753 291 802 ρας
322 734 638 803 πραΰτερον
669 749 681 793 ;
730 732 1005 794 Ὡσαύτως
1030 730 1126 783 ἐὰν
1169 728 1355 798 σαφῶς
1404 730 1765 796 κατανοήσῃς,

190 826 446 893 εὑρήσε-ς
484 823 913 891 συνεργέστερόν
962 838 1044 873 σοι
1089 822 1152 871 τὸ
1184 821 1359 889 γῆρας
1394 818 1530 889 πρὸς
1588 820 1769 871 πᾶσαν

190 914 342 968 θείαν
366 914 589 983 ἐντολὴν
624 914 762 982 ὑπὲρ
792 914 890 983 τὴν
921 912 1171 981 νεότητα.
1210 911 1297 962 Ἑν
1326 910 1434 978 γάρ
1459 912 1523 976 τῇ
1557 910 1768 978 νεότητι

162 1006 283 1058 -ῖκαὶ
322 1008 351 1057 ὁ
378 1005 489 1057 τῶν
539 1005 808 1073 σωμάτων
862 1003 1002 1069 ἔρως
1056 1004 1116 1054 ἐν
1157 1003 1289 1071 ἡμῖν
1340 1002 1671 1054 ἁνάπτεταιο
1709 1001 1768 1052 ἐν

187 1098 423 1166 νεότητι,
458 1098 552 1149 καὶ
581 1098 614 1164 ἡ
644 1097 745 1163 τῆς
781 1094 1161 1165 φυλαργυρίας
1196 1096 1217 1133 ¹ι
1252 1094 1484 1161 κάμινος
1518 1093 1764 1159 πολεμεῖ,

188 1189 277 1241 καὶ
313 1190 383 1241 τά
416 1188 646 1239 πλείστα
669 1186 836 1257 πάθη,
871 1188 1093 1256 ήγουνὴ
1124 1186 1418 1250 κενοδοξία,
1458 1186 1550 1237 καὶ
1587 1186 1617 1252 ἡ
1646 1184 1766 1251 φιλ-

187 1282 453 1352 αργυρία,
511 1280 608 1332 καὶ
643 1280 675 1348 ἡ
710 1278 1150 1347 γαστριμαργία,
1194 1276 1291 1329 καὶ
1322 1277 1355 1343 ἡ
1406 1273 1764 1343 μνησικακία,

186 1372 281 1424 καὶ
311 1374 346 1439 ἡ
384 1370 692 1433 πλεονεξία.
731 1369 840 1421 Καὶ
892 1369 1144 1435 καθάπερ
1193 1366 1287 1418 δύο
1318 1367 1482 1418 τινῶν
1510 1365 1763 1418 παλαιὸνς

183 1481 314 1524 των,
344 1464 444 1513 ἐὰν
472 1465 499 1514 ὁ
528 1456 609 1522 εἷς
640 1459 869 1529 ἀσθενὴς
892 1456 946 1531 ᾖ,
971 1462 998 1511 ὁ
1024 1461 1211 1526 ἔτερος
1232 1458 1601 1526 δυνατώτερος
1631 1457 1769 1510 πάν-

182 1573 289 1619 τως
330 1555 674 1623 εὑρίσκεται.
708 1552 897 1615 Οὕτως
927 1552 1019 1603 καὶ
1049 1552 1141 1602 ἐπὶ
1190 1552 1291 1619 τῆς
1337 1552 1516 1618 ψυχῆς
1543 1551 1637 1601 καὶ
1668 1548 1764 1601 τοῦ

184 1645 441 1714 σώματος
469 1644 577 1696 τῶν
604 1643 856 1714 ὀρέξεων,
885 1641 1108 1695 καὶτῶν
1131 1642 1417 1710 δυνάμεων
1438 1642 1535 1710 τῆς
1566 1642 1765 1711 σαρκὸς

186 1738 617 1805 παλαιουμένων
660 1735 753 1787 καὶ
788 1735 1106 1805 γηρώντων,
1143 1735 1240 1786 ἐὰν
1294 1734 1430 1796 ὅλως
1462 1733 1695 1803 βουληθῇ
1730 1735 1764 1803 ἡ

181 1827 355 1897 ψυχὴ,
390 1826 503 1895 ἔχει
532 1826 565 1893 ἡ
593 1825 739 1893 ψυχὴ
779 1825 913 1893 πρὸς
943 1824 1040 1895 τὴν
1073 1824 1183 1876 τῶν
1210 1822 1371 1875 θείων
1401 1824 1632 1876 ἐντολῶν
1661 1824 1761 1893 τήν

1874 649 1997 686 mur
2030 636 2172 701 quod
2204 637 2268 688 ad
2315 635 2450 689 iram
2486 639 2804 707 propensior
2849 640 2921 694 sit
2970 655 3032 694 ac
3067 642 3326 696 calenttor
3352 643 3438 711 ju-

1871 734 2094 790 ventus;
2121 738 2370 781 seueCtus
2402 742 2528 781 vero
2552 730 2620 782 sit
2667 731 2888 784 mitior?
2921 730 3167 797 Perinde,
3206 735 3250 787 si
3295 744 3440 789 recte

1869 816 2208 881 expenderis,
2243 816 2480 871 invenies
2533 832 2803 874 senectam
2852 822 3009 892 longe
3040 824 3300 892 aptiorem
3343 825 3436 879 tibi

1870 906 2188 969 adiutricem
2225 923 2344 962 esse
2369 910 2435 962 ad
2486 911 2713 978 quodvis
2746 913 2834 966 Dei
2868 915 3252 981 perficiendum
3286 932 3438 969 man-

1871 998 2076 1062 datum,
2104 1014 2213 1067 prae
2243 1001 2355 1068 ipsa
2390 1000 2698 1070 juventutc.
2727 1003 2860 1057 Nam
2887 1006 3238 1075 injnventute
3272 1008 3435 1060 etiam

1870 1100 2025 1139 amur
2059 1103 2346 1157 corporum
2382 1092 2431 1143 in
2485 1093 2640 1145 nobis
2668 1095 3019 1147 acrcttditur:
3060 1096 3115 1150 in
3160 1097 3438 1165 juventute

1872 1180 2167 1247 voluptatis
2208 1182 2369 1235 ardor
2401 1184 2698 1252 impugnat,
2732 1202 2796 1239 ac
2832 1186 3094 1256 pleraque
3128 1189 3228 1241 alia
3269 1189 3395 1243 vitia
3420 1231 3435 1252 ,

1871 1285 2061 1339 neu-.pc
2098 1272 2273 1326 inanis
2307 1274 2499 1339 gloria,
2528 1279 2775 1342 avaritia,
2801 1280 2945 1346 gula,
2977 1282 3241 1342 simultas,
3275 1283 3435 1337 alicui

1871 1362 2112 1431 improba
2160 1367 2451 1435 cupiditas.
2481 1372 2558 1422 Ac
2612 1371 2751 1425 sicut
2810 1373 3019 1426 duobus
3084 1374 3134 1427 in
3190 1376 3433 1442 palmstra

1872 1454 2226 1519 luctantibus,
2253 1474 2365 1527 quo
2396 1476 2534 1514 unus
2563 1462 2791 1517 debilior
2816 1467 3067 1530 efficitur,
3100 1482 3164 1520 eo
3207 1467 3435 1521 alterum

1870 1561 2092 1602 necesse
2124 1559 2206 1602 cst
2236 1550 2515 1604 fortiorem
2545 1553 2658 1606 fieri
2683 1595 2696 1618 ,
2725 1556 2795 1608 ita
2833 1556 2886 1610 in
2920 1560 3096 1612 anima
3116 1574 3178 1613 ac
3211 1574 3438 1627 corpore

1868 1639 2085 1693 accidit.
2128 1641 2338 1709 Quippe
2377 1644 2641 1698 confectis
2664 1654 2931 1702 vetustate
2962 1662 3026 1703 ac
3066 1651 3218 1704 senio
3253 1651 3437 1705 carnis

1874 1727 2267 1796 cupiditatibus
2294 1741 2453 1801 atque
2488 1735 2713 1799 viribus,
2742 1736 2903 1790 habet
2937 1738 3136 1803 anima,
3170 1740 3294 1792 dum
3317 1758 3434 1794 ()lll-

1871 1820 1999 1872 nino
2056 1822 2203 1886 velit,
2245 1826 2389 1878 vires
2447 1840 2509 1878 ac
2563 1826 2880 1883 facultatem
2923 1832 2988 1883 ad
3025 1832 3114 1885 Dei
3154 1832 3438 1886 mandatu—

182 1937 343 1987 ρησιν
388 1920 542 1987 ἰσχὺν
564 1921 655 1971 καί
680 1920 931 1986 δύναμιν,
962 1918 1054 1969 καὶ
1080 1917 1319 1986 μάλιστα
1355 1918 1491 1986 πρὸς
1515 1919 1758 1969 κατάνυ-

1869 1924 1986 1961 rum
2020 1911 2489 1977 observationem,
2537 1931 2598 1969 ac
2661 1919 3002 1983 potissimum
3058 1923 3123 1975 ad
3178 1938 3439 1992 compun-

179 2011 263 2075 ξιν
291 2011 393 2063 καὶ
427 2011 659 2078 δάκρυα.
688 2011 913 2079 Δάκρυα
940 2010 997 2061 δὲ
1033 2008 1144 2076 ἐγὼ
1174 2010 1243 2063 τὰ
1266 2009 1409 2061 κατὰ
1435 2009 1568 2061 Θεὸν
1599 2027 1761 2079 φημι.

176 2102 304 2156 Εἰσὶ
342 2102 453 2170 γὰρ
489 2102 704 2169 δάκρυα
762 2100 988 2168 φυσικά,
1024 2097 1112 2152 οἷα
1137 2101 1233 2152 ἐπὶ
1264 2102 1377 2163 τοῖς
1404 2104 1619 2171 νεκροῖς
1641 2103 1764 2153 ἐπι-

175 2200 400 2267 χέομεν.
438 2197 550 2248 Καὶ
591 2196 699 2248 είσί
742 2197 953 2265 δάκρυα
986 2195 1283 2259 Σατανικᾶ,
1320 2195 1464 2266 ειπερ
1495 2196 1640 2259 τινὲς
1676 2195 1765 2248 διὰ

175 2290 491 2353 κενοδοξίαν
535 2290 629 2342 καὶ
659 2290 726 2341 δι’
749 2289 929 2358 ἔρωτα
971 2289 1272 2340 Σατανικὸν
1301 2289 1599 2341 κλαίουσιν.
1644 2288 1765 2340 Εἰσὶ

173 2383 231 2435 δὲ
266 2383 487 2452 δάκρυα
512 2383 576 2433 ἐκ
612 2380 787 2450 μέθης
818 2381 913 2432 καὶ
935 2379 1242 2450 πολυύγρου
1269 2381 1504 2449 τρυφῆς.
1551 2380 1672 2432 Εἰσὶ
1701 2379 1761 2432 δὲ

172 2472 391 2540 δάκρυα
423 2470 733 2540 καθαρτικὰ
763 2472 826 2522 ἐκ
855 2470 1022 2539 φόϐου
1081 2468 1238 2534 Θεοῦ,
1270 2472 1363 2522 καί
1406 2469 1619 2531 ἐννοίας
1660 2469 1758 2521 θα-

173 2564 343 2616 νάτου
370 2562 468 2615 καὶ
501 2562 780 2624 κολάσεως
815 2562 948 2631 ἡμῖν
985 2562 1267 2630 γινόμενα,
1295 2561 1353 2613 ἐν
1380 2554 1459 2622 οἷς
1483 2559 1549 2613 ἂν
1575 2561 1759 2630 χρονί-

173 2675 386 2727 σωμεν,
421 2658 517 2709 καὶ
543 2658 892 2725 πονήσωμεν,
937 2657 1017 2718 εἰς
1045 2657 1258 2725 δάκρυα
1295 2656 1642 2725 πνευματικὰ
1666 2657 1760 2724 ἐρ-

170 2748 412 2818 χόμεθα·
432 2749 535 2800 οὐκ
554 2747 635 2800 ἔτι
657 2747 843 2814 φόϐον,
875 2748 1013 2799 ἀλλὰ
1033 2747 1200 2799 πόθον
1230 2746 1366 2815 πρὸς
1386 2748 1520 2799 θεὸν
1545 2747 1761 2815 ἔχοντες

168 2841 260 2894 διὰ
296 2841 708 2911 παρακλήσεως
759 2842 852 2893 καὶ
876 2839 1219 2909 ἑλλάμψεως,
1247 2839 1339 2892 καὶ
1383 2838 1760 2907 ἀγαλλιάσεως

170 2932 268 2986 τοῦ
299 2931 464 3001 ἁγίου
502 2932 642 2985 Πνεύ
650 2948 841 3002 ματος.

235 3199 484 3253 Τοιαῦτα
528 3198 738 3267 δάκρυα
779 3197 843 3250 ὲκ
895 3196 1060 3248 πόθου
1112 3195 1257 3247 θείου
1312 3188 1577 3264 ἐδάκρυσε
1619 3194 1757 3264 πρὸς

172 3295 312 3348 Θεὸν
373 3295 404 3347 ὁ
465 3292 659 3346 εἰπών·
715 3311 734 3343 ι
806 3290 1104 3360 Ἑκολλὴθη
1153 3290 1187 3357 ἡ
1244 3288 1388 3357 ψυχή
1435 3304 1538 3357 μου
1580 3288 1756 3340 ὀπίσω

172 3403 301 3440 σου’
340 3405 359 3436 ι
394 3385 490 3438 καὶ
522 3382 757 3453 ἀλλαχοῦ
799 3383 974 3450 λέγων
1006 3398 1021 3413 ο
1055 3400 1073 3432 ι
1127 3380 1426 3449 Ἐξεκαύθη
1556 3379 1755 3448 καρδία

173 3493 300 3544 μου,
332 3474 431 3527 καὶ
466 3474 516 3526 οί
570 3471 757 3540 νεφροί
796 3489 898 3542 μου
933 3469 1328 3540 ἡλλοιὼθησαν.
1382 3468 1440 3520 '0
1480 3468 1613 3530 Θεὸς
1656 3468 1757 3536 τῆς

171 3567 406 3637 καρδίας
431 3583 558 3635 μου,
589 3566 685 3617 καὶ
708 3567 741 3633 ἠ
778 3564 937 3632 μερίς
966 3580 1091 3631 μου,
1117 3562 1147 3613 ὁ
1168 3561 1321 3622 Θεὸς,
1343 3560 1423 3623 είς
1445 3559 1536 3613 τὸν
1558 3559 1752 3617 αἰῶνα,

168 3661 253 3711 ὅτι
278 3656 538 3710 ἐπιποθεῖ
571 3656 661 3707 καὶ
702 3654 948 3707 ἐκλείπει
979 3656 1011 3723 ἡ
1044 3653 1189 3722 ψυχή
1225 3669 1328 3720 μου
1354 3652 1433 3713 είς
1461 3650 1560 3712 τὰς
1583 3650 1755 3712 αὐλὰς

166 3750 267 3803 τοῦ
304 3748 538 3817 Κυρίου.
587 3746 651 3798 'll
699 3746 898 3815 καρδία
932 3761 1034 3812 μου
1062 3745 1155 3797 καὶ
1197 3744 1230 3813 ἡ
1267 3740 1405 3812 σάρξ
1441 3759 1543 3809 μου
1583 3742 1757 3810 ἠγαλ-

168 3841 436 3894 λιάσαντο
461 3841 555 3891 ἐπὶ
588 3838 708 3907 Θεῷ
738 3838 922 3901 ζῶντν
939 3857 958 3888 ι
984 3836 1237 3889 τοσοῦτον
1263 3836 1401 3906 πρὸς
1430 3836 1563 3888 Θεὸν
1589 3836 1755 3888 πόθον

169 3937 268 3988 καὶ
296 3934 516 4002 δάκρυα
552 3927 697 4000 εἶχεν
722 3933 755 4001 ἡ
784 3930 931 4001 ψυχὴ
957 3929 1054 3982 τοῦ
1084 3929 1417 3990 Ψάλλοντος’
1454 3945 1473 3977 ι
1508 3929 1605 3979 Ὃν
1631 3927 1755 3995 τρό-

171 4046 275 4081 πον
310 4024 572 4079 ἐπιποθεῖ
604 4026 637 4092 ἡ
695 4024 889 4092 ἔλαφος
940 4024 1032 4075 ἐπὶ
1078 4022 1179 4084 τὰς
1220 4022 1403 4092 πηγὰς
1458 4021 1567 4072 τῶν
1625 4020 1754 4073 ὑδά-

168 4137 303 4180 των,
329 4118 507 4180 οὕτως
544 4116 794 4168 ἐπιποθεῖ
836 4116 870 4185 ὴ
914 4114 1060 4185 ψυχή
1115 4132 1216 4183 μου
1271 4114 1411 4183 πρὸς
1457 4114 1535 4175 σὲ,
1562 4115 1591 4166 ὁ
1621 4112 1755 4175 Θεὸς

174 4210 351 4280 ἡμῶν.
386 4227 405 4260 ι
445 4209 601 4277 Τάχα
621 4208 893 4274 ἀγνοεῖται
924 4208 1038 4269 τοῖς
1070 4205 1285 4268 πολλοῖς
1314 4205 1470 4275 ἡμῶν
1500 4206 1569 4257 τὰ
1598 4204 1754 4273 λεγόο

171 4320 333 4371 μενά.
375 4301 521 4353 Ἀλλ’
548 4300 650 4352 οὐκ
687 4298 910 4366 ὠφελεῖο
951 4296 1074 4350 οὔτε
1099 4297 1209 4368 γάρ
1246 4299 1374 4367 περὶ
1426 4298 1755 4367 πράγματος

168 4396 300 4460 ὑμῖν
331 4390 701 4460 διαλεγόμεθα
735 4391 815 4451 είς
838 4390 938 4458 τὴν
966 4389 1204 4442 ἄϐυσσον
1232 4388 1405 4452 ὄντος,
1463 4389 1582 4441 οὐδὲ
1624 4389 1753 4457 περὶ

166 4486 345 4548 εἴδους
379 4487 461 4547 είς
492 4483 589 4545 τὰς
619 4482 727 4535 τῶν
776 4480 1067 4551 βαρϐάρων
1092 4481 1331 4549 ἐρήμους
1358 4481 1750 4551 εὑρισκομένου

1866 2001 2100 2057 ctionem
2153 2015 2205 2057 et
2241 2006 2528 2076 lacrymas.
2584 2006 2753 2062 Porro
2801 2010 3067 2082 lacrymas
3129 2014 3270 2079 dico,
3317 2030 3438 2083 qua:

1870 2093 1977 2146 Deo
2008 2106 2381 2149 consentanea:
2421 2107 2569 2151 sunt.
2602 2098 2736 2153 Nam
2780 2112 2905 2155 sunt
2945 2104 3109 2158 etiam
3160 2107 3438 2160 naturales

1868 2183 2135 2256 lacrymzc,
2169 2187 2357 2253 quales
2384 2188 2658 2245 fundimus
2697 2209 2857 2261 super
2881 2204 3120 2251 mortuos
3155 2214 3168 2250 :
3215 2209 3342 2253 sunt
3383 2209 3438 2253 et

1867 2273 2116 2345 lacrymze
2158 2277 2446 2342 Satauiczc,
2474 2294 2609 2348 quas
2647 2282 2822 2336 inanis
2857 2285 3040 2352 glorise
3098 2304 3160 2341 ae
3187 2288 3433 2343 Satanici

1865 2368 2065 2421 amoris
2094 2384 2255 2423 causa
2280 2373 2536 2426 emittunt
2564 2374 2749 2443 aliqui.
2783 2375 2920 2430 Sunt
2941 2386 2995 2431 et
3034 2394 3099 2432 ex
3145 2380 3432 2447 ebrietate,

1862 2473 1927 2511 ac
1981 2459 2294 2514 deliciarum
2338 2464 2508 2517 nimio
2540 2465 2764 2520 humore
2801 2468 3126 2537 profluentes
3160 2472 3435 2544 lacrymm.

1864 2550 2105 2619 Denique
2146 2565 2272 2606 sum
2316 2555 2568 2625 lacrynnc
2620 2559 2978 2628 purgatriccs,
3018 2577 3141 2631 qua:
3198 2579 3322 2619 eum
3366 2581 3435 2620 ex

1867 2639 1956 2693 Dei
2018 2643 2231 2707 timore,
2280 2653 2391 2698 tmn
2419 2663 2482 2701 ev
2531 2653 2725 2703 mortis
2765 2653 3265 2723 suppliciorumque
3294 2659 3435 2727 cogi-

1866 2732 2069 2788 tationc
2148 2737 2301 2791 nobis
2357 2740 2681 2794 oboriuntur
2740 2758 2753 2794 :
2805 2744 3094 2812 inquibus
3146 2749 3189 2800 si
3247 2765 3437 2818 persc-

1863 2837 2109 2880 vercmus
2161 2842 2223 2880 ac
2285 2828 2608 2894 laboremus,
2637 2834 2777 2887 haud
2827 2834 2992 2891 dubie
3048 2840 3114 2892 ad
3160 2842 3434 2910 spiritales

1862 2913 1982 2968 illas
2047 2918 2455 2986 perveniemus;
2513 2937 2617 2976 non
2680 2922 2791 2991 jam
2848 2926 3096 2983 timorem
3150 2930 3433 3001 habentes,

1860 3006 1956 3060 sed
2005 3008 2336 3064 desiderium
2404 3013 2456 3066 in
2526 3013 2691 3069 Deum
2750 3032 2847 3086 per
2900 3022 3325 3081 consolationem
3376 3037 3434 3083 et

1862 3096 2298 3165 illustrationem,
2327 3117 2390 3156 ac
2410 3105 2824 3161 exsultationem
2853 3114 3024 3164 sancti
3067 3114 3321 3182 Spiritus.

1784 3217 1827 3275 α
1935 3187 2093 3243 Tales
2114 3190 2380 3260 lacrymas
2412 3210 2474 3246 ex
2500 3196 2681 3249 divino
2706 3196 2755 3249 in
2780 3196 2947 3253 Deum
2973 3201 3243 3260 desiderio
3292 3206 3434 3261 fudit

1860 3282 1950 3350 qui
1972 3283 2108 3336 dixit
2137 3301 2150 3335 :
2187 3301 2206 3334 ι
2245 3282 2481 3340 ΑαΙιιυεῖι
2509 3288 2690 3342 anima
2732 3307 2847 3344 mea
2876 3303 3000 3363 post
3026 3303 3076 3348 te
3092 3295 3202 3360 ⁸α;ι
3229 3299 3431 3368 quique

1858 3373 1966 3427 alio
2006 3375 2123 3429 loco
2159 3376 2291 3429 dicit
2323 3392 2339 3431 :
2377 3395 2396 3426 σ
2435 3376 2830 3436 lnllammatum
2880 3396 2964 3438 est
3016 3402 3113 3440 cor
3145 3404 3342 3456 meum,
3376 3402 3434 3445 ct

1860 3481 2015 3520 renes
2046 3468 2148 3521 mei
2175 3467 2446 3521 immutati
2475 3480 2601 3523 sunt
2636 3489 2649 3524 :
2694 3472 2834 3527 Deus
2872 3478 3052 3531 cordis
3081 3480 3183 3534 mei
3214 3490 3269 3535 et
3302 3499 3430 3551 pars

1857 3573 1975 3611 mea
2012 3558 2150 3613 Deus
2199 3559 2251 3612 in
2298 3570 2557 3614 aeternum
2610 3564 2653 3593 ⁰¹
2706 3582 2719 3617 :
2757 3570 3093 3636 concupiscit
3138 3582 3193 3625 et
3248 3575 3433 3628 deficit

1857 3664 2035 3701 anima
2092 3665 2208 3702 mea
2246 3651 2297 3704 in
2339 3654 2474 3705 atria
2532 3654 2764 3710 Domini.
2806 3657 2914 3713 Cor
2954 3677 3133 3716 meum
3184 3674 3239 3719 et
3301 3682 3431 3721 caro

1858 3754 1974 3791 mea
2027 3741 2437 3796 exsultaverunt
2469 3744 2521 3797 in
2585 3744 2755 3799 Deum
2807 3749 2986 3804 vivum
3034 3752 3079 3782 δ’
3142 3771 3158 3808 ;
3219 3775 3237 3807 ι
3277 3766 3430 3813 tante

1858 3829 1908 3880 iu
1957 3830 2120 3884 Deum
2177 3832 2445 3888 desiderio
2510 3837 2763 3903 habebat,
2824 3842 3098 3911 tantisque
3152 3846 3433 3918 lacrymis,

1857 3919 2051 3975 l‘saltis
2088 3923 2348 3977 animus:
2404 3942 2423 3975 ι
2477 3926 2942 3993 Quemadmodum
2990 3937 3262 3991 desiderat
3303 3955 3431 3993 cer-

1857 4027 1954 4067 vus
1985 4015 2049 4066 ad
2082 4013 2261 4068 fontes
2306 4032 2591 4084 aquarum,
2628 4021 2701 4073 ita
2750 4023 3024 4078 desiderat
3069 4027 3248 4081 anima
3302 4046 3427 4084 mea

1855 4107 1922 4157 ad
1983 4114 2074 4170 te,
2133 4105 2278 4160 Deus
2341 4120 2527 4163 n05ter
2583 4110 2650 4166 ⁸³,
2716 4132 2732 4163 ι
2793 4112 2973 4183 Ignota
3017 4129 3143 4172 sunt
3202 4120 3431 4176 fortasse

1856 4194 2127 4264 plerisque
2194 4205 2457 4261 vestrum,
2505 4215 2625 4267 qua:
2672 4203 2945 4258 dicuntur.
2991 4204 3143 4261 llaud
3183 4225 3312 4263 vero
3356 4213 3427 4265 ita

1854 4299 2032 4354 opera:
2086 4289 2318 4354 pretium
2372 4297 2476 4341 est.
2538 4288 2655 4343 Non
2725 4294 2870 4346 enim
2909 4296 3183 4351 vobiscum
3251 4301 3316 4354 de
3371 4318 3429 4355 re

1856 4376 2037 4446 aliqua
2061 4379 2402 4447 disputamus
2442 4380 2494 4434 in
2544 4383 2740 4451 abysso
2772 4386 2969 4452 posita,
3002 4398 3096 4441 aut
3146 4404 3265 4458 quae
3319 4410 3425 4445 nuu

1857 4469 1958 4523 nisi
2021 4472 2074 4524 in
2143 4472 2498 4526 barbarorum
2559 4475 2960 4542 solitudinibus,
3025 4481 3185 4548 idque
3240 4484 3429 4537 admo-

168 4578 437 4638 σπανίως.
496 4573 633 4627 ἀλλὰ
708 4574 836 4643 περὶ
891 4572 1218 4643 πράγματος
1292 4572 1423 4639 ύμῖν
1480 4572 1751 4640 λαλοῦμεν

1856 4561 1980 4617 dum
2018 4579 2160 4628 raro,
2196 4564 2507 4619 inveniatur
2560 4583 2575 4619 :
2611 4569 2703 4621 sed
2756 4571 2823 4623 de
2873 4586 2949 4634 re,
2983 4586 3102 4639 quae
3146 4575 3301 4628 nobis
3338 4578 3425 4628 in-

166 4666 316 4718 ῐνδον
347 4665 407 4715 ἐν
431 4663 626 4732 mpii;
648 4663 754 4715 ὑπὸ
774 4662 1014 4732 Χριστοῦ
1037 4664 1172 4730 ἡμῖν
1195 4660 1442 4722 δοθέντος
1463 4659 1555 4711 τοῦ
1575 4661 1754 4712 εἰπόν-

165 4774 277 4822 τος·
312 4774 333 4807 ι
381 4756 447 4807 ἐἰ
487 4754 737 4824 βασιλεία
761 4760 870 4805 τῶν
894 4753 1140 4824 οὐρανῶν
1169 4752 1315 4813 ἐντὸς
1344 4752 1503 4820 ἡμῶν
1527 4753 1694 4817 ἐστιν,
1727 4770 1746 4804 ι

165 4851 341 4919 ἤγουν
371 4846 436 4898 τὸ
465 4845 688 4915 Πνεῦμα
717 4845 777 4898 τὸ
821 4846 997 4912 ἅγιον,
1043 4845 1226 4897 τίκτον
1256 4843 1383 4911 ὑμῖν
1433 4844 1748 4907 κατάνυξιν,

167 4940 262 4992 καὶ
290 4938 531 5006 δάκρυα,
564 4937 700 5006 πρὸς
733 4937 950 5005 ἄφεσιν,
976 4936 1072 4988 καί
1101 4935 1485 5004 ἁναγέννησιν,
1528 4936 1621 4988 καὶ
1652 4936 1747 4988 λύ-

166 5047 377 5100 τρωσιν
413 5028 723 5098 ἁμαρτιῶν.

236 5120 471 5189 Μεγάλη
507 5120 687 5171 τοίνυν
711 5118 819 5172 τῶν
849 5118 990 5172 κατὰ
1029 5119 1161 5171 Θεὸν
1205 5119 1459 5190 δακρύων
1492 5122 1524 5189 ἡ
1568 5120 1745 5189 ίσχὺς,

170 5212 385 5281 μεγάλη
418 5210 654 5280 mqu
683 5211 952 5280 ἐνέργεια,
985 5212 1080 5263 καὶ
1112 5212 1392 5282 μάρτυρες
1434 5214 1492 5265 ἐν
1519 5214 1586 5280 τῇ
1635 5212 1747 5264 Πα-

168 5306 298 5376 λαιᾷ
325 5302 631 5366 Νινευῗται,
677 5303 946 5365 Ἐζεκίας,
979 5303 1469 5373 Ναϐουχοδονόσορ,
1519 5305 1743 5357 Μανασ·

170 5394 292 5463 σῆς.
321 5393 450 5465 [Ἐν
486 5392 545 5446 δὲ
581 5395 648 5463 τῇ
676 5393 811 5464 Νέᾳ,
857 5392 1060 5465 Πέτρος
1086 5395 1175 5448 διὰ
1197 5395 1452 5464 δακρύων
1484 5396 1575 5448 τὸν
1609 5395 1743 5449 Θεὸν

172 5485 485 5555 ﬁco-Spatia;
523 5486 617 5538 καὶ
642 5484 738 5554 τὴν
770 5485 997 5557 ἄρνησιν
1030 5487 1349 5558 θεραπεύων
1375 5505 1388 5516 ·
1432 5488 1631 5558 πόρνη,
1655 5488 1747 5541 δάε

240 5643 285 5672 ”
317 5640 461 5697 Psal.
490 5598 626 5706 ιέιι,
652 5640 707 5695 9.
804 5641 846 5673 ⁶¹
881 5640 1022 5697 Psal.
1066 5658 1237 5707 um,
1277 5642 1369 5700 2|.
1401 5644 1495 5697 26.

177 5712 219 5739 "
248 5709 394 5766 Iona
424 5726 487 5776 ιι,
521 5712 577 5765 6.
655 5710 702 5742 “
733 5710 1181 5780 lsa.-uxvm,2.
1259 5713 1301 5745 ⁸⁷
1333 5712 1467 5769 Dan.
1499 5729 1569 5779 ιν,
1600 5714 1688 5769 51.

244 5852 268 5891 ι
296 5849 424 5921 Leg.
457 5848 798 5919 φιληδονίας.

1600 5644 1642 5674 ⁶²
1674 5642 1819 5699 Psal.
1884 5659 2112 5704 Lxxxut,
2147 5646 2199 5707 3,

1766 5715 1812 5747 “
1840 5712 1877 5768 ll
1910 5714 2084 5768 l’aral.
2120 5728 2308 5781 χχχιιι,
2333 5716 2416 5771 13.

1858 4665 1943 4711 tus
2004 4658 2054 4709 in
2096 4660 2259 4711 corde
2314 4658 2438 4711 data
2489 4669 2576 4713 est
2626 4675 2654 4712 a
2706 4660 2928 4715 Christo
2963 4664 3216 4720 dicente:
3261 4687 3278 4716 ι
3324 4667 3427 4721 Βρ-

1856 4766 2018 4819 gnum
2048 4751 2308 4803 caelorum
2361 4752 2503 4804 intra
2543 4767 2636 4806 vos
2668 4762 2749 4806 est
2782 4756 2827 4785 εδ
2855 4772 2869 4819 ;
2904 4774 2921 4805 ι
2949 4756 3000 4808 id
3041 4766 3145 4822 est,
3192 4760 3427 4828 Spiritus

1855 4850 2093 4903 sanctus,
2131 4841 2183 4893 in
2224 4841 2377 4894 vobis
2428 4843 2894 4910 compunctionem
2948 4861 3009 4899 ac
3041 4847 3326 4918 lacn-vinas,
3355 4853 3421 4905 ad

1855 4934 2229 4988 remissionem
2282 4944 2337 4989 et
2381 4936 2842 5004 regenerationem
2882 4953 2945 4992 ac
3001 4941 3421 5011 redemptionem

1852 5037 2196 5095 peccatorum
2255 5027 2495 5097 gignens.

1922 5118 2109 5187 Magna
2145 5120 2326 5188 itaque
2373 5119 2754 5189 lacrytnarum,
2811 5138 2931 5190 qua:
2976 5123 3192 5190 quidem
3229 5126 3417 5192 pietati

1852 5220 2181 5279 congruunt,
2222 5212 2346 5274 vis;
2376 5226 2567 5280 magna
2604 5210 2861 5266 efficacia.
2904 5211 3093 5267 Testes
3128 5215 3179 5267 in
3208 5216 3420 5272 'Veteri

1852 5304 2065 5373 quidem
2089 5302 2460 5365 Testamento,
2480 5301 2731 5356 Ninivitic
2753 5304 2818 5367 ⁸⁵,
2848 5304 3104 5359 Ezechias
3135 5308 3201 5370 “,
3237 5307 3445 5360 Nabu-

1850 5395 2197 5449 chodonosor
2215 5396 2283 5457 ",
2303 5394 2579 5449 Mauasses
2595 5396 2661 5449 ⁸⁸.
2690 5394 2743 5448 1η
2783 5395 2937 5449 Νονο
2958 5408 3159 5464 autem,
3191 5397 3415 5462 Petrus,

1856 5488 1948 5557 qui
1989 5487 2177 5557 utique
2201 5488 2557 5557 lacrymarum
2586 5490 2634 5541 vi
2674 5487 2839 5542 Deum
2877 5490 3141 5560 placavit,
3176 5505 3239 5545 ac
3271 5493 3416 5560 quod

2306 5646 2348 5675 ⁸⁵
2393 5645 2532 5701 Psal.
2601 5662 2705 5711 xu,
2751 5647 2804 5701 2.
2910 5648 2954 5679 “
2989 5645 3118 5703 Luc.
3152 5663 3282 5712 xvn,
3316 5647 3408 5701 '21.
