4186 6442
236 397 383 461 1109

1412 399 1693 461 ORATIO
1735 400 1815 460 IN
1856 400 2217 461 PSALMUM
2261 402 2357 462 VI.

3372 404 3509 480 tuo

249 510 310 562 Ὀ
337 510 395 562 δὲ
428 507 728 572 ἐπίσκοπος
761 510 1022 574 ἀκούσας,
1051 508 1299 573 στενάζει
1335 510 1485 577 μέγα
1519 512 1583 563 ἐκ
1606 509 1814 579 βάθους,

1934 508 2042 564 alio
2081 527 2146 566 ex
2188 511 2354 566 corde
2401 513 2563 571 ducto
2597 516 2853 586 suspirio,
2895 518 3228 589 subindeqne
3268 523 3509 586 lit-litem.

237 599 364 654 εἶτα
396 601 626 672 δακρύει
657 599 828 652 εἰπὼν
847 600 981 669 πρὸς
1021 600 1302 670 Ἰωάννην·
1330 619 1347 651 i
1387 600 1662 668 Τέθνηκεν
1682 604 1824 654 ὲκεῖο

242 713 353 758 νος,
397 715 415 748 ι
458 695 642 764 φησίν.
688 693 745 745 ’0
776 694 831 746 δὲ
891 693 1143 764 Ἰωάννης
1189 696 1326 765 πρὸς
1373 694 1557 748 αὐτόν·
1602 715 1619 746 i
1676 695 1823 760 Πῶς,

238 788 496 857 φησὶν,ῆ
536 786 673 855 ποίῳ
709 785 961 856 οανάτ‹;›;
1008 806 1025 837 ι
1079 787 1137 838 ὐ
1189 786 1245 840 δὲ
1294 788 1615 851 ἐπίσκοπος·
1658 807 1674 839 i
1722 789 1825 842 Τὸν

239 881 340 950 τῆς
372 880 553 949 ψυχῆς
586 879 813 950 τέθνηκε
875 880 1109 933 Θάνατον
1140 899 1154 911 ο
1204 882 1388 951 ἀπέϐη
1442 884 1548 953 γάρ
1588 883 1826 954 πονηρὸς

238 974 609 1039 ἐξωλέστατος
639 990 650 1001 ·
690 974 783 1026 καὶ
805 974 865 1025 τὸ
888 972 951 1043 δὴ
984 973 1181 1045 πέρας,
1233 974 1439 1046 λῃστὴς
1470 977 1701 1045 ἁπεινὴς
1734 994 1828 1029 καο

238 1068 431 1135 τέστη.
471 1084 491 1118 ι
533 1066 640 1119 Καὶ
692 1066 826 1136 πρὸς
856 1066 1031 1117 ταῦτα
1076 1068 1103 1118 ὁ
1152 1066 1405 1138 Ἰωάννης
1438 1067 1513 1139 τῷ
1543 1069 1826 1139 ἐπισκόπῳ

240 1160 378 1229 φησί
403 1176 417 1190 ⁸
455 1179 473 1210 ι
510 1160 690 1213 Καλόν
721 1177 799 1224 σε,
828 1154 873 1212 ὦ
896 1160 1188 1222 ἐπίσκοπε,
1217 1161 1433 1228 φύλακα
1455 1162 1554 1231 τῆς
1579 1162 1673 1216 τοῦ
1700 1182 1827 1216 παι-

237 1252 329 1316 δὸς
380 1253 562 1323 ψυχῆς
632 1252 1069 1305 κατεπίστευσα·
1115 1253 1280 1305 καλὸν
1330 1271 1387 1306 σε
1440 1255 1673 1324 ποιμένα
1729 1255 1823 1309 τοῦ

237 1349 524 1418 προϐάτου
548 1346 643 1400 τοῦ
676 1347 914 1418 Χριστοῦ
936 1350 1212 1418 πεποίηκα
1236 1366 1251 1412 ',
1295 1350 1455 1403 Ἀλλά
1478 1352 1527 1403 εἰ
1559 1350 1825 1422 πάρεστιν

238 1440 371 1508 ὑμῖν
401 1439 498 1491 νῦν
538 1440 725 1503 ἵππος,
757 1443 853 1492 καὶ
882 1442 980 1507 τῆς
1008 1441 1131 1493 ὁδοῦ
1155 1458 1301 1505 τινες
1318 1442 1523 1512 ὁδηγοὶ,
1554 1444 1655 1513 τῆς
1681 1444 1824 1496 άπα-

234 1530 444 1600 γούσης
474 1532 660 1585 ἕνεκεν
683 1530 778 1584 τοῦ
812 1532 999 1595 παιδός
1027 1550 1039 1597 ;
1073 1553 1089 1585 ι
1139 1535 1344 1587 Λοιπὸν
1361 1533 1437 1597 ὡς
1465 1531 1612 1605 εἶχεν
1646 1536 1825 1589 Ἰωάν-

234 1638 336 1691 νης
364 1622 555 1674 αὑτὸοι
584 1622 693 1675 άπὸ
752 1624 854 1693 τῆς
917 1624 1246 1694 Ἐκκλησὶας
1279 1626 1357 1695 τῷ
1409 1626 1566 1696 ἵππῳ
1604 1626 1822 1690 ἐπιϐάς,

233 1715 502 1785 ἀκρατῶς
532 1715 759 1785 ῆλαυνε,
804 1717 864 1769 τὸ
903 1716 1179 1785 πλανηοὲν
1214 1718 1488 1788 πρόϐατον
1518 1719 1821 1773 ἀνακαλού-

236 1824 425 1877 μενος.
476 1808 587 1860 Καὶ
616 1808 679 1878 δὴ
739 1809 953 1877 φθάσας
991 1810 1062 1862 τά
1102 1809 1202 1881 ὅρη
1253 1810 1381 1863 ἔνθα
1425 1811 1485 1863 τὸ
1527 1812 1822 1882 λῃστήριον
1854 1863 1894 1917 Β

234 1900 479 1971 ὑπῆρχε,
506 1903 793 1971 κρατεῖται
830 1901 936 1955 ὑπὸ
964 1902 1060 1972 τῆς
1088 1902 1341 1973 φυλακῆς
1398 1903 1567 1973 μηδὲν
1609 1904 1811 1956 ἀντιλέο

233 2008 371 2059 γων,
394 1993 528 2062 μηδὲ
550 1993 911 2064 λυπούμενος,
930 1995 1066 2048 ἀλλά
1094 1995 1254 2064 βοῶν⁹
1294 2014 1311 2047 ι
1352 1997 1477 2049 Ἐπὶ
1510 1995 1669 2049 τοῦτο
1695 1998 1821 2067 ἐλή-

233 2084 397 2144 λυθα,
411 2085 549 2155 πρὸς
564 2086 654 2137 τὸν
673 2088 910 2155 ἄρχοντα
926 2087 1081 2157 ὑμῶν
1095 2088 1334 2157 ἀγάγετὲ
1356 2106 1445 2158 με.
1462 2108 1481 2140 ›
1502 2091 1559 2142 ὐ
1574 2091 1629 2143 δὲ
1647 2092 1823 2161 εἱστή-

231 2193 324 2229 κει
366 2178 709 2248 ὡπλισμένος
735 2196 747 2208 ·
784 2178 878 2231 καὶ⁹
916 2179 990 2241 ὡς
1025 2180 1185 2250 μόνον
1215 2181 1482 2234 ἐθεάσατο
1506 2184 1596 2235 τὸν
1639 2181 1818 2235 Ἰωάν-

232 2287 337 2339 νην
396 2270 535 2338 πρὸς
592 2272 757 2324 αὑτὸν
808 2272 1129 2342 ἐρχόμενον,
1177 2272 1446 2337 αἰδεσθεὶς
1514 2278 1595 2337 εἰς
1642 2276 1821 2343 φυγὴν

229 2357 519 2428 ἐτρέπετο.
570 2360 629 2411 ὐ
656 2360 712 2412 δὲ
750 2361 1009 2431 Ἰωάννης
1048 2362 1240 2433 ὥσπερ
1279 2364 1373 2417 τοῦ
1405 2366 1594 2434 γήρως
1631 2367 1822 2418 ἐπιλαο

229 2451 488 2520 θὸμενος,
525 2452 785 2522 ἀκρατῶς
807 2452 898 2506 τὸν
928 2454 1092 2507 παῖδα
1111 2455 1410 2508 κατεδίωκε
1451 2457 1653 2524 λέγων’
1694 2476 1712 2509 ι
1754 2458 1819 2511 Τί

230 2540 481 2611 φεύγεις,
502 2543 717 2608 τέκνον,
758 2542 850 2597 τὸν
872 2544 965 2598 σον
990 2546 1236 2617 πατέρας
1259 2547 1322 2598 Τί
1354 2564 1444 2617 μοι
1476 2548 1679 2613 κόπους
1711 2566 1817 2602 πα-

231 2634 450 2704 ρέχεις
488 2635 749 2707 Ἐλέησόν
784 2654 850 2707 με
873 2638 963 2689 τὸν
1013 2639 1189 2705 ξένον,
1225 2639 1319 2692 τὸν
1343 2641 1569 2711 γυμνὸν,
1592 2641 1685 2694 τὸν
1721 2642 1819 2710 γέ·-

241 2744 432 2798 ροντα,
459 2730 553 2783 τὸν
575 2728 857 2793 ἀδύνατον,
894 2730 986 2783 τὸν
1018 2732 1251 2801 πτωχόν.
1291 2732 1480 2801 Στῆθι,
1514 2732 1589 2803 μὴ
1616 2732 1814 2801 φοϐοῦ·

239 2815 390 2885 ἔχεις
420 2816 612 2869 ἐλπίδα
645 2818 951 2888 σωτηρίας·
998 2817 1109 2885 ἐγὼ
1155 2819 1294 2889 ὑπὲρ
1347 2818 1442 2872 σοῦ
1486 2821 1820 2891 ἀπολογήσο-

232 2926 334 2979 μαι
358 2926 374 2940 ’
417 2909 530 2977 ἐγὼ
554 2910 652 2981 τὴν
682 2910 859 2981 ψυχήν
889 2928 994 2980 μου
1027 2912 1164 2983 ὑπὲρ
1193 2912 1288 2965 σοῦ
1333 2912 1504 2983 Θήσω,
1536 2913 1613 2976 ὼς
1648 2914 1676 2965 ὁ
1705 2915 1819 2966 Κύ-

231 3018 347 3072 ριος
372 3002 511 3072 ὑπὲρ
530 3002 708 3074 ἡμῶν.
730 3004 822 3073 Μὴ
840 3003 1033 3071 φοϐοῦ,
1064 3004 1277 3069 τέκνον,
1312 3005 1491 3075 στῆθιο
1520 3005 1819 3061 Πίστευσόν

231 3110 346 3163 μοι·
382 3096 411 3146 ὁ
439 3094 675 3165 Χριστός
708 3112 775 3164 με
808 3094 1155 3160 ἀπέστειλεν,
1191 3096 1387 3165 ἄφεσίν
1430 3115 1511 3150 σοι
1563 3100 1818 3169 ἐπιφερό-

1927 602 2120 657 Joanni
2155 606 2357 662 dixisse
2379 624 2423 660 τι
2447 624 2569 662 eum
2597 610 2710 678 jam
2744 622 3009 668 mortuum
3040 630 3217 671 esse.»
3236 621 3317 673 Ad
3342 639 3504 690 quem

1927 692 2188 748 Joannem
2242 716 2254 752 :
2314 717 2333 751 ι
2373 697 2683 765 Quomodo,
2732 702 2938 773 inquit,
2995 715 3218 774 antqua
3292 712 3507 767 tandem

1928 790 2138 843 morte?
2175 808 2194 841 ›
2233 792 2313 846 Ad
2344 808 2506 862 quem
2533 795 2845 865 episcopum
2880 814 2896 851 :
2927 814 2947 848 ι
2991 796 3250 866 Mortuus,
3306 804 3505 875 inquit,

1928 890 2011 936 est
2042 893 2217 937 morte
2246 886 2440 940 anima:
2476 903 2492 952 ;
2527 887 2725 957 quippe
2768 887 2949 944 factus
2977 898 3061 944 est
3116 890 3392 963 improbus
3447 915 3509 956 ac

1928 975 2365 1043 perditissimus:
2410 994 2473 1034 ac
2520 981 2736 1035 tandem
2798 982 2849 1035 in
2896 983 3187 1043 immanem
3240 990 3507 1050 latronem

1928 1068 2214 1134 promovit.
2256 1086 2277 1122 ι
2309 1069 2389 1123 Αι]
2417 1071 2530 1127 luce
2554 1073 2816 1129 Joannem
2842 1078 3093 1150 episcopo
3128 1100 3141 1137 :
3176 1101 3194 1136 ι
3222 1083 3508 1156 Egregium

1931 1161 2141 1215 scilicet
2171 1172 2243 1226 te,
2281 1163 2483 1233 inquit,
2516 1168 2840 1238 oepiscope,
2877 1172 3075 1229 animae
3112 1178 3266 1246 pueri
3317 1190 3506 1236 custo-

1929 1253 2049 1305 dem
2100 1253 2317 1321 pra:l'eci
2350 1275 2382 1325 ,ε
2421 1258 2702 1326 egregium
2750 1268 2801 1314 te
2847 1274 3123 1330 pastorem
3164 1274 3277 1325 ovis
3304 1272 3506 1331 Christi

1928 1343 2072 1397 feci?
2105 1345 2208 1401 seu
2230 1351 2470 1418 nunquid
2505 1367 2726 1421 equum,
2758 1356 2954 1427 inquit,
2979 1379 3123 1419 nunc
3146 1366 3382 1433 aliquem
3412 1370 3508 1424 lia-

1935 1438 2096 1503 betis,
2121 1450 2176 1493 et
2207 1441 2419 1496 itineris
2447 1443 2634 1510 duces,
2663 1448 2754 1515 qui
2800 1465 2888 1504 me
2934 1454 3001 1506 ad
3039 1456 3295 1523 juvenem
3341 1460 3507 1515 dedu-

1927 1532 2093 1584 cant?
2129 1549 2147 1581 ι
2179 1531 2297 1587 llos
2338 1549 2466 1589 vero
2492 1534 2754 1595 Joannem
2792 1542 2991 1598 ibidem
3022 1548 3089 1601 ab
3119 1550 3347 1606 ecclesia
3373 1569 3505 1607 con-

1926 1635 2123 1676 scenso
2153 1639 2314 1690 equo,
2345 1626 2394 1679 vi
2435 1636 2542 1681 tota
2582 1630 2860 1700 impulisse
2897 1638 3269 1707 requirentem
3311 1661 3506 1699 errau-

1928 1720 2033 1767 tem
2066 1728 2243 1768 ovcm.
2284 1717 2418 1769 Cum
2444 1717 2557 1787 jam
2580 1732 2763 1775 autem
2800 1726 2867 1778 ad
2902 1738 3117 1784 montes
3143 1736 3504 1801 pervenisset,

1927 1803 1979 1857 in
2016 1806 2213 1874 quibus
2264 1807 2534 1864 latronum
2573 1812 2795 1868 latibula
2846 1828 3034 1889 erant,
3075 1837 3383 1895 correptum
3438 1836 3508 1884 ab

1924 1895 2169 1951 excubiis
2194 1911 2316 1953 esse
2355 1899 2489 1953 nihil
2512 1900 2775 1969 invitum,
2818 1917 2912 1962 aut
2953 1924 3013 1966 se
3052 1923 3267 1980 captum
3322 1918 3508 1975 dolen-

1928 1996 2030 2041 tem
2052 2004 2065 2051 ;
2088 1987 2179 2042 sed
2200 1989 2562 2059 clamantem,
2588 2010 2652 2049 eo
2681 1997 2787 2051 tinc
2806 2000 3022 2057 venisse
3038 2012 3202 2073 atque
3230 2010 3297 2062 ad
3318 2025 3506 2066 eorum

1925 2079 2115 2135 ducem
2173 2082 2369 2138 adduci
2425 2085 2584 2140 velle.
2648 2086 2840 2145 Stabat
2882 2104 3062 2150 autem
3098 2098 3190 2154 ille
3217 2100 3269 2154 iu
3300 2106 3505 2172 armis;

1925 2177 2092 2238 utque
2122 2178 2330 2225 tantum
2370 2175 2674 2244 aSpexisset
2707 2181 3060 2239 accedentem
3098 2188 3165 2241 ad
3189 2204 3314 2244 cum
3342 2190 3509 2250 Joan-

1924 2276 2068 2328 nem,
2090 2264 2233 2318 scuis
2254 2264 2449 2320 faciem
2487 2271 2804 2338 reveritum,
2840 2275 2893 2328 in
2924 2275 3102 2347 fugam
3120 2296 3335 2339 versum
3364 2301 3503 2343 esse.

1922 2352 2207 2421 Joannem,
2236 2368 2493 2428 tanquam
2526 2378 2639 2417 sua:
2670 2367 2849 2421 anatis
2864 2370 3118 2438 oblitum,
3151 2376 3321 2431 citato
3342 2395 3506 2437 cursu

1917 2446 2169 2514 juvenem
2191 2460 2559 2517 persecutum,
2592 2454 2646 2508 in
2675 2456 2788 2511 lucc
2813 2460 2972 2514 verba
2996 2462 3247 2521 aﬂ'antem
3281 2486 3295 2523 :
3323 2489 3340 2520 ι
3367 2471 3506 2538 Quid

1924 2537 2086 2604 fugis,
2128 2541 2224 2604 lili,
2253 2554 2463 2611 patrem
2502 2550 2694 2602 tuum?
2723 2551 2860 2617 Quid
2895 2556 3030 2610 milii
3060 2557 3303 2616 laborem
3332 2537 3465 2620 facis
3483 2566 3507 2617 ?

1924 2630 2001 2687 Te
2035 2633 2138 2686 ιιιεί
2192 2636 2449 2690 misereat
2489 2642 2785 2711 peregrini,
2847 2646 2997 2710 nudi,
3040 2650 3210 2716 senis,
3248 2652 3505 2721 imbellis,

1923 2722 2196 2791 pauperis.
2246 2724 2392 2781 Siste
2444 2730 2707 2798 gradum,
2744 2749 2812 2788 ne
2843 2734 3062 2793 timeas:
3115 2756 3368 2811 superest
3407 2749 3506 2805 tibi

1922 2814 2115 2870 salutis
2165 2831 2327 2885 spes;
2383 2834 2484 2890 ego
2528 2838 2628 2892 pro
2671 2833 2723 2879 te
2769 2830 3075 2898 excusabo;
3120 2848 3219 2904 ego
3265 2838 3505 2895 animam

1922 2922 2097 2961 meam
2122 2924 2221 2978 pro
2259 2920 2309 2964 te
2339 2926 2562 2980 ponam,
2597 2916 2741 2972 sicut
2792 2918 3188 2995 Dominusﬁpro
3225 2930 3381 2986 nobis
3410 2926 3519 3002 po-'

1920 3001 2048 3056 suit.
2084 2997 2162 3055 Ne
2193 3013 2425 3068 ructuas,
2458 3006 2564 3073 lili;
2608 3010 2737 3065 siste
2774 3028 2789 3065 :
2829 3014 2992 3070 crede
3025 3019 3190 3085 mihi;
3227 3038 3311 3078 me
3341 2997 3504 3081 Cliri-

1920 3101 2038 3146 stus
2060 3092 2224 3156 misit,
2257 3106 2315 3149 ut
2347 3097 2439 3150 tibi
2466 3110 2814 3167 peccatorum
2844 3104 3100 3161 inferrem
3126 3112 3362 3168 veniam.
3390 3115 3503 3186 Ego

230 3201 418 3253 μενον.
449 3184 591 3253 Ἐγὼ
614 3186 755 3254 ὑπὲρ
787 3185 882 3238 σοῦ
915 3187 1178 3257 ὑπομένω
1201 3186 1449 3241 θάνατον.
1469 3189 1585 3241 Ἐπ’
1607 3191 1731 3260 ἐμοὶ
1756 3190 1814 3243 τὸ

1920 3199 2018 3253 pro
2050 3193 2101 3239 te
2125 3197 2354 3241 mortem
2380 3190 2567 3245 subire
2595 3203 2822 3262 paratus
2849 3211 2993 3251 sum.
3033 3199 3089 3253 lu
3123 3218 3210 3258 me
3258 3205 3327 3259 sit
3376 3184 3504 3262 san-

225 3271 375 3347 αἷμα
395 3278 532 3348 ὅπερ
575 3278 796 3349 ἐξέχεας
818 3297 832 3311 ·
882 3279 972 3332 ἐπ’
998 3281 1123 3346 ἐμοὶ
1144 3280 1208 3333 τὸ
1232 3283 1452 3352 φορτίον
1493 3281 1601 3334 τῶν
1633 3283 1817 3353 ἀμαρ-

224 3370 362 3423 τιῶν
414 3387 509 3423 σου
551 3371 645 3424 ἐπὶ
691 3373 784 3424 τὸν
828 3372 1123 3443 τράχηλον.
1158 3392 1176 3424 ι
1236 3369 1371 3427 Εἶτα
1421 3374 1556 3445 ἔστη
1588 3377 1615 3428 ὁ
1660 3378 1811 3437 παῖς·

225 3461 427 3532 ἔρριψε
460 3462 526 3516 τά
548 3464 688 3516 ὅπλα
705 3464 924 3534 τρέμων
948 3464 1083 3534 ὁμοῦ
1102 3482 1160 3517 τε
1188 3467 1284 3520 καὶ
1314 3468 1564 3539 σφοδρῶς
1584 3469 1808 3522 κλαίωνο

224 3557 323 3609 καὶ
352 3555 419 3626 δὴ
450 3555 762 3626 προσελθὼν
788 3555 865 3626 τῷ
906 3556 1131 3627 Ἰωάννῃ
1158 3558 1459 3627 ἠσπάζετο,
1491 3563 1612 3623 ταῖς
1638 3562 1809 3632 οἰμω-

223 3650 356 3715 γαῖς
408 3648 520 3702 τῶν
578 3648 830 3718 δακρύων
898 3649 1067 3703 αὑτοῦ
1118 3650 1288 3720 μηδὲν
1324 3652 1463 3723 πρὸς
1512 3654 1812 3721 ἀπολογίαν

224 3738 570 3807 φθέγξασθαι
601 3738 923 3808 δυνάμενος,
972 3739 1136 3809 μόνον
1177 3740 1233 3793 δὲ
1285 3744 1385 3811 τὴν
1412 3742 1594 3809 δεξιάν
1644 3743 1811 3798 αὐτοῦ

221 3835 386 3902 χεῖρα
416 3831 496 3883 ἔτι
541 3830 713 3901 αὐτὴν
750 3833 1079 3902 ᾑμαγμένην
1123 3832 1367 3901 ἐκράτει.
1416 3837 1473 3887 ὐ
1510 3835 1567 3888 δὲ
1628 3837 1812 3890 Ἰωάν-

222 3941 321 3995 νης
360 3924 512 3994 παρὰ
540 3923 617 3993 τῷ
644 3923 845 3978 ἑαυτοῦ
869 3923 1099 3994 στόματι
1130 3926 1229 3994 τὴν
1260 3926 1442 3991 δεξιάν
1471 3927 1567 3981 τοῦ
1608 3930 1809 4000 λῃστοῦ

223 4022 537 4090 κατεφίλει,
569 4021 645 4085 ὡς
677 4023 782 4092 ήδη
821 4022 1219 4091 βαπτισοείσαν
1264 4028 1378 4089 τοῖς
1415 4027 1674 4098 δάκρυσι·
1717 4029 1811 4081 καὶ

219 4122 281 4173 εὑ
318 4119 591 4191 πρότερον
620 4118 836 4188 ἀπέστη
868 4120 972 4183 ἕως
1011 4119 1077 4174 ἂν
1112 4121 1203 4174 τὸν
1252 4123 1419 4176 παῖδα
1460 4123 1581 4193 μεθ’
1614 4125 1808 4178 ἑαυτοῦ

221 4214 280 4264 ἐν
295 4212 367 4279 τῇ
408 4208 707 4279 Ἐκκλησία
727 4210 1066 4278 συνήγαγεψ
1104 4208 1284 4273 διδοὺς
1316 4212 1483 4264 πᾶσιν
1503 4210 1809 4281 ὑπόδειγμα

224 4300 523 4370 μετανοίας
568 4301 915 4371 εἰλικρινοῦς,
981 4301 1075 4353 καὶ
1134 4302 1397 4372 τρόπαιον
1458 4305 1808 4369 ἀναστάσεως

220 4392 591 4463 βλεπομένης.

1920 3277 2039 3346 guis
2065 3294 2225 3347 quem
2260 3279 2535 3351 ell‘udisti;
2593 3286 2646 3339 in
2696 3301 2784 3343 me
2825 3304 2966 3346 onus
3002 3295 3244 3364 suscipio
3284 3308 3499 3354 tuorum

1918 3381 2287 3438 peccatorum,
2322 3388 2386 3428 ac
2408 3378 2675 3432 cervicem
2698 3394 2876 3435 meam
2918 3401 2965 3437 ι.
3000 3384 3137 3440 Τυω
3168 3391 3373 3447 stitisse
3411 3392 3499 3462 ju-

1918 3475 2107 3517 veneni
2144 3481 2157 3517 :
2202 3473 2547 3536 tremoreque
2580 3484 2644 3525 ac
2670 3473 2863 3541 grandi
2901 3473 3078 3542 luctu,
3115 3493 3267 3535 arma
3317 3483 3499 3554 proje-

1915 3554 2057 3610 cisse
2088 3569 2103 3609 :
2133 3564 2299 3626 atque
2326 3558 2392 3611 ad
2423 3557 2687 3615 Joannem
2718 3564 3092 3635 accedentem,
3130 3571 3495 3641 amplexatum

1915 3659 2056 3713 esse,
2091 3663 2214 3701 cum
2267 3651 2513 3714 permiSIi
2563 3654 2823 3724 lacrymis
2845 3660 3080 3727 gemitus
3099 3661 3236 3731 (25),
3274 3682 3342 3720 ne
3372 3681 3496 3723 ver-

1915 3738 2043 3793 bum
2113 3741 2330 3809 quidem
2358 3742 2427 3797 ad
2496 3744 2874 3805 defensionem
2921 3752 3172 3822 proferre
3229 3757 3496 3817 sinerent.

1917 3834 2165 3905 Tumque
2196 3837 2286 3892 ubi
2314 3846 2521 3893 tantum
2550 3841 2830 3898 dexteram
2870 3847 2987 3914 ejus
3018 3866 3241 3908 manum
3301 3860 3497 3915 etiam-

1916 3942 2042 3980 num
2066 3931 2328 4000 sanguine
2352 3942 2691 3988 cruentatam
2730 3939 3022 4007 tenuisset,
3052 3941 3317 4003 Joannem
3348 3965 3494 4007 cam-

1913 4019 2033 4072 dem
2061 4020 2140 4073 ori
2171 4021 2474 4089 admotam,
2507 4032 2765 4095 tanquam
2796 4029 3051 4101 lacn-ymis
3074 4034 3493 4096 jamintinctam

1912 4122 2075 4181 atque
2102 4123 2413 4183 purgatam,
2468 4119 2775 4174 osculatuin
2813 4136 2933 4177 esse
2955 4164 2969 4187 ,
3001 4139 3101 4180 nec
3131 4128 3283 4197 prius
3326 4133 3495 4189 desti-

1914 4204 2067 4272 tisse,
2095 4220 2259 4275 quam
2293 4221 2477 4262 secum
2503 4207 2758 4275 juvenem
2801 4213 2852 4266 iu
2907 4212 3208 4275 Ecclesiam
3250 4222 3495 4283 induxis-

1907 4304 2038 4351 set:
2090 4296 2218 4352 dato
2272 4299 2528 4354 omnibus
2573 4300 2803 4357 sincera:
2833 4305 3167 4372 poenitentia:
3220 4318 3491 4383 exemplo,

1907 4390 2272 4459 subjectzeque
2304 4391 2480 4446 oculis
2514 4407 2579 4447 ac
2611 4408 2899 4463 corporum
2932 4403 3354 4461 resurrectionis
3379 4407 3491 4478 (26)

1910 4482 2053 4538 velut
2093 4485 2324 4554 quodam
2355 4494 2539 4540 erecto
2572 4496 2794 4557 tropaeo.

1740 4644 1779 4695 Ν
1787 4641 1830 4698 Ο
1835 4643 1875 4698 Τ
1878 4641 1964 4696 ΔΞ.

290 4800 408 4872 (25)
444 4798 577 4879 Cum
630 4801 869 4880 permisi}
915 4802 1167 4889 lacryntis
1193 4804 1424 4889 gemitus
1448 4846 1463 4867 ,
1488 4815 1630 4889 etc.,
1661 4806 1798 4889 Mala
1834 4814 1877 4871 ι)
1908 4821 2090 4889 quam.
2121 4809 2325 4889 passim
2390 4810 2732 4868 ail’ectiouem
2774 4815 3012 4885 graviori
3077 4817 3257 4889 aliquo
3304 4821 3489 4889 luctu,

213 4870 493 4944 interpres
526 4870 961 4944 in_ter_pttnctione
981 4912 996 4936 ,
1031 4870 1091 4924 τὸ
1122 4870 1241 4935 ταῖς
1266 4876 1538 4944 οἰμωγαῖς
1564 4876 1673 4929 τῶν
1708 4877 1802 4930 δα-

216 4941 407 5013 κρύων
433 4938 623 5013 αὑτοῦ,
648 4940 884 5013 jungens
908 4956 1034 5013 vero
1060 4938 1364 5011 ἠσπάζετο,
1388 4938 1651 4999 absonum
1683 4962 1800 5000 sen-

215 5008 338 5065 sum
374 5010 550 5064 reddit
592 5028 605 5063 :
655 5008 936 5085 Salulabat
983 5008 1135 5085 illum
1190 5016 1382 5085 gemitu
1446 5015 1802 5085 lacrymurum

215 5095 481 5143 suarum;
536 5081 690 5148 quasi
725 5095 856 5153 vero
912 5081 1265 5153 lacrymis'ac
1309 5081 1635 5153 singultibus
1686 5103 1803 5139 am-

215 5154 550 5225 plectamur,
572 5160 665 5203 aut
694 5150 1318 5225 saluteiuus._'Eusebins
1344 5172 1357 5207 :
1401 5150 1801 5225 Ἇπολογούμε-

214 5237 306 5283 νος
346 5221 469 5282 ταῖς
503 5221 797 5288 οἰμωγαῖς,
828 5222 903 5283 ὡς
943 5222 1207 5290 ἢδύνατο’
1239 5223 1515 5279 Excnsans
1544 5221 1619 5278 act
1644 5221 1803 5280 salis-

214 5292 418 5362 fnciens
450 5293 753 5362 gemitibus,
783 5305 937 5358 prout
967 5302 1173 5356 poterat
1205 5296 1662 5362 :proliibentibus
1700 5299 1797 5351 iis-

213 5363 338 5415 dem
376 5360 561 5435 loqui,
606 5375 669 5415 ac
698 5363 879 5435 verbis
918 5378 1185 5419 excusare
1208 5406 1224 5431 ,
1247 5360 1323 5417 _ut
1371 5366 1509 5419 bene
1542 5370 1804 5435 exprimit

214 5433 495 5502 Anastasii
529 5432 909 5502 paraplirasis,
931 5442 989 5485 ut
1024 5435 1113 5488 hic
1141 5450 1169 5487 a
1205 5435 1362 5489 nobis
1395 5432 1655 5502 expressa
1693 5449 1795 5500 est,

212 5501 509 5577 et_cla_rius
538 5501 715 5577 altera
738 5502 1322 5577 editio_l{egii_codieis
1349 5523 1362 5557 :
1395 5501 1628 5577 ἰξρέμων
1659 5507 1797 5577 ὁμοῦ

212 5570 309 5622 καὶ
337 5570 546 5652 κλαίων
583 5570 865 5652 σφοδρῶς,
896 5572 972 5635 ὡς
1008 5570 1146 5652 μηδὲ
1175 5570 1524 5652 φθέῖγεοῖθὲιί
1544 5576 1648 5652 ὑπὸ
1687 5570 1796 5652 ’ἐῶῘῖ

210 5639 731 5717 δακρύων-ἰσχύειν,
763 5639 1104 5717 μάλιστατρ
1132 5639 1197 5697 ἐκ
1224 5639 1574 5709 τοῦπὲνθους
1598 5647 1795 5717 λυγμῷ

212 5709 536 5780 τῆςφωνῆς
566 5709 1029 5782 ἐπικοπτομὲνης.
1063 5713 1312 5769 Tremorc
1342 5733 1403 5769 ac
1436 5716 1563 5780 [lem
1597 5709 1791 5781 valido,

216 5790 271 5832 ut
300 5797 391 5835 nec
407 5798 519 5856 pro:
550 5783 797 5851 (acrymis
818 5783 1105 5856 quidquam
1135 5786 1290 5852 eﬁari
1322 5797 1512 5851 posset,
1539 5788 1792 5856 singultu,

218 5866 364 5919 quem
399 5849 573 5905 lui-tua
616 5849 680 5906 at?
709 5849 885 5907 ma'i‘ai
928 5849 1118 5917 {acciet
1152 5849 1187 5917 ,⁷⁷
1209 5849 1375 5910 rorem
1406 5849 1743 5914 intercidi'utc
1776 5899 1785 5910 .

1906 4879 2241 4947 experimur.
2286 4879 2573 4935 Constans.

1978 4948 2092 5024 (ἐς)
2123 4948 2488 5024 ξιιὺλεειωιμιε
2520 4953 2688 5024 oculis
2718 4971 2781 5008 ac
2821 4972 3098 5024 corporum
3134 4965 3485 5018 resurrectio-

1909 5017 2007 5073 nis.
2051 5017 2332 5098 Τρόπαιον
2363 5017 2720 5098 ἀναστάσεως
2749 5017 3115 5098 βλεπομένης.
3150 5030 3323 5093 Quam
3348 5034 3489 5087 bene

1905 5090 2113 5173 glossat
2162 5092 2487 5173 Anastasius
2534 5092 2704 5173 βριείο
2739 5090 2966 5161 codice,
3000 5090 3099 5173 pro
3141 5090 3486 5173 βλεπομένης

1905 5160 2239 5241 substituens
2281 5160 2649 5241 ἐλπιζομένης
2675 5179 2689 5193 ο
2724 5160 3218 5241 resurrectionis-in
3268 5160 3357 5237 sp'e
3387 5160 3485 5241 po:

1905 5233 2049 5310 sitat,
2074 5231 2364 5310 actutum
2390 5231 2540 5310 _illiUs
2578 5231 2995 5310 resurrectionis
3033 5231 3347 5310 corporum,
3378 5231 3483 5310 qua

1905 5302 2129 5376 omnino
2156 5301 2569 5376 immutabimnr
2607 5316 2749 5357 statu
2786 5306 3079 5361 immortali
3114 5301 3272 5372 {tam
3300 5301 3439 5367 male
3470 5356 3484 5376 ,

1905 5371 2049 5446 quod
2078 5372 2283 5446 passim
2311 5373 2471 5446 solet,
2499 5374 2715 5427 Eusebii
2753 5376 3051 5446 interpres,
3083 5384 3210 5433 dum
3243 5382 3317 5435 ita
3349 5371 3487 5436 red;

1902 5441 1982 5514 dit
2015 5442 2284 5514 ;_lllusti'c
2314 5444 2536 5511 denique
2583 5456 2840 5511 tropaeum
2888 5441 2919 5499 ἁ
2959 5452 3191 5514 peccatis
3242 5466 3485 5507 resurre-

1902 5511 2093 5563 ctionis
2125 5549 2140 5572 ,
2172 5527 2263 5575 per
2293 5522 2554 5565 exteriora
2580 5516 2904 5581 paenitentia:
2947 5511 3098 5586 signa
3118 5560 3132 5582 ,
3166 5531 3300 5584 etc.,
3334 5524 3486 5577 velut

1904 5582 2017 5649 ipsa
2053 5596 2082 5633 a
2132 5592 2374 5657 peccatis
2420 5588 2747 5657 resurrectio
2780 5602 2887 5657 per
2921 5582 3300 5657 painitentiatn
3324 5631 3337 5645 .
3396 5597 3484 5648 sui

1903 5658 2165 5727 trop_:eu_m
2200 5651 2435 5727 dicatur,
2489 5669 2597 5727 non
2634 5651 3131 5727 alterinsfsitque
3175 5675 3237 5714 ea
3291 5676 3482 5717 resur-

1901 5719 2433 5797 ιεεοιίοβλεπομένη,
2466 5726 2632 5797 oculis
2652 5726 2898 5793 ,subjccta
2932 5744 2993 5780 ac
3012 5719 3337 5797 conspicua;
3372 5747 3479 5788 nou

1898 5792 2163 5860 νοουμὲνη
2198 5831 2210 5850 ,
2234 5808 2326 5844 seu
2355 5794 2520 5861 νοητή
2553 5812 2563 5822 ·
2605 5792 2876 5853 intellectu
2905 5802 3016 5851 solo
3058 5816 3118 5852 (ut
3140 5792 3148 5797 ’
3172 5792 3342 5856 mente
3389 5819 3483 5856 cu-

1898 5862 2205 5928 gnoscibilia
2234 5878 2250 5924 _:
2280 5865 2454 5930 qualis
2480 5879 2528 5920 ct
2563 5864 2674 5933 ipsa
2705 5866 2883 5923 anima
2918 5878 3023 5935 est,
3057 5870 3208 5941 cujus
3234 5886 3482 5928 resurre~
