4186 6442
175 433 319 497 1113

1350 422 1633 483 ORATIO
1666 422 1746 481 IN
1791 419 2151 480 l’SALMUM
2196 418 2290 477 Vl.

3302 417 3440 482 11H

171 548 285 615 γάρ
326 563 393 615 με
432 546 485 596 αἱ
518 543 737 612 ἀνομίαι
773 557 877 611 μου
905 541 1037 610 πρὸ,
1075 538 1317 608 ἑσπέραν
1349 537 1630 598 φθάσαντα
1667 553 1764 588 κα-

1889 535 2107 602 piilates
2143 532 2360 594 luem",
2395 532 2484 600 qui
2525 530 2637 598 jam
2693 550 2833 591 tua.e
2869 537 2937 590 ad
2966 554 3245 608 vespetam
3278 558 3440 598 vene-

169 642 321 704 λὼς·
378 640 461 692 ὅτι
512 636 776 707 ἀμύθητά
815 652 919 704 μου
957 635 1025 686 τά
1082 633 1243 702 χρέη.
1305 630 1445 682 Ἀλλ’
1477 630 1551 693 ὡς
1599 628 1764 694 ἐδέξω

174 736 393 803 Πέτρου
434 731 530 783 τοῦ
578 728 885 786 ἀποστόλου
931 743 1022 779 σου
1075 725 1165 776 τὸν
1214 723 1543 794 πικρότατον
1598 721 1766 774 κλαυ-

175 827 319 895 θμὸν
343 865 358 888 ,
395 825 570 886 οῦτως
622 822 914 892 πρόσδεξαι
948 821 1041 872 καὶ
1074 819 1165 871 τὸν
1189 817 1349 888 ἐμὸν,
1377 816 1728 885 φιλάνθρωπε
1751 855 1765 877 ,

176 917 423 987 ἐπιχέων
443 916 617 968 ταῦτα
640 915 707 966 τὰ
734 915 948 984 δάκρυα
979 912 1073 965 ἐπὶ
1102 912 1163 963 τὺ
1195 911 1303 963 τῶν
1336 909 1627 978 ἁμαρτιῶν
1664 926 1766 977 μου

177 1013 591 1082 χειρόγραφον,
650 1015 746 1062 καὶ
799 1010 879 1079 τῷ
938 1008 1165 1077 σπόγγῳ
1212 1007 1311 1075 τῆς
1361 1004 1769 1072 εὐσπλαγχνίας

180 1122 279 1157 σου
318 1104 628 1174 ἐξαλείφω-θ
665 1103 734 1156 τά
754 1100 1054 1155 ἁνείκαστά
1091 1118 1195 1170 μου
1233 1097 1707 1168 πλημμελήματα.
1744 1114 1762 1147 ι

254 1284 447 1336 Ταῦτα
482 1284 577 1336 καὶ
606 1284 675 1335 τὰ
727 1284 951 1335 τοιαῦτα
980 1284 1075 1334 ἐπὶ
1116 1283 1374 1344 πλείστας
1396 1281 1546 1350 ὧρας
1582 1282 1610 1333 ὁ
1669 1280 1770 1351 λῃ-

182 1379 321 1444 στὴς
369 1379 873 1447 ἐξομολογούμενος
897 1418 910 1439 ,

180 1471 404 1539 δάκρυα
452 1471 786 1538 ἐκμάσσων,
840 1469 1130 1538 παρέδωκε
1173 1469 1235 1520 τὸ
1277 1468 1533 1538 πνεῦμα,
1588 1465 1772 1529 καθὼς

184 1563 280 1612 καὶ
321 1562 375 1613 οἱ
414 1561 641 1630 πλησίον
673 1560 841 1613 αὑτοῦ
879 1559 1215 1630 κοιμώμενοι
1244 1559 1592 1629 διηγήσαντο.
1649 1559 1773 1630 Ἀρ-

181 1653 416 1722 χιατρός
448 1653 505 1704 δέ
546 1670 628 1712 τις
669 1654 878 1703 ἐκεῖνον
908 1651 1001 1703 τὸν
1047 1652 1253 1715 ξενῶνα
1299 1652 1773 1720 ἐπισκεπτόμενος

184 1750 243 1797 ἑν
286 1746 369 1815 τῷ
416 1745 555 1814 οἴκῳ
603 1745 770 1798 αὑτοῦ
805 1746 1121 1809 καθεύδων,
1165 1748 1266 1815 ὁρᾷ
1311 1746 1434 1797 κατ’
1478 1744 1612 1815 ὄναρ
1650 1745 1773 1796 κατ’

184 1838 362 1905 αὐτὴν
394 1838 493 1907 τὴν
528 1837 678 1907 ὤραν
718 1840 776 1891 ἐν
907 1839 935 1889 ὁ
965 1838 1173 1907 λῃστὴς
1222 1835 1543 1904 ἐτελεύτησε
1570 1875 1585 1899 ,
1623 1834 1776 1898 τινὰς

974 1379 1072 1429 καὶ
1102 1376 1180 1446 τῷ
1231 1376 1346 1444 ἰδίῳ
1386 1375 1654 1443 φακιολίῳ
1703 1376 1773 1427 τὰ

1871 627 1972 680 ritn
2008 645 2021 679 :
2057 626 2327 696 siquidem
2366 639 2483 678 mea
2546 626 2725 682 debita
2770 631 2971 699 tuajora
3008 643 3139 687 sunt
3189 651 3348 700 quam
3384 652 3442 692 nt

1870 720 2097 789 cogitari
2139 723 2365 788 possint.
2406 722 2730 790 Enimvero,
2791 728 2864 779 uti
2897 729 3122 797 apostoli
3167 733 3243 785 tui
3296 733 3439 787 l'etri

1871 812 2270 867 amarissimum
2296 817 2561 869 admisisti
2592 818 2813 885 luctum,
2851 820 2991 874 itaet
3014 839 3189 877 meum
3215 865 3227 885 ,
3263 835 3314 877 ιιι
3349 828 3440 879 be-

1872 908 2030 977 nigne
2061 924 2123 959 at:
2151 907 2390 962 trlctttt‘ns
2417 952 2429 973 ,
2456 911 2775 977 suscipiens,
2799 916 2961 968 hasce
2995 931 3141 970 tncas
3176 919 3443 991 lacrymas

1874 999 1924 1051 in
2000 1014 2240 1051 tneol'utn
2304 1012 2644 1067 peccatorum
2720 1004 3140 1076 chirographum
3195 1010 3441 1080 eﬂ‘unde;

1873 1100 2084 1157 tumque
2128 1090 2214 1143 illa
2271 1094 2632 1149 miserationis
2678 1098 2899 1167 spongia
2927 1138 2942 1163 ,
2993 1100 3442 1173 incomparabilia

1873 1194 1990 1233 mea
2021 1180 2211 1233 delicta
2256 1181 2393 1233 dele.
2439 1200 2455 1231 ι

1951 1273 2096 1336 Hanc,
2121 1284 2173 1327 et
2208 1273 2291 1326 Itis
2323 1274 2520 1327 similia
2552 1277 2619 1329 ad
2657 1277 2853 1333 multas
2886 1280 3048 1336 horas
3079 1285 3342 1340 conﬁtens
3371 1287 3448 1342 la-

1878 1377 1983 1430 tro,
2050 1383 2112 1420 ac
2177 1371 2402 1423 sudario
2457 1386 2555 1422 suo
2608 1372 2876 1443 laerymas
2904 1387 3213 1445 extergens,
3252 1381 3450 1438 culavit

1876 1462 2144 1528 animant,
2198 1466 2653 1530 quemadmodum
2725 1480 3085 1525 narraveruut
3137 1474 3225 1541 qui
3285 1492 3450 1547 prope

1875 1568 1999 1609 eum
2031 1553 2306 1623 jacehant.
2335 1553 2566 1623 Insignis
2597 1567 2776 1612 autem
2816 1562 3052 1617 medicus
3076 1567 3319 1634 quidam,
3361 1585 3453 1623 va-

1880 1647 2269 1701 letudinarium
2298 1648 2447 1700 illmn
2481 1651 2702 1703 visitare
2747 1653 2957 1719 solitus,
2990 1657 3131 1710 domi
3184 1675 3295 1713 sua:
3324 1662 3454 1714 dor-

1879 1740 2052 1794 Iltlt‘lts
2078 1740 2224 1795 videt
2253 1743 2305 1796 in
2341 1745 2565 1804 somnis.
2595 1745 2705 1812 ipsa
2745 1747 2872 1799 hora
2908 1763 3013 1817 qua
3043 1749 3180 1804 latro
3208 1764 3455 1809 mortuus

1879 1840 1962 1885 est
1984 1832 2269 1902 Ethiopes
2304 1835 2501 1888 multos
2524 1838 2588 1888 ad
2617 1837 2731 1904 ejus
2760 1843 3037 1895 venientes
3073 1844 3274 1898 lectum
3329 1861 3451 1901 cum

185 1929 464 1989 Αἰθίοπας
510 1928 740 1988 πολλοὺς
796 1928 1051 1991 ἐλθόντας
1106 1930 1242 1997 πρὸς
1285 1929 1384 1996 τὴν
1442 1927 1631 1997 κλίνην
1680 1924 1774 1978 τοῦ

1889 1924 2061 1978 multis
2088 1925 2293 1979 chartis
2314 1966 2329 1989 ,
2349 1928 2542 1994 quibus
2561 1929 2728 1996 ipsius
2757 1933 3165 1989 continerentur
3193 1937 3399 1993 scelera
3437 1959 3450 1995 :

187 2020 428 2093 λῃστοῦ.
480 2021 619 2090 μετὰ
669 2021 939 2074 πλείστων
999 2022 1221 2091 χαρτών
1282 2022 1659 2092 περιεχόντων
1708 2017 1777 2071 τὰ

186 2116 574 2183 ἁμαρτήματα
616 2113 712 2165 τοῦ
760 2114 997 2186 λῃστοῦ·
1050 2111 1171 2167 εἶτα
1215 2114 1308 2166 καὶ
1348 2113 1442 2165 δύο
1468 2112 1621 2175 τινας
1670 2129 1781 2179 φω-

186 2211 403 2268 τ;ινοῦς
442 2208 664 2278 ἄνδρας.
698 2209 979 2275 Ἤνεγκαν
1009 2203 1103 2259 οὖν
1136 2207 1330 2272 ζυγὸν,
1370 2205 1641 2275 βαλόντων
1672 2204 1780 2256 τῶν

190 2302 481 2354 Αἰθιόπων
519 2302 700 2353 πάντα
743 2299 813 2352 τά
846 2300 1198 2370 χειρόγραφα
1224 2298 1319 2351 τοῦ
1350 2296 1577 2369 λῃστοῦ,
1612 2314 1778 2349 κατε-

190 2394 445 2463 δάρησεν
492 2393 525 2461 ἡ
560 2391 659 2460 μία
692 2391 994 2459 πλάστιγξ·
1029 2393 1062 2459 ἡ
1093 2392 1149 2443 δὲ
1186 2392 1353 2460 ἑτέρα
1385 2392 1468 2456 ἐφ’
1512 2389 1681 2458 ὕψους
1712 2386 1781 2460 ἦν

192 2481 744 2550 ἁνακεκουςρισμένη.
793 2480 1057 2547 Λέγουσιν
1104 2476 1199 2533 οῦν
1252 2482 1303 2532 οί
1335 2481 1419 2532 διὰ
1462 2480 1556 2532 τοῦ
1602 2481 1782 2548 φωτὸς

194 2575 449 2642 ἄγγελοι·
505 2593 523 2624 ι
563 2569 697 2626 Εἶτα
727 2573 890 2642 ἡμεῖς
937 2571 1091 2623 οὐδὲν
1138 2572 1336 2641 ἔχομεν
1369 2566 1506 2636 ὧδε;
1553 2591 1570 2621 ι
1621 2573 1783 2638 Λέγει

194 2674 223 2719 ό
246 2662 330 2728 εἷς
360 2665 502 2735 πρὸς
522 2664 613 2717 τὸν
643 2663 824 2716 ἄλλον·
862 2681 880 2714 ι
923 2663 989 2715 Τί
1012 2663 1210 2731 ἔχομεν
1238 2663 1418 2732 ἑχειν;
1451 2662 1606 2713 οὔπω
1629 2660 1786 2714 δεκά-

196 2777 301 2828 την
336 2757 557 2829 ἡμέραν
591 2757 707 2825 ἔχει
757 2755 927 2808 ἐλθὼν
968 2757 1032 2806 ἐκ
1063 2755 1171 2806 τῶν
1220 2756 1396 2822 φόνων
1431 2752 1645 2805 καὶτοῦ
1687 2753 1785 2822 λῃ-

198 2851 434 2920 στηρίου
464 2848 652 2911 αὑτοῦ,
680 2849 777 2900 xui.
805 2848 858 2900 τί
881 2846 1084 2915 ἀγαθὸν
1111 2844 1382 2916 ζητοῦμεν
1407 2846 1469 2899 ἐκ
1498 2844 1727 2911 τούτου;
1762 2865 1779 2896 ι

201 2942 313 2994 Καὶ
347 2939 425 3002 ὡς
461 2939 634 2992 ταῦτα
665 2938 886 3005 ἔλεγον,
927 2938 1403 3006 προσεποιήσαντο
1435 2936 1694 3007 ψηλαφᾷν
1727 2938 1785 2990 ἐν

200 3035 266 3100 τῇ
304 3029 471 3100 κλίνῃ
496 3026 682 3080 αὑτοῦ.
712 3027 780 3080 Εἴ
800 3043 918 3090 πως
945 3025 1150 3095 εὕρωσι
1174 3027 1270 3079 καὶ
1297 3027 1450 3079 αὐτοί
1474 3043 1527 3078 τι
1556 3026 1783 3095 ἀγαθόν.

204 3123 312 3176 Καὶ
349 3120 532 3192 εὑρὼν
563 3116 643 3183 εἷς
677 3121 739 3172 τὸ
773 3121 1056 3190 φακιόλιον
1079 3119 1208 3172 ἔνθα
1232 3120 1324 3173 τὸν
1357 3120 1633 3191 κλαυθμὸν
1666 3121 1785 3185 ἐξέ-

1879 2025 1990 2070 tum
2011 2032 2227 2087 quoque
2263 2020 2405 2073 videt
2455 2022 2589 2074 duos
2638 2022 2952 2090 splendidos
2976 2026 3140 2081 viros.
3186 2029 3318 2084 Cum
3349 2032 3453 2085 ita-

1879 2125 1984 2178 que
2008 2109 2162 2162 allata
2184 2119 2411 2173 statera,
2444 2112 2494 2162 in
2528 2128 2645 2165 eam
2681 2113 2969 2183 IEtliZopes
2998 2119 3246 2172 universa
3288 2122 3457 2178 latro-

1880 2199 1967 2252 nis
1990 2200 2347 2267 conjecissent
2373 2202 2754 2271 chirographa,
2778 2208 3031 2274 depressa
3064 2221 3148 2263 est
3178 2228 3279 2264 una
3301 2213 3450 2277 lanx,

1882 2290 2047 2343 altera
2094 2292 2144 2345 in
2190 2292 2354 2345 altunt
2397 2294 2694 2348 sublevata.
2738 2298 2901 2350 Aiunt
2947 2311 3122 2353 autem
3166 2305 3273 2357 duo
3324 2306 3458 2360 locis

1880 2383 2054 2450 angeli
2089 2401 2102 2437 :
2142 2403 2160 2436 ι
2208 2386 2298 2439 Sic
2341 2400 2407 2439 ne
2450 2386 2539 2441 hie
2581 2388 2715 2443 nihil
2759 2390 2856 2458 ipsi
2908 2392 3261 2450 habebimus?
3294 2417 3312 2450 ι
3346 2398 3457 2453 Re-

1883 2475 2098 2541 spondit
2134 2476 2270 2527 alter
2296 2479 2360 2529 ad
2391 2479 2621 2532 alterum
2658 2497 2675 2535 :
2714 2499 2732 2532 t
2776 2482 2914 2548 Quid
2943 2485 3224 2542 enimvero
3261 2491 3460 2546 habere

1883 2579 2165 2633 possemus
2188 2566 2210 2619 ?
2232 2564 2328 2619 Vix
2362 2568 2602 2624 decimus
2625 2570 2744 2625 dies
2773 2581 2874 2634 est,
2912 2590 3032 2627 cum
3067 2578 3243 2632 eazdes
3271 2595 3334 2632 ac
3383 2582 3453 2633 la-

1886 2664 2099 2709 tronum
2139 2658 2311 2711 lustra
2356 2662 2573 2729 reliquit
2611 2679 2624 2716 :
2666 2663 2795 2731 quid
2828 2665 2950 2719 boui
2998 2682 3062 2721 ex
3111 2669 3197 2722 illo
3228 2674 3458 2740 requiri-

1886 2750 2045 2801 mus?
2083 2768 2101 2801 ι
2141 2750 2263 2803 Ilaec
2290 2762 2347 2804 ut
2377 2752 2670 2817 dixerunt,
2704 2756 2799 2809 visi
2826 2769 2949 2810 sunt
2976 2762 3243 2830 vestigare
3271 2764 3321 2817 in
3346 2766 3464 2831 ejus

1887 2838 2048 2901 lecto,
2102 2842 2146 2893 si
2179 2842 2317 2895 forte
2347 2852 2401 2897 et
2440 2845 2536 2913 ipsi
2570 2845 2695 2899 boni
2726 2847 2931 2916 aliquid
2966 2852 3287 2909 invenirent.
3322 2855 3459 2911 Cum

1888 2941 2069 2986 autem
2097 2950 2236 2988 unus
2258 2938 2536 2991 sudarium
2564 2939 3005 3012 invenisset,quo
3021 2946 3161 3000 latro
3190 2949 3465 3020 lacrymas

1888 3041 2015 3081 suas
2052 3027 2387 3095 deterserat;
2432 3030 2506 3084 ait
2544 3033 2610 3085 ad
2644 3037 2850 3090 socium
2900 3054 3099 3093 suum:
3152 3060 3171 3094 ι
3209 3042 3464 3101 Profecto

1889 3119 2250 3190 lacrymarum
2287 3122 2697 3190 ejussudarium
2717 3140 2854 3184 erat.
2882 3130 3124 3200 Agedum
3154 3135 3205 3189 iu
3237 3138 3463 3192 alteram

207 3231 421 3284 μασσεν
465 3217 494 3267 ὁ
539 3214 777 3284 λῃστὴς,
826 3212 977 3280 λέγει
1026 3212 1159 3283 πρὸς
1197 3211 1288 3265 τὸν
1328 3214 1544 3282 ἑταῖρον
1582 3213 1783 3279 αὐτοῦ,

1890 3209 1992 3263 hoc
2032 3212 2240 3265 lancem
2288 3213 2584 3281 mittamus,
2633 3218 2813 3272 addita
2856 3222 2929 3273 illi
2959 3223 3048 3276 Dei
3079 3225 3364 3279 clementia
3402 3243 3467 3284 ac

210 3328 226 3359 ι
260 3311 474 3370 Ὄντως
498 3307 561 3359 τὸ
584 3308 863 3375 φακιόλιον
890 3307 1001 3359 τῶν
1023 3306 1276 3376 δακρύων
1298 3306 1461 3359 αὐτοῦ
1490 3303 1578 3378 ἦν.
1621 3308 1781 3362 Ἀλλὰ

204 3399 462 3466 βάλωμεν
498 3398 635 3450 aut?)
673 3399 753 3458 si;
786 3398 887 3465 τὴν
930 3398 1126 3467 ἑτέραν
1159 3397 1469 3466 πλάστιγγα
1494 3438 1509 3456 .
1557 3399 1653 3450 καὶ
1681 3400 1779 3469 τὴν

205 3489 625 3557 φιλανθρωπίαν
654 3488 750 3541 τοῦ
799 3488 935 3541 Θεοῦ
968 3492 1065 3541 σῦν
1096 3490 1247 3558 αὐτῷ
1268 3528 1283 3550 ,
1317 3492 1411 3542 καὶ
1443 3491 1658 3554 πάντως
1696 3492 1783 3561 γί-

204 3582 358 3631 vara!
391 3580 443 3631 τί
484 3596 634 3631 ποτε.
680 3598 699 3631 ι
745 3580 853 3632 Καὶ
886 3580 961 3643 ὡς
994 3573 1156 3649 μόνον
1188 3581 1383 3633 ἔϐαλον
1412 3583 1544 3634 αὐτὸ
1574 3586 1652 3646 είς
1687 3584 1785 3654 τὴν

206 3672 532 3738 πλάστιγγα
600 3671 699 3739 τὴν
768 3672 1347 3742 ἀνακεκουφισμένην,
1404 3675 1783 3745 κατεϐάρησε,

207 3766 305 3818 καὶ
343 3762 794 3834 ἐσκορπίσθησαν
823 3763 921 3816 ὅλα
954 3764 1021 3816 τὰ
1064 3764 1409 3833 χειρόγραφα
1434 3766 1500 3816 τά
1535 3766 1664 3819 ὄντα
1708 3769 1787 3828 εἰς

207 3864 308 3928 τὴν
355 3858 528 3926 ἄλλην
583 3857 918 3923 πλάστιγγα.
978 3856 1087 3908 Καὶ
1136 3857 1369 3923 ἐϐόησαν
1404 3859 1504 3928 μιᾷ
1546 3860 1697 3927 φωνῇ
1738 3860 1786 3909 οἱ

208 3949 441 4017 ἄγγελοι
512 3948 793 4014 λέγοντες·
870 3968 886 3998 ι
977 3948 1264 4016 Ἐνίκησεν
1314 3950 1347 4016 ἡ
1407 3948 1788 4018 φιλανθρωπία

208 4040 305 4096 τοῦ
366 4040 658 4093 Δεσπότου.
725 4057 744 4090 ι
810 4039 920 4092 Καὶ
987 4039 1244 4101 λαϐόντες
1308 4039 1406 4109 τὴν
1460 4038 1639 4109 ψυχὴν
1693 4039 1788 4092 τοῦ

208 4131 451 4205 λῃστοῦ,
495 4132 786 4202 ἀπήγαγον
824 4130 997 4201 αὐτὴν
1043 4130 1161 4200 μεθ’
1212 4130 1445 4183 ἑαυτῶν.
1490 4132 1554 4183 υἱ
1602 4133 1658 4183 δέ
1691 4133 1787 4183 Al-

212 4230 407 4290 Βίοπες
453 4227 683 4295 ἔφυγον,
721 4228 1231 4295 καταισχυνόμενοι.
1287 4226 1395 4278 Καὶ
1440 4224 1614 4278 ταῦτα
1666 4224 1790 4278 ἰδὼν

210 4323 240 4373 ὁ
283 4319 474 4389 ἰατρὸς
495 4357 512 4382 ,
548 4318 751 4378 εὐθέως
779 4319 1012 4383 ἔξυπνος
1044 4318 1364 4386 γενόμενος,
1404 4316 1695 4370 ἐνεδύσατο
1723 4318 1791 4370 τὰ

214 4411 417 4478 ἱμάτια
446 4407 647 4461 αὐτοῦ·
683 4410 779 4461 καὶ
813 4408 1088 4477 δρομαίως
1122 4404 1288 4478 ἦλθεν
1320 4408 1399 4471 εἰς
1419 4408 1512 4461 τὸν
1549 4406 1788 4473 ξενῶνα·

214 4500 313 4553 καὶ
345 4498 521 4552 ἐλθὼν
561 4501 641 4561 είς
672 4498 774 4565 τὴν
822 4498 1010 4566 κλίνην
1050 4499 1144 4551 τοῦ
1185 4497 1417 4571 λῃστοῦ,
1450 4492 1574 4569 εὗρε
1595 4498 1667 4551 τὸ
1690 4497 1793 4569 μὲν

1900 3302 2263 3370 benignitate;
2293 3320 2356 3356 ac
2392 3309 2605 3360 tandem
2639 3310 2969 3381 ﬁetaliquid.
3014 3335 3033 3367 ι
3069 3317 3239 3375 Porro
3267 3330 3468 3376 uttan-

1900 3402 2012 3445 tum
2042 3410 2205 3447 unum
2235 3395 2361 3450 illud
2399 3398 2451 3451 in
2477 3398 2687 3455 lancem
2729 3403 2989 3458 elevatant
3012 3409 3306 3475 misissent,
3345 3427 3472 3470 mox

1894 3500 1957 3539 ca
2013 3486 2268 3555 depressa
2329 3500 2435 3552 est,
2489 3504 2543 3545 et
2576 3494 2969 3565 chirographa,
3025 3516 3145 3568 quae
3195 3504 3247 3555 iit
3301 3505 3470 3560 altera

1894 3588 2081 3643 erant,
2113 3580 2365 3635 universa
2398 3594 2527 3638 sunt
2551 3586 2834 3654 dissipata.
2874 3589 3261 3649 Exclamarunt
3289 3597 3474 3666 itaque

1897 3668 2095 3736 iunctis
2124 3673 2347 3726 vocibus
2374 3677 2545 3744 angeli
2574 3695 2585 3730 :
2618 3695 2636 3729 ι
2673 3677 2811 3732 Vicit
2835 3681 3048 3738 Domini
3083 3688 3386 3756 benignitas
3409 3706 3475 3746 ac

1896 3762 2203 3817 clementia.
2254 3782 2272 3814 ι
2335 3764 2685 3822 Assumentes
2723 3782 2899 3825 autem
2936 3774 3169 3827 animam
3223 3778 3471 3842 latronis.

1896 3868 2078 3907 secum
2103 3855 2465 3910 abduxerunt.
2503 3860 2578 3912 Ae
2602 3858 2887 3930 Ethiopes
2919 3880 3041 3919 cum
3076 3868 3366 3935 ignominia
3390 3870 3475 3924 fu-

1895 3956 2114 4011 gerunt.
2170 3948 2294 4003 llaec
2341 3954 2427 4006 nhi
2476 3954 2697 4006 vidisset
2749 3954 3021 4017 medicus,
3059 3971 3179 4009 cum
3240 3959 3472 4026 priunuu

1897 4040 2231 4109 evigilasset,
2260 4045 2558 4113 assumptis
2597 4046 2840 4100 vestibus
2863 4086 2877 4109 ,
2910 4046 3136 4100 festinus
3158 4049 3222 4101 ad
3254 4050 3473 4105 dounun

1898 4130 2221 4198 hospitalem
2250 4135 2388 4188 venit
2428 4152 2441 4188 :
2488 4136 2862 4204 accedensqtte
2900 4139 2966 4190 ad
2995 4138 3222 4193 latronis
3252 4140 3472 4208 lectum,

1898 4224 2101 4291 reperit
2127 4222 2243 4288 ejus
2284 4223 2502 4290 quidem
2531 4241 2728 4294 corpus
2748 4228 2922 4280 adlmc
2952 4227 3209 4292 calidum,
3239 4230 3474 4283 animam

1899 4323 2079 4366 autem
2119 4311 2226 4379 iam
2270 4312 2567 4382 profectam
2620 4317 2685 4367 ad
2731 4314 3038 4381 Dominum,
3085 4318 3476 4388 sudariumque

1899 4405 2116 4475 plenum
2154 4405 2411 4474 lacrymis
2446 4420 2613 4474 super
2636 4407 2827 4460 oculos
2854 4409 3109 4476 positum.
3145 4407 3245 4462 Ubi
3295 4421 3474 4464 autem

1901 4500 2053 4554 abiis
2085 4497 2175 4568 qui
2197 4512 2363 4569 prope
2394 4499 2813 4563 deeumbebant,
2840 4515 3001 4565 quam
3032 4500 3172 4554 latro
3206 4501 3273 4555 ad
3309 4501 3475 4556 Deum

216 4590 382 4661 σῶμα
410 4590 578 4643 αὐτοῦ
608 4591 734 4654 ζέον
761 4630 777 4654 ,
810 4594 911 4662 τὴν
939 4592 996 4643 δέ
1026 4592 1206 4661 ψυχὴν
1239 4592 1404 4645 αὑτοῦ
1447 4592 1783 4647 ἀπελθοῦσαι

1903 4596 2119 4651 fecisset
2144 4593 2563 4657 confessionem,
2584 4593 2960 4656 intellexisset,
2988 4605 3211 4662 accepto
3231 4596 3478 4658 sudario,

216 4680 358 4752 πρὸς
398 4680 626 4752 Κύριον.
668 4680 741 4734 Τὸ
793 4680 849 4733 δὲ
888 4681 1170 4748 φακιόλιον
1218 4683 1312 4734 ἐπὶ
1352 4682 1465 4735 τῶν
1499 4682 1795 4751 ὀφθαλμῶν

217 4771 388 4826 αὑτοῦ
413 4771 669 4842 κείμενον
701 4776 901 4842 μεστόν
928 4777 1039 4826 τῶν
1069 4775 1345 4845 δακρύων.
1374 4777 1485 4828 Καὶ
1514 4775 1576 4844 δὴ
1613 4774 1798 4844 μαθὼν

219 4864 376 4935 παρὰ
401 4865 511 4917 τῶν
546 4865 775 4936 πλησίον
800 4869 1162 4937 κοιμωμένων
1191 4869 1288 4935 τὴν
1323 4868 1709 4937 ἐξομολόγησιν
1733 4869 1799 4937 ἢν

220 4957 484 5028 ἐποίησεν
524 4959 554 5010 ὁ
588 4957 793 5030 λῃστὴς
836 4960 970 5028 πρδς
1015 4959 1149 5012 Θεόν
1172 4978 1187 4992 ·
1220 4959 1400 5012 λαϐὼν
1430 4960 1490 5011 τὸ
1524 4957 1801 5027 φακιόλιον

221 5050 444 5120 εἰσῆλθε
496 5050 632 5122 πρὸς
680 5052 773 5105 τὸν
820 5053 1215 5105 εὐσεϐέστατον
1268 5051 1526 5121 βασιλέα,
1589 5050 1804 5114 δεικνὺς

221 5142 374 5214 αὐτῷ
406 5143 504 5196 καὶ
524 5143 884 5214 διηγούμενος
917 5143 1060 5215 ἅπερ
1083 5145 1205 5197 κατ’
1239 5144 1371 5215 ὄναρ
1401 5144 1688 5209 ἐθεάσατο,
1717 5144 1811 5195 καὶ

294 5300 342 5331 ⁸⁹
360 5296 505 5353 Psal.
538 5312 723 5362 χχχιιι,
773 5297 859 5351 15.

1905 4691 1971 4744 ad
2003 4690 2302 4757 piissimum
2351 4689 2732 4758 imperatorem
2758 4695 2905 4741 recta
2943 4686 3220 4755 ingressus
3250 4696 3355 4749 est,
3388 4702 3479 4739 οετ

1911 4781 2137 4835 tendens
2161 4796 2225 4834 ac
2257 4796 2487 4833 narrans
2532 4793 2870 4847 quacunque
2904 4776 2955 4830 in
2990 4777 3199 4831 somnis
3234 4779 3476 4845 vidisset,

1909 4885 1973 4925 ac
2020 4888 2047 4922 a
2088 4869 2538 4925 decumbentibus
2586 4869 2637 4920 in
2684 4867 2861 4921 vicino
2888 4866 2936 4921 ei
2989 4866 3105 4921 loco
3132 4869 3477 4932 andisset,in

1911 4956 2026 5011 haec
2070 4960 2231 5011 verba
2286 4972 2408 5011 eum
2459 4956 2771 5026 alloquens:
2821 4954 3037 5010 Gratias
3093 4958 3303 5023 agimus
3348 4956 3477 5021 Deo,

1911 5048 2248 5117 pientissime
2300 5046 2540 5100 domine.
2586 5044 2906 5099 Audivimus
2949 5044 3211 5098 latronem
3249 5046 3483 5103 salutem

1919 5148 2268 5196 consecutum
2326 5152 2421 5208 per
2472 5135 2902 5203 confessionem,
2942 5137 3069 5191 dum
3100 5136 3314 5191 interim
3368 5134 3481 5192 Rex

1732 5404 1960 5460 ΝΟΤᾸΕ.

296 5530 413 5598 (29)
446 5527 555 5592 ριιῦ
576 5529 691 5597 jam
735 5528 871 5582 male
916 5528 984 5582 ad
1024 5542 1290 5593 uesperam
1328 5524 1577 5604 verterint.
1621 5520 1797 5603 Cogor

228 5601 307 5652 sic
337 5610 583 5660 mutare,
613 5610 838 5664 cogente
869 5613 1029 5653 sensu
1064 5610 1129 5650 ac
1162 5606 1271 5649 tota
1303 5601 1445 5647 serie
1472 5611 1484 5645 :
1518 5608 1617 5664 nec
1651 5601 1796 5644 enim

230 5669 368 5721 bene
394 5682 460 5721 ac
498 5662 749 5729 feliciter,
786 5668 930 5737 quod
980 5667 1156 5721 reddit
1185 5666 1472 5737 interpres,
1508 5662 1573 5713 ad
1608 5675 1801 5737 vespe-

235 5752 348 5789 tam
401 5738 555 5791 venit
588 5751 651 5789 ac
684 5731 1028 5791 vitm'metam
1049 5776 1064 5797 ,
1091 5737 1180 5805 qui
1208 5734 1286 5789 sic
1327 5734 1507 5805 venitf,
1548 5732 1624 5784 uti
1661 5731 1801 5805 latro

234 5807 516 5882 deplorat,
549 5822 611 5861 ac
642 5803 1140 5877 praeut-culminibus
1172 5803 1544 5874 iniquitatibus
1567 5841 1580 5867 ,
1614 5817 1643 5855 ιι
1676 5803 1799 5879 Qui»

1925 5525 2024 5577 lius
2059 5538 2202 5591 aegre
2231 5539 2291 5579 se
2318 5524 2418 5579 sub
2455 5524 2505 5577 id
2540 5534 2753 5592 tempus
2791 5524 3065 5592 expediat.
3104 5522 3272 5579 Porro
3307 5522 3483 5581 facilis

1913 5603 1996 5646 est
2026 5596 2186 5648 unius
2235 5595 2425 5647 littera.-
2457 5597 2506 5646 in
2553 5595 2780 5647 alteram
2828 5604 3081 5648 currente
3110 5594 3317 5649 calamo
3360 5611 3483 5663 per-

1915 5663 2143 5716 mutatio
2168 5702 2184 5725 ,
2218 5673 2385 5731 utque
2412 5679 2478 5717 ex
2512 5665 2696 5727 κακῶς
2728 5706 2742 5724 ,
2772 5664 3110 5728 antiquarios
3140 5702 3155 5731 ,
3197 5679 3291 5719 seu
3324 5680 3386 5723 ex
3417 5679 3488 5719 ett

1913 5733 2253 5797 exscribens,
2280 5736 2468 5789 iecerit
2501 5733 2702 5797 καλῶς.
2735 5734 3029 5788 (ἷυιιιιιῑιδ.
