4186 6442
124 387 259 453 1117

1297 389 1583 450 οιιΑΤιο
1626 390 1706 450 IN
1748 391 2113 453 PSALMUM
2153 391 2253 453 Vl.

3279 392 3419 459 1118

120 500 368 571 γνησίαν
418 502 791 572 ἐπιστροφὴν,
850 502 917 555 τὰ
972 502 1221 572 δάκρυα,
1274 502 1367 555 τὸν
1414 504 1477 555 ἐκ
1523 504 1719 573 βάθους

1853 506 2059 571 ioncm,
2118 507 2391 576 lacrymas
2413 544 2428 570 ,
2456 507 2715 574 gemitum
2760 521 2823 559 ex
2858 505 2965 558 into
2991 514 3240 573 pectore;
3280 521 3416 561 con-

123 594 446 663 στεναγμδν
467 632 481 655 ,
510 596 611 663 τὴν
649 592 745 646 τοῦ
770 594 1073 657 συνειδότος
1113 594 1359 665 ταραχὴν
1379 635 1393 659 ,
1430 598 1529 667 τὴν
1556 595 1721 648 ἀσθέ-

1825 598 2063 651 scientia:
2090 599 2475 662 lurliatiouem,
2510 598 2910 661 inﬁrmitatem,
2942 607 3265 651 nocturnum
3290 614 3414 653 cmn

124 704 282 739 νειαν
305 728 320 749 ,
355 688 454 757 τὴν
497 688 553 737 ἐν
587 686 745 738 νυκτὶ
777 688 911 758 πρὶς
957 688 1089 739 Θεὸν
1118 688 1335 757 ὁμιλίαν
1362 728 1375 751 ,
1412 690 1509 756 τὴν
1548 690 1606 740 ἐν
1653 691 1719 758 τῇ

1849 692 1937 744 )eo
1971 690 2323 758 colloquium,
2362 704 2543 743 rerum
2578 689 2808 743 interdiu
2864 700 3138 758 gestarum
3191 703 3421 757 percep-

128 783 399 848 στρωμνῇ
460 779 753 847 γινομένην
806 779 1160 848 συναίσθησιν
1200 782 1311 831 τῶν
1345 781 1464 849 μεθ’
1507 782 1724 851 ἡμέραν

128 870 553 938 πραττομένων,
582 870 675 920 καὶ
699 869 783 920 διὰ
811 869 911 935 τῆς
938 870 1031 921 τοῦ
1065 872 1217 936 ἁγίου
1236 870 1550 939 11νεύματος
1584 889 1725 941 παρ-

136 962 340 1023 ουσίας
380 963 693 1030 ἐπισκοπήν
724 978 735 990 ’
781 961 841 1012 οὐ
872 962 1044 1013 ταῦτα
1076 962 1132 1013 δὲ
1167 962 1327 1030 μὸιον
1360 961 1597 1015 ἐνταῦθα
1630 980 1723 1014 πε-

132 1054 437 1122 ριεχόμενά
464 1071 547 1116 τις
577 1054 801 1123 εὑρήσει
824 1097 837 1117 ,
879 1055 1015 1107 ἀλλα
1050 1055 1148 1123 τὴν
1182 1056 1291 1107 ἀπὸ
1329 1058 1430 1123 τῆς
1466 1056 1725 1126 τοιαύτης

137 1145 439 1212 μετανοίας
494 1145 937 1215 πριισγινομένην
1000 1145 1109 1196 τῶν
1160 1146 1446 1217 ἁμαρτιῶν
1510 1147 1725 1213 ἄρεσιν.

131 1240 252 1308 ἰ’ὴν
286 1238 396 1289 τῶν
431 1238 705 1307 δαιμόνων
747 1238 1049 1308 αἰσχύνην,
1085 1240 1179 1291 καὶ
1219 1239 1317 1309 τὴν
1353 1238 1445 1290 τοῦ
1483 1240 1731 1293 παλαιω-

132 1330 327 1391 θέντος
352 1330 647 1397 ἀνθρώπου
675 1333 794 1392 ταῖς
823 1329 1123 1401 ἁμαρτίαις
1148 1330 1479 1385 ἀνάπλασιν.

223 1422 373 1473 Ἀλλ’
408 1418 559 1484 οὗτος
598 1423 696 1492 μὲν
726 1424 754 1475 ὁ
778 1422 976 1485 σκοπὸς
1007 1421 1101 1474 τοῦ
1136 1421 1375 1493 ψαλμοῦ.
1411 1421 1571 1474 Ἔστι
1602 1423 1659 1475 δὲ
1689 1425 1722 1493 ή

135 1512 311 1565 αὐτοῦ
343 1513 626 1582 ἐπιγραφὴ
674 1513 766 1564 ἐπὶ
796 1512 998 1577 λέξεως
1035 1511 1232 1581 Ξκουσα
1270 1512 1463 1576 οὕτως.
1519 1532 1536 1563 t
1576 1513 1731 1565 ‘l'a.).-

139 1603 267 1673 μὸς,
309 1604 465 1672 φησὶ,
516 1603 593 1671 τῷ
627 1602 795 1654 saeta
829 1604 956 1672 περὶ
988 1603 1089 1672 τῆς
1126 1604 1342 1674 ὀγδόης.
1395 1624 1413 1655 ι
1464 1604 1730 1671 Ὀγδόην,

142 1695 382 1763 σύνηθες
423 1698 489 1764 τῇ
529 1695 722 1764 Γραφῇ
758 1696 1080 1762 ὀνομάζειν.
1114 1695 1211 1766 τὴν
1262 1694 1401 1763 μετά
1433 1694 1532 1766 τὴν
1579 1696 1732 1749 ἐϐδό-

142 1804 254 1855 μην
279 1802 294 1815 ’
331 1787 618 1851 τουτέστι,
652 1787 752 1854 τὴν
785 1786 879 1838 τοῦ
925 1786 1187 1857 παρόντος
1224 1784 1417 1847 αἰῶνος
1464 1785 1607 1855 ζωὴν
1642 1788 1736 1840 καὶ

140 1878 428 1948 διαγωγὴν
452 1920 465 1941 ,
521 1874 553 1947 ἦ

138 1986 200 2020 τε
241 1970 411 2036 σοιρὸς
446 1970 741 2039 Σολομῶν,
789 1990 807 2022 ι
863 1970 1068 2022 διδόναι
1118 1970 1312 2040 μερίδα
1363 1974 1478 2033 τοῖς
1516 1972 1658 2023 ἐτττὰ
1713 1992 1730 2022 ι

142 2062 439 2131 παραινῶν
460 2101 477 2126 ,
516 2082 532 2114 t
573 2064 665 2116 καί
696 2081 758 2130 γε
797 2067 909 2125 τοῖς
939 2062 1083 2115 ὀκτὼ
1108 2104 1122 2127 ,
1163 2084 1181 2114 ι
1226 2064 1327 2134 τὴν
1359 2066 1570 2117 ἐκεῖθεν
1598 2067 1739 2118 ἀπο-

142 2155 516 2217 κατάστασιν,
544 2157 754 2208 καὶτὸν
785 2155 1018 2208 ἐνταῦθα
1048 2156 1163 2225 βίον
1184 2158 1314 2225 ἡμῖν
1343 2157 1737 2211 ὑπαινίττεται.

149 2249 390 2318 Ἳδωμεν
452 2249 509 2302 δὲ
566 2250 651 2302 κα⁸
722 2250 896 2319 αὐτὴν
972 2248 1159 2302 λοιπὸν
1223 2250 1313 2303 τοῦ
1368 2251 1589 2322 ψαλμοῦ
1642 2253 1740 2322 τὴν

144 2341 352 2410 ἀρχήν.

222 2452 242 2484 ι
289 2433 493 2504 Κύριε,
528 2435 605 2505 μὴ
635 2434 712 2503 τῷ
744 2434 901 2505 θυμῷ
932 2451 1022 2487 σου
1053 2435 1280 2505 ἐλέγξῃς
1304 2453 1392 2505 με.
1428 2454 1445 2486 ι
1490 2436 1741 2506 Ὄμμασι

147 2527 361 2593 νοεροῖς
405 2528 433 2577 ο
472 2528 759 2596 προφήτης
794 2526 856 2578 τὸ
889 2527 1120 2596 φοϐερὸν
1170 2530 1346 2580 ἐκεῖνο
1388 2528 1744 2599 δικαστήριον

148 2618 523 2688 προθεωρῶν,
574 2620 738 2671 οἱονεὶ
783 2620 1240 2689 ἀπαρρησίαστος
1294 2621 1401 2682 ὢν,
1456 2623 1551 2672 καί
1609 2622 1745 2690 μηδὲ

150 2711 289 2763 ἀπο)
302 2709 462 2775 ογίαν
490 2710 630 2780 ἔχων
656 2710 798 2778 ὑπὲρ
818 2703 892 2762 ὦν
915 2712 1130 2780 ἦμαρτε
1159 2711 1588 2778 προϐάλλεσθαι.
1610 2713 1745 2783 μήτε

151 2802 213 2864 ἐξ
242 2801 427 2871 ἔργων
450 2801 588 2871 ἔχων
614 2802 676 2854 τὺ
707 2801 1000 2867 σώζεσθαι,
1028 2804 1180 2855 οὐδὲν
1202 2804 1330 2857 ἄλλο
1358 2804 1449 2856 τὸν
1475 2806 1746 2874 Δικαστὴν

151 2891 398 2957 ἐξαιτεῖ,
433 2894 550 2947 ἀλλ’
580 2895 613 2964 ἢ
644 2894 800 2948 τοῦτο
830 2894 1029 2960 λέγων’
1067 2916 1085 2947 ι
1138 2895 1332 2965 Κύριε,
1370 2896 1446 2966 μὴ
1480 2896 1557 2966 τῷ
1588 2896 1747 2967 θυμῷ

155 2999 251 3034 σου
290 2983 587 3054 ἐξελέγξῃς
621 3002 709 3055 με.
766 3004 784 3036 ι
833 2982 1002 3048 Οἶδα,
1054 2986 1342 3049 Δέσποτα,
1391 2988 1475 3039 ὅτι
1520 2988 1749 3057 φρικτὸν

155 3076 452 3147 περιμένει
488 3094 554 3145 με
588 3078 975 3149 δικαστήριονο
1003 3080 1093 3131 ὅτε
1129 3079 1473 3149 προκαθίσας
1508 3081 1597 3131 ἐπὶ
1624 3080 1749 3149 Opo-

1830 792 1940 836 tum
1967 784 2017 836 in
2050 793 2221 837 strato
2246 798 2489 844 sensum,
2517 798 2579 835 ac
2608 797 2749 841 eam,
2778 798 2896 849 qua:
2929 792 3011 834 est
3029 781 3204 834 sancti
3236 781 3415 849 Spiri-

1832 882 1916 927 tus
1946 876 2205 937 adventu,
2237 874 2625 943 inspectiouem
2660 888 2673 925 :
2707 887 2804 925 nec
2827 889 2888 925 ea
2922 882 3129 925 tantum
3172 872 3293 939 quis
3319 874 3418 925 hoc

1833 966 1949 1019 loco
1978 967 2156 1019 videat
2186 968 2601 1034 comprehensa,
2643 979 2830 1019 verum
2857 966 3021 1017 etiam
3058 980 3121 1016 ex
3172 965 3264 1017 tali
3303 978 3425 1031 ραι-

1833 1057 2054 1109 nitentia
2085 1055 2436 1111 accedentem
2464 1066 2808 1123 peccatorum
2854 1053 3273 1118 remissionem;
3304 1053 3418 1107 da:-

1836 1164 2163 1217 monumque
2206 1148 2579 1203 confusionem
2616 1166 2679 1204 ac
2738 1147 2978 1203 hominis
3029 1147 3312 1203 inveterati
3367 1149 3421 1201 in

1836 1243 2074 1310 peccatis
2130 1242 2598 1297 reformationem.

1833 1403 1839 1409 ’
1908 1418 2219 1482 Enimvero,
2260 1417 2348 1473 hic
2396 1418 2615 1488 quidem
2652 1418 2861 1487 psalmo
2896 1418 3019 1473 linis
3050 1427 3154 1473 est.
3197 1417 3291 1471 Sic
3324 1433 3423 1474 au-

1840 1522 1946 1564 tem
1996 1512 2114 1581 ejus
2154 1514 2222 1567 ad
2254 1513 2479 1566 verbum
2534 1512 2697 1566 habet
2755 1512 3037 1579 inscriptio
3077 1531 3090 1566 :
3128 1531 3145 1564 ς
3180 1512 3429 1567 Psalmus

1841 1605 2029 1660 Davidi
2073 1606 2141 1661 de
2187 1619 2404 1661 octava.
2452 1627 2469 1659 ι
2510 1604 2810 1661 Consuevit
2858 1605 3139 1673 Scriptura
3188 1618 3428 1659 octavam

1840 1699 2114 1766 appellare
2144 1716 2287 1763 eam,
2314 1716 2433 1767 quat
2465 1699 2815 1768 subsequitur
2845 1698 3168 1766 septimam,
3195 1698 3295 1751 hoc
3322 1708 3427 1763 cst,

1843 1791 2005 1842 vitam
2042 1801 2405 1859 praesentem;
2436 1790 2592 1859 cujus
2615 1800 2820 1844 octavae
2855 1790 3024 1860 ﬁgura
3059 1789 3161 1842 fuit
3188 1789 3428 1843 circum-

546 1874 588 1947 ξς
621 1879 821 1942 τύπος,
872 1881 904 1948 ἡ
947 1879 1297 1948 ὀκταήμερος
1330 1882 1628 1947 περιτομή.
1667 1880 1734 1932 "0

1849 1884 1976 1937 cisio
2012 1856 2117 1937 diei
2173 1891 2402 1938 octavae.
2458 1856 2565 1937 sed
2595 1892 2648 1936 et
2683 1856 2917 1951 sapiens
2965 1882 3243 1944 Salomon,
3303 1883 3429 1934 dmn

1846 1994 1863 2025 ι
1914 1986 2122 2043 partem
2163 1976 2293 2030 dare
2325 1986 2553 2045 septem,
2588 1978 2719 2045 quin
2755 1984 2809 2029 et
2841 1985 2966 2029 octo
2998 1974 3068 2036 ⁷ο.
3105 1992 3123 2024 ι
3153 1974 3430 2036 admouet,

1844 2067 1987 2119 illam
2040 2068 2092 2120 in
2148 2069 2423 2136 integrum
2469 2083 2584 2121 aevo
2641 2068 2825 2121 futuro
2893 2066 3321 2125 restitutionem,
3370 2078 3434 2119 ac

1844 2159 2127 2228 praesentis
2157 2160 2337 2213 sarcnli
2364 2160 2527 2212 vitam
2555 2158 2710 2211 nobis
2732 2157 2929 2211 innuit.
2952 2155 3071 2211 Jam
3101 2171 3227 2211 vero
3257 2156 3434 2223 ipsum

1844 2264 2060 2318 quoque
2090 2248 2372 2303 videamus
2407 2249 2603 2318 psalmi
2630 2247 2867 2301 initimn.

1921 2444 1939 2476 ι
1977 2424 2230 2488 Domine,
2257 2440 2323 2479 ne
2360 2425 2414 2479 in
2444 2426 2631 2481 furore
2668 2435 2760 2480 tuo
2792 2441 2990 2495 arguas
3022 2440 3127 2478 me.
3162 2443 3180 2476 ι
3213 2424 3438 2493 Prospi-

1846 2519 1997 2575 ciens
2029 2519 2291 2589 propheta
2325 2518 2501 2572 oculis
2533 2520 2700 2573 animi
2738 2520 2983 2573 terribile
3016 2517 3147 2571 illud
3173 2517 3435 2582 tribunal,

1850 2618 2106 2679 tanquam
2136 2611 2281 2664 omni
2322 2611 2617 2665 destitutus
2663 2611 2884 2674 ﬁducia,
2938 2626 3038 2664 nec
3072 2609 3280 2663 habens
3311 2610 3440 2676 quid

1847 2702 2090 2772 proferat
2139 2701 2473 2756 defensionis
2513 2717 2611 2771 pro
2654 2702 2723 2756 iis
2769 2718 2892 2771 qua:
2936 2703 3205 2769 peccavit,
3264 2716 3440 2770 neque

1846 2810 1915 2848 e1
1969 2795 2230 2863 cperibus
2296 2794 2496 2848 salvari
2542 2797 2749 2860 valens,
2806 2795 2936 2848 nihil
2994 2794 3140 2849 aliud
3180 2810 3209 2847 a
3250 2793 3442 2849 Judice

1848 2887 2292 2958 postulat,quam
2325 2886 2468 2940 istud
2494 2887 2682 2941 dicens
2712 2905 2724 2941 :
2758 2905 2778 2939 ι
2810 2887 3061 2951 Domine,
3086 2902 3151 2941 ne
3174 2888 3227 2939 in
3256 2886 3442 2941 lurore

1853 2988 1943 3033 tuo
1978 2993 2176 3048 arguas
2205 2994 2308 3032 me.
2348 2998 2367 3029 ι
2407 2978 2558 3042 Scio,
2590 2977 2841 3043 Domine,
2892 2995 2977 3033 tne
3011 2993 3231 3032 manere
3278 2978 3439 3033 terri-

1852 3068 2273 3135 bilejudicium,
2321 3068 2541 3139 quando
2603 3068 2656 3123 in
2713 3069 2842 3123 sede
2891 3067 3197 3137 majestatis
3222 3067 3442 3122 excelso

154 3181 249 3219 νου
302 3164 617 3230 ἀστέκτου,
660 3165 895 3220 ἐνώπιον
958 3168 1211 3236 ἀγγέλων
1246 3170 1341 3221 καὶ
1398 3170 1578 3238 πάσης
1632 3171 1746 3223 κτί-

1854 3161 2171 3230 ρταιείιιειιε,
2225 3177 2411 3215 coram
2465 3160 2673 3230 angelis
2712 3176 2777 3215 ac
2807 3160 2955 3215 omni
3007 3171 3284 3227 creatura,
3320 3175 3442 3230 qua:

159 3271 337 3321 σεως,
393 3256 465 3309 τά
514 3259 699 3328 κρυφῆ
760 3261 1159 3329 πεπραγμένα,
1209 3262 1377 3312 πᾶσιν
1436 3260 1746 3330 ἀνθρώποις

156 3348 578 3412 ἀποκαλύπτεις
599 3392 612 3411 ,
671 3351 764 3403 καὶ
804 3352 872 3405 τὰ
902 3352 1042 3414 τέως
1071 3351 1407 3405 λανθάνοντα
1435 3357 1613 3415 ποιεῖς
1648 3370 1748 3421 φα-

156 3441 311 3509 νερά.
345 3439 515 3492 Ὅθεν
538 3441 659 3494 οὐδὲ
682 3443 867 3512 τολμῶ
892 3442 1241 3514 συγχώρησιν
1260 3445 1369 3497 τῶν
1401 3447 1424 3497 ὲ
1434 3445 1549 3512 μῶν
1572 3447 1749 3518 ἀμαρ-

158 3532 289 3584 τιῶν
318 3530 713 3600 ἐξαιτήσασθαι
735 3551 749 3565 ·
781 3535 865 3587 ὄτι
893 3533 1114 3603 μείζους
1142 3528 1323 3599 αὗται,
1356 3535 1498 3605 ὑπὲρ
1526 3537 1585 3588 τὸ
1611 3537 1747 3603 ἀφε-

163 3622 324 3691 θῆναί
351 3639 421 3691 με
441 3640 455 3652 ·
487 3623 570 3675 ὅτι
596 3624 769 3677 πλείω
796 3625 996 3687 παντὸς
1020 3624 1310 3697 ἀνθρώπου
1336 3629 1415 3689 εἰς
1448 3628 1508 3680 σὲ
1531 3629 1748 3699 ἐπλημ-

165 3715 383 3786 μέλησα
408 3732 422 3746 ·
464 3716 545 3768 ὅτι
581 3716 721 3787 ὑπὲρ
759 3718 851 3771 τὸν
886 3719 1096 3771 ἄσωτον
1133 3718 1393 3787 ἥμαρτον
1416 3734 1429 3746 ·
1486 3720 1569 3773 ὅτι
1607 3722 1749 3793 ὑπὲρ

165 3809 378 3861 ἐκεῖνον
419 3808 511 3860 τὸν
541 3808 610 3861 τὰ
646 3810 815 3879 μυρία
861 3827 944 3863 σοι
986 3809 1273 3877 ὀφείλοντα
1305 3810 1567 3877 τάλαντα,
1599 3813 1750 3881 ὀφει-

162 3897 326 3966 λέτης
361 3914 444 3951 σοι
480 3898 747 3969 κατέστην
782 3898 915 3966 ἐγώ.
954 3897 1086 3953 Οἶδα
1130 3901 1242 3970 γὰρ
1301 3903 1540 3971 ἐμαυτὸν
1588 3904 1749 3958 πλέον

162 3991 196 4061 ἦ
215 3992 311 4043 τδν
336 3990 592 4060 Τελώνην
616 3993 769 4061 παρᾶ
799 3993 893 4046 τοῦ
928 3992 1128 4063 ἐχθροῦ
1159 3994 1544 4064 τελωνηθέντα
1566 4014 1579 4027 ο
1607 3996 1750 4067 ὑπὲρ

160 4083 255 4135 τὸν
298 4082 520 4154 Λῃστὴν
551 4082 860 4153 λῃστρικῶς
895 4081 1158 4152 ζήσαντα,
1190 4084 1283 4137 καὶ
1313 4086 1453 4154 ὑπὲρ
1484 4086 1582 4156 τὴν
1609 4088 1752 4158 Πόρ-

163 4192 267 4244 νην
319 4191 403 4227 σοι
461 4174 787 4229 πταίσαντα.
844 4171 977 4228 Οἶδα
1008 4178 1089 4229 ὅτι
1126 4178 1220 4228 καὶ
1268 4177 1361 4230 τὸν
1408 4179 1749 4249 Μανασσῆν,

164 4264 453 4334 ἁνομήσας
504 4263 820 4335 παρήλασα.
859 4264 1023 4318 Ὅθεν
1083 4284 1101 4316 t
1142 4267 1197 4318 ai
1252 4267 1475 4336 ἀνομίαι
1513 4286 1613 4337 μου
1654 4268 1752 4341 τὴν

168 4356 421 4425 κεφαλήν
450 4373 555 4426 μου
606 4357 988 4428 ὑπεράρασαι,
1018 4357 1151 4410 ὡσεὶ
1184 4359 1404 4427 φορτίον
1439 4359 1579 4430 βαρῦ
1620 4360 1752 4413 ἐδα-

171 4447 452 4519 ρύνθησαν
500 4448 587 4500 ἐπ’
627 4447 765 4516 ἐμέο
814 4448 909 4500 καὶ
956 4448 1425 4520 ταλαιπωρήσας,
1472 4452 1753 4521 κατε-,κάμ-

1852 3264 1979 3309 sunt
2012 3255 2305 3308 cotmuissa
2351 3254 2405 3307 in
2441 3253 2680 3317 occulto,
2727 3253 2980 3307 omnibus
3030 3252 3343 3307 hominibus
3379 3268 3441 3308 es

1852 3345 2212 3412 revelaturus,
2245 3361 2308 3401 ac
2335 3345 2513 3415 palam
2561 3344 2827 3412 facturus,
2859 3360 2980 3415 qua:
3032 3345 3293 3399 hactenus
3322 3343 3443 3398 fue-

1853 3450 1981 3495 runt
2018 3440 2360 3496 abscondita.
2396 3440 2791 3508 Quamobrem,
2826 3453 2892 3493 ne
2924 3437 3145 3507 quidem
3196 3452 3439 3491 meorum

1851 3536 2066 3589 veniam
2125 3543 2471 3603 peccatorum
2527 3534 2701 3588 audeo
2752 3532 3032 3601 postulare
3068 3550 3081 3586 :
3117 3532 3313 3600 quippe
3349 3530 3440 3584 illa

1853 3629 2055 3697 majora
2097 3636 2245 3692 sunt,
2284 3641 2445 3696 quam
2480 3635 2539 3679 ut
2576 3626 2708 3679 mihi
2738 3626 2938 3679 remitti
2980 3626 3181 3678 debere
3213 3623 3439 3677 videan-

1854 3730 1961 3774 tur.
1996 3720 2206 3774 Etenim
2235 3720 2385 3773 omni
2420 3720 2639 3790 gravius
2666 3720 2884 3773 homine
2916 3718 2968 3771 in
3004 3731 3054 3772 te
3082 3718 3301 3786 deliqui.
3340 3716 3439 3770 Su-

1853 3828 1949 3882 pra
1982 3812 2276 3881 Prodigum
2317 3812 2536 3880 peccavi
2571 3813 2614 3841 “
2652 3829 2667 3866 :
2704 3826 2865 3879 supra
2905 3810 3052 3863 illum
3095 3810 3185 3879 qui
3223 3810 3442 3863 debitor

1852 3914 1970 3961 crat
2016 3906 2201 3959 decem
2254 3904 2482 3958 millium
2522 3903 2847 3958 talentorum
2880 3904 2946 3967 τ’,
2980 3902 3075 3957 tibi
3106 3917 3207 3971 ego
3228 3902 3441 3955 debitor

1853 3998 2179 4050 constitutus
2210 4012 2351 4051 sum.
2390 3994 2517 4051 Scio
2544 3996 2687 4051 enim
2718 4010 2884 4063 supra
2930 3994 3283 4049 Publicanum
3314 4010 3442 4063 gra-

1856 4089 2005 4142 viora
2060 4088 2194 4141 mihi
2251 4088 2320 4143 ab
2374 4087 2528 4143 hoste
2582 4088 2845 4157 imperata
2904 4087 3105 4140 tributa
3141 4086 3187 4116 ⁷³
3224 4103 3237 4139 :
3272 4100 3439 4153 supra

1854 4185 2167 4251 Latronem,
2199 4186 2404 4239 vixisse
2432 4183 2710 4239 latronum
2741 4199 2892 4238 more
2921 4183 3004 4246 7";
3032 4197 3096 4238 ac
3130 4198 3295 4249 supra
3330 4181 3441 4237 Me-

1856 4279 2131 4340 retricem,
2152 4284 2259 4330 tete
2289 4274 2578 4330 oﬂ'endisse
2605 4277 2672 4328 ⁷⁸.
2694 4274 2798 4329 Sed
2821 4284 2872 4328 et
2903 4276 3005 4328 hoc
3032 4275 3182 4337 scio,
3232 4274 3441 4327 Manas-

1856 4382 1951 4422 sen
2000 4380 2086 4420 me
2125 4366 2416 4435 iniquitate
2481 4364 2683 4419 vicisse
2727 4363 2797 4417 ".
2837 4362 2993 4419 Unde
3044 4382 3063 4416 ι
3121 4364 3438 4432 iniquitates

1861 4475 1992 4515 mea:
2029 4472 2394 4529 supergressa:
2440 4466 2606 4527 caput
2658 4472 2873 4520 meum,
2921 4457 3063 4509 sicut
3092 4471 3232 4509 onus
3273 4470 3440 4525 grave

172 4538 320 4608 φθην
363 4538 467 4600 ἕως
495 4538 703 4600 τέλους.
746 4558 764 4590 ι
812 4538 885 4589 Τὸ
916 4537 1088 4607 ὄνομα
1124 4555 1218 4590 σου
1248 4538 1310 4590 τὸ
1344 4538 1500 4607 ᾶγιον
1524 4539 1746 4613 παρώρ-

1861 4559 2101 4618 gravata;
2130 4559 2254 4602 sunt
2284 4564 2448 4617 super
2477 4563 2600 4601 me:
2641 4546 2914 4614 miserque
2953 4544 3200 4609 ell'ectus,
3241 4558 3440 4597 curva-

170 4648 341 4698 γισα,
378 4632 439 4683 τὸ
492 4630 720 4700 Πνεῦμα
773 4646 867 4682 σου
920 4629 1169 4700 ἐλύπησα
1194 4669 1209 4693 ,
1242 4630 1351 4684 τῶν
1386 4632 1614 4684 ἐντολῶν
1659 4651 1752 4687 σου

169 4724 533 4795 παρήκουσα¹,
579 4725 674 4776 τὸν
728 4721 960 4775 πλοῦτόν
1006 4740 1100 4775 σου
1136 4723 1323 4787 κακῶς
1362 4723 1752 4794 διεσκόρπισα,

170 4817 269 4869 καὶ
297 4816 361 4869 ὃν
385 4833 474 4885 μοι
501 4816 741 4879 δέδωκας
762 4816 1081 4888 ἀρραϐῶνα,
1110 4818 1169 4869 ὲν
1190 4816 1453 4879 ἀσωτίαις
1477 4820 1754 4888 ἀνήλωσα,

168 4909 264 4961 τὸν
309 4908 406 4960 τοῦ
440 4906 693 4977 σώματος
726 4908 855 4961 ναὸν
896 4908 1211 4971 ὲσπίλωσα,
1260 4908 1359 4980 τὴν
1412 4910 1535 4963 κατ’
1566 4911 1751 4965 εἰκόνα

172 5018 269 5055 σου
329 5000 488 5065 ἀξίαν
537 5000 878 5071 καθύϐρισα,
929 5000 989 5053 ὃν
1022 5000 1279 5065 ἐνέδυσάς
1336 5019 1403 5072 με
1450 5002 1753 5073 ἐρῤύπωσα

171 5092 411 5162 χιτῶνα,
446 5092 507 5144 τὸ
544 5093 835 5161 πρόσωπον
882 5092 910 5146 ὅ
964 5110 1056 5162 μοι
1091 5096 1156 5163 τῇ
1195 5095 1553 5163 ἀναγεννήσει
1593 5096 1753 5165 ἐφαί-

170 5185 406 5256 δρυνας,
448 5183 871 5253 κατηχρείωσα,
905 5184 1033 5247 τοὺς
1063 5184 1379 5257 ὀφθαλμοὺς
1413 5185 1507 5250 οὓς
1554 5188 1755 5255 seen.

174 5295 298 5343 σας,
337 5277 500 5331 πάλιν
536 5276 850 5345 ἐτύφλωσα,
874 5277 944 5330 τὰ
976 5277 1129 5347 χείλη
1167 5295 1269 5347 μου
1306 5279 1448 5347 ἅπερ
1479 5278 1716 5348 ήγίασας
1737 5320 1753 5347 ,

173 5375 344 5427 πάλιν
381 5373 639 5442 ἑμόλυνα.
676 5372 893 5426 Τούτων
923 5375 1179 5427 ἀπάντων
1217 5375 1447 5439 εὐθύνας
1480 5394 1549 5445 με
1586 5379 1753 5431 ἀπαι·

172 5468 305 5530 τῶν,
346 5462 464 5520 οἶδα
512 5466 597 5519 ὅτι
638 5468 1015 5536 παραστήσεις
1054 5484 1120 5537 με
1171 5469 1379 5538 γυμνὸν
1422 5468 1501 5538 τῷ
1543 5468 1751 5540 βήματι

176 5578 306 5629 σου,
337 5562 435 5614 καὶ
470 5561 541 5613 τά
592 5560 964 5630 πεπραγμένα
1005 5576 1095 5630 μοι
1146 5562 1322 5615 πάντα
1361 5562 1625 5631 ἐλὲγξεις,
1652 5564 1748 5618 καὶ

247 5738 296 5768 ὀ
312 5735 613 5819 ’ξιξςὶςο.]1,
639 5735 694 5789 2.
772 5737 817 5767 ⁷³
849 5734 981 5819 huc.
1013 5753 1067 5819 ν,
1218 5808 1229 5819 _
1262 5737 1309 5769 ⁷³
1345 5736 1741 5819 Μοιιιιρνινιιι,
1784 5738 1873 5795 24.

182 5807 237 5864 7.
312 5806 359 5839 ν.
404 5805 481 5861 μγ
520 5806 656 5875 αρκ,
700 5822 810 5867 χιι,
861 5808 941 5860 l6.
1024 5810 1065 5831 ”
1111 5808 1229 5864 l’s.l
1294 5824 1501 5873 sum,
1547 5809 1603 5870 ὃ.

1863 4653 1950 4696 tus
1980 4658 2101 4696 sum
2140 4656 2307 4708 usque
2336 4641 2387 4693 in
2424 4639 2584 4693 ﬁnem
2614 4638 2680 4691 ".
2727 4656 2747 4689 ι
2774 4635 2979 4691 Nomen
3015 4644 3259 4689 sanctum
3289 4647 3436 4687 tmnn

1863 4731 2101 4795 irritavi,
2145 4730 2407 4798 Spiritum
2457 4739 2605 4783 tuum
2651 4727 2990 4791 contristavi,
3032 4726 3301 4780 mandatis
3336 4726 3440 4779 tuis

1862 4840 1969 4878 non
1993 4822 2384 4891 obtemperavi,
2411 4830 2530 4877 tuas
2558 4837 2691 4891 opes
2719 4820 2857 4874 male
2884 4819 3165 4889 dissipavi,
3191 4834 3253 4872 ac
3276 4834 3438 4887 quam

1858 4916 1991 4973 mibi
2027 4916 2247 4969 arrham
2298 4915 2494 4969 dedisti
2548 4914 2599 4966 in
2646 4913 2877 4967 luxuriis
2930 4910 3267 4979 consumpsi,
3305 4920 3441 4962 temo

1858 5010 2002 5080 plum
2033 5008 2279 5077 corporis
2295 5004 2686 5072 contaminavi,
2714 5004 3030 5073 dignitatem
3052 5012 3157 5055 tua:
3186 5001 3440 5069 tmagiuis

1858 5099 2079 5163 violavi,
2108 5114 2271 5169 quam
2296 5114 2379 5152 me
2397 5097 2653 5151 indueras
2676 5096 2915 5149 tunicam
2939 5093 3193 5147 sordibus
3217 5091 3436 5154 laudavi,

1862 5192 2066 5247 vultum
2094 5207 2254 5262 quem
2290 5190 2420 5244 mihi
2448 5188 2856 5257 regeneratione
2889 5201 3235 5255 peroruaras,
3272 5184 3440 5251 turpi-

1864 5295 1947 5340 ter
1971 5284 2269 5339 del'ormavi
2304 5300 2317 5337 :
2367 5282 2553 5337 oculos
2590 5278 3195 5348 quos'illmuinaveras,
3244 5276 3437 5327 iterum

1860 5378 2164 5442 excaecavi;
2216 5375 2357 5429 labia
2403 5390 2520 5429 mea
2561 5388 2679 5442 qua:
2728 5370 3193 5432 sanctiﬁcaveras,
3252 5382 3441 5420 rursus

1860 5470 2049 5540 pollui.
2106 5470 2308 5524 llorum
2358 5468 2599 5523 omnium
2626 5481 2655 5519 a
2696 5480 2783 5519 me
2816 5464 3041 5532 exigens
3075 5475 3284 5529 poenas.
3325 5457 3444 5511 l'ore

1866 5564 1981 5618 scio
2008 5571 2067 5617 ut
2100 5563 2301 5617 nudum
2338 5575 2423 5615 me
2453 5569 2580 5614 ante
2635 5568 2785 5613 tuum
2832 5565 3041 5610 statuas
3091 5549 3349 5614 tribunal,
3379 5563 3442 5604 ac

1988 5741 2034 5772 ⁷³
2066 5738 2177 5797 Luc
2228 5754 2383 5805 xvm,
2418 5737 2502 5792 lt’.
2630 5735 2677 5767 ⁷⁸
2707 5733 2837 5789 Luc.
2874 5747 2926 5797 ι,
2954 5729 3043 5786 50.
3120 5727 3168 5759 ’³
3190 5724 3321 5782 Luc.
3347 5739 3443 5792 vn,
