4190 6438
789 400 924 462 1119

1991 404 2050 462 S.
2086 403 2484 464 ANASTASII
2527 408 2851 466 SINAlT£

3909 409 4051 472 1120

785 516 964 568 omnia
992 514 1118 567 mihi
1155 515 1443 568 commissa
1470 529 1695 581 arguas;
1732 530 1829 569 nec
1860 530 1978 567 esse
2010 515 2236 582 aliquid,
2264 532 2357 570 cu-

2471 520 2611 573 οὐδὲν
2659 522 2810 571 ἔσται
2849 521 2877 571 ὅ
2927 538 2992 589 με
3039 521 3255 590 ποιήσει
3304 520 3613 587 διαφυγεῖν.
3664 519 3825 571 Ἀλλὰ
3878 523 4052 572 ποιῶν

784 606 870 672 jus
896 620 996 674 ope
1008 603 1245 673 effugere
1265 604 1489 672 possim.
1512 604 1710 658 Verum
1733 607 1878 660 enim
1903 622 2023 659 cum
2042 622 2357 675 meargues,

789 697 1033 761 Domine,
1094 717 1112 749 ι
1152 696 1227 751 Ne
1259 697 1309 748 in
1344 696 1525 749 furore
1570 708 1664 749 tuo
1707 714 1904 765 arguas
1958 714 2059 751 me.
2108 718 2125 749 ι
2165 698 2217 751 Id
2248 717 2275 751 a
2312 710 2361 754 te

787 791 947 857 lucri,
972 793 1060 860 qui
1093 791 1239 843 solus
1263 789 1501 843 clemens
1524 806 1585 845 ac
1612 791 1875 853 benignus
1900 801 1999 854 est,
2031 806 2355 861 consequar.

789 880 909 936 Scis
934 884 1045 948 ipse
1071 882 1249 934 omnia
1279 883 1489 935 occulta
1516 897 1655 943 mea,
1681 898 1778 948 pro
1805 882 2003 950 quibus
2022 884 2186 935 etiam
2210 898 2358 951 rogo,

789 981 848 1026 υι
879 989 946 1028 ne
974 988 1155 1026 coram
1206 974 1412 1041 angelis
1451 985 1505 1028 et
1541 973 1850 1027 hominibus
1906 975 2263 1028 traducantur
2297 990 2361 1030 ac

790 1066 1148 1135 publicentur,
1182 1067 1246 1119 ad
1280 1067 1628 1137 Opprobrium
1665 1083 1863 1127 meum,
1894 1083 1956 1119 ac
1987 1067 2359 1121 confusionem

788 1167 1071 1213 :cternam.

865 1267 884 1300 ι
926 1248 1171 1313 Domine,
1206 1266 1272 1305 ne
1295 1252 1347 1304 in
1380 1250 1561 1305 furore
1594 1260 1684 1303 tuo
1715 1265 1908 1319 arguas
1939 1268 2043 1304 me.
2088 1272 2105 1302 ι
2138 1251 2193 1303 Si
2221 1250 2363 1319 peri-

794 1347 899 1398 turi
950 1346 1090 1400 reuis
1140 1347 1375 1399 furorem
1431 1362 1588 1399 nemo
1632 1346 1898 1399 sustinere
1948 1355 2145 1413 potest.
2195 1344 2362 1396 multo

792 1437 961 1504 magis
999 1436 1087 1490 Dei
1121 1435 1356 1489 furorem
1388 1448 1633 1491 creatura
1667 1436 1847 1502 aliqua
1876 1435 2145 1487 sustinere
2172 1436 2360 1502 possit.

795 1547 813 1577 ι
856 1526 1039 1595 Neque
1076 1528 1126 1580 in
1172 1528 1248 1582 ira
1288 1538 1374 1581 tua
1419 1530 1684 1598 corripias
1732 1542 1834 1579 me.
1877 1545 1894 1576 ι
1934 1525 2049 1579 Non
2099 1527 2364 1596 deprecor

787 1620 984 1687 corripi
1025 1638 1039 1674 :
1072 1621 1270 1689 quippe
1291 1622 1381 1690 qui
1413 1620 1674 1689 supplicio
1701 1620 1848 1673 omni
1876 1634 1939 1673 ac
1971 1633 2128 1687 paena
2166 1620 2363 1687 dignus

787 1713 889 1766 sim
921 1729 936 1776 ;
970 1715 1063 1769 sed
1113 1715 1213 1769 hoe
1262 1731 1414 1781 rogo,
1446 1723 1504 1767 ut
1536 1715 1862 1782 corripiens,
1902 1732 1920 1764 ι
1964 1728 2034 1767 ne
2070 1713 2123 1765 in
2157 1712 2233 1765 ira
2271 1721 2361 1764 tua

786 1804 1049 1871 corripias
1082 1820 1185 1856 me.
1220 1822 1237 1854 ι
1270 1804 1401 1857 Novi
1452 1804 1717 1858 latronem
1762 1819 1883 1855 cum
1926 1812 2131 1856 tantum
2174 1815 2363 1870 preces

2473 634 2563 685 μοι
2590 620 2678 668 τὸν
2714 617 2958 684 ἔλεγχον,
2985 617 3251 679 Δέσποτα,
3294 634 3312 666 ι
3354 615 3439 685 Μὴ
3472 615 3552 686 τῷ
3583 615 3743 685 θυμῷ
3775 633 3868 667 σου
3902 617 4051 684 ἐλέγο

2471 709 2567 779 ξης
2598 727 2684 778 με.
2726 730 2743 761 ι
2794 708 2964 761 Τοῦτο
2995 710 3243 777 κερδήσω
3289 709 3441 778 παρὰ
3476 707 3569 760 σοῦ
3608 707 3702 760 τοῦ
3745 708 3909 775 μόνου
3959 727 4050 776 φι-

2470 800 2810 870 λανθρώπου.
2863 797 3025 864 Οἶδας
3080 802 3238 863 uitii;
3300 801 3475 852 πάντα
3526 816 3627 867 μου
3673 802 3741 851 τά
3797 800 4049 866 κρύφια.

2470 895 2608 962 ὑπὲρ
2643 887 2717 945 ὧν
2759 896 2851 947 καὶ
2888 894 3113 963 δέομαι.
3169 895 3243 960 μὴ
3272 891 3736 961 δημοσιευθῆναι,
3780 890 3913 959 μηδὲ
3942 906 4050 958 φα-

2469 986 2774 1055 νερωθῆναι
2816 986 2957 1037 αὐτὰ
3012 985 3242 1037 ἐνώπιον
3289 986 3539 1052 ἀγγέλων
3589 984 3681 1037 καὶ
3710 983 4048 1055 ἀνθρώπων,

2469 1077 2549 1139 εἰς
2582 1077 2846 1147 αἰσχύνην
2877 1079 2969 1131 καὶ
2999 1078 3202 1140 ὄνειδος
3242 1076 3480 1131 αἰώνιον.

2546 1282 2562 1310 ι
2596 1261 2790 1330 Κύριε,
2821 1260 2894 1329 μὴ
2922 1258 2999 1325 τῷ
3031 1255 3187 1324 θυμῷ
3222 1273 3313 1307 σου
3340 1252 3565 1324 ἐλέγξῃς
3599 1269 3686 1321 με.
3725 1270 3744 1303 δ
3774 1253 3835 1304 El
3872 1249 4052 1321 φθαρ-

2470 1354 2562 1406 τοῦ
2595 1352 2860 1421 βασιλέως
2893 1350 3066 1410 οὖδεὶς
3093 1348 3316 1399 δύναται
3354 1346 3526 1415 θυμὸν
3562 1347 3828 1411 ἐνεγκεῖν,
3865 1343 4050 1412 πολλῷ

2475 1446 2672 1515 μᾶλλον
2712 1442 2847 1493 Θεοῦ
2885 1441 3053 1509 θυμὸν
3084 1439 3181 1507 οὐχ
3217 1440 3517 1507 ὑποστῆναι
3554 1437 3841 1505 δυνήσεται
3892 1436 4050 1487 πᾶσα

2472 1538 2670 1599 κτίσις.
2730 1554 2746 1585 ι
2801 1534 2953 1602 Μηδὲ
2984 1534 3049 1601 τῇ
3082 1532 3221 1600 ὀργῇ
3266 1546 3358 1581 σου
3406 1528 3703 1598 παιδεύσῃς
3737 1543 3822 1597 με.
3881 1547 3901 1579 ›
3933 1528 4049 1579 Οὐκ

2470 1632 2608 1696 ἁξιῶ
2647 1631 2722 1700 μὴ
2754 1626 3109 1694 παιδευθῆναι
3133 1643 3145 1655 ·
3189 1623 3339 1688 ἄξιος
3381 1623 3491 1693 γὰρ
3523 1621 3633 1691 ἐγὼ
3664 1622 3845 1691 πάσης
3893 1620 4051 1673 κολά-

2474 1738 2611 1782 σεως
2648 1720 2743 1770 καὶ
2785 1716 3088 1785 τιμωρίας·
3127 1714 3263 1767 ἀλλὰ
3293 1711 3588 1774 παιδεύων,
3629 1729 3647 1761 ι
3692 1710 3766 1780 μὴ
3808 1712 3876 1779 τῇ
3908 1709 4047 1779 ὀργῇ

2475 1831 2566 1865 σου
2631 1810 2929 1878 παιδεύσῃς
2986 1826 3071 1877 με.
3148 1825 3165 1856 ι
3227 1800 3355 1857 Οἶδα
3420 1801 3623 1874 λῃστὴν
3676 1802 4050 1870 αἰτησάμενον

786 1894 1093 1957 obtulisset,
1125 1896 1361 1964 paradisi
1416 1895 1598 1948 statim
1648 1896 1952 1964 ingressum
1986 1894 2262 1961 accepisse
2293 1893 2362 1947 ⁷⁸.

2472 1905 2631 1974 μόνον
2653 1944 2666 1964 ,
2702 1904 2795 1954 καὶ
2824 1902 3058 1953 λαϐόντα
3091 1897 3293 1959 εὐθέως
3320 1896 3651 1965 παραδείσου
3679 1892 3777 1962 τὴν
3812 1891 4049 1944 εἴσοδον.

786 1984 917 2039 Novi
948 1988 1289 2040 meretricem
1313 1988 1606 2040 accessisse
1621 2003 1743 2040 cum
1770 1987 2045 2056 lacryinis,
2074 2001 2174 2039 nec
2206 1986 2359 2038 venia

788 2074 1101 2128 frustratam
1133 2090 1255 2130 esse
1284 2077 1351 2129 ".
1386 2075 1515 2128 Novi
1565 2075 1922 2128 l’nlilicannm
1957 2092 2019 2129 ex
2057 2077 2165 2129 imo
2212 2076 2362 2145 inge-

788 2168 1011 2229 nmisse,
1045 2176 1098 2220 et
1122 2167 1476 2232 justifieatum
1508 2184 1629 2221 esse
1652 2168 1719 2219 ⁸ο.
1757 2167 1851 2220 llis
1878 2183 1979 2237 ego
2002 2168 2363 2221 miserabilior

786 2269 927 2308 smn.
974 2256 1079 2309 Nec
1111 2258 1254 2310 enim
1288 2258 1364 2310 uti
1403 2259 1479 2311 illi
1512 2259 1706 2312 habeo.
1742 2258 1875 2311 Nam
1908 2276 2012 2313 non
2044 2260 2217 2313 habeo
2246 2277 2365 2329 pro-

785 2363 984 2414 pensas
1023 2349 1308 2418 larrymas,
1345 2366 1448 2402 non
1490 2364 1673 2403 veram
1710 2351 2136 2416 confessionem,
2169 2368 2273 2405 non
2305 2362 2364 2407 ut

786 2454 851 2493 ex
883 2440 1044 2493 corde
1075 2442 1307 2509 gemitus
1338 2442 1681 2510 profundam,
1738 2459 1843 2496 non
1893 2444 2163 2497 sincerum
2206 2443 2364 2511 jeju-

787 2528 960 2591 nium,
995 2545 1101 2584 non
1133 2540 1498 2599 paupertatem
1553 2532 1800 2600 spiritus,
1839 2548 1943 2587 non
1988 2535 2263 2586 assiduam
2300 2549 2363 2587 ac

787 2620 1051 2673 intentam
1101 2624 1427 2685 orationem,
1478 2638 1585 2676 non
1624 2623 1837 2678 servavi
1900 2624 2245 2677 dilectionem
2295 2624 2361 2677 ad

787 2711 1121 2778 proximum,
1152 2727 1256 2764 non
1287 2713 1459 2765 habeo
1485 2728 1580 2766 cor
1606 2715 1893 2778 miserans,
1927 2725 1985 2768 ut
2013 2729 2224 2769 merear
2250 2714 2364 2782 ipse

787 2806 1213 2869 miserationem,
1238 2820 1343 2859 non
1369 2806 1541 2859 habeo
1570 2808 2063 2876 compunctionem,
2092 2818 2149 2860 nt
2180 2808 2361 2862 indul-

787 2898 1022 2963 gentiam
1063 2911 1388 2965 consequar,
1425 2912 1529 2951 non
1560 2899 1916 2953 sobrietatem
1950 2910 2042 2954 aut
2070 2901 2362 2969 puritatem

788 2989 1198 3058 cogitationum.
1232 2989 1346 3056 Qua
1373 2989 1487 3057 jam
1519 2989 1716 3055 fronte,
1754 3008 1861 3061 qua
1897 2993 2110 3047 licentia
2151 2993 2361 3047 veniam

788 3080 1109 3149 pustulaho?
1137 3079 1490 3150 Frequenter,
1527 3083 1776 3148 Domine,
1804 3094 2051 3137 acturum
2085 3100 2169 3138 me
2197 3086 2366 3153 paeni.

792 3173 1012 3227 tentiam
1044 3176 1314 3242 pollicitus
1343 3190 1485 3238 sum,
1517 3177 1610 3229 sed
1640 3176 1799 3229 fidem
1843 3176 1934 3230 tibi
1963 3177 2141 3230 datam
2177 3174 2360 3231 fefelli.

791 3264 947 3334 Saepe
980 3264 1033 3318 in
1058 3265 1287 3320 ecclesia
1313 3281 1495 3320 coram
1519 3276 1569 3321 te
1588 3267 1832 3334 procido,
1859 3282 2094 3335 moxque
2119 3283 2367 3335 egressus

792 3358 846 3411 in
874 3357 1076 3412 scelera
1106 3358 1303 3411 incido.
1324 3357 1531 3428 Smpius
1553 3359 1657 3413 mei
1685 3359 1940 3414 misertus
1963 3376 2043 3422 es,
2065 3376 2165 3427 ego
2192 3371 2370 3414 autem

790 3450 971 3518 sprevi
1014 3460 1084 3505 te.
1138 3449 1294 3519 Smpe
1340 3450 1576 3505 tolerans
1606 3451 1657 3504 iu
1693 3465 1778 3504 me
1824 3450 1994 3516 fuisti,
2050 3461 2373 3520 exspectans

760 3523 1166 3609 .ptenitentiam
1205 3558 1402 3608 meam,
1457 3559 1558 3613 ego
1608 3554 1787 3597 autem
1838 3544 2211 3611 pmniteutiam
2259 3557 2370 3598 non

790 3635 898 3704 egi.
924 3632 1077 3702 Sche
1106 3650 1192 3687 me
1215 3636 1460 3698 erexisti,
1482 3636 1705 3704 ipseque
1729 3651 1919 3689 rursus
1944 3650 2039 3702 per
2060 3634 2365 3688 socordiam

790 3725 1024 3779 concidi.
1056 3723 1279 3789 Quoties
1312 3740 1395 3780 me
1428 3726 1721 3790 cxaudisti,
1768 3740 1978 3795 egoque
2011 3727 2104 3780 tibi
2150 3725 2370 3781 auscul-

739 3816 748 3825 “
793 3828 910 3870 tare
935 3815 1115 3869 nolui?
1134 3814 1357 3880 Quoties
1384 3817 1512 3869 mihi
1537 3816 1748 3868 veniam
1774 3816 2010 3870 tribuisti
2033 3831 2047 3880 ;
2071 3831 2169 3885 ego
2192 3824 2370 3868 autent

794 3909 887 3960 tibi
914 3922 1189 3974 nunquam
1214 3908 1410 3961 servivi
1431 3908 1453 3959 ?
1474 3907 1698 3971 Quoties
1732 3918 2045 3975 peccantem
2079 3924 2165 3959 me
2199 3907 2372 3959 haud-

790 4016 1066 4068 quaquam
1113 4009 1397 4053 aversatns
1434 3999 1530 4052 es?
1580 4000 1686 4053 Sed
1724 4010 1980 4068 tanquam
2025 4011 2181 4066 pater
2210 3998 2369 4052 ulnas

791 4093 1106 4158 expandens
1150 4110 1165 4146 :
1200 4092 1565 4157 Convertere,
1610 4091 1826 4159 inquis,
1862 4107 1930 4145 ne
1963 4091 2179 4145 timeas.
2224 4090 2371 4143 Ceci-

789 4183 963 4237 disti?
1008 4182 1253 4251 Erigere.
1302 4182 1536 4253 Fugiens
1582 4182 1773 4253 procul
1820 4181 2137 4237 recessisti?
2169 4182 2369 4237 lterum

795 4274 933 4331 redi.
970 4275 1082 4329 Non
1121 4287 1172 4329 te
1196 4290 1459 4329 aversor:
1489 4292 1595 4328 non
1631 4290 1887 4330 exsecror
1923 4290 2103 4329 meum
2139 4275 2370 4345 figmen-

795 4378 931 4423 tum.
985 4367 1103 4423 Nou
1154 4369 1346 4423 claudo
1413 4368 1621 4423 viscera
1666 4368 1733 4422 ad
1780 4383 1957 4422 meum
2008 4366 2199 4421 lilium.
2254 4365 2369 4420 Non

793 4460 939 4513 enim
993 4475 1211 4529 possum
1256 4476 1380 4513 eum
1427 4461 1626 4525 odisse,
1683 4476 1847 4531 quem
1891 4460 2027 4514 meis
2070 4460 2184 4527 ipse
2239 4459 2367 4511 fitixi

2467 1994 2599 2048 υἷδα
2628 1997 2831 2063 πόρνην
2878 1994 3015 2063 μετὰ
3043 1990 3294 2060 δακρύων
3324 1986 3732 2055 προσελθοῦσαν
3758 2023 3773 2045 ,
3810 1982 3906 2035 καὶ
3944 1981 4048 2049 τῆς

2467 2090 2870 2156 συγχωρήσεως
2927 2083 3000 2153 μὴ
3050 2079 3452 2149 ἀποτυχοῦσαν.
3502 2071 3635 2129 Οἶδα
3679 2075 3937 2141 Τελώνην
3982 2076 4049 2125 ἐκ

2468 2181 2667 2250 βάθους
2721 2176 3081 2239 στενάξαντα,
3123 2173 3219 2223 καὶ
3256 2170 3639 2224 δικαιωθέντα.
3671 2167 3894 2218 Τούτων
3935 2164 4048 2231 ἐγὼ

2466 2272 2815 2342 ἀθλιώτερος.
2854 2268 2928 2320 Οὐ
2956 2267 3066 2335 γάρ
3103 2266 3217 2333 εἰμι
3241 2264 3316 2325 ὡς
3354 2261 3507 2315 αὐτοί
3530 2278 3544 2291 ο
3572 2260 3636 2311 οὐ
3668 2257 3778 2327 γὰρ
3805 2256 3913 2323 ἔχω
3951 2255 4048 2307 δά-

2465 2380 2634 2434 κρυον
2684 2359 2935 2421 ἐκτενὲς,
2984 2358 3085 2410 οὐκ
3130 2356 3238 2423 Ξχω
3286 2352 3680 2422 ἐξομολόγησιν
3728 2348 3942 2415 ἁληθῆ-
3984 2348 4045 2399 οὐ

2466 2458 2743 2524 κέκτημαι
2791 2450 3095 2519 στεναγμὸν
3132 2451 3196 2500 ἐκ
3234 2447 3485 2514 καρδίας,
3519 2444 3618 2495 οὐκ
3642 2441 3750 2511 ἔχω
3781 2441 4049 2510 νηστείαν

2467 2548 2734 2619 εἱλικρινῆ
2756 2587 2771 2610 ,
2802 2545 2903 2597 οὐκ
2928 2543 3036 2611 ἔχω
3061 2538 3340 2608 πτωχείαν
3376 2535 3777 2605 πνευματικὴν,
3810 2534 3912 2585 οὐκ
3938 2532 4049 2601 ἔχω

2464 2642 2689 2709 διηνεκῆ
2728 2636 3037 2707 προσευχὴν
3062 2676 3074 2694 ,
3131 2634 3353 2700 ἀγάπην
3392 2629 3529 2700 πρὸς
3558 2629 3650 2681 τὸν
3684 2626 3915 2693 πλησίον
3946 2625 4050 2677 οὐκ

2466 2731 2746 2800 ἐφύλαξα,
2822 2725 3165 2798 συμπάθειαν
3222 2725 3323 2776 οὐκ
3384 2722 3494 2791 ἔχω
3549 2721 3637 2773 ἵνα
3696 2716 4047 2786 συμπαθείας

2467 2823 2684 2889 ἀξιωθῶ
2708 2860 2723 2884 ,
2770 2819 3064 2884 κατάνυξιν
3095 2816 3196 2870 οὐκ
3224 2814 3361 2884 ἔχω,
3404 2815 3492 2865 ἶνα
3522 2808 3895 2881 συγχωρηθῶ,
3943 2824 4049 2859 σω-

2468 2917 2743 2987 φροσύνην
2768 2914 2869 2964 οὐκ
2900 2911 3010 2979 ἔχω
3042 2909 3161 2962 οὐδὲ
3189 2906 3541 2975 καθαρότητα
3571 2901 3871 2971 λογισμῶν.
3898 2898 4050 2967 [fuitp

2467 3007 2659 3061 λοιπὸν
2693 3003 3001 3075 προσώπῳ,
3040 3000 3171 3069 ποίεε⁵
3212 2997 3499 3068 παρρησία
3523 2996 3731 3065 αἰτήσω
3759 2991 4052 3063 ωγχὼρηο

2470 3115 2590 3162 σιν;
2632 3096 2901 3151 Πολλάκις
2932 3111 3051 3155 σοι,
3098 3091 3371 3149 Δέσποτα,
3414 3088 3699 3158 μετανοεῖν
3740 3082 4047 3148 συνεταξά-

2478 3208 2607 3260 μην,
2656 3186 2751 3240 κα“ι
2783 3183 3023 3253 ψεύστης
3048 3183 3144 3252 τῆς
3176 3181 3536 3249 ὑποσχήσεως
3575 3176 3868 3244 ἐγενόμην.
3912 3173 4052 3226 Πολ-

2473 3282 2629 3342 λάκις
2686 3281 2743 3331 ἐν
2800 3275 3068 3345 ἐκκλησίᾳ
3132 3290 3215 3325 σοι
3266 3270 3629 3340 προσπίπτω,
3686 3266 3782 3319 καὶ
3843 3264 4051 3326 εὐθέως

2471 3371 2829 3441 ἐξερχόμενος
2886 3367 2945 3417 ἐν
2996 3364 3253 3430 ἀνομίαις
3304 3362 3584 3429 ἐμπίπτω.
3654 3355 3927 3418 Πολλάκις
3983 3372 4051 3424 με

2471 3463 2732 3533 ⁴ηλέησας.
2775 3456 2887 3525 ἐγὼ
2919 3456 2977 3508 δέ
3012 3470 3072 3506 σε
3106 3452 3381 3523 ἡθέτησα·
3433 3448 3698 3510 πολλάκις
3735 3443 4053 3517 ἐμακροθύο

2476 3571 2657 3624 μησας
2688 3553 2767 3612 εἰς
2810 3550 2909 3619 ἐμὲ
2946 3547 3259 3617 περιμένων
3292 3560 3395 3613 μου
3432 3542 3531 3612 τὴν
3567 3539 3882 3609 μετάνοιαν,
3932 3536 4051 3591 ἀλλ’

2471 3642 2584 3715 ἐγὼ
2629 3643 2691 3696 οὐ
2749 3640 3074 3712 μετενόησα.
3122 3635 3394 3696 Πολλάκις
3446 3650 3519 3703 με
3566 3632 3912 3700 ἀνέστησας,
3955 3630 4053 3681 καὶ

2474 3736 2639 3793 πάλιν
2701 3732 2811 3803 ἐγὼ
2867 3732 3193 3803 ρᾳθυμήσας
3259 3727 3581 3781 κατέπεσον.
3641 3723 3889 3783 Ποσάκις
3946 3737 4052 3790 μου

2470 3829 2836 3898 εἰσήκουσας,
2883 3824 2993 3890 ἐγὼ
3032 3822 3089 3874 δέ
3133 3838 3226 3875 σου
3269 3819 3624 3888 παρήκουσας
3659 3813 3900 3877 Ποσάκις
3960 3830 4055 3882 μοι

2473 3922 2772 3988 συνέγνως·
2810 3916 2921 3984 ἐγὼ
2955 3915 3012 3967 δέ
3048 3931 3129 3967 σοι
3174 3911 3431 3965 οὐδέποτε
3466 3906 4056 3979 ἐθεράπευσαςῐιοσά-

2471 4033 2559 4076 κις
2593 4030 2659 4083 με
2698 4010 3088 4081 ἁμαρτάνοντα
3116 4006 3216 4058 οὐκ
3242 4002 3603 4070 ἀπεστράφης
3628 4040 3643 4064 ,
3678 3997 3795 4052 ἀλλ’
3833 3997 3913 4059 ὡς
3940 4012 4054 4049 πα-

2471 4109 2575 4177 τὴρ
2591 4106 2690 4168 τὰς
2720 4102 2973 4171 ἀγκάλας
3016 4095 3382 4167 εφαπλὼσαςς
3426 4091 3857 4163 Ἐπιστράφηθι.
3888 4089 4055 4159 ἔφης,

2475 4198 2550 4268 μὴ
2585 4192 2775 4264 φοϐοῦ.
2803 4194 3073 4253 Ἔπεσες;
3105 4188 3293 4257 Στῆθι.
3325 4184 3554 4253 Φεύγων
3578 4179 4051 4251 άπεμακρύνθης,

2472 4290 2637 4345 πάλιν
2662 4285 2807 4339 ἐλθέ.
2836 4284 2947 4338 Οὐκ
2978 4278 3401 4349 ἀποστρέφομαί
3429 4294 3513 4337 σε.
3548 4276 3650 4328 οὐκ
3680 4273 3955 4337 ὀνειδίζω.
3988 4273 4052 4325 οὗ

2473 4379 2835 4452 βδελύσσομαι
2866 4377 2929 4428 τὸ
2968 4374 3102 4444 ἐμὸν
3134 4373 3385 4440 πλάσμα,
3426 4370 3491 4423 οὐ
3524 4368 3689 4422 κλείω
3720 4366 3791 4420 τὰ
3834 4364 4056 4432 σπλάγ-

2473 4493 2576 4545 χνα
2608 4472 2741 4542 πρὸς
2768 4471 2831 4523 τὺ
2860 4467 2992 4539 ἐμδν
3020 4466 3244 4528 τέκνον,
3283 4464 3346 4517 οὐ
3380 4461 3491 4532 γὰρ
3520 4460 3758 4528 δύναμαι
3795 4460 4054 4545 μισῆσαι,

797 4552 1090 4616 inanibus;
1141 4568 1238 4621 pro
1281 4568 1391 4622 quo
1423 4556 1690 4624 meipsum
1741 4553 2059 4614 humiliavi;
2114 4566 2213 4620 pro
2256 4566 2365 4619 quo

2472 4544 2531 4619 ὃν
2564 4567 2683 4625 ταῖς
2711 4562 2868 4633 χερσὶ
2907 4560 3028 4622 ταῖς
3067 4557 3230 4627 ἐμαῖς
3261 4553 3531 4606 διέπλασα
3551 4569 3565 4582 ·
3598 4552 3739 4621 ὑπὲρ
3768 4544 3831 4602 οὗ
3874 4552 4057 4618 ἐμαυ-

797 4643 959 4697 etfudi
1005 4643 1327 4714 sanguinem
1368 4659 1569 4699 meum.
1604 4647 1673 4699 At
1708 4659 1808 4714 ego
1833 4658 2134 4714 aggravans
2158 4658 2369 4710 aurem,

798 4753 902 4790 non
926 4737 1144 4791 adhibui
1178 4737 1444 4801 animum,
1478 4753 1578 4793 nec
1600 4752 1719 4792 sum
1738 4752 2059 4792 conversus.
2081 4734 2371 4804 Tanquam

797 4845 928 4897 ergo
958 4829 1044 4882 cui
1071 4840 1295 4897 cognata
1330 4830 1401 4884 sit
1424 4830 1725 4884 clementia!
1751 4846 1815 4885 ae
1837 4830 2189 4900 benignitatis
2215 4831 2374 4902 abys-

798 4941 915 4986 sus,
950 4938 1014 4976 ac
1047 4921 1477 4992 longanimitatis
1522 4922 1765 4991 pelagus,
1804 4941 1821 4973 ι
1855 4938 1923 4977 ne
1972 4922 2023 4975 in
2059 4921 2243 4977 furore
2284 4932 2373 4976 tuo

801 5030 999 5085 arguas
1047 5030 1156 5078 me,
1206 5029 1381 5083 neque
1413 5016 1466 5067 in
1499 5015 1580 5067 ira
1613 5025 1699 5067 tua
1731 5015 1997 5082 corripias
2030 5031 2115 5069 me
2154 5034 2167 5068 :
2219 5034 2237 5067 ι
2276 5016 2368 5069 sed

799 5108 978 5165 adhuc
1024 5106 1345 5174 longanimis
1377 5108 1583 5161 sustine
1613 5122 1717 5160 me.
1747 5104 1827 5161 Ne
1856 5106 1966 5160 cito
1994 5116 2119 5160 ante
2158 5107 2370 5162 confes-

800 5200 1033 5264 sionem,
1085 5212 1350 5252 accusans
1395 5212 1502 5251 non
1565 5197 1707 5253 ferre
1751 5196 2009 5263 frnctmn,
2052 5199 2369 5253 excideris:

800 5291 893 5345 sed
924 5300 1185 5359 tanquam
1217 5289 1390 5345 bonus
1421 5306 1485 5345 ac
1513 5289 1772 5353 clemens,
1810 5291 1955 5345 hunc
1983 5306 2200 5359 quoque
2230 5291 2363 5345 mihi

804 5398 1004 5436 annum
1030 5383 1096 5437 ad
1125 5382 1494 5453 paenitentiam
1551 5383 1769 5451 largire.
1802 5381 1879 5437 Ne
1911 5398 1996 5436 me
2036 5382 2214 5437 adhuc
2263 5384 2365 5437 im-

802 5484 1049 5541 paratum
1078 5474 1335 5543 abripias,
1358 5489 1421 5528 ac
1449 5489 1571 5528 cum
1606 5474 1838 5529 necdum
1868 5474 2129 5528 virtutum
2167 5475 2368 5544 lampa-

804 5569 925 5623 dem
959 5571 1283 5633 acceperint,
1317 5575 1411 5619 aut
1443 5567 1642 5630 oleum,
1691 5581 1800 5637 quo
1849 5566 2031 5621 lumen
2081 5568 2375 5631 nutriatur,

807 5658 1243 5727 praeparaverim.
1286 5658 1361 5713 Ne
1396 5673 1480 5713 me
1524 5660 1801 5728 acceperis
1857 5658 2177 5713 destitutum
2228 5670 2375 5714 veste

878 5830 922 5857 τ’
959 5828 1088 5885 Luc.
1124 5846 1279 5890 XIIII,
1314 5830 1398 5884 4'5.
1478 5834 1521 5862 "
1556 5831 1685 5885 Lur.
1719 5848 1812 5885 HI.
1841 5834 1928 5885 37.

2007 5835 2049 5863 "'
2082 5833 2209 5887 Lur.
2248 5849 2397 5891 sint.

2474 4656 2566 4710 τὸν
2607 4652 2993 4709 ἐταπείνωσα’
3038 4648 3179 4717 ὑπὲρ
3232 4640 3294 4700 οὗ
3343 4645 3405 4698 τὸ
3459 4644 3593 4715 ἐμὸν
3639 4641 3835 4711 ἐξέχεα
3883 4636 4051 4710 αἷμα.

2488 4746 2629 4815 Ἐγὼ
2660 4746 2717 4799 δὲ
2762 4745 2862 4813 τὴν
2904 4741 3074 4811 ἀκοὴν
3127 4737 3391 4809 βαρύνας.
3425 4737 3486 4789 οὐ
3534 4736 3876 4806 προσέσχον,
3927 4734 4057 4786 οὐδὲ

2474 4836 2848 4907 ἐπεστράφην.
2893 4833 2982 4895 Ὠς
3022 4831 3264 4901 ἔμφυτον
3294 4823 3388 4883 οὖν
3432 4826 3571 4896 ἔχων
3602 4827 3700 4895 τῆς
3735 4823 4057 4893 φιλανθρω-

2475 4929 2604 4991 πίας
2634 4929 2732 4997 την
2769 4925 3007 4979 ἄϐυσσον
3028 4964 3041 4987 ,
3095 4922 3189 4975 καὶ
3225 4922 3326 4991 τῆς
3364 4917 3751 4990 μακροθυμίας
3785 4915 3847 4969 τὸ
3878 4915 4057 4968 πέλαο

2474 5040 2602 5091 γος,
2642 5040 2659 5069 ι
2700 5018 2791 5087 Μή
2827 5034 2895 5086 με
2924 5015 3003 5086 τῷ
3040 5012 3200 5084 θυμῷ
3227 5030 3321 5066 σου
3346 5011 3574 5080 ἐλέγξῃς
3598 5049 3613 5072 ,
3643 5008 3781 5079 μηδὲ
3812 5010 3881 5077 τῇ
3910 5009 4054 5077 ὀργῇ

2465 5131 2561 5166 σου
2590 5108 2912 5179 παιδεύσῃς.
2964 5127 2982 5159 ι
3023 5105 3163 5159 Ἀλλ’
3193 5104 3274 5157 ἐτι
3311 5102 3745 5173 μακροθύμησον
3777 5100 3868 5153 ἐπ’
3900 5101 4051 5167 ἐμοί.

2472 5205 2558 5274 Μὴ
2593 5202 2839 5273 σπεύσης
2893 5200 2993 5269 τῆς
3026 5198 3172 5269 ζωῆς
3204 5198 3309 5269 πρὸ
3353 5195 3549 5268 καιροῦ
3601 5194 3890 5264 ἐκθερίσαι
3941 5212 4013 5265 με
4038 5214 4053 5227 ο

2476 5295 2550 5365 μὴ
2585 5292 2829 5363 σπεύσῃς
2857 5289 3087 5359 ἐκκόψαι
3124 5306 3191 5359 με
3223 5288 3327 5357 πρὸ
3366 5286 3810 5358 ἐξομολογήσεως
3835 5324 3850 5347 .
3887 5288 4058 5354 ἐγκα-

2477 5389 2585 5441 λῶν
2638 5403 2727 5457 μοι
2779 5386 2837 5438 τὸ
2866 5384 3113 5454 ἄκαρπον
3142 5398 3155 5410 ·
3203 5380 3318 5434 ἀλλ’
3364 5378 3440 5442 ὡς
3484 5378 3689 5447 ἀγαθὸς
3730 5381 3827 5431 καὶ
3859 5378 4057 5447 φιλάνο

2482 5480 2719 5549 θρωπος,
2776 5476 3001 5547 χάρισαί
3052 5492 3141 5545 μοι
3188 5472 3325 5543 πρὸς
3358 5471 3649 5541 μετάνοιαν
3679 5469 3775 5523 καὶ
3802 5470 3964 5523 τοῦτο
3996 5472 4061 5523 τὸ

2470 5570 2609 5632 ἔτος.
2643 5569 2733 5638 Μὴ
2781 5568 3037 5636 άρπάσῃς
3088 5583 3153 5635 με
3186 5566 3473 5633 ἀνέτοιμον
3516 5563 3596 5616 ἔτι
3624 5562 3778 5625 ὄντα,
3808 5563 3907 5616 καὶ
3950 5563 4058 5633 τὴν

2468 5662 2574 5713 τῶν
2604 5661 2814 5728 ἀρετῶν
2851 5659 3109 5729 λαμπάδα
3146 5660 3311 5729 μήπω
3341 5656 3597 5716 λαϐόντα,
3632 5655 3766 5727 μηδέ
3798 5672 4055 5727 προετοιο

2434 5834 2506 5889 l0.
