4190 6438
136 396 267 455 ll‘Zl

1313 413 1596 473 ORATIO
1639 417 1718 476 IN
1759 422 2120 482 I‘SALMUM
2165 427 2262 484 VI.

3276 432 3412 499 1122

132 512 391 573 μασαντα
422 511 482 564 τδ
530 512 745 575 ἔλαιον,
779 518 878 586 τὴν
918 521 1123 590 τροςὴν
1151 522 1244 575 τοῦ
1283 528 1480 593 φωτός.
1518 530 1606 598 Μὴ
1641 531 1712 582 λά·

1834 537 2083 603 nuptiali,
2119 554 2216 591 nec
2257 540 2541 596 habentem
2588 542 2794 599 fructus
2848 543 3049 612 aliquid
3095 549 3238 615 quod
3278 551 3410 602 odi--

128 600 230 671 5!};
267 621 334 670 με
374 605 555 672 γάμον
586 609 660 677 μὴ
693 607 882 677 ἔχοντα
910 611 1136 682 ἔνδυμα,
1173 617 1306 686 μηδὲ
1340 621 1476 690 πρὸς
1512 640 1720 692 καρπο-

129 697 333 764 ξξορίαν
367 707 762 769 προσενεγκεῖν
799 704 880 756 σοί
912 723 963 758 τι
995 706 1186 777 ἔχοντα
1213 727 1227 738 ⁸
1258 711 1393 765 ἀλλὰ
1418 717 1722 784 φιλανθρω-

129 790 408 857 πεύθητι,
464 795 600 848 ἀλλὰ
633 799 734 865 τῆς
780 801 1152 869 χρηστότητος
1204 822 1298 858 σου
1344 807 1438 860 τὸν
1489 810 1719 866 πλοῦτον

127 882 432 949 ἐπίδειξον,
463 887 600 940 ἀλλὰ
629 891 1063 964 μακροθύμησον
1090 897 1168 948 ἔτι
1192 916 1298 968 ,μοι
1337 900 1375 962 Ι,
1396 902 1474 970 τῷ
1503 903 1718 971 ἀμελεῖ,

127 974 206 1042 τῷ
265 977 612 1049 ἁμαρτωλῷ,
674 981 752 1052 τῷ
803 985 1022 1055 ἀσώτῳ,
1087 988 1209 1059 [up]
1279 992 1589 1063 ἀγνώμονι,
1641 997 1719 1066 τῷ

128 1065 499 1139 ἁσπλάγχνῳ,
534 1073 612 1142 τῷ
638 1076 1003 1148 ταλαιπώρῳ,
1042 1081 1120 1150 τῷ
1167 1084 1375 1155 ἀναξῐῳ
1405 1087 1718 1161 φιλανθρωο

129 1153 292 1222 τξῖας,
322 1162 420 1214 καὶ
453 1165 632 1234 πάσης
659 1168 931 1235 τιμωρίας
960 1170 1120 1240 ἀξίῳ.

204 1271 222 1301 ι
275 1253 530 1323 Ἐλέησόν
563 1275 653 1324 με,
696 1258 887 1327 Κύριε,
916 1262 997 1314 ὃτι
1027 1264 1264 1334 ἀσθενής
1297 1270 1433 1337 εἰμι.
1478 1291 1491 1318 ρ
1529 1270 1718 1325 Ἀσθεα

129 1346 208 1395 νεῖ
242 1362 347 1413 μου
380 1350 411 1416 η
441 1348 658 1418 γνώμη,
692 1352 909 1405 ἀσθενεῖ
934 1373 1036 1424 μου
1067 1359 1094 1408 ὁ
1125 1358 1406 1428 λογισμός.
1439 1364 1718 1430 Ἐξέλιπεν

131 1435 162 1498 ὴ
207 1434 324 1503 ζωή
361 1455 540 1504 pomi
594 1441 874 1506 Ἐξέλιπον
904 1447 963 1498 ἐν
1017 1450 1341 1522 ματαιότητι
1399 1457 1455 1507 αἱ
1507 1459 1714 1528 ἡμέραι

131 1541 255 1591 μου,
295 1545 315 1575 ι
380 1529 472 1579 καὶ
518 1531 578 1582 τὸ
636 1533 791 1596 τέλος
831 1536 1072 1602 ἐγγίζον.
1141 1541 1280 1593 Ἀλλ’
1327 1543 1574 1599 ἔκτεινόν
1623 1566 1714 1617 μοι

126 1618 306 1684 χεῖρα,
334 1618 485 1688 βυθῷ
507 1626 888 1696 χειμαζομένῳ
907 1631 984 1700 τῷ
1002 1633 1113 1684 τῶν
1135 1634 1440 1703 ἁμαρτιῶν.
1469 1641 1714 1706 ’Δνοιξον

125 1711 318 1777 κάμοὶ,
349 1713 618 1778 Δέσποτα,
653 1718 750 1787 τὴν
775 1719 945 1791 θύραν
975 1725 1068 1777 τοῦ
1104 1727 1285 1788 ἐλέους
1319 1745 1435 1781 σου.
1469 1731 1716 1796 Ἀνοιξνιν

124 1805 381 1870 κρούοντι
417 1807 676 1871 ἀναξίως,
715 1813 808 1864 καὶ
840 1815 915 1884 μὴ
958 1817 1178 1888 κλείσῃς
1223 1821 1393 1891 αὐτὴν
1422 1825 1517 1876 ἀπ’
1550 1827 1710 1895 ἐμοῦ.

1831 643 1970 691 ram,
2000 630 2092 682 sed
2126 632 2255 685 mihi
2290 642 2408 687 esto
2440 637 2679 691 clemens
2705 653 2766 692 ac
2800 637 3102 708 benignus;
3134 643 3225 694 sed
3261 644 3410 696 boui-

1832 719 1959 774 tatis
1990 731 2094 774 tua:
2128 723 2351 779 divitias
2380 726 2594 791 exhibe,
2629 729 2722 784 sed
2765 730 2815 784 in
2853 746 2938 784 me
2971 730 3291 800 longanimis
3316 751 3410 803 pa-

1833 811 2074 866 tientiam
2111 817 2281 870 habe:
2307 833 2415 883 me,
2445 819 2686 891 inquam,
2722 823 3010 886 incurium,
3043 835 3407 892 peccatoretu,

1830 902 2190 970 luxuriosum,
2232 910 2524 975 ingratum,
2576 913 3089 980 immisericordem,
3124 916 3407 979 miserum,

1831 997 2110 1064 indignum
2142 1002 2430 1056 clementia
2462 1020 2526 1058 ac
2559 1006 2916 1075 benignitate,
2959 1023 3229 1078 positaque
3259 1009 3408 1062 uniui

1829 1103 1894 1142 ac
1927 1093 2192 1161 supplicio
2215 1095 2464 1165 dignum.

1905 1291 1924 1321 ι
1961 1271 2216 1330 Miserere
2246 1277 2374 1340 mei,
2406 1276 2653 1342 Domine,
2676 1279 2933 1348 quoniam
2955 1279 3204 1333 inlirmus
3227 1295 3402 1333 sum.)

1827 1361 2041 1420 lulirma
2071 1377 2153 1421 est
2192 1385 2344 1422 mens
2382 1385 2499 1423 mea
2535 1389 2546 1423 :
2579 1371 2795 1422 iulirma
2847 1371 3006 1425 ratio.
3059 1371 3264 1425 Deiecit
3298 1371 3405 1424 vita

1828 1471 1964 1509 mea.
2006 1475 2024 1508 ι
2061 1459 2381 1514 Defecerunt
2406 1461 2458 1513 in
2496 1462 2735 1515 vanitate
2761 1462 2874 1516 dies
2907 1464 3009 1516 mei
3035 1462 3101 1527 ⁸⁸,
3131 1482 3149 1515 ι
3177 1462 3410 1531 finisque

1826 1566 1992 1618 prope
2018 1561 2123 1604 est.
2162 1551 2364 1606 Verum
2390 1553 2524 1606 mihi
2552 1569 2772 1607 manum
2801 1555 3034 1623 porrige,
3066 1558 3154 1624 qui
3190 1557 3240 1609 in
3275 1571 3408 1624 pec~

1824 1651 2068 1695 calorum
2108 1644 2379 1712 profundo
2415 1645 2590 1714 jacter
2615 1656 2960 1716 tempestate.
2999 1647 3126 1700 Mihi
3161 1663 3403 1717 quoque,

1824 1729 2074 1795 Domine,
2126 1737 2272 1802 aperi
2317 1735 2544 1802 januam
2599 1748 2703 1791 tua:
2753 1738 3165 1792 Inisericordim.
3220 1738 3404 1806 Aperi,

1824 1839 2134 1892 quanquam
2170 1828 2385 1897 indigne
2417 1830 2674 1896 pulsanti,
2713 1845 2811 1883 nec
2842 1845 2958 1881 eam
2993 1831 3122 1882 mihi
3153 1831 3406 1882 occluse-

134 1896 261 1947 Ἐὰν
287 1898 400 1966 γὰρ
421 1901 483 1952 σὺ
518 1901 758 1974 κλείσῃς,
784 1907 868 1968 τες
901 1909 1139 1974 ἀνοίξει;
1187 1915 1312 1965 Ἐὰν
1344 1919 1407 1968 σὺ
1443 1917 1515 1987 μὴ
1547 1919 1712 1969 σπεύ-

1824 1917 1919 1970 ris.
1955 1917 2010 1972 Si
2043 1919 2188 1973 enim
2216 1931 2269 1973 tu
2302 1922 2588 1986 clauseris,
2615 1923 2736 1990 quis
2756 1938 2878 1977 eam
2914 1923 3128 1977 tandem
3160 1923 3406 1992 apen'et?

123 2006 222 2059 σης
243 2029 258 2048 ,
311 1994 397 2052 τίς
425 1993 616 2046 λοιπὸν
663 1995 923 2066 βοηθήσει
953 2016 967 2061 ;
996 2002 1170 2063 Αὐτὸς
1200 2006 1274 2066 ὡς
1329 2009 1490 2073 φύσει
1523 2009 1715 2075 φιλάν-

122 2080 370 2150 θρωπος,
407 2083 498 2146 δῦς
544 2087 734 2157 καιρὸν
771 2092 1086 2157 μετανοίας,
1138 2093 1226 2155 δὸς
1265 2097 1606 2168 ἐπιστροφῆς
1638 2099 1716 2152 λο-

119 2175 344 2242 γισμὸν.
384 2176 525 2229 Ὅσα
557 2176 626 2230 ἂν
661 2179 774 2246 ἐγὼ
816 2184 1048 2252 ποιήσω,
1087 2185 1326 2240 ἀδύνατα
1353 2191 1449 2242 καὶ
1478 2191 1714 2243 εὐκατά-

120 2266 255 2317 λυτα
290 2265 574 2334 μένουσιν.
604 2271 699 2325 Ei:
724 2273 826 2324 ὅσα
854 2275 921 2327 ἂν
951 2277 1313 2350 ἐπιχειρήσω,
1335 2281 1594 2350 ἄπρακτα
1622 2287 1716 2338 καὶ

121 2356 295 2425 ἀτελῆ
314 2359 579 2424 γίνονται.
610 2363 703 2433 Μὴ
729 2365 1066 2438 ἀναϐάλλῃς,
1097 2370 1363 2437 Δέσποτα,
1389 2374 1488 2443 τὴν
1519 2377 1713 2447 ἀκοὴν,

123 2449 262 2500 ἀλλὰ
299 2450 492 2512 σώζων
528 2456 589 2506 τὸ
631 2457 860 2527 πλάσμα
895 2477 990 2512 σου
1027 2462 1365 2531 πρόφθασον.
1405 2468 1478 2520 Σὺ
1508 2465 1673 2530 εἶπας
1697 2511 1712 2534 ,

121 2540 202 2590 ὅτι
240 2560 260 2591 ι
300 2543 378 2594 Οὐ
414 2544 684 2599 ἁδύνασθε
712 2551 883 2618 χωρὶς
919 2549 1052 2620 ἐμοῦ
1089 2556 1266 2606 ποιεῖν
1300 2557 1476 2610 οὐδέν.
1505 2575 1523 2608 ι
1569 2560 1713 2629 Πρό-

122 2631 256 2683 λαὸε
297 2636 364 2702 τῇ
416 2635 724 2709 ἐπιστροφῇ
774 2641 874 2708 τῆς
903 2645 1082 2712 ψυχῆς
1126 2662 1228 2712 μου
1269 2647 1368 2715 τῆς
1413 2650 1716 2718 παροδικῆς

122 2721 272 2790 ζωῆς
316 2723 412 2775 τὸν
452 2726 666 2795 χρόνον.
713 2729 849 2780 Ὑπὸ
897 2730 998 2798 τῆς
1047 2732 1264 2798 φύσεως
1310 2737 1710 2808 τυραννοῦμαι,

121 2812 228 2866 ὑπὸ
259 2814 364 2884 τῆς
407 2818 588 2887 κακῆς
631 2823 1010 2893 προαιρέσεως
1067 2826 1430 2897 ἐκϐιάζομαι,
1465 2832 1570 2885 ὑπὸ
1616 2835 1715 2902 τῆς

121 2911 376 2978 πονηρᾶς
432 2913 820 2984 ἀναγκάζομαι
878 2918 1200 2987 συνηθείαςο
1247 2921 1329 2974 διὸ
1387 2942 1406 2974 ε
1459 2925 1714 2995 Ἐλέησόν

123 3019 217 3069 με.
243 3003 329 3054 ὅτι
359 3003 595 3075 ἀσθενής
615 3007 751 3076 εἰμι.
789 3027 808 3058 ι
854 3009 1214 3080 Ἐκνευρίσας
1237 3015 1349 3082 γάρ
1373 3031 1441 3086 με
1463 3019 1491 3069 ὀ
1520 3019 1716 3089 ἐχθρός

123 3110 267 3161 μου,
339 3095 542 3166 ἀσθενῆ
606 3099 700 3151 καὶ
757 3103 1234 3171 τεταπεινωμένον
1286 3105 1567 3176 ἐποίησεν.
1655 3111 1713 3163 '0

1819 2006 1934 2062 Nisi
1970 2019 2026 2062 tu
2055 2009 2420 2078 festiuaveris,
2456 2018 2576 2082 quis
2606 2016 2822 2067 demum
2846 2016 2950 2068 erit
2976 2015 3213 2067 auxilio?
3242 2014 3405 2068 Plane

1821 2116 1999 2154 nemo.
2053 2101 2130 2154 Tu
2182 2105 2272 2172 qui
2313 2104 2451 2159 Deus
2504 2105 2744 2159 clemens
2796 2107 2872 2160 sis
2907 2122 2970 2160 ac
3001 2107 3298 2174 benignus,
3332 2110 3403 2162 da

1819 2191 2152 2257 pceuiteutite
2182 2202 2395 2262 tempus
2421 2211 2436 2257 ;
2471 2197 2714 2248 concede
2744 2197 3120 2249 conversionis
3149 2197 3402 2266 proposi-

1821 2290 1955 2336 tum.
2008 2284 2363 2352 Qutecunque
2410 2285 2555 2338 enim
2608 2284 2807 2346 fecero,
2847 2286 3076 2339 invalida
3127 2296 3305 2350 erunt,
3347 2297 3404 2339 ct

1818 2387 1939 2441 qua:
1966 2373 2125 2428 facile
2155 2386 2509 2430 evanescant.
2539 2376 2889 2445 Qumcuuque
2921 2376 3072 2430 fuero
3095 2391 3400 2445 aggressus,

1819 2466 2287 2522 eruntiueﬂicacia
2309 2470 2730 2538 acimperfecta.
2755 2471 2852 2533 Ne,
2877 2471 3124 2532 Domine,
3142 2470 3403 2524 exaudire

1819 2557 2060 2623 dilleras,
2099 2562 2192 2614 sed
2221 2561 2332 2615 cito
2358 2573 2508 2615 tuum
2533 2563 2850 2631 figmentum
2876 2562 3042 2616 salva.
3070 2561 3148 2615 Tu
3177 2563 3399 2618 dixisd:

1825 2669 1843 2702 ι
1892 2650 2023 2705 Sine
2053 2667 2138 2706 me
2175 2653 2311 2705 nihil
2346 2653 2575 2722 potestis
2607 2653 2786 2708 facere
2819 2654 2887 2708 ³².
2930 2673 2948 2705 ι
2991 2654 3262 2709 l’rzL-verte
3297 2655 3400 2724 igi-

1819 2751 1908 2796 tur
1937 2745 2298 2798 conversione
2343 2747 2537 2799 animte
2586 2760 2754 2808 mete,
2809 2757 3020 2813 tempus
3071 2746 3400 2800 transiteria:

1816 2834 1942 2888 vita:
1971 2851 2122 2888 nunc.
2155 2835 2284 2890 Mihi
2332 2847 2526 2890 natura
2557 2837 2664 2890 vim
2701 2836 2887 2900 infert,
2937 2837 3100 2891 infert
3135 2839 3272 2890 mala
3307 2854 3402 2892 vo-

1819 2927 2034 2991 luntas,
2095 2928 2262 2982 infert.
2327 2944 2494 2998 prava
2551 2932 2910 2985 consuetudo.
2980 2930 3399 2998 Quamobrem:

1822 3038 1842 3071 ι
1886 3021 2140 3076 Miserere
2165 3026 2290 3086 mei,
2311 3025 2564 3092 queuiam
2600 3024 2848 3077 infirmus
2875 3040 3016 3078 sum.
3044 3043 3062 3075 ι
3098 3024 3176 3078 Me
3200 3024 3400 3093 quippe

1821 3113 1995 3168 hostis
2033 3130 2185 3167 tuens
2219 3129 2513 3180 enervans,
2544 3113 2820 3168 inlirmuni
2857 3114 2986 3169 fecit.
3011 3133 3073 3169 ac
3104 3115 3395 3182 ahjectum.

119 3185 365 3256 ἀσθενὴς
399 3189 656 3242 ἰάσασθαι
687 3192 749 3243 οὐ
793 3193 1020 3247 δύναται
1051 3195 1242 3248 ἑαυτόν
1263 3213 1276 3227 ’
1327 3200 1354 3250 ὁ
1387 3216 1712 3271 συντετριμ-

125 3279 528 3298 _,1-_n,,n-
696 3285 709 3298 .
836 3285 937 3298 -.
1028 3287 1039 3298 .
1137 3288 1148 3298 .
1305 3291 1317 3298 .
1628 3291 1638 3298 .

1819 3205 1920 3270 Qui
1951 3216 2035 3260 est
2064 3207 2333 3271 infirmus,
2372 3207 2474 3261 sibi
2509 3207 2623 3276 ipse
2673 3209 2878 3262 mederi
2918 3224 3023 3261 non
3063 3217 3238 3276 potest
3267 3226 3279 3261 :
3306 3208 3399 3276 qui

122 3279 326 3344 μένος,
365 3279 634 3350 βοηθῆσαι
691 3285 874 3354 ἐαυτῷ
921 3288 980 3339 ἐν
1028 3287 1240 3356 ἰσχύει·
1295 3291 1324 3341 ὁ
1382 3291 1711 3359 πεπτωκὼς,

116 3371 222 3423 οὐκ
274 3372 567 3442 ἀνίστησιν
616 3376 828 3429 ἑαυτόν.
873 3396 889 3426 ι
941 3377 1198 3448 Ἐλέησόν
1234 3397 1331 3448 με,
1371 3382 1580 3451 Κύριε,
1631 3385 1714 3437 ὅτι

118 3464 359 3533 ἀσθενής
389 3468 522 3535 εἰμι.
559 3486 576 3516 ι
628 3467 686 3518 '(l
715 3469 960 3522 ἀσθενῶν
985 3472 1047 3522 οὺ
1094 3471 1318 3525 δύναται
1342 3475 1711 3544 ἐργάσασθαι·

115 3559 145 3607 ὀ
196 3558 432 3625 κάμνων
490 3560 672 3630 πάσης
740 3563 1024 3632 ἐνεργείας
1080 3567 1431 3635 ἀπείργεται.
1468 3588 1486 3619 ι
1532 3572 1712 3624 ’Ίασαί

122 3665 215 3716 με,
257 3647 457 3717 Κύριε,
489 3652 570 3703 ὅτι
602 3653 876 3724 ἐταράχθη
911 3656 980 3708 τὰ
1008 3658 1144 3709 ὀστᾶ
1167 3676 1291 3725 μου.
1342 3680 1359 3709 ι
1405 3660 1711 3735 Ἐταράχθη

122 3741 216 3791 καὶ
249 3741 546 3812 συνετρίϐη
580 3760 682 3811 μου
716 3747 784 3798 τὰ
811 3746 946 3798 ὁστᾶ
977 3747 1077 3817 τῆς
1105 3751 1320 3819 ψυχῆςο
1351 3755 1378 3804 ὁ
1401 3753 1456 3805 δὲ
1487 3755 1556 3806 τὰ
1581 3759 1714 3809 ὀστᾶ

121 3831 266 3898 ἔχων
323 3835 785 3903 συντετριμμένα,
832 3837 896 3889 οὐ
941 3838 1167 3893 δύναται
1220 3844 1461 3907 ἀναστὰς
1520 3848 1714 3917 ἐπιζη-

120 3923 290 3992 τῆσαι
354 3925 566 3993 ἰατρόν·
620 3928 680 3978 οὺ
731 3928 954 3981 δύναται
995 3931 1249 4000 δραμεῖν,
1309 3938 1404 3990 καὶ
1445 3940 1710 4009 ρυσθῆναι

121 4013 234 4065 τῶν
276 4014 511 4084 ἐχθρῶν.
566 4019 789 4083 Λοιπὸν,
845 4039 864 4072 ι
908 4023 982 4074 Σὺ
1034 4024 1291 4093 ζήτησον,
1345 4031 1621 4096 Δέσποτα,
1686 4038 1714 4088 ὁ

124 4107 302 4160 ἐλθὼν
336 4109 566 4181 ζητῆσαι
605 4115 701 4166 καὶ
728 4115 900 4168 σῶσαι
948 4119 1008 4170 τὸ
1039 4121 1340 4187 ἀπολωλός.
1388 4145 1406 4174 ι
1446 4128 1518 4180 Σὺ
1550 4130 1710 4181 πάλιν

124 4200 247 4253 ἐλθὲ
299 4202 440 4270 πρὸς
491 4204 592 4271 ἐμὲ
624 4206 716 4258 τὸν
767 4212 1142 4278 περιπεσόντα
1191 4219 1442 4284 λῃσταῖς,
1477 4222 1568 4271 καὶ
1614 4223 1711 4290 οὑχ

125 4293 408 4362 ἡμιθανῆ,
461 4295 598 4349 ἀλλὰ
632 4300 823 4367 νεκρὸν
854 4302 975 4354 ὅλον
1026 4312 1413 4374 πεποιηκόσιν.
1466 4330 1486 4362 ε
1531 4313 1712 4366 Ἴασαί

127 4402 218 4452 με,
260 4384 460 4456 Κύριε,
497 4389 593 4440 καλ⁵
626 4389 940 4460 ὶαθήσομαι.
975 4413 993 4445 ι
1035 4396 1216 4449 Ἴασαί
1251 4417 1341 4468 με,
1373 4402 1453 4454 ὅτι
1488 4406 1515 4455 ὁ
1547 4422 1712 4476 πονηο

129 4477 222 4544 ρος
249 4477 398 4546 ὄφις,
430 4478 632 4550 ἀσθενῆ
665 4497 732 4550 με
762 4483 1037 4553 διέθηκεν.
1077 4487 1135 4540 Ὀ
1164 4490 1400 4562 ἀσθενὴς
1435 4495 1570 4557 ὅλως
1610 4497 1705 4568 ἕρ-

1818 3299 2091 3352 contritus
2114 3309 2218 3362 est,
2252 3316 2357 3354 non
2383 3300 2523 3353 valet
2546 3301 2648 3353 sibi
2679 3317 2834 3368 opem
2865 3301 3006 3355 ferre
3028 3325 3036 3353 :
3061 3302 3150 3368 qui
3180 3300 3397 3363 cecidit,

1818 3405 1925 3443 non
1961 3391 2075 3457 ipse
2105 3405 2162 3445 se
2207 3391 2371 3459 erigit
2408 3410 2421 3446 :
2459 3411 2477 3443 ‹
2523 3392 2786 3446 Miserere
2819 3393 2944 3456 mei,
2983 3392 3232 3455 Domine,
3265 3409 3400 3460 quo-

1818 3480 1964 3533 niam
1997 3480 2248 3533 inlirmus
2283 3496 2426 3534 sum.
2469 3499 2486 3530 ι
2523 3481 2624 3544 Qui
2660 3489 2741 3532 est
2777 3479 3049 3543 infirmus,
3091 3495 3198 3532 non
3223 3487 3400 3547 potest

1816 3573 2029 3638 operari
2067 3589 2080 3624 :
2114 3572 2205 3639 qui
2238 3586 2381 3640 {eger
2403 3583 2507 3635 e5t,
2539 3573 2605 3625 ab
2633 3572 2780 3623 οηιηί
2816 3573 3136 3641 prohibetur
3159 3572 3394 3624 actione.

1823 3682 1841 3712 ι
1884 3662 2026 3716 Sana
2080 3678 2185 3724 me,
2239 3663 2482 3724 Doiuiue,
2538 3666 2792 3730 quoniam
2836 3663 3047 3714 turbata
3105 3672 3230 3715 sunt
3275 3678 3398 3716 ossa

1816 3771 1956 3808 mea.
1999 3774 2015 3804 ι
2059 3754 2291 3808 Turbata
2320 3766 2446 3808 sunt
2473 3773 2532 3808 ac
2564 3757 2800 3809 contrita
2833 3770 2965 3808 mea:
2999 3755 3194 3808 anima:
3223 3769 3344 3809 ossa
3379 3773 3392 3807 :

1815 3845 1966 3913 atqui
1994 3846 2202 3899 habens
2224 3848 2457 3900 contrita
2493 3863 2639 3912 ossa,
2676 3863 2782 3900 non
2809 3856 2988 3913 potest
3017 3861 3249 3915 surgens
3279 3864 3395 3899 nte-

1815 3935 1996 3988 dicutn
2055 3949 2488 4003 quaererentur:
2551 3948 2726 4005 potest
2782 3951 3042 4000 currere,
3092 3953 3154 3991 ac
3209 3938 3396 3990 hostes

1814 4027 2071 4098 eﬂ'ugere.
2107 4029 2259 4094 Quod
2289 4041 2559 4096 superest,
2593 4050 2610 4081 ι
2641 4032 2722 4084 'l'u
2757 4047 2861 4095 me,
2890 4032 3138 4097 Domine,
3159 4050 3394 4102 quzera~,

1814 4121 1904 4187 qui
1957 4119 2154 4173 venisti
2218 4136 2490 4188 quaarere,
2523 4136 2587 4174 ac
2639 4122 2847 4175 salvum
2896 4124 3076 4178 facere
3120 4126 3263 4192 quod
3301 4143 3395 4195 pe-

1817 4213 1981 4264 rierat
2013 4211 2080 4264 ⁸³.
2116 4231 2133 4263 ι
2167 4211 2245 4264 Tu
2281 4212 2475 4266 iterum
2528 4212 2592 4265 ad
2628 4229 2712 4266 me
2749 4215 2978 4277 accede,
3021 4218 3111 4285 qui
3148 4219 3196 4270 in
3225 4217 3393 4271 latru-

1816 4319 1909 4357 nes
1953 4304 2237 4358 inciderim
2274 4305 2356 4369 ἰς
2391 4323 2418 4358 a
2450 4305 2668 4373 quibus,
2718 4323 2821 4359 non
2853 4309 3261 4373 semimortuus,
3299 4310 3398 4363 sml

1814 4409 2062 4453 mortuus
2093 4408 2242 4452 totus
2271 4399 2514 4452 redditus
2539 4397 2666 4450 sim.
2707 4416 2726 4448 ι
2760 4398 2901 4451 Sana
2929 4415 3033 4461 nte,
3062 4400 3308 4464 Domine,
3342 4412 3396 4451 et

1814 4491 2052 4543 sanahor
2085 4491 2154 4545 ³⁵.
2196 4509 2214 4541 ι
2253 4489 2394 4544 Sana
2433 4504 2538 4552 me,
2569 4490 2696 4556 quia
2731 4507 2818 4543 me
2850 4491 3024 4544 malus
3053 4492 3137 4543 ille
3170 4508 3396 4560 serpens

127 4571 320 4637 ριπται
354 4570 592 4639 πτῶμα,
624 4571 749 4636 ὅλος
791 4576 987 4644 ἀργεῖ,
1051 4579 1213 4643 μόνον
1257 4587 1325 4654 τῇ
1373 4591 1524 4657 φωνῇ
1558 4590 1709 4643 καλεῖ

1819 4580 2089 4634 infirmum
2125 4581 2270 4635 fecit.
2299 4581 2402 4646 Qui
2438 4591 2520 4635 est
2551 4583 2823 4645 inlirmus,
2852 4591 3000 4636 totus
3026 4584 3269 4650 ahjectus
3311 4596 3397 4639 est

123 4657 215 4707 τὸν
255 4659 464 4727 ἰατρὸν,
502 4661 664 4729 μόνον
695 4663 812 4734 βοᾷ,
845 4667 940 4718 καὶ
970 4668 1061 4721 τὸν
1088 4672 1352 4741 ῥυόμενον
1382 4675 1556 4747 ζητεῖ.
1596 4681 1707 4733 Μό-

124 4763 212 4798 νον
232 4749 366 4810 τοὺς
392 4749 704 4819 ὀφθαλμοὺς
727 4755 895 4824 αἴρει,
919 4760 1012 4811 καὶ
1045 4761 1173 4813 πότε
1199 4762 1317 4832 ἥξει
1342 4774 1702 4836 περισκοπεῖ,

123 4839 217 4889 καὶ
271 4841 632 4908 ἐπισκέψεται
701 4847 885 4909 αὐτὸν,
930 4851 957 4901 ο
1021 4855 1148 4916 τοὺς
1207 4864 1705 4930 συντετριμμένους

121 4929 434 4998 δεσμεύων,
480 4934 573 4985 καὶ⁹
621 4937 863 5006 ἀνορθῶν
907 4943 1032 5004 τοὺς
1069 4950 1576 5018 κατερῤαγμένους,
1612 4959 1706 5008 καὶ

123 5019 315 5084 σώζων
345 5024 474 5086 τοὺς
501 5032 1011 5098 κατεγνωσμένους.

196 5214 215 5245 ο
255 5197 441 5249 Ἰασαί
478 5216 568 5268 με,
616 5202 812 5272 Κύριε,
850 5207 932 5258 ὃτι
983 5210 1259 5284 ἐταράχθη
1295 5216 1360 5268 τὰ
1390 5219 1522 5269 ὀστᾶ
1568 5237 1702 5289 μου⁸

122 5293 215 5344 καὶ
271 5294 305 5362 ὴ
353 5292 499 5364 ψυχή
565 5313 668 5364 μου
721 5301 1002 5373 ἐταράχθη
1057 5309 1284 5377 σφόδρα.
1327 5329 1344 5362 ι
1384 5314 1706 5382 Σωματικὸς

124 5386 242 5453 ἅμα
288 5385 388 5436 καὶ⁵
418 5386 650 5456 ψυχικὸς
693 5393 961 5446 κατέλαϐέ
1016 5415 1083 5466 με
1117 5401 1376 5471 τάραχος,
1422 5407 1702 5470 Δέσποτα,

122 5475 203 5528 ὅτι
269 5482 559 5546 σαρκικοῖς
613 5483 708 5534 καὶ
756 5484 1010 5555 ψυχικοῖς
1065 5495 1396 5564 περιέπεσον
1451 5499 1704 5555 πάθεσιν.

194 5592 239 5621 ⁸³
273 5591 419 5644 Psal.
453 5611 662 5657 urvu,
687 5599 774 5652 55.

152 5660 169 5673 ,
194 5602 240 5675 ’,ξ
275 5602 419 5675 Psal.
453 5611 662 5675 uxvir,
687 5602 774 5652 55.
853 5603 897 5634 ⁸³
922 5602 1075 5661 Joan.
1107 5625 1191 5675 xv,
1220 5611 1274 5664 5.

125 5659 169 5690 ’τ
203 5662 348 5716 Psal.
378 5679 561 5731 cxuv,
597 5669 680 5723 14.

1350 5614 1395 5645 ⁸³
1429 5614 1557 5670 Luc.
1595 5619 1757 5683 x,20.

1816 4673 1989 4725 instar
2021 4672 2326 4738 cadaveris,
2362 4684 2444 4726 est
2475 4682 2619 4726 totus
2649 4674 2795 4726 iners
2828 4691 2841 4728 :
2877 4683 3086 4727 tantum
3119 4691 3212 4728 ore
3241 4689 3396 4730 vocat

1816 4768 2104 4830 medicum,
2143 4775 2348 4818 tantum
2396 4766 2618 4831 clamat,
2656 4782 2719 4820 ac
2748 4767 2944 4834 quazrit
2983 4769 3224 4836 eumqui
3257 4769 3395 4823 libe-

1818 4867 1915 4910 ret.
1951 4857 2060 4915 Uoc
2090 4873 2257 4910 unum
2289 4857 2554 4925 reliquum
2585 4858 2767 4920 habet,
2802 4869 2857 4908 ut
2887 4860 3073 4911 oculos
3125 4860 3298 4922 tollat,
3329 4878 3394 4913 ac

1813 4950 2239 5019 circumspiciat,
2265 4951 2482 5019 quando
2500 4951 2542 5003 is
2569 4959 2832 5004 venturus
2857 4953 3006 5004 sitae
3029 4953 3393 5017 inspecturus,

1813 5044 1904 5113 qui
1941 5064 1958 5095 ι
1997 5044 2215 5114 colligat
2273 5046 2539 5098 contritos
2589 5045 2658 5109 “,
2709 5061 2772 5098 ac
2820 5045 2982 5097 elisos
3033 5044 3192 5112 erigit
3237 5044 3282 5074 ⁸⁷
3316 5063 3330 5098 :
3368 5065 3389 5096 ι

1815 5151 2016 5205 eosque
2043 5137 2234 5200 salvat,
2265 5151 2495 5204 quorum
2530 5137 2720 5190 salutis
2754 5153 2876 5205 spes
2907 5137 3050 5191 uuila
3081 5147 3215 5192 erat.

1896 5249 1914 5281 ι
1964 5230 2108 5283 Sana
2137 5243 2242 5292 me,
2290 5228 2538 5291 Domine,
2591 5229 2843 5298 quoniam
2894 5231 3212 5282 conturbata
3266 5241 3392 5284 sunt

1813 5337 1935 5375 ossa
1979 5336 2125 5384 mea;
2160 5328 2214 5373 et
2247 5320 2428 5373 anima
2463 5335 2579 5373 mea
2621 5322 2835 5374 turbata
2868 5331 2951 5374 est
2983 5322 3154 5374 valde.
3195 5339 3214 5371 ι
3255 5321 3391 5374 Cor-

1813 5415 1962 5483 puris
1994 5413 2154 5467 simul
2184 5422 2240 5466 et
2271 5412 2468 5467 anima:
2498 5413 2735 5465 turbatio
2770 5414 2966 5465 invasit
3003 5429 3107 5477 me,
3139 5412 3391 5476 Domine,

1811 5504 2010 5572 quippe
2038 5504 2130 5571 qui
2157 5504 2209 5556 in
2238 5505 2420 5558 carnis
2453 5519 2514 5557 ac
2559 5503 2724 5555 animi
2758 5503 3040 5570 passiones
3070 5519 3134 5558 ac
3171 5504 3391 5557 morbus

1834 5623 1880 5653 “
1908 5620 2041 5675 lhid.
2073 5620 2162 5675 50.
2214 5621 2258 5653 ⁸³
2290 5620 2490 5676 Jerem.
2522 5635 2654 5684 xm,
2698 5620 2781 5673 Η.
2852 5619 2896 5651 ⁸⁵
2930 5618 3074 5674 Psal.
3115 5633 3297 5686 cum,
3327 5617 3383 5672 ὅ.

1423 5798 1656 5854 ΥΛΠΙΞΕ
1707 5801 2110 5856 LECTIUNEES.

195 5843 211 5877 ³
246 5845 371 5915 Leg.
408 5849 502 5900 ἐπί
532 5868 642 5917 μοι.
