4190 6438
784 377 916 436 1123

1986 377 2046 433 ὃ.
2088 374 2489 434 ANASTASII
2534 375 2862 435 SlNAlT/E

3931 372 4071 436 1124

740 489 745 497 ’
780 484 1081 539 inciderim.
1122 502 1139 535 t
1185 484 1328 538 Sana
1363 498 1468 551 me,
1503 482 1756 552 quoniam
1804 483 2018 537 turbata
2067 493 2195 538 sunt
2229 499 2353 539 ossa

2478 505 2481 533 l
2531 486 2712 538 Ἴασαί
2750 502 2857 554 με,
2902 486 2983 537 ὃτι
3019 484 3299 555 ἐταράχθη
3323 486 3391 539 τὶ
3420 486 3555 539 ὀστᾶ
3593 504 3728 555 μου,
3772 505 3793 537 ›
3834 486 3907 540 τὰ
3941 503 4071 539 συν-

778 594 942 632 mea:
983 597 1002 630 ι
1042 592 1159 646 qua:
1196 575 1458 631 nimirum
1499 576 1783 631 continent
1828 590 1891 630 ac
1919 576 2231 642 astringunt
2282 577 2366 631 in.

779 671 1032 725 teriorem
1061 686 1238 724 meum
1270 670 1569 723 hominem.
1601 668 1859 735 Quantam
1904 684 2032 723 vero
2074 669 2209 722 illa?
2253 669 2366 724 Uti-

779 779 883 827 que
921 762 1072 827 ﬁdes,
1128 763 1431 832 prudentia.
1470 778 1615 833 spes,
1670 764 1931 825 Clltta'llas,
1981 762 2359 832 temperantia,

779 856 1137 919 continentia,
1157 854 1394 924 justitia,
1421 855 1617 923 pietas,
1646 855 2032 917 mansuetudo,
2064 853 2360 908 humilitas.

777 947 910 1000 0x3“
943 949 1052 999 luce
1083 948 1131 999 iu
1157 963 1241 999 me
1268 948 1506 1001 contrita
1542 958 1669 1003 sunt
1699 967 1711 1001 :
1742 963 1899 1003 secus
1929 958 2109 1001 autem
2137 956 2363 1000 sancto-

777 1055 894 1091 rum
929 1056 1071 1092 ossa.
1107 1039 1245 1105 Quid
1292 1039 1437 1095 enim
1472 1041 1516 1094 is
1550 1042 1663 1107 ipse
1698 1038 1969 1110 Propheta
2008 1040 2074 1094 de
2097 1039 2203 1092 illis
2232 1040 2309 1092 ait
2334 1041 2362 1089 .9

786 1151 803 1182 ι
848 1132 1097 1185 Custodit
1127 1132 1392 1187 Dominus
1436 1133 1617 1186 omnia
1659 1149 1780 1187 ossa
1828 1148 2014 1187 eorum
2051 1149 2065 1184 :
2103 1148 2268 1185 unum
2298 1147 2361 1185 ex

778 1224 862 1277 his
904 1239 1010 1277 non
1062 1236 1399 1279 conteretur.
1460 1226 1601 1279 Sana
1656 1242 1761 1288 me,
1826 1227 2069 1287 Domine,
2104 1225 2363 1293 quoniam

780 1316 993 1370 turbata
1019 1325 1145 1371 sunt
1168 1331 1291 1371 ossa
1313 1332 1429 1370 mea
1451 1334 1463 1370 ι
1486 1328 1533 1371 et
1554 1318 1733 1369 anima
1759 1334 1875 1369 mea
1902 1316 2114 1369 turbata
2145 1326 2231 1369 est
2254 1316 2357 1372 ".s

778 1409 1045 1475 Quorsum
1085 1410 1250 1461 vero?
1296 1407 1586 1474 Nimirum,
1620 1411 1710 1477 qui
1735 1409 1848 1474 jam
1890 1427 2015 1464 mea
2057 1415 2179 1464 tite
2227 1421 2363 1464 tem-

778 1516 877 1567 pus
909 1500 1141 1551 deiicere
1194 1498 1431 1562 videam,
1466 1501 1835 1567 propinquare
1869 1502 2056 1562 liuent,
2094 1501 2362 1553 defectam

778 1597 1113 1643 senectutem
1149 1592 1517 1658 prtetiuntiare
1540 1593 1900 1654 excisionem,
1936 1608 2230 1646 messorem
2255 1591 2365 1645 les-

782 1682 1043 1735 tinautem
1094 1682 1161 1744 ",
1220 1696 1283 1734 ac
1343 1682 1534 1734 falcem
1581 1683 2004 1735 ostendentem:
2056 1691 2361 1751 gestantem

780 1774 1014 1827 securim
1040 1774 1113 1836 ‘°,
1146 1788 1211 1827 ac
1243 1773 1620 1843 infrugiferam
1667 1775 1905 1828 animam
1937 1790 2111 1827 meam
2140 1774 2360 1827 exscin-

779 1867 1012 1919 dendam
1044 1868 1204 1920 citius
1236 1868 1588 1919 indicantem.
1619 1885 1637 1917 ι
1675 1865 1867 1919 Anima
1895 1881 2010 1919 mea
2039 1866 2251 1919 turbata
2283 1873 2367 1918 cst

781 1960 935 2011 valde
974 1961 1038 2013 ".
1079 1977 1097 2008 ι
1148 1957 1314 2011 Video
1346 1974 1432 2011 res
1465 1974 1614 2012 meas
1643 1958 1776 2012 nihil
1807 1959 2146 2020 emendatas,
2174 1972 2368 2027 meque

784 2050 835 2102 in
865 2052 980 2103 dies
1018 2052 1068 2102 in
1096 2051 1338 2104 deterius
1371 2050 1598 2119 prolabi.
1644 2069 1661 2102 t
1702 2052 1766 2104 Et
1793 2052 1973 2104 anima
2006 2066 2122 2104 mea
2152 2051 2366 2104 turbata

780 2155 864 2199 est
890 2145 1065 2199 valde.
1115 2164 1134 2197 ι
1173 2143 1342 2200 Video
1386 2147 1559 2199 l'urem
1593 2144 1961 2204 accedentem,
1994 2156 2059 2196 ac
2092 2157 2176 2194 me
2203 2157 2234 2196 c
2262 2140 2367 2194 vita

786 2253 979 2305 rapere
1029 2237 1376 2291 festinantem
1411 2253 1426 2289 :
1467 2255 1485 2287 t
1528 2237 1593 2289 Et
1639 2236 1818 2288 anima
1860 2250 1978 2288 mea
2034 2233 2245 2287 turbata
2283 2239 2369 2286 est

789 2329 962 2382 valde.
1016 2347 1035 2379 ι
1078 2328 1248 2382 Video
1293 2329 1587 2381 instantem
1618 2328 1742 2379 vita:
1792 2326 1999 2379 exitum
2047 2340 2240 2393 tneque
2274 2322 2370 2377 dc-

789 2419 1040 2473 stitutum
1074 2416 1483 2473 viatico.‘v’ideo
1512 2419 1784 2471 rationum
1800 2414 2133 2483 pradectum,
2167 2414 2371 2466 instru-

790 2520 1032 2566 mentum
1067 2512 1197 2565 tnihi
1241 2511 1643 2575 ostendentem,
1677 2525 1741 2563 ac
1773 2510 1991 2562 lictores
2040 2505 2179 2559 truci
2230 2518 2369 2573 quo~

790 2604 912 2658 dam
942 2614 1164 2673 aspectu
1197 2613 1541 2659 contuentes.
1578 2600 1747 2655 Video
1770 2603 1971 2656 multos
2001 2608 2367 2662 accusatores,

791 2706 1071 2766 patrouem
1103 2704 1283 2752 autem
1319 2695 1525 2749 nullum
1558 2712 1571 2749 :
1611 2713 1631 2745 ι
1677 2694 1743 2747 Et
1770 2694 1953 2747 anima
2001 2707 2119 2746 mea
2160 2691 2371 2744 turbata

789 2801 873 2843 est
906 2788 1080 2844 valde.
1126 2807 1145 2839 ι
1180 2788 1387 2841 Idcirco
1417 2787 1612 2841 horreo
1639 2802 1703 2840 ac
1723 2788 1918 2839 anxius
1946 2801 2089 2849 sum,
2121 2798 2219 2837 nec
2242 2782 2370 2851 quid

792 2883 987 2937 faciam
1030 2880 1232 2946 habeo;
1271 2881 1541 2949 siquidem
1576 2880 1721 2933 enim
1767 2879 1890 2932 vita:
1921 2877 2151 2947 spatium
2186 2884 2373 2946 postu-

791 2976 997 3037 larero,
1038 2988 1233 3028 vereor
1263 2988 1329 3027 ne
1359 2973 1489 3026 illud
1523 2986 1714 3025 rursus
1750 2971 1804 3023 in
1839 2980 2187 3039 peccatorum
2221 2967 2375 3021 cedat

790 3069 1067 3122 cumulum
1099 3086 1110 3120 :
1151 3069 1235 3123 sin
1271 3068 1572 3135 imparatus
1600 3065 1804 3127 abiero,
1840 3063 2037 3131 quibus
2079 3060 2253 3113 oculis
2282 3074 2375 3113 ve-

2470 577 2669 645 έχονςα
2718 585 2816 629 καὶ
2871 578 3244 645 συσςίγγοντα
3286 579 3377 631 τὸν
3423 579 3531 629 ἔσω
3582 595 3686 647 μου
3744 578 4069 645 ἄνθρωπον.

2470 667 2657 719 Ταῦτα
2694 668 2751 721 6':
2796 669 2916 721 τίνα
2969 671 3152 736 mea;
3205 672 3267 724 'll
3325 674 3546 736 πίστις,
3602 674 3635 741 ἠ
3688 673 4003 740 φρόνησις,
4038 675 4074 741 ἡ

2468 762 2683 832 ἀγάπη,
2718 763 2749 831 ἡ
2783 765 3109 835 σωφροσύνη
3132 807 3146 829 ,
3180 767 3213 835 ἡ
3254 768 3585 836 ἐγκράτεια,
3631 768 3662 835 ή
3696 765 4068 833 δικαιοσύνη,

2466 855 2498 921 ἡ
2529 856 2805 919 εὑσέ6;ια,
2839 858 2870 925 ἡ
2896 858 3161 926 πραότης,
3190 859 3742 928 ἡταπεινοφροσιένη.
3776 858 3974 909 Ταῦτα
4002 858 4072 909 τὰ

2465 948 2600 1000 ὀστᾶ
2635 950 3030 1019 συνετρίϐησαν
3067 953 3153 1002 ἐπ’
3197 952 3320 1020 ἐμοὶ
3341 990 3355 1014 ,
3383 951 3498 1003 ἀλλ’
3529 952 3589 1004 οὗ
3617 952 3724 1004 τῶν
3754 952 3958 1016 ἁγίων.
4004 953 4071 1003 Ἰ’ί

2467 1043 2576 1112 γάρ
2624 1061 2760 1112 φησι
2819 1044 2947 1112 περὶ
2983 1044 3165 1096 αὐτῶν
3210 1046 3236 1096 ὁ
3292 1043 3452 1106 αὐτὸς
3513 1039 3666 1106 οὗτος
3724 1045 4067 1112 Ιιροντήτηςς

2472 1157 2489 1187 ι
2525 1137 2792 1189 φυλάσσει
2838 1138 3045 1207 Κύριος
3096 1138 3276 1190 πάντα
3326 1137 3394 1189 τὰ
3431 1136 3567 1189 dati
3620 1137 3825 1188 αντιῖιν.
3876 1137 3978 1187 “liv
4011 1135 4068 1197 ἐξ

2467 1229 2644 1281 αὐτῶν
2685 1230 2747 1281 οὐ
2785 1230 3226 1299 συντριϐήσεται.
3268 1249 3285 1280 ι
3326 1261 3395 1269 —-
3432 1252 3445 1277 ι
3482 1230 3661 1282 Ἰασαί
3706 1246 3810 1297 με,
3858 1230 4069 1296 Κύριε,

2465 1323 2546 1373 ὅτι
2566 1321 2843 1391 ἐταράχθη
2864 1324 2934 1375 τὰ
2952 1323 3086 1375 ὀστᾶ
3114 1340 3235 1391 μου,
3259 1323 3354 1374 καὶ
3373 1324 3405 1390 ἡ
3425 1323 3569 1390 ψυχή
3598 1336 3699 1389 μου
3718 1320 4029 1389 ἐταράχθη.
4048 1338 4064 1369 t

2466 1417 2565 1467 Διὲι
2592 1414 2674 1476 τίς
2723 1414 2869 1483 ὐρῶ
2906 1416 3016 1484 γάρ
3063 1417 3165 1485 ἤδη
3198 1415 3387 1467 λοιπὸν
3421 1416 3513 1467 τὸν
3544 1416 3739 1484 χρόνον
3768 1418 3870 1483 τῆς
3915 1414 4069 1481 ζωῆς

2470 1524 2572 1576 μου
2628 1506 2982 1569 ἐκλείποντα,
3020 1509 3079 1560 τὸ
3131 1510 3285 1571 τέλος
3337 1508 3591 1575 ἐγγίζον,
3620 1510 3679 1560 τὸ
3725 1508 3916 1576 γῆρας
3964 1506 4069 1576 τὴν

2466 1603 2643 1672 τομὴν
2666 1602 3064 1673 προκληίέλλον,
3091 1605 3184 1654 τῂν
3217 1602 3473 1672 οερεςτὴν
3499 1603 3820 1657 σπεύδοντα.
3847 1602 3947 1652 καὶ
3966 1602 4068 1671 τὴν

2465 1693 2747 1763 δρεπάνην
2795 1695 3137 1756 δεικνύοντα,
3172 1694 3273 1763 τὴν
3322 1694 3513 1763 ἀξίνην
3562 1693 3929 1762 βαστάζοντα,
3970 1693 4069 1743 καὶ

3972 1799 4071 1832 ζὼ-

3982 1833 3994 1849 s

2466 1784 2564 1853 τὴν
2618 1787 2861 1854 ἐκκοπὴν
2912 1784 3211 1854 μηνύοντα,
3242 1785 3343 1852 τῆς
3380 1785 3659 1854 ἀκαρπίαν
3694 1782 3933 1852 ἐχούσης

2467 1878 2588 1946 χῆς·
2632 1896 2649 1927 ι
2708 1878 2769 1928 ἸΙ
2811 1878 2957 1947 ψυχή
2994 1894 3098 1945 μου
3145 1876 3418 1946 ἐταράχθη
3473 1877 3697 1946 σφόδρα.
3739 1894 3755 1926 i
3807 1873 3961 1943 ’0ρῶ
4001 1876 4071 1925 τὰ

2470 1971 2588 2023 κατ’
2640 1971 2741 2039 ἐμὲ
2782 1970 3119 2040 ἀδιόρθωτα,
3160 1970 3253 2023 καὶ
3300 1969 3439 2040 πρὸς
3481 1970 3543 2022 τὸ
3596 1972 3777 2039 χεῖρον
3818 1968 4072 2037 ἐμαυτὶν

2470 2064 2595 2117 καθ’
2626 2066 2842 2135 ἡμέραν
2870 2064 3191 2133 ἐρχόμενον.
3229 2083 3245 2114 ι
3278 2065 3388 2116 Καὶ
3412 2064 3443 2132 ἡ
3470 2062 3615 2131 ψυχή
3648 2078 3749 2130 μου
3777 2060 4069 2129 ἐταράχθη

2472 2156 2697 2225 σφόδρα.
2737 2176 2757 2208 ι
2814 2157 2953 2223 ’0ρῶ
3008 2156 3100 2209 τὸν
3138 2156 3381 2224 κλέπτην
3428 2155 3906 2225 προσεγγίζοντα,
3971 2152 4074 2205 καὶ

2468 2245 2717 2314 ἁρπάσαι
2746 2245 2843 2297 τοῦ
2873 2246 2989 2315 βίον
3033 2264 3099 2315 με
3130 2246 3432 2298 σπεύδοντα
3455 2263 3467 2273 ·
3512 2264 3529 2294 ι
3574 2245 3683 2297 Καὶ
3718 2246 3750 2313 ἠ
3780 2245 3935 2313 ψυχή
3965 2260 4073 2312 μου

2472 2338 2748 2408 ἐταράχθη
2786 2338 3023 2403 σφόδρα,
3064 2356 3082 2388 ι
3129 2338 3272 2405 Ὀρῶ
3300 2337 3400 2405 τὴν
3439 2336 3618 2401 ἔξοδον
3648 2333 3742 2387 τοῦ
3774 2334 3897 2401 βίου
3943 2336 4075 2385 ἑπι-

2474 2431 2699 2492 στὶςαν,
2730 2429 2875 2497 κάμὲ
2906 2429 2981 2497 μὴ
3013 2428 3210 2497 ἔχοντα
3242 2428 3476 2495 ὲιρόδιον.
3520 2428 3666 2495 Ὀρῶ
3707 2425 3801 2478 τὺν
3838 2424 4074 2493 7.0700:-

2470 2522 2667 2573 τοῦντκ
2696 2521 2758 2573 τὸ
2803 2520 3080 2588 ἕγγραφὸν
3121 2538 3213 2587 μοι
3257 2518 3687 2579 ἐπιδεικνύοντα,
3724 2519 3821 2570 καὶ
3860 2517 4075 2586 πικρὸν

2470 2612 2598 2673 τοὺς
2624 2610 2856 2680 δημίους
2900 2609 3302 2676 ἐμϐλέποντας.
3362 2607 3505 2676 Ὀρῶ
3538 2607 3769 2668 πολλοὺς
3800 2607 3936 2667 τοὺς
3964 2623 4073 2658 κα-

2472 2706 2778 2774 τητὸειους,
2828 2703 2923 2754 καὶ
2973 2702 3166 2754 οὐδένα
3212 2701 3537 2769 συνήγορον,
3602 2719 3620 2749 ι
3676 2699 3789 2751 Καὶ
3831 2700 3864 2767 ἡ
3912 2697 4067 2765 ψυχή

2478 2815 2581 2868 μου
2635 2796 2913 2869 ἐταράχθη
2976 2796 3204 2865 σφόδρα.
3254 2812 3271 2844 ι
3333 2793 3431 2845 Διά
3477 2791 3636 2844 τοῦτο
3700 2792 3918 2861 φρίττω
3970 2791 4072 2842 καὶ

2475 2892 2726 2958 ἀγωνιῶ,
2764 2891 2858 2942 καὶ
2900 2889 2951 2940 τί
3007 2889 3206 2958 πράξω
3252 2888 3353 2940 οὐκ
3398 2882 3537 2939 οἶδα.
3574 2887 3673 2938 Ἂν
3721 2886 3834 2953 γὰρ
3868 2884 4070 2954 χρόνον

2477 2985 2689 3054 αἰτήσω
2714 2982 2883 3052 ζωῆς,
2909 2979 3184 3050 φοϐοῦμαι
3216 2980 3291 3049 μὴ
3331 2977 3656 3047 προσθήκην
3682 2976 3846 3029 αὑτὸν
3880 2978 4070 3045 ἀμαρ-

2476 3078 2741 3147 τημάτων
2782 3078 3126 3147 ποιήσωμαι.
3183 3074 3281 3125 Ἂν
3330 3071 3405 3141 μὴ
3454 3069 3916 3140 προετοιμασθεὶς
3967 3085 4070 3119 πσ-

793 3161 1036 3216 nientem
1064 3160 1307 3231 judicent
1341 3160 1445 3214 sim
1471 3164 1873 3228 aspectatnrus,
1920 3156 2132 3225 ignoro.
2168 3152 2374 3220 Quippe

2482 3170 2685 3241 ρευοῶ,
2745 3169 2923 3229 ποίοις
2966 3166 3269 3234 deficiunt;
3312 3164 3580 3231 θεάσομαι
3610 3162 3703 3213 τὴν
3743 3160 3948 3230 κριτὴν
3978 3158 4070 3212 ἐλ-

792 3253 1013 3322 provexi
1065 3253 1132 3307 ad
1185 3266 1456 3307 summum
1517 3264 1687 3319 usque
1741 3249 1991 3311 malitiae;
2033 3262 2139 3301 non
2199 3254 2378 3300 cessat

796 3348 1061 3416 malignus
1077 3345 1378 3400 molestiam
1398 3344 1608 3409 facere;
1630 3340 2375 3412 hostesjugiterimpugnant;

798 3438 1114 3493 intestinum
1146 3438 1325 3493 carnis
1356 3436 1557 3491 bellum
1594 3434 1967 3490 vehementius
1998 3432 2127 3487 furit
2154 3449 2168 3495 ;
2198 3446 2379 3500 prava:

796 3529 1157 3598 cogitationes
1188 3544 1296 3582 non
1335 3529 1659 3599 quiescunt;
1697 3542 1796 3581 nec
1830 3542 2055 3596 usquam
2091 3536 2175 3580 est
2201 3524 2377 3595 pomi-

800 3622 991 3676 tentia.

874 3732 893 3767 ι
933 3714 1039 3769 Sed
1091 3722 1170 3778 tu,
1210 3712 1458 3780 Domine,
1511 3712 1831 3782 usquequo?
1883 3731 1901 3762 ι
1939 3710 2055 3766 Non
2105 3709 2380 3780 expressit

798 3808 1065 3877 propheta
1096 3807 1227 3877 quid
1278 3807 1397 3861 istis
1446 3807 1759 3874 signiﬁcare
1798 3805 1977 3859 vellet.
2025 3805 2188 3859 Forte
2222 3818 2372 3867 vero,

798 3915 920 3953 cum
946 3914 1013 3953 ex
1036 3898 1236 3954 summi
1268 3898 1415 3953 illius
1442 3898 1695 3952 mmo-oris
1724 3898 1797 3959 vi,
1828 3898 2001 3951 audax
2034 3895 2238 3964 aliquid
2272 3895 2379 3948 Deo

801 3990 960 4045 vellet
995 3991 1196 4054 dicere,
1248 3990 1485 4059 seipsum
1547 3989 1904 4043 nihilominus
1966 3986 2240 4050 cohibuit,
2282 4000 2380 4041 nec

801 4086 965 4139 audet
992 4084 1045 4137 in
1069 4083 1243 4153 palam
1267 4083 1587 4152 producere,
1616 4083 1711 4136 scd
1742 4083 1819 4136 ait
1849 4103 1860 4137 :
1888 4100 1905 4131 ι
1931 4082 1995 4135 Et
2021 4092 2101 4145 tu,
2133 4080 2378 4145 Domine,

801 4177 1123 4247 usquequo?
1166 4196 1185 4228 ι
1228 4176 1367 4232 Ecce
1396 4176 1550 4231 vides
1585 4175 1834 4244 pertinax
1881 4175 2180 4228 adversarii
2210 4175 2262 4227 in
2295 4186 2380 4227 nte

802 4282 1079 4325 certamen
1112 4288 1125 4323 :
1159 4272 1341 4324 carnis
1372 4285 1606 4340 pugnam
1649 4269 2195 4335 irreconciliabilem;
2224 4277 2381 4320 atrox

803 4363 936 4418 illud
966 4379 1031 4417 ac
1061 4372 1379 4433 perpetuum
1432 4364 1652 4428 bellum,
1681 4379 1745 4417 ac
1775 4364 1973 4418 virium
2010 4377 2250 4416 mearum
2285 4361 2383 4413 im-

807 4457 1174 4512 becillitatem.
1203 4455 1321 4509 .lam
1343 4472 1494 4527 ergo,
1520 4471 1824 4525 usquequo,
1846 4455 2089 4518 Domine,
2117 4453 2385 4522 patienter

806 4550 1079 4605 sustines?
1111 4564 1390 4617 usquequo
1428 4564 1533 4603 non
1584 4548 1906 4604 ulcisceris?
1958 4561 2240 4615 usquequo
2279 4560 2384 4597 non
2416 4541 2463 4598 ῐ)

806 4643 1024 4713 aspicis,
1060 4656 1159 4696 uec
1183 4641 1348 4694 abiis
1375 4641 1591 4705 liberas,
1625 4656 1854 4709 quorum
1890 4650 2119 4709 appetor
2150 4635 2383 4691 insidiis.

807 4736 1129 4804 Quanquam
1154 4735 1298 4788 enim
1330 4749 1430 4803 ego
1459 4734 1711 4803 indiguus
1738 4750 1854 4789 sum
1878 4751 1893 4797 ;
1922 4742 1974 4785 tu
2004 4742 2181 4785 tamen
2208 4728 2387 4784 multa:

812 4828 1201 4883 misericordia:
1235 4842 1298 4881 ac
1329 4826 1571 4881 clemens
1603 4841 1685 4880 es.
1720 4824 1874 4891 Quod
1907 4824 2149 4893 negligas
2183 4838 2245 4875 ac
2294 4822 2387 4875 de-

809 4920 1032 4989 spicias,
1055 4922 1227 4974 ruina:
1255 4919 1471 4973 occasio
1504 4920 1563 4971 lit
1598 4920 1685 4983 iis,
1717 4933 1855 4987 quos
1880 4917 2112 4971 deseris.
2149 4914 2291 4975 lla-e.
2324 4928 2390 4968 ac

814 5013 880 5065 iis
904 5012 1123 5073 similia,
1148 5014 1394 5082 cogitans
1418 5012 1680 5081 propheta
1714 5010 1824 5065 Deo
1850 5008 2121 5079 proloqui,
2152 5009 2389 5076 seipsum

810 5104 1077 5166 coercuit,
1127 5114 1185 5157 ut
1216 5118 1283 5157 uc
1328 5104 1406 5158 sic
1457 5104 1706 5173 loquens,
1754 5117 2014 5172 pugnare,
2047 5116 2112 5156 ac
2142 5100 2286 5154 velut
2336 5100 2390 5153 itt

815 5210 1036 5251 causam
1089 5196 1255 5249 Deum
1306 5211 1508 5251 vocare
1560 5197 1853 5251 videretur.
1908 5195 2281 5263 Deincepsque
2321 5190 2392 5247 ad

820 5287 911 5342 Dei
940 5287 1387 5356 supplicationem
1420 5290 1663 5342 animum
1697 5285 2060 5349 transferens,
2093 5287 2170 5339 ait
2206 5304 2219 5339 :

894 5398 912 5431 I
954 5380 1245 5445 Converte,
1277 5380 1540 5445 Domine;
1574 5381 1724 5449 eripe
1753 5381 1993 5434 animam
2022 5393 2197 5433 meam
2231 5396 2245 5433 :
2280 5377 2391 5432 sal-

824 5486 948 5525 vum
979 5486 1063 5525 me
1096 5471 1181 5525 fac
1220 5484 1441 5539 propter
1490 5471 1921 5527 misericordiam
1957 5478 2128 5523 tuam.
2171 5488 2189 5521 ι
2226 5466 2393 5521 Juxta

823 5563 1033 5617 Domini
1062 5564 1308 5631 proprias
1326 5565 1587 5629 rationes,
1609 5563 1773 5619 etiam
1800 5563 2066 5632 propheta
2089 5574 2393 5616 sermonem

824 5656 1088 5725 producit.
1125 5656 1223 5712 Ubi
1273 5657 1416 5711 enim
1469 5658 1718 5725 superius
1769 5656 2038 5712 dixisset:
2081 5674 2098 5706 ι
2140 5653 2397 5709 Miserere

894 5807 940 5838 ⁸⁸
965 5808 1106 5862 Psal.
1140 5824 1331 5876 xxxm,
1364 5810 1411 5877 Ι,
1444 5808 1500 5862 3.
1584 5809 1627 5841 ⁸¹¹
1655 5810 1820 5864 Matth
1895 5825 2019 5875 xui,
2055 5810 2141 5863 50.

2221 5810 2267 5840 ”
2300 5807 2433 5866 Luc.
2478 5823 2604 5871 xm,
2644 5807 2698 5861 6.

2485 3263 2649 3315 θόντα
2677 3260 2971 3332 ἀμηχανῶ.
3024 3259 3140 3311 Ἐπ’
3172 3259 3340 3325 ἀκρον
3379 3253 3576 3314 κακίας
3613 3251 3878 3323 ἐλήλυθα·
3913 3251 4015 3304 καὶ
4040 3253 4068 3303 6

2486 3358 2724 3428 πονηρὸς
2769 3354 2997 3424 διοχλῶν
3048 3353 3109 3406 οὐ
3165 3350 3417 3415 παύεται,
3451 3349 3501 3401 oi
3551 3346 3739 3418 ἐχθροὶ
3801 3346 4068 3415 πολεμεῖν

2483 3452 2584 3505 οὐκ
2627 3450 2993 3518 ἀφίστανται,
3038 3447 3067 3499 ὁ
3113 3445 3260 3497 ἔνδον
3289 3446 3390 3511 τῆς
3422 3440 3624 3510 σαρκὸς
3646 3438 3889 3508 πόλεμος
3932 3454 4067 3505 σφο-

2482 3541 2755 3613 δρώτερον
2778 3539 3151 3607 ἀγριαίνεται,
3183 3536 3234 3587 οἱ
3265 3531 3498 3602 πονηροὶ
3529 3530 3780 3599 λογισμοὶ
3811 3529 3917 3582 οὐκ
3941 3530 4068 3598 i195-

2488 3632 2650 3703 μοῦσι
2669 3647 2681 3659 ·
2711 3632 2803 3683 καὶ
2841 3629 3101 3699 μετάνοια
3124 3625 3383 3694 οὐδαμοῦ.

2560 3741 2580 3774 ι
2624 3721 2733 3775 Καὶ
2762 3722 2850 3785 σὺ,
2882 3720 3078 3789 Κύριε,
3099 3718 3205 3781 ’ἐως
3235 3718 3401 3781 πότε;
3437 3735 3457 3767 ι
3492 3717 3558 3769 Τί
3586 3714 3782 3785 δηλοῦν
3814 3709 4067 3765 ἐντεῦθεν

2489 3816 2765 3885 βούλεται,
2789 3814 2891 3867 οὐκ
2923 3812 3186 3880 ἐσήμανε.
3222 3811 3374 3879 Τάχα
3412 3811 3489 3873 δὲ,
3519 3812 3581 3875 ἐξ
3614 3811 3791 3878 ἄκρας
3825 3804 4067 3872 ἀθυμίας

2486 3907 2763 3978 τολμηρόν
2805 3924 2858 3959 τι
2908 3903 3144 3972 θελήσας
3193 3903 3372 3955 εἰπεῖν
3417 3902 3556 3972 πρὸς
3583 3900 3678 3953 τὸν
3725 3898 3881 3957 Θεὸν,
3915 3898 4069 3963 ὅμως

2487 4002 2678 4070 ἐπέχει
2708 3997 2923 4063 ἐαυτὸν,
2955 3997 3049 4051 καὶ
3070 3995 3231 4047 τοῦτο
3254 3995 3344 4047 ὑπ’
3371 3995 3495 4063 ὄψιν
3516 3994 3745 4061 ἀγαγεῖν
3769 3991 3831 4043 οὐ
3865 3988 3959 4042 τολ
3970 3988 4064 4057 μᾷ,

2488 4094 2625 4148 ἀλλὰ
2676 4108 2844 4162 φησιο
2894 4108 2912 4141 ι
2961 4089 3071 4141 Καὶ
3105 4087 3203 4156 σῦς,
3258 4085 3455 4153 Κύριε,
3490 4086 3594 4147 ἓως
3647 4083 3809 4145 πότε;
3844 4100 3863 4131 ι
3938 4078 4067 4131 Ἰδοὺ

2493 4184 2710 4249 βλέπεις
2756 4182 2857 4250 τὴν
2889 4180 3010 4231 κατ’
3061 4176 3199 4247 ἐμοῦ
3250 4176 3506 4228 ἔνστασιν
3558 4174 3656 4227 τοῦ
3703 4170 3928 4241 ἐχθροῦ,
3970 4168 4068 4237 τὴν

2490 4274 2753 4330 ἀσπονδωι
2778 4273 2877 4340 τῆς
2922 4268 3125 4340 σαρκὸς
3166 4269 3367 4337 μάχην,
3399 4265 3490 4318 τὸν
3521 4261 3939 4316 ἀκατάλλακτον
3969 4258 4067 4312 πό·

2490 4370 2546 4422 λε
2557 4386 2679 4437 μον,
2711 4366 2807 4418 καὶ
2835 4365 2933 4434 τὴν
2952 4362 3170 4415 ἀτονίαν
3195 4360 3295 4428 τῆς
3327 4358 3466 4428 ἐμῆς
3494 4356 3806 4425 δυνάμεως.
3842 4350 4066 4415 Λοιπὸν,

2490 4462 2597 4523 ἓως
2622 4460 2749 4511 πότε
2785 4455 3185 4527 μακροθυμεῖς,
3220 4450 3428 4521 Κύριες
3480 4448 3585 4507 ἕως
3625 4447 3754 4498 πότε
3790 4444 3895 4497 οὐκ
3926 4443 4068 4496 ἐκδι-

2492 4556 2640 4616 κεῖςς
2691 4552 2795 4613 ἕως
2843 4550 2975 4601 πότε
3001 4548 3103 4599 οὐκ
3139 4543 3486 4602 ἐπιδλὲπεις,
3541 4539 3636 4592 καὶ
3680 4538 3792 4589 τῶν
3850 4534 4068 4587 ἐπιϐου-

2493 4646 2759 4697 λευόντων
2804 4642 2905 4693 οῦκ
2959 4637 3351 4695 ἀπαλλάσσεις.
3405 4634 3468 4685 Εἰ
3517 4631 3629 4699 γὰρ
3666 4628 3763 4682 καὶ
3806 4626 3922 4693 ἐγὼ
3979 4627 4068 4679 ἀν-

2494 4733 2644 4797 άξιος
2665 4771 2680 4793 ,
2714 4730 2850 4783 ἀλλὰ
2905 4730 2968 4797 σὺ
3003 4725 3288 4786 πολυέλεος
3326 4723 3424 4775 καὶ
3466 4719 3851 4789 φιλάνθρωπος
3872 4733 3887 4746 ο
3937 4718 3970 4783 ἡ
4005 4715 4068 4785 σὴ

2494 4826 2802 4896 παρόρασις
2822 4864 2836 4885 ,
2869 4821 3226 4880 κατάπτωσις
3256 4816 3468 4884 γίνεται
3496 4815 3615 4875 τοῖς
3648 4809 4067 4879 ἐγκαταλιμπα-

2494 4918 2763 4987 νομένοις.
2811 4914 2998 4965 Ταῦτα
3044 4910 3140 4964 καὶ
3183 4909 3253 4961 τὰ
3283 4905 3506 4960 τοιαῦτα
3544 4904 3679 4975 πρὸς
3705 4902 3841 4955 Θεὸν
3872 4902 3903 4951 ὁ
3934 4917 4065 4971 προ-

2491 5010 2667 5079 φήτης
2698 5005 3130 5077 βουλευσάμενος
3163 4999 3539 5070 προενεγκεῖν,
3574 4995 3810 5062 ἐπέσχεν
3842 4992 4064 5055 ἑαυτὸν,

2492 5103 2580 5154 ἴνα
2614 5100 2689 5170 μὴ
2719 5098 3046 5170 μαχόμενος,
3071 5094 3165 5146 καὶ
3186 5088 3300 5144 οἷον
3322 5088 3703 5158 δικαζόμενος,
3728 5086 3881 5138 ἔνθεν
3905 5087 4063 5154 φανῇ

2493 5194 2587 5246 καὶ
2619 5192 2807 5243 λοιπὸν
2836 5191 2917 5251 εἰς
2961 5184 3172 5240 ἱκεσίαν
3224 5180 3362 5236 Θεοῦ
3409 5180 3711 5252 μεταφέρει
3777 5178 3872 5232 τὸν
3924 5177 4067 5243 λογιο

2494 5284 2655 5353 σμὸν,
2679 5281 2774 5335 καί
2804 5296 2971 5351 φησιν
2991 5294 3005 5309 ·

2570 5396 2588 5428 ι
2651 5373 3035 5443 Ἐπίστρεψσν,
3088 5371 3299 5442 Κύριε,
3368 5368 3530 5439 ῥῦσαι
3567 5364 3665 5435 τὴν
3716 5363 3900 5435 ψυχήν
3947 5380 4064 5432 μου,

2495 5470 2671 5525 σῶσόν
2700 5486 2767 5541 με
2785 5470 2973 5522 ἕνεκεν
2995 5465 3090 5520 τοῦ
3113 5465 3294 5525 ἐλέους
3318 5479 3433 5516 σου.
3474 5480 3491 5510 ι
3527 5459 3683 5513 Μετά
3702 5458 3772 5510 τὰ
3808 5456 4066 5527 ιδιώματα

2495 5560 2591 5614 τοῦ
2625 5560 2921 5621 Δεσπὸτου,
2954 5558 3188 5627 προάγει
3227 5555 3319 5607 τὸν
3351 5553 3510 5622 λόγον
3546 5552 3637 5605 καὶ
3684 5552 3713 5603 ὁ
3758 5546 4066 5618 προφήτης.

2499 5653 2682 5707 Εἰπὼν
2710 5652 2820 5725 γὰρ
2850 5650 3132 5720 ἀνωτέρω,
3178 5667 3196 5697 ι
3255 5646 3510 5715 Ἐλέησόν
3558 5660 3647 5713 με,
3680 5642 3857 5711 Κύριε
3878 5656 3892 5672 ο
3927 5638 4072 5691 ῖασαί

2774 5806 2817 5837 ’³
2850 5803 3041 5861 Matth.
3085 5814 3233 5867 xxiv,
3268 5799 3358 5852 ‘21.
