4190 6438
131 326 276 391 1125

1327 337 1612 399 ORATIO
1651 339 1732 401 IN
1774 341 2137 405 PSAIMUM
2168 332 2266 405 VII.

3278 347 3417 418 1126

129 458 218 509 με,
253 442 465 510 Κύριε,
492 460 508 494 t
546 444 741 511 επάγει
770 444 981 509 τούτοις
1012 445 1138 516 ἐξῆς
1167 448 1248 513 τὸ,
1272 465 1292 499 t
1328 447 1716 521 Ἐπίστρεψονε

1835 454 1960 518 mei,
1991 455 2247 518 Domine;
2270 470 2400 510 sana
2429 469 2536 522 me,
2564 455 2794 513 Domine
2820 475 2833 513 :
2865 475 2883 510 ι
2908 458 2974 512 iis
2998 460 3192 516 deinde
3215 462 3416 518 subne-

123 534 199 594 ὡς
231 536 459 604 ποιμὴν
494 536 864 607 ἐπίστρεψονσ
899 558 917 589 ι
941 540 1036 592 καὶ
1066 540 1142 603 ὡς
1165 541 1392 611 όδηγὸς,
1427 544 1586 611 ρύσαι
1607 563 1622 576 ·
1654 546 1729 609 ὡς

121 625 399 690 δυνατὸς,
440 645 457 677 ι
500 628 683 680 Σῶσόν
724 646 790 699 με
821 632 1013 685 ἕνεκεν
1040 636 1134 685 τοῦ
1185 632 1369 698 ἐλέους
1406 652 1518 689 σου.
1560 656 1579 689 ι
1617 640 1727 708 Οὐχ

124 716 291 768 ἕνεκα
324 717 447 768 τῶν
478 719 654 787 ἔργων
685 737 811 789 μου,
846 724 1060 795 πονηρὰ
1085 723 1195 795 γάρ
1226 725 1365 778 εἰσιν
1390 742 1404 755 ·
1433 728 1533 798 οὐχ
1563 728 1727 783 ἕνεκα

124 806 233 858 τῶν
264 808 456 875 λόγων
488 827 614 879 μου,
652 812 873 880 μάταιοι
906 816 1016 885 γάρ
1049 819 1186 868 εἰσιν
1207 833 1220 847 ·
1276 820 1373 887 ούγ
1422 820 1588 873 ἓνεκα
1617 822 1726 874 τῶν

125 898 420 965 λογισμῶν
469 920 594 971 μου,
647 907 887 976 ῥυπαροὶ
932 908 1040 978 γάρ
1071 910 1242 961 εἰσιν⁶
1276 911 1433 973 ἀλλὰ,
1488 931 1506 963 ι
1542 912 1724 967 Σῶσόν

127 1009 191 1060 με
224 994 426 1047 ἕνεκεν
453 996 548 1048 τοῦ
578 996 764 1060 ἐλέους
798 1015 917 1053 σου.
954 1018 973 1051 ι
1008 1001 1069 1053 Εἰ
1101 1002 1156 1054 δὲ
1205 1003 1537 1057 δικάσασθαι
1585 1008 1724 1075 πρός

126 1105 193 1156 με
232 1088 460 1157 βούλει,
508 1092 617 1159 ἐγὼ
665 1095 1043 1164 προλαμϐάνω
1078 1096 1176 1166 τὴν
1212 1098 1312 1167 σὴν
1368 1098 1574 1168 κρίσιν,
1629 1102 1721 1153 καὶ

124 1184 244 1233 κατ’
275 1185 534 1251 ἐμαυτοῦ
559 1187 658 1256 τὴν
703 1188 982 1255 ἀπόφασιν
1019 1190 1263 1260 ἐκφέρω,
1301 1192 1395 1244 καὶ
1430 1193 1680 1263 ὁμολογῶ
1702 1234 1716 1257 ,

122 1273 197 1325 ὅτι
227 1274 385 1337 ἄξιος
418 1276 657 1330 θανάτου
698 1279 833 1346 ἐγώ.
866 1281 1090 1344 Λοιπὸν,
1131 1300 1149 1332 ‹
1196 1281 1383 1336 Σῶσόν
1417 1302 1484 1354 με
1530 1286 1718 1338 ἕνεκεν

120 1361 213 1413 τοῦ
243 1363 448 1427 ἐλέους
496 1382 612 1421 σου.
650 1387 669 1421 ι
708 1369 803 1431 Ei;
829 1371 889 1422 τὸ
924 1370 1073 1432 ἔλεός
1105 1389 1200 1424 σου
1241 1376 1599 1443 καταφεύγω,
1630 1377 1720 1428 οὐ-

121 1454 204 1507 δὲν
256 1455 407 1525 ἔχων
442 1463 815 1529 προσαγαγεῖν
858 1478 964 1516 σοι.
1000 1462 1189 1527 Ἔλεος
1220 1465 1360 1518 αἰτῶ
1401 1467 1555 1535 παρά
1583 1466 1677 1519 σοῦ
1700 1485 1713 1498 ·

122 1548 193 1616 μὴ
220 1547 481 1623 ζητήσῃς
516 1570 583 1621 με
616 1554 718 1623 τὴν
750 1553 946 1608 τούτου
985 1558 1180 1626 τιμήν.
1225 1558 1416 1622 Οὐδεὶς
1446 1562 1557 1631 γάρ
1582 1578 1713 1613 ποτε

122 1640 212 1709 τὴν
264 1641 656 1712 ἐλεημοσύνην
708 1647 1052 1717 πιπράσκει,
1098 1650 1236 1703 ἀλλὰ
1283 1652 1457 1721 δῶρον
1506 1653 1714 1723 ταύτην

121 1734 373 1803 παρέχει.
406 1737 522 1799 Διὸ,
566 1755 585 1787 ι
622 1738 804 1791 Σῶσον
854 1756 921 1807 με
952 1741 1141 1794 ἐνεκεν
1169 1744 1264 1795 τού
1304 1744 1489 1807 ἐλέους
1528 1763 1645 1800 σου.
1688 1766 1705 1796 t

121 1829 410 1899 Μνήσθητι
444 1831 553 1883 τῶν
580 1833 754 1901 λόγων
784 1829 859 1887 ὧν
889 1837 948 1887 ἐν
980 1838 1100 1899 ταῖς
1128 1838 1311 1905 ἁγίαις
1340 1857 1433 1894 σου
1466 1841 1709 1910 Γραφαῖς

122 1926 348 1993 εἴρηκας
369 1941 385 1955 ’
422 1927 505 1981 ὅτι
549 1947 566 1979 t
620 1928 930 2001 Ἐπιμελῶς
958 1932 1208 2000 ἔγκειται
1246 1935 1459 1987 διάνοια
1488 1935 1583 1988 τοῦ
1617 1938 1711 1988 ἀν-

122 2017 339 2087 θρώπου
370 2022 468 2074 ἐπὶ
505 2022 573 2075 τά
598 2025 813 2095 πονηρά
834 2066 850 2090 ,
885 2028 948 2080 ἐκ
992 2028 1242 2096 νεότητος
1279 2028 1470 2082 αὑτοῦ.
1504 2048 1523 2081 ι
1557 2030 1709 2099 Μνή-

122 2110 272 2180 σθητι
303 2115 390 2166 ὅτι
412 2115 704 2185 ἄνθρωπος
730 2120 1052 2189 ματαιότητι
1082 2119 1361 2189 ὡμοιώθη,
1395 2121 1489 2174 καὶ
1518 2121 1620 2188 ὅτι,
1647 2124 1706 2176 ού

121 2201 533 2274 δικαιοθὴσεται
558 2208 795 2263 ἐνώπιόν
820 2228 912 2263 σου
945 2214 1055 2275 πᾶς
1084 2210 1211 2275 ζῶν.
1253 2230 1271 2263 ι
1322 2213 1450 2265 Ἐὰν
1478 2213 1709 2283 ἀνομίας

124 2301 515 2371 παρατηρήτῃ,
554 2301 638 2364 τίς
664 2303 1072 2375 ὑποστήσεταις
1112 2323 1132 2357 ι
1177 2306 1461 2375 Μνήσθητι
1490 2306 1573 2358 ὅτι
1612 2306 1705 2358 οὑ-

121 2386 222 2449 δεὶς
251 2390 501 2460 καθαρὸς
532 2393 641 2445 ἀπὸ
673 2394 873 2465 ῥύπου,
900 2395 1013 2448 οὐδ’
1042 2396 1110 2449 ἂν
1208 2397 1307 2466 μία
1328 2399 1513 2466 ἡμέρα
1534 2400 1566 2466 ἡ
1593 2398 1706 2468 ζωὴ

123 2478 312 2547 αὐτοῦς·
358 2484 458 2535 καὶ
502 2484 585 2536 ὅτι
643 2504 661 2535 ι
700 2487 760 2538 ἐν
794 2486 1052 2556 ἀνομίαις
1103 2488 1466 2558 συνελήφθην,
1516 2489 1610 2541 καὶ
1647 2490 1706 2542 ἐν

124 2568 423 2642 ἁμαρτίαις
468 2574 729 2643 ἐκίσσησέ
774 2593 841 2645 με
873 2578 906 2646 ή
938 2579 1121 2646 μήτηρ
1159 2595 1283 2647 μου.
1340 2597 1359 2629 ι
1416 2578 1705 2650 Μνήσθητι

124 2660 196 2712 ὅτι
219 2662 339 2715 οὐδὲ
375 2665 544 2727 αὐτὸς
572 2667 601 2718 ό
620 2665 851 2737 οὐρανὸς
880 2668 1123 2738 καθαρὸς
1155 2667 1387 2722 ἐνώπιόν
1420 2686 1515 2721 σου
1537 2686 1550 2698 ·
1583 2670 1704 2722 οὐδὲ

122 2754 164 2804 oi
183 2754 404 2822 ἄγγελοι
436 2758 597 2810 αὐτοὶ
622 2759 1003 2830 ἀναμάρτητοι
1040 2761 1271 2815 ἐνώπιόν
1304 2778 1423 2824 σου,
1446 2759 1500 2813 ετ
1523 2777 1583 2828 γε
1608 2761 1706 2813 καὶ

124 2845 176 2908 ἐξ
212 2849 447 2918 οὐρανοῦ
501 2849 698 2905 ἔπεσόν
752 2869 901 2914 τινες
945 2852 1015 2904 δι’
1066 2852 1453 2923 ὑπερηφανίαν
1497 2851 1699 2905 αὐτῶν.

130 2956 146 2988 ι
182 2940 408 2995 Ἕνεκεν
429 2943 526 2996 τοῦ
547 2944 734 3007 ἐλέους
760 2962 854 2998 σου
889 2945 1065 2998 σῶσόν
1094 2962 1160 3015 με
1180 2961 1195 2975 ⁸
1233 2964 1252 2998 ι
1279 2945 1377 3014 ἐμὲ
1409 2944 1501 2997 τὸν
1519 2944 1701 3007 ἐλέους

124 3029 385 3102 δεόμενον.
442 3037 507 3089 El
551 3036 661 3107 γὰρ
695 3038 787 3090 τὸν
814 3038 964 3101 ἄξιον
1013 3036 1244 3104 σώζεις,
1274 3040 1323 3091 εί
1356 3037 1448 3090 τὸν
1492 3036 1701 3090 δίκαιον

1832 548 1925 601 ctit
1955 547 2109 611 illttd,
2147 567 2165 600 ι
2201 548 2492 615 Converte,
2523 559 2803 613 converte,
2834 568 2852 601 ι
2886 559 2945 603 ιιι
2979 560 3195 619 pastor:
3233 565 3286 607 ut
3316 556 3412 608 via:

1829 639 1961 704 dux,
1993 640 2180 707 eripe;
2216 648 2275 693 ut
2324 652 2540 709 potens,
2582 661 2600 693 ι
2640 640 2860 696 Salvum
2916 656 3002 694 me
3054 639 3141 694 fac
3192 655 3412 713 pr0pter

1828 731 2263 785 misericordiam
2313 740 2483 786 tuam.
2527 752 2546 785 ι
2583 734 2695 787 Non
2753 744 2977 805 propter
3030 748 3193 802 Opera
3250 750 3404 802 mea;

1826 824 2027 892 quippe
2070 827 2207 878 mala
2257 833 2405 878 sunt.
2442 824 2557 879 Non
2606 837 2831 896 propter
2876 841 3027 880 meos
3080 842 3407 882 sermones:

1826 931 1952 969 nam
1984 927 2110 971 sunt
2156 919 2301 972 vani.
2350 917 2465 971 Non
2518 928 2740 987 propter
2793 934 2943 972 meas
2995 919 3408 988 cogitationes:

1825 1008 2096 1079 siquidem
2147 1022 2270 1065 sunt
2325 1012 2658 1065 immunda):
2699 1013 2814 1075 sed,
2853 1031 2870 1062 ι
2920 1011 3145 1065 Salvum
3191 1027 3277 1064 me
3325 1011 3410 1067 fac

1823 1116 2049 1173 propter
2096 1104 2532 1158 misericordiam
2568 1114 2734 1157 tuam.
2787 1122 2803 1154 ι
2840 1102 2994 1168 Quod
3024 1105 3069 1157 si
3102 1104 3238 1159 velis
3274 1104 3407 1158 mibi

1823 1196 1970 1250 litem
2007 1199 2301 1263 intentare,
2351 1209 2499 1251 tttttm
2546 1213 2644 1267 ego
2675 1196 2936 1263 judicium
2974 1212 3201 1264 occupo,
3246 1198 3408 1266 inque

1821 1291 2089 1359 mcipsum
2138 1291 2468 1360 pronuntio,
2506 1306 2568 1345 ac
2602 1308 2687 1344 me
2716 1304 2868 1343 reum
2902 1289 3093 1343 mortis
3144 1290 3407 1343 conﬁteor

1820 1398 1883 1437 ac
1936 1398 2192 1452 agnosco.
2248 1384 2541 1447 Caeterum,
2578 1400 2596 1432 ι
2634 1382 2856 1436 Salvum
2909 1398 2994 1437 me
3048 1379 3135 1436 fac
3184 1390 3407 1451 propter

1820 1476 2251 1531 misericordiam
2307 1487 2474 1530 tuam.
2517 1494 2535 1527 ι
2570 1476 2651 1529 Ad
2688 1486 2835 1530 tuam
2882 1475 3143 1543 confugio
3190 1475 3406 1529 miseri-

1816 1569 2082 1631 cordiam,
2118 1583 2241 1623 cum
2279 1568 2411 1622 milii
2446 1566 2587 1620 desit
2629 1567 2759 1635 quid
2802 1566 3052 1621 olTeram.
3085 1565 3195 1619 Abs
3230 1575 3281 1619 te
3308 1566 3403 1619 mi-

1815 1661 2170 1715 sericordiam
2198 1662 2381 1727 llagito
2413 1678 2425 1713 :
2457 1668 2513 1713 tu
2550 1674 2620 1713 ne
2647 1658 2768 1728 rjus
2816 1659 3051 1728 pretium
3085 1672 3113 1710 a
3148 1672 3235 1710 me
3257 1671 3401 1725 qua:-

1817 1765 1928 1804 ras.
1962 1749 2132 1802 Nemo
2175 1750 2373 1817 quippe
2420 1747 2853 1801 misericordiam
2901 1746 3110 1809 vendit,
3158 1747 3251 1799 sed
3279 1760 3400 1799 eam

1816 1842 1989 1911 gratis
2037 1841 2246 1894 tribuit.
2304 1839 2531 1904 Idcirco,
2572 1857 2589 1889 ι
2639 1838 2861 1892 Salvum
2908 1852 2994 1891 me
3044 1838 3129 1892 fac
3179 1847 3401 1907 propter

1816 1931 2245 1986 misericordiam
2279 1940 2445 1983 tuatn.
2481 1948 2500 1981 ι
2530 1929 2800 1982 Memento
2835 1929 3127 1981 verborum
3153 1938 3393 1991 tuorum,

1813 2040 1934 2094 qua:
1968 2024 2023 2078 in
2047 2024 2221 2079 sacris
2250 2022 2476 2077 Litteris
2502 2021 2820 2090 prolocutus
2842 2034 2923 2075 es.
2943 2019 3263 2083 Nimirtnn,t
3299 2018 3399 2073 h0-

1812 2118 1975 2171 minis
2020 2127 2253 2171 mentem
2307 2115 2594 2183 diligenter
2640 2114 2693 2165 in
2736 2111 2878 2165 mala
2921 2112 3183 2166 intentam
3226 2128 3255 2165 a
3297 2126 3396 2166 sua

1806 2210 2091 2279 juventute
2116 2211 2184 2261 ”.
2222 2226 2241 2260 ι
2278 2207 2549 2260 Memento
2589 2205 2865 2259 hominem
2903 2205 3125 2257 vanitati
3174 2204 3397 2259 assimi-

1812 2302 1978 2355 latum
2009 2317 2149 2366 esse,
2178 2316 2242 2354 ac
2274 2299 2389 2353 fore
2420 2308 2476 2351 ut
2510 2311 2613 2351 noo
2643 2294 2975 2363 justilieetur
3000 2296 3180 2350 omnis
3207 2294 3394 2350 vivens

1809 2410 1990 2448 coram
2046 2403 2099 2449 te
2141 2394 2209 2446 ".
2250 2410 2268 2442 ι
2316 2391 2372 2444 Si
2427 2389 2749 2458 iniquitates
2820 2388 3220 2452 observaveris,
3269 2388 3390 2457 quis

1808 2484 2103 2541 sustinebit
2127 2482 2199 2536 “?
2233 2501 2252 2534 ι
2289 2481 2560 2535 Memento
2587 2478 2858 2533 neminem
2888 2494 2916 2532 a
2949 2480 3108 2533 sorde
3132 2482 3391 2534 mundum

1807 2592 1948 2641 eSSe,
1976 2592 2044 2631 ne
2069 2577 2113 2631 si
2142 2592 2245 2630 ttna
2278 2576 2392 2630 dies
2422 2575 2496 2629 sit
2523 2576 2631 2628 vita
2661 2574 2776 2644 ejus
2812 2590 2827 2627 :
2859 2582 3025 2641 utque
3056 2590 3074 2622 ι
3110 2572 3161 2627 in
3194 2574 3393 2642 iniqui-

1810 2668 2010 2721 tatibus
2042 2673 2339 2733 conceptus
2370 2665 2495 2728 sim,
2521 2675 2572 2717 et
2601 2665 2654 2717 in
2690 2663 2932 2733 peccatis
2961 2664 3272 2731 conceperit
3307 2680 3392 2717 mc

1807 2769 1981 2813 mater
2008 2773 2127 2812 mea
2162 2757 2231 2810 ".
2278 2774 2297 2808 ι
2333 2755 2605 2810 Memento
2640 2770 2708 2810 ne
2736 2756 2934 2809 coelum
2982 2757 3156 2823 ipsum
3198 2770 3384 2808 coram

1809 2860 1860 2905 te
1888 2850 2148 2903 mundum
2184 2862 2306 2903 esse
2333 2848 2405 2911 ",
2439 2862 2617 2916 neque
2648 2848 2871 2917 angelos
2904 2863 3026 2902 esse
3054 2863 3239 2902 coram
3270 2857 3321 2901 te
3353 2862 3384 2901 a

1806 2951 2029 3013 peccato
2066 2943 2335 2996 immunes
2358 2941 2425 3005 ’⁷,
2457 2940 2725 3007 siquidem
2755 2954 2941 2994 eorum
2980 2940 3147 3008 aliqui
3174 2939 3389 2993 cecide-

1806 3044 1935 3089 runt
1962 3051 1993 3089 e
2022 3036 2160 3091 coelo
2209 3042 2431 3104 propter
2484 3030 2813 3099 superbiam.
2854 3049 2872 3082 ι
2922 3031 3143 3085 Salvum
3183 3046 3270 3085 me
3303 3031 3390 3084 fac

124 3123 376 3194 ἐλεήσεις,
404 3127 563 3181 οὐδὲν
599 3129 916 3198 θαυμαστόν
937 3145 952 3160 ο
992 3128 1108 3182 ἀλλ’
1138 3131 1186 3180 εί
1216 3129 1318 3198 ἐμὲ
1339 3128 1431 3181 τὸν
1455 3128 1695 3193 ἀνάξιον,

1809 3137 2028 3195 propter
2076 3122 2510 3180 misericordiam
2553 3132 2752 3176 tuam:
2798 3141 2818 3175 ι
2859 3137 2966 3187 me,
3004 3123 3246 3191 inquam,
3296 3122 3389 3191 qui

126 3216 208 3268 τοῦ
240 3218 423 3282 ἐλέους
452 3238 548 3273 σου
580 3220 857 3285 ἀξιώσεις,
893 3220 1056 3274 τοῦτο
1085 3221 1180 3274 καὶ
1206 3222 1359 3287 ξένον
1379 3236 1392 3249 ·
1420 3219 1582 3273 τοῦτο
1608 3220 1703 3273 καὶ

128 3308 276 3376 μέγα.
312 3312 426 3364 Καὶ
458 3312 568 3382 γὰρ
613 3314 798 3384 [ατρὸς
830 3314 951 3367 τότε
986 3314 1355 3383 θαυμάζεται,
1390 3314 1479 3367 ὅτε
1512 3314 1703 3376 νόσους

127 3401 361 3466 ἀνιάτους
415 3406 601 3459 ἰᾶται·
656 3409 749 3459 καὶ
792 3405 1118 3477 ἀνθρώπους
1168 3406 1420 3475 χαλεπῶς
1450 3405 1695 3477 ἔχοντας,

126 3491 454 3563 ἐπαναγάγει
500 3497 637 3567 πρὸς
689 3498 1055 3570 εὐρῤωστίαν.
1106 3500 1217 3552 Καὶ
1265 3498 1518 3568 βασιλεὺς
1575 3499 1698 3551 τότε

127 3585 438 3653 ἐπαινεῖται,
482 3589 570 3642 ὅτε
620 3591 739 3651 τοῖς
782 3590 1024 3656 ἀναξίοις
1064 3592 1371 3662 χαρίζεται.
1405 3588 1567 3654 Οἶδας
1599 3590 1697 3661 τὴν

127 3676 394 3733 ἀσθένειαν
438 3680 543 3752 τῆς
589 3681 841 3749 φύσεως,
873 3683 950 3745 ώς
982 3685 1078 3737 καὶ
1116 3683 1327 3747 πλάσας
1371 3684 1562 3755 αὐτὴν,
1599 3684 1696 3736 καὶ

131 3769 195 3839 μὴ
222 3770 540 3837 ἀπαξιώσας
576 3774 782 3843 ταύτην
817 3774 1162 3830 ἐνδύσασθαι.

1805 3219 2181 3274 misericordia
2230 3232 2436 3287 egeam.
2488 3218 2769 3284 Siquidem
2813 3217 2959 3271 enim
3007 3231 3133 3271 eum
3175 3216 3386 3270 salvum

1802 3310 1960 3374 facis,
2008 3310 2101 3379 qui
2148 3311 2347 3379 dignus
2394 3318 2480 3363 est
2514 3327 2530 3363 :
2566 3310 2834 3375 siquidem
2894 3308 3173 3362 misereris
3229 3307 3383 3376 justi,

1804 3403 1941 3458 nihil
1974 3418 2060 3457 res
2099 3402 2481 3457 admirationis
2513 3403 2679 3455 liabet
2719 3424 2730 3458 :
2765 3402 2847 3456 sin
2883 3413 3067 3455 autem
3101 3401 3384 3464 indignum

1804 3511 1909 3558 me,
1951 3505 2039 3550 tua
2071 3497 2441 3552 misericordia
2503 3496 2832 3565 impertieris
2864 3512 2876 3547 :
2913 3497 3015 3551 hoc
3071 3496 3255 3562 utique
3285 3508 3385 3547 no-

1802 3604 1965 3653 vum;
2002 3590 2104 3642 hoc
2151 3605 2405 3658 magnum
2448 3592 2561 3645 fiet.
2601 3591 2747 3645 't'une
2776 3590 2976 3658 quippe
3008 3589 3249 3642 medicus
3281 3584 3383 3639 ad-

1802 3682 2076 3735 mirationi
2124 3681 2378 3746 habetur,
2414 3698 2538 3737 eum
2583 3685 2804 3739 morbos
2838 3681 3166 3736 incurabiles
3198 3688 3379 3741 sanat,

1801 3776 2053 3842 maleque
2088 3773 2310 3827 allectos
2340 3774 2584 3838 pristina:
2629 3772 2928 3829 valetudini
2975 3781 3211 3840 reparat.
3265 3770 3381 3824 Rex

129 3877 324 3933 quoque
374 3878 507 3921 tunc
552 3867 864 3921 celebratur
898 3867 1169 3931 laudibus,
1205 3883 1329 3922 cum
1396 3869 1448 3921 in
1487 3868 1791 3923 immeritos
1850 3867 2135 3920 munilicus
2153 3866 2403 3922 est.Scis
2452 3877 2664 3921 naturae
2709 3864 3383 3935 imbecillitatem,quippe

130 3954 206 4022 qui
238 3970 349 4009 eam
385 3954 732 4020 formavet'is,
781 3972 882 4012 nec
929 3957 1101 4026 ipsam
1155 3959 1379 4012 induere
1424 3958 1749 4029 dedignatus
1773 3957 1867 4012 sis.

188 4045 298 4110 Διὸ,
356 4066 374 4097 ι
412 4048 596 4101 Σῶσόν
638 4067 704 4119 με
752 4050 942 4103 ἐνεκεν
987 4050 1080 4104 τοῦ
1134 4050 1320 4114 ἐλέους
1366 4068 1484 4105 σου.
1525 4070 1544 4102 ι
1600 4053 1693 4121 Μὴ

130 4136 311 4210 νικήσῃ
355 4140 388 4208 ἡ
433 4139 545 4211 ἐμὴ
596 4141 844 4211 ῥᾳθυμία
874 4142 974 4211 τὴν
999 4142 1239 4213 ἄμετρόν
1266 4160 1360 4195 σου
1386 4142 1696 4213 φιλανθρω-

132 4225 271 4279 πίαν·
301 4246 318 4278 ι
353 4230 445 4300 Μὴ
476 4233 558 4293 εἰς
587 4232 770 4302 κρίσιν
790 4232 951 4304 ἔλθῃς
979 4233 1120 4302 μετὰ
1146 4234 1253 4285 τῶν
1282 4234 1485 4286 δούλων
1520 4251 1634 4288 σου.
1667 4254 1686 4287 ι

132 4318 186 4370 Εἰ
226 4322 327 4393 γάρ
374 4324 639 4395 κριθῆναι
681 4325 953 4397 βουληθῇς
984 4326 1122 4395 πρὸς
1154 4327 1334 4395 ἡμᾶς,
1382 4328 1490 4379 πᾶν
1520 4328 1696 4398 στόμα

1866 4049 2223 4119 Quapropter,
2263 4068 2280 4101 ι
2318 4049 2540 4104 Salvum
2569 4065 2655 4105 me
2686 4050 2775 4106 fac
2806 4060 3030 4122 propter
3065 4051 3381 4106 misericor-

1793 4144 1938 4198 diam
1978 4152 2146 4195 tuam.
2191 4160 2210 4192 ι
2248 4141 2327 4196 Ne
2358 4146 2563 4207 vincat,
2596 4159 2803 4211 quaeso,
2839 4158 2957 4197 mea
2994 4143 3255 4211 segnities
3280 4142 3381 4195 int-

1794 4250 2037 4290 mensam
2084 4235 2432 4289 clementiam
2479 4251 2543 4291 ac
2587 4237 2977 4304 benignitatem
3012 4246 3199 4288 tuam:
3243 4252 3261 4286 ι
3302 4233 3380 4288 Ne

1794 4326 1963 4380 intres
2012 4326 2065 4379 in
2112 4325 2380 4395 judicium
2428 4340 2551 4380 cum
2592 4327 2768 4381 servis
2817 4327 2927 4380 tuis
2974 4325 3043 4379 ".
3086 4344 3107 4377 ι
3140 4326 3195 4377 Si
3232 4326 3375 4377 enim

132 4415 497 4484 φραγήσεται,
559 4416 726 4487 μηδὲν
776 4418 898 4487 ἕχον
952 4418 1423 4488 ἀπολογήσασθαι.
1455 4418 1521 4469 Τί
1580 4419 1691 4489 γὰρ

1809 4417 2029 4472 volucris
2063 4416 2272 4485 judicio
2321 4418 2605 4472 nobiscmn
2661 4420 3018 4481 contendere,
3059 4418 3377 4471 obstruatur

131 4501 373 4575 ἐρούμενς
428 4509 524 4577 Μὴ
573 4507 735 4572 ὄντας
786 4511 937 4580 ἡμᾶς
978 4511 1268 4581 ἐποίησας,
1315 4510 1690 4581 πλανηθέντας

131 4594 486 4667 ἐπέστρεψας,
540 4599 892 4663 ἀπολωλότας
933 4600 1245 4672 ἐζήτησας,
1292 4602 1461 4673 τιμίῳ
1494 4602 1689 4670 ἐξηγόο

1794 4519 2006 4578 oportet
2035 4524 2197 4563 omne
2223 4524 2303 4571 os,
2332 4510 2478 4563 omni
2512 4511 2836 4564 destitutum
2868 4510 3203 4565 defensioue.
3236 4509 3375 4575 Quid

1789 4602 1936 4655 enim
1975 4601 2175 4655 dicturi
2229 4601 2459 4655 sumus?
2490 4601 2625 4654 Cum
2679 4617 2783 4656 non
2828 4616 3096 4665 essemus,
3133 4601 3373 4665 creasti;

133 4704 282 4755 ρασας
327 4693 547 4763 αἵματι,
598 4693 748 4756 υίοῦς
790 4694 939 4763 ἡμᾶς
993 4691 1129 4745 Θεοῦ
1178 4693 1273 4745 καὶ
1316 4692 1692 4765 κληρονόμους

1809 4707 1980 4748 :rrore
2043 4692 2263 4763 lapsos,
2333 4694 2679 4759 convertisti;
2742 4694 2987 4762 perditos
3040 4693 3371 4762 quzeeivisti;

132 4781 465 4854 κατέστησας.
488 4785 603 4848 Διὸ,
628 4804 644 4835 ι
677 4785 768 4856 Μὴ
792 4784 1038 4855 μνησθῇς
1066 4784 1174 4836 τῶν
1196 4784 1437 4853 ἀνομιῶν
1461 4784 1639 4854 ἡμῶν·
1667 4804 1685 4838 t

136 4871 251 4939 μηδὲ
268 4875 523 4927 ἀντισταο
533 4875 698 4946 μίσῃς
724 4878 845 4937 ταῖς
868 4874 1163 4947 ἁμαρτίαις
1186 4875 1284 4944 τὴν
1304 4874 1402 4945 σὴν
1432 4875 1690 4947 ἀπειλήν*

134 4955 252 5013 ἀλλά
276 4963 360 5015 τὸν
402 4965 613 5018 δίκαιόν
664 4984 754 5019 σου
792 4963 976 5033 ζυγδν,
1015 4984 1033 5016 t
1070 4965 1253 5017 κλῖνον
1286 4967 1351 5017 ἐκ
1394 4965 1584 5020 τούτου
1609 4970 1688 5032 είς

134 5050 302 5104 τοῦτο’
346 5076 364 5106 ι
407 5058 473 5111 ἐκ
527 5057 621 5110 τοῦ
669 5058 943 5128 ἡμετέρου
999 5055 1247 5126 φορτίου,
1306 5060 1387 5121 εἰς
1440 5058 1499 5111 τὸ
1548 5059 1693 5129 μέγα

137 5142 265 5209 ἔλεός
303 5164 415 5203 σου.
471 5149 658 5202 Σῶσόν
703 5167 771 5220 με
800 5149 993 5202 ἕνεκεν
1030 5148 1129 5215 τῆς
1162 5150 1530 5220 χρηστότητος
1566 5169 1690 5213 σου.

135 5233 191 5287 δι’
223 5232 283 5308 ἧς
316 5240 518 5313 κόσμον
549 5241 924 5311 ἀπολλύμενον
963 5239 1208 5302 ἔσωσας·
1248 5242 1342 5294 καὶ
1388 5242 1587 5307 πάντες
1640 5245 1693 5296 οἱ

139 5326 218 5381 ἀπ’
260 5332 445 5394 αίῶνος
478 5334 898 5397 δικαιωθέντες,
928 5335 1018 5389 διά
1060 5336 1266 5405 ταύτης
1297 5336 1405 5389 τῶν
1430 5337 1488 5388 ἐν
1519 5338 1691 5406 ἐπαγ-

140 5418 322 5487 γελίαις
365 5425 685 5498 ἠξιώθησαν
733 5426 975 5495 ἀγαθῶν.
1023 5428 1144 5481 Κᾶν
1199 5431 1307 5497 γὰρ
1358 5430 1561 5483 Μωσέα
1608 5447 1692 5494 τις

143 5510 280 5583 εἴπῃ,
321 5518 415 5571 κᾶν
487 5518 719 5590 Ἀαρὼν,
769 5522 873 5575 κᾶν
925 5522 1119 5587 Δαϐὶδ,
1177 5523 1282 5577 κᾶν
1337 5523 1543 5594 Πέτρον
1594 5524 1685 5578 τὸν

201 5666 392 5739 "fieri.
428 5689 545 5739 \‘lll,
573 5673 664 5729 2i.

154 5744 209 5798 Νι
234 5736 311 5795 18.
382 5744 424 5775 ’⁸
458 5736 602 5801 l’sal.
636 5761 805 5813 cun,
837 5747 891 5801 2.
969 5748 1013 5780 ⁹⁹
1041 5736 1183 5803 Paul.
1227 5736 1418 5817 Livnt,
1464 5736 1517 5806 8.

743 5673 950 5730 "Psal.
986 5692 1175 5739 CXLIII,
1213 5679 1276 5742 4;
1318 5693 1487 5739 exui,
1510 5679 1565 5735 2.
1642 5682 1689 5712 "
1722 5680 1865 5735 Psal.
1891 5697 2077 5745 enix,
2108 5684 2161 5739 3.

745 5762 805 5806 tt,
837 5747 891 5801 2.
969 5748 1183 5803 "Ps-al.
1227 5763 1418 5806 vant.
1464 5750 1517 5806 8.
1599 5752 1614 5783 ¹
1660 5748 1802 5806 Psal.
1852 5768 2038 5806 ant'.
2076 5758 2123 5806 υ.

1705 5758 1802 5808 sul.
1852 5768 2038 5820 ιδεμ,
2076 5758 2123 5808 υ.

1792 4788 2034 4858 pretioso
2066 4786 2346 4841 redemisti
2382 4787 2686 4855 sanguine;
2728 4787 2817 4840 Dei
2842 4802 2941 4841 nos
2966 4787 3107 4841 lilios
3124 4802 3187 4841 ac
3212 4793 3372 4841 haere-

1793 4882 1887 4934 des
1917 4880 2269 4934 constituisti.
2324 4880 2683 4948 Quapropter,
2722 4898 2740 4930 ι
2784 4878 2863 4934 Ne
2900 4879 3211 4933 memineris
3266 4879 3370 4933 ini-

1795 4971 2062 5052 quitatum
2112 4983 2422 5026 nostrarum
2458 4972 2505 5003 ’⁸
2541 4988 2558 5028 :
2600 4990 2619 5023 ι
2662 4986 2836 5041 neque
2880 4974 3117 5041 peccatis
3166 4974 3371 5026 nostris

1793 5074 1939 5119 tuam
1966 5078 2033 5118 ex
2070 5064 2302 5119 adverso
2328 5064 2805 5118 comminationem
2837 5065 3163 5134 appendcris
3199 5064 3368 5133 :quin

1793 5156 1992 5225 potius,
2022 5157 2227 5226 justam
2265 5156 2410 5209 illam
2449 5165 2596 5209 tuam
2643 5156 2835 5210 libram
2880 5173 2899 5206 ι
2939 5156 3138 5210 inclina
3167 5164 3234 5208 ex
3262 5156 3367 5210 ltoc

1794 5251 1844 5304 in
1872 5251 1974 5305 ltoc
2010 5251 2062 5316 ¹;
2102 5269 2120 5301 ι
2155 5266 2220 5303 ex
2261 5258 2447 5303 nostro
2485 5264 2651 5304 onere
2683 5250 2736 5302 in
2764 5264 3013 5315 magnam
3047 5250 3190 5303 illam
3220 5257 3365 5302 tuam

1792 5341 2250 5395 misericordiam.
2307 5338 2528 5396 Salvum
2564 5357 2647 5397 me
2680 5344 2766 5399 fac
2797 5355 3018 5412 propter
3067 5342 3363 5397 bonitatem

1794 5440 1957 5498 tuam,
1991 5448 2089 5502 per
2117 5448 2278 5502 quam
2305 5434 2565 5487 tnundum
2595 5436 2867 5503 perditum
2899 5435 3109 5489 salvum
3145 5433 3361 5489 fecisti:

1792 5540 2089 5595 omnesque
2123 5544 2152 5581 a
2187 5526 2388 5583 saeculo
2420 5527 2547 5597 justi
2583 5542 2678 5598 per
2715 5544 2834 5582 eam
2868 5529 3009 5583 bona
3036 5526 3362 5597 repromissa

2237 5686 2283 5716 ”
2308 5684 2451 5743 l’sal.
2482 5702 2532 5749 ι.,
2562 5686 2613 5740 7.
2692 5687 2736 5717 ”
2760 5683 2858 5741 Job
2893 5700 2978 5751 sv,
3023 5683 3107 5739 15.
3187 5684 3232 5719 ⁹¹
3263 5681 3364 5742 Job
